3896 6452
405 154 409 161 ’
471 202 576 269 7t3

1388 190 1964 254 THEOPHYLACTI
2010 186 2425 249 BULGARM‘Z
2449 189 2808 251 ARCHIEP.

3601 188 3685 252 ’144

537 313 702 368 Vens.
730 307 919 365 25-28.
950 324 968 359 ι
1001 304 1065 360 Ει
1093 305 1204 374 ipse
1233 303 1390 358 Iesus
1418 302 1709 372 incipiebat
1740 316 1859 355 esse
1884 298 2053 352 ferme

2235 318 2251 350 ι
2283 300 2391 353 Καὶ
2421 298 2581 364 αὐτὸς
2601 294 2669 370 ἦν
2698 300 2726 351 6
2763 294 2967 368 Ἰησοῦς
2993 296 3125 349 ὡσεὶ
3149 292 3293 348 ἐτῶν
3320 295 3593 363 τριάκοντα
3610 303 3691 370 ἀρ.

465 416 734 457 annorum
793 398 1036 469 triginta,
1078 405 1137 449 ut
1165 395 1480 463 putabatur,
1530 393 1671 446 illius
1700 390 1921 460 Ioseph,
1958 388 2051 458 (με

467 494 569 549 fuit
600 492 743 548 illius
766 489 907 555 Heli,
928 490 1017 559 qui
1039 487 1137 541 fuit
1161 485 1387 550 Mathat,
1415 487 1506 555 qui
1538 483 1804 547 fuit'Levi,
1828 483 1921 551 qui
1954 481 2054 535 fuit

477 585 690 646 Melchi,
717 581 809 652 qui
832 581 933 636 fuit
955 579 1153 642 Ianne,
1174 577 1266 647 qui
1295 577 1395 632 fuit
1422 575 1759 645 Ioseph,qui
1790 574 1891 630 fuit
1922 573 2056 627 Mat-

468 678 675 737 tathize,
703 675 794 745 qui
830 674 930 728 fuit
958 678 1146 735 Amos,
1175 670 1269 740 qui
1299 669 1395 723 fuit
1415 666 1608 732 Naum,
1642 666 1734 737 qui
1764 663 2054 732 fuitHesli,

470 772 562 841 qui
593 770 695 824 fuit
724 767 942 837 Naggw,
982 765 1071 834 qui
1106 763 1208 818 fuit
1246 761 1450 826 Maath,
1477 759 1567 831 qui
1608 759 1709 814 fuit
1735 756 2052 819 Mattathite.

473 866 565 935 qui
634 863 734 916 fuit
798 860 1001 925 Semei,
1064 858 1156 927 qui
1217 855 1317 910 fuit
1351 852 1570 918 Iosech,
1607 851 1701 922 qui
1743 850 1845 906 fuit
1896 849 2055 914 Iuda,

476 959 567 1028 qui
591 956 692 1011 fuit
715 953 950 1019 Ioauna,
972 940 1076 1020 qui
1110 949 1209 1003 luit
1237 947 1440 1011 Bhesa,
1480 946 1571 1016 qui
1604 942 1706 999 fuit
1734 941 2056 1009 Zorobabel,

442 1035 568 1118 'qui
616 1046 718 1102 fuit
769 1042 1053 1107 Salathiel,
1130 1042 1221 1110 qui
1260 1040 1361 1093 fuit
1392 1038 1542 1101 Neri,
1573 1029 1662 1106 qui
1712 1035 1815 1090 fuit
1840 1033 2055 1100 Melchi,

477 1137 568 1207 qui
602 1134 700 1190 fuit
738 1132 899 1198 Addi,
933 1132 1025 1202 qui
1055 1131 1157 1184 fuit
1205 1129 1422 1192 Cosam,
1452 1127 1543 1198 qui
1573 1125 1675 1181 fuit
1716 1125 2053 1191 llelmadam,

476 1228 572 1298 qui
613 1225 711 1280 fuit
761 1225 889 1288 Her,
932 1223 1026 1294 qui
1067 1223 1167 1276 fuit
1208 1220 1359 1286 Icso,
1412 1220 1502 1289 qui
1554 1219 1649 1274 fuit
1700 1218 1934 1285 Eliezer,
1970 1218 2061 1290 qui

480 1317 582 1371 fuit
643 1314 849 1379 Iorem,
891 1313 983 1383 qui
1040 1311 1142 1366 fuit
1192 1310 1421 1375 Mattba,
1458 1309 1561 1379 qui
1621 1308 1721 1363 fuit
1767 1307 1920 1375 Levi,
1971 1308 2063 1378 qui

488 1408 591 1462 fuit
642 1407 888 1471 Simeon,
937 1405 1030 1475 qui
1066 1402 1166 1458 fuit
1214 1401 1375 1467 Iuda,
1424 1401 1516 1472 qui
1554 1401 1654 1455 fuit
1706 1401 1925 1470 Ioseph,
1971 1400 2064 1470 qui

462 1497 584 1563 ,fuit
633 1497 847 1561 Ionam,
873 1495 970 1565 qui
1021 1493 1124 1548 fuit
1170 1491 1493 1559 Heliachim,
1540 1492 1630 1563 qui
1686 1490 1788 1544 fuit
1832 1491 2062 1556 Meleab,

485 1592 581 1662 qui
608 1591 707 1645 fuit
735 1589 947 1652 Menna,
981 1589 1071 1659 qui
1092 1587 1191 1641 fuit
1212 1585 1535 1650 Matthalha,
1569 1585 1659 1655 qui
1687 1584 1789 1639 fuit
1822 1582 2063 1649 Nathan,

2153 391 2387 462 χὸμενος
2441 389 2540 455 ὢν,
2589 390 2667 454 ὼς
2706 389 3008 459 ἐνομίζετο,
3039 387 3155 451 υἱὸς
3192 385 3421 458 Ἰωσὴφ,
3446 387 3532 440 τοῦ
3583 389 3693 457 Ἠλὶ,

2154 483 2247 537 τοῦ
2289 484 2508 552 Μαθᾶτ,
2563 483 2658 536 τοῦ
2695 481 2848 547 Λευῒ,
2883 481 2978 535 τοῦ
3021 479 3225 551 Μελχῖ,
3266 479 3363 532 τοῦ
3404 480 3582 547 Ίαννὶι,
3618 486 3691 537 τοῦ

2167 576 2385 646 Ἰωσὴφ,
2409 575 2503 629 τοῦ
2529 574 2868 640 Ματταθίου,
2904 573 2995 626 τοῦ
3036 570 3249 644 ’Δμὼς,
3275 570 3369 623 τοῦ
3395 571 3591 644 Ναοῦμ,
3618 577 3691 631 τοῦ

2169 666 2335 728 Ἑσλὶ,
2374 666 2468 721 τοῦ
2499 666 2743 735 Ναγγαὶ,
2772 665 2865 718 τοῦ
2904 663 3094 730 Maio,
3124 662 3223 716 τοῦ
3277 664 3596 730 Ματταθίου,
3621 670 3695 723 τοῦ

2156 757 2354 829 Σεμεῒ,
2408 759 2503 813 τοῦ
2544 759 2759 829 Ἰωσὴχ,
2820 756 2912 811 τοῦ
2957 756 3163 818 Ἰούδα,
3216 755 3313 808 τοῦ
3359 755 3589 821 ἰωανιᾶ,
3625 761 3696 814 τοῦ

2172 850 2360 921 Ῥησᾶ,
2392 848 2486 903 τοῦ
2521 849 2845 920 Ζοροϐάϐελ,
2872 847 2967 901 τοῦ
3000 846 3300 917 Elatiam-hi,
3323 846 3417 899 τοῦ
3452 848 3602 919 Νηρὶ,
3625 853 3698 905 τοῦ

2159 941 2383 1012 Μελχεὶ,
2411 940 2505 994 τοῦ
2545 941 2738 1005 ’Λδδεὶ,
2760 941 2857 994 τοῦ
2909 941 3144 1009 Κωσᾶμ,
3176 937 3277 991 τοῦ
3314 937 3603 1010 Ἐλμαδᾶμ,
3630 947 3702 996 τοῦ

2164 1037 2292 1108 Ἲῐρ,
2310 1038 2405 1091 τοῦ
2450 1036 2629 1109 Ίησὼ,
2656 1037 2750 1091 τοῦ
2791 1036 3063 1107 Ἐλιέζερ,
3088 1034 3186 1088 τοῦ
3225 1033 3447 1105 Ἰωρὴμ,
3478 1035 3703 1091 106M11-

2162 1130 2286 1196 θάτ,
2321 1129 2415 1184 τοῦ
2443 1130 2629 1194 Λευεὶ,
2665 1129 2759 1183 τοῦ
2807 1129 3057 1200 Συμεὼν,
3108 1127 3206 1182 τοῦ
3252 1126 3450 1194 Ἰούδα,
3506 1128 3590 1181 τοῦ
3620 1131 3709 1185 Ἰω⁸

2166 1223 2297 1293 σὴφ,
2326 1220 2420 1275 τοῦ
2460 1222 2685 1292 Ίωνὰμ,
2736 1219 2831 1273 τοῦ
2891 1220 3200 1290 Ἐλιακεὶμ,
3252 1220 3350 1273 τοῦ
3403 1221 3592 1286 Μελεᾶ,
3636 1224 3707 1278 τοῦ

2163 1314 2400 1381 Μαινὰν,
2458 1313 2553 1368 τοῦ
2584 1314 2871 1379 Ματταθᾶ,
2911 1313 3006 1366 τοῦ
3065 1312 3284 1375 Ναϐὰν,
3318 1312 3410 1364 τοῦ
3444 1312 3613 1377 muta,
3638 1314 3708 1367 τοῦ

2179 1403 2396 1470 Ἰεσσαὶ,
2426 1402 2518 1456 τοῦ
2542 1402 2727 1473 Ὧϐὴδ,
2752 1403 2847 1455 τοῦ
2877 1401 3033 1467 Βοὺζ,
3052 1402 3147 1455 τοῦ
3173 1400 3436 1471 Σαλμὼν,
3450 1402 3535 1455 τοῦ
3560 1403 3707 1457 Naus-

2170 1494 2303 1559 σὼν,
2338 1494 2432 1549 τοῦ
2482 1493 2806 1565 Ἀμιναδᾲϐ,
2831 1493 2926 1547 τοῦ
2971 1493 3173 1564 Ἀρὰμ,
3222 1492 3324 1546 τοῦ
3369 1492 3597 1563 Ἐσρὼμ,
3639 1495 3710 1548 τοῦ

2167 1588 2363 1654 Φαρὲς,
2420 1586 2515 1641 τοῦ
2561 1585 2755 1650 Ἰούδα,
2800 1585 2895 1639 τοῦ
2960 1585 3183 1649 Ἰακὼϐ,
3247 1584 3347 1639 τοῦ
3412 1585 3601 1653 Ἰσαὰκ,
3639 1588 3708 1641 τοῦ

482 1648 573 1755 qui
628 1683 729 1739 run
767 1648 956 1748 David,
1000 1648 1103 1750 'qui
1130 1679 1229 1734 fuit
1262 1677 1437 1743 Iesse,
1467 1648 1559 1748 qui
1586 1648 1725 1732 ἰυῑι
1766 1675 1938 1740 Obed,
1973 1676 2067 1745 qui

2185 1648 2456 1748 Ἀϐραὰμ,
2517 1676 2611 1730 τοῦ
2641 1648 2818 1747 Θάρα,
2854 1678 2946 1730 τοῦ
2994 1675 3223 1748 Ναχὼρ,
3254 1678 3350 1729 τοῦ
3386 1648 3600 1746 Σαροὺχ,
3642 1679 3710 1731 τοῦ

481 1776 585 1831 fuit
609 1775 776 1841 Booz,
805 1773 896 1844 qui
926 1772 1024 1826 fuit
1052 1771 1259 1831 Salmo,
1302 1770 1392 1839 qui
1426 1768 1527 1824 fuit
1567 1767 1808 1833 Naason,
1840 1770 1931 1839 qui
1968 1769 2074 1822 fuit

481 1867 803 1930 Aminadab,
841 1866 929 1935 qui
964 1865 1063 1918 fuit
1113 1864 1303 1926 Aram,
1346 1862 1435 1931 qui
1469 1861 1571 1915 fuit
1607 1863 1821 1925 lisrom,
1851 1862 1939 1931 qui
1972 1860 2073 1915 fuit

484 1959 716 2025 Phares,
745 1959 835 2028 qui
870 1957 969 2012 fuit
990 1956 1165 2020 Iudre,
1193 1956 1281 2025 qui
1309 1952 1409 2009 fuit
1431 1954 1619 2021 Iacob,
1648 1954 1739 2024 qui
1771 1952 1873 2010 fuit
1894 1952 2071 2018 Isaac,

485 2052 578 2122 qui
608 2051 709 2105 fuit
735 2049 988 2113 Abralne,
1021 2047 1113 2117 qui
1157 2046 1257 2100 fuit
1285 2043 1533 2107 Tharrae,
1565 2043 1655 2114 qui
1700 2043 1805 2099 fuit
1838 2042 2072 2110 Nachor,

488 2142 579 2212 qui
619 2141 723 2195 fuit
772 2140 1007 2205 Saruch,
1053 2141 1145 2208 qui
1187 2137 1286 2192 fuit
1323 2137 1534 2208 Ragm,
1566 2136 1656 2204 qui
1702 2135 1804 2190 fuit
1850 2136 2070 2200 Phalec,

488 2232 581 2305 qui
613 2231 714 2285 fuit
745 2229 943 2293 Heber,
986 2229 1077 2301 qui
1132 2228 1232 2283 fuit
1265 2228 1406 2296 Sale,
1457 2228 1548 2298 qui
1576 2227 1679 2282 fuit
1725 2227 1953 2292 Caiuan,
1985 2228 2074 2297 qui

489 2325 595 2383 fuit
625 2323 935 2395 Arphaxad,
969 2323 1060 2392 qui
1094 2320 1195 2377 fuit
1226 2321 1374 2387 Sem,
1409 2321 1500 2391 qui
1535 2320 1636 2375 fuit
1666 2319 1798 2386 Noe,
1836 2319 1926 2389 qui
1975 2317 2078 2375 fuit

492 2416 752 2482 Lamech,
785 2417 875 2486 qui
904 2413 1348 2480 fuitMathusale,
1375 2415 1463 2484 qui
1497 2413 1597 2468 fuit
1623 2411 1829 2478 Enoch,
1863 2415 1952 2483 qui
1981 2412 2080 2467 fuit

490 2505 678 2573 Iared,
707 2509 797 2577 qui
838 2507 935 2561 fuit
966 2505 1269 2571 Malaleliel,
1303 2506 1393 2576 qui
1425 2505 1526 2560 fuit
1567 2504 1796 2571 Cainan,
1834 2507 1922 2575 qui
1979 2505 2080 2558 fuit

495 2599 663 2663 Enos,
702 2600 796 2669 qui
836 2597 936 2653 fuit
967 2597 1122 2663 Seth,
1153 2597 1245 2667 qui
1277 2596 1378 2651 fuit
1407 2596 1604 2663 Adam,
1646 2597 1735 2668 qui
1766 2595 1865 2651 fuit
1903 2596 2014 2651 Dei.
2055 2616 2073 2648 ι

494 2692 629 2746 Cum
649 2691 866 2765 triginta
890 2704 1153 2744 annorum
1178 2698 1322 2743 esset
1349 2687 1630 2753 Dominus,
1649 2689 1952 2758 baptizatus
1974 2698 2079 2754 est,

495 2797 563 2836 eo
596 2781 739 2851 quod
789 2791 919 2836 :ctas
973 2779 1057 2834 illa
1102 2780 1496 2851 perfectissima
1548 2788 1652 2844 est,
1687 2789 1740 2833 et
1779 2780 1865 2834 illa
1923 2781 2083 2836 homo

498 2873 586 2929 vel
621 2873 822 2941 probus
868 2871 954 2927 vel
988 2872 1264 2942 improbus
1289 2871 1655 2943 cognoscitur.
1690 2871 1863 2941 ipsius
1899 2884 2080 2928 autem

498 2965 869 3037 genealogiam
928 2975 1174 3019 recenset
1227 2964 1401 3020 Lucas
1446 2965 1764 3036 retrogrado
1813 2966 2004 3021 ordine
2052 2982 2081 3021 a
2111 2998 2154 3058 ο

505 3058 785 3125 Matthwo,
818 3068 874 3112 nt
896 3059 1149 3112 ostendat
1174 3057 1318 3128 quod
1345 3058 1391 3112 is
1422 3056 1513 3128 qui
1554 3072 1699 3133 nunc
1733 3066 1892 3114 natus
1916 3068 1999 3114 est
2030 3058 2083 3113 in

499 3164 686 3213 carne,
726 3165 754 3203 a
809 3148 920 3203 Deo
949 3150 1041 3203 sit.
1077 3147 1212 3204 Vide
1255 3148 1398 3204 enim
1450 3149 1720 3216 quomodo
1756 3149 2089 3206 recensendo

500 3242 825 3312 catalogum,
876 3252 1126 3297 recurrat
1172 3242 1226 3297 in
1276 3241 1466 3308 Deum,
1526 3252 1585 3297 ut
1642 3243 1915 3299 discamus
1944 3243 2089 3313 quod

501 3347 685 3405 patres
723 3348 914 3390 omnes
942 3335 1291 3389 iutermedios
1319 3334 1369 3386 in
1398 3335 1566 3387 Deum
1599 3335 1843 3397 reducat,
1877 3344 1931 3388 et
1952 3333 2090 3389 ﬁlios

502 3425 688 3487 faciat,
744 3425 865 3480 ideo
936 3433 1251 3480 incarnatus
1319 3433 1424 3480 est.
1480 3423 1708 3480 Possum
1783 3434 1965 3479 autem
2036 3435 2092 3479 et

503 3518 664 3574 aliter
731 3519 977 3574 dicere:
1060 3516 1298 3572 Dillicilis
1363 3518 1569 3573 creditu
1651 3525 1771 3572 erat
1820 3518 2092 3574 ~nativitas

505 3610 707 3664 Christi
737 3609 879 3680 quod
911 3610 1029 3664 sine
1070 3610 1279 3664 semine
1305 3608 1376 3663 sit
1411 3626 1426 3677 ;
1463 3608 1648 3664 volens
1673 3609 1834 3679 igitur
1858 3624 2091 3679 evange-

506 3700 628 3758 lista
655 3702 963 3767 ostendere,
985 3700 1147 3772 297
1167 3703 1308 3771 quod
1332 3710 1386 3756 et
1404 3701 1540 3755 alias
1556 3703 1673 3756 sine
1688 3702 1893 3756 semine
1915 3701 2093 3757 factus

507 3793 579 3849 sit
598 3793 784 3860 homo,
808 3792 873 3848 ab
900 3792 1252 3848 inferioribus
1273 3794 1518 3848 ascendit
1535 3795 1600 3847 ad
1621 3793 1791 3848 Adam
1810 3802 1865 3849 et
1886 3795 2051 3849 Deum
2073 3834 2089 3860 ,

508 3887 664 3956 quasi
721 3885 951 3941 dicens:
985 3884 1043 3939 Si
1075 3900 1183 3940 non
1232 3886 1409 3940 credis
1440 3884 1583 3956 quod
1613 3884 1883 3941 seetmdus
1921 3885 2091 3939 Adam

509 3980 629 4033 sine
650 3977 857 4034 semine
883 3974 1057 4031 factus
1087 3976 1176 4041 sit,
1217 3976 1475 4043 ascende,
1498 3990 1713 4046 precor,
1736 3976 1993 4030 memoria
2026 3978 2093 4033 ad

509 4068 751 4139 priorem
783 4067 981 4134 Adam,
1013 4076 1068 4123 et
1098 4067 1341 4122 invenies
1371 4068 1536 4121 etiam
1570 4067 1719 4120 illum
1747 4064 1867 4122 sine
1888 4066 2095 4122 semine

513 4162 715 4213 factum
752 4174 780 4212 a
814 4159 946 4224 Deo,
972 4167 1026 4212 et
1064 4157 1291 4228 posthac
1321 4172 1392 4213 ne
1440 4158 1516 4212 sis
1568 4158 1899 4214 incredulus.
1937 4157 2095 4225 Qua:-

514 4260 642 4305 runt
681 4259 860 4304 autem
891 4249 1110 4318 quidam
1147 4249 1421 4319 quomodo
1461 4248 1747 4305 Matthmus
1799 4232 2092 4319 Iosephuin

2183 1770 2411 1839 Ῥαγαῦ,
2442 1769 2537 1822 τοῦ
2565 1769 2768 1834 Φαλὲκ,
2789 1769 2913 1840 ξτοῦ
2957 1768 3138 1840 Ἔϐερ,
3175 1769 3275 1822 1:06
3307 1768 3473 1834 Σαλὰ,
3501 1768 3585 1822 τοῦ
3607 1771 3710 1824 Καῖ-

2173 1860 2305 1931 νὰμ,
2333 1860 2426 1914 τοῦ
2468 1859 2767 1931 ’Λρφαξὰδ,
2798 1860 2891 1914 τοῦ
2942 1860 3084 1933 Σὴμ,
3117 1860 3219 1914 τοῦ
3250 1859 3398 1925 Νῶε,
3423 1859 3513 1913 τοῦ
3542 1861 3707 1931 Λάμεχ,

2173 1950 2269 2005 τοῦ
2293 1951 2646 2015 Μαθουσάλα,
2675 1951 2769 2005 τοῦ
2817 1951 3012 2022 Ἑνὼχ,
3061 1953 3157 2005 τοῦ
3200 1951 3401 2021 ἰαρὲδ,
3424 1949 3513 2004 τοῦ
3570 1950 3708 2007 Mal:-

2150 2044 2328 2115 ’λεὴλ,
2365 2043 2461 2097 τοῦ
2496 2045 2727 2109 Καῖνᾶν,
2778 2043 2871 2098 τοῦ
2916 2041 3104 2108 Ἑνὼς,
3140 2042 3240 2097 τοῦ
3275 2042 3409 2113 Σὴθ,
3440 2042 3529 2095 τοῦ
3565 2041 3708 2114 Ἀδὰμ,

2176 2138 2272 2193 τοῦ
2320 2136 2479 2192 Θεοῦ.
2517 2155 2535 2188 ι
2586 2138 2896 2208 Τριάκοντα
2931 2135 3031 2207 μὲν
3067 2135 3145 2190 ὼν
3178 2134 3345 2200 ἐτῶν,
3403 2133 3708 2206 ὲϐαπτίσβηό

2178 2231 2407 2302 Κύριος,
2460 2227 2593 2281 διότι
2624 2226 2763 2298 αὕτη
2813 2229 2848 2299 ἡ
2877 2228 3066 2300 ἡλικία
3112 2228 3235 2284 ἐστὶ
3290 2227 3709 2295 τελειοτάτηοκσὶ

2179 2322 2324 2379 κατᾶ
2374 2320 2580 2387 ταύτην
2632 2320 2661 2371 6
2722 2318 3097 2391 ἄνθρωπος,ἢ
3151 2320 3383 2389 δόκιμος
3424 2317 3703 2388 ῆάδόκιμος.

2182 2411 2500 2478 Γενεαλογεῖ
2519 2408 2575 2462 δὲ
2611 2407 2774 2463 αὐτὸν
2798 2412 2825 2462 6
2847 2410 3082 2474 Λουκᾶς,
3111 2409 3492 2480 ἀντιστρόφως
3512 2407 3578 2476 τῷ
3603 2407 3707 2461 Mat-

2183 2502 2340 2575 θαίῳ,
2384 2504 2471 2557 ἵνα
2522 2503 2670 2576 δεῖξῃ
2702 2503 2785 2557 ὅτι
2825 2503 2853 2555 6
2884 2501 2979 2555 v6v
3010 2501 3301 2572 γεννηθεὶς
3348 2501 3407 2553 ιν
3433 2498 3596 2569 σαρκὶ,
3628 2500 3706 2553 ἀπὸ

2183 2595 2274 2650 τοῦ
2330 2595 2466 2649 Θεοῦ
2512 2599 2678 2648 ἐστιν.
2743 2596 2888 2665 Ὅρα
2932 2594 3038 2666 γὰρ
3089 2594 3190 2664 τὴν
3228 2591 3583 2662 γενεαλογίαν,
3623 2590 3705 2653 πῶς

2185 2690 2425 2760 καταντᾷ
2447 2689 2639 2751 εἰςτδν
2659 2688 2812 2753 Θεὸν,
2845 2687 2942 2741 καὶ
2963 2686 3104 2757 ἅμα,
3140 2686 3233 2740 ἵνα
3263 2685 3537 2757 μάθωμεν,
3560 2684 3625 2736 ὅτι
3646 2683 3705 2736 ἵνα

2186 2784 2394 2845 πάντας
2421 2780 2549 2844 τοὺς
2575 2783 2632 2834 ἐν
2673 2780 2827 2851 μέσῳ
2855 2779 3101 2851 πατέρας
3130 2781 3214 2841 εἰς
3245 2777 3383 2831 Θεὸν
3411 2775 3706 2845 ἀναγάγῃκιιὶ

2187 2874 2335 2934 υἱοὺς
2368 2874 2588 2945 ποιήσῃ,
2615 2872 2805 2926 τούτιυ
2832 2870 3019 2923 ἕνεκεν
3048 2868 3368 2941 ὲσαρκὼθη.
3398 2868 3539 2938 "Exte
3573 2864 3618 2919 δὲ
3642 2866 3706 2918 ul

2188 2965 2391 3034 ἑτέρως
2413 2965 2587 3016 εἰπεῖν
2610 2980 2623 2991 ·
2653 2961 3016 3030 Ἦπιστεῖτοή
3049 2960 3309 3029 γέννησις
3332 2957 3425 3011 τοῦ
3451 2956 3639 3026 Κυρίου,
3655 2954 3708 3015 ὡς

2190 3057 2318 3112 ἄνευ
2352 3057 2560 3127 σπορᾶς
2583 3052 2746 3109 οὖσα·
2775 3054 2946 3109 θέλων
2974 3048 3067 3108 οὖν
3098 3052 3275 3118 δεῖξαι
3305 3054 3333 3104 ὀ
3363 3045 3704 3118 εὖαγτελιπὴς.

2192 3154 2273 3206 ὅτι
2301 3152 2395 3206 καὶ
2420 3152 2611 3206 ἄλλοτε
2639 3152 2769 3206 ἄνευ
2803 3151 3012 3221 σπορᾶς
3056 3149 3282 3218 ἐγένετο
3310 3146 3593 3217 ἄνθρωπος,
3632 3140 3708 3194 ἀπὸ

2170 3246 2301 3307 ,τῶν
2338 3245 2489 3298 κάτω
2521 3244 2813 3315 ἀνέρχεται
2845 3245 2938 3297 ἐπὶ
2978 3242 3070 3296 τὸν
3103 3240 3283 3313 Ἀδὰμ
3340 3240 3434 3295 καὶ
3480 3237 3563 3291 τὸν
3585 3236 3704 3288 θεόν·

2196 3336 2481 3408 μονονουχὶ
2518 3336 2695 3404 λέγων
2726 3337 2857 3407 ἡμῖν
2879 3352 2891 3364 ·
2940 3337 3003 3388 El
3033 3336 3287 3398 ἀπιστεῖς
3323 3331 3437 3394 πῶς
3462 3331 3489 3384 6
3514 3329 3707 3395 δεύτερος

2206 3429 2378 3500 Ἀδὰμ
2406 3428 2624 3498 ἐγένετο
2644 3428 2767 3498 δίχα
2823 3429 3051 3498 σπορᾶς,
3102 3425 3300 3483 ἄνελθέ
3335 3441 3424 3496 μοι
3465 3421 3533 3491 τῷ
3556 3418 3619 3490 νῷ
3640 3416 3706 3469 ἐπὶ

2192 3524 2283 3577 τὶν
2305 3522 2571 3595 πρότερον
2605 3520 2797 3591 ’Λδάμ,
2819 3522 2914 3574 καὶ
2934 3521 3188 3592 εὑρήσεις
3215 3520 3382 3574 αὑτὸν
3409 3517 3525 3572 ἄνευ
3553 3511 3704 3580 σπορᾶς

2193 3616 2490 3686 γενόμενον
2525 3614 2630 3668 ὑπὸ
2683 3612 2777 3668 τοῦ
2822 3611 2983 3676 Θεοῦ,
3035 3613 3132 3667 καὶ
3159 3612 3374 3677 λοιπὸν,
3428 3608 3498 3679 μὴ
3524 3605 3702 3659 ἀπίστει.

2195 3705 2428 3776 Ζητοῦσι
2454 3705 2509 3760 δέ
2530 3722 2699 3770 τινες,
2732 3704 2851 3768 πῶς
2879 3706 2908 3758 6
2950 3704 3053 3775 μὲν
3096 3703 3379 3766 Ματθαίος
3423 3701 3506 3753 τὸν
3559 3692 3703 3762 Ἰωσὴφ

2194 3798 2288 3852 τοῦ
2349 3795 2541 3852 Ἰακὼϐ
2601 3797 2753 3865 λέγει
2810 3791 2951 3851 εἶναι
3012 3795 3214 3852 παῖδιν
3264 3799 3293 3849 6
3329 3793 3384 3847 δὲ
3406 3791 3610 3850 Λουκᾶς,
3640 3782 3704 3837 τοῦ

2206 3890 2359 3943 Ἦλί*
2391 3889 2654 3944 ἀδύνατον
2686 3889 2816 3959 γὰρ,
2848 3889 3004 3959 φασὶ,
3055 3888 3149 3942 τὸν
3178 3887 3344 3941 αὐτὸν
3384 3883 3472 3938 δύο
3512 3877 3703 3941 πατέρων

2163 3978 2337 4037 ἐἶναι
2370 3982 2557 4038 παῖδα.
2626 3982 2893 4051 Λέγουσιν
2928 3980 3022 4035 οὖν
3065 3981 3201 4052 πρὸς
3255 3978 3430 4042 τοῦτο,
3475 3974 3546 4027 ὄτι
3574 3971 3599 4023 6
3636 3967 3706 4020 Ἰα-

2196 4075 2312 4130 κὼϐ
2342 4074 2434 4129 καὶ
2476 4077 2505 4129 6
2548 4073 2691 4140 Ἠλὶ,
2719 4074 3050 4144 ὁμομήτριοι
3095 4072 3342 4143 ἀδελφοὶ,
3389 4062 3600 4124 ἄλλουδὲ
3638 4057 3703 4110 καὶ

2198 4166 2359 4222 ἄλλου
2402 4165 2609 4237 πατρός
2637 4182 2650 4196 °
2685 4165 3051 4228 ἀποθανόντος
3080 4163 3174 4218 οὖν
3224 4161 3322 4217 τοῦ
3360 4159 3472 4214 Ἠλὶ
3514 4149 3703 4210 ἄπαιδος.

2198 4259 2438 4329 ἠγάγετο
2463 4257 2560 4329 τὴν
2585 4259 2824 4325 γυναῖκα
2870 4255 3038 4311 αὑτοῦ
3060 4257 3090 4308 6
3124 4253 3340 4322 Ἰακὼϐ,
3372 4244 3702 4314 παιδοποιήσων

510 4343 657 4397 dicat
685 4341 853 4395 [ilium
918 4339 1108 4406 Iacob,
1148 4340 1325 4397 Lucas
1356 4349 1538 4397 autem
1573 4342 1737 4397 lilium
1798 4340 1914 4396 Heli
1945 4358 1959 4394 :
1990 4341 2078 4395 im-

2199 4351 2256 4416 ὲξ
2273 4351 2470 4421 αὐτῆς
2506 4350 2600 4402 καὶ
2633 4347 2776 4403 οὕτω
2826 4348 3045 4417 λέγεται
3070 4347 3099 4399 6
3141 4346 3364 4418 Ἰωσὴφ,
3413 4335 3580 4395 Ἰακὼϐ
3603 4330 3702 4421 εἶναι

511 4433 770 4503 possibile
801 4443 979 4487 autem
1006 4450 1171 4487 unttm
1215 4434 1468 4489 habuisse
1496 4434 1630 4489 duos
1654 4444 1860 4504 patres.
1897 4432 2093 4488 Dicunt

511 4524 700 4594 itaque
729 4525 795 4578 ad
835 4525 957 4589 hoc,
990 4523 1131 4594 quod
1183 4523 1350 4581 Iacob
1381 4534 1434 4581 et
1474 4523 1592 4581 Heli
1643 4524 1844 4580 uterini
1895 4523 2092 4580 fratres

509 4617 717 4674 fuerint
739 4631 804 4672 ex
826 4617 1056 4672 diversis
1079 4618 1324 4688 patribus
1354 4635 1367 4671 :
1401 4627 1614 4672 mortuo
1636 4626 1815 4672 autem
1840 4615 1954 4671 Heli
1977 4616 2093 4672 sine

507 4709 902 4775 liberis,I.icoh
925 4710 1041 4781 ejus
1068 4726 1288 4766 uxorem
1313 4711 1545 4776 duxerit,
1578 4725 1644 4767 ex
1671 4710 1760 4765 illa
1784 4720 2097 4781 procreatu-

510 4817 606 4857 rus
638 4800 799 4859 ﬁlios.
856 4803 923 4857 Et
958 4801 1037 4857 sic
1092 4803 1291 4858 dicitur
1319 4801 1518 4872 Ioseph
1560 4817 1681 4858 esse
1734 4802 1877 4858 filius
1925 4800 2097 4860 Iacob

507 4902 707 4947 natura
737 4908 752 4946 :
788 4890 933 4947 illius
965 4903 1143 4949 autem
1173 4891 1316 4956 Heli,
1349 4892 1485 4962 lege.
1529 4889 1701 4946 Iacob
1740 4892 1883 4947 enim
1917 4894 2092 4963 ipsum

510 4996 710 5042 natura
757 4986 968 5055 genuit,
1018 4994 1074 5042 et
1104 5001 1248 5050 vere,
1290 4986 1524 5056 denique
1567 4994 1621 5041 et
1658 4985 1923 5041 naturalis
1972 4984 2092 5056 ejus

508 5076 653 5132 ﬁlius
667 5082 774 5141 est,
798 5075 915 5133 lieli
942 5091 1073 5132 vero
1101 5077 1239 5131 [ilius
1269 5076 1560 5146 legitimus.
1591 5073 1701 5130 Lex
1723 5077 1865 5131 enim
1892 5076 2091 5147 jussit,

512 5168 559 5223 si
594 5168 717 5240 quis
768 5170 887 5225 sine
917 5168 1105 5225 liberis
1160 5170 1447 5234 moriatur,
1480 5178 1537 5223 ut
1571 5169 1688 5239 ejus
1750 5184 1886 5224 uxor
1924 5170 2093 5240 ipsius

513 5260 672 5317 fratri
721 5262 1001 5333 copuletur
1022 5263 1094 5329 ",
1124 5265 1339 5334 etquod
1390 5263 1514 5318 inde
1572 5272 1847 5330 nascetur,
1891 5263 2089 5318 mortui

513 5367 632 5409 esse
668 5365 974 5422 censeatur,
1010 5357 1221 5411 tametsi
1265 5366 1456 5411 natura
1493 5356 1566 5412 sit
1601 5355 1852 5411 viventis.
1908 5351 1977 5410 Et
2012 5353 2093 5410 sic

515 5443 655 5502 bene
692 5446 878 5502 dicunt
912 5449 1276 5520 evangelistam,
1313 5467 1487 5522 neque
1531 5461 1658 5508 sunt
1703 5453 1843 5509 inter
1872 5465 1932 5508 se
1962 5464 2093 5508 con-

562 5648 567 5653 ·
606 5626 655 5659 ³³
687 5626 841 5685 Deut.
882 5644 1008 5694 sitv,

2196 4437 2325 4499 παῖς
2361 4420 2426 4507 τῇ
2457 4436 2641 4505 φύσει,
2672 4437 2765 4490 καὶ
2814 4435 2908 4489 τοῦ
2965 4435 3087 4491 Ἠλὶ
3116 4435 3194 4506 τῷ
3243 4436 3426 4506 νόμιμ’
3471 4430 3496 4482 ὁ
3526 4426 3608 4497 μιν
3626 4420 3700 4489 γὰρ

2209 4526 2423 4591 Ἰακὼϐ,
2458 4525 2615 4596 φύσει
2650 4526 2813 4580 αὑτὸν
2844 4526 3104 4598 ἐγέννησε
3133 4525 3228 4581 καὶ
3254 4523 3483 4595 άληθῶς,
3530 4516 3607 4569 καὶ
3631 4528 3701 4579 (ΡΨ

2200 4620 2350 4684 σικὸς
2377 4620 2564 4673 λοιπὸν
2589 4619 2702 4683 υἱός
2736 4622 2884 4674 ἐστιν
2916 4619 3082 4674 αὐτοῦ
3104 4637 3119 4652 ·
3148 4619 3245 4674 τοῦ
3270 4620 3328 4673 δὲ
3360 4615 3485 4680 Ἠλὶ,
3511 4602 3700 4664 κατὰτδν

2198 4712 2364 4784 νόμον
2396 4711 2557 4783 μόνον
2581 4706 2649 4782 ἦν
2679 4713 2806 4775 παῖς
2827 4730 2840 4742 ·
2870 4713 2898 4765 6
2921 4713 3031 4783 γὰρ
3075 4712 3235 4783 νόμος
3268 4710 3520 4767 ἐκέλευεν,
3549 4700 3623 4752 ἐάν
3643 4706 3699 4752 τις

2199 4806 2502 4876 τελευτήσῃ
2523 4805 2715 4869 ἄπαις,
2765 4803 2956 4859 τούτου
2985 4805 3084 4874 τὴν
3116 4807 3351 4873 γυναῖκα
3382 4786 3697 4863 συζεύγνυσθαι

2198 4896 2275 4967 τῷ
2301 4895 2514 4966 ἅδε).φῷ
2550 4894 2738 4959 αὐτοῦ,
2802 4894 2989 4949 καὶτὸ
3028 4896 3094 4949 ἐκ
3121 4894 3312 4949 τούτου
3355 4884 3696 4972 τεχθησόμενον]

2197 4987 2511 5059 νομίζεσθαι
2543 4982 2683 5041 εἶναι
2726 4986 2820 5040 τοῦ
2846 4987 3193 5057 τεθνηκότος,
3245 4987 3295 5040 ei
3338 4984 3425 5039 καὶ
3468 4976 3599 5048 φύσει
3629 4982 3695 5059 riu

2198 5053 2399 5143 ζιῖλντγος
2446 5074 2514 5150 ἧν
2534 5095 2545 5109 ⁸
2583 5077 2723 5132 ὥστε
2774 5077 2953 5141 καλῶς
2997 5053 3250 5146 λέγουσιν
3281 5078 3330 5130 οἱ
3369 5053 3692 5138 εὑαγγελισταὶο

2198 5171 2292 5223 καὶ
2321 5170 2421 5222 οὐκ
2449 5168 2855 5224 ἐναντιοῦνται*
2886 5171 2915 5222 6
2951 5168 3049 5239 μὲν
3083 5170 3193 5237 γὰρ
3222 5164 3500 5223 Ματῡαῖος,
3530 5154 3602 5207 τὸν
3619 5163 3689 5215 SW‘

2196 5264 2349 5317 σικδν
2378 5265 2589 5343 πατέρα
2624 5262 2718 5316 τοῦ
2749 5261 2945 5336 Ἰωσὴφ
2977 5262 3322 5333 ἀνεγράψατο
3341 5278 3354 5294 -
3385 5262 3411 5312 ὸ
3437 5256 3484 5310 δὲ
3510 5242 3684 5306 Aonii:

2193 5356 2285 5409 τδν
2316 5357 2457 5411 κατὰ
2489 5358 2579 5410 τὸν
2603 5357 3005 5429 νόμονπατὲρα
3029 5355 3193 5411 αὑτοῦ
3214 5355 3547 5425 λογιζόμενονο
3571 5349 3685 5431 τθῖτξ

2191 5450 2330 5516 ἐστι,
2389 5450 2482 5505 τὸν
2543 5426 2686 5519 Ἠλὶ,
2746 5451 2832 5505 ἵνα
2881 5426 3127 5517 δείξωσιν
3172 5449 3476 5522 ἀμφότεροι,
3513 5438 3580 5492 ὅτι
3623 5426 3683 5480 διά
