3896 6452
200 433 293 495 749
910 425 1357 489 ENARRATIO
1396 425 1475 485 IN
1519 419 2020 484 EVANGELIUM
2067 419 2280 478 LUCIE
2336 444 2397 451 —
2429 420 2594 478 CAP.
2624 420 2712 477 iV.
3340 417 3446 480 750

198 543 521 612 πνεῦματοςι
562 542 624 592 τὺ
663 541 741 606 δὲ,
793 541 1003 610 ἀπέστη
1037 539 1130 594 ἀπ’
1179 539 1342 594 αὐτοῦ
1377 542 1503 610 ἄχρι
1539 537 1756 608 καιροῦ,

1879 537 2027 590 :essit
2069 549 2195 588 vero
2228 542 2396 602 usque
2439 535 2505 584 ad
2553 543 2788 600 tempus,
2821 530 3000 584 crucis
3035 528 3264 591 scilicet,
3319 539 3443 582 tunc

197 636 422 688 τοῖοὖτον
452 634 561 703 ἔχει
588 631 738 686 νοῦν.
785 632 847 684 '0
876 631 1120 694 διάϐολος
1141 631 1226 684 διὰ
1248 631 1341 684 δύο
1371 631 1562 682 παθῶν
1594 643 1763 699 προσ-

1879 628 2023 680 illnm
2057 643 2150 697 per
2173 626 2398 680 adversa
2434 638 2497 678 ac
2530 624 2660 678 dura
2689 632 3018 676 tentaturus.

199 725 462 796 ϐἀλλειτῷ
489 723 700 793 Κυρίῳ,
731 724 924 794 ἡδονῆς
963 723 1059 776 καὶ
1089 724 1267 792 λύπης
1289 741 1303 755 ·
1354 725 1450 777 καὶ
1477 726 1584 794 γὰρ
1613 722 1919 794 προσέϐαλε
1981 725 2057 793 τῷ
2116 722 2307 794 Κυρίῳ
2341 721 2428 775 διὰ
2487 719 2702 791 ἡδονῆς,
2762 717 2950 789 ὥσπερ
2984 719 3078 776 ἐπὶ
3130 718 3224 774 τοῦ
3264 720 3446 790 ὄρους’

196 821 393 889 ἀπέστη
426 819 470 871 δ’
511 816 604 871 ἀπ’
631 815 819 880 αὑτοῦ,
855 815 984 886 ἄχρι
1025 817 1242 887 καιροῦ,
1300 819 1578 870 τουτέστιν
1632 819 1760 888 ἄχρι
1799 816 1891 868 τοῦ
1925 815 2126 885 καιροῦ
2187 814 2283 868 τοῦ
2343 813 2609 886 σταυροῦ·
2637 812 2759 865 τότε
2789 813 2896 882 γὰρ
2944 813 3269 884 προσϐαλεῖν
3300 816 3447 887 αὐτῷ

196 915 274 967 διὰ
305 913 476 981 λύπης
510 910 700 980 ἔμελλε
710 928 755 965 ν.
1294 985 1296 988 ν

264 1030 281 1061 ι
323 1008 430 1062 Καὶ
470 1003 632 1078 ἦλθεν
663 1009 741 1070 είς
772 1008 874 1077 τὴν
921 1005 1197 1079 Ναζαρὲτ,
1237 1001 1299 1060 οὗ
1329 1003 1398 1078 ἦν
1445 1006 1764 1076 τεθραμμέ-

195 1117 296 1163 νος,
329 1101 422 1153 καὶ
473 1097 694 1168 εἰσῆλθε
741 1099 885 1152 κατὰ
912 1099 974 1151 τὸ
1000 1098 1193 1162 εἰωθὸς
1223 1098 1373 1168 αὐτῷ
1403 1101 1458 1151 ὲν
1489 1102 1554 1169 τῇ
1583 1100 1765 1169 ἡμέρα

195 1193 294 1244 τῶν
339 1189 671 1250 Σαϐϐάτων,
717 1191 798 1253 εἰς
839 1193 939 1260 τὴν
991 1190 1325 1258 Συναγωγὴν
1352 1232 1365 1252 ,
1418 1191 1513 1242 καὶ
1563 1193 1762 1260 ἀνέστη

196 1283 512 1349 ἀναγνῶναι,
560 1280 656 1334 καὶ
705 1281 938 1351 ἐπεδόθη
963 1281 1113 1351 αὐτῷ
1150 1281 1353 1352 βιϐλίον
1419 1282 1637 1334 ’ῐίσαῖου
1670 1281 1764 1334 τοῦ

198 1375 464 1442 προφήτου
488 1389 502 1403 ’
539 1373 633 1426 καὶ
686 1371 999 1439 ἀναπτύξας
1032 1375 1092 1426 τὸ
1127 1372 1355 1443 βιϐλίον,
1394 1368 1522 1441 εῦρε
1551 1374 1642 1426 τὸν
1674 1375 1765 1425 τό·

197 1483 288 1518 πον
325 1459 384 1517 οὗ
416 1460 482 1533 ἦν
521 1465 914 1534 γεγραμμένον
938 1482 950 1495 ⁸
990 1463 1216 1533 Πνεῦμα
1258 1463 1466 1534 Κυρίου
1515 1465 1599 1515 ἐπ’
1648 1466 1770 1532 ἐμὲ,

195 1548 252 1608 οῦ
289 1554 469 1607 ἕνεκεν
517 1554 704 1623 ἔχρισε
743 1571 812 1622 με
841 1595 853 1617 ,
889 1555 1341 1624 εὐαγγελίσασθαι
1391 1557 1623 1625 πτωχοῖς
1663 1559 1769 1609 ἁπ-

196 1647 407 1699 ἑσταλκὲ
443 1664 532 1716 με’
561 1647 815 1701 ἰάσασθαι
838 1648 964 1708 τοὺς
991 1649 1482 1719 συντετριμμένους
1515 1651 1610 1719 τὴν
1635 1666 1770 1718 καρο

196 1739 340 1791 δίανο
396 1739 637 1808 κηρύξαι
697 1738 1065 1809 αἰχμαλώτοις
1115 1739 1352 1811 ἄφεσιν,
1404 1741 1497 1792 καὶ
1549 1740 1770 1808 τυφλοῖς
1803 1771 1843 1826 Β

196 1827 507 1897 ἀνάϐλεψιν·
565 1830 887 1884 ἀποστεῖλαι
944 1827 1388 1900 τεθραυσμένους
1430 1832 1485 1883 ὲν
1534 1831 1764 1898 ἀφέσειο

203 1920 424 1988 κηρύξαι
477 1921 728 1973 ἐνιαυτὸν
784 1923 991 1992 Κυρίου
1049 1924 1255 1976 δεκτόν.
1313 1925 1423 1978 Καὶ
1475 1923 1682 1989 πτύξας
1710 1922 1772 1975 τὸ

200 2013 407 2080 βιϐλίον,
448 2013 685 2076 ἀποδοὺς
718 2014 798 2085 τῷ
824 2014 1096 2087 ὑπηρέτῃ,
1127 2016 1350 2069 ἐκάθισε
1383 2032 1396 2044 ·
1434 2017 1530 2069 καὶ
1555 2017 1771 2069 πάντων

197 2107 240 2156 οἱ
269 2104 540 2174 ὀψθαλμοὶ
569 2109 626 2158 ἐν
644 2108 711 2176 τῇ
740 2106 1038 2176 Συναγωγῇ
1060 2103 1201 2178 ἦσαν
1231 2108 1568 2171 ἀτενίζοντες
1598 2106 1767 2176 αὐτῷ.

201 2196 426 2264 Ἤρξατο
453 2197 510 2250 δὲ
546 2198 729 2265 λέγειν
759 2199 895 2269 πρὸς
927 2200 1146 2263 αὐτοὺς,
1171 2201 1251 2252 ὅτι
1277 2200 1522 2270 Σήμερον
1563 2200 1771 2270 πεπλή-

201 2305 352 2358 ρωται
378 2291 409 2358 ἡ
439 2289 478 2340 Γ
483 2289 636 2361 ροιφὴ
661 2289 800 2360 αῦτη
819 2293 876 2343 ἐν
905 2293 1015 2354 τοῖς
1041 2290 1174 2343 ὠσὶν
1201 2291 1374 2362 ὑμῶν.
1412 2311 1431 2342 ι
1481 2291 1773 2344 Ἠϐούλετο

200 2379 290 2448 μὲν
313 2381 340 2432 ὁ
363 2380 574 2452 Κύριος
604 2382 821 2451 ἐμφανῆ
845 2382 1037 2434 ἑαυτὸν
1076 2385 1415 2452 καταστῆσαι
1447 2384 1558 2446 τοῖς
1594 2384 1770 2454 Ἰσρα-

197 2473 412 2542 ηλίταις,
445 2474 546 2526 καὶ
580 2475 663 2528 ὅτι
705 2474 856 2545 παρὰ
887 2473 982 2528 τοῦ
1012 2473 1148 2526 Θεοῦ
1174 2474 1266 2527 καὶ
1305 2474 1516 2544 Ila-cpe;
1544 2474 1770 2546 ὲχρίσθη

196 2564 266 2625 εἰς
285 2564 342 2616 τὸ
367 2564 548 2618 σῶσαι
591 2565 719 2630 τοὺς
752 2565 843 2619 ὑπ’
895 2566 1148 2638 οὐρανόν.
1206 2565 1538 2635 Θαυμασίως
1576 2566 1634 2620 δὲ
1678 2568 1774 2622 κα)⁸

196 2655 338 2710 τοῦτο
371 2659 678 2725 οἰκονομεῖ.
736 2661 848 2728 11ρῦ
897 2658 1008 2711 τῶν
1062 2657 1235 2712 ἄλλων
1287 2662 1400 2722 τοῖς
1433 2661 1492 2712 ἐν
1519 2659 1771 2730 Ναζαρὲτ

196 2749 370 2802 ἑαυτὸν
421 2748 775 2819 ἐμφανίζων,
807 2747 891 2814 οἷς
924 2751 1302 2822 συνανετράφη
1326 2767 1342 2782 ·
1384 2752 1470 2806 ἵνα
1501 2753 1592 2806 καὶ
1626 2754 1771 2823 ἡμᾶς

197 2840 386 2912 διδάξῃ,
427 2841 707 2912 πρότερον
735 2843 865 2904 τοὺς
891 2843 1125 2908 οἰκείους
1167 2845 1502 2914 εὐεργετεῖν,
1527 2844 1624 2897 καὶ
1651 2845 1773 2898 τού-

197 2948 306 2995 τους
332 2933 699 2999 ἐκδιδώσκειν,
734 2930 852 2988 εἶτα
877 2935 972 2988 καὶ
1001 2936 1082 2998 εἰς
1118 2937 1245 3000 τοὺς
1269 2936 1490 3001 λοιποὺς
1517 2940 1614 3008 τὴν
1653 2939 1773 3008 φιλο

198 3022 494 3093 ανθρωπίαν
573 3026 810 3095 ὲκχέειν.
879 3025 1155 3080 Ἑπιδοθὲν
1217 3028 1274 3082 δὲ
1355 3029 1504 3101 αὐτῷ
1570 3030 1770 3101 βιϐλίον

1947 1001 2108 1055 Vens.
2151 1002 2332 1054 lii-il.
2380 1019 2393 1050 ι
2429 999 2494 1056 Ει
2529 1001 2673 1055 venit
2728 997 3018 1066 Naznrctb,
3060 1004 3150 1056 ubi
3199 1013 3314 1059 erat
3348 1021 3447 1059 nu-

1876 1095 2034 1146 tritus
2068 1108 2081 1146 :
2118 1102 2171 1144 et
2201 1090 2421 1144 intravit
2472 1091 2770 1143 secundum
2820 1088 3262 1144 consuetudinem
3292 1097 3446 1146 suam

1874 1186 1961 1238 die
1999 1185 2360 1238 Sabbutorum
2393 1182 2445 1236 in
2479 1180 2842 1253 Synngognm,
2870 1191 2925 1236 et
2951 1183 3182 1236 surrexit
3215 1191 3273 1236 ut.
3300 1182 3449 1252 lege-

1873 1289 1976 1332 ret.
2008 1272 2074 1330 Et
2100 1276 2330 1331 traditus
2364 1285 2448 1329 est
2483 1276 2557 1328 illi
2603 1275 2741 1329 liber
2769 1274 2919 1329 Isaiae
2967 1275 3242 1344 prophetae
3272 1292 3286 1329 :
3315 1287 3364 1330 et
3393 1288 3450 1330 ut

1872 1370 2132 1439 explicuit
2160 1369 2380 1432 librum,
2411 1367 2621 1422 invenit
2670 1367 2846 1422 locum
2885 1369 2970 1422 ubi
3004 1369 3265 1438 scriptum
3292 1367 3446 1424 ei'at:

1877 1465 2113 1532 Spiritus
2171 1461 2381 1515 Domini
2425 1477 2586 1529 super
2635 1476 2740 1522 n:e,
2794 1470 3080 1529 propterea
3119 1461 3260 1529 quod
3296 1463 3450 1516 unxit

1875 1571 1998 1619 me,
2044 1553 2110 1608 ad
2155 1552 2634 1621 evangelizandum
2687 1553 3012 1621 pauperibus
3055 1552 3200 1606 misit
3239 1568 3354 1617 me,
3393 1564 3450 1606 ut

1873 1663 2058 1701 sanem
2095 1647 2357 1700 contritos
2383 1645 2567 1708 corde,
2604 1655 2658 1697 ut
2686 1646 2965 1710 praedicem
2993 1645 3220 1713 captivis
3261 1646 3448 1700 l‘lfl'liiS-

1873 1738 2102 1800 sionem,
2141 1745 2195 1789 et
2221 1737 2380 1790 caecis
2420 1737 2613 1796 visum,
2660 1743 2716 1788 ut
2744 1735 2985 1786 unittam
3022 1735 3324 1790 (unfractos
3357 1751 3450 1803 per

1874 1827 2272 1890 remissionem,
2299 1838 2354 1880 ut
2374 1827 2658 1895 pradicem
2688 1841 2886 1880 annum
2906 1825 3118 1879 Domini
3144 1837 3444 1896 acceptum.

1876 1921 1938 1972 ιςι
1969 1920 2296 1989 complicato
2341 1921 2476 1972 libro
2529 1919 2760 1972 reddidit
2811 1920 3084 1986 ministro,
3133 1935 3195 1974 ac
3227 1921 3446 1974 resedit.

1872 2009 1939 2064 Et
1975 2014 2216 2065 omnium
2251 2013 2302 2064 in
2341 2011 2622 2082 Synagoga
2659 2011 2797 2064 oculi
2832 2021 2987 2064 erant
3019 2012 3180 2066 deﬁxi
3217 2013 3268 2066 in
3302 2026 3445 2065 emn.

1870 2103 2046 2171 Coepit
2077 2113 2257 2157 autem
2290 2105 2472 2156 dicere
2502 2104 2568 2157 ad
2600 2105 2756 2157 illos:
2783 2103 2953 2158 l‘ludie
2979 2105 3193 2171 impleta
3230 2113 3313 2159 est
3337 2105 3449 2158 inut:

1873 2197 2154 2265 Scriptura
2217 2196 2268 2248 in
2320 2197 2542 2250 auribus
2607 2197 2821 2251 vestris.
2868 2216 2886 2248 ι
2939 2195 3171 2252 Volebat
3229 2198 3447 2268 quidem

1871 2285 2030 2344 Jesus
2079 2289 2422 2343 manifestum
2461 2303 2519 2342 se
2549 2289 2772 2342 reddere
2825 2289 3108 2356 lsraelitis,
3143 2301 3196 2345 et
3241 2289 3382 2360 quod
3419 2307 3447 2345 ιι

1874 2385 1984 2438 Deo
2017 2399 2080 2438 ac
2112 2383 2274 2437 Patre
2308 2393 2506 2439 unctus
2542 2386 2608 2439 sit
2637 2397 2690 2439 ut
2723 2385 2890 2441 salvet
2920 2403 3012 2442 eos
3044 2389 3135 2457 qui
3177 2389 3278 2442 sub
3313 2389 3450 2444 coelo

1874 2483 2020 2527 sunt.
2048 2471 2180 2526 Cum
2213 2488 2403 2546 magna
2437 2475 2795 2530 admiratione
2825 2485 2878 2532 et
2910 2479 3014 2533 hoc
3033 2479 3159 2548 agit.
3189 2478 3305 2535 Przc
3330 2482 3449 2536 aliis

1876 2575 2053 2618 autem
2100 2581 2158 2620 se
2203 2566 2498 2622 Nazarenis
2552 2585 2670 2621 cum
2727 2568 2956 2640 quibus
2990 2574 3445 2639 canversabatur,

1877 2657 2186 2712 manifestat
2218 2677 2230 2713 :
2265 2668 2321 2713 ut
2351 2669 2404 2713 et
2437 2673 2533 2713 nos
2583 2659 2795 2726 doceat,
2836 2661 3070 2729 primum
3117 2671 3170 2717 et
3218 2667 3450 2733 propriis

1875 2748 2220 2815 benefacere,
2271 2763 2435 2822 atque
2481 2751 2603 2808 illus
2656 2752 2875 2819 docere,
2915 2762 2971 2808 et
3010 2763 3196 2824 postea
3230 2753 3281 2809 in
3318 2756 3452 2810 alios

1877 2851 2090 2907 quoque
2142 2838 2528 2908 benignitatem
2567 2840 2974 2896 transfundere.
3010 2840 3181 2897 Porro
3201 2843 3450 2898 ‘Dbiatum

1875 2929 1978 2986 sibi
1998 2931 2190 2985 librum
2221 2911 2450 2999 aperuit,
2479 2949 2543 2987 ac
2567 2933 2792 2999 invenit,
2811 2949 2918 2988 non
2943 2934 3081 3004 quod
3106 2932 3244 2989 forte
3265 2947 3455 2988 occur-

1877 3023 1966 3086 rit,
1993 3023 2154 3093 300
2183 3027 2273 3078 sed
2301 3025 2440 3093 quod
2491 3026 2603 3094 ipse
2650 3025 2834 3081 voluit.
2881 3027 2961 3082 Ne
2995 3028 3136 3082 enim
3169 3027 3450 3082 exiStimcs

203 3116 468 3182 ἀνέπτυξε,
517 3120 616 3170 καὶ
657 3111 838 3184 εὗρεν,
875 3119 974 3187 οὐχ
1002 3118 1029 3170 ὃ
1058 3121 1386 3191 παρέτυχεν,
1418 3121 1534 3174 ἀλλ’
1557 3121 1586 3174 ὃ
1619 3121 1773 3191 ἠϐού-

1879 3115 2016 3170 forte
2052 3125 2240 3185 aperto
2289 3115 2429 3170 libro
2465 3117 2719 3172 incidisse
2753 3133 2876 3172 eum
2913 3121 2965 3173 in
3009 3118 3157 3174 illum
3193 3119 3365 3173 locum
3397 3119 3448 3175 in

206 3206 314 3260 λετο
362 3210 545 3273 αὑτός.
595 3210 685 3267 Μὴ
723 3210 829 3279 γάρ
879 3209 1086 3279 νόμιζε,
1143 3213 1224 3264 ὅτι
1278 3212 1418 3266 κατὰ
1481 3213 1771 3283 συντυχίαν

206 3300 494 3366 ἀνοίξειν-τος
521 3302 692 3355 αὑτοῦ
723 3302 784 3353 τὸ
816 3302 1042 3371 βιϐλίον,
1075 3304 1272 3375 εὑρέθη
1299 3306 1507 3370 ὁτόπος
1542 3309 1767 3372 ἐκεῖνος,

205 3386 259 3448 οὗ
290 3395 600 3467 ἐγέγραπτο
629 3395 697 3448 τά
723 3396 849 3466 περ)⁴
882 3395 1048 3450 αὐτοῦ
1071 3414 1083 3427 ·
1113 3398 1228 3451 ἀλλ’
1252 3399 1417 3452 αὑτοῦ
1447 3398 1774 3471 θελήσαντος

208 3484 349 3538 τοῦτο
371 3487 615 3554 ἐγένετο.
645 3488 708 3539 Τί
727 3487 780 3540 δὲ
799 3488 1110 3558 ἐγέγραπτο
1130 3506 1144 3556 ;
1168 3489 1292 3543 Ὅτι
1325 3489 1543 3559 πνεῦμα
1570 3490 1773 3560 Κυρίου

209 3574 373 3647 ἔχρισὲ
397 3597 486 3648 με,
506 3578 813 3644 τουτέστιν,
839 3581 1110 3652 ἀφιέρωσὲ
1142 3597 1230 3651 με.
1256 3583 1576 3652 Κατέστησέ
1599 3601 1667 3652 με
1698 3587 1776 3646 είς

209 3671 261 3722 τὸ
285 3671 746 3740 εὐαγγελίσασθαι
768 3676 880 3738 τοῖς
905 3678 1166 3747 πτωχοῖς,
1198 3677 1446 3728 τουτέστι
1491 3679 1601 3740 τοῖς
1629 3677 1776 3728 ἔθνει

210 3779 286 3816 σιν
308 3805 324 3830 ,
357 3764 392 3817 ἃ
421 3765 548 3819 οὔτε
587 3767 769 3836 νόμον,
806 3766 929 3821 οὔτε
981 3770 1268 3840 προφήτας
1318 3769 1530 3840 ἔχοντα,
1559 3769 1635 3840 τῷ
1662 3770 1775 3824 δντι

213 3855 265 3908 ἐν
289 3855 451 3927 πολλῇ
487 3857 738 3928 πτωχεία
784 3853 952 3928 ἦσαν·
989 3861 1037 3912 οι
1080 3860 1136 3912 δὲ
1169 3861 1628 3930 συντετριμμένοι
1677 3860 1776 3930 τὴν

212 3946 454 4014 καρδίαν,
517 3944 662 4018 ἦσαν
728 3950 867 4018 τάχα
911 3950 960 4002 oi
1016 3950 1075 4014 ἐξ
1133 3949 1380 4022 Ἰσραὴλ,
1453 3944 1528 4005 ὧν
1566 3952 1598 4020 ἡ
1642 3967 1777 4022 καρ-

209 4037 287 4089 δία
332 4042 593 4110 πρότερον
649 4041 858 4112 μεγάλη
893 4060 950 4095 τε
990 4037 1058 4114 ἦν
1094 4042 1190 4096 καὶ
1227 4043 1425 4113 ὑψηλὴ,
1482 4044 1576 4095 καὶ
1627 4038 1776 4105 οἶκος

211 4129 351 4184 Θεοῦ.
378 4132 647 4202 Ὕστερον
674 4133 728 4185 δὲ
754 4133 1352 4204 είόωλολατρησάντων,
1387 4135 1479 4187 καὶ
1505 4134 1777 4205 διαφόρως

209 4220 595 4293 ἁμαρτόντων,
648 4226 937 4296 συνετρίϐη
969 4227 1002 4296 ἡ
1039 4225 1235 4293 καρδία
1281 4225 1481 4292 αὐτῶν,
1516 4227 1604 4279 καὶ
1644 4240 1776 4279 κατ-

212 4314 382 4384 ελύθη,
403 4319 525 4370 ἀντὶ
571 4317 668 4370 τοῦ
697 4313 842 4380 οἶκος
875 4313 1011 4371 εἶναι
1033 4319 1188 4384 Θεοῦ,
1220 4319 1486 4392 γενομένη
1517 4320 1778 4391 σπήλαιον

209 4401 425 4474 λῃστῶν.
458 4403 668 4462 Ἱιλθεν
698 4405 790 4462 οῦν
822 4412 848 4462 ὁ
873 4411 1096 4480 Κύριος,
1131 4411 1217 4463 ἵνα
1239 4414 1330 4464 καὶ
1367 4412 1588 4476 τούτους
1619 4414 1776 4486 ἰάση-

211 4511 306 4562 ται,
353 4502 443 4552 καὶ
487 4503 603 4562 τοῖς
649 4501 1012 4570 αἰχμαλώτοις
1064 4503 1121 4554 δὲ
1181 4504 1396 4571 ἄφεσιν,
1431 4506 1524 4558 καὶ
1558 4507 1777 4575 τυφλοῖς

211 4591 489 4660 ἀνάϐλεψιν
512 4593 614 4663 δῷ,
646 4595 759 4656 τοῖς
787 4609 845 4646 τε
877 4595 933 4659 ἐξ
959 4593 1128 4646 ἐθνῶν
1158 4599 1252 4646 καὶ
1291 4600 1403 4659 τοῖς
1437 4597 1496 4660 ἐξ
1538 4599 1774 4667 Ἰσραήλ.

225 4682 526 4755 ’Δμφοτερα
556 4685 666 4756 γὰρ
693 4686 866 4740 ταῦτα
885 4687 952 4738 τὰ
978 4687 1118 4757 μέρη
1163 4688 1258 4740 καὶ
1293 4690 1612 4758 αἰχμάλωτα
1637 4685 1778 4762 ἦσαν

212 4773 307 4825 ὑπὸ
354 4777 443 4828 τὸν
492 4777 764 4842 Σατανᾶν,
818 4777 914 4829 καὶ⁹
960 4779 1160 4846 τυφλά.
1211 4779 1561 4834 Διὲνανταιδὲ
1605 4782 1779 4836 ταῦτα

212 4866 456 4936 νοηθῆναι
497 4872 595 4923 καὶ
627 4871 757 4940 περὶ
791 4871 897 4922 τῶν
931 4871 1140 4941 νεκρῶν
1171 4888 1184 4900 ·
1223 4875 1318 4926 καὶ
1347 4869 1493 4927 οὗτοι
1521 4875 1628 4946 γὰρ
1654 4879 1777 4946 αἰχ-

217 4959 442 5025 μάλωτοι
495 4962 648 5026 ὄντες
688 4963 783 5016 καὶ
816 4963 1230 5034 τεθραυσμένοι,
1277 4967 1630 5038 ἀπελύθησαν
1673 4971 1775 5038 τῆς

213 5051 298 5104 τοῦ
325 5053 448 5124 ᾅδου
482 5055 729 5121 ἐξουσίας
768 5056 857 5109 διὰ
903 5056 1007 5123 τῆς
1037 5058 1387 5121 ἀναστάσεως
1407 5076 1423 5091 ·
1461 5062 1693 5132 ἐκήρυξε
1725 5064 1780 5116 δὲ

214 5142 302 5195 καὶ
331 5146 575 5198 ἐνιαυτὸν
606 5147 816 5202 δεκτόν.
855 5147 952 5212 Τίς
983 5142 1038 5202 δὲ
1069 5146 1135 5219 ἦν
1167 5152 1194 5203 ὁ
1224 5151 1471 5216 ὲνιαυτὸς
1502 5154 1530 5205 ὁ
1555 5153 1774 5221 δεκτός;

217 5231 355 5302 Τάχα
409 5235 510 5305 μὲν
558 5238 648 5289 καὶ
678 5239 706 5290 ὁ
743 5239 953 5307 μέλλων
994 5240 1153 5306 αἰὼν,
1193 5244 1320 5312 περὶ
1370 5237 1431 5296 οῦ
1465 5244 1728 5316 ἐκήρυξεν
1751 5249 1779 5300 ὁ

217 5324 432 5395 Κόριος,
468 5330 640 5398 λέγων
665 5346 680 5361 °
720 5331 808 5384 Ἐν
837 5332 1018 5403 ἐκείνῃ
1049 5337 1114 5404 τῇ
1143 5336 1324 5406 ἡμέρᾳ
1345 5338 1444 5391 οὐκ
1477 5339 1781 5409 ἐρωτήσετε

221 5433 279 5484 με
308 5420 481 5476 οὐδέν.
538 5425 649 5475 Καὶ
699 5423 862 5477 πάλιν
884 5441 898 5456 ο
941 5425 1202 5496 ΙἜρχεται
1233 5427 1353 5499 ὥρα
1399 5430 1486 5483 ὅτε
1520 5432 1568 5483 oi
1597 5435 1782 5502 νεκροί

218 5509 620 5579 ἀναστήσονται.
673 5514 872 5577 Δεκτὸς
916 5515 974 5567 δέ
1012 5518 1162 5568 ἐστιν
1215 5518 1422 5582 ἐκεῖνος
1453 5521 1481 5572 ὁ
1514 5521 1779 5585 ἐνιαυτὸς,

217 5604 508 5666 τουτέστιν,
553 5606 891 5678 ἐπιθυμητὸς
927 5609 1039 5670 τοῖς
1067 5608 1298 5671 δικαίοις
1337 5612 1428 5664 καὶ
1460 5613 1778 5684 ἐπέραστος-

220 5690 272 5743 ὃν
303 5696 692 5767 προσδέχονται
744 5700 946 5764 πάντες
993 5703 1043 5753 oi
1091 5700 1327 5754 ἐνταῦθα
1383 5703 1737 5775 ἐργαζόμενοι
1765 5723 1778 5737 ο

285 5860 326 5888 ’⁸
356 5859 398 5913 ιι
427 5861 556 5919 Cur.
607 5882 679 5931 vt,
710 5865 763 5919 ‘2.

1804 4454 1858 4514 D

1874 3221 1983 3276 quo
2024 3206 2139 3261 hinc
2184 3207 2250 3260 de
2297 3208 2412 3278 ipso
2447 3208 2662 3277 “scripta
2698 3219 2855 3263 erant
2887 3227 2901 3265 :
2936 3227 3057 3264 nam
3092 3211 3208 3280 ipso
3242 3211 3451 3266 volente

1875 3298 1980 3352 hoc
2015 3299 2232 3352 accidit.
2267 3299 2405 3366 Quid
2458 3312 2637 3355 autem
2697 3302 2955 3370 scriptum
3017 3301 3168 3357 erat?
3219 3304 3453 3375 Spiritus

1878 3390 2089 3444 Domini
2145 3391 2302 3445 unxit
2337 3409 2444 3453 me,
2479 3393 2578 3447 hoc
2609 3404 2715 3459 ost,
2746 3396 3082 3450 consecravit
3113 3409 3218 3463 me,
3250 3401 3454 3452 consti-

1880 3483 1979 3536 tuit
2009 3498 2114 3546 me,
2149 3494 2208 3536 ut
2234 3487 2664 3553 evangciiznrcm
2691 3487 3042 3556 pauperibus,
3075 3488 3174 3543 hoc
3193 3499 3297 3555 est,
3325 3505 3454 3560 gett-

1880 3575 2022 3630 tibus
2059 3592 2178 3644 (piae
2204 3591 2378 3644 neque
2409 3577 2605 3646 legem,
2633 3593 2807 3647 neque
2839 3582 3128 3651 prOphetas
3161 3581 3451 3647 habebant,

1878 3675 1933 3719 et
1980 3680 2167 3721 revera
2215 3668 2369 3722 valde
2423 3683 2688 3735 pauperes
2749 3681 2928 3725 erant.
2987 3669 3221 3728 Contriti
3274 3685 3452 3729 autem

1878 3760 2043 3812 corde
2087 3757 2336 3821 fortassis
2367 3759 2584 3813 fuerunt
2607 3760 2890 3831 israelitze,
2926 3779 3157 3834 quorum
3183 3781 3277 3820 cor
3303 3769 3454 3835 prius

1879 3849 1982 3904 fuit
2021 3867 2271 3919 magnum
2305 3860 2357 3906 et
2389 3853 2642 3920 sublime,
2675 3865 2729 3910 et
2765 3857 2956 3912 domus
2985 3858 3098 3913 Dei.
3133 3857 3324 3915 Postea
3353 3877 3450 3914 au-

1882 3950 1987 3996 tem
2027 3941 2113 3995 ubi
2163 3957 2360 3998 vacare
2414 3954 2695 4014 coeperunt
2749 3947 2931 4012 idolis,
2978 3959 3031 4002 et
3068 3951 3233 4005 variis
3282 3953 3454 4007 modis

1881 4041 2198 4101 peccarunt,
2227 4034 2518 4089 contritum
2540 4045 2592 4089 et
2626 4039 2958 4093 destructum
2990 4048 3075 4095 est
3097 4055 3192 4096 cor
3215 4042 3452 4108 illorum,

1883 4125 1984 4178 hoc
2013 4133 2120 4191 est,
2180 4126 2370 4180 domus
2409 4127 2500 4182 Dei
2551 4127 2691 4182 facta
2727 4140 2808 4184 est
2862 4133 3116 4199 spelunca
3161 4132 3452 4192 latronum.

1884 4217 2044 4271 Venit
2079 4217 2242 4288 igitur
2281 4216 2541 4274 Dominus
2569 4227 2627 4274 ut
2657 4233 2708 4274 et
2739 4221 2858 4276 illos
2879 4234 3116 4292 sanaret,
3147 4237 3201 4280 et
3231 4228 3455 4296 captivis

1884 4311 2256 4366 remissionem
2303 4313 2479 4378 daret,
2511 4321 2562 4368 et
2598 4316 2756 4370 caecis
2783 4316 2981 4384 visum,
3011 4317 3112 4373 hoc
3168 4329 3250 4375 est
3279 4322 3456 4391 genti-

1885 4403 1983 4458 bus
2001 4413 2055 4458 et
2077 4401 2298 4460 Iudaeis.
2333 4406 2508 4460 Ambo
2527 4408 2674 4462 enim
2699 4407 2775 4460 illi
2795 4408 2974 4479 populi
2995 4418 3050 4465 et
3071 4412 3271 4481 captivi
3297 4425 3452 4468 erant

1883 4496 1984 4549 sub
2045 4495 2263 4561 Satana,
2317 4512 2380 4551 ac
2425 4499 2575 4554 caeci.
2620 4497 2856 4555 Possunt
2903 4515 3082 4556 autem
3116 4502 3229 4558 hac
3282 4517 3334 4558 et
3391 4506 3458 4559 de

1883 4589 2112 4644 tnortuis
2171 4590 2419 4660 intelligi.
2458 4591 2630 4647 Erant
2679 4595 2822 4649 enim
2854 4605 2910 4650 et
2953 4595 3029 4651 illi
3063 4598 3259 4664 captivi
3296 4606 3456 4667 atque

1877 4680 2069 4747 saucii,
2129 4681 2454 4753 liberalique
2495 4694 2621 4740 sunt
2647 4701 2675 4740 a
2709 4697 2977 4756 potestate
3008 4687 3206 4744 inferni
3240 4707 3335 4759 per
3366 4708 3454 4747 re-

1877 4774 2294 4829 surrectionem.
2328 4777 2649 4833 Prmdicavit
2681 4781 2808 4834 item
2838 4788 2891 4836 et
2917 4795 3118 4836 annum
3149 4795 3453 4851 acceptum.

1879 4865 2011 4928 Quis
2064 4873 2242 4920 autem
2303 4866 2404 4920 fuit
2468 4883 2644 4924 anuus
2697 4871 2785 4926 ille
2837 4878 3130 4943 acceptus?
3185 4871 3456 4932 Fortassis

1880 4957 2132 5011 sasculnm
2189 4959 2457 5026 futurum,
2494 4961 2559 5017 de
2593 4978 2699 5031 quo
2733 4966 3043 5034 pra‘dicavit
3076 4965 3336 5022 Deminns
3371 4971 3456 5027 di-

1879 5062 2007 5103 cens
2041 5067 2052 5102 :
2089 5047 2146 5102 In
2177 5051 2265 5106 die
2295 5052 2381 5106 illa
2420 5069 2525 5108 non
2579 5055 2983 5127 interrogabitis
3016 5075 3102 5115 me
3133 5061 3450 5132 quidquam.

1881 5139 1946 5195 Et
1977 5142 2170 5196 iterum
2205 5161 2220 5199 :
2255 5143 2414 5200 Venit
2451 5146 2584 5201 hora
2639 5151 2854 5218 quando
2891 5152 3086 5205 mortui
3139 5169 3450 5225 resurgunt.

1881 5240 2156 5310 Acceptus
2182 5253 2363 5298 autem
2394 5255 2476 5300 est
2515 5245 2608 5300 ille
2639 5262 2833 5314 annus,
2884 5248 2987 5303 hoc
3009 5259 3092 5305 est
3121 5249 3457 5310 desiderabi-

1883 5333 1968 5400 lis,
1997 5344 2049 5389 et
2073 5334 2234 5403 justis
2267 5337 2516 5393 amabilis
2549 5355 2563 5392 :
2600 5354 2760 5406 quem
2792 5352 3110 5409 exspectant
3149 5359 3336 5400 omnes
3362 5349 3455 5416 qui

1882 5427 1970 5482 hic
2016 5442 2331 5498 operantur.
2365 5430 2461 5484 Est
2491 5439 2668 5485 autem
2714 5440 2768 5486 et.
2804 5441 3013 5502 tempus
3063 5433 3325 5492 Dominici
3358 5441 3457 5494 ad-

1881 5533 2073 5576 ventus
2106 5523 2158 5576 in
2198 5537 2362 5578 carne
2417 5539 2588 5579 annus
2642 5538 2897 5594 acceptus
2933 5545 2945 5581 :
2977 5529 3042 5582 de
3093 5544 3202 5599 quo
3254 5529 3457 5587 Paulus

1884 5617 2059 5671 dicit:
2099 5636 2117 5669 ι
2165 5616 2319 5670 Νυιιε
2375 5627 2583 5688 tempus
2634 5629 2716 5673 est
2769 5623 3120 5692 acceptabile,
3172 5639 3313 5678 nunc
3344 5626 3460 5680 dies

1885 5707 2074 5763 salutis
2106 5707 2175 5760 “.
2218 5727 2234 5758 ι
2283 5706 2450 5765 Porro
2488 5709 2573 5764 ubi
2611 5710 2724 5767 lucc
2767 5712 2918 5784 legit,
2948 5715 3084 5770 dixit
3111 5733 3124 5769 :
3155 5712 3324 5771 Hodie
3355 5718 3459 5774 im-
