3896 6452
512 401 614 466 751

514 521 658 588 pleta
684 522 765 569 est
796 511 1066 583 scriptura
1121 509 1236 566 lucc
1266 508 1319 564 in
1357 508 1580 564 auribus
1639 508 1858 570 vestris,
1911 508 2084 563 mani-

515 607 654 660 l'este
680 618 738 658 se
774 601 1125 656 audientibus
1170 599 1584 661 commendans,
1616 597 1740 666 quia
1785 596 1900 666 ipse
1930 596 2001 651 sit
2029 597 2095 651 dc

513 714 619 764 quo
650 698 763 750 haec
789 695 988 764 scripta
1020 691 1244 748 fuerint.

1441 393 2020 455 THEOPHYLACTI
2073 392 2480 454 BULGARIJE
2520 390 2876 454 ARCHIEP.

3631 400 3708 463 732

2120 522 2166 575 Α
2195 507 2312 562 ἐστι
2347 507 2406 562 δὲ
2437 507 2533 562 καὶ
2561 510 2591 562 ὁ
2616 510 2717 576 τῆς
2766 506 2862 561 τοῦ
2921 505 3127 578 Κυρίου
3177 506 3236 560 ἐν
3279 507 3436 578 σαρκὶ
3476 511 3710 585 ἐπιδημίας

2211 599 2402 671 καιρὸς
2454 599 2702 662 ἐνιαυτὸς
2764 599 2956 662 δεκτός
2979 615 2993 630 ·
3044 597 3171 669 περὶ
3198 591 3261 650 οὗ
3299 601 3326 652 ὁ
3358 600 3547 666 Παῦλος
3575 604 3702 675 λέγει’

2211 711 2229 742 ι
2260 692 2374 745 Νῦν
2401 693 2592 762 καιρὸς
2624 691 3025 762 εὐπρόσδεκτος
3048 707 3061 722 ·
3095 690 3190 744 νῦν
3216 691 3390 763 ἡμέρα
3417 698 3662 765 σωτηρίας.
3693 722 3704 751 ι

527 789 821 856 Ἀναγνοὺς
851 787 909 840 δὲ
954 782 1154 850 ταῦτα,
1198 781 1343 848 εἷπε,
1401 783 1651 853 Σήμερον
1683 781 2044 852 πεπλήρωται
2106 783 2140 854 ὴ
2181 784 2371 856 Γραφὴ
2425 785 2568 855 αὕτη
2611 786 2670 836 ὲν
2737 787 2849 847 τοῖς
2897 785 3030 836 ὠσὶν
3083 783 3258 854 ὑμῶν,
3294 786 3526 855 φανερῶς
3571 789 3714 848 tauris

513 882 794 954 παριστῶν
847 883 959 944 τοῖς
1001 879 1315 945 ἀκούουσιν,
1371 878 1453 931 ὅτι
1495 877 1655 941 αὐτός
1701 879 1816 930 ἐστι
1866 877 1998 948 περὶ
2026 873 2087 932 οὗ

590 979 759 1034 Vens.
789 977 978 1032 22-50.
1011 977 1126 1042 tEt
1153 990 1341 1030 omnes
1376 975 1742 1028 testimonium
1776 973 1848 1028 Illi
1876 973 2076 1028 dabant

513 1086 577 1126 ac
609 1071 946 1122 mirabantur
997 1083 1164 1138 super
1213 1066 1386 1137 gratia
1423 1081 1736 1121 sermonum
1785 1065 1878 1136 qui
1912 1081 2099 1135 proce-

515 1164 714 1219 debant
748 1179 814 1215 ex
851 1177 946 1215 ure
986 1162 1178 1228 ipsius,
1236 1160 1596 1228 dicebantque
1625 1177 1640 1214 :
1675 1158 1863 1214 Nonne
1899 1159 1984 1213 bic
2013 1169 2097 1215 est

518 1257 660 1310 filius
695 1253 932 1322 Ioseph?
962 1251 1025 1307 Et
1051 1253 1126 1306 ait
1160 1251 1262 1306 illis
1290 1267 1304 1305 :
1329 1249 1563 1306 Omnino
1590 1251 1782 1306 dicetis
1801 1251 1933 1305 mibi
1961 1252 2099 1304 banc

516 1349 618 1401 sint
646 1347 948 1408 litudincm,
991 1343 1225 1404 Medico,
1260 1358 1386 1397 cura
1439 1343 1695 1413 teipsnnt.
1747 1343 2092 1409 Quaecunque

469 1479 472 1484 .
519 1438 826 1502 audivimus
862 1438 1000 1490 facta
1033 1436 1085 1488 in
1119 1436 1481 1505 Capcrnanm,
1528 1435 1612 1488 fac
1641 1443 1696 1488 et
1724 1437 1809 1489 bic
1840 1437 1890 1489 in
1921 1436 2094 1504 patria

523 1540 632 1583 tua.
661 1529 754 1582 Ait
782 1537 964 1580 autem
1005 1541 1018 1579 :
1055 1526 1227 1580 Amen
1267 1527 1387 1578 dico
1423 1527 1596 1591 vobis,
1631 1541 1790 1579 nemo
1832 1525 2097 1594 propltela

518 1629 772 1689 acceptus
799 1628 880 1672 est
911 1618 961 1671 iu
995 1620 1171 1688 pa-ria
1209 1634 1327 1671 sua.
1358 1617 1461 1671 Sed
1499 1617 1550 1670 in
1596 1617 1820 1672 veritate
1850 1617 1972 1670 dico
2000 1631 2097 1670 vo-

517 1712 646 1766 bis:
679 1712 860 1766 multa:
899 1711 1073 1765 vidua:
1113 1722 1270 1765 erant
1323 1710 1375 1766 in
1418 1711 1606 1766 diebus
1658 1711 1787 1765 Elite
1835 1711 1888 1764 in
1933 1710 2096 1765 Israel

517 1805 735 1872 quando
758 1806 1002 1858 clausum
1025 1814 1107 1858 est
1137 1803 1336 1857 coelum
1358 1804 1516 1856 annis
1548 1801 1721 1858 tribus
1748 1813 1801 1857 et
1830 1804 2103 1857 mensibus

516 1917 634 1964 sex,
670 1915 793 1954 cum
827 1899 965 1953 facta
1002 1907 1148 1952 esset
1180 1896 1352 1950 fames
1388 1911 1582 1965 magna
1613 1911 1708 1965 per
1738 1910 1955 1950 omnem
1990 1905 2101 1949 ter-

516 2011 631 2048 ram
666 2005 680 2050 :
715 2003 769 2046 et
799 1991 867 2046 ad
895 1990 1094 2044 nullam
1133 1989 1346 2044 illarum
1389 1989 1588 2043 missus
1627 1999 1712 2042 est
1747 1988 1892 2042 Elias
1921 1988 2022 2044 nisi
2049 1988 2101 2041 in

521 2083 828 2154 Sarepbtlia
875 2081 1100 2136 Sidonis
1136 2082 1202 2134 ad
1243 2080 1524 2134 mulierem
1573 2077 1820 2134 viduam.
1857 2078 1920 2132 Et
1951 2079 2100 2134 multi

515 2178 714 2247 leprosi
752 2173 984 2230 erantin
1009 2172 1171 2227 Israel
1203 2169 1303 2228 sub
1330 2171 1527 2227 Elisaeo
1553 2171 1834 2243 propheta,
1864 2179 1918 2226 et
1943 2187 2102 2226 nemo

515 2283 708 2324 eorum
740 2266 1034 2319 mundatus
1073 2273 1156 2318 est
1183 2263 1284 2318 nisi
1323 2261 1564 2317 Naaman
1598 2259 1789 2334 Syrus.
1823 2261 1884 2316 Et
1912 2261 2100 2330 repleti

517 2367 646 2413 sunt
696 2371 887 2412 omnes
933 2356 983 2409 in
1029 2355 1315 2424 Synagoga
1355 2354 1455 2418 ira,
1493 2355 1606 2408 hac
1665 2354 1971 2408 audientes.
2033 2351 2101 2408 Ει

518 2452 970 2508 insurrexerunt,
1038 2445 1428 2516 ejecet'untque
1492 2444 1642 2498 illum
1681 2460 1710 2498 e
1747 2427 2001 2509 civitate,
2048 2455 2104 2498 et

516 2545 793 2595 duxerunt
825 2540 970 2593 illum
1019 2553 1190 2607 usque
1214 2538 1280 2591 ad
1305 2537 1654 2606 snpercilimn
1690 2537 1910 2599 montis,
1939 2552 2103 2607 super

516 2649 675 2703 quem
728 2631 919 2686 civitas
953 2630 1164 2685 illorum
1199 2640 1317 2684 erat
1380 2631 1666 2695 aidilicata,
1706 2629 2098 2700 utpraecipita-

515 2735 638 2781 rent
663 2739 806 2780 eum.
839 2721 958 2792 Ipse
991 2731 1172 2776 autem
1206 2721 1471 2776 transiens
1490 2735 1585 2788 per
1617 2719 1852 2774 medium
1885 2719 2098 2775 illorum

515 2817 649 2871 ibat.
695 2833 714 2868 ι
765 2813 899 2868 Cum
970 2812 1220 2867 audirent
1276 2811 1450 2867 turbae
1520 2826 1642 2882 quae
1711 2813 2027 2867 dicebantur
2069 2830 2097 2867 a

516 2908 774 2973 Christo,
829 2905 1244 2960 admirabantur
1295 2919 1462 2974 super
1524 2902 1875 2958 sermonibus
1929 2903 2095 2974 301

517 2998 834 3069 gratiarum.
868 2995 1216 3050 Admirantes
1251 3004 1454 3062 autem,
1486 2994 1730 3050 dicteriis
1755 2995 2099 3050 incessebant

517 3108 638 3146 eum
667 3091 909 3145 dicentes
939 3104 954 3143 :
994 3086 1181 3143 Nonne
1212 3087 1303 3143 hic.
1331 3098 1414 3142 est
1446 3089 1594 3143 fabri
1628 3087 1810 3142 ﬁlius?
1841 3087 2098 3154 Quamvis

516 3183 644 3252 quid
677 3181 991 3250 prohiberet
1023 3181 1196 3246 ipsum
1225 3176 1332 3232 dici
1365 3175 1740 3231 admirabilem
1772 3187 1825 3232 et
1851 3176 2100 3232 adorabi-

518 3273 668 3329 lem?
701 3273 814 3327 Non
841 3273 992 3326 vides
1009 3281 1210 3340 quanta
1245 3268 1418 3324 facit?
1444 3267 1564 3322 Non
1591 3268 1745 3322 audis
1767 3282 2102 3337 quaecunque

518 3365 690 3420 dicit?
729 3363 934 3419 Deinde
973 3361 1235 3418 conviciis
1286 3369 1497 3430 patrem
1533 3359 1677 3414 illius
1708 3358 1964 3414 lacessis?
1995 3357 2100 3413 Be-

519 3475 646 3514 vera
676 3460 742 3512 de
783 3457 889 3511 illis
931 3455 1112 3509 dicere
1154 3454 1326 3509 licet:
1362 3452 1504 3508 Ecce
1546 3453 1782 3524 populus
1827 3451 2022 3506 stultus
2049 3459 2103 3506 et

521 3553 725 3619 absque
749 3549 942 3611 corde;
971 3545 1110 3600 oculi
1145 3545 1360 3600 illorum
1393 3560 1497 3599 non
1523 3544 1730 3608 vident,
1757 3559 1918 3598 aures
1937 3544 2100 3598 etiam

522 3657 632 3697 no"
666 3640 892 3694 audiunt
922 3639 990 3690 ".
1022 3637 1283 3692 Dominus
1318 3635 1481 3708 igitur
1508 3636 1636 3706 quid
1670 3635 1838 3690 dicit?
1870 3632 2102 3690 Omnino

520 3732 721 3790 dicetis
760 3730 915 3799 mihi,
946 3729 1055 3784 Fac
1084 3737 1138 3784 ct
1166 3729 1218 3783 in
1260 3731 1431 3799 patria
1465 3737 1551 3782 tua
1599 3728 1862 3782 mirabilia
1893 3743 2012 3798 qua:
2044 3729 2102 3782 in

523 3827 864 3897 Capernaum
889 3823 1090 3880 fecisti.
1114 3821 1228 3877 Hoc
1251 3821 1394 3877 enim
1417 3821 1668 3892 estquod
1690 3821 1854 3876 dicit:
1874 3820 2101 3886 Medice,

523 3937 654 3978 cura
689 3921 940 3990 teipsunt.
969 3915 1325 3973 Proverbium
1368 3915 1513 3970 enim
1547 3923 1666 3969 erat
1711 3915 1851 3983 apud
1884 3913 2103 3970 Iudaeos

522 4015 664 4082 quod
695 4010 1091 4084 aegrotantibus
1143 4008 1371 4064 medicis
1409 4007 1710 4062 dicebatur.
1743 4007 1813 4062 At
1853 4021 1953 4077 ego
1980 4009 2103 4061 dico

520 4109 676 4164 vobis
705 4107 847 4178 quod
878 4104 1126 4160 fecissem
1178 4101 1346 4156 multa
1394 4099 1547 4170 signa
1588 4099 1754 4154 etiam
1785 4102 1926 4168 apud
1977 4114 2100 4167 vos,

514 4200 790 4272 patriotas
828 4211 1022 4250 meos:
1049 4194 1144 4249 sed
1180 4193 1296 4248 scio
1330 4207 1670 4247 communem
1702 4193 1944 4246 omnium
1969 4190 2102 4246 affe-

523 4303 696 4355 ctum,
733 4289 875 4360 qnod
910 4293 1332 4341 contemnantur
1361 4284 1527 4339 etiam
1565 4299 1654 4340 res
1697 4283 1967 4349 maximae,
1999 4283 2101 4338 nisi

521 4400 645 4440 cum
677 4395 815 4437 rarae
848 4380 1068 4446 fuerint,
1095 4379 1140 4434 si
1169 4378 1402 4448 vulgata:
1447 4378 1558 4433 sint
1583 4388 1636 4432 et
1665 4377 2012 4448 quotidianae,
2048 4385 2102 4430 et

519 4477 606 4532 eis
639 4489 834 4530 omnes
887 4474 1108 4542 copiose
1158 4471 1428 4526 fruantur.
1488 4471 1713 4538 Semper
1741 4471 1885 4526 enim
1925 4469 2104 4525 solent

523 4568 772 4625 homines
824 4580 944 4621 rara
971 4578 1025 4620 et
1053 4563 1394 4620 admirabilia
1443 4577 1660 4626 curare,
1694 4564 1974 4632 despicere
2007 4577 2105 4616 au-

527 4673 636 4716 tem
666 4659 971 4714 communia
1004 4668 1057 4712 et
1083 4655 1396 4711 familiaria.
1427 4655 1493 4710 Et
1521 4655 1724 4710 idcirco
1761 4655 1941 4709 nullus
1975 4669 2104 4725 pro-

524 4753 687 4824 pheta
711 4751 764 4806 in
788 4751 965 4822 patria
990 4763 1088 4804 sua
1119 4748 1389 4818 pretiosus
1419 4764 1433 4801 :
1467 4748 1559 4801 sed
1587 4747 1631 4801 si
1657 4747 1875 4800 aliunde
1898 4746 2102 4810 veniat,

527 4846 871 4900 admirantur
907 4841 1081 4897 illum.
1135 4840 1226 4894 Sic
1257 4848 1313 4894 et
1357 4838 1530 4894 tiliam
1582 4835 1889 4892 Iudaeorum
1932 4839 2103 4892 vidum

530 4954 636 4991 non
674 4942 1069 5004 susceperunt;
1099 4932 1475 5001 Sarepbtbana
1522 4938 1700 4984 autem
1741 4931 2001 4999 suscepit.
2040 4929 2105 4982 Et

527 5033 751 5086 Elistens
803 5029 1165 5098 alienigenam
1213 5027 1492 5106 leprosum
1547 5021 1872 5095 puritlcavit,
1921 5025 2024 5078 fide
2049 5026 2104 5078 in

497 5113 678 5180 'illum
709 5124 1002 5178 declarata.
1049 5120 1184 5174 Nam
1219 5118 1513 5173 familiares
1564 5118 1703 5186 ejus,
1733 5119 1834 5187 qui
1862 5119 2104 5187 ejusdem

527 5229 684 5273 erant
710 5216 924 5285 patrize,
957 5215 1006 5269 ei
1045 5229 1151 5267 non
1201 5212 1554 5267 crediderunt
1585 5222 1639 5265 et
1678 5218 1964 5280 propterea
2000 5225 2104 5262 non

495 5291 498 5294 f
529 5320 658 5363 sunt
694 5306 982 5376 purificati.
1023 5307 1286 5359 Similiter
1317 5313 1368 5358 et
1396 5317 1496 5372 ego
1537 5301 1684 5356 vobis
1719 5301 1967 5371 patriotis
1997 5315 2104 5354 non

535 5403 720 5456 videor
747 5400 1108 5464 admirabilis,
1138 5401 1230 5454 sed
1268 5407 1610 5465 contemptus
1640 5413 1652 5449 :
1685 5405 1740 5448 et
1772 5393 1975 5449 idcirco
2013 5406 2110 5449 ne;

535 5509 639 5564 que
673 5494 824 5562 signa
852 5490 1017 5546 facio.
1048 5491 1141 5546 llis
1165 5508 1297 5546 Sullc
1326 5491 1418 5561 qui
1449 5493 1501 5545 in
1527 5489 1890 5558 Caperuaum,
1925 5488 2112 5542 videor
2217 5490 2469 5561 συνήθεις

533 5589 891 5653 admirabilis,
941 5597 995 5642 et
1045 5590 1196 5658 signa
1248 5587 1408 5652 facio,
1459 5596 1514 5640 et
1553 5594 1808 5654 acceptus
1851 5583 1931 5638 eis
1965 5599 2105 5638 sum.

533 5686 833 5744 Audientes
887 5693 1071 5739 autem
1112 5684 1224 5738 lucc
1256 5683 1309 5737 bi
1351 5682 1440 5752 qui
1490 5681 1540 5734 in
1592 5678 1873 5750 Synagoga
1929 5691 2108 5741 erant,

613 5846 657 5876 ³⁵
701 5841 899 5897 Jercut.
931 5857 978 5904 ν,
1018 5842 1108 5897 ίὶί.

2125 879 2296 932 ταῦτα
2317 880 2652 950 γέγραπται.

2279 997 2296 1030 ι
2337 978 2450 1032 Καὶ
2487 979 2688 1040 πάντες
2739 977 3086 1048 ἐμαρτύρουν
3115 977 3286 1046 αὐτῷ.
3325 978 3428 1030 Καὶ
3471 978 3716 1049 ἐθαύμαζον

2198 1072 2291 1125 ἐπὶ
2321 1074 2431 1134 τοῖς
2460 1068 2640 1138 λόγοις
2672 1071 2771 1140 τῆς
2802 1071 3024 1140 χάριτος
3058 1073 3168 1134 τοῖς
3213 1073 3634 1141 ἐκπορευομένοις
3661 1077 3706 1127 ὲκ

2199 1162 2291 1215 τοῦ
2317 1163 2586 1233 στόματος
2619 1162 2812 1227 αὑτοῦ,
2863 1163 2958 1215 καὶ
2992 1162 3173 1230 ἔλεγον
3192 1177 3208 1192 '
3246 1163 3356 1231 Οὐχ
3386 1154 3528 1226 οὗτος
3555 1165 3706 1219 ὲστινό

2200 1255 2316 1318 υίὸς
2349 1255 2440 1307 τοῦ
2480 1253 2714 1324 Ἰωσήφ;
2775 1256 2885 1308 Καὶ
2927 1252 3048 1306 εἷπε
3101 1254 3235 1323 πρὸς
3286 1254 3491 1316 αὐτοὺς,
3536 1257 3706 1322 Πάντως

2198 1345 2372 1415 ἐρεῖτέ
2409 1363 2498 1416 μοι
2532 1346 2632 1415 τὴν
2667 1345 2987 1415 παραϐολὴν
3016 1344 3240 1416 ταύτην,
3289 1345 3475 1414 Ίατρὲ,
3507 1346 3714 1416 θεράπευ-

2207 1455 2298 1490 σον
2326 1422 2583 1490 σεαυτόν·
2607 1440 2707 1492 ὅσα
2740 1438 3058 1508 ἠκούσαμεν
3087 1439 3359 1506 γενόμενα
3381 1440 3435 1489 ἐν
3467 1442 3524 1509 τῇ
3549 1443 3717 1511 Remp-

2206 1527 2402 1596 ναοὺμ,
2441 1527 2667 1598 ποίησον
2699 1530 2795 1582 καὶ
2827 1521 2930 1582 ὦδε
2960 1530 3018 1580 ἐν
3044 1531 3110 1598 τῇ
3133 1527 3354 1596 πατρίδι
3382 1544 3490 1581 σου.
3522 1524 3632 1580 Εἷπε
3653 1532 3716 1583 δὲ·

2193 1620 2381 1690 -Ἀμὴν
2404 1619 2549 1688 λέγω
2599 1621 2750 1691 ὑμῖν,
2787 1621 2870 1674 ὅτι
2904 1621 3081 1684 οὐδεὶς
3122 1623 3405 1692 προφήτης
3427 1621 3588 1684 δεκτός
3614 1627 3716 1677 ἐστιν

2128 1736 2174 1796 Β
2204 1715 2262 1766 ἐν
2289 1718 2356 1785 τῇ
2389 1715 2611 1785 πατρίδι
2649 1715 2835 1768 αὑτοῦ.
2896 1715 3016 1769 Ἐπ’
3061 1714 3329 1784 ἀληθείας
3366 1714 3420 1767 δὲ
3449 1714 3572 1782 λέγω
3607 1717 3714 1785 ὑμῖν,

2207 1805 2400 1859 πολλαὶ
2443 1808 2611 1876 χῆραι
2655 1801 2797 1877 ἦσαν
2830 1807 2888 1858 ἐν
2922 1807 3043 1868 ταῖς
3091 1807 3334 1876 ἡμέραις
3401 1805 3562 1858 Ἠλιοῦ
3598 1808 3640 1858 ἐν
3663 1809 3716 1876 τῷ

2204 1891 2445 1965 Ἰσραὴλ,
2505 1897 2595 1949 ὅτε
2645 1896 2898 1966 ἐκλείσθη
2926 1897 2962 1949 ὁ
2987 1897 3220 1967 οὐρανὸς
3270 1897 3365 1948 ἐπὶ
3403 1896 3489 1966 ἐτη
3520 1897 3625 1967 τρία
3652 1902 3718 1951 καὶ

2207 1986 2382 2057 μῆνας
2413 1986 2496 2051 ἓξ,
2540 1987 2616 2052 ὼς
2661 1989 2880 2057 ἐγένετο
2930 1987 3090 2059 λιμὸς
3137 1989 3316 2060 μέγας
3360 1987 3449 2040 ἐπὶ
3478 1990 3626 2041 πᾶσαν
3647 1992 3714 2059 τὴν

2205 2078 2334 2147 γῆν,
2370 2081 2466 2131 καὶ
2510 2079 2646 2150 πρὸς
2679 2079 2938 2150 οὐδεμίαν
2973 2080 3152 2133 αὐτῶν
3189 2078 3443 2150 ἐπέμφθη
3497 2079 3661 2143 Ἠλίας,
3683 2083 3715 2132 εί

2207 2170 2282 2240 μὴ
2315 2171 2393 2234 είς
2426 2171 2686 2241 Σαραφθὰ
2729 2171 2828 2242 τῆς
2860 2171 3091 2235 Σιδῶνος
3123 2171 3265 2240 πρὸς
3294 2171 3515 2237 γυναῖκα
3558 2171 3712 2241 χήρανο

2204 2263 2298 2316 καὶ
2329 2263 2515 2316 πολλοὶ
2567 2263 2762 2335 λεπροὶ
2795 2258 2937 2334 ἦσαν
2972 2264 3066 2316 ἐπὶ
3114 2262 3427 2318 Ἐλισσαίου
3450 2261 3532 2314 τοῦ
3563 2263 3716 2332 προφή-

2202 2359 2296 2408 τδυ
2328 2355 2386 2407 ἐν
2413 2353 2492 2423 τῷ
2529 2352 2764 2425 Ἰσραὴλ,
2795 2356 2893 2408 καὶ
2931 2355 3112 2418 οὐδεὶς
3145 2355 3333 2409 αὐτῶν
3374 2354 3661 2424 ἐκαθαρίσθη
3680 2356 3712 2406 εἰ

2207 2445 2282 2516 μὴ
2312 2445 2530 2516 Νεεμὰν
2559 2449 2586 2500 ὁ
2608 2446 2800 2518 Σύρος.
2834 2449 2942 2501 Kal
2972 2447 3330 2517 ἐπλήσθησαν
3371 2449 3552 2508 πάντες
3591 2447 3713 2514 θυμοῦ

2206 2534 2264 2586 ἐν
2294 2537 2359 2605 τῇ
2393 2535 2690 2605 Συναγωγῇ
2719 2533 3053 2599 ἀκούσαντες
3079 2535 3281 2591 ταῦτα.
3305 2537 3414 2590 Καὶ
3435 2537 3710 2598 ἀναστάντες,

2211 2626 2465 2692 ἐξέϐαλον
2499 2629 2663 2680 αὑτὸν
2700 2627 2804 2694 ἔξω
2831 2631 2928 2699 τῆς
2965 2629 3179 2692 πόλεως
3201 2647 3214 2660 ·
3259 2631 3352 2682 καὶ
3390 2630 3573 2700 ἡγαειον
3599 2630 3713 2682 atria

2203 2718 2309 2784 ἕως
2335 2721 2433 2790 τῆς
2461 2720 2662 2792 ὀφρύος
2691 2719 2784 2774 τοῦ
2810 2721 2990 2793 ὅρους,
3017 2721 3100 2790 ἐφ’
3133 2715 3197 2776 οὗ
3229 2723 3262 2793 ἡ
3285 2721 3431 2786 πόλις
3455 2723 3606 2776 αὐτῶν
3619 2721 3713 2792 ᾠκε-

2201 2813 2425 2884 δόμητο,
2445 2816 2524 2877 εἰς
2541 2815 2600 2867 τὸ
2619 2815 3064 2885 κατακρημνίσαι
3090 2816 3281 2870 αὐτόν’
3316 2816 3469 2878 αὐτὸς
3486 2816 3534 2868 δὲ
3554 2814 3714 2868 διελθὼν

2201 2907 2288 2961 διὰ
2329 2910 2496 2978 μέσου
2554 2909 2756 2972 αὐτῶν,
2805 2909 3122 2979 ἐπορεύετο.
3161 2928 3181 2961 ι
3237 2909 3534 2971 Ἀκούοντες
3569 2908 3621 2959 τὰ
3642 2907 3712 2958 ὑπὸ

2202 3000 2438 3070 Χριστοῦ
2473 3001 2739 3072 λεγόμενα
2763 3003 2814 3053 οἱ
2838 3000 3008 3072 ὄχλοι,
3037 2989 3353 3070 ἐθαῦμαζον
3377 3001 3462 3051 ἐπὶ
3476 3000 3570 3058 τοῖς
3588 2996 3711 3062 λόγοις

2123 3075 2168 3140 C
2207 3091 2305 3160 τῆς
2353 3092 2599 3162 χάριτος.
2654 3091 3043 3163 Θαυμάζοντες
3070 3091 3152 3157 δὲ,
3187 3090 3554 3162 διεκωμῴδουν
3581 3085 3709 3150 αὐτὸν,

2205 3181 2456 3250 λέγοντες
2475 3197 2488 3210 ⁸
2525 3183 2638 3253 Οὐχ
2667 3177 2821 3246 οὗτός
2849 3185 2997 3236 ἐστιν
3017 3186 3045 3237 ὁ
3071 3183 3166 3236 τοῦ
3199 3183 3447 3246 τέκτονος
3471 3181 3596 3245 υίός;
3621 3181 3712 3232 Καί-

2205 3291 2287 3328 τοι
2318 3274 2370 3328 τί
2397 3275 2457 3329 τὸ
2489 3276 2698 3332 κωλῦον
2725 3270 2866 3329 εἶναι
2889 3275 3051 3330 αὑτὸν
3082 3275 3402 3346 θαυμαστὸν
3427 3274 3515 3328 καὶ
3536 3288 3712 3343 προσκν-

2207 3367 2404 3436 νητὸν;
2439 3367 2551 3436 Οὐχ
2575 3368 2708 3438 ὁρᾷς
2737 3367 2837 3421 ὅσα
2869 3368 3048 3432 ποιεῖς
3083 3367 3201 3420 Οὐκ
3233 3366 3448 3428 ἀκούεις
3473 3366 3559 3417 ὅσα
3584 3364 3710 3429 λέγει,

2212 3455 2343 3513 Εἶτα
2394 3459 2674 3530 κωμῳδεῖς
2719 3461 2811 3514 τὸν
2854 3461 3072 3530 πατέρα
3107 3459 3312 3526 αὐτοῦς
3349 3459 3541 3518 Ὄντως
3572 3453 3712 3524 ἀληθὲς

2207 3550 2295 3602 ἐπ’
2329 3551 2513 3614 αὐτοῖς
2561 3552 2737 3604 εἰπεῖν
2759 3565 2772 3580 ⁶
2821 3550 2954 3604 Ἰδοὺ
2985 3550 3114 3614 λαὸς
3159 3551 3345 3623 μωρὸς
3373 3549 3461 3602 καὶ
3490 3547 3710 3618 ἁκάρδιος⁶

2203 3640 2473 3712 ὀφθαλμοὶ
2522 3642 2724 3707 αὐτοῖς,
2773 3643 2958 3696 καὶού
3012 3642 3347 3714 βλέπουσιν·
3387 3633 3512 3704 ὦτα,
3555 3639 3628 3691 καὶ
3645 3635 3711 3688 οὐκ

2204 3732 2512 3788 ἀκούουσιν.
2560 3733 2618 3786 '0
2650 3733 2854 3802 Κύριος
2885 3733 2979 3788 οὖν
3010 3735 3064 3788 τί
3097 3751 3266 3804 φησιν
3307 3734 3514 3797 αὑτοῖςς
3546 3729 3708 3786 Πάντως

2203 3825 2378 3896 ἐρεῖτέ
2405 3843 2520 3896 μοι,
2549 3826 2632 3880 ὅτι
2676 3827 2764 3880 Ἐν
2791 3830 2859 3898 τῇ
2886 3828 3110 3900 πατρίδι
3138 3845 3236 3882 σου
3264 3828 3480 3897 ποίησον
3503 3823 3710 3891 θαυμάσια

2203 3919 2304 3972 ὃσα
2333 3919 2428 3972 καὶ
2454 3920 2512 3971 ὲν
2536 3919 2933 3989 Καπερναούμ.
2966 3919 3138 3974 Τοῦτο
3171 3921 3282 3992 γάρ
3312 3922 3424 3972 ἐστι
3467 3916 3537 3982 τὸ,
3571 3912 3708 3981 Ἰατρέ,

2205 4012 2545 4084 θεράπευσον
2570 4011 2797 4066 σεαυτόν
2817 4029 2830 4042 ’
2861 4013 3042 4076 κοινὸς
3079 4013 3189 4082 γὰρ
3213 4008 3282 4084 ἦν
3309 4012 3457 4080 λόγος
3490 4006 3616 4074 παρὰ
3631 4005 3708 4063 τοίς

2217 4107 2495 4170 Ἰουδαίοις
2521 4102 2698 4173 οὗτος,
2735 4109 2849 4170 τοῖς
2879 4105 3261 4179 ἀρῤωστοῦσιν
3304 4105 3498 4174 ἰατροῖς
3528 4095 3710 4160 ὲηλετά⁴

2206 4216 2388 4271 μενος.
2436 4199 2574 4252 Ἀλλ’
2607 4198 2719 4268 ἐγὼ
2749 4199 2894 4267 λέγω
2936 4198 3088 4269 ὑμῖν,
3121 4199 3204 4252 ὅτι
3246 4198 3469 4268 ἐποίησα
3509 4195 3565 4249 ἂν
3589 4187 3710 4244 πολλὰ

2207 4295 2409 4362 σημεῖα
2440 4294 2535 4347 καὶ
2566 4293 2694 4362 παρ’
2725 4293 2854 4362 ὑμῖν
2883 4293 2998 4356 τοῖς
3046 4293 3202 4361 ἐμοῖς
3263 4288 3602 4361 πατριώταις·
3631 4279 3711 4334 ἀλλ’

2125 4427 2181 4487 D
2206 4380 2324 4440 οἴδα
2351 4385 2412 4439 τὸ
2440 4385 2618 4439 κοινὸν
2655 4387 2750 4438 καὶ
2781 4384 2956 4439 ἆπασι
2983 4385 3282 4454 συμϐαῖνον
3309 4383 3488 4446 πάθος,
3511 4383 3711 4433 arturu-

2213 4476 2537 4548 φρονοῦνται
2568 4479 2663 4530 καὶ
2707 4477 2778 4530 τὰ
2808 4476 3067 4546 ἐξαίρετα
3107 4476 3218 4528 τῶν
3252 4476 3584 4547 πραγμάτων,
3621 4469 3710 4520 ὅταν

2215 4569 2291 4641 μὴ
2320 4569 2522 4623 σπάνια
2546 4565 2605 4645 ᾗ,
2648 4569 2788 4625 ἀλλὰ
2831 4570 2990 4622 κοινὰ
3032 4568 3129 4622 καὶ
3169 4568 3396 4639 συνήθη,
3439 4565 3523 4620 καὶ
3566 4561 3710 4618 πάντες

2209 4665 2302 4718 ἐπ’
2326 4663 2510 4727 ἀδείας
2533 4663 2732 4733 ἔχωσιν
2763 4660 3061 4716 ἀπολαύειν
3089 4662 3272 4715 αὐτῶν
3296 4679 3310 4694 ο
3341 4662 3424 4716 ἀεὶ
3449 4659 3546 4728 γὰρ
3568 4650 3709 4707 είώθα-

2215 4771 2300 4808 σιν
2328 4756 2376 4808 οι
2419 4754 2700 4828 ἄνθρωποι
2761 4752 2874 4808 τῶν
2925 4754 3025 4825 μὲν
3066 4752 3240 4819 ξένων
3285 4755 3376 4808 καὶ
3421 4747 3626 4805 σπανίων
3648 4739 3711 4793 καὶ

2211 4843 2518 4914 φροντίζειν
2548 4847 2644 4897 καὶ
2681 4843 3010 4914 θαυμάζειν,
3040 4844 3150 4896 τῶν
3185 4843 3242 4896 δὲ
3276 4840 3459 4897 κοινῶν
3485 4838 3567 4891 καὶ
3591 4830 3709 4896 συνή-

2213 4939 2321 4990 θων
2351 4937 2714 5008 καταφρονεῖν
2738 4952 2751 4966 ·
2783 4935 2872 4991 διὰ
2902 4935 3060 4990 τοῦτο
3085 4936 3264 5002 οὐδεὶς
3295 4935 3554 5006 προφήτης
3582 4924 3710 4994 τίμιός

2217 5030 2363 5082 ἐστιν
2388 5029 2446 5080 ἐν
2485 5029 2552 5097 τῇ
2581 5026 2799 5099 πατρίδι
2843 5026 3009 5080 αὐτοῦ
3031 5043 3048 5058 ·
3082 5026 3197 5081 ἀλλ’
3245 5028 3338 5081 ἐὰν
3366 5022 3563 5080 ἄλλοθέν
3594 5013 3708 5068 ποθεν

2215 5119 2369 5192 ἐλοῃ,
2403 5120 2779 5190 θαυμάζουσιν
2829 5119 3026 5173 αὐτόν·
3057 5118 3202 5173 οὕτω
3233 5120 3328 5172 καὶ
3376 5117 3462 5170 τὸν
3497 5108 3646 5164 Ἠλίαν
3671 5104 3708 5154 αἱ

2219 5213 2318 5283 μὲν
2343 5211 2439 5280 τῆς
2478 5210 2742 5271 Ἰουδαίας
2783 5211 2953 5282 χῆραι
2991 5210 3094 5264 οὐκ
3131 5211 3394 5275 ἐδέξαντο,
3427 5208 3456 5276 ἢ
3498 5199 3701 5283 δὲΣαρέ·

2216 5281 2346 5373 ιρθία
2389 5301 2638 5367 ἐδέξατο·
2691 5281 2840 5355 κα).νό
2907 5301 3210 5364 Ἐλισσαῐος
3257 5299 3347 5352 τὸν
3389 5296 3522 5363 ξένον
3559 5281 3706 5353 λεπΡδν

2213 5395 2508 5466 ἐκαθάρισε
2531 5433 2547 5460 ,
2597 5393 2782 5447 πίστιν
2832 5395 2910 5457 είς
2945 5395 3109 5448 αὑτὸν
3148 5390 3501 5460 ἐνδειξάμενον
3522 5397 3535 5411 '
3559 5379 3598 5432 οε
3629 5374 3704 5442 γάρ

2527 5489 2622 5542 καὶ
2677 5487 3100 5558 συίλτιίιτριῶται
3150 5483 3314 5540 αὑτοῦ
3354 5482 3447 5534 οὐκ
3489 5472 3704 5529 ἐπίστευον

2213 5582 2392 5652 αὐτῷ,
2444 5583 2539 5633 καί
2581 5579 2669 5634 διὰ
2708 5579 2866 5633 τοῦτο
2914 5580 3016 5633 οὐκ
3050 5575 3492 5648 ἐκαθαρίσθησαν.
3531 5559 3703 5652 Ὁμοίωϐ

2212 5670 2305 5728 οὖν
2364 5671 2516 5739 κάγὼ
2558 5671 2687 5740 ὑμῖν
2739 5671 2837 5739 μὲν
2867 5671 2980 5734 τοῖς
3025 5667 3359 5742 πατριώταις
3381 5663 3437 5717 οὐ
3456 5655 3574 5714 δοκῶ
3603 5651 3698 5704 θαυ⁹
