3896 6452
146 332 239 397 767

737 433 967 488 ΚΕΦΑΛ
1021 432 1096 486 E'.

151 576 280 643 ηερί
318 571 425 638 τῆς
465 571 653 640 ἄγρας
700 564 1280 643 t6?!1_069f._'ﬂepl
1323 564 1430 643 τεῇ
1471 563 1719 643 λεπροῦ.

216 635 347 708 ῘΙερί
372 635 481 697 τοῦ
505 635 940 710 ἇαρὰλυτικοῦ.
970 638 1108 706 Περὶ
1136 636 1284 693 Acut
1302 635 1408 710 τοῦ
1434 636 1722 710 τελώνου.

215 703 348 783 Περί
378 712 488 767 τοῦ
536 703 750 783 ἹῆοόὗΔ
787 703 1227 783 συνεσθίοντος
1256 704 1383 772 τοῖς
1414 703 1720 783 τελώναιςἶ

212 776 307 837 Aid
328 784 383 837 τί
398 785 454 838 οι
485 781 591 836 τοῦ
610 776 906 851 νἸωάνν-ου
923 780 1182 851 μαθηταί
1217 776 1650 851 νηστεύουσιν,
1670 777 1724 828 ol

215 856 279 907 δὲ
308 855 420 908 τοῦ
448 850 713 921 Χριστοῦ
736 851 875 920 οὐχί
896 840 940 914 ;’
1069 840 1080 847 ’
1282 840 1291 844 ⁷
1442 840 1455 857 ⁸

224 1011 241 1042 ι
290 988 548 1055 Ἐγένετο
571 985 628 1039 δὲ
659 986 717 1038 ἐν
748 985 824 1055 τῷ
868 984 958 1038 τον
992 983 1151 1055 ὄχλον
1206 981 1516 1037 ὲπικεῖσθαι
1553 976 1723 1048 αὐτῷ,

154 1082 237 1135 τοῦ
270 1078 496 1136 ἀκούειν
539 1076 628 1132 τὸν
651 1076 809 1145 λόγον
849 1075 942 1130 τοῦ
966 1074 1123 1136 Θεοῦ,
1156 1073 1253 1130 καὶ
1277 1072 1439 1137 αὐτος
1464 1065 1531 1144 ἦν
1557 1068 1727 1133 έστὼς

157 1173 293 1240 παρὰ
333 1167 433 1240 τὴν
475 1167 676 1238 λίμνην
717 1165 1082 1239 Γεννησαρέτ.
1120 1165 1232 1219 Καὶ
1280 1157 1387 1216 εἶδε
1424 1161 1516 1216 δύο
1567 1160 1726 1214 πλοῖα

158 1260 364 1315 ἑστῶτα
398 1258 554 1330 παρὰ
594 1260 692 1329 τὴν
741 1257 940 1330 λίμνην
967 1272 979 1285 ’
1011 1257 1062 1310 οἱ
1090 1256 1147 1310 δὲ
1189 1256 1379 1321 ἁλιεῖς,
1423 1252 1728 1316 ἀποϐάντες

157 1354 243 1407 ἀπ’
283 1350 487 1416 αὑτῶν,
539 1349 855 1404 ἀπέπλυνον
887 1349 957 1403 τὰ
999 1348 1225 1402 δίκτυον
1277 1345 1452 1418 ἐμϐὰς
1481 1345 1536 1399 δὲ
1566 1345 1644 1409 εἷς
1671 1344 1729 1398 ἓν

156 1442 253 1496 τῶν
284 1438 487 1495 πλοίων
516 1438 547 1494 ὃ
569 1433 637 1511 ἧν
664 1438 759 1493 τοῦ
816 1439 1080 1512 Σίμωνος,
1116 1435 1402 1509 ἠρώτησεν
1436 1435 1598 1489 αὑτὸν
1622 1434 1729 1489 ἀπὸ

158 1534 250 1603 τῆς
278 1530 380 1601 γῆς
404 1532 781 1600 ἐπαναγαγεῖν
809 1528 987 1598 ὀλίγον
1011 1546 1024 1560 °
1050 1530 1143 1582 mi.
1170 1527 1422 1591 καθίσας,
1456 1526 1728 1580 ἐδίδασκεν

159 1629 216 1680 ἐκ
242 1624 333 1680 τοῦ
364 1623 557 1679 πλοίου
586 1625 711 1688 τοὺς
768 1622 979 1693 ὄχλους.
1021 1621 1111 1685 Ὠς
1136 1621 1193 1675 δὲ
1231 1621 1505 1675 ἐπαύσατο
1531 1619 1727 1686 λαλῶν,

158 1715 267 1773 εἷπε
293 1718 429 1790 πρὸς
449 1718 544 1771 τὸν
572 1718 794 1787 Σίμωνα
815 1732 828 1747 ⁸
846 1716 1206 1784 Ἐπανάγαγε
1230 1716 1309 1778 εἰς
1331 1714 1392 1768 τὸ
1422 1713 1605 1785 βάθος,
1637 1714 1729 1767 καὶ

160 1810 416 1883 χαλάσατε
450 1809 523 1863 τὰ
573 1810 766 1863 δίκτυα
798 1808 952 1880 ὑμῶν
986 1809 1066 1872 εἰς
1097 1808 1275 1879 άγραν
1297 1823 1312 1838 θ
1359 1807 1455 1862 καὶ
1499 1808 1728 1876 ἀποκρι-

160 1901 261 1962 θεὶς
288 1901 316 1952 6
340 1897 551 1969 Σίμων,
583 1895 736 1952 εἶπεν
785 1898 965 1969 αύτῷ·
1007 1896 1328 1963 Ἐπιστάτα,
1364 1897 1432 1951 δι’
1465 1897 1593 1966 ὅλης
1628 1898 1728 1964 τῆς

158 1990 337 2054 νυκτός
398 1991 808 2057 κοπιάσαντες,
856 1990 1008 2045 οὐδὲν
1057 1989 1357 2061 ἐλάϐομεν,
1402 1990 1496 2042 ἐπὶ
1550 1987 1606 2042 δὲ
1650 1987 1728 2059 τῷ

163 2083 352 2154 ῥήματί
385 2099 481 2136 σου
515 2082 745 2153 χαλάσω
768 2082 827 2136 τὸ
850 2081 1083 2136 δίκτυον.
1118 2080 1230 2135 Καὶ
1282 2081 1438 2136 τοῦτο
1469 2080 1727 2149 ποιήσαν-

161 2192 261 2238 τες,
297 2173 659 2228 συνέκλεισαν
699 2174 900 2245 πλῆθος
946 2174 1143 2245 ἰχθύων
1174 2173 1327 2228 πολύ.
1364 2174 1727 2245 Διερρήγνυτο

163 2260 213 2314 δὲ
237 2261 291 2313 τὸ
320 2261 542 2315 δίκτυον
581 2262 761 2317 αὐτῶν
785 2279 799 2295 ⁸
836 2263 930 2316 καὶ
974 2265 1311 2317 κατένευσαν
1340 2264 1453 2325 τοῖς
1482 2264 1727 2333 μετόχοις

161 2355 258 2416 sci;
282 2355 336 2406 ὲν
372 2353 447 2424 τῷ
474 2353 657 2425 ἑτέρῳ
714 2353 906 2425 πλοίῳ,
946 2355 1040 2408 τοῦ
1072 2353 1325 2419 ἐλθόντας
1370 2351 1727 2406 συλλαϐέσθαι

164 2445 326 2508 αὐτοῖς
346 2460 360 2478 ο
390 2449 481 2499 καὶ
516 2441 688 2517 ἦλθον
722 2449 817 2501 καὶ
860 2446 1103 2518 ἔπλησαν
1135 2447 1420 2516 ἀμφότερα
1444 2445 1513 2499 τὰ
1545 2445 1726 2509 πλοῖα,

161 2539 285 2592 «ῖιστε
307 2538 628 2609 βυθίζεσθαι
647 2538 805 2593 αὐτά.
828 2522 977 2592 Ἰδὼν
1005 2518 1276 2609 δὲ’)ςεμων
1294 2536 1519 2610 Πέτρος,
1555 2553 1728 2608 προσ-

169 2632 313 2684 έπεσε
360 2634 469 2696 τοϊς
522 2634 716 2702 γόνασι
762 2631 857 2686 τοῦ
902 2631 1103 2702 Ἰησοῦ,
1139 2632 1343 2700 λέγων·
1382 2629 1607 2699 Ἔξελθε
1633 2631 1729 2685 ἀπ’

166 2718 306 2789 ἐμοῦ,
330 2721 411 2774 ὅτι
437 2721 592 2793 ἀνὴρ
631 2721 955 2794 ἁμαρτωλός
984 2722 1124 2792 εἰμι,
1156 2721 1357 2794 Κύριεο
1391 2719 1599 2793 θάμϐος
1622 2719 1731 2791 γὰρ

166 2814 434 2885 περιέσχεν
466 2816 645 2868 αὐτὸν
678 2816 775 2869 καὶ
803 2814 1012 2879 πάντας
1042 2814 1170 2879 τοὺς
1206 2814 1303 2868 σὺν
1334 2813 1504 2885 αὐτῷ,
1539 2814 1632 2867 ἐπὶ
1667 2816 1729 2886 τῇ

164 2903 294 2975 ἄγρα
315 2905 418 2959 τῶν
450 2905 685 2978 ἰχθύων,
784 2905 1100 2960 συνέλαϐον.
1154 2904 1387 2976 ⁹υμοίως
1411 2905 1468 2959 δὲ
1494 2906 1590 2959 καὶ
1624 2904 1732 2962 Ἰά-

169 2997 344 3062 κωϐον,
371 3000 464 3052 καὶ
522 2998 779 3070 Ἰωάννην
823 3000 971 3063 υἱοὺς
1014 2996 1325 3065 Ζεϐεδαίου,
1366 2999 1421 3054 οἳ
1443 2994 1584 3069 ἦσαν
1616 3014 1731 3053 κοι-

175 3089 313 3142 νωνοί
339 3090 416 3161 τῷ
444 3090 664 3162 Σίμωνι
686 3108 701 3123 ο
738 3091 835 3145 καὶ
867 3084 991 3145 εἷπε
1029 3091 1163 3162 πρὸς
1187 3092 1278 3145 τὸν
1312 3091 1533 3162 Σίμωνα
1562 3094 1590 3146 6
1627 3093 1733 3164 Ἰη-

178 3180 306 3246 σοῦς·
326 3184 412 3253 Μὴ
435 3182 630 3253 φοϐοῦ,
655 3185 763 3237 ἀπὸ
794 3184 886 3238 τοῦ
911 3181 1006 3237 νῦν
1022 3184 1119 3237 ἀνθ
1128 3182 1457 3258 ριῦπουςέσῃ
1473 3185 1586 3253 ζωγ
1596 3182 1734 3257 ρῶν*

179 3276 259 3327 καὶ⁵
306 3278 714 3346 καταγαγόντες
761 3277 829 3331 τὰ
863 3277 1024 3331 πλοῖα
1059 3278 1152 3331 ἐπὶ
1198 3278 1299 3349 τὴν
1328 3277 1454 3348 γῆν,
1512 3279 1739 3347 ἀφέντες

180 3363 393 3433 ἅπαντα,
449 3366 831 3440 ἠκολούθησαν
859 3367 1028 3439 αύτῷ.
1071 3387 1095 3422 ι
1118 3367 1312 3437 Φεύγει
1358 3368 1456 3439 μὲν
1484 3369 1511 3422 ό
1536 3368 1739 3438 Κύριος

182 3457 267 3526 τὴν
290 3459 462 3528 δόξαν,
486 3462 523 3533 ἡ
559 3460 617 3514 δὲ
660 3461 805 3526 τόσῳ
838 3461 1037 3533 μᾶλλον
1059 3461 1387 3517 καταδιώκει
1417 3460 1599 3516 αὐτόν.
1631 3459 1743 3514 Τοῦ·

182 3553 295 3619 γοῦν
315 3554 465 3625 ϐχλου
498 3557 880 3626 ἐπικειμένου,
909 3558 989 3620 εἰς
1010 3556 1074 3610 τὸ
1100 3556 1282 3610 πλοῖον
1310 3556 1615 3629 εἰσέρχεται
1633 3554 1739 3619 ’ὡς

182 3641 238 3696 ἄν
261 3643 359 3698 ἀπο
377 3645 477 3701 τού
495 3646 712 3714 πλοίου,
742 3647 967 3719 διδάσκῃ
990 3648 1118 3711 τοὺς
1142 3650 1203 3702 ὲν
1231 3647 1306 3721 τῷ
1330 3646 1569 3717 αἰγιαλῷ
1597 3647 1743 3700 ἱστα-

186 3732 379 3801 μένους,
422 3739 661 3793 πάντωνν
697 3739 845 3794 κατὰ
876 3739 1171 3811 πρόσωπον
1207 3736 1376 3793 αὑτοῦ
1418 3738 1612 3803 όντων,
1644 3738 1742 3792 καὶ

186 3826 391 3897 μηδενὸς
414 3832 664 3897 ἐλθόντος
697 3834 839 3887 κατὰ
873 3832 1067 3888 νώτου.
1088 3832 1245 3887 Ἐπεὶ
1271 3830 1331 3886 δὲ
1354 3831 1444 3884 τδν
1464 3830 1623 3902 ὄχλον
1645 3830 1745 3884 ὲδί-

182 3916 323 3982 ὃαξεν
359 3922 425 3976 ὲκ
451 3923 553 3977 τοῦ
587 3924 796 3985 πλοίου,
827 3925 929 3978 οὐκ
980 3923 1213 3995 ἄμισθον
1269 3922 1463 3994 ἀφίησι
1512 3922 1611 3975 τὸν
1644 3921 1742 3976 τοῦ

187 4006 354 4063 πλοίου
383 4013 679 4086 δεσπότην,
711 4012 848 4067 ἀλλὰ
873 4013 1077 4078 διπλῶς
1116 4012 1278 4067 αὑτὸν
1309 4012 1623 4083 εὐεργετεὶο
1657 4013 1745 4067 ότι

186 4114 237 4150 τε
264 4101 450 4172 ἰχθύων
480 4105 693 4177 πλῆθος
730 4104 877 4178 αὐτῷ
914 4106 1228 4178 ἐχαρίσατο,
1262 4108 1356 4161 καὶ
1377 4106 1462 4159 ὅτι
1493 4106 1749 4179 μαθητὴν

184 4191 332 4245 αὐτοῦ
358 4198 516 4270 ὲποιή
528 4215 675 4251 σατο.
702 4197 1001 4268 Θαύμασον
1025 4197 1081 4251 δὲ
1109 4198 1202 4252 τοῦ
1235 4198 1441 4271 Κυρίου
1470 4200 1571 4271 τὴν
1595 4200 1746 4254 οἰκο-

185 4284 378 4353 νομίαν,
409 4289 531 4355 πῶς
554 4289 787 4344 ἕκαστον
816 4290 905 4344 διὰ
932 4290 1043 4345 τῶν
1070 4292 1286 4345 οἰκείων
1304 4292 1401 4346 καὶ
1427 4292 1744 4365 συντρόφων

185 4374 481 4443 ἐφέλκεταιο
531 4380 613 4446 ὡς
640 4382 750 4454 γὰρ
790 4382 918 4445 τοὺς
973 4382 1181 4453 μάγους
1215 4382 1304 4435 διὰ
1345 4381 1440 4435 τοῦ
1491 4382 1739 4456 ἀστέρος,

874 318 1315 383 ENARRATIO
1354 317 1436 379 IN
1468 314 1966 380 EVANGELIUM
1999 314 2228 378 LUCAS.
2268 339 2333 353 -
2360 316 2517 379 CAP.
2548 316 2615 377 V.

1745 428 1800 490 Α

3293 313 3399 378 ’158

2433 425 2665 484 CAPUT
2713 424 2776 480 ν.

1825 565 1903 620 De
1931 575 2150 633 captura
2195 565 2436 633 piscium,
2489 562 2562 633 De
2590 562 2812 632 leproso.
2853 560 2927 615 De
2964 559 3287 633 pqralylico.
3324 562 3396 615 De

1899 630 2021 691 Levi
2067 630 2365 704 publicano.
2405 632 2477 686 De
2507 630 2714 704 Christo
2740 650 2858 688 cum
2886 630 3181 704 publicanis
3228 648 3400 704 come-

1896 702 2076 760 dente.‘
2118 704 2227 760 Cur
2263 704 2509 770 discipuli
2556 702 2784 758 Joannis
2820 703 3105 772 jejunum,
3149 702 3394 770 discipuli

1897 793 2014 830 vero
2039 775 2240 830 Christi
2281 774 2425 829 non?

1898 979 2062 1034 Vens.
2095 978 2242 1034 l-ll.
2292 997 2309 1030 ι
2347 975 2570 1032 Factum
2610 985 2695 1031 est
2736 984 2920 1030 autem
2953 989 3074 1029 cum
3111 976 3262 1029 turba
3296 974 3400 1027 ini-

1830 1075 2059 1129 mineret
2096 1055 2145 1127 ei
2192 1082 2249 1126 ut
2281 1072 2485 1125 audiret
2525 1071 2744 1124 verbum
2777 1067 2890 1133 Dei,
2942 1077 2996 1122 et
3049 1066 3168 1135 ipse
3223 1066 3399 1122 stabnt

1822 1166 1974 1231 juxta
2026 1175 2274 1234 stagnum
2322 1162 2679 1217 Genezaretlt.
2735 1161 2799 1216 Et
2856 1158 2989 1213 vidit
3039 1159 3172 1214 duas
3237 1173 3402 1211 naves

1829 1268 2038 1313 stantes
2096 1257 2161 1309 ad
2236 1265 2483 1327 stagnum
2530 1274 2544 1310 :
2588 1254 2884 1323 piscatores
2930 1262 3109 1306 autem
3173 1250 3403 1307 descen-

1830 1356 2104 1404 derantex
2136 1347 2261 1413 illis,
2288 1358 2337 1402 et
2381 1346 2669 1402 abluebant
2709 1347 2863 1402 retia.
2901 1345 3182 1415 Ingressus
3224 1352 3401 1398 autem

1831 1442 1884 1496 in
1918 1456 2077 1496 unam
2112 1442 2288 1493 navim
2327 1455 2446 1510 qua:
2482 1449 2598 1495 erat
2650 1439 2910 1501 Simonis,
2950 1437 3152 1509 rogavit
3187 1451 3309 1490 eum
3348 1444 3406 1490 rt

1831 1551 1858 1586 τι
1893 1543 2033 1587 terra
2076 1534 2369 1589 abduceret
2406 1534 2655 1604 pusillum
2681 1572 2696 1597 ,
2732 1542 2787 1588 et
2828 1531 3025 1587 sedens
3075 1529 3304 1585 docebat
3340 1530 3406 1581 (ὀ

1833 1625 1955 1680 navi
1988 1626 2217 1705 turbas;
2244 1623 2313 1680 Ut
2345 1627 2579 1681 cessavit
2624 1637 2804 1681 autem
2835 1624 3007 1695 loqui,
3046 1623 3179 1677 dixit
3210 1621 3275 1675 ad
3322 1620 3407 1676 Si-

1833 1732 2093 1771 monem:
2143 1714 2256 1772 Duc
2288 1716 2340 1771 in
2388 1714 2553 1771 altmn
2578 1756 2595 1782 ,
2635 1725 2687 1770 et
2731 1714 2913 1770 laxate
2947 1713 3085 1770 retia
3127 1721 3307 1766 vestra
3354 1712 3405 1762 in

1834 1817 2132 1879 capturam.
2168 1805 2233 1861 Et
2279 1809 2606 1878 respondens
2653 1805 2862 1874 Simon,
2915 1805 3051 1860 dixit
3099 1804 3174 1858 illi
3214 1825 3224 1859 :
3268 1802 3407 1855 Pra-

1835 1912 2046 1972 ceptor,
2090 1916 2185 1969 per
2233 1910 2400 1956 totam
2453 1895 2661 1955 noctem
2707 1900 3013 1954 laborantes
3061 1894 3227 1969 304
3275 1893 3405 1948 nihil

1834 1994 2097 2063 cepimus,
2141 2001 2322 2047 tamen
2356 2002 2448 2047 tuo
2473 1990 2628 2061 jussu
2672 1989 2864 2045 laxabo
2893 1997 3029 2043 rete.
3056 1986 3123 2041 Et
3152 2002 3274 2043 cum
3307 1985 3409 2040 hoc

1836 2087 2116 2151 fecissent,
2168 2084 2549 2141 concluserunt
2596 2082 2825 2154 piscium
2875 2079 3272 2136 multitudinem
3318 2093 3407 2132 co-

1834 2181 2062 2250 piosam.
2110 2178 2479 2249 Rumpcbatur
2521 2187 2699 2233 autem
2743 2186 2857 2232 rete
2887 2189 3097 2232 eorum.
3132 2170 3196 2226 Et
3236 2188 3409 2225 anuu-

1833 2282 1995 2329 erunt
2025 2272 2191 2327 sociis
2218 2270 2307 2341 qni
2343 2279 2496 2326 erant
2528 2270 2580 2325 in
2618 2269 2787 2325 altera
2815 2267 2962 2332 navi,
2995 2274 3055 2321 ut
3083 2265 3330 2319 venirent
3354 2272 3409 2317 et

1836 2368 2156 2435 adjuvarent
2196 2365 2363 2435 ipsos.
2411 2363 2477 2419 Et
2524 2372 2810 2429 venerunt,
2857 2371 3017 2430 atque
3050 2357 3411 2430 impleverunt

1838 2458 2026 2513 ambas
2057 2472 2245 2521 naves,
2285 2456 2358 2512 ita
2387 2466 2447 2511 ut
2480 2464 2869 2527 mergerentur.
2900 2444 3054 2521 Quod
3096 2466 3220 2507 cum
3258 2450 3410 2504 vidc-

1838 2560 1917 2604 ret
1945 2549 2131 2606 Simon
2167 2548 2359 2604 Petrus
2383 2590 2399 2616 ,
2431 2547 2625 2602 accidit
2662 2547 2728 2602 ad
2760 2560 2932 2616 genua
2982 2545 3133 2607 Jesu,
3171 2544 3358 2600 dicens
3390 2559 3405 2597 :

1840 2642 2063 2698 Discede
2107 2657 2135 2695 a
2173 2657 2281 2710 me,
2333 2640 2587 2704 Domine,
2625 2642 2749 2711 quia
2781 2639 2941 2694 homo
2973 2644 3227 2708 peccator
3267 2651 3407 2692 sum.

1841 2735 2043 2805 Stupor
2084 2736 2226 2789 enim
2270 2734 2705 2790 circumdederat
2755 2747 2918 2796 eum,
2972 2738 3028 2785 et
3071 2722 3262 2785 omnes
3318 2727 3408 2797 qui

1838 2843 1959 2883 cum
1985 2827 2077 2883 illo
2102 2827 2339 2894 fuerant,
2368 2841 2531 2897 super
2560 2834 2780 2896 captura
2814 2823 3040 2895 piscium
3074 2838 3233 2891 quam
3265 2819 3349 2876 fec
3369 2838 3406 2859 ’-

1840 2932 2005 2977 rant:
2041 2920 2291 2977 similiter
2330 2930 2511 2975 autem
2563 2916 2821 2972 Jacobutu
2852 2925 2906 2970 et
2951 2913 3214 2969 Joannem
3270 2915 3408 2970 filios

1840 3010 2107 3077 Zebedmi,
2143 3012 2235 3085 qui
2264 3021 2417 3068 erant
2446 3011 2577 3067 socii
2605 3009 2832 3066 Simoni.
2852 3009 2915 3064 Et
2950 3007 3026 3062 ait
3046 3009 3109 3061 ad
3136 3007 3410 3063 Simonem

1838 3102 1999 3163 Iesus
2046 3127 2058 3162 :
2103 3102 2179 3161 Nc
2222 3117 2465 3172 metuas,
2523 3104 2750 3173 posthac
2804 3102 3051 3157 homines
3100 3102 3301 3177 capies.
3346 3098 3413 3152 Et

1840 3198 2120 3256 subductis
2171 3196 2225 3252 in
2263 3205 2461 3252 terram
2508 3193 2758 3258 navibus,
2801 3191 3004 3252 relictis
3043 3191 3294 3246 omnibus
3329 3204 3416 3243 St-

1840 3295 1948 3349 cuti
1980 3303 2107 3348 sunt
2135 3306 2280 3347 eum.
2322 3311 2340 3343 ι
2373 3287 2529 3357 Fugit
2562 3287 2824 3342 Dominus
2853 3283 3100 3357 gloriam,
3138 3298 3258 3353 qum
3290 3298 3410 3334 eum

1841 3388 1910 3441 ob
1953 3386 2055 3440 hoc
2102 3383 2273 3456 magis
2307 3380 2655 3452 sequebatur.
2699 3377 2865 3448 Igitur
2894 3387 3123 3446 urgente
3169 3374 3323 3428 turba
3361 3376 3411 3426 in

1842 3476 2023 3532 navim
2061 3473 2384 3543 ingreditur,
2433 3480 2492 3526 ut
2534 3467 2679 3525 vela
2728 3482 2864 3523 nave
2911 3467 3103 3521 doceat
3146 3466 3199 3519 in
3235 3464 3416 3518 littore

1841 3575 2072 3630 stantes,
2100 3564 2354 3620 omnibus
2379 3576 2410 3617 e
2433 3560 2651 3631 regione
2687 3557 3148 3629 comparentibus,
3181 3566 3236 3613 et
3269 3556 3415 3610 nullo

1843 3674 1872 3713 a
1906 3671 2056 3727 tergo
2095 3657 2360 3711 veniente.
2404 3652 2699 3723 Postquam
2747 3661 2926 3705 autem
2971 3654 3185 3704 turbam
3216 3663 3245 3701 a
3290 3648 3412 3703 navi

1843 3751 2044 3812 docuit,
2070 3749 2347 3803 dominum
2374 3748 2527 3800 navis
2554 3759 2660 3799 non
2683 3744 2905 3814 reliquit
2932 3743 3416 3815 irremuneratttm,

1844 3844 1936 3898 sed
1990 3838 2240 3895 bifatiam
2292 3839 2341 3893 ei
2393 3835 2682 3903 benefecit,
2727 3837 2851 3906 quia
2906 3844 2962 3890 et
3014 3834 3412 3888 multitudinem

1844 3934 2068 4004 pisi°ium
2103 3933 2152 3987 ei
2195 3930 2439 3997 donavit,
2475 3938 2529 3984 et
2571 3927 2893 3998 discipulum
2931 3941 3086 3980 suum
3123 3924 3271 3980 fecit.
3303 3924 3415 3979 Ad-

1845 4027 2044 4080 mirare
2076 4034 2254 4079 autem
2283 4022 2492 4077 Domini
2520 4019 2998 4093 dispensatiOnem,
3027 4017 3296 4093 quomodo
3323 4032 3417 4086 per

1846 4115 2061 4186 propria
2106 4127 2161 4171 et
2195 4113 2483 4170 familiaria
2519 4128 2618 4170 sua
2664 4126 2936 4184 quemque
2973 4111 3198 4166 attrahit
3233 4127 3248 4164 ι
3277 4111 3419 4165 sicut

1848 4220 2035 4279 magos
2072 4222 2169 4276 per
2215 4205 2449 4273 stellam,
2500 4205 2572 4261 ita
2620 4214 2675 4262 et
2723 4205 3022 4275 piscatores
3074 4216 3173 4272 per
3218 4202 3417 4271 pisces.

1843 4296 2014 4352 Porro
2038 4294 2239 4352 Christi
2270 4294 2739 4351 mansuetudinem
2778 4292 2921 4357 vide,
2951 4293 3218 4361 quomodo
3262 4291 3420 4345 obse-

1844 4400 1960 4444 cret
1990 4387 2206 4444 Petrnm
2232 4396 2288 4442 ut
2315 4402 2344 4442 a
2372 4398 2513 4443 terra
2536 4387 2769 4443 abducat
2794 4401 2809 4440 :
2837 4384 3047 4455 rogavit
3073 4384 3240 4449 enim,
3275 4382 3415 4438 idem

185 4464 313 4523 οὕτω
339 4475 429 4527 καὶ
457 4475 589 4539 τοὺς
644 4474 815 4539 ἁλιεῖς
846 4474 935 4528 διὰ
962 4476 1072 4528 τῶν
1122 4475 1341 4547 ἰχθύων.
1383 4476 1528 4548 Ὅρα
1555 4476 1612 4530 δὲ
1644 4475 1735 4530 τοῦ

1847 4491 1930 4536 est
1956 4481 2097 4550 quod
2121 4479 2466 4535 obsecravit:
2504 4479 2596 4533 sed
2623 4487 2677 4534 et
2706 4479 2974 4547 quomodo
3021 4475 3216 4531 Petrus
3247 4475 3418 4531 mori-

185 4558 405 4631 Χριστοῦ
430 4568 533 4639 τὴν
560 4566 886 4632 ἐπιείκειαν,
917 4566 1036 4630 πῶς
1071 4567 1383 4638 παρακαλεῖ
1407 4569 1499 4623 τὸν
1536 4569 1755 4640 Πέτρον·

185 4650 281 4706 ἀπὸ
301 4656 396 4727 τῆς
436 4659 543 4730 γῆς
574 4661 943 4729 ἐπαναγαγεῖν
964 4676 981 4690 ο
1007 4659 1069 4713 τὺ
1113 4661 1244 4732 γὰρ,
1272 4659 1579 4733 ἠρώτησεν,
1621 4661 1747 4715 ἀντὶ

184 4744 288 4810 τοῦ,
320 4752 662 4822 παρεκάλεσε
709 4753 841 4807 νόει⁶
890 4752 1027 4807 ἀλλὰ
1073 4750 1170 4807 καὶ
1198 4754 1226 4807 ό
1265 4754 1492 4824 Πέτρος,
1527 4752 1645 4818 πῶς
1672 4749 1745 4825 ἦν

185 4838 446 4913 εὐπειθὴς,
483 4844 627 4899 ὥστε
663 4845 971 4918 ἄνθρωπον,
1007 4845 1191 4899 δνοὼι
1212 4844 1350 4917 ᾔδει,
1377 4843 1744 4910 ὑποδέξασθαί

186 4943 235 4979 τε
260 4930 334 4995 εις
363 4934 423 4987 τὸ
448 4936 635 4991 πλοῖον
663 4936 850 5002 αὑτοῦ,
893 4939 989 4991 καὶ
1020 4937 1197 4990 πάντα
1220 4933 1395 4991 αύτοᾶ
1413 4935 1740 4991 ὑπακούειν

186 5016 252 5082 ὡς
277 5024 378 5097 γὰρ
423 5023 579 5085 εἷπεν
615 5028 764 5101 αὐτῷ
817 5031 1188 5098 ἐπαναγαγεῖν
1219 5029 1298 5092 εἰς
1326 5028 1389 5083 τὸ
1417 5027 1598 5101 βάθος,
1643 5028 1755 5083 οὐκ

190 5109 638 5193 ἅπεδυσπέτησεν,
681 5121 793 5177 οὐδ’
825 5116 970 5187 εἶπε,
1004 5123 1089 5175 Δι’
1118 5122 1247 5193 ὅλης
1277 5123 1377 5192 τῆς
1424 5122 1619 5186 νυκτὸς
1648 5138 1743 5176 κο-

192 5207 374 5276 πιάσας
406 5216 501 5270 καὶ
552 5215 720 5289 μηδὲν
766 5216 1056 5289 κερδάνας,
1093 5215 1190 5270 νῦν
1237 5215 1323 5270 σοὶ
1354 5215 1741 5288 πεισθήσομαι,

194 5301 271 5350 ιαὶ
297 5302 563 5379 δευτέροις
600 5310 784 5373 πόνοις
823 5308 1060 5381 ἐμαυτὸν
1088 5309 1372 5376 somehow;
1406 5306 1574 5363 Οὐδὲν
1617 5309 1743 5363 τού-

196 5403 284 5443 των
312 5393 477 5466 εἶπεν,
508 5401 645 5455 ἀλλὰ
684 5402 1050 5472 μᾶλλον,Ἐπί
1070 5400 1151 5474 τῷ
1180 5404 1385 5475 ῥήματί
1410 5419 1502 5456 σου
1520 5402 1743 5474 χαλάσω

199 5478 245 5530 ιδ
271 5480 475 5543 δίκτυον
491 5508 511 5524 οη
547 5492 722 5555 οὕτως
762 5490 833 5565 ἦν
863 5494 963 5566 τὴν
1015 5494 1201 5548 πίστιν
1245 5495 1447 5567 θερμὸς
1493 5497 1587 5550 καὶ
1637 5493 1743 5566 πρδ

201 5568 279 5639 ﬁt:
309 5577 540 5649 πίστεως
560 5601 575 5616 ·
610 5584 734 5638 ὃθεν
762 5586 857 5641 καὶ
883 5588 1171 5652 τοσούτους
1205 5587 1397 5658 ἰχθύας
1431 5587 1743 5658 συλλαμϐάο

203 5677 285 5729 ιιι,
312 5666 446 5725 ὥστε
476 5677 554 5749 μὴ
599 5677 902 5751 δυνάμενος
951 5679 1174 5745 τούτους
1226 5682 1473 5745 ἑλκύσαι,
1506 5682 1600 5734 καὶ
1630 5682 1742 5744 τοῖς

203 5758 424 5831 μετάγοις
452 5770 620 5837 νεύει,
656 5774 927 5836 τουτέστι.
968 5776 1079 5840 τοῖς
1128 5778 1403 5839 κοινωνοῖς
1446 5776 1558 5838 τοῖς
1583 5776 1641 5827 ἐν
1665 5774 1742 5839 τῷ

1844 4588 2006 4642 gerus
2036 4572 2220 4638 fuerit,
2260 4573 2331 4627 ita
2363 4580 2422 4627 ut
2457 4572 2729 4627 hominem
2758 4582 2918 4640 quem
2953 4583 3058 4623 non
3093 4569 3324 4635 viderat,
3360 4570 3416 4625 in

1845 4664 2023 4719 navim
2059 4678 2212 4719 suam
2244 4662 2565 4733 susceperit,
2595 4670 2649 4715 et
2677 4661 2725 4716 ei
2765 4662 2819 4716 in
2848 4661 3101 4716 omnibus
3132 4659 3415 4715 obedierit.

1843 4750 1976 4809 Nam
2006 4762 2064 4809 ut
2089 4754 2225 4809 dixit
2263 4754 2310 4809 ei
2340 4753 2489 4821 quod
2509 4754 2799 4807 abduceret
2832 4752 2885 4806 in
2934 4749 3279 4821 profundum,
3305 4763 3411 4805 non

1844 4846 2051 4911 abnuit,
2086 4861 2261 4916 neque
2289 4846 2446 4909 dixit,
2495 4843 2599 4899 Per
2626 4854 2790 4899 totam
2823 4853 3037 4899 noctem
3067 4842 3330 4909 laboravi,
3363 4846 3419 4898 et

2006 4949 2330 4992 consecutus
2360 4950 2519 5001 sum;
2582 4948 2732 4989 nunc
2765 4933 2861 4988 tibi
2895 4946 3171 5001 parerem,
3199 4943 3254 4986 et
3294 4932 3416 4986 aliis

1844 5027 2152 5100 fatigandus
2178 5027 2455 5083 laboribus
2489 5025 2895 5083 incumberent?
2927 5023 3025 5079 sed
3049 5024 3144 5087 ait,
3171 5020 3229 5075 lu
3252 5022 3416 5077 verbo

1847 5129 1941 5176 tuo
1993 5119 2191 5174 laxabo
2247 5126 2384 5174 rete.
2435 5118 2585 5174 Adeo
2638 5116 2882 5172 fervebat
2927 5117 3033 5172 nde
3074 5115 3240 5172 etiam
3290 5125 3418 5173 ante

1846 5212 2005 5269 fidem
2040 5228 2058 5268 :
2091 5213 2232 5269 unde
2256 5222 2311 5269 et
2339 5220 2519 5267 tantos
2552 5211 2725 5282 pisces
2749 5208 3179 5280 comprehendit,
3212 5218 3269 5264 ut
3297 5209 3418 5264 illos

1848 5321 1953 5362 non
2002 5305 2241 5375 potuerit-
2290 5306 2529 5369 trahere,
2558 5311 2613 5358 et
2656 5303 2913 5357 annuerit
2945 5300 3133 5365 sociis,
3179 5301 3280 5357 hoc
3334 5310 3421 5356 est

1845 5399 2197 5469 participibus
2220 5398 2275 5452 in
2303 5396 2405 5451 alia
2428 5393 2721 5451 navi.Nutn
2741 5403 2921 5450 autem
2950 5394 3071 5449 illos
3093 5405 3271 5459 vocat,
3289 5393 3415 5463 quia

1845 5499 2071 5562 propter
2103 5497 2378 5558 stuporem
2430 5502 2684 5557 magnum
2734 5488 2880 5556 loqui
2923 5486 3196 5556 nequibat.
3246 5485 3417 5540 Porro

1848 5583 2011 5636 multa
2045 5579 2348 5636 reverentia
2372 5580 2569 5635 Petrus
2607 5588 2761 5649 rogat
2788 5576 2969 5634 Jesum
3007 5588 3063 5633 ut
3092 5578 3212 5631 navi
3249 5591 3414 5631 exce-

1846 5678 1955 5742 dat,
1990 5682 2324 5746 peccatorem
2359 5673 2596 5742 seipsum
2628 5671 2837 5737 dicens,
2876 5682 2931 5727 et
2960 5671 3239 5738 indignum
3271 5667 3415 5721 illius

1846 5769 2275 5827 conversatione.
2317 5766 2440 5824 llxc
2466 5768 2633 5823 ctiam
2668 5782 2761 5837 per
2796 5767 3107 5836 anagogiam
3148 5765 3191 5821 si
3221 5765 3301 5820 vis
3329 5766 3413 5815 in.
