3896 6452
488 334 594 397 7'39

1382 338 1958 403 THEOPHYLACTI
1989 344 2400 406 BULGARH!
2434 347 2770 410 ARCHIEP

3603 365 3689 433 760

491 451 720 520 telligas.
775 447 938 506 Navis
982 459 1063 506 est
1091 450 1397 508 Judscornm
1436 455 1718 528 Synagoga
1743 498 1758 523 ,
1799 469 1852 512 et
1883 458 2057 514 Petrus

2180 461 2352 531 ἑτέρῳ
2385 462 2558 534 πλοίῳ
2574 479 2588 494 ·
2608 465 2697 519 διὰ
2722 464 2993 536 νεύματος
3019 465 3077 520 δὲ
3101 466 3295 533 αὐτοὺς
3323 476 3686 541 προσκαλεῖται-

488 546 625 611 gerit
659 556 841 613 typum
885 545 1168 599 doctorum
1219 545 1374 616 legis.
1424 547 1830 605 Laboraverttnt
1883 562 2060 605 autem

489 651 584 702 per
633 647 799 687 t0tam
856 643 1066 688 noctem
1097 636 1348 692 doctores
1390 641 1480 708 qtti
1521 650 1647 693 ante
1677 640 1950 695 Christum
1985 641 2068 696 fu-

421 742 437 749 ·
487 737 669 785 animt.
699 725 933 798 Tempus
990 729 1130 781 enim
1163 739 1288 783 ante
1318 730 1435 798 ejus
1463 733 1748 786 adventum
1788 751 1891 789 nox
1925 742 2063 798 erat,

488 827 542 870 et
577 817 709 871 nihil
752 819 1284 887 comprehenderunt
1328 839 1342 875 :
1377 832 1658 891 postquam
1711 834 1889 878 autem
1919 825 2067 880 venit

488 911 762 975 Christus,
795 911 1020 981 diesque
1065 911 1243 967 factus
1274 923 1376 977 est,
1420 900 1648 982 apostoli
1689 916 1742 970 iu
1773 915 1950 971 locum
1979 916 2060 970 le-

487 994 568 1074 gis
599 1006 878 1060 doctorum
923 1005 1215 1074 surrogati,
1260 1007 1312 1060 in
1354 1006 1515 1060 verbo
1557 1007 1697 1076 ejus,
1742 1007 1844 1062 hoc
1879 1019 1963 1064 est
2009 1009 2062 1064 in

490 1109 760 1167 praecepto
806 1098 944 1168 ejus,
996 1097 1178 1152 laxant
1228 1108 1342 1152 rete
1391 1097 1686 1167 Evangelii,
1730 1110 1785 1154 et
1820 1101 2064 1156 multitu-

487 1188 668 1244 dinem
705 1190 984 1244 hominum
1016 1201 1301 1245 venantur.
1335 1191 1445 1245 Soli
1483 1201 1662 1247 autem
1698 1195 1925 1263 apostoli
1957 1209 2062 1249 non

488 1293 716 1346 ttOssunt
771 1285 990 1339 trahere
1031 1295 1143 1339 rete
1201 1285 1456 1354 piscium,
1504 1296 1859 1356 annuuntque
1901 1287 2064 1342 sociis

487 1373 620 1439 suis,
656 1383 710 1428 et
731 1377 1154 1441 communicant,
1178 1386 1234 1431 et
1262 1393 1383 1431 cum
1414 1379 1494 1432 eis
1526 1377 1763 1434 trahunt.
1796 1377 1861 1433 lli
1883 1390 2061 1435 autem

486 1464 647 1537 305
683 1477 809 1523 sunt
832 1478 1077 1537 pastores
1111 1479 1166 1524 et.
1198 1472 1449 1525 doctores
1472 1471 1836 1528 Ecclesiarum
1867 1473 1918 1526 in
1951 1475 2063 1528 sitt-

489 1559 630 1628 gulis
665 1561 1001 1629 temporibus
1046 1561 1139 1632 qui
1177 1563 1604 1631 interpretantur
1628 1574 1682 1619 et
1721 1565 1913 1621 docent
1937 1581 2065 1635 apo-

487 1649 698 1716 stolica,
761 1652 1089 1722 trahuntque
1156 1670 1278 1710 cum
1344 1655 1623 1724 apostolis,
1673 1664 1734 1711 ut
1788 1659 2062 1726 piscemur

487 1742 753 1797 homines.
791 1743 1172 1799 Animadverte
1214 1746 1340 1800 item
1375 1757 1431 1801 et
1471 1748 1764 1803 dictionem
1795 1787 1810 1813 ,
1853 1747 2062 1804 Laxare

488 1845 619 1889 rete.
652 1834 1002 1906 Evangelium
1038 1839 1181 1892 enim
1225 1850 1308 1894 est
1342 1850 1476 1903 rete,
1511 1843 1812 1896 orationem
1856 1842 2061 1898 habens

485 1927 739 1981 humilem
773 1939 826 1982 et
855 1929 1178 1997 pedestrem,
1217 1941 1270 1986 et
1315 1933 1379 1984 ad
1423 1933 1727 1986 auditorum
1777 1933 2062 1988 infirmita-

487 2032 590 2072 tem
618 2033 676 2073 se
707 2029 1157 2090 attemperantem
1193 2041 1204 2078 :
1239 2031 1293 2077 et
1317 2022 1521 2077 idcirco
1551 2024 1749 2078 dicitur
1773 2024 1965 2081 laxari.
2002 2025 2059 2080 Si

485 2113 568 2167 eui
599 2123 779 2166 autem
814 2121 870 2168 et
901 2129 1154 2168 sensuum
1187 2115 1523 2183 profunditas
1552 2116 1846 2185 signiﬁcari
1883 2119 2066 2175 videa-

485 2217 572 2259 tur
619 2221 714 2272 per
764 2205 1090 2260 laxationem
1151 2209 1320 2271 retis,
1386 2223 1561 2278 neque
1613 2208 1788 2278 ipsum
1849 2227 1878 2266 a
1935 2227 2063 2268 vero

484 2297 713 2352 abludit.
745 2298 1003 2369 lmpletur
1033 2299 1174 2354 enim
1210 2307 1263 2354 et
1303 2300 1402 2354 hoc
1430 2300 1709 2370 propheta:
1749 2303 1839 2373 qui
1871 2304 2002 2359 dicit
2041 2322 2055 2358 :

489 2410 506 2439 ι
543 2390 680 2445 Ecce
709 2406 808 2461 ego
844 2393 1001 2445 mitto
1030 2392 1326 2461 piscatores
1353 2393 1574 2457 multos,
1617 2394 1749 2449 dicit
1778 2395 2055 2465 Dominus,

481 2491 536 2536 et
579 2491 762 2551 postea
795 2483 1004 2536 mittam
1035 2482 1233 2538 multos
1283 2493 1589 2550 venatores,
1621 2495 1674 2540 et
1718 2486 2059 2544 venabuntur

480 2573 600 2628 illos
640 2574 686 2605 "
729 2591 742 2627 :
790 2593 808 2627 ι
864 2575 1160 2645 piscatores
1223 2576 1436 2646 quidem
1506 2591 1723 2633 sanctos
1780 2580 2055 2648 apostolos

480 2680 723 2732 vacans,
781 2679 1066 2724 venatores
1140 2679 1319 2723 autem
1393 2684 1488 2725 eos
1565 2671 1656 2740 qui
1723 2675 2056 2744 temporibus

478 2761 829 2829 sequentibus
878 2761 1048 2815 ltabiti
1112 2770 1236 2816 sunt
1290 2764 1540 2818 doctores
1592 2747 1980 2822 Ecclesiarum-
2005 2777 2061 2824 et

478 2856 736 2923 praefecti.

2171 554 2358 624 ἐπειδὴ
2391 553 2481 608 διὰ
2511 555 2609 628 τὴν
2637 557 2730 611 ἐπὶ
2757 560 2821 630 τῇ
2853 559 3002 630 ἄγρᾳ
3032 557 3314 631 ἔκπληξιν,
3341 563 3456 618 οὐδὲ
3497 567 3686 640 λαλῆσαι

2169 643 2400 714 ἠδύνατο
2424 663 2438 678 ο
2471 647 2580 711 ἀπὸ
2609 648 2808 720 πολλῆς
2858 650 2914 704 δὲ
2940 651 3222 717 εὐλαϐείας
3254 656 3283 709 6
3315 656 3504 727 Πέτρος
3527 675 3688 732 uaga...

2169 739 2345 792 τεϊται
2367 738 2458 793 τὸν
2487 741 2697 809 Ἰησοῦν
2717 742 2814 796 τοῦ
2835 743 2910 814 μὴ
2931 740 3070 800 εἶναι
3100 747 3158 798 ὲν
3174 747 3250 817 τῷ
3272 749 3456 818 πλοίῳ,
3477 753 3690 824 ἀμαρτω-

2169 829 2260 884 λδν
2292 831 2487 887 ἑαυτὸν
2506 833 2700 900 λέγων,
2729 837 2823 888 καὶ
2853 838 2954 890 ούκ
2977 837 3126 904 ἀξιον
3155 839 3245 892 τοῦ
3269 841 3456 913 ἐκείνῳ
3479 849 3686 903 συνεῖναι.

2169 922 2384 993 Νόησον
2415 923 2472 977 δὲ
2497 926 2670 981 ταῦτα
2711 929 2804 981 καὶ
2835 930 2980 982 κατά
3014 932 3329 1002 ἀναγωγὴν,
3360 935 3406 987 εί
3434 935 3605 1000 θέλεις.
3635 941 3689 994 Τδ

2168 1011 2357 1070 πλοῖόν
2387 1018 2533 1071 ἐστιν
2565 1019 2598 1089 ή
2626 1020 2734 1073 τῶν
2786 1021 3055 1074 Ἰουδαίων
3096 1023 3427 1097 Συναγωγή·
3473 1029 3499 1081 6
3528 1029 3689 1103 Πέτρος

2167 1108 2340 1162 τύπον
2370 1109 2558 1181 ἐπέχει
2585 1111 2693 1166 τῶν
2729 1114 2786 1166 ὲν
2814 1114 2892 1184 τῷ
2936 1115 3087 1186 νόμῳ
3114 1116 3447 1173 διδασκάλων
3465 1137 3478 1151 ο
3509 1123 3690 1179 Exuuia-

2174 1219 2272 1254 σαν
2315 1201 2410 1256 οῦν
2453 1203 2520 1258 δι’
2570 1205 2700 1276 ὅλης
2757 1207 2856 1277 τῆς
2891 1209 3088 1271 νυκτὸς
3143 1210 3194 1262 οἱ
3234 1210 3340 1281 πρὸ
3382 1212 3469 1266 τοῦ
3499 1214 3692 1285 Χριστοῦ

2169 1294 2480 1350 διδάσκαλοι
2515 1296 2634 1368 (νὺξ
2678 1299 2788 1369 γάρ
2812 1301 2840 1352 ὁ
2870 1301 2976 1371 πρὸ
3024 1301 3127 1371 τῆς
3168 1303 3406 1373 Χριστοῦ
3448 1307 3694 1379 ἐπιδημίας

2172 1385 2406 1456 καιρὸς),
2438 1387 2530 1439 καὶ
2555 1387 2708 1440 οὐδὲν
2730 1388 2946 1443 ἔλαϐον.
2977 1389 3254 1456 Ἐλθόντος
3285 1392 3340 1446 δὲ
3365 1392 3455 1447 τοῦ
3481 1396 3691 1466 Χριστοῦ,

2169 1478 2268 1530 καὶ
2289 1477 2506 1549 ἡμέρας
2553 1479 2877 1551 γενομένης,
2910 1481 2991 1544 είς
3015 1481 3108 1534 τὸν
3137 1483 3304 1536 τόπον
3334 1484 3440 1538 τῶν
3467 1489 3695 1556 νομοδιδα-

2171 1571 2388 1625 σκάλων
2425 1569 2673 1636 τεθέντες
2697 1571 2744 1625 οί
2771 1573 3081 1640 ἀπόστολοι,
3104 1576 3198 1629 ἐπὶ
3223 1575 3303 1647 τῷ
3333 1579 3525 1648 ῥήματι
3544 1581 3692 1646 αὑτοῦ,

2169 1663 2449 1718 τουτέστιν
2494 1665 2588 1717 ἐπὶ
2628 1668 2692 1737 τῇ
2755 1667 3086 1739 προστάξει,
3142 1668 3354 1739 χαλῶσι
3417 1670 3474 1723 τὸ
3524 1671 3694 1728 δίκτυον

2168 1758 2261 1812 τοῦ
2305 1758 2662 1827 Εὐαγγελίου,
2711 1761 2806 1814 καὶ
2844 1760 3049 1831 πλῆθος
3092 1761 3399 1832 ἀνθρώπων
3450 1764 3690 1836 ζωγροῦσι.

2171 1851 2336 1905 Μόνοι
2394 1852 2452 1906 δὲ
2511 1852 2561 1905 οι
2621 1851 2912 1906 ἀπόστολοι
2965 1854 3028 1906 ού
3086 1852 3344 1908 δύνανται
3412 1855 3610 1910 ἑλκύσαι
3651 1859 3693 1912 τὸ

2169 1945 2382 2000 δίκτυον
2417 1945 2528 2000 τῶν
2571 1945 2792 2017 ἰχθύων,
2836 1946 2930 2000 καὶ
2963 1945 3178 2000 νεύουσι
3218 1947 3319 2000 καὶ
3356 1948 3466 2011 τοῖς
3495 1948 3694 2018 μετόχοις

2169 2038 2350 2092 αὐτῶν
2384 2038 2477 2094 καὶ
2510 2042 2810 2104 κοινωνοῖς,
2841 2038 2938 2092 καὶ
2967 2038 3315 2110 συναίρονται
3357 2039 3546 2103 αὐτοῖς.
3572 2037 3693 2095 Οὗτοι

2168 2129 2224 2182 δέ
2256 2130 2395 2184 εἰσιν
2431 2131 2480 2184 οἱ
2533 2130 2656 2183 καθ’
2689 2129 2955 2194 ἑκάστους
2988 2129 3218 2201 καιροὺς
3254 2129 3506 2200 ποιμένες
3532 2132 3610 2185 καὶ
3633 2131 3690 2185 δι·

2165 2221 2424 2278 δάσκαλοι
2457 2223 2570 2278 τῶν
2612 2222 2977 2294 Ἑκκλησιῶν,
3006 2223 3056 2277 οἳ
3085 2226 3154 2277 τὰ
3195 2221 3520 2277 ἀποστολικὰ
3559 2224 3692 2295 ἑρμη-

2163 2315 2410 2379 νεύοντες
2448 2317 2542 2370 καὶ
2570 2315 2915 2378 διδάσκοντες
2935 2357 2950 2378 ,
2984 2314 3335 2386 συναίρονται
3366 2317 3473 2378 τοῖς
3509 2315 3690 2368 ἀποστό-

2162 2407 2276 2470 λοις
2303 2411 2440 2479 πρὸς
2471 2407 2531 2461 τὺ
2549 2405 2836 2479 ζωγρῆσαι
2858 2405 3180 2479 ἀνθρώπους
3200 2423 3216 2438 ·
3240 2405 3432 2462 σκόπει
3453 2405 3506 2459 δὲ
3524 2408 3604 2458 καὶ
3618 2407 3692 2473 τὴν

2161 2497 2305 2563 λέξιν
2326 2499 2441 2563 τοῦ,
2462 2498 2684 2552 Χαλῶσι
2726 2499 2788 2552 ὼ
2807 2498 3043 2555 δίκτυον.
3069 2499 3141 2552 Τὸ
3168 2500 3270 2569 μὲν
3292 2499 3400 2569 γὰρ
3423 2498 3691 2567 Εὑαγγέλιόν

2161 2592 2277 2644 ἐστι
2311 2590 2373 2644 τὸ
2405 2590 2654 2644 δίκτυον·
2690 2590 2837 2656 λέξιν
2877 2591 2934 2645 δὲ
2963 2592 3086 2661 ἔχον
3115 2592 3383 2662 ταπεινὴν
3415 2590 3504 2645 καὶ
3539 2589 3688 2659 πεζὴν,

2158 2683 2254 2738 καὶ
2293 2681 2772 2755 συγκαταϐατικὴν
2812 2683 2951 2754 πρὸς
2985 2683 3082 2755 τὴν
3129 2684 3400 2739 ίδιωτείαν
3431 2683 3531 2736 τῶν
3558 2685 3686 2736 atton-

2169 2775 2360 2836 όντων.
2397 2773 2486 2828 διὰ
2515 2774 2675 2829 τοῦτο
2705 2774 2927 2844 λέγεται
2955 2774 3316 2846 χαλασθῆναι.
3350 2775 3411 2828 El
3436 2775 3490 2829 δέ
3519 2792 3588 2838 τις
3620 2774 3690 2826 tul

2168 2865 2228 2920 τὸ
2280 2866 2442 2937 βάθος
2497 2865 2607 2922 τῶν
2655 2867 2951 2937 νοημάτων
2998 2867 3295 2937 δηλοῦσθαι
3339 2867 3469 2936 φαίη
3510 2867 3582 2919 διὰ
3619 2865 3688 2918 τοῦ

475 2946 744 3017 χαλᾶσθαι
770 2951 828 3002 τὸ
859 2952 1094 3019 δίκτυον,
1127 2955 1248 3009 οὐδὲ
1279 2954 1437 3008 τοῦτο
1471 2956 1697 3016 ἀπεικός
1723 2972 1737 2987 ·
1795 2955 2152 3027 πεπλήρωται
2189 2957 2323 3026 γοῦν
2353 2958 2451 3013 καὶ
2477 2960 2538 3013 τὸ
2562 2957 2657 3014 τοῦ
2719 2960 3027 3032 προφήτου,
3067 2959 3318 3023 εἰπόντος
3344 2977 3358 2992 ·
3391 2978 3411 3011 ι
3455 2959 3567 3014 ’ἰδοῦ
3607 2958 3688 3025 ἐγὼ

475 3043 764 3098 ἀποστελῶ
802 3047 975 3111 ἁλιεῖς
1015 3048 1281 3114 πολλοὺς,
1320 3051 1470 3120 λέγει
1516 3051 1752 3121 Κύριος’
1794 3051 1891 3105 καὶ
1928 3052 2068 3123 μετά
2100 3053 2274 3109 ταῦτα
2297 3054 2583 3108 ἀποστελῶ
2613 3055 2842 3120 πολλοὺς
2908 3054 3203 3126 θηρευτὰς,
3265 3055 3362 3107 καὶ
3390 3051 3688 3121 θηρεύσουσιν

475 3137 712 3202 αὐτούς’
754 3159 773 3192 ο
817 3139 942 3204 τοὺς
984 3142 1083 3212 μὲν
1123 3143 1324 3207 ἁλιεῖς,

478 3231 609 3286 σιῶν
640 3233 980 3304 ἡγουμένους
1013 3238 1106 3291 καὶ
1127 3239 1498 3303 διδασκάλους.

548 3329 714 3385 Vsus.
751 3331 932 3386 1246.
965 3349 984 3384 ι
1030 3331 1097 3386 Ει
1126 3335 1327 3388 factum
1363 3345 1466 3400 est,
1496 3353 1616 3391 cum
1649 3348 1794 3393 esset
1835 3340 1886 3393 ln
1925 3355 2058 3409 qua~
2085 3345 2127 3402 C

475 3421 598 3474 dum
654 3422 898 3489 civitate,
947 3432 1001 3478 et
1054 3440 1180 3480 ecce
1239 3425 1323 3481 vir
1365 3427 1558 3497 plenus
1602 3429 1770 3500 lepra,
1827 3446 2057 3502 cumque

478 3514 698 3568 vidisset
729 3513 938 3579 Jesum,
982 3526 1290 3587 prostratus
1335 3521 1389 3573 itt
1431 3520 1626 3576 laeiem
1662 3524 1867 3594 rogavit
1910 3540 2054 3592 eum,

475 3607 662 3662 dit-ens
704 3626 717 3661 :
760 3606 1009 3674 Domine,
1045 3611 1086 3664 si
1125 3610 1228 3676 vis,
1265 3624 1416 3680 potes
1441 3629 1525 3667 me
1550 3616 1826 3670 mundare.
1847 3613 1911 3669 Et
1933 3632 2056 3685 pro-

474 3712 626 3753 tensa
661 3716 822 3754 manu
849 3703 1021 3772 tetigit
1052 3718 1197 3770 eum,
1231 3705 1450 3761 dicens:
1473 3706 1625 3770 Volo,
1661 3709 1890 3762 mundus
1913 3721 2050 3766 esto.

475 3791 540 3845 lit
569 3792 853 3847 cbnlestim
895 3793 1038 3864 lepra
1075 3795 1325 3852 discessit
1354 3798 1422 3852 ab
1457 3798 1569 3852 illo.
1616 3799 1681 3854 Et
1712 3800 1826 3869 ipse
1853 3817 2056 3872 praece-

474 3885 551 3952 pit
581 3886 652 3938 illi
681 3902 745 3940 ne
776 3888 1029 3956 cuiquaut
1057 3890 1294 3946 diceret:
1317 3890 1414 3946 sed
1445 3892 1596 3958 vade,
1617 3892 1812 3962 inquit,
1831 3896 2054 3950 ostende

476 3980 701 4050 teipsum
731 3983 1026 4048 sacerdoti,
1065 3993 1117 4037 ct
1159 3983 1292 4039 olIer
1324 4001 1528 4042 munus
1558 4001 1656 4057 pro
1676 3986 2054 4042 emundatione

474 4075 575 4138 tui,
603 4074 1064 4142 quemadmodum
1097 4079 1352 4146 praecepit
1382 4077 1561 4134 Moses
1593 4079 1645 4134 iu
1680 4079 2048 4135 testimonium

473 4165 601 4217 illis.
651 4163 1054 4234 Pervagabatur
1095 4175 1277 4222 autem
1319 4170 1488 4240 magis
1517 4185 1703 4226 rumor
1733 4171 1800 4226 de
1841 4171 1955 4236 illo,
1997 4182 2052 4228 et

470 4257 876 4311 conveniebant
913 4257 1083 4312 turbae
1133 4259 1312 4314 multa!
1359 4271 1419 4316 ut
1454 4265 1740 4328 audirent,
1793 4274 1848 4317 et
1887 4278 2051 4317 sana-

473 4357 660 4401 rentur
689 4346 755 4400 ab
801 4347 1203 4404 inﬁrmitatibus
1238 4352 1371 4406 suis.
1407 4353 1527 4422 ipse
1557 4363 1737 4406 autem
1775 4349 1970 4418 agebat
1995 4352 2048 4406 in

471 4455 688 4498 secessu
727 4442 779 4494 itt
803 4442 1032 4498 desertis
1061 4453 1114 4498 ct
1149 4448 1356 4500 orabat.
1395 4465 1412 4497 ι
1449 4446 1822 4500 Admiratione
1853 4445 2050 4515 dignus

471 4541 554 4585 est
595 4530 839 4600 leprosos
869 4532 978 4597 ille,
1014 4535 1141 4604 quia
1173 4536 1387 4605 dignam
1418 4535 1531 4591 Deo
1569 4537 1637 4589 de
1683 4534 1900 4591 Christo
1929 4536 2049 4604 opi-

470 4627 688 4681 nionem
719 4628 906 4682 ltabuit
935 4638 991 4683 et
1021 4628 1155 4683 dixit
1189 4647 1202 4683 :
1234 4629 1288 4683 Si
1327 4629 1428 4692 vis,
1455 4640 1607 4698 potes
1635 4643 1723 4682 me
1765 4628 2044 4682 mundaae.

1381 3144 1507 3208 τοῦς
1534 3145 1724 3214 ἁγίους
1753 3146 2086 3212 ἀποστόλους
2124 3146 2298 3214 λέγων
2321 3165 2335 3178 ⁸
2380 3147 2653 3220 θηρευτὰς
2691 3148 2770 3212 δὲ,
2803 3149 2928 3214 τοὺς
2957 3147 3102 3203 κατὰ
3129 3147 3358 3218 καιροὺς
3383 3145 3486 3200 τῶν
3511 3143 3687 3213 Ἐκκλη-

2243 3358 2261 3391 ‹
2293 3341 2402 3394 Καὶ
2433 3339 2648 3408 ἐγένετο
2677 3339 2734 3390 ὲν
2769 3336 2847 3408 τῷ
2880 3332 3021 3392 εἶναι
3050 3337 3214 3391 αὐτὸν
3253 3338 3314 3390 ὲν
3349 3337 3448 3408 μιᾷ
3485 3335 3578 3390 τῶν
3617 3335 3686 3387 πό-

2165 3432 2323 3496 λεων,
2359 3434 2455 3485 καὶ
2498 3431 2604 3485 ἰδοὺ
2635 3430 2775 3501 ἀνὴρ
2823 3430 3039 3502 πλήρης
3070 3430 3282 3500 λέπρας
3303 3469 3319 3493 ,
3359 3430 3452 3482 καὶ
3483 3425 3590 3480 ίδὼν
3622 3428 3685 3478 τὸν

2174 3524 2417 3595 Ἰησοῦν,
2453 3523 2634 3577 πεσὼν
2676 3525 2770 3577 ἐπὶ
2815 3522 3139 3594 πρόσωπον,
3176 3521 3371 3594 ἐδεήθη
3409 3519 3586 3583 αὑτοῦ,
3620 3519 3685 3571 λέ-

2161 3633 2302 3686 γων·
2341 3617 2532 3689 Κύριε,
2570 3617 2661 3670 ἐὰν
2696 3617 2879 3689 θέλῃς,
2909 3616 3135 3670 δύνασαί
3176 3634 3245 3686 με
3283 3616 3576 3686 καθαρίσαι.
3605 3611 3684 3664 Καὶ

2159 3710 2405 3773 ἐκτείνας
2455 3710 2552 3780 τὴν
2594 3712 2780 3780 χεῖρα,
2834 3709 3015 3780 ἥψατο
3062 3708 3268 3775 αύτοῦ,
3322 3703 3683 3771 είπὼν,Θέλω.

2158 3803 2556 3873 καθαρίσθητι·
2619 3805 2714 3856 καὶ
2773 3801 2978 3865 εὐθέως
3031 3804 3065 3871 ή
3125 3799 3306 3870 λέπρα
3351 3798 3575 3868 ἀπῆλθεν
3613 3793 3683 3848 ἀπ’

2157 3893 2344 3948 αὑτοῦ.
2387 3893 2496 3948 Καὶ
2528 3894 2690 3955 αὐτὸς
2723 3891 3093 3964 παρήγγειλεν
3119 3889 3268 3961 αὐτῷ
3305 3890 3490 3961 μηδενὶ
3527 3887 3680 3941 εἰπεῖν·

2155 3984 2294 4040 ἀλλά
2319 3985 2594 4046 ἀπελθὼν.
2637 3984 2809 4052 δεῖξον
2840 3985 3063 4038 σεαυτὸν
3090 3984 3168 4056 τῷ
3222 3985 3384 4055 ίερεῐ,
3415 3982 3505 4036 καὶ
3525 3993 3679 4050 ,προσ-

2157 4079 2348 4148 ἐνεγκε
2381 4079 2629 4150 περὶτοῦ
2671 4077 3016 4149 καθαρισμοῦ
3063 4095 3156 4132 σου
3196 4077 3382 4142 καθὼς
3431 4071 3680 4148 πίοσίταξε

2153 4171 2382 4242 Μωσῆς,
2415 4171 2495 4234 είς
2528 4169 2832 4242 μαρτύριον
2859 4170 3067 4232 αὐτοῖς.
3093 4169 3359 4240 Διήρχετο
3389 4166 3444 4220 δὲ
3477 4161 3681 4236 psum

2153 4263 2309 4332 λόγος
2357 4265 2489 4334 περὶ
2537 4261 2726 4317 αὐτοῦ.
2785 4263 2896 4316 Καὶ
2950 4263 3278 4333 συνήρχοντο
3324 4259 3467 4330 ὄχλοι
3515 4254 3678 4314 πολλοὶ.

2153 4351 2376 4408 ἀκούειν
2403 4352 2497 4406 καὶ
2527 4350 2931 4422 θεραπεύεσθαι
2970 4351 3061 4404 ὑπ’
3089 4349 3258 4403 αὐτοῦ
3293 4351 3400 4404 ἀπὸ
3431 4349 3530 4402 τῶν
3554 4345 3678 4399 ἀσθεη

2151 4450 2312 4504 νειῶν
2335 4448 2537 4504 αὐτῶν.
2563 4447 2738 4510 Αὐτὸς
2758 4447 2813 4501 δὲ
2832 4441 2901 4517 ἦν
2931 4443 3232 4517 ὑποχωρῶν
3255 4446 3312 4498 ὲν
3330 4446 3446 4507 ταῖς
3473 4443 3676 4512 ἐρήμοις.

2151 4540 2248 4595 καὶ
2282 4538 2742 4611 προσευχόμενος.
2774 4556 2793 4589 ι
2840 4535 3304 4606 Ἀξιοθαύμαστος
3328 4536 3358 4588 6
3381 4532 3591 4603 λεπρὸς,
3615 4527 3677 4580 ὅτι

2153 4630 2434 4701 θεοπρεπῆ
2463 4631 2671 4684 ἔννοιαν
2695 4629 2824 4700 περὶ
2853 4627 2948 4682 τοῦ
2968 4628 3174 4700 Κυρίου
3194 4627 3353 4698 έχων,
3373 4625 3546 4694 φησιν,
3580 4619 3676 4673 Ἐὰν

471 4719 583 4774 lloc
612 4720 755 4776 enim
782 4721 984 4778 indicat
1027 4723 1201 4792 ipsum
1243 4723 1566 4777 sentientem
1607 4723 1673 4776 de
1721 4719 1942 4776 Christo
1988 4731 2046 4774 ut

2161 4723 2345 4794 θέλῃς,
2376 4724 2602 4778 δύνασαί
2637 4740 2703 4794 με
2749 4721 3067 4796 καθαρίσαι.
3101 4720 3272 4775 Τοῦτο
3316 4721 3424 4790 γὰρ
3449 4717 3676 4771 δείκνυσιν

470 4818 535 4869 de
564 4815 696 4871 Deo.
727 4814 846 4872 Non
875 4817 1018 4872 enim
1047 4827 1103 4869 ut
1129 4819 1193 4870 ad
1223 4817 1489 4872 medicum
1518 4823 1845 4879 accesserat,
1869 4828 2046 4884 neque

467 4909 614 4962 enim
637 4909 784 4979 lepra
816 4925 844 4962 a
867 4909 1094 4965 medicis
1123 4911 1300 4966 curari
1327 4917 1528 4981 potest,
1554 4912 1649 4966 sed
1671 4919 1730 4964 ut
1755 4912 1823 4966 ad
1851 4911 2042 4978 Deum,

466 4999 623 5068 cujus
669 5000 840 5055 solius
889 5011 973 5056 est
1023 5015 1221 5056 sanare
1276 5003 1327 5057 id
1369 5017 1540 5071 genus
1592 5003 1925 5058 morborum.
1976 5004 2048 5057 At

465 5093 622 5149 Jesus
655 5094 823 5163 tangit
847 5094 1023 5158 illum,
1055 5110 1154 5150 nec
1180 5095 1299 5150 sine
1327 5109 1512 5162 causa,
1541 5095 1636 5150 sed
1657 5097 1914 5161 quoniam
1946 5097 2070 5175 imi

467 5185 702 5240 mundus
739 5186 1042 5240 habebatur
1074 5185 1226 5252 juxta
1261 5185 1456 5256 legem,
1489 5186 1578 5254 qui
1610 5186 1879 5256 leprosum
1917 5196 2042 5241 tan-

464 5278 648 5344 gebat,
678 5278 865 5332 volens
894 5279 1180 5334 ostendere
1217 5279 1358 5348 quod
1404 5293 1509 5334 non
1545 5288 1790 5334 teneatur
1829 5280 1897 5334 ad
1925 5295 2044 5334 ser-

2151 4815 2315 4869 αύτὸν
2343 4815 2631 4870 ἐννοοῦντα
2670 4816 2798 4886 περὶ
2821 4814 2916 4868 τοῦ
2943 4813 3203 4886 Χριστοῦ,
3225 4814 3300 4878 ὠς
3331 4811 3454 4882 περὶ
3477 4807 3608 4865 Θεοῦ·
3627 4805 3673 4858 οὐ

2149 4908 2261 4980 γὰρ
2298 4907 2374 4972 ὼς
2425 4907 2594 4980 ἰατρῷ
2643 4908 2987 4979 προσήρχετο
3035 4906 3092 4977 (ἡ
3125 4905 3235 4976 γὰρ
3294 4904 3462 4978 λέπρα
3512 4896 3672 4968 ἰατρῶν

2151 5001 2343 5072 χερσὶν
2365 4999 2824 5073 ἀνεπιχείρητος),
2858 4999 2972 5054 ἀλλ’
3001 4997 3078 5062 ὡς
3100 4997 3238 5069 Θεῷο
3269 4999 3454 5052 τούτου
3475 4992 3569 5064 γὰρ
3594 4988 3671 5062 μό·

2149 5110 2243 5148 νου
2271 5091 2334 5146 τὸ
2364 5088 2431 5146 τὰ
2451 5093 2675 5147 τοιαῦτα
2712 5093 2914 5148 ἰᾶσθαι.
2953 5091 3015 5146 '0
3035 5093 3093 5146 δὲ
3134 5093 3336 5164 Κύριος
3363 5092 3572 5146 ἀπτεται
3597 5082 3670 5138 αύ-

2149 5180 2279 5245 τοῦ,
2334 5181 2437 5234 οὐκ
2487 5178 2718 5247 ἀλόγως,
2763 5181 2883 5235 ἀλλ’
2925 5180 3112 5253 ἐπειδὴ
3170 5180 3311 5235 κατὰ
3345 5180 3434 5234 τὸν
3465 5173 3670 5247 νόμον,ύ

2150 5275 2458 5346 ἁπτόμενος
2508 5273 2713 5347 λεπροῦ
2759 5274 2937 5330 ἐδόκει
2985 5275 3294 5347 ἀκάθαρτος
3327 5269 3496 5336 εἶναι,
3531 5268 3666 5323 θέλων

465 5367 641 5422 vanda
691 5377 799 5423 tam
859 5369 1054 5441 exigua
1108 5369 1246 5439 legis
1298 5369 1464 5434 dicta,
1505 5379 1561 5426 et
1611 5371 1753 5439 quod
1813 5371 1928 5424 inse
1971 5371 2043 5424 sit

2161 5369 2340 5440 ῑεῑξαι,
2375 5367 2457 5422 ὅτι
2486 5369 2586 5432 τὰς
2611 5368 2866 5433 τοιαύτας
2901 5370 3252 5444 μικρολογίας
3281 5370 3374 5425 τοῦ
3405 5370 3554 5438 νόμου
3588 5360 3666 5416 οὐκ

472 5458 735 5512 Dominus
786 5457 940 5527 legis,
970 5470 1023 5514 et
1063 5461 1208 5532 quod
1241 5461 1475 5515 mundus
1521 5475 1627 5516 non
1657 5460 2040 5542 coinquinetur

2161 5459 2394 5530 ινάγκην
2423 5461 2538 5532 ἔχει
2572 5461 2894 5532 φυλάττειν,
2925 5463 3039 5520 ἀλλ’
3067 5465 3230 5530 αὐτός
3261 5468 3402 5520 ἐστιν
3427 5464 3454 5516 6
3487 5457 3568 5513 τοῦ
3593 5455 3661 5510 νό-

466 5566 533 5605 ex
596 5565 664 5606 eo
706 5553 848 5620 quod
906 5554 1123 5610 videtur
1179 5553 1538 5618 imtuuttdum,
1596 5554 1689 5608 sed
1737 5553 2038 5608 animorum

466 5642 618 5711 lepra
654 5644 726 5698 sit
755 5661 873 5713 qua:
905 5645 1244 5715 coinquinat,
1287 5655 1342 5701 et
1384 5645 1503 5701 ideo
1533 5644 1700 5714 langit
1752 5663 1764 5698 :

536 5803 580 5834 ’⁷
614 5801 810 5856 .lercrn.
841 5819 948 5868 XVI,
986 5803 1072 5857 lii.

2147 5567 2250 5621 μου
2295 5550 2524 5623 Κύριος,
2559 5555 2654 5608 καὶ
2698 5555 2778 5608 ὅτι
2819 5556 2971 5610 οὐδὲν
3002 5559 3029 5610 ὁ
3059 5556 3296 5626 καθαρὸς
3328 5552 3587 5626 μολύνεται
3611 5547 3662 5598 ἐκ
3699 5597 3706 5606 ,

1817 5642 2039 5699 interim
2143 5642 2238 5698 τοῦ
2271 5641 2556 5711 δοκοῦντος
2579 5645 2915 5721 ἀκαθάρτου,
2947 5649 3063 5704 ἀλλ’
3090 5651 3122 5721 ἡ
3157 5649 3264 5704 τῶν
3287 5645 3465 5720 ψυχῶν
3493 5642 3655 5712 λέπραν
