3812 6548
107 384 195 448 7'31

803 390 1273 454 |ENARRATIO
1308 395 1389 455 IN
1428 395 1933 460 EVANGELIUM
1974 400 2210 462 LUC2E.
2242 425 2307 435 --
2335 401 2493 461 ΟΑΡ.
2533 402 2601 461 V.

3253 392 3358 455 762

104 505 277 576 ἐκείνη
318 504 467 558 ἐστὶν
502 504 537 575 ἡ
590 504 895 575 μολύνουσα
922 522 935 536 ·
969 507 1160 560 τούτου
1190 507 1378 561 ἕνεκεν
1412 508 1645 563 ἅπτεται
1668 522 1682 536 °

1806 520 1846 565 at
1889 511 1991 567 hoc
2033 511 2285 567 indicans
2335 512 2477 581 quod
2542 520 2730 566 sancta
2774 507 2895 577 eius
2945 522 3075 563 caro
3119 507 3358 562 divinam

103 599 210 667 ἅμα
235 597 314 663 δὲ,
348 597 439 650 καὶ
466 596 551 650 ἵνα
580 595 734 667 δείξῃ
759 598 840 650 ὅτι
868 599 901 668 ή
935 599 1067 666 ἁγία
1112 597 1280 653 αὑτοῦ
1349 600 1488 673 σὰρξ
1527 600 1679 654 Θείαν

102 689 205 757 ἔχει
237 689 487 759 δύναμιν,
518 689 608 741 καὶ
651 688 960 760 καθαρτικη
998 688 1134 743 οὖσα
1164 692 1260 743 καὶ
1293 690 1638 759 ζωογονοῦσα
1663 733 1677 756 ,

103 781 171 839 ὡς
216 781 309 834 τοῦ
343 780 479 835 Θεοῦ
525 781 698 850 Λόγου
729 777 863 835 οὖσα
896 782 1056 851 σάρξ.
1090 783 1468 853 Παραγγέλλει
1513 784 1571 838 δὲ
1605 784 1683 856 τῷ

103 874 285 944 λεπρῷ
316 875 402 927 ἵνα
427 874 615 944 μηδενὶ
644 876 795 946 εῐπῃ,
828 875 1092 928 διδάσκων
1122 877 1268 946 ἡμᾶς
1296 878 1370 948 μὴ
1395 877 1578 949 ζητεῖν
1600 878 1686 931 εύ-

103 986 171 1037 φη
182 967 311 1036 μίας
332 966 481 1037 παρὰ
503 965 612 1018 τῶν
632 966 1125 1037 εὐεργετουμένων.
1146 968 1424 1023 Ἀπελθὼν
1444 970 1501 1023 δὲ
1526 971 1682 1041 φησὶ,

100 1058 271 1123 δεῖξον
298 1058 524 1111 σεαυτὸν
544 1057 621 1129 τῷ
650 1059 788 1128 ίερεε
808 1099 823 1125 ,
857 1060 952 1113 καὶ
975 1060 1307 1129 προσένεγκε
1330 1060 1391 1115 sb
1406 1061 1578 1133 δῶρον
1605 1062 1686 1125 είς

103 1151 402 1223 μαρτύριον
427 1150 629 1212 αὐτοῖς’
653 1150 817 1221 νόμος
836 1150 947 1227 γᾴρ
970 1148 1059 1222 ἦν,
1078 1152 1169 1206 τὸν
1195 1153 1345 1225 ἱερέα
1362 1152 1684 1223 δοκιμάζειν

98 1247 223 1305 τοὺς
278 1242 681 1313 λεπρωθέντας,
716 1245 813 1297 καὶ
862 1244 1073 1315 κρίνειν
1110 1247 1159 1299 εί
1206 1244 1683 1317 ἐκαθαρίσθησαν·

100 1339 191 1390 καὶ
248 1338 345 1390 ἐὰν
376 1339 474 1405 μὲν
510 1335 576 1390 δι’
609 1337 751 1390 ἑπτὰ
788 1340 1015 1407 ἡμερῶν
1062 1337 1399 1409 ἐκαθαρίσθη
1425 1379 1439 1403 ,
1492 1338 1686 1409 ἔμενεν

101 1435 208 1487 ἔσω
250 1437 350 1505 τῆς
386 1433 595 1495 πόλεως
640 1435 669 1487 ό
714 1432 952 1501 λεπρός·
1004 1435 1053 1486 εί
1098 1433 1154 1487 δὲ
1194 1434 1309 1505 μὴ,
1346 1433 1685 1498 ὲξεϐάλλετο.

101 1527 271 1605 Τοῦτο
298 1526 480 1581 τοίνυν
503 1526 667 1596 φησὶν
691 1529 720 1581 ό
740 1528 968 1598 Κύριος,
999 1546 1017 1578 ι
1056 1527 1299 1596 ’⁸Υπαγε,
1323 1527 1497 1595 δεῖξον
1526 1544 1689 1580 σεαυο

103 1623 190 1673 sbv
223 1621 302 1690 τῷ
341 1622 514 1690 ἱερεῖ,
550 1620 645 1673 καὶ
672 1620 1009 1691 προσένεγκε
1033 1620 1095 1673 sb
1145 1620 1339 1692 δῶρον.
1378 1640 1397 1673 ι
1438 1620 1503 1674 Τί
1534 1620 1591 1674 δὲ
1618 1618 1688 1691 ἦν

108 1716 164 1769 sb
198 1715 410 1786 δῶρον;
440 1716 544 1768 Δύο
567 1715 802 1787 ὀρνίθια’
845 1714 896 1768 τί
934 1714 991 1767 δέ
1022 1716 1140 1767 ὲστι
1168 1714 1251 1781 sb,
1276 1716 1356 1777 είς
1390 1713 1690 1785 μαρτύριον

114 1812 330 1875 αύτοῖςς
366 1809 662 1862 Τουτέστιν
684 1850 698 1874 ,
728 1811 805 1871 είς
840 1807 1064 1878 ελεγχον
1103 1807 1284 1862 αὐτῶν
1314 1810 1406 1862 καὶ
1449 1824 1690 1878 κατηγο-

123 1902 259 1972 ρίαν,
282 1900 349 1954 ἵν’
377 1902 508 1954 ὅταν
534 1898 884 1971 κατηγορῶσί
913 1917 1014 1968 μου
1037 1899 1113 1963 ὼς
1143 1900 1577 1971 παραϐαίνοντος
1598 1898 1690 1952 τὸν

120 1997 294 2066 νόμον,
326 1996 390 2048 ἐκ
428 1994 620 2047 τούτου
652 1993 983 2063 ἐλέγχωνται
1009 1995 1092 2047 δτι
1126 1994 1186 2047 οὑ
1223 1993 1548 2064 παραϐαίνω
1573 2035 1589 2059 ,
1630 1995 1693 2046 ἐκ

123 2086 214 2142 τοῦ
255 2086 555 2155 προστάξαι
589 2103 672 2139 σοι
703 2088 1097 2156 προσενεγκεῖν
1128 2087 1191 2139 sb
1218 2086 1394 2157 δῶρον
1415 2127 1429 2149 ,
1462 2087 1491 2140 ὃ
1518 2103 1693 2155 προσ-

124 2179 269 2245 έταξε
291 2181 529 2249 Μωσῆς·
566 2178 692 2243 Πῶς
722 2179 779 2232 δὲ
813 2180 883 2233 τὰ
915 2179 1009 2233 δύο
1053 2179 1263 2249 ὀρνίθια
1296 2181 1478 2233 ἐκεῖνα
1522 2196 1694 2251 προσ-

125 2276 311 2345 ήγοντο
336 2273 413 2343 τῷ
443 2272 563 2344 Θεῷ
590 2311 605 2336 ,
654 2274 756 2325 οὐκ
787 2272 1017 2343 ἄκαιρον
1043 2273 1240 2325 εἰπεῖν·
1271 2273 1536 2342 ἐσφάζετο
1561 2272 1621 2325 sb
1640 2270 1699 2323 ἓν

125 2364 513 2437 δρνίθιον.’1(αὶ
545 2365 868 2435 ὑπεδέχοντο
896 2364 957 2418 sb
988 2358 1130 2434 αἷμα
1160 2365 1328 2418 αὐτοῦ
1346 2405 1360 2428 ,
1406 2366 1464 2416 ὲν
1492 2364 1700 2433 ἀγγείῳ

127 2457 419 2529 ὀστρακίνῳ
445 2455 642 2525 καινῷ-
666 2452 785 2519 εἶτα
806 2454 901 2507 τοῦ
924 2456 1112 2525 ἑτέρου
1139 2454 1379 2526 όρνιθίου
1404 2453 1696 2526 ἀμφότερα

126 2552 197 2605 τὰ
226 2550 395 2621 πτερὰ
433 2548 734 2602 ἐϐάπτοντο
764 2548 822 2601 ὲν
872 2546 951 2616 τῷ
991 2547 1212 2616 αἵματι,
1250 2547 1344 2599 καὶ
1373 2544 1548 2609 οὕτως
1591 2548 1701 2599 ἀπ-

130 2642 307 2698 ελύετο
336 2642 395 2696 sb
419 2641 651 2713 ὀρνίθιον
683 2640 812 2705 ζῶν.
837 2638 1113 2704 Είκόνιζον
1147 2634 1239 2693 οὖν
1271 2637 1443 2691 ταῦτα
1470 2637 1537 2690 τὰ
1562 2637 1705 2692 κατὰ

134 2735 224 2788 sbv
251 2734 480 2806 Χριστόν
501 2748 515 2763 ·
546 2733 614 2787 τὰ
646 2732 739 2787 δύο
766 2734 874 2803 γὰρ
907 2731 1142 2803 ὀρνίθια.
1176 2732 1233 2784 ai
1265 2728 1357 2785 δύο
1388 2727 1581 2799 φύσεις
1610 2727 1705 2783 τοῦ

132 2825 382 2898 Χριστοῦ,
409 2827 444 2897 ἦ
482 2843 541 2878 τε
573 2826 694 2879 θεία
723 2826 818 2879 καὶ
844 2827 879 2896 ἡ
910 2824 1252 2896 ἀνθρωπίνη,
1299 2816 1375 2876 ὧν
1412 2822 1474 2876 sb
1508 2823 1604 2892 μὲν
1649 2820 1707 2875 ἓν

136 2924 339 2992 ἐσφάγη
361 2962 375 2985 ,
424 2919 704 2973 τουτέστιν
762 2920 796 2989 ἠ
836 2917 1172 2989 ἀνθρωπίνην
1205 2918 1266 2971 sb
1288 2917 1345 2970 δὶ
1378 2917 1565 2987 ἕτερον
1598 2917 1710 2970 ἀπ-

136 3010 293 3079 ελύθη
318 3010 442 3075 ζῶν.
480 3007 548 3062 Ἦ
578 3008 687 3079 γὰρ
712 3007 834 3061 θεία
860 3008 1022 3075 φύσις
1053 3006 1273 3076 ἀπαθὴς
1299 3006 1557 3077 διέμεινε,
1586 3024 1709 3077 χρι-

142 3104 323 3158 σθεῖσα
346 3106 421 3174 τῷ
450 3103 645 3173 αἵματι
670 3104 767 3171 τῆς
790 3100 1073 3171 παθούσης
1098 3100 1335 3168 φίισεως,
1369 3101 1465 3154 καὶ
1486 3101 1566 3163 είς
1586 3101 1712 3152 ἑαυο

1790 606 1984 660 habeat
2004 605 2277 668 virtutem,
2301 615 2355 659 et
2382 603 2631 672 purificet
2655 617 2719 657 ac
2748 602 3004 663 vivificet,
3034 609 3215 670 utpote
3241 615 3362 669 quae

1789 697 1860 751 sit
1898 712 2026 753 caro
2056 695 2219 752 Verbi
2260 698 2370 751 Dei.
2402 695 2665 765 Praecepit
2694 704 2872 748 autem
2918 694 3133 762 leproso
3182 709 3246 745 ne
3272 693 3363 746 cui

1789 791 2015 855 diceret,
2059 806 2155 846 nos
2204 790 2405 845 docens
2435 798 2493 842 ot
2539 789 2606 841 ab
2641 788 2743 852 his,
2778 787 2978 856 quibus
3030 784 3367 841 benefeceri-

1792 896 1930 945 mus,
1968 881 2179 935 laudem
2217 896 2324 935 non
2353 894 2680 949 quaeramus.
2716 878 2815 931 Abi
2847 888 3051 939 autem,
3082 876 3280 947 inquit,
3312 883 3368 930 et

1791 973 2018 1030 ostende
2046 974 2274 1043 teipsom
2305 973 2600 1035 sacerdoti,
2631 981 2683 1025 et
2720 970 2853 1025 oﬂ‘er
2884 986 3079 1024 munus
3119 970 3171 1023 in
3215 968 3368 1023 teSti—

1794 1070 2033 1124 monimn
2093 1068 2220 1123 illis.
2264 1064 2371 1120 Lex
2414 1064 2639 1120 cavebat
2671 1078 2701 1117 a
2737 1062 3020 1117 sacerdote
3063 1060 3370 1131 probandos

1792 1159 2054 1230 leprosos,
2100 1160 2190 1231 qui
2227 1157 2496 1226 iudicaret
2525 1172 2593 1210 an
2640 1154 2905 1225 puriﬁcati
2952 1162 3157 1209 essent.
3214 1151 3280 1206 Et
3316 1151 3366 1205 si

1793 1253 2009 1321 quidem
2041 1252 2180 1305 intra
2214 1250 2327 1304 dies
2351 1256 2556 1315 septem
2591 1246 2981 1316 purilicabatur
3012 1246 3158 1312 quis,
3184 1257 3373 1295 mane-

1794 1344 1888 1399 bal
1922 1344 2061 1398 intra
2096 1343 2370 1397 civitatem
2411 1357 2425 1394 :
2460 1344 2541 1395 sin
2580 1340 2781 1402 minus,
2807 1336 3144 1404 ejiciebatur.
3182 1333 3248 1388 Et
3273 1333 3376 1386 hoc

1795 1451 1896 1504 est,
1922 1442 2063 1511 quod
2096 1441 2225 1495 dicit
2254 1440 2513 1494 Dominus
2547 1455 2561 1492 :
2603 1454 2623 1488 ι
2656 1434 2826 1496 Vade,
2852 1434 3079 1489 ostende
3108 1442 3160 1487 te
3194 1445 3375 1485 sacer.

1796 1538 1931 1599 doti,
1973 1546 2029 1591 et
2078 1535 2213 1590 oﬂ‘er
2250 1549 2463 1587 munus.
2499 1552 2517 1585 ι
2552 1532 2705 1599 Quod
2754 1540 2935 1583 autem
2979 1537 3097 1583 erat
3145 1523 3377 1579 munus?

1800 1631 1926 1685 Duae
1949 1645 2099 1684 aves.
2136 1630 2241 1683 Sed
2274 1628 2398 1695 quid
2427 1627 2592 1698 306
2621 1635 2722 1692 est,
2751 1626 2804 1680 in
2838 1622 3206 1677 testimonium
3237 1618 3379 1673 illis?

1800 1721 1912 1776 lloc
1968 1730 2071 1787 est,
2120 1720 2170 1773 in
2221 1720 2692 1788 reprehensionem
2742 1725 2795 1770 et
2863 1710 3377 1768 condemnationem

1800 1815 2015 1869 illorum
2038 1854 2054 1879 ,
2086 1824 2143 1867 ut
2176 1814 2392 1882 quando
2430 1812 2811 1865 comdemnant
2855 1822 2941 1861 me
2979 1820 3075 1860 ceu
3123 1803 3381 1872 prmvari-

1730 1879 1773 1933 Β
1800 1916 2037 1961 catorem
2080 1906 2233 1973 legis,
2281 1918 2346 1958 es
2374 1904 2477 1958 hoc
2510 1911 2805 1971 arguantur
2850 1913 2935 1952 me
2986 1911 3090 1950 non
3123 1892 3381 1964 praevario

1798 1999 1910 2053 cari
1949 1999 2091 2067 quod
2138 1996 2443 2051 mandarim
2477 2002 2535 2047 ut
2577 1992 2681 2046 illis
2725 1990 2984 2045 oﬂ'eratur
3018 1990 3214 2041 donum
3245 1987 3383 2040 sicut

1798 2093 2054 2164 praecepit
2074 2091 2267 2145 Moses.
2297 2090 2579 2156 Quomodo
2608 2094 2786 2140 autem
2813 2083 2929 2137 duae
2950 2098 3077 2136 aves
3101 2081 3205 2133 illa:
3232 2077 3368 2132 οσσ-

1802 2184 2062 2238 rebantor
2097 2183 2343 2243 Domino,
2374 2195 2481 2234 non
2511 2175 2950 2247 intempestivum
2974 2172 3135 2225 luerit
3160 2170 3379 2225 dixisse.

1804 2271 2167 2327 Orcidebatnr
2218 2286 2324 2324 ttna
2372 2271 2512 2335 avis,
2542 2277 2597 2320 et
2642 2264 3015 2334 suscipiebant
3064 2260 3382 2330 sanguinem

1803 2368 1921 2435 ejus
1965 2368 2017 2421 in
2064 2381 2193 2421 vase
2246 2374 2483 2419 testaceo
2530 2378 2669 2417 novo
2710 2380 2724 2416 :
2761 2361 2956 2415 deinde
3000 2358 3228 2413 alterius
3268 2355 3386 2410 avis

1804 2477 2048 2536 utraeque
2076 2464 2174 2519 alae
2209 2463 2557 2533 tingebantor
2598 2460 2649 2514 in
2682 2458 2969 2528 sanguine,
3005 2467 3060 2511 et
3093 2458 3172 2509 sic
3201 2454 3385 2508 dimit-

1809 2559 2023 2612 tebatttr
2064 2556 2179 2611 avis
2241 2556 2390 2609 viva.
2436 2550 2863 2622 Prmﬁgurabant
2908 2557 3087 2603 autem
3138 2546 3253 2600 haec
3299 2557 3386 2597 res

1807 2650 2031 2709 Christi.
2079 2650 2202 2706 Dum
2252 2651 2395 2705 enim
2430 2662 2557 2703 aves
2600 2646 2718 2701 dua:
2748 2654 2957 2699 natura:
3002 2650 3128 2696 sunt
3160 2637 3387 2704 Christi,

1809 2746 1991 2801 divina
2035 2754 2089 2799 et
2128 2744 2392 2806 humana,
2432 2756 2662 2812 quarum
2699 2754 2803 2793 una
2838 2737 3019 2791 occisa
3058 2744 3163 2797 est,
3198 2747 3388 2800 nempe

1811 2840 2067 2901 humana,
2118 2838 2287 2891 altera
2346 2851 2474 2891 vero
2527 2834 2748 2887 dimissa
2804 2832 2943 2886 viva.
2998 2829 3184 2884 Divina
3240 2825 3386 2881 enim

1812 2927 2167 2999 impassihilis
2219 2926 2553 2997 permansit,
2596 2932 2758 2978 uncta
2805 2920 3067 2990 sanguine
3117 2915 3391 2989 passibilis

1816 3028 2022 3074 natura:
2082 3027 2135 3072 et
2170 3018 2223 3071 in
2266 3034 2323 3071 se
2356 3016 2665 3086 passionem
2695 3013 3017 3080 suscipiens.
3056 3008 3387 3079 Sanguinem

1818 3122 1998 3166 autem
2034 3110 2243 3165 Domini
2274 3124 2369 3163 vas
2403 3107 2642 3176 suscepit
2669 3106 2948 3176 ligulinom
2982 3118 3202 3163 novom,
3226 3114 3395 3169 popu-

142 3197 239 3267 τὴν
260 3198 317 3250 sb
356 3196 526 3259 πάθος
558 3194 959 3264 ἀναδεξαμένηο
990 3194 1050 3246 sb
1080 3192 1138 3246 δὲ
1172 3186 1311 3262 αἷμα
1362 3190 1457 3246 τοῦ
1503 3191 1700 3261 Κυρίοι

1819 3205 1923 3270 los,
1976 3204 2216 3273 inquam,
2264 3216 2436 3256 novus
2476 3216 2540 3255 ex
2582 3201 2854 3269 gentibus,
2893 3195 3025 3250 Novi
3060 3191 3392 3248 Testamenti

145 3286 352 3352 ἐδέξατο
390 3287 611 3355 ἀγγεῖον
639 3286 961 3355 όστρὰκινον
984 3284 1169 3337 καινόν
1188 3298 1202 3313 ·
1237 3285 1266 3337 ὁ
1298 3282 1447 3347 λαὸς,
1477 3283 1646 3353 φημὶ,
1682 3282 1700 3333 ί

1820 3312 2013 3365 capax.
2047 3295 2182 3350 Vide
2214 3302 2393 3347 autent
2429 3290 2573 3362 quod
2621 3290 2708 3345 ubi
2745 3286 2941 3359 aliquis
2970 3287 3131 3341 fuerit
3173 3301 3199 3335 a
3250 3283 3394 3351 lepra

140 3377 317 3442 καινὸς
342 3380 370 3432 ό
398 3377 456 3442 ἐξ
482 3376 673 3441 ὲθνῶν,
706 3379 734 3430 ό
765 3376 867 3446 τῆς
890 3375 1099 3444 Καινῆς
1140 3374 1413 3446 Διαθήκης
1443 3374 1710 3438 δεκτικός.

140 3471 279 3541 Ὅρα
304 3472 357 3525 δὲ
396 3472 477 3525 ὅτι
514 3471 633 3542 μεθ’
658 3471 687 3524 ὅ
717 3487 802 3533 τις
842 3470 1152 3541 καθαρισθῇ
1183 3470 1281 3539 τῆς
1323 3468 1562 3540 λέπρας,
1591 3470 1714 3522 τότε

140 3564 284 3627 ἄξιός
305 3566 416 3618 ἐστι
442 3564 774 3633 προσφέρειν
794 3563 857 3616 sb
877 3563 1052 3634 δῶρον
1072 3561 1251 3626 τοῦτο,
1276 3562 1542 3627 τουτέστι,
1567 3560 1716 3615 θύειν

140 3658 366 3725 Χριστὸν
388 3660 481 3711 καὶ
511 3658 841 3727 ῖερουργεῖψ
874 3655 1078 3727 λεπρὸς
1109 3656 1219 3727 γὰρ
1246 3654 1322 3709 ὢν
1343 3656 1438 3709 καὶ
1466 3654 1715 3725 ἀκάθαρο

139 3766 229 3813 τος
258 3749 348 3819 την
382 3749 580 3820 ψυχὴν,
604 3752 703 3803 οὐκ
730 3749 799 3804 ἂν
822 3748 1081 3819 ἀξιωθείη
1110 3748 1336 3801 τοιαῦτα
1364 3747 1515 3817 δῶρα
1547 3763 1719 3817 προσ·

142 3842 357 3913 φέρειν,
396 3844 515 3914 ἦτοι
577 3841 971 3913 προσκομίζειν
1011 3841 1073 3895 sb
1112 3842 1271 3910 σῶμα
1296 3841 1393 3894 καὶ
1439 3834 1581 3909 αἷμα
1625 3835 1718 3892 τοῦ

142 3935 370 4004 Κυρίου,
410 3936 469 3989 sb
512 3938 579 4006 τῇ
610 3934 732 4006 θεία
775 3933 937 4003 φύσει
978 3933 1199 3987 ἑνωθέν.
1251 3918 1493 4005 Πρόσχες
1525 3933 1581 3985 δὲ
1628 3934 1723 3983 καὶ

140 4026 315 4095 τοῦτο,
354 4029 469 4091 πῶς
511 4026 795 4097 ἀμύθητον
834 4026 945 4095 ἔχει
991 4026 1093 4095 τὴν
1125 4024 1403 4095 ὑπεροχὴν
1448 4025 1476 4077 ό
1519 4024 1725 4092 Κύριος

1817 3386 2157 3457 porilicatos,
2187 3394 2318 3440 tunc
2350 3384 2582 3451 denique
2611 3382 2805 3450 dignos
2827 3388 2911 3435 est
2944 3377 3139 3431 olferre
3172 3374 3397 3428 Domino

1820 3484 2020 3537 donum
2056 3480 2224 3543 istud,
2258 3479 2360 3532 hoc
2388 3485 2490 3541 est,
2540 3474 2819 3529 immolare
2845 3472 3118 3526 Christum
3149 3479 3201 3521 et
3229 3466 3399 3521 sacri-

1823 3577 2011 3631 ﬁcare.
2046 3573 2181 3628 Nam
2216 3573 2306 3642 qui
2340 3572 2587 3641 leprosos
2620 3577 2703 3623 est
2751 3576 2805 3620 et
2853 3564 3162 3619 immundus
3195 3560 3398 3623 anima,

1824 3667 1966 3721 haud
2006 3666 2200 3734 dignus
2252 3663 2416 3717 fuerit
2475 3660 2673 3715 oﬂ'erre
2728 3658 2854 3712 talia
2917 3655 3080 3717 dona,
3138 3653 3243 3706 hoc
3294 3660 3396 3711 est,

1826 3762 2026 3814 oﬂerre
2055 3771 2255 3825 corpus
2302 3764 2355 3809 et
2393 3753 2709 3823 sanguinem
2744 3748 2981 3814 Domini,
3030 3745 3171 3815 quod
3204 3744 3400 3799 divinae

1826 3860 2037 3907 natura:
2078 3848 2289 3901 unitotn
2337 3853 2441 3899 est.
2493 3843 2624 3897 Vide
2672 3853 2851 3896 autem
2896 3850 2950 3893 et
2986 3840 3085 3892 hoc
3133 3837 3404 3905 QIIOIIIOdO

1827 3940 2088 3997 ineffabili
2142 3936 2464 3994 excellentia
2518 3934 2737 4005 Moysen
2794 3930 3068 3999 praecellat
3121 3929 3402 3982 Dominus.

1825 4036 2041 4105 Moyses
2100 4031 2245 4086 enim
2297 4042 2541 4083 sororem
2593 4040 2745 4080 suam
2813 4024 2962 4092 lepra
3029 4023 3400 4080 laborantem,

144 4122 282 4191 πρὸς
311 4122 399 4175 τδν
430 4120 673 4197 Μωσῆν.
702 4121 906 4188 Μωσῆς
942 4120 1040 4189 μὲν
1070 4118 1181 4189 γὰρ
1210 4118 1589 4189 λεπρωοεῖσαν
1625 4116 1700 4185 τὴι

1828 4124 2078 4197 quamvis
2114 4123 2342 4177 multum
2370 4129 2574 4185 oraret,
2611 4133 2713 4172 non
2756 4116 2930 4186 potuit
2962 4128 3157 4167 sanare
3185 4113 3230 4143 ’⁸
3263 4130 3276 4166 ;
3310 4112 3407 4164 Do-

142 4212 373 4283 ἀδελφὴν
410 4196 601 4277 αὑτοῦ,
637 4212 822 4267 καίτοι
858 4211 1029 4264 πολλὰ
1064 4211 1314 4281 δεηθεὶς,
1356 4210 1458 4263 οὐκ
1485 4208 1700 4279 ἠδυνήθη

1829 4196 2008 4271 minus
2037 4228 2165 4268 vero
2210 4222 2466 4265 sermone
2496 4207 2614 4262 solo
2657 4204 2937 4259 ntondavit
2971 4202 3267 4269 leprosum.
3298 4196 3406 4251 0b-

145 4304 499 4373 θεραπεῦσαιο
527 4307 556 4358 δ
577 4306 634 4358 δδ
666 4303 869 4375 Κύριος
892 4301 1037 4371 λόγῳ
1061 4301 1207 4371 μόνῳ
1235 4300 1328 4353 sbv
1352 4299 1409 4353 λε
1421 4300 1555 4369 πρὸν
1592 4300 1693 4351 ὲκα

1829 4323 1983 4364 serva
2016 4306 2145 4361 item
2192 4312 2249 4358 et
2283 4300 2642 4355 humilitatem
2678 4296 2911 4359 Domini,
2944 4293 3214 4363 quomodo
3254 4291 3408 4345 turba

148 4394 393 4466 inwsv.
437 4396 638 4448 Ἐννόει
667 4394 723 4447 δδ
754 4394 848 4447 καὶ
879 4391 977 4461 τὴν
1008 4390 1337 4444 ταπείνωσιν
1364 4388 1459 4441 τοῦ
1494 4388 1700 4457 Κυρίου

1832 4401 2175 4457 desiderante
2210 4408 2266 4451 ut
2294 4398 2446 4452 illum
2483 4398 2748 4463 tangeret,
2789 4390 2843 4443 in
2881 4386 3261 4443 solitudinibus
3294 4397 3410 4435 ma-

150 4485 271 4548 πῶς
304 4485 393 4539 τοῦ
416 4486 575 4556 δχλου
609 4480 1011 4553 ἐπιθυμοῦντος
1034 4482 1305 4536 ἅπτεσθαι
1332 4481 1498 4534 αὑτοῦ
1518 4520 1532 4541 ,
1561 4478 1695 4532 αὐτὸ

1833 4496 1915 4564 gis
1969 4491 2286 4547 versabatur
2331 4488 2596 4558 placidus,
2651 4498 2714 4538 ac
2760 4481 2951 4535 orabat
2997 4496 3011 4532 :
3049 4486 3108 4532 ut
3154 4474 3309 4530 nobis
3358 4474 3410 4525 in

146 4582 206 4631 ὲν
226 4583 345 4643 ταῖς
368 4581 596 4651 ἐρήμοις
628 4578 827 4647 μᾶλλον
845 4576 1114 4646 διέτριϐεν
1136 4575 1411 4645 ἀσμένως,
1437 4576 1532 4627 καὶ
1556 4591 1695 4644 προσ

1806 4586 2088 4639 lomnibus
2135 4583 2441 4651 exemplum
2492 4578 2757 4647 prmberet
2801 4585 2859 4629 et
2904 4571 3130 4627 seorsim
3182 4565 3409 4629 orandi,

144 4672 364 4743 ηύχετο·
392 4672 564 4735 οὕτως
586 4672 692 4741 ἄρα
732 4672 941 4731 τύπους
966 4669 1097 4736 ἡμῖν
1129 4668 1187 4719 ὲν
1228 4667 1395 4719 πᾶσιν
1441 4666 1609 4718 ἐδίδου
1632 4668 1700 4717 τοι

1834 4686 1889 4732 et
1922 4677 2148 4747 gloriam
2186 4671 2513 4731 declinandi.

147 4779 205 4816 τε
240 4764 361 4818 κατ’
393 4764 529 4818 ίδίαν
572 4761 976 4833 προσεύχεσθαι
1002 4801 1018 4827 ,
1051 4760 1147 4812 καὶ
1174 4758 1270 4811 τοῦ
1317 4758 1413 4828 τὴν
1445 4758 1603 4822 δόξαν
1633 4760 1729 4810 ὲκ-

150 4856 373 4911 κλίνειν.

222 4968 243 5001 ι
272 4950 380 5002 Καὶ
394 4948 612 5017 ἐγένετο
630 4947 686 4999 ὲν
707 4946 805 5017 μιᾷ
826 4944 937 4998 τῶν
952 4942 1197 5014 ἡμερῶν,
1220 4942 1313 4994 καὶ⁵
1333 4938 1494 5002 αὐτὸς
1513 4935 1581 5011 ἦν
1595 4938 1700 4993 διδά

1915 4948 2078 5003 Vens.
2117 4944 2305 4999 {7-26.
2360 4961 2380 4995 ι
2441 4941 2507 4996 Et
2552 4938 2753 4995 factum
2799 4946 2881 4993 est
2930 4932 3167 5003 quodam
3212 4928 3318 4993 die,
3366 4938 3420 4981 et

154 5057 315 5096 σκων·
338 5042 432 5095 καὶ
451 5038 593 5111 ἦσαν
606 5039 909 5110 καθήμενοι
926 5037 1211 5107 Φαρισαῖοι
1234 5034 1330 5087 καὶ
1346 5033 1700 5103 νομοδιδάσκα

1840 5041 1955 5110 ipse
1980 5038 2229 5103 docebat,
2263 5047 2525 5103 erantque
2572 5031 2832 5087 Pharisaei
2867 5029 3137 5086 sedentes,
3184 5037 3247 5076 ac
3285 5020 3420 5090 legis

151 5128 251 5197 λοι,
272 5133 322 5186 οἳ
342 5130 482 5205 ἦσαν
496 5130 816 5201 ἐληλυθότες
828 5130 891 5182 ἐκ
906 5129 1085 5198 πάσης
1098 5126 1293 5196 κώμης
1310 5126 1404 5193 τῆς
1424 5123 1700 5186 Γαλιλαέας

1844 5134 2117 5197 doctores,
2145 5131 2237 5201 qui
2266 5137 2528 5184 venerant
2556 5142 2621 5181 ex
2655 5124 2799 5179 omni
2831 5119 3053 5175 castello
3082 5116 3337 5177 Galilaeaz,
3366 5122 3424 5167 et

149 5226 243 5279 καὶ
285 5204 564 5289 Ἰουδαίας,
592 5223 682 5276 καὶ
696 5220 1071 5293 Ἰερουσαλήμ·
1102 5221 1196 5273 καὶ
1220 5221 1253 5290 ἡ
1275 5218 1504 5286 δύναμις
1533 5216 1700 5286 Κυρίο

1844 5222 2069 5289 ludatis,
2110 5232 2166 5278 et
2209 5219 2539 5284 Jerusalem,
2575 5227 2631 5272 et
2676 5215 2851 5269 virtus
2900 5208 3112 5264 Domini
3144 5208 3333 5261 aderat
3356 5204 3423 5258 ad

148 5307 217 5384 ἦν
245 5320 325 5381 είς
368 5318 430 5371 sb
474 5317 660 5370 ἰᾶσθαι
698 5313 919 5375 αύτούς.
956 5312 1067 5366 Καὶ
1108 5311 1218 5365 ίδου
1254 5310 1450 5381 ἄνδρες
1482 5310 1700 5381 φέροντε

1845 5319 2143 5373 sanandum
2174 5329 2288 5370 eos.
2320 5311 2385 5366 Et
2412 5326 2540 5366 ecce
2565 5308 2670 5364 viri
2695 5316 2979 5379 portantes
3006 5303 3057 5355 in
3086 5300 3223 5356 lecto
3249 5297 3409 5353 homi-

147 5409 247 5466 ἐπὶ
277 5413 464 5484 κλίνης
486 5410 778 5481 ἄνθρωπον
800 5409 858 5472 δς
885 5403 955 5478 ἦν
983 5406 1449 5477 παραλελυμένος
1489 5408 1585 5459 καὶ
1614 5406 1700 5473 ὲζί

1849 5426 1971 5468 nem
2010 5411 2103 5481 qui
2152 5418 2271 5463 erat
2316 5403 2647 5476 paralyticos
2671 5442 2687 5469 ,
2722 5410 2777 5454 et
2811 5398 3122 5470 quarebant
3164 5408 3286 5448 eum
3340 5392 3427 5444 in-

124 5511 277 5561 τουν
302 5506 466 5561 αὐτὸν
489 5505 826 5572 είσενεγκεῖν
849 5502 945 5555 καὶ
971 5502 1145 5555 θεῖναι
1168 5499 1399 5554 ἐνώπιον
1429 5500 1617 5554 αὐτοῦ’
1647 5518 1700 5553 κε

1850 5505 1991 5559 ferre
2021 5515 2073 5558 et
2100 5514 2302 5571 ponere
2338 5508 2461 5552 ante
2493 5496 2667 5551 illum.
2706 5493 2771 5548 Et
2800 5506 2905 5546 non
2959 5488 3296 5544 invenientes
3321 5496 3427 5552 qua

98 5599 227 5671 ἑκιιὴ
259 5601 517 5674 εὑρόντες
545 5599 637 5652 διὰ
660 5598 842 5666 ³ποίας
894 5596 1285 5663 ιίσενέγκωσιν
1329 5594 1496 5648 αὐτὸν
1529 5594 1619 5648 διὰ
1654 5594 1700 5647 τί

1844 5604 1998 5664 parte
2033 5592 2183 5647 illum
2219 5588 2486 5645 inlerrent
2514 5601 2626 5658 pra:
2662 5583 2841 5648 turba,
2880 5579 3242 5638 ascenderunt
3262 5588 3424 5643 supra

111 5664 344 5763 ξίλον,
388 5664 698 5754 ἀναϐάντες
725 5689 821 5742 ἐπὶ
852 5690 914 5745 sb
962 5688 1121 5759 δῶμα
1146 5730 1163 5751 ,
1218 5686 1308 5742 διὰ
1338 5687 1447 5741 τῶν
1487 5687 1700 5758 κεράμιι

1849 5692 2072 5751 tectum,
2100 5696 2164 5739 ac
2195 5695 2291 5751 per
2319 5677 2531 5751 tegulas
2555 5676 2888 5735 demiserunt
2920 5686 3044 5728 eum
3066 5684 3188 5725 cum
3224 5664 3426 5721 lectulo

228 5857 267 5887 ³⁸
298 5857 469 5913 Num.
495 5869 591 5915 xu.
640 5854 725 5906 15.
