3896 6452
455 358 561 422 763
1369 359 1946 425 THEOPHYLACTI
1990 355 2403 420 BULGABIAZ
2432 357 2788 418 ABCIIIEP.
3359 409 3364 413 .
3586 361 3670 424 765

457 473 513 526 in
563 471 796 525 medium
841 481 972 527 ante
1029 471 1234 528 Jesum.
1283 475 1524 539 Quorum
1571 476 1732 530 lidem
1773 483 1830 528 ut
1882 473 1986 526 vidi

2142 467 2394 538 καθῆκαν
2427 469 2588 522 αὐτὸν
2618 471 2714 522 σὺν
2744 468 2821 538 τῷ
2849 467 3086 538 κλινιδίῳ
3113 469 3193 531 είς
3221 473 3280 522 τὸ
3312 468 3471 538 μέσον
3496 473 3671 546 ἔμπρο-

455 564 593 618 dixit
624 563 739 617 illi:
782 561 982 627 Ηοιιιο,
1022 567 1369 620 remittantur
1411 567 1506 620 tibi
1559 575 1780 635 peccata
1817 575 1926 618 tua.
1963 563 1993 616 Ε

2140 563 2268 613 σθεν
2298 560 2393 613 τοῦ
2436 559 2612 628 Ἰησοῦ
2635 576 2648 590 ⁸
2697 561 2790 613 καὶ
2824 560 2948 612 ἰδὼν
2974 561 3072 632 τὴν
3107 559 3286 613 πίστιν
3320 562 3491 614 αὐτῶν
3511 606 3522 626 ,
3549 563 3672 621 εἶπεν

455 669 739 724 coeperunt
774 657 1012 726 cogitare
1064 658 1273 713 Scriba:
1319 667 1373 712 ct
1425 657 1683 713 Pharisaei
1733 659 1975 712 dicentes

2135 653 2302 722 αύτῷ·
2338 653 2646 722 Ἀ·.θρωπε,
2670 652 2944 720 ἀφέωνταί
2969 669 3050 704 σοι
3086 653 3141 704 αἱ
3161 653 3421 722 ἁμαρτίαι
3450 671 3555 709 σου.
3587 657 3673 713 Καὶ

455 749 588 814 Quis
614 756 698 805 est
749 751 794 804 is
825 751 915 819 qui
963 751 1200 819 loquitur
1249 749 1813 820 hlaspbemias?Quis
1856 760 1993 820 pote:

2134 745 2366 815 ἤρξαντο
2413 743 2818 807 διαλογίζεσθαι
2858 746 2907 797 οί
2943 746 3295 814 Γραμματεῖς
3328 746 3418 798 καὶ
3451 747 3498 798 οἱ
3537 750 3653 817 Φαςιι

457 842 736 896 remittere
775 855 1019 910 peccata,
1067 843 1171 897 nisi
1219 844 1366 897 solus
1421 843 1611 898 Deus?
1649 841 1720 898 Ut
1777 846 1995 912 cognovi

2139 841 2298 899 σαῖοι.
2324 838 2593 906 λέγοντες·
2621 835 2716 898 Τίς
2737 838 2884 888 ἐστιν
2903 829 3056 900 οὗτος
3075 837 3132 900 ὃς
3157 837 3308 890 λαλεῖ
3330 837 3530 908 βλασιρη
3541 845 3677 910 μίαςς

456 941 634 984 autem
677 929 833 986 Jcsus
870 934 1229 1001 cogitationes
1273 951 1482 998 eorum,
1523 936 1852 1005 respondens
1897 936 1994 990 divi

2137 931 2230 992 Τίς
2271 930 2494 983 δύναται
2552 931 2772 998 ἀφιέναι
2800 929 3094 1000 ἁμαρτίας,
3126 931 3176 980 εί
3199 930 3271 999 μὴ
3306 931 3462 1000 μόνος
3491 933 3516 983 ό
3541 934 3675 998 Θεό;;

457 1023 522 1076 ad
559 1023 677 1078 illos
710 1041 726 1078 ι
761 1023 900 1090 Quid
929 1025 1178 1094 cogitatis
1213 1027 1263 1079 in
1288 1025 1543 1081 cordibus
1571 1028 1765 1081 vestris
1791 1027 1810 1078 ’ί
1834 1026 1993 1083 Utrm

2138 1024 2425 1091 Ἐπιγνοὺς
2459 1021 2518 1075 δὲ
2567 1023 2597 1074 ὁ
2646 1022 2857 1092 Ἰησοῦς
2894 1023 3020 1084 τοὺς
3066 1023 3449 1091 διαλογισμοὺς
3497 1026 3676 1090 αὐτῶν,

456 1121 538 1164 est
576 1111 792 1169 facilius
817 1115 1001 1170 dicere
1039 1133 1054 1170 :
1102 1113 1472 1170 Remittautur
1513 1118 1607 1172 tibi
1646 1128 1870 1186 peccata
1919 1128 1994 1172 tua

2141 1115 2451 1184 ἀποκριθεὶς
2475 1110 2594 1168 εἷπε
2624 1117 2762 1182 πρὸς
2789 1116 2984 1178 αύτούς
3008 1131 3021 1145 ‘
3046 1115 3111 1167 Τί
3131 1115 3496 1182 διαλογίζεσθε
3520 1119 3571 1170 ὲν
3587 1124 3679 1181 ταῖς

456 1220 526 1258 an
571 1205 802 1263 dicere:
839 1207 1016 1277 Surge
1059 1221 1114 1263 et
1159 1209 1416 1264 ambula?
1465 1207 1533 1264 Ut
1579 1221 1759 1264 autem
1820 1212 1994 1267 sciatis

2144 1206 2384 1276 καρδίαις
2401 1206 2584 1276 ύμῶν;
2615 1207 2678 1260 Τί
2700 1209 2847 1260 ἐστιν
2867 1206 3248 1276 εὐκοπώτερον
3269 1208 3461 1271 είπεῖν,
3481 1208 3682 1276 Ἀφέων-

457 1293 601 1359 quod
627 1292 798 1348 Filius
841 1296 1075 1352 hominis
1108 1297 1301 1352 habeat
1327 1307 1646 1368 potestatem
1675 1300 1728 1353 in
1766 1308 1908 1354 terra
1946 1316 1995 1357 re

2144 1299 2223 1352 ui
2256 1315 2338 1352 σοι
2366 1300 2420 1355 αἰ
2454 1300 2723 1370 ἁμαρτίαι
2745 1315 2863 1362 σου,
2889 1299 2922 1369 ἢ
2954 1300 3412 1369 είπεῖν,”ῑγειραι
3441 1301 3526 1352 καὶ
3552 1318 3682 1370 περι-

460 1387 704 1440 mittendi
735 1399 978 1458 peccata,
1007 1391 1084 1445 ait
1123 1392 1422 1461 paralytico
1461 1409 1474 1447 :
1513 1393 1630 1448 Tibi
1665 1394 1806 1457 dico,
1837 1392 1998 1464 Surge

2144 1392 2332 1456 πάτει;
2375 1391 2492 1444 Ἵνα
2533 1392 2586 1444 δὲ
2613 1391 2823 1460 εἰδῆτε,
2851 1392 2932 1444 ὅτι
2969 1389 3220 1456 ἐξουσίαν
3253 1390 3366 1461 ἔχει
3399 1393 3424 1444 ὁ
3463 1391 3579 1454 Υίδς
3609 1394 3682 1445 τοῦ

461 1479 584 1533 tolle
612 1480 866 1536 lectulum
900 1494 1144 1550 tuum,et
1166 1487 1303 1542 vade
1333 1487 1383 1540 in
1417 1487 1634 1542 domum
1663 1487 1830 1558 307
1861 1498 1999 1542 tuam

2145 1480 2423 1552 Ξινθρώπου
2465 1483 2556 1535 ἐπὶ
2594 1482 2694 1551 τῆς
2726 1485 2828 1553 γῆς
2873 1483 3096 1553 ἀφιέναι
3144 1483 3442 1554 ἁμαρτίας,
3477 1481 3587 1538 εἷπε
3624 1488 3683 1570 τῷ

461 1573 614 1642 lsque
646 1575 930 1631 confestim
970 1594 1199 1648 surgens
1229 1595 1412 1635 coram
1440 1581 1566 1646 illis,
1595 1582 1812 1636 tollebat
1839 1582 1892 1636 in
1925 1598 1997 1650 qu

2145 1574 2594 1646 παραλελυμένῳ·
2631 1577 2721 1629 Σοὶ
2751 1577 2916 1644 λέγω,
2941 1576 3179 1646 ἑγειραι·
3211 1576 3308 1629 καὶ¹
3354 1578 3489 1646 ἄρας
3513 1578 3567 1629 τὸ
3590 1580 3683 1631 κλι-

457 1666 731 1732 Ῑ²ςιιριυιιι.
790 1669 1032 1740 abiitque
1086 1673 1138 1726 in
1195 1674 1416 1728 domum
1483 1689 1674 1738 suam,
1724 1673 1995 1743 glorifican

2145 1667 2302 1721 νίδιόν
2342 1685 2437 1720 σου
2466 1710 2480 1734 ,
2536 1668 2772 1740 πορεύου
2808 1673 2888 1732 είς
2912 1670 3006 1723 τὸν
3030 1667 3181 1724 οἶκόν
3215 1661 3350 1722 ’σου.
3392 1670 3499 1722 Kal
3539 1687 3683 1741 παρα-

462 1753 650 1811 Deum.
696 1756 760 1812 Et
803 1769 990 1828 stupor
1024 1762 1285 1830 corripuit
1313 1779 1522 1829 omnes,
1571 1772 1624 1820 et
1656 1763 2000 1834 glorifirabau

2144 1759 2328 1830 χρῆμα
2350 1761 2590 1822 ἀναστὰς
2615 1761 2847 1814 ἐνώπιον
2871 1762 3072 1825 αὐτῶν,
3097 1761 3236 1830 ἄρας
3258 1761 3347 1830 ἐφ’
3371 1761 3399 1813 ὃ
3415 1763 3682 1828 κατέκειτο,

463 1847 652 1911 Deum,
682 1857 738 1903 et
781 1851 971 1916 repleti
1005 1864 1134 1907 sunt
1183 1855 1394 1922 timore,
1444 1857 1689 1912 dicentes
1731 1877 1744 1912 :
1791 1858 2001 1913 Vidiqu

2147 1817 2380 1924 ἐπῆλθεν
2422 1857 2504 1918 είς
2538 1854 2630 1908 τὸν
2659 1850 2808 1908 οἷκον
2839 1855 3004 1908 αὐτοῦ
3039 1817 3282 1919 δοξάζων
3302 1817 3402 1907 τὸν
3431 1855 3579 1907 Θεόν·
3611 1857 3685 1908 καὶ

461 1939 805 1996 incredibilia
859 1943 1042 2000 hodie.
1095 1965 1117 1998 δ
1175 1949 1468 2016 Oportebat
1525 1949 1808 2004 Dominum
1859 1951 1999 2004 rariu

2147 1945 2398 2009 ἔκστασις
2427 1945 2588 1998 ἔλαϐε
2615 1945 2848 2007 πάντας.
2881 1945 2992 1998 Καὶ
3017 1944 3268 2011 eadem»;
3299 1944 3391 1997 τὸν
3422 1943 3546 1996 Θεὸν
3566 1983 3580 2008 ,
3611 1946 3685 1997 καὶ

460 2031 728 2098 quoddam
781 2048 964 2088 coram
1017 2036 1251 2091 inimicis
1285 2036 1466 2093 facere
1513 2038 1862 2104 miraculum,
1911 2054 1998 2108 pro

2145 2035 2492 2108 ἐπλήσθησαν
2523 2037 2687 2104 φόϐου
2713 2077 2727 2102 ,
2747 2036 3020 2104 λέγοντες,
3055 2038 3135 2088 ὅτι
3177 2036 3407 2111 Εἴδαμεν
3432 2035 3683 2106 ,παράδοξα

462 2119 586 2173 inde
622 2133 774 2176 sanat
813 2123 1090 2179 hominem
1121 2124 1422 2182 diﬂicilliml
1471 2128 1666 2194 morbi,
1705 2137 1762 2181 ιιι
1791 2131 1996 2183 sauand

2147 2132 2396 2201 σήμερον.
2423 2149 2440 2181 ι
2463 2129 2632 2196 Ἔδει,
2658 2131 3016 2198 συνηγμένων
3039 2127 3144 2180 τῶν
3161 2127 3396 2197 ἐχθρῶν,
3418 2128 3685 2198 καινότερόν

465 2223 676 2268 tantum
714 2217 983 2282 morbum,
1021 2229 1242 2272 sanaret
1268 2226 1324 2273 et
1367 2219 1718 2274 insanabilem
1766 2219 2003 2276 Pltarism

2145 2240 2186 2276 rt.
2213 2223 2655 2293 τερατουργῆσαι
2680 2221 2770 2274 τὸν
2795 2221 3000 2291 Κύριον
3022 2239 3034 2252 ·
3061 2219 3362 2290 θεραπεύει
3396 2216 3488 2274 οὖν
3513 2219 3683 2290 ἀνθρω-

462 2321 617 2360 orum
661 2307 949 2363 insaniam.
988 2309 1226 2364 Primum
1261 2311 1424 2382 igitur
1462 2313 1698 2366 animam
1729 2323 1908 2379 sanat,
1955 2315 2000 2368 di

2145 2332 2241 2369 πον
2269 2314 2532 2368 νοσοῦντα
2555 2314 2711 2368 νόσον
2735 2313 3003 2367 δυσίατονο
3040 2313 3128 2367 ἵνα
3151 2311 3239 2365 διὰ
3266 2311 3363 2364 τοῦ
3394 2313 3454 2364 τὸ
3473 2311 3683 2366 τοιοῦτον

462 2413 592 2452 cens
621 2417 634 2452 :
661 2397 1024 2454 Remittantnr
1052 2402 1144 2457 tibi
1170 2415 1392 2471 peccata
1419 2421 1435 2470 ;
1465 2413 1524 2458 ut
1544 2403 1818 2459 discamus
1841 2405 2000 2459 multa

2143 2405 2396 2462 ἰάσασθαι
2430 2404 2642 2474 νόσημα
2670 2405 2766 2458 καὶ
2793 2404 2892 2475 τὴν
2918 2403 3364 2474 δυσθερᾱιπευτον
3412 2401 3517 2454 τῶν
3545 2402 3681 2468 Φαρι-

467 2489 809 2546 infirmitates
843 2508 870 2548 a
901 2496 1135 2561 peccatis
1163 2497 1354 2561 nasci;
1393 2497 1586 2552 deinde
1618 2507 1673 2552 ct
1701 2513 1900 2568 c0rpus
1941 2515 2002 2555 sa

2145 2498 2308 2552 παίων
2337 2497 2540 2568 μανίαν
2567 2496 2877 2566 ὲξιάσηται.
2910 2495 3133 2566 Πρῶτον
3173 2492 3270 2548 οὖν
3308 2495 3376 2548 τά
3414 2493 3507 2561 τῆς
3541 2492 3683 2562 ψυχῆς

465 2591 582 2648 nat,
613 2584 726 2638 visa
753 2583 1090 2640 efferentium
1121 2589 1246 2644 lidc.
1283 2588 1436 2658 Saepe
1476 2591 1618 2644 enim
1649 2591 1786 2644 alios
1817 2602 2003 2660 propte

2142 2589 2450 2659 θεραπεύει,
2488 2588 2658 2644 εἰπών
2680 2606 2696 2622 ο
2742 2589 3045 2658 Ἀφέωνταί
3080 2605 3160 2641 σοι
3198 2590 3257 2642 al
3289 2587 3550 2657 ἁμαρτίαι
3575 2603 3680 2648 σου,

464 2671 692 2726 aliorum
736 2684 921 2730 servat
952 2675 1134 2733 fidem.
1161 2677 1329 2733 Porro
1361 2677 1618 2735 Pharisaei
1660 2682 1847 2736 dicunt
1878 2699 1892 2736 :
1925 2682 2002 2737 Cu

2146 2683 2223 2735 ἵνα
2252 2680 2536 2750 μάθωμεν,
2567 2681 2651 2734 ὅτι
2675 2680 2746 2732 τά
2775 2678 2947 2732 πολλὰ
2974 2679 3081 2732 τῶν
3120 2679 3566 2750 ἀρρωστημάτων
3604 2677 3684 2729 ἀπὸ

466 2763 555 2818 ille
609 2763 848 2835 l0quitur
906 2768 1309 2838 blasphemias?
1355 2771 1487 2837 Quis
1537 2783 1714 2838 potest
1759 2776 2002 2829 remitter

2145 2775 2241 2828 τῶν
2280 2773 2564 2843 ἁμαρτιῶν
2611 2773 2884 2827 τίκτονται
2909 2789 2920 2800 ·
2955 2769 3076 2826 εἶτα
3109 2773 3203 2824 καὶ
3237 2773 3314 2824 τὰ
3344 2771 3438 2824 τοῦ
3473 2770 3683 2840 σώματος

464 2865 688 2923 peccata
726 2858 828 2912 nisi
859 2858 1006 2914 solus
1031 2859 1172 2914 Deus
1194 2859 1219 2915 ?
1245 2861 1368 2916 llmc
1395 2873 1575 2917 autem
1601 2865 1810 2930 dicunt,
1846 2867 2002 2920 morti

2142 2865 2463 2937 θεραπεύει,
2513 2865 2638 2919 ίδὼν
2682 2866 2782 2936 τὴν
2833 2864 3018 2918 πίστιν
3055 2866 3162 2917 τῶν
3209 2865 3680 2934 προσενεγκάντων.

463 2965 615 3004 reum
645 2951 1088 3009 condemnantes.
1123 2953 1265 3022 Lege
1308 2955 1451 3010 enim
1487 2965 1773 3022 statutum,
1801 2969 1858 3014 ut
1893 2959 2001 3015 blas

2145 2959 2397 3021 Πολλάκις
2427 2957 2536 3028 γὰρ
2564 2957 2653 3011 διὰ
2681 2956 2780 3026 τὴν
2806 2957 3007 3026 ἑτέρων
3066 2959 3250 3008 πίστιν
3277 2956 3504 3024 ἑτέρους
3537 2953 3683 3017 σώζει.

465 3040 728 3106 pbemans
783 3043 835 3097 in
886 3043 1054 3098 Deum
1107 3058 1279 3101 morte
1338 3048 1620 3116 puniretur
1653 3051 1718 3104 "'.
1775 3049 2003 3106 Dnminu

2145 3053 2198 3106 Ui
2220 3053 2276 3107 δὲ
2297 3052 2582 3124 Φαρισαῖοι
2603 3067 2754 3120 φασιο
2779 3051 2844 3104 Τί
2866 3044 3020 3113 οὗτος
3042 3049 3191 3102 λαλεῖ
3220 3047 3593 3118 βλασφημίας,
3612 3045 3683 3107 Τίς

465 3133 628 3203 igitur
659 3144 968 3192 monstrans
994 3138 1072 3192 eis
1110 3154 1167 3192 se
1201 3154 1383 3193 verum
1425 3139 1618 3206 Deum,
1655 3151 1710 3195 et
1739 3158 1846 3196 non
1881 3159 2003 3198 arro

2147 3145 2359 3200 δύναται
2381 3146 2598 3215 ἀφιέναι
2629 3142 2981 3214 ἁμαρτίας-εί
3010 3142 3086 3211 μὴ
3115 3140 3271 3211 μόνος
3300 3143 3330 3194 ὁ
3353 3139 3514 3204 Θεός;
3538 3135 3685 3190 Ταῦτα

465 3226 646 3296 gentia
693 3227 827 3282 illud
879 3243 907 3281 a
951 3243 1011 3284 se
1054 3231 1277 3295 dietum,
1331 3231 1436 3286 alio
1483 3236 1636 3303 signo
1674 3235 1779 3288 illis
1825 3235 2003 3289 suadet

2145 3239 2195 3293 δὲ
2218 3239 2455 3308 λέγουσι,
2473 3238 2706 3292 θάνατον
2728 3235 2890 3290 αὑτοῦ
2924 3233 3464 3302 καταγινώσκοντες.
3488 3232 3578 3284 Τὸν
3603 3229 3683 3297 γὰρ

467 3317 688 3372 Sciebat
713 3318 857 3373 enim
905 3320 1030 3387 quid
1070 3321 1142 3374 illi
1186 3324 1506 3391 cogitarent.
1547 3325 1695 3380 Unde
1721 3329 1943 3381 omnino
1969 3327 2004 3380 li

2145 3331 2362 3384 είπόντα
2387 3329 2732 3400 βλασφημίαν
2761 3327 2904 3380 κατὰ
2927 3326 3020 3382 τοῦ
3059 3325 3196 3380 Θεοῦ
3235 3325 3472 3378 θάνατον
3517 3319 3683 3390 ὑπομέ-

467 3407 710 3478 quidum,
742 3425 862 3464 eum
893 3426 1014 3466 csse
1049 3413 1236 3466 Deum.
1269 3414 1358 3467 Dei
1396 3415 1539 3468 enim
1572 3426 1653 3470 est
1685 3417 1871 3473 videre
1910 3435 2004 3474 cor

2146 3439 2250 3476 νειν
2280 3421 2644 3492 προσέταττεν
2689 3421 2716 3472 ὁ
2757 3420 2942 3489 νόμος.
2991 3419 3048 3472 '0
3088 3417 3218 3486 γοῦν
3264 3417 3473 3488 Κύριος
3510 3413 3684 3472 δεικνὺς

469 3508 748 3569 propterea
782 3502 918 3581 dixit
949 3521 961 3555 :
995 3504 1132 3568 Quid
1169 3505 1320 3560 vobis
1350 3506 1602 3561 videtur?
1631 3507 1912 3564 faciliusne
1952 3527 2007 3565 rc

2143 3515 2343 3581 αὐτοῖς,
2377 3515 2458 3566 ὅτι
2481 3512 2652 3576 ὅντως
2677 3512 2809 3576 Θεός
2841 3515 2980 3577 ἐστι,
3006 3511 3104 3566 καὶ
3131 3511 3192 3564 οὑ
3222 3509 3501 3579 κομπάζει
3521 3508 3681 3577 μάτην,

470 3591 685 3645 mittere
709 3601 1013 3660 peccatum,
1042 3594 1120 3646 vcl
1147 3611 1243 3649 san
1264 3612 1340 3650 tre
1363 3612 1554 3666 corpus
1578 3599 1601 3652 ?
1626 3597 1858 3655 Omnino
1884 3601 2004 3670 juxt

2144 3609 2233 3678 ἀφ’
2269 3607 2454 3678 ἑτέρου
2504 3606 2736 3676 σημείου
2784 3605 2963 3658 πείθει
3003 3603 3223 3668 αὐτούς.
3270 3605 3344 3656 Ἃ
3391 3602 3495 3670 γὰρ
3525 3601 3682 3654 ἐκεῖνοι

468 3691 710 3736 vestram
733 3685 1056 3738 sententiam
1089 3688 1304 3741 videtur
1337 3687 1549 3744 facilius
1593 3691 1870 3748 remittere
1909 3710 2006 3762 pcc

2143 3699 2522 3766 διελογίζοντο,
2555 3695 2731 3750 ταῦτα
2775 3695 2939 3760 αὐτὸς
2986 3696 3254 3765 συνίησιν.
3292 3693 3459 3746 ’Ὅθεν
3505 3694 3681 3751 πάντως

469 3782 611 3838 cata,
641 3784 696 3826 ut
725 3775 1041 3840 obscurum,
1077 3788 1131 3832 et
1167 3795 1270 3832 non
1310 3781 1758 3848 reprehensibile,
1793 3787 2007 3853 quamvi

2141 3790 2324 3862 δῆλον,
2352 3791 2434 3843 ὅτι
2477 3789 2609 3852 Θεός
2643 3790 2781 3842 ἐστι.
2813 3787 2950 3840 Θεοῦ
2981 3787 3094 3859 γὰρ
3137 3788 3200 3841 τὸ
3232 3787 3436 3839 ειδέναι
3473 3784 3679 3852 καρδίας.

467 3863 742 3922 dillicilius
768 3868 840 3921 sit
868 3887 881 3922 :
920 3883 1114 3922 sanare
1155 3882 1331 3924 autem
1358 3887 1574 3941 corpus,
1614 3885 1670 3926 ut
1702 3877 1873 3932 oculis
1905 3893 2005 3932 con

2142 3885 2309 3956 Φησὶν
2341 3881 2454 3949 οὖν,
2490 3881 2555 3934 Τί
2588 3881 2737 3934 δυκεί
2783 3881 2910 3950 ύμῖν
2957 3880 3366 3950 εὐκοπώτερον,
3406 3881 3463 3932 τὸ
3504 3877 3680 3947 ἀφιέναι

468 3960 735 4024 spicuum,
757 3959 1027 4016 didit-ilius
1044 3961 1546 4034 videturﬁquamvis
1573 3975 1763 4020 natura
1789 3966 1996 4033 facilius

2143 3974 2436 4043 ἁμαρτίας,
2486 3973 2519 4044 ἢ
2554 3971 2617 4024 τὸ
2660 3973 2880 4042 ὑγιάσαι
2929 3972 3122 4043 σῶμας
3161 3973 3388 4036 Πάντως
3440 3973 3566 4025 κατὰ
3605 3968 3681 4036 τὴν

469 4060 706 4106 attamen
732 4065 832 4120 ego
862 4064 916 4106 ct
946 4054 1045 4108 hoc
1068 4064 1121 4108 et
1156 4055 1282 4108 illud
1315 4055 1506 4111 faciam
1540 4077 1554 4112 :
1588 4069 1642 4112 et
1669 4060 1892 4125 idcirco,
1915 4077 2007 4115 cur

2143 4065 2412 4137 ὑμετέραν
2463 4064 2644 4134 ψῆφον
2699 4065 2760 4118 τδ
2805 4065 3022 4133 ἀφιέναι
3061 4065 3342 4136 ἁμαρτίας
3381 4065 3524 4118 δοκεῖ
3555 4064 3681 4114 εὐκο-

469 4143 674 4198 satiabo
725 4159 948 4213 corpus,
986 4162 1107 4215 quae
1159 4161 1244 4201 res
1291 4149 1442 4204 vobis
1489 4150 1755 4205 diﬂicilior
1803 4153 2007 4206 videtur

2144 4157 2387 4228 πώτερον
2409 4195 2424 4220 ,
2455 4156 2529 4219 ὡς
2554 4158 2757 4224 ἀφανὲς
2789 4156 2883 4209 καὶ
2927 4157 3276 4225 ἀνέλεγκτον,
3320 4158 3496 4211 καίτοι
3524 4157 3682 4208 δυσκο-

467 4233 782 4289 credibilem
814 4237 966 4290 vobis
994 4239 1190 4292 faciam
1219 4249 1274 4294 et
1296 4240 1493 4296 anima:
1525 4245 1886 4309 sanationem,
1918 4260 2005 4314 qu:

2145 4250 2376 4320 λὼτερον
2395 4251 2477 4304 ὃν.
2511 4249 2585 4304 Τὸ
2605 4249 2661 4303 δέ
2691 4266 2755 4318 γε
2787 4248 3119 4319 θεραπεῦσαι
3153 4251 3315 4320 σῶμα
3371 4250 3514 4303 δοκεῖ
3537 4250 3683 4300 δυσκο

469 4340 658 4380 revera
685 4324 950 4381 difﬁcilior
975 4338 1082 4394 est,
1113 4336 1361 4400 quamvis
1391 4333 1562 4398 vobis,
1595 4335 1720 4404 quia
1765 4351 1868 4390 non
1899 4337 2007 4390 vide

2141 4343 2400 4413 λώτερον.
2441 4341 2519 4404 ὼς
2551 4341 2900 4411 φαινόμενον,
2934 4342 3112 4395 καίτοι
3143 4339 3522 4412 εὐκοπώτερον
3558 4340 3609 4393 ὃν
3631 4343 3679 4407 τῇ

466 4430 577 4485 tur,
607 4419 779 4474 facilis
803 4421 1069 4480 videatur.
1099 4424 1226 4480 Vide
1247 4434 1425 4481 autem
1459 4428 1607 4495 quod
1636 4443 1801 4498 super
1834 4439 2004 4483 terran

2144 4433 2322 4502 φύσει.
2367 4432 2555 4502 Ὅμως
2595 4430 2706 4498 ἐγὼ
2760 4436 2853 4484 καὶ
2883 4431 3044 4484 τοῦτο
3089 4433 3310 4484 κάκεῖνο
3352 4431 3568 4500 ποιήσω.
3599 4430 3682 4480 Καὶ

466 4517 816 4573 remittantur
858 4529 1100 4587 peccata.
1135 4519 1405 4588 Quamdiu
1453 4524 1599 4577 enim
1640 4537 1804 4592 super
1833 4533 2004 4578 terran

2144 4526 2224 4580 διὰ
2254 4525 2349 4580 τοῦ
2381 4525 2726 4596 θεραπεῦσαι
2761 4526 2820 4576 τὸ
2851 4525 3032 4594 σῶμα,
3062 4525 3090 4576 ὃ
3118 4524 3269 4577 δοκεῖ
3294 4524 3423 4593 ὑμῖν
3449 4521 3682 4577 δυσκολώ-

466 4625 673 4677 sumus,
705 4612 1008 4682 poterimus
1053 4613 1234 4670 delere
1272 4625 1494 4684 peccata
1534 4625 1718 4670 nostra
1750 4632 1763 4669 :
1807 4624 1861 4669 at
1891 4625 2004 4686 post

2143 4634 2319 4688 τερον,
2376 4615 2720 4685 πιστὼσομαι
2773 4615 2870 4669 καὶ
2908 4615 3006 4686 τὴν
3047 4615 3346 4684 θεραπείαν
3391 4615 3485 4680 τῆς
3515 4610 3681 4681 ψυχῆς.

464 4719 627 4770 quam
675 4718 705 4758 ο
761 4714 902 4759 terra
941 4706 1378 4775 migraverimus,
1416 4723 1522 4762 non
1559 4706 1697 4761 ultra
1749 4708 2002 4778 nobisipsi

2145 4708 2264 4777 ἣτις
2291 4709 2339 4760 εί
2380 4706 2476 4759 καὶ
2503 4705 2759 4768 δύσκολός
2787 4707 2926 4767 ἐστι,
2971 4704 3119 4757 δοκεῖ
3163 4705 3291 4774 ύμῖν
3342 4701 3555 4756 εὔκολον
3574 4741 3587 4764 ,
3615 4698 3683 4751 διὰ

463 4795 764 4865 poterimus
791 4811 886 4865 per
915 4797 1310 4854 confessionem
1347 4809 1564 4867 peccata
1596 4800 1776 4855 delere
1803 4817 1818 4852 :
1857 4799 2001 4854 claus

2144 4798 2204 4852 τδ
2224 4798 2448 4867 ἀφανές.
2479 4799 2620 4866 Ὀρα
2644 4795 2700 4850 δὲ
2727 4797 2807 4848 ὃτι
2826 4797 2920 4848 ἐπὶ
2943 4796 3039 4865 τῆς
3057 4796 3158 4866 γῆς
3187 4795 3437 4864 ἀφίενται
3461 4797 3512 4848 al
3533 4796 3682 4862 ἀμαρ-

463 4885 608 4940 euim
659 4897 742 4941 est
779 4887 968 4957 junua.
1016 4889 1266 4945 Diximus
1307 4889 1374 4945 de
1407 4891 1510 4946 bac
1549 4891 1789 4947 clausula
1826 4892 1878 4947 in
1920 4890 2001 4946 alii

2142 4892 2271 4946 τίαι.
2311 4891 2456 4954 Ἕως
2499 4884 2561 4943 οὗ
2606 4889 2716 4959 γάρ
2767 4889 2936 4959 ἐσμεν
2981 4889 3073 4942 ἐπὶ
3113 4888 3214 4958 τῆς
3248 4890 3387 4959 γῆς,
3446 4883 3680 4955 δυνάμεθα

463 4976 825 5050 Evattgelistis
863 4983 1105 5038 uberius.
2140 4982 2424 5052 ἐξαλεῖψαι
2455 4982 2554 5044 τὰς
2594 4979 2870 5051 ἁμαρτίας
2923 4981 3101 5050 ἡμῶν.
3141 4979 3278 5034 Μεθ’
3326 4979 3354 5032 ὃ
3389 4979 3561 5049 μέντοι
3604 4974 3682 5041 τῆς

462 5073 566 5143 γῆς
593 5072 1016 5143 άπαναστῶμεν,
1048 5073 1148 5128 ούκ
1176 5074 1258 5129 ἔτι
1289 5077 1454 5146 ἡμεῖς
1485 5076 1638 5129 αὐτοὶ
1663 5076 1943 5147 δυνάμεθα
2009 5075 2077 5132 δι’
2119 5075 2564 5144 ἐξομολογήσεως
2624 5073 2907 5142 ἐξαλεῖψαι
2931 5072 3032 5132 τὰς
3058 5069 3334 5142 ἁμαρτίας
3357 5067 3525 5140 ἡμῶν.
3561 5067 3681 5116 Ἀπο-

465 5164 776 5221 κέκλεισται
801 5165 908 5235 γὰρ
938 5167 972 5236 ἡ
1000 5165 1159 5236 θύρα·
1187 5167 1432 5238 Εἴπομεν
1460 5167 1518 5221 δὲ
1548 5169 1677 5238 περὶ
1707 5166 1912 5239 ταύτης
1939 5171 2041 5239 τῆς
2081 5167 2385 5240 περικοπῆς
2411 5167 2468 5218 ὲν
2488 5169 2600 5228 τοῖς
2663 5166 2871 5236 ἑτέροις
2921 5163 3348 5232 Εὑαγγελισταῖς
3368 5161 3677 5226 πλατύτερον.

538 5261 704 5320 Vens.
733 5263 925 5318 27-52.
964 5282 982 5315 ι
1020 5262 1082 5317 Et
1120 5275 1242 5333 post
1277 5266 1390 5320 haec
1437 5266 1568 5320 exiit
1597 5283 1680 5335 Lac
1711 5269 1841 5320 vidit
1875 5267 2051 5335 publi.

2230 5283 2248 5316 ι
2297 5265 2406 5319 Καὶ
2441 5265 2580 5333 μετὰ
2611 5262 2786 5320 ταῦτα
2817 5259 3031 5332 ἐξῆλθε.
3060 5260 3157 5314 καὶ
3190 5259 3452 5312 ἐθεάσατο
3477 5255 3677 5318 τελώνην

466 5373 663 5412 canum
717 5357 936 5412 nomine
964 5355 1091 5412 Levi
1121 5358 1400 5414 sedentem
1439 5360 1507 5412 ad
1543 5360 1798 5416 telonium
1835 5378 1850 5428 ;
1891 5371 1947 5416 et
1973 5378 1999 5414 a

2147 5365 2374 5434 ὀνόματι
2419 5363 2604 5427 Δευτν,
2663 5360 2972 5430 καθήμενον
3024 5357 3117 5409 ἐπὶ
3173 5355 3236 5408 τὸ
3279 5353 3539 5408 τελώνιον.
3592 5347 3677 5400 Καὶ

471 5451 582 5506 illi:
617 5452 856 5520 Sequere
890 5465 996 5504 me.
1041 5452 1220 5521 Atque
1253 5452 1321 5518 is,
1360 5452 1562 5506 relictis
1602 5455 1875 5518 munibus,
1930 5470 2009 5508 sut

2147 5453 2300 5509 εἶπεν
2327 5456 2497 5524 αὐτῷ·
2531 5451 2981 5522 Ἀκολούθειμοι.
3012 5448 3120 5503 Καὶ
3139 5445 3451 5502 καταλιπὼν
3474 5444 3671 5499 ἅπαντα.

471 5558 605 5610 gens
631 5552 852 5599 secutus
869 5554 951 5598 est
979 5559 1104 5598 eum
1129 5565 1141 5597 :
1163 5555 1218 5600 et
1247 5545 1372 5601 fecit
1392 5547 1444 5601 ei
1463 5549 1766 5602 convivium
1795 5564 2009 5617 Ittugnul

2149 5548 2387 5610 ἀναστὰς
2431 5545 2799 5616 ἠκολούθησεν
2827 5543 2995 5614 αύτῷ.
3033 5543 3142 5596 Καὶ
3179 5540 3398 5609 ἑτοιησε
3420 5535 3565 5607 δοχὴν
3599 5547 3672 5601 με·

475 5635 604 5692 chi
639 5635 692 5690 in
729 5635 890 5691 domo
919 5651 1020 5691 sua
1051 5653 1065 5690 :
1099 5647 1153 5692 et
1181 5649 1300 5693 erat
1345 5640 1502 5695 turba
1534 5640 1696 5698 multa
1731 5639 2013 5710 publicano

2156 5641 2330 5709 γάλην
2357 5642 2385 5693 ὁ
2419 5636 2579 5692 Δευῖν
2609 5635 2753 5705 αὑτῷ
2779 5637 2837 5688 ἐν
2857 5637 2921 5704 τῇ
2946 5633 3094 5704 οἰκία
3115 5631 3279 5685 αὑτοῦ
3335 5631 3437 5683 Καὶ
3466 5623 3526 5697 ἦν
3549 5620 3670 5690 Egi-’1‘;

558 5799 600 5827 ἐ’
637 5795 806 5852 Ιιιινῑι.
843 5813 1006 5865 χιιιν;
1042 5799 1057 5852 l
1098 5798 1274 5853 Parui.
1317 5814 1427 5854 xm.
