3896 6452
250 388 382 451 765

999 385 1447 451 ENARRATIO
1488 387 1568 448 ΙΝ
1600 384 2103 449 EVANGELIUM
2136 382 2371 445 LUC/li.
2403 405 2457 420 ·-
2502 380 2662 440 CAP.
2704 378 2774 439 ν.

3449 365 3555 430 766

256 502 534 560 τελωνῶν
599 500 791 567 πολὺς,
825 502 919 556 καὶ
964 501 1163 569 ἄλλων,
1209 502 1259 555 οἳ
1307 497 1445 574 ἦσαν
1508 499 1626 573 μετ’
1679 498 1860 552 αὐτῶν
1886 549 1897 566 Δ

2005 515 2082 551 ιιιιι
2116 505 2172 552 et
2203 492 2433 549 alierum
2462 493 2699 564 quicum
2725 487 2840 543 illis
2872 483 3291 542 accumbebant.
3312 478 3557 537 *Etmur-

265 597 701 667 κατακείμενοι.
741 596 854 651 Καὶ
886 596 1186 669 ἐγόγγυζον
1227 595 1279 649 οἱ
1316 596 1355 647 Γ
1364 595 1670 666 ραμματεῖς
1690 584 1870 646 αὐτῶν

267 688 379 742 καὶ
394 689 444 741 οἱ
461 688 750 758 Φαρισαῖοι
776 685 914 758 πρὸς
933 685 1062 748 τοὺς
1091 683 1341 756 μαθητὰς
1365 681 1554 744 αὐτοῦ,
1573 680 1825 749 λέγοντες
1853 692 1867 707 ⁸

271 780 385 834 Διὰ
440 779 493 833 τί
528 778 669 851 μετά
698 776 947 833 τελωνῶν
979 777 1075 832 καὶ
1131 774 1477 848 ἁμαρτωλῶν
1515 771 1726 826 ἐσθίετε
1778 769 1873 822 καὶ

281 875 483 927 πίνετε
506 888 520 938 ;
544 872 657 926 Καὶ
678 869 999 940 ἀποκριθεὶς
1028 871 1056 923 6
1072 867 1302 940 Ἰησοῦς,
1332 861 1454 921 εῐπε
1481 866 1616 936 πρὸς
1633 860 1833 925 αύτούς
1856 877 1871 892 ⁸

286 966 372 1020 υύ
404 965 596 1039 χρείαν
625 962 905 1036 ἔχουσινοί
934 960 1275 1031 ὑγιαίνοντες
1307 955 1518 1029 ἰατροῦ,
1551 955 1667 1011 ἀλλ’
1689 952 1741 1006 οἱ
1773 970 1874 1007 κα-

280 1058 405 1118 κὼς
435 1050 672 1128 ἔχοντες.
713 1055 827 1108 Οὐκ
856 1053 1089 1124 ἐλήλυθα
1136 1050 1366 1105 καλέσαι
1413 1049 1709 1119 δικαίουςη
1739 1043 1877 1098 ἀλλὰ

281 1149 663 1220 ἁμαρτωλοὺς
711 1148 792 1208 είς
853 1145 1166 1221 μετάνοιαν.
1222 1164 1242 1197 ι
1305 1143 1364 1209 Ὀ
1439 1141 1538 1212 μὲν
1598 1137 1877 1203 Ματθαῖος

283 1242 781 1316 ἀπαρακαλύπτως
812 1241 872 1293 τὸ
901 1239 1095 1294 ἑαυτοῦ
1123 1239 1296 1309 ὄνομα
1334 1234 1726 1306 ἀνακηρύττει,
1782 1232 1876 1285 λέ-

284 1356 410 1407 γων
428 1352 444 1367 ·
485 1357 505 1389 ι
545 1332 667 1391 Εἷδε
697 1334 976 1391 Ματθαῖον
1008 1334 1101 1387 τὸν
1131 1332 1371 1403 τελώνην
1398 1334 1427 1385 6
1469 1328 1677 1398 Ἰησοῦς
1706 1325 1873 1396 καθή-

291 1447 466 1503 μενον
502 1431 599 1483 ἐπὶ
624 1429 686 1484 τὸ
720 1428 994 1481 τελώνιον.
1047 1444 1069 1481 ι
1114 1426 1171 1480 '0
1196 1425 1254 1479 δέ
1282 1424 1503 1486 Λουκᾶς
1542 1422 1637 1475 καὶ
1665 1421 1691 1473 6
1719 1420 1879 1489 Μάρ-

292 1542 425 1589 κος,
457 1521 726 1595 τιμῶντες
777 1521 870 1574 τὸν
913 1514 1334 1587 εύαγγελιστὴν,
1395 1512 1459 1567 τὸ
1488 1512 1674 1583 ἕτερον
1713 1505 1881 1562 αὐτοῦ

287 1614 497 1683 δνομα,
527 1613 590 1667 τὸ
615 1612 802 1676 Λευϊν,
866 1611 946 1675 εἰς
979 1610 1144 1680 μέσον
1193 1605 1540 1679 προτιθέασι.
1589 1600 1882 1671 Θαύμασον

288 1704 353 1759 δὲ
381 1701 478 1757 τοῦ
514 1701 651 1758 Θεοῦ
683 1701 784 1771 τὴν
838 1696 1277 1770 φιλανθρωπίαν,
1333 1695 1453 1759 πῶς
1483 1691 1554 1746 τὰ
1588 1692 1757 1759 σκεύη
1788 1687 1881 1742 τοῦ

286 1792 547 1867 ’πονηροῦ
577 1792 896 1863 διαρπάζει.
931 1789 1183 1860 Τελώνης
1213 1790 1344 1858 γὰρ,
1374 1785 1571 1850 σκεῦος
1591 1784 1685 1839 τοῦ
1715 1798 1883 1852 πονη-

1975 590 2270 646 murabant
2304 586 2511 643 Scriba:
2552 592 2608 638 et
2653 579 2908 635 Pharisaei
2949 578 3212 632 adversus
3260 570 3556 641 discipulos

1972 683 2110 750 eius,
2141 682 2385 737 dicentes
2434 697 2448 732 :
2481 677 2659 744 Quare
2692 688 2817 728 cum
2850 669 3154 740 publicanis
3189 675 3244 721 et
3296 674 3555 734 peccato-

1974 775 2127 830 ribus
2169 771 2332 828 editis
2360 779 2415 825 et
2445 765 2683 822 bibitis?
2713 763 3065 832 Respondens
3111 758 3268 814 Jesus
3317 755 3452 810 dixit
3488 752 3557 806 ad

1976 865 2144 919 illos:
2188 862 2302 916 Non
2335 871 2494 932 egent
2550 857 2644 929 qui
2687 855 2806 910 sani
2856 861 2985 907 sunt
3029 851 3261 909 medico,
3319 847 3411 900 sed
3461 844 3553 914 qui

1977 958 2117 1013 male
2153 957 2377 1012 habent.
2414 952 2528 1009 Non
2567 950 2689 1023 veni
2740 959 2937 1002 vocare
2964 943 3162 1013 justos,
3220 941 3312 994 sed
3364 953 3558 1008 pecea-

1982 1062 2127 1108 tores
2183 1053 2248 1104 ad
2296 1048 2697 1119 paenitentiam.
2746 1062 2765 1095 ι
2803 1039 3093 1095 Matthaeus
3158 1049 3351 1091 nomen
3404 1048 3560 1085 suum

1982 1160 2088 1199 non
2129 1142 2284 1214 tegit,
2313 1141 2404 1195 sed
2438 1139 2582 1194 clare
2631 1134 2870 1202 invulgat
2899 1131 3124 1186 dicens:
3165 1145 3184 1178 ‹
3225 1123 3372 1181 Vidit
3428 1122 3565 1177 Μειι-

1980 1237 2181 1289 thzeum
2220 1232 2572 1302 publicanum
2605 1225 2766 1284 Iesus
2790 1227 3069 1282 sedentem
3108 1223 3161 1275 in
3188 1219 3377 1274 telonic
3412 1218 3495 1281 “;
3540 1234 3558 1266 ι

1982 1321 2154 1378 Lucas
2184 1335 2315 1376 vero
2361 1329 2417 1376 et
2465 1318 2682 1374 Marcus
2751 1316 3084 1370 honorantes
3150 1307 3562 1374 evangelistam,

1984 1414 2130 1469 aliud
2157 1413 2273 1483 ejus
2299 1425 2495 1467 nomen
2528 1407 2656 1464 Levi
2690 1407 2745 1461 in
2770 1405 3011 1461 medium
3045 1402 3212 1474 308
3237 1402 3565 1468 proponunt.

1984 1498 2269 1558 Admirare
2302 1509 2480 1555 autem
2506 1495 2603 1551 Dei
2649 1492 3104 1557 misericordiam,
3138 1488 3408 1560 quomodo
3440 1500 3564 1538 vasa

1987 1591 2205 1662 maligni
2248 1589 2495 1661 diripiat.
2549 1585 2784 1641 Telones
2824 1584 2968 1638 enim
3002 1596 3099 1635 vas
3145 1586 3265 1634 erat
3317 1576 3561 1646 maligni,

1986 1693 2040 1740 et
2081 1683 2222 1739 mala
2263 1681 2460 1738 bestia.
2514 1680 2704 1734 Sciunt
2728 1676 2818 1746 qui
2851 1673 3059 1744 experti
3097 1682 3229 1729 sunt
3265 1684 3427 1740 quam
3457 1669 3570 1723 sint

1991 1774 2290 1846 importuni
2322 1782 2629 1830 exactores.
2661 1769 2938 1825 Publicani
2994 1767 3136 1822 enim
3168 1772 3296 1822 sunt
3334 1764 3426 1834 qui
3467 1776 3570 1831 pu—

295 1857 556 1956 906,"xa\
588 1857 823 1954 πονηρὸν
857 1878 1068 1952 θηρίον.
1140 1857 1357 1930 λ’Ῑσασιν
1397 1876 1448 1928 οἱ
1489 1870 1887 1943 πεπειραμένοι

2005 1870 2127 1926 )Iica
2175 1867 2458 1938 vectigalia
2505 1874 2712 1931 emunt,
2747 1871 3023 1935 quatenus
3070 1860 3194 1913 inde
3247 1858 3570 1911 damnosum

294 1973 417 2027 τῶν
449 1971 665 2043 πικρῶν
706 1968 1049 2040 ἀπαιτητιῖΝ.
1105 1959 1266 2021 Οὗτοι
1316 1966 1426 2037 γάρ
1464 1964 1514 2017 οί
1550 1962 1801 2024 τελῶναι,
1836 1959 1886 2011 οἱ

298 2066 379 2121 τὰ
419 2064 658 2136 δημόσια
709 2063 838 2133 τέλη
894 2059 1218 2129 ὠνούμενοι,
1271 2059 1359 2128 ἐφ’
1416 2049 1461 2124 ᾧ
1509 2052 1888 2126 ἀποκερδῆσαι

301 2158 457 2214 κατὰ
482 2158 591 2212 τῶν
615 2156 834 2212 οἰκείων
855 2154 1068 2227 ψυχῶν.
1100 2155 1174 2207 Οὐ
1210 2152 1370 2223 μόνον
1400 2150 1458 2206 δέ
1480 2149 1591 2221 ἄρα
1620 2146 1712 2200 τὸν
1738 2146 1889 2200 Ματ-

301 2250 464 2306 θαῖον
492 2249 802 2321 ἐκέρδησεν,
834 2246 971 2302 ἀλλά
996 2248 1091 2301 καὶ
1121 2247 1247 2308 τοὺς
1281 2242 1502 2313 ἐτέρους
1535 2238 1775 2301 τελώνας
1807 2231 1889 2298 οἷς

305 2346 677 2410 συνειστιᾶτο,
729 2343 995 2415 κερδῆσαι
1050 2336 1382 2403 ἐσπούδαζεν
1427 2336 1456 2388 6
1505 2332 1732 2403 Κύριος.
1790 2330 1891 2383 Διά

306 2440 429 2510 γὰρ
483 2437 643 2491 τοῦτο
679 2432 930 2501 καταξιοῖ
976 2430 1420 2499 συνεστιαθῆναι,
1473 2427 1559 2480 ἵνα
1605 2423 1891 2483 κάκείνους

303 2529 707 2602 ἐφελκύσηται.
740 2528 805 2581 Ol.
836 2527 1122 2596 Φαρισαῖοι
1152 2523 1208 2577 δέ
1240 2519 1554 2591 αἰτιώμενοι
1572 2517 1756 2578 αὐτὸν,
1789 2516 1892 2585 ὃρα

305 2621 366 2676 τί
396 2619 723 2683 ἀκούουσιν;
761 2618 876 2671 Ούκ
899 2614 1155 2686 ἐλήλυθα,
1182 2614 1337 2682 φησὶ,
1368 2609 1596 2666 καλέσαι
1624 2608 1890 2667 δικαίους,

304 2708 617 2771 τουτέστιν,
668 2707 815 2776 ὑμᾶς
848 2704 976 2762 τοὺς
1019 2702 1364 2763 δικαιοῦν-ξας
1414 2697 1645 2760 ἑαυτούς
1675 2714 1688 2727 ·
1753 2694 1892 2748 ἀλλά

306 2793 682 2866 ἁμαρτωλοὺς
709 2788 875 2863 ἦλθον
936 2789 1186 2854 καλέσαι,
1243 2787 1343 2857 οὐχ
1399 2786 1489 2839 ἵνα
1534 2787 1599 2855 τῇ
1651 2781 1896 2853 ἁμαρτίᾳ

307 2886 648 2956 ἐμμένωσιν,
680 2882 797 2937 ἀλλ’
826 2881 911 2935 ἵνα
943 2881 1339 2952 μετανοήσωσι.
1375 2878 1482 2932 Καὶ
1505 2874 1683 2939 ἄλλως
1716 2892 1729 2905 ’
1780 2874 1897 2928 Ούκ

310 2973 490 3048 ἦλθον
517 2976 750 3031 καλέσαι
781 2973 1046 3037 δικαίους.
1084 2971 1217 3025 Οὐδὲ
1249 2970 1359 3041 γὰρ
1381 2967 1642 3040 εὑρίσκω,
1677 2966 1896 3020 πάντων

311 3070 702 3142 ἁμαρτόντων.
745 3066 901 3121 Ἐπεὶ
943 3068 993 3119 εί
1017 3061 1087 3138 ἦν
1139 3062 1368 3118 δυνατὸν
1395 3062 1578 3133 εὑρεῖν
1626 3058 1891 3124 δικαίους,

312 3161 519 3217 ούκλᾶν
548 3157 734 3232 ἦλθον.
775 3159 935 3212 Ἐστι
975 3158 1032 3211 δέ
1064 3155 1304 3227 τελώνης
1334 3154 1431 3208 καὶ
1462 3153 1570 3215 πᾶς
1600 3152 1628 3204 δ
1670 3150 1751 3222 τῷ
1797 3165 1896 3205 κο-

1996 1961 2112 2019 suis
2145 1961 2428 2015 animabus
2466 1956 2595 2029 quid
2629 1956 2929 2011 lucrentur.
2964 1952 3036 2007 At
3070 1967 3175 2006 non
3229 1948 3404 2005 solum
3441 1945 3575 2000 Mat-

1997 2048 2196 2107 ιΙιτιιιιιιι
2218 2060 2346 2106 tunc
2375 2049 2620 2104 lucratus
2646 2057 2752 2111 est,
2771 2045 2864 2102 sed
2885 2045 3051 2101 etiam
3073 2041 3208 2099 alios
3230 2039 3595 2111 publicanos”

1997 2158 2121 2197 cum
2148 2140 2342 2211 quibus
2377 2137 2786 2202 convivabatur,
2811 2134 3010 2189 lucrari
3037 2131 3250 2187 volebat
3280 2128 3566 2183 Dominus.

1998 2232 2134 2288 Nam
2175 2242 2461 2303 propterea
2489 2237 2543 2284 et
2558 2228 2786 2284 conviva
2812 2226 3025 2280 illorum
3076 2222 3156 2286 lit.
3189 2220 3432 2276 utetiam
3460 2216 3579 2270 illos

2000 2324 2258 2382 attrahat.
2290 2321 2423 2377 Vide
2477 2332 2660 2376 autem
2710 2318 2837 2388 quid
2872 2318 3016 2372 dicat
3063 2313 3357 2370 Pharisazis
3406 2312 3579 2381 ipsum

2000 2411 2543 2489 reprehendentibus.
2579 2413 2693 2467 Non
2730 2411 2876 2476 veni,
2921 2409 3119 2479 inquit,
3156 2421 3353 2461 vocare
3378 2403 3580 2470 justos,

2001 2512 2103 2568 hoc
2125 2518 2207 2565 est
2266 2523 2385 2573 vos,
2433 2507 2529 2576 qui
2578 2520 2675 2561 vos
2734 2505 2883 2574 ipsos
2923 2501 3238 2573 justilicatis
3283 2498 3424 2554 :sed
3458 2511 3583 2564 pee-

2005 2611 2219 2659 catores
2252 2600 2372 2655 veni
2419 2613 2642 2663 vocare,
2695 2611 2798 2650 non
2832 2604 2917 2649 ut~
2945 2595 2995 2646 in
3030 2590 3271 2662 peccatis
3302 2596 3582 2648 maneant,

2001 2695 2096 2751 sed
2141 2706 2202 2749 ut
2241 2690 2617 2764 paenitentiam
2668 2697 2851 2759 agant.
2911 2684 3005 2739 νει
3045 2683 3243 2738 aliter:
3294 2679 3411 2734 Non
3459 2676 3578 2731 veni

2003 2784 2412 2855 vocarejustos.
2440 2782 2626 2837 Nullos
2667 2780 2810 2835 enim
2847 2776 3084 2841 invenio,
3145 2769 3585 2844 quandoquidem

2001 2894 2189 2936 omnes
2218 2886 2446 2948 peccant
2471 2875 2539 2931 ³³.
2576 2873 2730 2941 Quod
2783 2871 2828 2928 si
2866 2868 3118 2941 possibile
3146 2875 3291 2921 esset
3340 2865 3587 2918 invenire

1998 2973 2196 3042 iustos,
2230 2986 2336 3027 non
2369 2969 2668 3023 venissem.
2701 2964 2794 3021 Est
2831 2972 3012 3018 autem
3033 2959 3350 3032 publicanus
3382 2955 3583 3019 omnis,

2004 3065 2095 3134 qui
2142 3061 2325 3119 mundi
2382 3059 2602 3115 domino
2658 3055 2850 3121 servit,
2908 3062 2964 3108 et
3010 3052 3214 3121 tributa
3265 3046 3417 3103 carni
3472 3047 3566 3099 dat

2005 3156 2243 3215 Gulosus
2265 3154 2444 3209 ventri
2481 3152 2682 3208 tributa
2741 3155 2835 3204 dat
2867 3147 3042 3212 cibos,
3075 3150 3346 3201 scortator
3381 3137 3588 3194 [cedqu

319 3225 666 3324 σμοκράτορι
706 3246 995 3311 δουλεύων,
1026 3245 1121 3298 καὶ
1176 3225 1307 3314 τέλη
1353 3244 1421 3313 τῇ
1454 3240 1620 3313 σαρκὶ
1656 3237 1897 3309 προσφέ-

2005 3263 2379 3319 congressum,
2407 3255 2460 3301 et
2484 3244 2625 3300 alius
2648 3242 2814 3297 aliud.
2843 3239 2977 3296 Cum
3012 3238 3174 3313 igitur
3206 3234 3352 3290 illum
3380 3230 3581 3285 viderit

322 3359 462 3415 ρων.
500 3341 559 3395 Ὀ
588 3338 1008 3410 γαστρίμαργος
1060 3333 1206 3388 τελεῖ
1248 3334 1315 3405 τῇ
1367 3332 1569 3403 γαστρὶ
1610 3329 1899 3402 βρώματα,

321 3435 351 3485 ὁ
408 3431 641 3502 πόρνος,
680 3430 780 3501 τὴν
816 3425 1068 3498 ῥυπαρὰν
1142 3422 1312 3495 μίξιν,
1384 3423 1480 3477 καὶ
1532 3420 1693 3485 ἄλλος
1751 3419 1903 3474 ἄλλο.

324 3528 502 3582 Ὅταν
553 3519 649 3579 οὖν
678 3523 766 3596 ίδῃ
796 3521 959 3576 αὑτὸν
986 3522 1014 3574 6
1040 3518 1267 3589 Κύριος,
1303 3517 1579 3572 τουτέστιν
1608 3517 1636 3569 6
1675 3514 1909 3583 εὐαγγε-

320 3618 480 3683 λικδς
509 3618 697 3687 ;λόγος,
743 3614 1059 3686 καθήμενον
1092 3613 1184 3664 ἐπὶ
1216 3611 1278 3664 τδ
1309 3609 1585 3675 τελώνιον,
1636 3605 1909 3668 τουτέστι,

327 3714 412 3786 μὴ
447 3711 828 3783 προκόπτοντα
861 3707 997 3779 μηδὲ
1041 3703 1406 3776 προοδεύοντα
1433 3701 1530 3756 καὶ
1585 3700 1908 3770 κινούμενον

327 3810 414 3868 είς
436 3805 663 3860 πλείονα
688 3802 913 3865 κακίαν,
938 3799 1054 3855 ἀλλ’
1088 3798 1255 3852 οἱονεὶ
1279 3793 1577 3867 ἀργοῦντα,
1602 3790 1724 3845 τότε
1774 3792 1909 3845 ἀνα-

330 3900 591 3969 στήσεται
614 3892 838 3958 ἀπὸξτοῦ
875 3892 1050 3946 κακοῦ
1078 3890 1174 3945 καὶ
1196 3886 1554 3957 ἀκολουθήσει
1586 3883 1665 3955 τῷ
1704 3881 1905 3955 Ἰησοῦ,

329 3995 430 4051 καὶ
462 3991 783 4061 ὑποδέχεται
835 3989 897 4042 ἐν
936 3985 1014 4058 τῷ
1060 3985 1198 4057 οίκῳ
1229 3984 1333 4054 τῆς
1358 3981 1540 4053 ψυχῆς
1585 3976 1754 4035 αὑτοῦ
1816 3976 1910 4031 τὸν

2005 3340 2288 3406 Dominus,
2327 3338 2426 3393 hoc
2449 3344 2533 3393 est
2574 3332 2922 3405 evangelicus
2949 3343 3153 3392 sermo,
3198 3326 3471 3380 sedentem
3533 3321 3587 3373 in

2004 3433 2228 3499 telonio,
2278 3433 2381 3486 hoc
2423 3437 2509 3484 est
2555 3443 2662 3483 non
2697 3425 2983 3496 proﬁcere.
3042 3432 3217 3488 neque
3273 3413 3591 3485 procedere,

2007 3540 2186 3597 neque
2242 3522 2445 3580 moveri
2512 3519 2582 3577 ad
2633 3516 2898 3586 majorem
2958 3512 3247 3575 malitiam,
3286 3508 3380 3563 sed
3432 3503 3591 3576 quasi

2009 3620 2268 3685 otiosum,
2312 3626 2441 3672 tunc
2478 3613 2826 3671 resuscitabit
2859 3627 2889 3665 a
2930 3609 3092 3672 malo,
3121 3616 3175 3662 et
3207 3610 3472 3673 sequetur
3505 3599 3598 3653 ille

2012 3709 2219 3775 Jesum,
2261 3718 2317 3764 et
2344 3707 2581 3777 excipiet
2610 3707 2664 3761 in
2690 3706 2851 3759 domo
2886 3702 3080 3756 animo:
3112 3696 3424 3753 Dominum.
3452 3691 3595 3745 Pha-
3667 3705 3683 3717 π

2016 3802 2160 3857 τίεωί
2199 3810 2381 3856 autem
2416 3810 2739 3870 arrogantes
2771 3805 2820 3849 et
2874 3795 3147 3848 daemones
3191 3787 3417 3851 absecti,
3454 3783 3600 3838 Pha—

2018 3892 2212 3946 risteus
2238 3890 2383 3947 enim
2421 3889 2621 3944 dicitur
2649 3887 2737 3955 qui
2767 3887 2834 3939 ab
2860 3882 2980 3936 aliis
3012 3885 3412 3949 sequestratur,
3446 3887 3599 3929 mur-

2022 3992 2238 4038 murant
2271 3982 2414 4053 quod
2447 3995 2572 4035 cum
2608 3974 2988 4047 peccatoribus
3010 3971 3264 4026 comedit.

332 4082 563 4155 Κύριον.
594 4078 1065 4149 mana-9mm,
1102 4078 1153 4129 οἱ
1183 4073 1442 4137 ἀλαζόνες
1470 4072 1567 4126 καὶ⁸
1589 4073 2041 4145 ἀποκεκομμένοι
2103 4074 2383 4145 δαίμονες,
2444 4070 2605 4126 τοῦτο
2652 4072 2760 4142 γὰρ
2826 4071 2854 4122 6
2921 4068 3238 4137 Φαρισαῖος,
3285 4062 3603 4128 ἀποκεκομν

336 4148 500 4247 μένος
520 4173 630 4227 τῶν
668 4148 862 4236 ἄλλων,
892 4166 1280 4238 γογγύζουσιν,
1309 4167 1393 4219 ὅτι
1414 4166 1529 4227 τοῖς
1566 4165 1914 4236 ἁμαρτωλοῖς
1947 4165 2241 4221 συνεσθίει.
3092 4148 3098 4155 ’
3364 4150 3365 4153 “

413 4288 435 4322 ε
458 4268 523 4321 Ui
542 4268 597 4320 δέ
618 4261 777 4320 εἷπον
809 4265 947 4336 πρὸς
969 4262 1162 4317 αὐτόν’
1192 4261 1293 4315 Διά
1313 4261 1366 4314 τί
1388 4261 1438 4314 ol
1464 4259 1706 4331 μαθηταὶ
1736 4261 1921 4317 Ἰωάν-

2100 4262 2268 4318 Vens.
2307 4259 2503 4318 35-59.
2538 4277 2558 4312 ι
2596 4258 2666 4312 At
2708 4256 2783 4313 illi
2816 4257 3068 4313 dixerunt
3110 4251 3177 4307 ad
3209 4266 3330 4305 eum
3373 4264 3385 4300 :
3424 4247 3604 4312 Quate

340 4378 433 4415 νου
462 4357 788 4432 νηστεύουσι
814 4356 997 4411 πυκνά
1027 4355 1124 4409 καὶ
1148 4355 1367 4425 δεήσεις
1393 4352 1699 4418 ποιοῦνται,
1717 4355 1897 4424 ὁμοίωι

2026 4353 2275 4426 discipuli
2306 4353 2533 4410 Joannis
2578 4352 2830 4424 jejunant
2872 4351 3205 4421 frequenter,
3259 4342 3601 4418 et/obsecn-

342 4453 441 4508 καὶ
467 4453 518 4507 οἱ
548 4453 657 4505 τῶν
703 4450 1031 4523 Φαρισαίων,
1066 4449 1116 4501 οἱ
1168 4446 1227 4500 δέ
1263 4447 1346 4499 σοὶ
1409 4444 1652 4499 ἐσθίουσι
1701 4447 1795 4499 καὶ
1825 4447 1919 4498 πί-

341 4562 563 4611 νουσιν;
599 4544 660 4597 't)
687 4542 742 4598 δέ
775 4538 895 4595 εἷπε
956 4540 1093 4611 πρὸς
1118 4537 1353 4601 αὐτούς’
1380 4536 1475 4609 Μὴ
1519 4537 1752 4592 δύνασθε
1796 4538 1923 4603 τοὺς

292 4646 303 4651 ‘
341 4636 496 4698 υἱοὺς
525 4634 620 4688 τοῦ
656 4631 970 4703 νυμφῶνος,
1008 4632 1066 4684 ἐν
1111 4622 1157 4698 ᾧ
1191 4628 1312 4699 μετ’
1350 4628 1534 4681 αὐτῶν
1572 4629 1922 4698 ἐπινόνυμ-

345 4728 493 4797 φίος,
522 4725 747 4795 ποιῆσαι
776 4723 1089 4795 νηστεύειν;
1116 4720 1539 4776 Ἐλεύσονταιδέ
1565 4720 1792 4791 ἡμέραι,
1824 4719 1920 4774 καὶ

339 4822 472 4876 ὅταν
507 4817 730 4889 ἀπαρθῇ
769 4817 881 4872 ’ἀπ’
915 4815 1096 4869 αὐτῶν
1155 4817 1183 4869 6
1215 4814 1475 4885 νυμφίος,
1527 4812 1652 4867 τότε
1690 4810 1919 4883 νηστεύ-

343 4930 532 4968 σουσιν
562 4914 620 4966 ἐν
645 4911 885 4974 ἐκείναις
920 4911 1039 4972 ταῖς
1066 4907 1324 4982 ήμέραις.
1355 4907 1549 4976 Ἔλεγε
1574 4906 1633 4960 δὲ
1678 4905 1775 4961 καὶ
1814 4923 1922 4959 πα-

344 5004 581 5075 ραϐολὴν
615 5003 749 5074 πρὸς
774 5002 990 5067 αὐτοὺς,
1038 5001 1122 5055 ὅτι
1174 4998 1364 5061 Οὐδεὶς
1394 4997 1674 5069 ἐπίϐλημα
1701 4997 1921 5069 ἱματίου

342 5098 537 5154 καινοῦ
565 5095 848 5151 ἐπιϐάλλει
891 5095 986 5148 ἐπὶ
1019 5093 1237 5166 ίμάτιον
1266 5091 1495 5145 παλαιόν
1520 5108 1534 5123 ο
1568 5092 1620 5146 εἰ
1658 5091 1714 5147 δέ
1745 5092 1819 5162 μή
1857 5106 1921 5157 γε

344 5193 441 5247 καὶ
464 5191 525 5247 τδ
552 5190 740 5245 καινὸν
765 5189 960 5260 σχίζει,
999 5189 1096 5241 καὶ
1115 5184 1194 5258 τῷ
1225 5185 1442 5255 παλαιῷ
1466 5185 1527 5239 ού
1565 5184 1923 5256 συμφωνήσει

342 5287 404 5341 τὸ
445 5284 726 5357 ἐπίϐλημα
761 5283 822 5336 τὸ
851 5281 963 5335 ἀπὸ
991 5280 1085 5334 τοῦ
1127 5278 1342 5334 καινοῦ.
1369 5280 1479 5332 Καὶ
1521 5278 1698 5342 οὐδεὶς
1740 5277 1922 5349 βάλλει

341 5375 488 5433 οἶνον
513 5377 639 5432 νέον
663 5377 749 5439 είς
772 5372 975 5437 ἀσκοὺς
1003 5369 1305 5434 παλαιούςο
1335 5371 1383 5424 εί
1417 5370 1473 5424 δὲ
1506 5372 1580 5441 μή
1626 5387 1713 5439 γε,
1769 5369 1922 5440 ῥήξει

342 5473 379 5527 δ
400 5470 524 5533 νέος
558 5464 705 5532 σίνος
737 5468 866 5530 τοὺς
901 5465 1126 5528 ἀσκοὺς,
1181 5464 1278 5516 καὶ
1327 5463 1486 5525 αὐτὸς
1535 5463 1920 5534 ἐκχυθήσεται,

341 5564 440 5620 καὶ
462 5563 511 5616 σί
534 5563 696 5616 ἀσκοὶ
724 5558 1078 5613 ἀπολοῦνται.
1114 5553 1276 5608 Ἀλλά
1296 5549 1439 5607 θίνον
1459 5554 1578 5608 νέον
1610 5555 1692 5619 είς
1719 5554 1922 5618 ἀσκοὺς

344 5658 570 5721 καινοὺς
606 5654 852 5727 βλητέον,
902 5650 999 5705 καὶ
1025 5646 1310 5720 ἀμφότερα
1344 5645 1755 5717 συντηροῦνται.
1810 5645 1922 5699 Καὶ

427 5840 471 5870 ³⁸³
510 5839 697 5895 Matth.
731 5853 808 5900 ιι,
840 5836 891 5890 9.
972 5833 1013 5866 “
1044 5832 1201 5889 llom.
1260 5847 1374 5890 vm.
1407 5831 1495 5885 ‘30.

2025 4449 2200 4504 tiones
2225 4446 2458 4513 faciunt,
2498 4445 2753 4501 similiter
2784 4453 2841 4501 et
2873 4441 3273 4499 Pharisaeorum
3312 4455 3326 4490 :
3362 4434 3437 4487 tui
3475 4442 3605 4484 vero

2023 4540 2189 4596 edunt
2234 4548 2289 4595 et
2338 4537 2572 4595 bibunt?
2603 4537 2813 4606 Quibus
2866 4535 2981 4607 ipse
3032 4533 3113 4588 ait
3146 4549 3159 4585 :
3198 4529 3334 4583 Num
3372 4523 3604 4596 potestis

2023 4631 2204 4686 facere
2228 4640 2286 4686 ut
2313 4631 2404 4685 lilii
2454 4630 2703 4698 thalami,
2740 4629 2870 4685 dum
2919 4644 3044 4685 cum
3084 4624 3192 4680 illis
3215 4632 3594 4690 est~sponsus,

2018 4723 2299 4794 jejuneut?
2325 4722 2551 4778 Veniant
2581 4733 2762 4778 autem
2789 4723 2925 4786 dies,
2970 4731 3024 4776 et
3058 4734 3178 4775 cum
3207 4715 3421 4770 ablatus
3445 4708 3604 4764 luerit

2024 4819 2091 4872 ab
2118 4817 2228 4874 illis
2258 4833 2512 4887 sponsus,
2541 4825 2671 4870 tunc
2688 4815 3013 4886 jejunabunt
3043 4813 3095 4867 in
3129 4810 3233 4865 illis
3263 4806 3474 4862 diebus.
3504 4802 3595 4856 Di-

2026 4911 2183 4966 cebat
2223 4919 2404 4964 autem
2447 4907 2857 4965 similitudinem
2891 4906 2957 4961 ad
2988 4906 3110 4959 illos
3141 4920 3156 4959 :
3190 4900 3360 4955 Nemo
3394 4896 3608 4952 immis-

2027 5017 2211 5058 suram
2263 5002 2386 5057 novi
2436 5001 2747 5058 vestimenti
2814 4997 3060 5055 immittit
3114 4997 3166 5050 in
3209 4992 3594 5049 vestimentum

2023 5099 2181 5147 vetus
2231 5091 2521 5160 :alioquin
2558 5101 2614 5146 et
2668 5104 2869 5145 novum
2918 5096 3134 5157 rumpet
3181 5094 3236 5139 et
3272 5082 3438 5137 veteri
3492 5094 3603 5134 non

2024 5180 2315 5238 conveniet
2345 5180 2656 5236 itnmissura
2678 5195 2742 5233 ex
2765 5193 2923 5233 novo.
2955 5173 3022 5228 Et
3042 5190 3199 5228 nemo
3220 5172 3382 5228 mittit
3413 5172 3599 5225 vinum

2026 5291 2222 5330 novum
2272 5276 2323 5329 in
2382 5284 2533 5329 utres
2585 5260 2837 5336 veteres,
2867 5266 3107 5335 alioquin
3162 5272 3381 5333 rumpet
3422 5263 3603 5316 vinum

2026 5381 2225 5422 navum
2267 5375 2441 5427 utres.
2477 5375 2532 5421 et
2569 5366 2744 5433 ipsum
2776 5360 3112 5422 efl'umletur,
3160 5368 3214 5412 et
3268 5367 3415 5411 utres
3468 5352 3604 5425 peti-

2023 5460 2181 5515 bunt.
2206 5459 2312 5514 Sed
2345 5459 2528 5515 vinum
2552 5466 2791 5513 mustum
2826 5456 2879 5510 in
2908 5462 3058 5508 utres
3092 5465 3257 5507 novos
3282 5448 3599 5504 mittendum

2024 5560 2129 5615 est,
2166 5560 2220 5605 et
2245 5560 2472 5619 utraque
2500 5557 2911 5605 conservantur.
2948 5543 3012 5599 Et
3068 5559 3225 5598 nemo
3264 5541 3352 5612 qui
3395 5537 3594 5594 biberit

2037 5654 2207 5709 vetus,
2241 5643 2421 5699 statim
2458 5642 2569 5699 vult
2610 5656 2805 5698 novum
2835 5658 2851 5707 ;
2886 5639 3016 5697 dicit
3047 5639 3228 5695 enim:
3289 5632 3453 5688 Vetus
3493 5645 3605 5689 mc-
