3896 6452
186 392 287 456 769

891 389 1341 451 ENARRATIO
1383 389 1463 449 ΙΝ
1502 375 2014 453 EVANGELIUM
2053 391 2373 454 LUC/E.-
2396 390 2560 455 CAP.
2595 392 2697 455 VI.

3336 390 3443 454 770

186 506 421 568 σπῶντες
463 502 596 564 τοὺς
650 501 910 575 στάχυας,
947 505 1044 557 καὶ
1091 504 1391 575 ψώχοντες,
1426 505 1455 558 δ
1494 505 1610 558 ἔστι
1653 505 1761 575 τρί⁴

1873 508 2056 573 nihus,
2088 507 2308 562 adducit
2330 506 2595 562 Dominus
2625 507 2791 562 David
2817 508 3148 564 esurientem
3180 517 3235 563 et
3262 523 3446 565 come-

188 599 370 659 ϐοντες
406 598 535 660 ταῖς
557 596 731 667 χερσὶ,
765 601 1004 666 παράγει
1038 598 1066 649 6
1088 596 1295 666 Κύριος
1321 596 1410 650 τὸν
1438 596 1619 660 Δαυῒδ,
1647 612 1763 649 πει-

182 690 417 743 νάσαντα
458 688 559 740 καὶ
585 685 826 755 φαγόντα
856 687 980 749 τοὺς
1035 686 1235 757 ἄρτους
1264 687 1363 756 τῆς
1430 686 1758 757 προθέσεως.

183 780 398 847 ⁴Ιιεύγων
458 780 574 848 γάρ
612 778 702 831 τὶν
739 777 935 842 Σαοὺλ,
987 777 1323 849 παρεγένετο
1375 778 1454 841 είς
1501 777 1763 849 Ἀϐιάθαρ

180 874 265 926 τὸν
300 872 592 941 ἀρχιερέα,
616 871 710 922 καὶ
740 870 1023 940 ἠπάτησεν
1050 871 1212 924 αὑτὸν
1243 870 1440 939 λέγων,
1474 870 1554 933 ὡς
1600 870 1708 940 ἀρα
1736 873 1765 925 ό

184 965 433 1036 βασιλεὺς
495 962 817 1017 ἀποστέλλει
870 962 1032 1016 αὐτὸν
1090 962 1184 1015 ἐπί
1235 980 1289 1016 τι
1337 962 1765 1031 ἀναγκαιότατον

181 1059 357 1127 ἔργον,
390 1058 487 1108 καὶ
527 1056 594 1125 δὴ
630 1055 832 1108 πεινῶν
864 1055 1027 1109 ἔλαϐε
1077 1056 1175 1126 μὲν
1206 1056 1360 1127 παρὰ
1412 1056 1508 1108 τοῦ
1571 1056 1760 1129 ἱερέως

181 1148 273 1200 καὶ
292 1148 418 1210 τοὺς
466 1148 668 1217 ἄρτους
696 1150 797 1216 τῆς
824 1146 1162 1217 προθέσεως,
1220 1146 1313 1210 οὒς
1352 1147 1476 1201 καθ’
1526 1148 1765 1216 ἑκάστην

182 1240 540 1311 προετίθεσαν
570 1239 778 1294 δώδεκα
817 1241 911 1292 ἐπὶ
947 1242 1046 1309 τῆς
1079 1240 1229 1310 ἱερᾶς
1276 1241 1577 1310 τραπέζης,
1613 1240 1671 1305 ἓξ
1700 1242 1764 1294 ἐκ

180 1332 361 1399 δεξιῶν
384 1333 481 1386 καὶ
508 1331 570 1396 ἓξ
601 1331 661 1397 ἐξ
684 1331 1006 1403 εὐωνύμων.
1043 1332 1250 1385 Ἔλαϐε
1282 1332 1341 1385 δὲ
1372 1334 1467 1385 καὶ
1499 1333 1595 1405 τὴν
1629 1337 1765 1405 ῥομ-

181 1426 338 1496 φαίαν
358 1426 454 1478 τοῦ
491 1426 710 1480 Γολιάθ.
736 1425 954 1496 Ταύτην
980 1424 1078 1496 τὴν
1112 1425 1355 1497 ἱστορίαν
1378 1427 1548 1480 εἰπὼν
1580 1429 1764 1492 αὐτοῖς

179 1515 456 1586 όΚύριος,
517 1516 775 1587 ἐντρέπει
826 1517 1025 1579 αὐτοὺς
1077 1516 1186 1570 ἀπὸ
1238 1518 1337 1586 τῆς
1368 1518 1620 1589 πράξεως
1668 1520 1762 1573 τοῦ

178 1610 351 1664 Δαυῖδ.
392 1609 456 1662 El
500 1610 612 1681 γὰρ
651 1609 743 1663 τὸν
779 1608 961 1676 Δαυῒδ,
1019 1611 1177 1680 φησὶ,
1210 1612 1431 1681 τιμᾶτε,
1486 1611 1604 1671 πῶς
1636 1612 1763 1675 τοὺς

178 1703 336 1771 ἐμοὺς
370 1701 737 1771 κατακρίνετε
783 1701 1072 1771 μαθητάς;
1106 1702 1316 1765 ’Ἄλλως
1342 1718 1427 1767 τε,
1455 1704 1483 1755 6
1506 1702 1635 1765 Υἱὸς
1666 1702 1760 1755 τοῦ

178 1793 487 1863 ἀνθρώπου,
528 1794 811 1847 τουτέστιν
852 1793 985 1863 ἐγὼ,
1016 1794 1223 1865 Κύριός
1268 1796 1385 1865 ειμι
1414 1793 1512 1848 τοῦ
1541 1793 1759 1849 Σαϐϐά-

178 1855 289 1948 του,
320 1883 395 1946 ὡς
422 1883 777 1954 Δημιουργὸς
806 1855 904 1938 καί
932 1855 1171 1956 Demsi};
1196 1855 1290 1939 καὶ
1324 1855 1642 1957 ’Δεσπότηᾳ
1669 1886 1766 1940 καὶ
1789 1855 1838 1910 ’Β

178 1975 494 2046 νομοθέτης,
550 1976 806 2044 ἐξουσίαν
848 1977 988 2048 ἔχων
1030 1978 1327 2032 καταλύειν
1358 1980 1418 2033 τὸ
1464 1979 1765 2037 Σάϐϐατον.

179 2069 298 2132 Υἱὸς
335 2070 444 2139 γὰρ
475 2068 774 2140 ἀνθρώπου
829 2071 929 2124 οὐκ
970 2070 1130 2135 ἀλλος
1173 2071 1239 2124 ἂν
1263 2071 1514 2143 κληθείη,
1539 2076 1589 2128 εί
1638 2074 1714 2147 μὴ
1738 2078 1766 2130 6

180 2160 428 2231 Χριστὸς,
478 2158 539 2223 δς
582 2160 709 2224 Υἱὸς
743 2159 877 2214 Θεοῦ
903 2159 999 2227 ὢν,
1034 2160 1358 2233 παραδόξως
1419 2164 1759 2235 κατηξίωσε,

182 2251 271 2307 καὶ
324 2251 450 2316 Υἱὸς
510 2252 811 2323 ἀνθρώπου
864 2252 934 2306 δι’
987 2253 1315 2326 ἀνθρώπους
1351 2257 1609 2325 γενέσθαι
1664 2263 1761 2316 καὶ

180 2346 454 2417 κληθῆναι.
475 2346 551 2400 Τὸ
582 2347 693 2419 γάρ
721 2348 819 2418 ἐμὲ
850 2349 948 2402 καὶ
980 2349 1043 2402 σὲ
1067 2350 1350 2404 καλεῖσθαι
1378 2351 1494 2403 υἱὸν
1536 2354 1850 2427 ἀνθρώπου,

179 2436 482 2508 ἀνθρώπου,
524 2438 623 2491 τὸν
648 2439 969 2509 παραδόξως
999 2440 1479 2511 ἀνθρωπισθέντα.

247 2552 265 2587 r
313 2534 567 2603 Ἐγένετο
612 2532 668 2585 δὲ
712 2532 807 2586 καὶ
856 2534 912 2585 ὲν
962 2532 1136 2603 ἑτέρῳ
1179 2533 1446 2606 Σαϐϐάτῳ
1496 2536 1761 2590 εἰσελθεῖν

181 2627 330 2681 αὐτὸν
384 2627 465 2691 είς
501 2626 607 2697 τὴν
660 2626 993 2697 Συναγωγὴν
1062 2626 1157 2679 καὶ
1206 2626 1502 2681 διδάσκειν.
1554 2630 1665 2682 Kal.
1692 2625 1761 2701 ἦν

181 2721 289 2773 ἐκεῖ
308 2718 623 2791 ἄνθρωπος,
648 2720 743 2769 καὶ
781 2718 815 2787 ἡ
850 2718 974 2789 χεὶρ
1001 2716 1226 2789 αὑτοῦὴ
1263 2718 1414 2784 δεξιὰ
1461 2714 1529 2789 ἦν
1587 2719 1747 2790 ξηρά.

184 2813 523 2883 Παρετήρουν
558 2810 616 2863 δὲ
655 2810 820 2862 αὐτὸν
848 2810 899 2862 οἱ
945 2810 1302 2882 Γραμματείς
1337 2811 1435 2863 καὶ
1498 2813 1547 2864 οἱ
1598 2812 1763 2882 Φαρι-

185 2908 333 2969 σαῖοι,
379 2906 427 2957 εί
476 2906 537 2958 ὲν
601 2903 677 2975 τῷ
726 2902 993 2971 Σαϐϐάτῳ
1051 2901 1403 2973 θεραπεύσει,
1439 2903 1526 2957 ἵνα
1560 2903 1766 2976 εὗρ’ωσι

185 2999 510 3070 κατηγορίαν
564 2996 684 3051 κατ’
725 2994 915 3049 αὑτοῦ.
966 2994 1143 3058 Αὐτὸς
1173 2995 1230 3047 δὲ
1259 2995 1375 3066 ᾔδει
1422 2996 1551 3060 τοὺς
1582 2986 1763 3051 διαλοέ-

186 3090 409 3159 γισμοὺς
462 3089 673 3144 αὐτῶν.
733 3088 840 3143 Καὶ
870 3084 992 3141 εἶπε
1049 3086 1125 3159 τῷ
1157 3086 1433 3159 ἀνθρώπῳ
1463 3088 1539 3159 τῷ
1591 3088 1762 3160 ξηρὰν

1869 598 2084 653 dentem
2103 612 2283 669 panes
2308 597 2718 668 propositionis,
2742 614 2880 667 quos
2910 602 3286 670 proponebant
3309 616 3448 669 quo-

1869 692 2017 748 tidie.
2042 690 2431 763 Fugiensenim
2453 692 2617 763 310
2639 707 2668 745 a
2694 691 3167 748 Saulveniebatad
3184 693 3450 749 Ahiathar

1869 786 2200 855 pontiﬁcem,
2225 796 2280 842 et
2309 787 2523 855 decepit
2544 800 2667 841 eum
2691 786 2846 855 quasi
2870 801 2899 840 a
2934 802 3058 858 rege
3082 789 3281 844 missus
3302 798 3448 845 esset

1869 879 1924 932 in
1955 893 2090 947 Opus
2119 879 2387 949 quoddam
2415 880 2811 945 necessarium,
2867 889 2923 933 et
2958 882 3208 936 esuriens
3239 881 3447 950 accepit

1867 988 1896 1027 a
1929 971 2185 1042 pontifice
2208 971 2373 1026 etiam
2414 986 2582 1043 panes
2609 970 3017 1041 propositionis,
3043 987 3275 1043 quorum
3308 975 3451 1027 duo-

1867 1060 2041 1114 decim
2072 1058 2317 1130 quotidie
2371 1075 2535 1127 super
2578 1076 2792 1116 sacram
2849 1076 3095 1114 mensam
3151 1063 3451 1131 ponebant,

1867 1166 2010 1206 sexa
2039 1153 2269 1216 dextris,
2294 1161 2349 1207 et
2377 1167 2475 1205 sex
2520 1168 2550 1205 a
2597 1151 2859 1207 sinistris.
2897 1151 3123 1222 Accepit
3160 1162 3341 1209 autem
3399 1161 3453 1210 et

1867 1243 2103 1312 gladium
2128 1243 2368 1300 Goliatb.
2393 1244 2544 1300 Hanc
2568 1246 2850 1301 hisloriam
2876 1246 3014 1300 dixit
3045 1246 3150 1302 illis
3172 1247 3450 1311 Dominus,

1866 1347 1922 1391 et
1968 1338 2222 1393 admonet
2261 1353 2353 1393 eos
2383 1354 2413 1392 a
2448 1336 2593 1393 facto
2650 1338 2840 1394 David.
2896 1337 3033 1393 Nam
3088 1340 3131 1394 si
3173 1340 3451 1406 Davldem,

1867 1427 2065 1496 inquit,
2118 1430 2423 1493 honoratis,
2457 1430 2732 1500 quomodo
2759 1444 2909 1485 meos
2936 1433 3313 1487 condemnatis
3344 1432 3455 1486 dis-

1864 1519 2116 1590 cipulos?
2151 1518 2245 1575 Vel
2300 1522 2478 1586 aliter,
2533 1522 2704 1577 Filius
2756 1523 3014 1587 hominis,
3057 1524 3161 1579 hoc
3188 1533 3294 1588 est,
3328 1540 3454 1594 ego,

1866 1610 2127 1665 Dominus
2191 1627 2311 1666 sum
2366 1611 2612 1677 Sabbati,
2648 1623 2707 1667 ut
2751 1612 3015 1669 Conditor
3056 1623 3110 1668 et
3149 1614 3188 1668 F
3194 1625 3346 1669 actor
3402 1626 3457 1669 et

1870 1703 2195 1774 Legislator,
2228 1714 2550 1773 potestatem
2585 1706 2789 1761 habens
2841 1706 3081 1762 solvendi
3128 1706 3448 1763 Sabhatum.

1867 1797 2036 1851 Filius
2069 1800 2213 1854 enim
2248 1799 2486 1852 hominis
2528 1814 2635 1853 non
2680 1800 2818 1855 alius
2873 1809 3096 1854 vocatus
3152 1811 3238 1856 est
3284 1817 3450 1869 quam

1870 1888 2141 1955 Christus,
2165 1889 2256 1959 qni
2293 1904 2421 1943 cum
2470 1899 2614 1944 esset
2668 1888 2837 1944 Filius
2865 1888 2981 1953 Dei,
3012 1890 3334 1946 mirabiliter
3368 1893 3454 1946 di-

1869 1990 2066 2045 gnatus
2092 1991 2174 2037 est
2208 1980 2384 2035 Filius
2424 1981 2669 2037 hominis
2707 1993 2931 2052 propter
2959 1983 3208 2039 homines
3247 1995 3303 2040 et
3337 1986 3453 2039 ﬁeri

1868 2082 1923 2129 et
1941 2074 2145 2129 vocari.
2179 2077 2247 2129 At
2273 2072 2418 2143 quod
2442 2088 2543 2145 ego
2562 2084 2618 2130 et
2667 2082 2724 2128 tu
2766 2076 2998 2131 dicimur
3026 2077 3171 2133 ﬁlius
3196 2076 3453 2139 hominis.

1868 2168 2007 2224 nihil
2040 2168 2187 2223 novi.
2224 2165 2380 2221 Illum
2423 2178 2605 2223 autem
2634 2168 2854 2237 dignum
2886 2180 2971 2224 est
3023 2172 3209 2227 vocari
3256 2169 3454 2225 Filium

1868 2262 2126 2327 hominis,
2163 2262 2254 2330 qui
2281 2262 2421 2315 miro
2458 2262 2619 2316 modo
2654 2260 2833 2317 factus
2871 2272 2954 2318 est
2985 2264 3167 2320 homo.

1905 2357 2060 2411 οὐδὲν
2114 2356 2324 2411 καινόν·
2393 2357 2604 2409 ἐκεῖνον
2674 2356 2733 2409 δὲ
2791 2355 2942 2421 ἀξιον
2969 2356 3254 2410 καλεῖσθαι
3324 2356 3454 2409 Υἱδν

1943 2533 2108 2589 Vens.
2135 2533 2287 2586 (3-H.
2326 2551 2344 2584 ι
2386 2531 2611 2585 Factum
2648 2540 2730 2585 est
2758 2541 2939 2586 autem
2969 2530 3021 2584 in
3072 2531 3181 2584 alio
3212 2529 3453 2586 Sabban

1872 2638 1928 2683 ut
1960 2628 2191 2682 intraret
2239 2626 2293 2680 in
2329 2624 2695 2695 Synagogam,
2721 2638 2785 2677 ac
2815 2624 3059 2678 doceret.
3105 2624 3173 2677 Et
3201 2633 3320 2677 erat
3377 2623 3451 2678 ibi

1872 2722 2053 2784 homo,
2094 2728 2149 2773 et
2196 2732 2388 2772 manus
2414 2715 2530 2786 ejus
2565 2719 2754 2771 dextra
2783 2725 2902 2771 erat
2970 2717 3144 2769 arida.
3182 2713 3455 2770 Observa-

1869 2813 1998 2867 bant
2027 2821 2207 2867 autem
2231 2826 2354 2866 eum
2384 2808 2589 2875 Scriba:
2616 2824 2681 2864 ac
2712 2808 2968 2863 Pharisaei
3004 2822 3071 2862 an
3105 2807 3159 2861 in
3209 2808 3454 2862 Sabbato

1868 2914 2162 2960 sanaturus
2183 2913 2350 2966 esset,
2373 2912 2432 2957 ut
2462 2902 2772 2957 invenirent
2803 2902 2943 2956 unde
2966 2910 3289 2956 accusarent
3305 2916 3451 2955 eum.

1868 2996 1989 3066 Ipse
2020 2993 2395 3049 vero‘sciebat
2426 2992 2785 3062 cogitationes
2815 3006 3027 3054 eorum,
3063 3000 3117 3046 et
3142 2990 3220 3044 ait
3248 2990 3453 3045 homini

1866 3089 1955 3159 qui
1977 3088 2213 3143 habebat
2233 3100 2454 3140 manum
2478 3082 2689 3138 aridam
2716 3100 2729 3136 :
2756 3083 2951 3152 Surge,
2980 3091 3034 3138 et
3055 3093 3139 3137 sta
3167 3084 3221 3138 in
3246 3085 3449 3138 medio.

184 3181 463 3254 ἑχοντιτὴν
486 3183 652 3253 χεῖρα
680 3197 692 3210 ·
733 3182 1008 3250 Ἐγειραι,
1041 3178 1137 3233 καὶ
1168 3178 1328 3249 στῆθι
1372 3181 1452 3243 εἰς
1489 3179 1549 3232 τὸ
1575 3180 1761 3246 μέσον.

1874 3182 1938 3236 Et
1966 3196 2194 3251 surgens
2223 3179 2394 3234 stetit.
2445 3177 2537 3233 Ait
2578 3176 2739 3245 igitur
2768 3177 2835 3231 ad
2870 3177 2992 3231 illos
3023 3175 3181 3232 Jesus
3215 3193 3230 3230 :
3271 3175 3448 3232 Inter-

196 3271 317 3330 Ὀδὲ
363 3274 608 3336 ἀναστὰς
632 3272 785 3342 ἔστη.
834 3267 1001 3323 Εἶπεν
1039 3265 1134 3324 οὖν
1172 3270 1200 3321 6
1238 3270 1448 3340 Ἰησοῦς
1484 3270 1618 3341 πρὸς
1661 3270 1763 3324 αὑ-

188 3363 301 3424 τούς
331 3379 342 3391 ’
397 3364 771 3435 Ἐπερωτήσω
822 3364 968 3435 ὑμᾶς
1006 3377 1081 3416 τιο
1134 3361 1313 3428 ἔξεστι
1346 3366 1460 3426 τοῖς
1490 3363 1763 3418 Σάϐϐασιν

187 3456 598 3529 ἀγαθοποιῆσαι,
621 3456 654 3526 ἢ
681 3456 1086 3527 κακοποιῆσαις
1119 3455 1298 3528 ψυχὴν
1332 3456 1527 3521 σῶσαι,
1555 3457 1588 3528 ἢ
1629 3459 1762 3510 ἀπο⁹

189 3546 358 3615 um;
400 3551 513 3607 Καὶ
572 3548 1047 3621 περιϐλεψάμενος
1093 3552 1304 3608 πάντας
1334 3550 1558 3615 αὐτοὺς,
1603 3544 1762 3603 εἶπεν

189 3639 322 3709 αὐτῷ
342 3656 356 3670 υ
398 3641 686 3694 Ἔκτεινον
717 3640 813 3711 τὴν
843 3639 1001 3710 χεῖρά
1032 3657 1145 3694 σου.
1192 3638 1250 3693 '0
1287 3639 1345 3693 δὲ
1394 3639 1639 3710 ἐποίησε,
1670 3639 1764 3693 καὶ

192 3731 603 3802 ἀποκατεστάθη
634 3734 667 3807 η
708 3733 833 3809 χεὶρ
856 3732 1022 3786 αὑτοῦ
1045 3734 1208 3803 ὑγιὴς
1240 3732 1371 3803 ώςὴ
1402 3731 1560 3801 ἄλλη.
1591 3730 1759 3785 Αὐτοὶ

194 3823 243 3875 δὲ
264 3826 610 3897 ἐπλήσθησαν
639 3829 846 3891 ἀνοίας,
873 3828 965 3879 καὶ
990 3825 1269 3880 διελάλουν
1304 3826 1441 3894 πρὸς
1475 3823 1760 3895 ἀλλήλους,

196 3916 241 3968 τί
261 3916 321 3969 ἂν
359 3922 649 3991 ποιήσειαν
693 3918 773 3986 τῷ
816 3917 1017 3985 Ἰησοῦ.
1058 3936 1077 3969 ι
1109 3916 1252 3971 Ὅσα
1295 3917 1394 3987 μὲν
1425 3917 1655 3988 εἴπομεν
1704 3918 1762 3969 ὲν

192 4008 262 4078 τῷ
306 4012 444 4063 κατά
482 4011 791 4073 Ματθαῖον,
827 4010 982 4080 δῆλα’
1016 4008 1111 4063 νῦν
1135 4008 1193 4061 δὲ
1227 4008 1347 4062 τόδε
1372 4008 1627 4079 λέγομεν,
1678 4009 1761 4061 ὅτι

193 4100 349 4173 ξηρὰν
379 4104 493 4174 ἔχει
532 4104 634 4171 τὴν
658 4105 834 4175 χεῖρα,
869 4102 925 4166 ὃς
954 4104 1015 4155 οὐ
1049 4104 1278 4173 πράττει
1300 4119 1354 4155 τι
1379 4102 1488 4154 τῶν
1510 4104 1608 4171 τῆς
1633 4100 1761 4172 ἀρε-

193 4193 281 4263 τῆς
314 4195 507 4266 ἔργων.
551 4196 619 4249 'H
654 4196 754 4267 μὲν
794 4196 902 4267 γὰρ
934 4196 1054 4265 χεὶρ
1103 4194 1384 4264 ἐνεργείας
1411 4193 1662 4263 ὄργανον,
1702 4192 1762 4258 ὃς

195 4286 244 4338 δὲ
276 4287 566 4358 ἐξήρανται
616 4288 844 4356 ταύτην,
905 4290 1069 4358 ἀργεῖ
1127 4288 1366 4351 πάντως.
1414 4287 1604 4350 Ὅστις
1670 4282 1764 4341 οὖν

200 4376 326 4431 θέλει
351 4380 680 4451 ὑγιασθῆναι
712 4379 809 4449 τὴν
844 4382 1022 4449 χεῖρα,
1058 4379 1115 4431 ὲν
1146 4378 1223 4449 τῷ
1262 4377 1528 4449 Σαϐϐάτῳ
1557 4376 1764 4449 ταύτην

199 4466 592 4542 ὑγιασθήσεται.
625 4467 751 4525 Οἷον
782 4471 833 4522 τί
856 4471 1021 4538 λέγω·
1060 4470 1174 4522 Οὐκ
1210 4470 1355 4523 ἐστιν
1388 4468 1685 4541 ἐνεργῆσαί
1710 4487 1761 4523 τι

198 4558 294 4613 τῶν
330 4563 425 4632 τῆς
451 4562 655 4633 ἀρετῆς
704 4561 908 4632 ἔργων,
945 4562 1040 4614 ὲάν
1076 4560 1152 4633 μὴ
1181 4561 1364 4632 παυθῇ
1394 4578 1477 4624 τις
1509 4561 1619 4615 ἀπὸ
1662 4562 1761 4631 τῆς

199 4651 395 4717 κακίας.
432 4654 723 4710 Ἐκκλινον
762 4656 871 4726 γὰρ
893 4655 1112 4726 πρῶτον
1163 4654 1272 4708 ἀπὸ
1306 4654 1402 4708 τοῦ
1442 4655 1639 4719 κακοῦ,
1671 4652 1766 4708 καὶ

202 4744 311 4797 τότε
356 4747 584 4819 ποίησον
643 4746 706 4799 τὸ
760 4745 988 4811 ἀγαθόν.
1031 4746 1200 4801 Ὅταν
1255 4741 1348 4800 οὖν
1404 4746 1763 4817 σαϐϐατίσῃς,

201 4832 484 4900 τουτέστιν,
514 4835 766 4905 ἀργήσῃς
791 4835 898 4887 ἀπὸ
919 4834 1028 4888 τῶν
1059 4835 1159 4905 τῆς
1197 4834 1397 4900 κακίας
1422 4836 1622 4907 ἔργων,
1641 4837 1765 4888 τότε

202 4918 422 4989 ἐκτενεῖς
459 4944 553 4979 σου
582 4928 679 4997 τὴν
705 4932 865 4999 χεῖρα
894 4928 989 4980 ἐπὶ
1024 4926 1094 4980 τὰ
1117 4928 1212 4999 τῆς
1240 4929 1462 4999 ἀρετῆς,
1496 4930 1589 4981 καὶ
1623 4930 1763 4982 ἀπο-

205 5017 588 5086 καταστήσεταί
632 5034 715 5070 σοι
751 5016 912 5087 αὕτη.
963 5016 1201 5082 Εἰκότως
1229 5017 1287 5070 δὲ
1309 5014 1431 5072 εἷπε
1459 5017 1543 5082 τὸ,
1585 5018 1756 5071 Ἀπο-

204 5110 517 5180 κατεστάθη.
550 5104 661 5163 Ἦν
692 5112 803 5180 γὰρ
860 5113 948 5165 ὅτε
1000 5112 1033 5182 ή
1074 5109 1394 5181 ἀνθρωπίνη
1433 5110 1594 5182 φύσις
1646 5107 1759 5180 εἶχε

204 5195 289 5264 τὴν
347 5202 607 5271 ἐργασίαν
643 5203 739 5256 τοῦ
800 5202 993 5269 καλοῦ,
1037 5204 1131 5256 καὶ
1170 5201 1268 5272 τὴν
1298 5204 1479 5273 χεῖρα,
1514 5200 1764 5257 τουτέστι

1869 3272 2072 3342 rogabo
2128 3288 2248 3339 vos,
2289 3280 2472 3326 utrum
2532 3268 2659 3322 licet
2708 3266 2964 3324 Sabbatis
3000 3267 3342 3335 benefacere,
3378 3284 3449 3322 an

1868 3364 2225 3421 malefacere?
2254 3368 2494 3420 animam
2529 3380 2771 3430 servare,
2821 3378 2892 3417 an
2926 3362 3197 3432 perdere?
3243 3361 3310 3415 Et
3340 3363 3447 3416 cir-

1866 3457 2198 3528 cumspectis
2218 3459 2473 3514 omnibus
2498 3458 2641 3513 dixit
2670 3455 2899 3520 homini,
2938 3454 3181 3510 Extende
3222 3470 3454 3509 manum

1868 3562 2038 3605 tuam.
2069 3549 2162 3604 llle
2188 3560 2370 3605 autem
2406 3550 2556 3615 fecit,
2591 3561 2650 3605 et
2672 3549 2923 3605 restituta
2975 3557 3060 3604 est
3118 3564 3313 3604 manus
3340 3548 3457 3617 ejus

1866 3658 1998 3699 sana
2023 3643 2168 3698 sicut
2195 3641 2385 3698 altera.
2426 3643 2531 3712 Ipsi
2564 3654 2746 3697 autem
2800 3641 2990 3712 repleti
3028 3650 3156 3696 sunt
3192 3642 3456 3707 amentia,

1864 3747 1919 3793 et
1941 3736 2390 3806 colloquebantur
2410 3734 2551 3789 inter
2571 3749 2692 3790 sese
2710 3733 2967 3803 quidnam
2992 3731 3235 3787 facerent
3249 3730 3399 3788 Iesu.
3430 3754 3448 3784 ο

1866 3832 1997 3898 Quae
2049 3829 2288 3885 diximus
2310 3829 2362 3882 in
2392 3826 2669 3889 Matthaeo,
2727 3824 3018 3880 manifesta
3069 3833 3239 3879 sunt:
3307 3840 3454 3879 nunc

1866 3933 2049 3977 autem
2100 3922 2199 3975 hoc
2253 3919 2501 3985 dicimus,
2549 3916 2694 3987 quod
2746 3915 2960 3987 aridam
3005 3930 3224 3968 manum
3271 3915 3452 3975 habet,

1865 4014 1959 4081 qui
1984 4010 2134 4066 nulla
2156 4010 2415 4065 virtutum
2439 4023 2604 4077 opera
2627 4005 2777 4062 facit.
2804 4006 2996 4060 Manus
3023 4006 3168 4059 enim
3192 4006 3454 4074 operandi

1864 4119 2132 4175 organum
2180 4112 2265 4159 est
2321 4118 2335 4156 :
2383 4100 2468 4155 cui
2523 4110 2703 4155 autem
2735 4098 2820 4153 illa
2856 4097 3075 4161 arescit,
3121 4096 3165 4151 is
3220 4095 3450 4152 omnino

1864 4175 2203 4254 otiosusest.
2238 4196 2296 4252 Si
2349 4195 2473 4264 quis
2520 4194 2685 4263 igitur
2732 4208 2953 4247 manum
3000 4188 3181 4244 sanari
3230 4189 3364 4255 vult,
3398 4189 3450 4240 in

1869 4290 2110 4347 Sahbato
2137 4291 2283 4345 illam
2322 4288 2649 4345 sanctiﬁcet.
2686 4285 2872 4355 NeQue
2897 4284 3042 4338 enim
3096 4288 3275 4352 potest
3327 4282 3453 4350 quis

1866 4394 2034 4450 opera
2074 4381 2332 4434 virtutum
2368 4380 2571 4445 facere,
2614 4377 2720 4431 nisi
2752 4374 2903 4446 prius
2930 4389 2960 4428 a
3007 4374 3214 4428 malitia
3251 4382 3453 4427 cesset.

1868 4471 2090 4528 Declina
2130 4472 2298 4539 enim,
2329 4472 2524 4541 inquit,
2585 4470 2761 4539 primo
2809 4483 2838 4520 a
2876 4466 3046 4529 malo,
3091 4475 3147 4521 et
3178 4473 3309 4519 tunc
3366 4462 3456 4518 fac

1868 4566 2070 4621 bonum
2108 4564 2178 4618 “.
2206 4564 2393 4633 Itaque
2424 4549 2644 4633 quando
2668 4559 2970 4615 Sabbatum
3025 4558 3164 4626 agis,
3196 4558 3300 4610 hoc
3343 4564 3454 4615 est.

1867 4661 2078 4715 Otiosus
2109 4674 2169 4714 es
2200 4661 2268 4715 ab
2298 4658 2555 4727 operibus
2584 4655 2762 4721 malis,
2786 4662 2914 4708 tunc.
2935 4650 3203 4709 extendas
3233 4662 3453 4703 manum

1870 4751 1936 4805 ad
1968 4733 2142 4820 opera
2170 4752 2448 4813 virtutum,
2477 4755 2532 4802 et
2561 4747 2882 4802 restituetur
2930 4743 3073 4814 ipsa.
3134 4740 3203 4795 Et
3254 4740 3457 4794 merito

1868 4840 2027 4903 dixit,
2050 4840 2300 4892 restituta
2332 4847 2436 4893 est.
2468 4836 2596 4892 Fuit
2645 4837 2791 4892 enim
2828 4835 3052 4907 quando
3085 4834 3323 4888 humana
3353 4846 3450 4885 na-

1868 4941 1990 4986 tura
2022 4930 2258 4985 hahebat
2285 4930 2391 4985 vim
2426 4929 2687 5000 operandi
2722 4928 2950 4994 bonum,
2972 4940 3037 4981 ac
3066 4940 3312 4991 manum,
3350 4925 3453 4979 huc

1867 5032 1951 5078 est
1991 5023 2254 5092 operandi
2298 5022 2616 5091 eﬂicaciam,
2677 5036 2911 5078 sanam:
2966 5020 3061 5077 sed
3095 5026 3450 5090 posteaquam

1872 5115 2083 5186 perdita
2108 5113 2235 5181 fuit,
2267 5114 2445 5186 gratia
2479 5114 2681 5170 Christi
2706 5115 2856 5169 illam
2886 5114 3089 5169 iterum
3122 5110 3345 5181 recepit,
3400 5120 3457 5164 et

1875 5205 1943 5259 ad
1976 5206 2214 5275 priorem
2237 5206 2527 5262 sanitatem
2568 5205 2821 5261 restituta
2843 5217 2951 5261 est.

204 5290 292 5358 τὴν
341 5296 694 5368 ὲνεργητικὴν
745 5298 998 5371 δύναμιν,
1054 5299 1203 5368 ὑγιᾶ.
1276 5294 1410 5351 Εἶτα
1454 5298 1790 5368 ἀπολέσασα,
1825 5300 2011 5373 χάριτι
2057 5301 2295 5375 Χριστοῦ
2345 5301 2591 5357 ἀπέλαϐε
2651 5301 2901 5373 ταύτην,
2952 5302 3050 5355 καὶ
3096 5299 3451 5370 ἀποκατέστη

207 5382 277 5442 εἰς
302 5384 357 5435 τὸ
385 5387 573 5455 πρώην
598 5389 824 5457 ἀγαθόν.

276 5492 292 5524 t
330 5478 569 5548 Ἐγένετο
613 5482 669 5535 δὲ
710 5485 769 5535 ὲν
813 5486 931 5546 ταῖς
965 5484 1203 5555 ἡμέραις
1232 5482 1483 5550 ταύταις,
1532 5483 1759 5555 ἐξῆλθεν

210 5564 279 5626 εἰς
312 5567 369 5620 τὸ
417 5572 537 5642 ὅρος
591 5574 1018 5644 προσεύξασθαι.
1058 5575 1166 5627 Καὶ
1215 5570 1283 5646 ἦν
1328 5575 1760 5647 διανυκτερεύων

208 5655 259 5706 ἐν
291 5664 351 5731 τῇ
389 5668 663 5738 προσευχῇ
708 5667 803 5720 τοῦ
836 5666 990 5721 Θεοῦ.
1030 5666 1140 5725 Καὶ
1163 5667 1250 5722 ὅτε
1290 5668 1507 5739 ἐγένετο
1549 5668 1753 5739 ἡμέρα.

279 5815 319 5845 ¹²
354 5815 486 5876 Psal.
532 5837 714 5882 xxxrt.
738 5820 827 5877 27.

1944 5486 2114 5541 Vens.
2142 5482 2334 5537 12-19.
2381 5498 2399 5533 ι
2448 5479 2674 5534 Factum
2704 5486 2788 5535 est
2816 5487 2997 5533 autem
3027 5478 3080 5532 in
3104 5477 3212 5533 illis
3235 5478 3449 5537 diebus.

1867 5575 2002 5631 exiit
2059 5574 2111 5627 in
2143 5582 2382 5626 montem
2426 5572 2490 5625 ad
2524 5569 2813 5634 orandum,
2849 5576 3076 5639 eratque
3123 5580 3451 5639 pernoctans

1871 5668 1923 5722 in
1957 5665 2345 5735 deprecatione
2374 5663 2491 5718 Dei.
2525 5662 2591 5721 Et
2619 5678 2743 5721 cum
2775 5664 2890 5720 dies
2942 5661 3117 5719 factus
3157 5672 3323 5727 esset,
3356 5676 3450 5718 vo-
