3896 6452
327 389 431 448 Ἠῖἶ

1075 388 1520 449 ENARRATIO
1555 387 1633 447 ΙΝ
1677 385 2177 446 EVANGELIUM
2221 383 2454 444 LUCIE.
2475 406 2538 418 —
2559 381 2716 442 CAP.
2746 385 2844 445 VI.

3482 379 3587 448 77$

331 500 439 552 εἴτε
463 500 591 563 τοὺς
618 501 991 571 ἀεριλάργυρον
1039 502 1261 572 ἔχοντας
1304 503 1397 556 τὸν
1439 504 1658 571 τρόπον.
1701 501 1897 565 Ἀπλῶς

2019 509 2180 554 tatem
2220 516 2316 553 nos
2347 507 2540 553 uacent
2591 513 2650 552 ac
2688 499 3074 564 humilitatem,
3113 509 3165 556 et
3207 509 3586 570 comtcmptum

325 591 382 642 δὲ
414 591 618 653 πάντες
651 594 698 644 οἱ
727 594 1072 663 μακαρισμοὶ
1100 593 1377 647 εὐτέλειαν
1407 595 1556 663 ἡμᾶς
1579 593 1911 656 διδάσκουσι,

327 685 426 736 καὶ
480 686 814 738 ταπείνωσιν
875 688 965 738 καὶ
1021 687 1373 750 ἐξουδένωσιν
1436 688 1529 738 καὶ
1583 687 1912 754 ὀνειδισμόν.

327 776 547 846 Ὠσπερ
587 772 679 831 οὖν
708 778 803 831 καὶ
827 778 886 830 τὸ
921 779 1055 831 Οὐαὶ
1087 779 1319 841 ἐκείνοις
1343 778 1773 849 ἀποκληροῦται,
1804 782 1916 841 τοῖς

325 885 389 920 τε
426 869 704 933 πλουσίοις
736 871 794 922 ἐν
839 869 915 940 τῷ
957 871 1051 924 νῦν
1081 871 1263 935 αἰῶνι,
1311 870 1406 934 οὓς
1443 871 1535 924 καὶ
1555 871 1780 939 ἀπέχειν
1817 869 1916 940 τὴν

325 962 677 1032 παράκλησίν
728 979 912 1034 φησιν.
987 963 1109 1016 ἀντὶ
1165 963 1260 1016 τοῦ
1303 957 1407 1016 ὧδε
1446 965 1504 1016 ἐν
1558 962 1636 1032 τῷ
1687 963 1914 1033 παρόντι

327 1052 492 1104 αίῶνι
529 1054 941 1122 ἀπολαμϐάνειν
975 1054 1074 1125 τὴν
1115 1054 1479 1124 εὐφροσύνην,
1527 1055 1620 1107 καὶ
1667 1055 1778 1116 τοῖς
1813 1070 1906 1120 γει

325 1141 484 1205 λῶσι,
530 1144 622 1195 καὶ
672 1145 942 1215 τρυφῶσι,
995 1147 1085 1198 καὶ
1120 1145 1554 1211 ἐπαινουμένοις.
1600 1143 1906 1214 Φρίξωμεν.

2017 607 2080 646 ac
2112 592 2400 661 opprobria
2436 591 2652 644 ferenda
2683 609 2696 644 :
2731 592 3184 660 quemadmodum
3214 603 3266 647 et
3299 609 3379 649 va:
3410 595 3590 664 dirigit

2016 689 2066 738 in
2099 685 2293 739 divites
2327 681 2485 750 hujus
2522 683 2702 738 saeculi
2723 723 2735 744 ,
2767 699 2902 753 quos
2935 696 2987 738 et
3029 685 3452 742 consolationem
3495 689 3592 741 ba-

2017 778 2142 828 hcre
2175 774 2330 840 dicit,
2367 776 2466 828 hoc
2496 785 2600 839 est,
2633 773 2721 828 hic
2750 775 2804 827 in
2833 777 3087 842 prazscuti
3123 780 3318 832 saeculo
3347 779 3586 834 laetitiam

2017 868 2286 935 accipere,
2311 877 2365 918 et
2400 867 2595 930 ridere,
2622 876 2672 919 et
2713 867 2764 918 in
2795 866 3008 920 deliciis
3039 882 3101 922 ac
3141 870 3382 926 laudibus
3412 871 3588 930 clarus

2017 959 2216 1012 vivere.
2250 958 2603 1023 Horreamus,
2641 957 2862 1024 fratres,
2895 961 3018 1026 quia
3061 975 3140 1012 vae
3175 962 3369 1017 habent
3398 965 3487 1033 qui
3519 967 3587 1019 ab

2021 1050 2327 1103 hominibus
2360 1049 2668 1103 laudantur.
2701 1048 2864 1103 Decet
2891 1051 3106 1119 quidem
3145 1063 3202 1106 ut
3232 1062 3286 1106 et
3323 1053 3390 1108 ab
3413 1054 3586 1108 homi-

2021 1141 2178 1194 nibus
2207 1141 2509 1204 laudemur,
2536 1141 2629 1197 srd
2659 1145 2807 1212 prius
2834 1157 2862 1195 a
2897 1142 3024 1197 Deo.
3383 1154 3393 1162 '

322 1234 570 1302 ἀδελφοὶ,
603 1237 719 1300 πῶς
750 1238 810 1290 τὸ
841 1238 976 1291 Ούαὶ
1005 1238 1200 1309 ἔχωσιν
1223 1241 1272 1292 oi
1304 1239 1453 1308 παρὰ
1483 1238 1590 1291 τῶν
1611 1235 1915 1324 ἀνθρώπων
1949 1234 2359 1304 ἐπαινούμενοι.
2423 1235 2514 1288 Δεῖ
2541 1235 2640 1304 μὲν
2692 1237 2804 1304 γὰρ
2840 1236 2934 1288 καὶ
2963 1237 3114 1305 παρά
3153 1235 3262 1290 τῶν
3287 1236 3586 1308 ἀνθρώπων

325 1327 692 1394 ἐπαινεῖσθαι,
727 1329 862 1383 ἀλλὰ
883 1330 1151 1401 πρότερον
1179 1333 1288 1384 ἀπὸ
1315 1330 1476 1385 Θεοῦ.

405 1439 426 1470 ε
462 1420 623 1473 Ἀλλά
661 1419 790 1490 ύμῖν
814 1421 957 1489 λέγω
983 1426 1096 1486 τοῖς
1126 1424 1415 1476 ἀκούουσιν
1445 1440 1456 1452 ·
1485 1424 1760 1490 Ἀγαπᾶτε
1779 1422 1906 1484 τοὺς

325 1509 558 1579 ἐχθροὺς
594 1511 767 1580 ὑμῶν.
815 1512 1008 1574 Καλῶς
1053 1517 1259 1566 ποιεῖτε
1309 1515 1422 1576 τοῖς
1463 1511 1712 1583 μισοῦσιν
1739 1513 1903 1581 ὑμᾶς.

328 1602 616 1671 Εὐλογεῖτε
636 1606 760 1668 τοὺς
783 1606 1208 1677 καταρωμένους
1236 1607 1401 1676 ὑμᾶς,
1418 1608 1510 1659 καὶ
1533 1605 1903 1678 προσεύχεσθε

321 1693 471 1764 ύπέρ
500 1694 610 1746 τῶν
647 1696 1060 1767 ἐπηρεαζόντων
1093 1699 1257 1768 ὑμᾶς.
1302 1697 1394 1767 Τῷ
1427 1695 1684 1752 τύπτοντί
1720 1715 1779 1750 σε
1809 1697 1905 1751 ἐπὶ

2086 1415 2252 1470 Vsus.
2283 1413 2474 1470 27-36.
2501 1432 2523 1466 ι
2557 1413 2662 1469 Sed
2685 1415 2838 1471 vobis
2861 1416 2979 1472 dico
3003 1418 3090 1485 qui
3115 1419 3311 1474 auditis
3337 1438 3351 1474 :
3376 1421 3588 1494 Diligitc

2012 1509 2258 1564 inimicos
2298 1520 2530 1575 vestros,
2582 1508 2878 1563 benefacite
2933 1510 3017 1564 his
3067 1513 3158 1580 qui
3208 1528 3301 1568 vos
3335 1514 3584 1572 oderunt.

2013 1599 2324 1654 Bcnedicile
2371 1599 2817 1653 maledicentibus
2858 1601 3049 1664 vobis,
3088 1609 3142 1655 et
3187 1612 3340 1657 orate
3368 1619 3464 1674 pro
3495 1619 3586 1660 ca-

2011 1693 2404 1747 lumuiantibus
2425 1707 2540 1745 vos.
2568 1691 2894 1747 Percutienti
2923 1701 2972 1745 te
3000 1692 3055 1746 iu
3086 1696 3380 1760 maxillam,
3407 1699 3584 1762 prwbe

323 1786 424 1857 τὴν
471 1788 720 1856 σιαγόνα,
756 1789 967 1859 πάρεχε
1007 1790 1099 1843 καὶ
1144 1789 1242 1861 τὴν
1286 1790 1475 1860 ἀλλην,
1524 1791 1618 1846 καὶ
1659 1790 1768 1844 ἀπὸ
1810 1788 1897 1843 τοῦ

2009 1793 2063 1839 et
2087 1784 2347 1838 alteram:
2381 1794 2435 1838 et
2465 1785 2533 1838 ab
2560 1799 2624 1838 eo
2656 1785 2746 1853 qui
2780 1783 2959 1838 aufert
2999 1784 3092 1838 tibi
3130 1787 3383 1854 pallium,
3418 1789 3582 1844 etiam
3666 1776 3673 1783 ”

322 1880 572 1949 αἴροντός
596 1897 690 1934 σου
715 1882 775 1935 τὸ
801 1882 1034 1953 ἱμάτιον,
1062 1883 1158 1936 καὶ
1184 1884 1276 1937 τὸν
1304 1883 1504 1953 χιτῶνα
1531 1884 1604 1954 μὴ
1625 1883 1896 1954 κωλύσῃς.

324 1970 497 2023 Παντὶ
524 1970 582 2026 δέ
612 1972 690 2044 τῷ
717 1972 956 2027 αἰτοῦντί
985 1991 1044 2028 σε
1074 1975 1238 2030 δίδου.
1268 1975 1374 2027 Kal
1402 1975 1510 2028 ἀπὸ
1535 1974 1628 2027 τοῦ
1659 1975 1902 2045 αἴροντος

323 2063 394 2114 τὰ
431 2064 502 2114 σά
570 2065 644 2133 μὴ
677 2064 1064 2120 ἀπαίτει.’Καὶ
1112 2066 1294 2129 καθὼς
1335 2067 1516 2120 θέλετε
1558 2067 1643 2120 ἵνα
1675 2067 1900 2119 ποιῶσιν

320 2152 458 2220 ὑμῖν
483 2155 531 2206 οἱ
561 2155 859 2225 ἄνθρωποι,
909 2159 1002 2210 καὶ
1033 2158 1192 2229 ὑμεῖς
1226 2161 1428 2213 ποιεῖτε
1460 2159 1644 2224 αὐτοῖς
1675 2159 1898 2229 ὁμοίως.

320 2245 436 2298 Καὶ
475 2247 524 2298 εί
571 2248 825 2314 ἀγαπᾶτε
870 2251 997 2313 τοὺς
1030 2251 1360 2319 ἀγαπῶντας
1395 2255 1559 2322 ὑμᾶς,
1607 2254 1734 2306 ποία
1774 2253 1901 2322 ύμῖν

321 2339 484 2405 χάρις
511 2340 629 2392 ἐστί
656 2357 670 2404 ;
705 2341 818 2394 Kal
856 2342 966 2412 γὰρ
989 2343 1039 2395 oi
1071 2345 1384 2416 ἁμαρτωλοὶ
1417 2349 1540 2410 τοὺς
1571 2345 1901 2414 ἀγαπῶντας

321 2429 522 2492 αὐτοὺς
553 2431 832 2498 ἀγαπῶσι.
867 2434 976 2486 Kal
1019 2434 1113 2487 ἐὰν
1151 2434 1515 2505 ἀγαθοποιῆτε
1544 2438 1670 2498 τοὺς
1697 2435 1900 2504 ἀγαθο-

323 2521 613 2586 ποιοῦντας
647 2525 811 2594 ύμᾶς,
841 2526 968 2578 ποία
996 2526 1124 2596 ύμῖν
1179 2528 1338 2597 χάρις
1383 2527 1534 2593 ἐστί;
1578 2528 1684 2579 Καὶ
1717 2525 1826 2597 γὰρ
1852 2527 1900 2579 οἱ

322 2611 647 2681 ἁμαρτωλοὶ
672 2613 732 2667 τὸ
758 2615 892 2669 αύτδ
922 2616 1155 2670 ποιοῦσι.
1190 2617 1300 2671 Kal
1341 2616 1434 2669 ἐὰν
1462 2618 1740 2688 δανείζητε
1769 2617 1899 2687 παρ’

321 2698 403 2758 ὢν
434 2704 682 2770 ἐλπίζετε
731 2708 1050 2772 ἀπολαϐεῖν,
1087 2709 1215 2762 ποία
1260 2709 1388 2780 ὑμῖν
1421 2710 1577 2780 χάρις
1615 2711 1730 2763 ἐστί
1743 2727 1757 2775 ;
1793 2713 1901 2764 Kal

323 2797 436 2868 γὰρ
463 2799 511 2850 οἱ
534 2798 851 2868 ἁμαρτωλοὶ
871 2800 1212 2871 ἁμαρτωλοῖς
1235 2799 1558 2865 δανείζουσι,
1588 2801 1675 2855 ἵνα
1699 2802 1903 2856 ἀπολά-

323 2887 464 2940 ϐωσι
512 2889 580 2941 τὰ
635 2890 742 2942 ἴσα.
792 2890 939 2962 Πλὴν
985 2891 1234 2959 ἀγαπᾶτε
1283 2891 1409 2954 τοὺς
1454 2893 1680 2963 ἐχθροὺς
1727 2893 1899 2962 ὑμῶν,

326 2978 424 3030 καὶ
456 2978 856 3046 ἀγαθοποιεῖτε,
903 2982 998 3034 καὶ
1027 2981 1318 3047 δανείζετε,
1369 2981 1534 3051 μηδὲν
1576 2980 1903 3044 ἀπελπίζον-

322 3084 438 3131 τες,
467 3070 560 3122 καὶ
582 3070 733 3124 ἔσται
767 3073 796 3126 ὁ
826 3072 1018 3142 μισθὸς
1047 3072 1202 3143 ὑμῶν
1225 3072 1390 3136 πολύς
1409 3089 1424 3104 ο
1457 3073 1552 3126 καὶ
1579 3071 1765 3126 ἔσεσθε
1795 3072 1900 3126 υίοὶ

325 3160 424 3214 τοῦ
483 3160 761 3231 Ὑψίστου,
802 3163 886 3216 ὅτι
938 3164 1104 3228 αὐτὸς
1146 3164 1382 3233 χρηστός
1429 3163 1576 3216 ἐστιν
1625 3165 1721 3217 ἐπὶ
1768 3166 1894 3228 τοὺς

325 3251 656 3322 ἀχαρίστους
687 3254 781 3317 καὶ
811 3253 1101 3325 πονηρούς.
1139 3253 1359 3308 Γίνεσθε
1395 3249 1488 3310 οὖν
1529 3256 1896 3326 οἰκτίρμονες,

321 3343 507 3408 καθὼς
564 3347 654 3398 καὶ
705 3347 733 3398 ὁ
782 3346 972 3418 Πατὴρ
1024 3347 1180 3418 ὑμῶν
1225 3349 1253 3402 ὁ
1302 3347 1552 3416 οὐράνιος
1603 3349 1900 3418 οἰκτίρμων

322 3439 493 3494 ἐστίν.
531 3457 550 3490 ι
598 3439 814 3509 Ἐπειδὴ
851 3459 956 3512 περ
981 3444 1030 3495 οί
1061 3441 1346 3495 ἀπόστολοι
1375 3441 1598 3511 ἔμελλον
1635 3442 1898 3514 σταλῆναι

322 3529 417 3581 ἐπὶ
439 3529 500 3582 τὸ
536 3531 818 3602 κήρυγμα,
857 3531 951 3586 καὶ
988 3533 1395 3602 προσεδοκῶντο
1430 3535 1679 3586 ἐντεῦθεν
1708 3534 1898 3588 πολλοὶ

321 3619 509 3683 αὐτοῖς
536 3620 762 3674 διῶκται
788 3622 882 3674 καὶ
903 3621 1173 3676 ἐπίϐουλοι
1193 3636 1207 3652 °
1247 3624 1296 3676 sl
1325 3621 1417 3677 οὖν
1450 3625 1539 3675 ἐπὶ
1570 3622 1643 3692 τῷ
1667 3624 1898 3695 διωγμῷ

320 3710 611 3780 ἀχθόμενοι
632 3713 680 3762 οἱ
705 3712 1009 3778 ἀπόστολοι,
1029 3709 1149 3767 εἷτα
1171 3714 1415 3777 θέλοντες
1439 3713 1747 3783 ἀμύνασθαι
1768 3715 1896 3779 τοὺς

319 3801 690 3871 λυπήσαντας,
731 3801 992 3871 ἐσίγησαν
1022 3803 1118 3856 καὶ
1152 3805 1252 3857 ούκ
1280 3803 1546 3870 ἐδίδαξαν,
1580 3803 1800 3857 ἔσϐεστο
1827 3804 1895 3858 ἂν

319 3895 348 3944 ό
378 3891 475 3944 τοῦ
502 3892 840 3960 Εὐαγγελίου
867 3895 1015 3965 ἥλιος
1043 3911 1058 3927 ο
1093 3895 1182 3949 διὰ
1214 3895 1372 3949 τοῦτο
1417 3896 1594 3948 τοίνυν
1623 3897 1652 3948 ὁ
1688 3896 1893 3966 Κύριος

320 3985 741 4054 προλαμϐάνων,
788 3990 1046 4059 παραινεῖ
1090 3990 1203 4051 τοῖς
1252 3987 1570 4048 ἀποστόλοις
1627 3986 1703 4058 μὴ
1759 3987 1896 4060 πρὸς

317 4076 534 4145 ἄμυναν
560 4077 668 4130 τῶν
705 4076 915 4148 ἐχθρῶν
958 4081 1178 4148 χωρεῖν,
1228 4079 1364 4134 ἀλλά
1407 4080 1585 4133 πάντα
1632 4078 1894 4148 γενναίως

320 4169 506 4239 φέρειν
529 4171 596 4222 τά
631 4169 1014 4239 συμϐαίνοντα,
1041 4172 1143 4224 κᾶν
1168 4171 1428 4240 ὑϐρίζωσί
1457 4190 1620 4237 τινες,
1640 4174 1742 4226 κᾶν
1770 4174 1894 4226 ἀνο-

318 4261 450 4322 σίως
479 4261 924 4313 ἐπιϐουλεύουσιν·
967 4260 1110 4314 οὓτω
1155 4263 1249 4314 καὶ
1276 4263 1437 4325 αὐτὸς
1467 4263 1526 4317 ἐν
1558 4263 1635 4334 τῷ
1669 4263 1890 4334 σταυρῷ

318 4351 515 4416 ἐποίει,
546 4350 753 4418 λέγων·
797 4351 999 4420 Πάτερ,
1046 4353 1182 4420 ἄφες
1230 4353 1436 4418 αὐτοῖς,
1475 4355 1535 4407 ού
1577 4355 1688 4426 γάρ
1715 4355 1890 4409 οἴδασι

314 4443 370 4494 τί
395 4441 658 4494 ποιοῦσιν.
690 4440 824 4496 Εἶτα
852 4442 937 4495 ἵνα
975 4443 1048 4512 μὴ
1081 4443 1276 4512 ἔχωσιν
1316 4445 1489 4496 εἰπεῖν
1516 4446 1564 4497 οἱ
1603 4447 1890 4500 ἀπόστολοι

2005 1873 2112 1928 noli
2154 1875 2389 1927 tunicam
2432 1873 2744 1942 prohibere.
2781 1872 2940 1927 Omni
2987 1886 3168 1929 autem
3204 1875 3439 1946 exigenti
3484 1879 3579 1932 abs

2007 1974 2084 2029 te,
2129 1965 2344 2020 tribue:
2385 1976 2442 2020 et
2487 1967 2556 2019 ab
2597 1980 2662 2019 eo
2700 1966 2791 2035 qui
2835 1966 3010 2021 aufert
3048 1982 3168 2036 qua:
3211 1977 3300 2023 tua
3333 1979 3477 2033 sunt,
3514 1985 3582 2025 ne

2006 2073 2260 2127 reposcos
2291 2077 2304 2112 :
2336 2065 2390 2111 et
2425 2065 2582 2126 prout
2611 2057 2772 2112 vultis
2805 2067 2860 2111 ut
2896 2058 3102 2113 faciant
3127 2060 3276 2114 vobis
3312 2060 3579 2129 homines,

2003 2164 2099 2205 vos
2137 2164 2351 2220 quoque
2381 2149 2542 2204 facile
2584 2149 2688 2203 illis
2729 2149 3000 2204 similiter.
3043 2150 3112 2204 Et
3143 2150 3187 2204 si
3225 2151 3447 2221 diligitis
3483 2169 3576 2208 eos

2003 2242 2093 2310 qui
2131 2256 2224 2295 vos
2254 2241 2500 2310 diligunt,
2527 2254 2648 2308 qua:
2673 2241 2824 2295 vobis
2856 2251 2938 2295 est
2965 2241 3174 2308 gratia?
3205 2240 3338 2296 Nam
3370 2251 3424 2298 et
3451 2259 3552 2314 pec

2004 2344 2216 2389 calores
2239 2348 2333 2388 eos
2357 2347 2385 2386 a
2414 2334 2605 2400 quibus
2628 2332 2942 2404 diliguntur,
2971 2333 3220 2404 diligunt.
3258 2335 3319 2389 Et
3343 2336 3388 2390 si
3417 2335 3582 2392 bene-

2004 2425 2244 2480 feceritis
2283 2425 2366 2478 bis
2391 2424 2480 2492 qui
2522 2424 2675 2477 vobis
2717 2423 3095 2488 benefaciunt,
3149 2439 3268 2494 qua:
3311 2427 3464 2480 vobis
3497 2435 3581 2480 est

2003 2517 2218 2588 gratia?
2260 2516 2536 2587 Siquidem
2577 2525 2632 2571 et
2674 2525 2993 2586 peccatores
3027 2519 3129 2571 hoc
3169 2517 3395 2574 faciunt.
3434 2519 3499 2574 Et
3532 2521 3575 2574 sl

2003 2620 2247 2663 mutuum
2269 2609 2527 2664 dederitis
2555 2609 2636 2663 his
2663 2621 2691 2660 a
2719 2608 2918 2678 quibus
2947 2609 3180 2678 speratis
3211 2625 3308 2665 vos
3335 2621 3578 2680 receptu-

2007 2716 2114 2765 ros,
2154 2716 2272 2770 qua:
2304 2703 2472 2771 gratia
2503 2712 2588 2756 est
2622 2703 2816 2758 vobis?
2849 2704 2985 2758 Nam
3020 2716 3072 2759 et
3108 2716 3420 2773 peccatores
3456 2721 3580 2776 pcc-

2004 2791 2278 2846 caloribus
2302 2792 2430 2846 dant
2453 2803 2722 2860 mutuum,
2749 2801 2806 2847 ut
2831 2793 3098 2864 recipiant
3127 2796 3298 2864 paria.
3324 2796 3578 2861 Quinimo

2003 2883 2210 2955 diligite
2251 2886 2500 2942 inimicos
2533 2897 2771 2954 vestros,
2803 2896 2858 2942 et
2885 2886 3214 2952 bene-facite,
3247 2899 3301 2943 ct
3333 2897 3576 2942 mutuum

2003 2979 2159 3042 date,
2210 2978 2341 3031 nihil
2388 2979 2512 3033 inde
2553 2987 2879 3048 sperantes:
2919 2988 2972 3034 et
3010 2979 3113 3034 crit
3160 2993 3367 3034 merces
3397 2989 3575 3034 vestra

2007 3071 2204 3132 multa,
2237 3080 2293 3123 et
2333 3070 2487 3124 eritis
2531 3072 2623 3124 filii
2657 3071 2920 3126 Altissimi
2955 3088 2968 3124 :
3003 3071 3128 3138 quia
3169 3069 3287 3140 ipse
3314 3069 3577 3139 benignus

2002 3173 2087 3218 est
2114 3178 2240 3232 erga
2276 3165 2516 3232 ingratos
2553 3173 2604 3214 et
2640 3163 2832 3216 malos.
2875 3161 3063 3218 Estote
3101 3177 3232 3231 ergo
3266 3161 3578 3216 misericor-

2005 3257 2122 3321 des,
2148 3257 2287 3310 sicut
2312 3267 2364 3309 et
2389 3255 2547 3309 Pater
2576 3266 2756 3309 vester
2781 3255 3090 3310 misericors
3113 3261 3218 3311 est.
3249 3273 3268 3306 ι
3307 3253 3574 3321 Quoniam

2003 3345 2231 3414 apostoli
2255 3346 2319 3398 ad
2339 3346 2737 3415 praniicandum
2759 3345 3002 3400 mittendi
3027 3356 3205 3413 erant,
3226 3354 3280 3400 et
3297 3353 3577 3416 exspecta-

2002 3436 2197 3491 bantur
2225 3437 2378 3492 multi
2415 3447 2789 3506 persecutores
2817 3448 2871 3494 ct
2897 3438 3245 3494 insidiatores
3277 3457 3292 3493 :
3331 3438 3378 3493 si
3412 3439 3578 3508 igitur

2003 3528 2229 3596 apostoli
2252 3530 2303 3582 in
2323 3528 2699 3598 persecutione
2712 3544 2808 3586 sua
2827 3529 3086 3596 dolentes,
3111 3532 3176 3585 ad
3194 3529 3572 3586 vindicandum

2001 3635 2095 3676 eos
2124 3622 2212 3691 qui
2246 3637 2305 3676 se
2333 3621 2692 3687 offenderant,
2730 3623 2975 3677 conversi
3016 3622 3266 3689 fuissent,
3297 3623 3578 3678 siiuisseut

1999 3721 2054 3766 et
2076 3727 2180 3765 non
2198 3712 2528 3777 docuissent,
2551 3714 2852 3768 exstinctus
2880 3714 3064 3782 utique
3082 3712 3275 3768 fuisset
3297 3715 3376 3768 sol
3397 3710 3576 3766 Evan-

1998 3803 2122 3875 gelii
2152 3823 2165 3858 :
2197 3815 2478 3874 propterea
2507 3803 2764 3860 Dominus
2795 3806 3098 3874 auticipans
3129 3807 3383 3860 admonet
3408 3805 3575 3861 disci-

1998 3897 2152 3967 pulos
2183 3912 2248 3951 ne
2277 3896 2568 3951 vindictam
2599 3897 2666 3950 de
2707 3898 2941 3952 inimicis
2973 3905 3191 3950 sumant
3212 3935 3227 3962 ,
3270 3897 3363 3951 sed
3391 3895 3574 3951 omnia

1999 4005 2118 4060 qua:
2135 3991 2413 4054 eveniunt,
2449 3988 2661 4045 fortiter
2687 3987 2884 4052 ferant,
2911 3989 3159 4059 quamvis
3180 3989 3398 4059 quidam
3430 3989 3576 4056 inju-

1997 4082 2076 4137 ria
2106 4079 2373 4142 alliciant,
2409 4081 2660 4152 quamvis
2697 4080 2998 4148 irreligiose
3029 4080 3386 4146 insidientur;
3430 4081 3575 4136 sicut

1994 4184 2049 4229 et
2075 4176 2189 4244 ipse
2219 4175 2449 4228 incruce
2475 4172 2726 4238 faciebat,
2753 4171 2976 4227 dicens:
3008 4171 3189 4241 Pater,
3223 4172 3434 4228 dimitte
3455 4173 3571 4240 eis;

1997 4266 2249 4319 nesciunt
2300 4265 2443 4318 enim
2494 4263 2622 4331 quid
2687 4262 2912 4317 faciunt.
2967 4261 3170 4317 Deinde
3222 4278 3290 4317 ne
3343 4264 3570 4333 apostoli

1997 4357 2178 4410 dicere
2207 4355 2416 4424 possint
2439 4355 2777 4424 impossibile
2803 4369 2924 4409 esse
2954 4362 3282 4422 praeceptum
3311 4355 3566 4424 diligendi

1999 4445 2282 4506 inimicos,
2331 4444 2461 4497 dicit
2498 4462 2512 4496 :
2556 4445 2710 4509 Quod
2751 4445 2848 4498 tibi
2899 4447 2984 4499 vis
3011 4443 3161 4508 fieri,
3213 4444 3312 4497 hoc
3351 4454 3408 4498 et
3450 4444 3570 4499 aliis

316 4533 580 4586 ἀδύνατον
624 4529 760 4586 εἶναι
813 4535 874 4585 τὺ
928 4535 1168 4587 τοιοῦτον
1221 4535 1521 4605 ἐπίταγμα,
1557 4537 1619 4589 τδ
1670 4539 1890 4609 ἀγαπᾷν

2004 4533 2164 4587 facito
2190 4552 2205 4588 :
2234 4542 2288 4588 et
2318 4544 2434 4588 esto
2469 4534 2593 4588 talis
2622 4533 2767 4598 aliis,
2799 4535 2990 4603 quales
3020 4535 3157 4587 alios
3190 4533 3284 4588 tibi
3315 4549 3438 4588 esse
3464 4535 3566 4589 vis.

315 4628 442 4687 τοὺς
475 4624 721 4696 ἐχθροὺς,
754 4625 938 4695 φησὶν,
972 4628 1037 4678 '0
1066 4628 1160 4678 ἐὰν
1199 4626 1356 4697 θέλῃς
1399 4630 1464 4680 σὺ
1510 4630 1604 4682 ἐπὶ
1638 4630 1886 4697 σεαυτοῦ,

313 4719 476 4771 τοῦτο
510 4719 738 4784 ἔνδειξαι
769 4720 864 4772 καὶ
905 4721 1018 4782 τοῖς
1049 4720 1280 4791 ἑτέροις.
1312 4720 1424 4773 Kal
1463 4713 1622 4788 γενού
1651 4723 1888 4787 τοιοῦτος

313 4811 513 4872 ἄλλοις,
552 4811 696 4873 οἵους
728 4812 792 4864 ἂν
827 4811 989 4882 θέλῃς
1035 4813 1167 4882 περὶ
1216 4812 1440 4864 σεαυτὸν
1473 4813 1726 4880 γενέσθαι
1771 4815 1890 4866 ἐτέ-

317 4918 464 4970 ρους.
501 4901 560 4953 Εί
591 4902 687 4969 μὲν
715 4903 982 4973 σκληροὺς
1014 4905 1106 4956 καὶ
1133 4903 1477 4973 ἀσυμπαθεῖς
1520 4905 1613 4956 καὶ
1639 4905 1888 4974 ὀργίλους

318 4992 495 5055 θέλεις
525 4990 663 5046 εἶναι
691 4997 815 5058 τοὺς
864 4995 1093 5066 ἐχθρούς
1120 5012 1224 5061 σοι,
1269 4995 1362 5048 Eoo
1401 4996 1496 5048 καὶ
1529 4996 1593 5048 σὺ
1622 4998 1884 5064 τοιοῦτος,

320 5088 366 5136 εί
392 5085 446 5136 δὲ
472 5085 781 5138 τούναντίον
808 5085 1048 5154 ἀγαθοὺς
1086 5089 1179 5142 καὶ
1208 5088 1513 5156 συμπαθεῖς
1537 5073 1631 5141 καὶ
1653 5088 1889 5159 ἀμνησι-

318 5177 541 5239 κάκους,
586 5179 659 5246 μὴ
694 5178 953 5230 ἀδύνατον
989 5175 1128 5232 εἶναι
1183 5178 1373 5248 νόμιζε
1417 5179 1477 5232 τὺ
1515 5180 1753 5243 τοιοῦτος
1791 5183 1888 5234 καὶ

314 5269 479 5329 αὐτὸς
512 5265 669 5322 εἶναι.
717 5270 877 5340 Ὁρᾷς
909 5269 1072 5340 νόμον
1109 5270 1347 5342 ἔμφυτον
1376 5273 1434 5323 ἐν
1471 5275 1594 5334 ταῖς
1638 5273 1886 5343 καρδίαις

263 5408 270 5411 ,
314 5362 473 5432 ἡμῶν
521 5363 1012 5431 ὲγγεγραμμένον;
1045 5363 1200 5417 Οὕτω
1242 5365 1336 5418 καὶ¹
1378 5367 1406 5418 ό
1440 5365 1644 5435 Κύριος
1690 5361 1882 5420 εἶπενο

327 5453 416 5504 Ἐν
445 5455 564 5515 ταῖς
607 5453 844 5522 ἡμέραις
886 5455 1123 5518 ἐκείναις
1171 5455 1347 5519 διδοὺς
1397 5457 1592 5526 νόμους
1637 5475 1760 5527 μου,
1805 5460 1885 5521 είς

312 5543 411 5613 τὴν
440 5543 680 5596 διάνοιαν
710 5545 888 5598 αὐτῶν
913 5546 1008 5599 καὶ
1039 5547 1130 5598 ἐπὶ¹
1159 5547 1269 5599 τῶν
1298 5547 1534 5614 καρδιῶν
1558 5547 1736 5601 αὐτῶν
1765 5549 1885 5600 ἐπι-

313 5634 512 5705 γράψω
541 5634 759 5698 αὐτούς.
798 5633 932 5689 Εῐτα
961 5639 1053 5689 καὶ
1097 5636 1266 5708 ἄλλην
1303 5639 1547 5708 ἀνάγκην
1577 5638 1885 5708 ἐπιτίθησιν

313 5730 472 5798 ἡμῖν,
512 5729 593 5782 ὅτι
663 5729 788 5782 Ἐὰν
839 5731 1088 5798 ἀγαπᾶτε
1139 5729 1266 5793 τοὺς
1317 5729 1666 5798 ἀγαπῶντας,
1709 5730 1885 5799 ὅμοιοί

311 5819 434 5870 ἐστε
469 5819 808 5890 ἁμαρτωλοῖς
838 5821 932 5876 καὶ
965 5821 1213 5885 ἐθνικοῖς.
1247 5821 1371 5874 Ἐὰν
1398 5820 1452 5874 δὲ
1483 5822 1730 5890 ἀγαπᾶτε
1759 5823 1883 5886 τοὺς

1950 4675 1955 4680 ,
2000 4626 2056 4680 Si
2100 4626 2316 4694 quidem
2350 4625 2525 4681 duros
2577 4635 2632 4679 et
2677 4626 3128 4694 incompatientes
3169 4636 3222 4678 et
3275 4625 3567 4680 iracundos

1999 4717 2235 4773 volueris
2267 4731 2392 4770 esse
2422 4715 2517 4770 tibi
2547 4717 2814 4782 inimicos,
2843 4726 2961 4771 esto
2984 4727 3038 4770 et
3067 4724 3122 4770 tu
3154 4715 3294 4778 talis,
3326 4716 3408 4770 sin
3447 4716 3565 4772 illos

1997 4809 2236 4864 volueris
2263 4822 2384 4863 esse
2417 4807 2608 4873 bonos,
2629 4819 2683 4863 et
2705 4799 3124 4878 compatientes,
3155 4816 3210 4861 et
3243 4807 3567 4877 injuriarum

1997 4901 2372 4965 immemores,
2411 4915 2478 4954 ne
2518 4900 2849 4970 impossibile
2877 4903 3067 4956 credas
3095 4915 3217 4956 esse
3251 4902 3396 4969 quod
3427 4909 3480 4954 et
3511 4909 3567 4953 tu

1999 4992 2120 5046 talis
2150 4992 2268 5046 (ias.
2297 4992 2460 5047 Vides
2482 4992 2652 5061 legem
2683 4991 2980 5046 naturalem
3007 4995 3060 5045 in
3083 4992 3336 5046 cordibus
3363 4993 3564 5045 nostris

1995 5083 2312 5152 inscriptam
2326 5085 2349 5138 Ἰ
2363 5085 2453 5140 Sic
2475 5096 2530 5139 et
2547 5083 2812 5139 Dominus
2829 5086 2992 5140 dixit:
3017 5084 3074 5138 in
3093 5086 3280 5140 diebus
3303 5086 3412 5140 illis
3433 5086 3565 5140 dans

1995 5176 2141 5247 leges
2185 5193 2334 5232 meas
2375 5179 2431 5231 in
2477 5187 2711 5232 mentem
2745 5177 2907 5248 313
2934 5178 3166 5242 illorum,
3215 5189 3271 5235 et
3305 5179 3358 5234 in
3401 5183 3564 5235 corda

1995 5270 2204 5324 illorum
2239 5271 2533 5325 inscribam
2581 5285 2696 5324 eas.
2745 5271 2938 5327 Postea
2991 5283 3047 5327 et
3086 5273 3189 5327 alia
3237 5275 3566 5328 necessitate

1995 5377 2093 5416 nos
2129 5371 2301 5431 urget.
2365 5362 2421 5416 Si
2458 5360 2682 5427 diligitis
2716 5377 2810 5418 eos
2846 5364 2936 5432 qui
2975 5364 3127 5419 vobis
3161 5364 3296 5419 bene
3335 5364 3560 5428 faciunt,

1995 5453 2198 5508 similes
2224 5451 2355 5507 estis
2380 5454 2754 5520 peccatoribus
2782 5463 2838 5510 et
2874 5455 3184 5525 gentilibus.
3217 5457 3312 5510 Sin
3341 5457 3562 5526 diligitis

1993 5561 2086 5600 eos
2119 5547 2208 5614 qui
2261 5547 2411 5601 vobis
2452 5546 2834 5613 malefaciant,
2873 5547 3078 5604 similes
3117 5547 3248 5602 estis
3284 5544 3428 5609 Deo,
3470 5544 3563 5613 qui

1993 5647 2078 5693 est
2109 5640 2281 5694 bonus
2310 5640 2535 5706 ingratis
2578 5650 2632 5693 ct
2674 5639 2849 5696 malis.
2913 5640 3108 5696 Utrum
3152 5639 3314 5708 igitur
3349 5637 3458 5690 Deo
3492 5651 3562 5690 an

1994 5731 2369 5803 peccatoribus
2427 5733 2632 5787 similes
2684 5734 2798 5786 fieri
2849 5732 3045 5786 vultis?
3101 5729 3258 5783 Vides
3317 5727 3560 5783 divinant

1994 5825 2338 5880 doctrinam?
2371 5823 2610 5880 Primum
2642 5841 2675 5880 a
2702 5825 2932 5881 naturali
2968 5824 3084 5894 lege
3118 5833 3167 5879 te
3189 5820 3392 5877 docuit.
3423 5817 3562 5876 Nam
