3826 6630
410 482 518 548 ἸῘ5

1327 469 1906 537 THEOPHYLACTI
1941 465 2351 530 summa:
2390 464 2751 524 ARCHIEP.
3221 521 3234 526 ,
3493 419 3584 542 πθ

412 597 557 667 quod
583 608 635 650 ιιι
663 595 758 650 tibi
777 595 860 650 vis
891 593 1030 660 lieri,
1064 593 1165 648 hoc
1187 593 1354 648 etiam
1383 590 1541 646 alteri
1572 590 1678 645 fac.
1711 588 1913 643 Deinde
1937 596 1989 640 et

2113 585 2233 654 rupe;
2267 583 2412 654 ὑμᾶς
2442 581 2936 653 πονηρευομένους,
2965 579 3140 651 ὅμοιοί
3181 580 3294 635 ἐστε
3318 583 3386 654 τῷ
3420 586 3588 660 Θεῷ,δς

412 706 440 744 a
468 689 572 744 (lue
593 703 654 742 ac
679 687 946 751 mercede,
991 685 1291 741 mercedem
1319 682 1464 738 enim
1512 673 1796 752 pollicetur
1818 677 1992 742 vobis,

411 779 552 850 quod
583 778 789 832 similes
821 777 960 831 ﬂatis
991 776 1104 830 llei.

2102 676 2252 729 ἐστιν
2287 674 2492 742 ἀγαθὸς
2537 673 2634 727 ἐπὶ
2681 674 2807 737 τοὺς
2863 673 3189 744 ἀχαρίστους
3241 677 3328 729 καὶ
3364 686 3590 753 πονηρούς.

2101 769 2261 823 Ποῖον
2290 767 2382 823 οὖν
2423 767 2630 831 θέλετε,
2669 767 2846 836 ὅμοιοι
2892 763 3036 820 εἶναι
3083 767 3189 818 τῶν
3233 768 3592 840 ἁμαρτωλῶν,ἦ

411 873 586 942 ὅμοιοι
639 866 779 925 εἶναι
814 871 918 926 τοῦ
967 871 1144 936 Θεοῦ;
1197 870 1362 941 Ὁρᾷς
1400 868 1751 923 διδασκαλίαν
1801 867 1996 933 θείαν;
2038 864 2267 919 Ἐπεισέ
2331 881 2390 918 σε
2457 865 2672 935 πρῶτον
2704 864 2814 917 ἀπὸ
2850 863 2944 918 τοῦ
2981 862 3210 931 φυσικοῦ
3237 864 3403 934 νόμον.
3433 870 3486 921 '0
3518 875 3596 946 γὰρ

413 966 586 1030 Θέλεις
638 969 701 1019 σὺ
753 965 1008 1034 γενέσθαι
1058 981 1162 1028 σοι,
1221 963 1383 1018 τοῦτο
1438 964 1532 1017 καὶ
1588 963 1750 1026 αὐτὸς
1803 960 1984 1023 ἀλλοις
2024 959 2188 1012 ποίει.
2227 955 2361 1012 Εἶτα
2404 958 2580 1011 πείθει
2623 975 2682 1012 σε
2718 958 2812 1012 καὶ
2863 957 2981 1012 ἀπὸ.
3011 955 3106 1011 τοῦ
3127 956 3304 1022 τέλους
3329 961 3411 1013 καὶ
3430 963 3506 1016 τοῦ
3533 984 3598 1036 με.

415 1060 568 1114 σθοῦο
603 1057 794 1130 μισθὸν
820 1049 926 1128 γάρ
960 1057 1306 1126 ὑπισχνεῖται
1338 1057 1468 1127 ὑμῖν
1507 1055 1569 1108 τὸ
1598 1053 1818 1125 ὁμοίους
1842 1051 2098 1122 γενέσθαι
2127 1050 2270 1120 Θεῷ.

487 1147 654 1203 Vens.
716 1147 905 1202 57-40.
945 1166 963 1199 ι
1001 1146 1176 1202 Nolite
1203 1147 1465 1214 judicare,
1503 1156 1559 1200 et
1591 1163 1696 1200 non
1722 1145 1995 1213 judicabi-

417 1243 570 1296 mini.
599 1239 778 1295 Nolite
818 1240 1182 1294 condemnare
1203 1279 1218 1302 ,
1254 1245 1308 1291 et
1339 1253 1442 1292 non
1474 1235 1991 1292 condemnabintini.

2188 1161 2206 1194 ι
2237 1143 2328 1202 Μὴ
2361 1143 2594 1214 κρίνετε,
2643 1142 2738 1196 καὶ
2771 1142 2832 1195 οὐ
2869 1140 2942 1214 μὴ
2991 1142 3239 1214 κριθῆτε.
3270 1144 3352 1212 Μὴ
3381 1148 3604 1206 καταδικάσ

2105 1234 2247 1300 ζετε,
2303 1236 2398 1288 καὶ
2449 1235 2512 1288 οὗ
2577 1235 2653 1306 μὴ
2705 1235 3141 1306 καταδικασθῆτε
3170 1252 3185 1268 ·
3234 1237 3495 1308 ἀπολύετε,
3535 1248 3604 1300 καὶ

416 1333 734 1399 ltetnittite,
787 1341 842 1386 et
886 1330 1196 1386 remittetur
1246 1330 1420 1383 vobis.
1477 1330 1642 1392 Date,
1687 1339 1742 1382 et
1783 1329 1996 1382 dabitur

2113 1328 2540 1398 ἀπολυθήσεσθε.
2583 1330 2787 1396 Δίδοτε,
2818 1330 2915 1384 καὶ
2962 1329 3249 1400 δοθήσεται
3279 1330 3414 1400 ὑμῖν.
3444 1335 3604 1408 Μέιρον

415 1426 590 1480 vobis.
627 1427 932 1480 Mensuram
963 1424 1156 1477 bonam
1188 1431 1242 1476 et
1270 1421 1570 1475 confertam
1601 1429 1654 1475 et
1679 1435 1993 1474 concussam

2113 1421 2268 1474 καλὸν
2292 1423 2679 1490 πεπιεσμένον,
2709 1423 2801 1475 καὶ
2824 1420 3242 1491 σεσαλευμένον,
3263 1420 3350 1474 καὶ
3368 1423 3605 1495 ὑπερεκχν·

419 1528 580 1585 atque
605 1517 966 1571 exundantem
989 1516 1189 1570 dabunt
1221 1517 1273 1567 in
1298 1515 1475 1568 sinum
1510 1525 1768 1568 vestrum.
1794 1513 1994 1569 Eadem

2113 1513 2327 1584 νόμενον
2362 1513 2596 1568 δώσουσι
2621 1518 2700 1578 είς
2723 1514 2815 1567 τὸν
2836 1515 3037 1568 κόλπον
3069 1513 3099 1565 ὑ
3109 1513 3244 1581 μῶν.
3276 1512 3359 1582 Τῷ
3384 1514 3474 1585 γὰρ
3498 1518 3607 1590 αὐτῷ

420 1609 616 1676 quippe
640 1622 890 1660 mensura
925 1621 1029 1676 qua
1067 1605 1353 1669 metintini,
1389 1606 1679 1658 metientur
1702 1604 1790 1656 alii
1821 1605 1995 1657 vobis.

2113 1608 2295 1678 μέτρῳ
2405 1609 2678 1678 μετρεῖτε,
2712 1606 3246 1676 ἀντιμετρηθήσεται
3278 1606 3414 1674 ὑμῖν.
3445 1603 3548 1660 Eine
3571 1611 3610 1664 δὲ

424 1698 639 1753 Dicebat
674 1707 852 1752 autem
890 1698 996 1751 illis
1037 1698 1470 1752 similitudinem.
1517 1694 1770 1764 Nunquid
1822 1702 1999 1763 potest

2113 1700 2202 1752 καὶ
2225 1699 2541 1770 παραϐολὴν
2572 1701 2775 1762 αὐτοῖς.
2811 1699 2901 1771 Μή
2929 1716 2980 1752 τι
3009 1698 3230 1751 δύναται
3265 1699 3438 1768 τυφλὸς
3466 1703 3609 1770 τυφλὸν

419 1804 592 1845 cmcus
614 1805 814 1844 meum
840 1791 1071 1844 ducere?
1094 1805 1271 1843 nonne
1292 1789 1450 1842 ambo
1473 1789 1523 1841 in
1550 1789 1757 1843 foveam
1781 1785 2001 1840 cadent?

2113 1791 2352 1861 ίδηγεῐνς
2383 1792 2517 1862 Οὐχὶ
2541 1793 2836 1862 ἀμφότεροι
2867 1793 2944 1853 είς
2970 1791 3193 1860 βόθυνον
3214 1790 3477 1845 πεσοῦνται
3497 1809 3508 1856 ;
3532 1795 3611 1850 012

419 1880 533 1934 Non
559 1891 644 1935 est
668 1881 962 1950 discipulus
996 1896 1159 1950 supra
1186 1881 1502 1951 magistrum
1531 1895 1713 1944 suum,
1738 1877 2008 1948 perFectus

2113 1884 2228 1938 ἐστι
2267 1885 2516 1956 μαθητὴς
2550 1885 2690 1955 ὑπὲρ
2722 1884 2812 1937 τὸν
2859 1884 3178 1937 διδάσκαλον
3230 1883 3403 1938 αὐτοῦ.
3448 1887 3612 1958 Kartg?-

422 1980 600 2026 autem
633 1970 812 2026 omnis
841 1973 987 2036 erit,
1027 1973 1164 2028 sicut
1200 1976 1461 2043 magister
1496 1975 1682 2042 ipsius.
1723 1992 1741 2024 ι
1775 1972 2002 2028 Omnem

424 2063 670 2118 morbum
705 2061 972 2118 diliicilem
1004 2064 1072 2116 ab
1101 2065 1391 2120 animabus
1429 2065 1630 2120 nostris
1655 2075 1868 2118 amovet
1898 2063 2004 2117 Do-

427 2154 606 2207 minus
629 2192 644 2218 ,
680 2152 919 2208 radicem
955 2153 1078 2209 dico
1125 2155 1414 2224 superbiae.
1461 2155 1595 2209 Nam
1625 2155 1716 2226 qui
1765 2156 2003 2224 seipsum

426 2261 530 2298 non
571 2247 912 2311 considerat,
965 2255 1019 2300 et
1065 2246 1241 2300 solum
1324 2247 1555 2301 attendit
1611 2263 1696 2302 res
1743 2247 1998 2316 proximi,

426 2335 657 2406 illasque
681 2346 868 2392 taxare
899 2337 1033 2402 vult,
1063 2348 1270 2392 certum
1308 2339 1450 2407 quod
1488 2339 1740 2407 superbia
1773 2340 2002 2407 capitur,

425 2437 482 2482 et
519 2428 861 2506 obliviscitur
897 2430 1000 2482 sui.
1045 2426 1278 2482 Omnino
1320 2431 1464 2483 enim
1510 2431 1574 2482 de
1618 2446 1675 2485 se
1721 2434 1859 2497 quod
1899 2447 2006 2485 non

425 2528 615 2589 peccet
655 2521 849 2584 sentit,
901 2531 956 2575 et
1000 2533 1283 2590 propterea
1325 2523 1460 2576 alios
1499 2535 1783 2591 peccantes
1824 2540 2005 2592 repre-

427 2613 634 2666 bendit.
685 2611 852 2683 Igitur
889 2613 934 2666 si
979 2613 1060 2668 vis
1099 2615 1548 2668 incondemnatus
1584 2629 1734 2680 esse,
1782 2634 1846 2671 ne
1875 2633 2006 2670 con-

429 2704 652 2759 demnes
678 2704 836 2758 alios.
874 2703 971 2758 Dic
996 2704 1179 2772 enim,
1217 2721 1433 2774 quaeso,
1473 2722 1640 2774 quare
1678 2709 2007 2764 condemnas

428 2794 592 2848 alium
639 2807 696 2848 ut
747 2799 1188 2866 prtevaricantem
1232 2798 1452 2853 divinas
1489 2799 1674 2868 leges?
1719 2802 1910 2855 Anuou
1954 2810 2007 2855 et

429 2898 486 2941 tu
519 2891 894 2957 pt‘azvaricaris
925 2891 1165 2946 divinam
1200 2892 1414 2963 legem?
1440 2891 1509 2948 Ut
1548 2901 1755 2946 taceant
1791 2895 1854 2947 de
1887 2894 2008 2948 aliis

429 2981 690 3048 peccatis,
724 2993 870 3035 certe
903 2982 956 3035 in
992 2983 1080 3037 illo
1109 2982 1230 3054 ipso
1265 2985 1404 3052 quod
1439 2984 1574 3038 alios
1603 2986 1837 3053 judicas,
1880 3001 2007 3054 pec—

429 3085 522 3124 cas
544 3070 612 3126 ⁸³.
645 3069 857 3126 Etenim
901 3074 1081 3146 divina
1135 3075 1219 3130 lex
1267 3075 1512 3146 prazcipit
1557 3079 1649 3130 tibi
1695 3093 1762 3130 ne
1797 3077 2009 3144 judices

431 3161 675 3216 fratrem.
704 3164 766 3217 Et
791 3165 860 3218 ita
889 3166 1056 3220 etiam
1086 3176 1142 3221 tu
1172 3169 1548 3236 praevaricaris
1577 3169 1770 3239 legem.
1793 3168 1856 3222 Et
1883 3185 2005 3225 cum

431 3255 816 3325 praevaricator
847 3273 936 3323 es,
967 3274 1074 3314 non
1117 3261 1279 3316 debes
1305 3260 1554 3328 judicare
1584 3263 1744 3315 alium
1777 3271 1833 3316 ut
1865 3276 2006 3331 prte-

430 3349 810 3404 varicatoreut.
841 3347 1090 3407 Judicem
1118 3352 1266 3408 enim
1293 3355 1628 3424 superiorem
1655 3370 1776 3411 esse
1798 3366 2012 3425 oportet

434 3449 628 3493 natura
667 3453 940 3510 peccante.
972 3442 1212 3500 Remitte
1236 3445 1415 3516 igitur,
1448 3455 1503 3501 et
1540 3449 1843 3502 remittetur
1877 3448 2008 3503 tibi:

434 3531 525 3594 da,
557 3541 614 3584 et
641 3528 858 3585 dabitur
887 3532 1004 3587 tibi.
1034 3533 1339 3590 Mensuram
1375 3537 1519 3590 enim
1550 3539 1767 3603 bonam,
1801 3539 2014 3593 confer-

434 3631 544 3676 tam
583 3634 640 3678 et
671 3639 988 3680 concussam
1023 3636 1080 3681 et
1106 3628 1473 3682 exundantem
1514 3629 1716 3682 dabunt
1753 3629 1805 3682 in
1832 3630 2008 3683 sinum

433 3725 698 3769 vestrum.
741 3714 860 3770 Non
895 3717 1038 3772 enim
1085 3733 1245 3787 parce
1286 3723 1567 3773 remetitur
1609 3720 1887 3786 Dominus,
1918 3722 2011 3775 sed

436 3805 708 3875 epulente.
755 3809 1118 3880 Sicut.igitur
1160 3827 1449 3866 mensuras
1502 3811 1733 3866 farinam
1783 3815 2010 3882 promis,

436 3899 710 3964 cencutis,
740 3900 1124 3971 exundareque
1158 3900 1318 3967 facis,
1353 3905 1618 3972 siquidem
1652 3905 1854 3975 absque
1885 3922 2011 3976 par-r

438 3989 674 4045 ciutonia
707 3994 884 4048 metiri
915 3997 996 4048 vis
1027 4013 1042 4050 :
1079 3995 1151 4048 ita
1183 4006 1236 4050 et
1271 3995 1533 4051 Dominus
1563 4015 1872 4054 mensuram
1901 4015 2017 4054 ma-

437 4097 596 4152 gnam
637 4095 690 4138 et
729 4088 1101 4141 exundantem
1147 4089 1296 4142 dabit
1335 4089 1453 4144 tibi.
1491 4089 1590 4144 llic
1631 4092 1769 4145 forte
1807 4095 2016 4148 acutior

439 4171 710 4241 quispiam
741 4176 1042 4242 quaesierit.
1082 4177 1354 4246 quomodo
1387 4189 1673 4250 postquam
1711 4183 1866 4251 dixit,
1901 4185 2015 4252 Qua

439 4279 693 4320 mensura
727 4269 1014 4334 metituini,
1051 4271 1340 4326 metientur
1381 4274 1532 4329 vobis
1562 4284 1616 4329 et
1655 4275 1744 4329 alii
1772 4317 1788 4344 ,
1819 4278 2014 4332 iterum

440 4359 572 4412 dicit
593 4361 739 4428 quod
766 4376 1014 4417 mensura
1039 4365 1314 4420 exundet?
1345 4365 1400 4420 Si
1429 4367 1572 4420 enim
1599 4368 1856 4434 exundet,
1878 4386 2015 4440 quo-

445 4451 606 4505 modo
640 4467 893 4508 mensura
922 4455 1035 4511 haec
1065 4458 1252 4512 eadem
1284 4458 1412 4513 est?
1441 4458 1677 4514 Dicimus
1701 4461 1881 4531 itaque
1911 4477 2015 4518 non

443 4556 568 4598 esse
596 4543 795 4598 dictum
828 4548 972 4615 quod
1001 4557 1150 4602 tanta
1183 4565 1434 4602 mensura
1466 4552 1759 4606 metientur
1784 4555 1936 4610 vobis
1957 4567 2011 4610 et
2037 4579 2090 4640 Β

441 4635 556 4699 alii,
590 4638 684 4690 sed
721 4641 933 4694 eadem.
974 4640 1251 4710 Siquidem
1289 4642 1515 4696 dixisset
1555 4653 1702 4698 tanta
1738 4661 2010 4716 mensura,

442 4737 571 4783 tunc
617 4744 723 4783 non
766 4731 1030 4787 defuisset
1070 4733 1356 4789 diﬂicultas
1401 4745 1456 4790 et
1499 4739 1859 4795 contrarietas
1903 4757 2017 4795 ser-

440 4819 612 4874 moni.
649 4819 805 4875 Nunc
836 4831 1013 4875 autem
1043 4836 1166 4876 cum
1199 4825 1388 4878 eadem
1429 4826 1655 4893 dixerit,
1696 4829 1856 4883 solvit
1887 4845 2016 4884 con-

443 4911 804 4967 trarietatent.
833 4911 987 4967 Licet
1012 4915 1157 4967 enim
1187 4916 1316 4970 dare
1335 4917 1524 4971 eadem
1557 4933 1834 4986 mensura,
1854 4918 2020 4992 315.

442 5000 537 5054 sed
562 5018 666 5056 non
711 5013 882 5058 tanta.
917 5003 1029 5059 Hoc
1056 5004 1220 5076 igitur
1258 5009 1388 5062 dicit
1418 5011 1672 5064 Dominus
1703 5027 1718 5064 :
1759 5009 1821 5065 Si
1855 5011 2020 5067 bene-

443 5089 661 5156 feceris,
690 5092 922 5148 beneiiet
952 5095 1070 5151 tibi.
1105 5096 1218 5152 lloe
1246 5099 1388 5152 enim
1413 5107 1496 5152 est
1519 5098 1708 5154 eadem
1737 5113 2015 5155 mensura.

443 5184 822 5242 Exundantem
849 5197 1029 5242 autem
1062 5189 1228 5254 dicit,
1266 5192 1406 5258 quod
1443 5205 1565 5245 cum
1599 5192 1767 5245 semel
1801 5191 2018 5247 benefe-

445 5280 608 5345 ceris,
638 5281 940 5336 innumeris
971 5283 1144 5338 modis
1169 5283 1267 5340 tibi
1295 5283 1547 5338 beneﬁet.
1575 5282 1714 5336 Idem
1746 5293 1828 5338 est
1851 5286 2013 5339 etiam

447 5368 499 5420 in
535 5371 1007 5428 condemnatione.
1049 5373 1151 5440 Qui
1192 5376 1335 5428 enim
1373 5375 1700 5429 condemnat
1737 5385 1792 5430 et
1825 5377 2019 5430 deinde

443 5467 860 5527 condemnatur,
917 5467 1106 5520 eadem
1161 5481 1415 5521 mensura
1465 5467 1708 5534 recipit:
1753 5477 2018 5537 quatenus

448 5562 633 5605 autem
659 5555 890 5623 amplius
917 5558 1312 5613 condemnatur
1331 5561 1473 5629 quod
1501 5560 1730 5615 similent
1759 5561 2017 5615 condem-

447 5645 615 5708 narit,
658 5643 709 5698 in
752 5646 854 5703 hoc
892 5651 1174 5704 exundans
1221 5660 1308 5706 est
1352 5666 1630 5707 mensura.
1671 5649 1800 5708 Haec
1837 5660 2016 5707 autem

451 5734 586 5790 dixit
640 5737 900 5798 Dominus
948 5756 980 5798 a
1034 5743 1487 5800 condemnatione
1549 5759 1648 5800 nos
1707 5743 2016 5814 prohibens.

523 5929 568 5961 ⁸³
614 5926 772 5986 Itoni.
807 5945 868 5998 tt,
907 5931 956 5988 ί.

2107 1977 2363 2047 τισμένος
2410 1976 2468 2030 δὲ
2519 1977 2626 2039 πᾶς
2671 1975 2825 2028 ἔσται
2874 1975 2949 2037 ὡς
2993 1976 3025 2027 0
3063 1973 3375 2036 διδάσκαλος
3424 1976 3606 2030 aii-.06.:

2107 2071 2464 2140 Παγχάλεπον
2490 2070 2705 2139 νόσημα
2733 2067 3029 2138 ἀποτέμνει
3054 2067 3163 2119 τῶν
3194 2066 3457 2135 ἡμετέρων
3478 2067 3613 2137 ψυχῶν

2105 2163 2134 2214 0
2168 2162 2392 2228 Κύριος,
2440 2160 2538 2229 τὴν
2590 2158 2746 2229 ῥίζαν
2793 2157 2936 2227 λέγω
2978 2161 3078 2229 τῆς
3125 2155 3433 2226 ὑπεροψίας.
3464 2157 3514 2210 '0
3538 2162 3614 2228 γὰρ

2110 2251 2186 2324 μὴ
2235 2252 2429 2306 ἑαυτὸν
2472 2253 2964 2322 ἐπισκεπτόμενος,
3015 2251 3152 2304 ἀλλά
3205 2251 3272 2304 τά
3318 2250 3403 2303 τοῦ
3445 2252 3614 2322 πλησίιεν

2111 2345 2270 2416 μόνον
2299 2343 2533 2414 ἐφορῶν,
2562 2344 2658 2396 καὶ
2691 2343 2865 2398 ταῦτα
2897 2341 3180 2412 μωμεύειν
3207 2341 3387 2404 θέλων,
3419 2343 3615 2414 πρόδηλον

2108 2439 2191 2492 ὅτι
2236 2435 2509 2508 ὑπεροψίᾳ
2561 2435 2916 2506 ἁλισκόμενος
2955 2434 3184 2506 λέληθεν
3238 2435 3437 2502 ἑαυτόν.
3479 2437 3615 2489 Οἰεται

2111 2529 2218 2601 γάρ
2251 2528 2465 2590 πάντως
2499 2529 2626 2599 περὶ
2667 2527 2886 2590 ἑαυτοῦ,
2937 2528 3019 2580 ὅτι
3067 2529 3167 2596 οὐχ
3211 2528 3507 2598 ἁμαρτάνει.
3543 2530 3618 2581 Καὶ

2110 2621 2197 2675 διὰ
2239 2620 2398 2672 τοῦτο
2454 2620 2582 2681 τοὺς
2628 2618 2822 2681 ἄλλους
2871 2619 3290 2689 ἁμαρτάνοντας
3334 2620 3553 2673 αἰτιᾶται.
3577 2621 3617 2671 Εἰ

2109 2711 2201 2765 οὖν
2231 2712 2406 2774 θέλεις
2435 2711 2802 2781 ἀκατάκριτος
2829 2705 2991 2776 εἶναι,
3019 2710 3094 2781 μὴ
3123 2710 3414 2780 κατάκρινε
3437 2710 3616 2780 ἑτέρους.

2110 2803 2246 2856 Εἰπέ
2278 2818 2368 2872 μοι
2407 2802 2516 2872 γὰρ
2551 2801 2695 2854 διατί
2747 2799 3098 2870 κατακρίνεις
3153 2799 3360 2870 ἕτερον,
3399 2800 3464 2862 ὡς
3492 2818 3620 2872 παραυ

2110 2897 2370 2950 σαίνοντα
2400 2899 2615 2959 πάντως
2641 2896 2766 2956 τοὺς
2791 2893 2968 2956 θείους
2995 2893 3196 2964 νόμους
3220 2908 3236 2959 ;
3267 2895 3336 2947 Σὺ
3363 2891 3416 2945 δὲ
3435 2894 3563 2957 αὐτὸς
3579 2896 3618 2947 οὺ

2113 2987 2471 3056 παραϐαίνεις
2509 2985 2653 3040 θεῖον
2694 2985 2895 3057 νόμον;
2945 2985 3176 3056 Ἀφίημι
3233 2985 3291 3037 ὲν
3344 2987 3450 3044 ταῖς
3488 2985 3620 3048 ἄλλαις

2111 3079 2428 3150 ἁμαρτίαις,
2467 3078 2584 3132 ἀλλ’
2613 3080 2671 3132 ὲν
2699 3078 2850 3148 αὑτῴ
2875 3077 3050 3149 τούτῳ
3096 3076 3178 3148 τῷ
3209 3078 3410 3148 κρίνειν
3441 3078 3622 3148 ἑτέρους,

2112 3171 2330 3231 πάντως
2361 3169 2471 3240 γὰρ
2498 3169 2662 3239 νόμος
2691 3168 2832 3231 θεῖος
2866 3167 3244 3223 διακελεύεται
3275 3185 3353 3220 σοι
3381 3168 3447 3238 μὴ
3469 3168 3622 3237 κρίνει-ι

2112 3263 2203 3316 τὸν
2236 3262 2487 3332 ἀδελφόνο
2524 3260 2666 3315 ὥστε
2693 3261 2787 3314 καὶ
2815 3261 2885 3314 σὺ
2909 3259 3276 3330 παραὸαίνεις
3303 3260 3472 3329 νόμον.
3493 3260 3624 3326 Παρε-

2113 3354 2284 3423 σάτης
2307 3353 2365 3406 δὲ
2395 3352 2494 3418 ὢν,
2525 3353 2627 3406 οὐκ
2669 3351 2906 3422 ὀφείλεις
2949 3350 3137 3421 ἕτερον
3173 3351 3378 3418 κρίνειν
3402 3349 3469 3412 ὡς
3503 3364 3624 3419 παρα-

2113 3447 2305 3516 ϐάτην.
2360 3444 2657 3517 Ἀνώτερον
2693 3445 2803 3516 γὰρ
2840 3440 2978 3496 εἶναι
3010 3443 3092 3496 δεῖ
3130 3442 3233 3512 τῆς
3279 3441 3626 3513 ἁμαρτανούσῃ

2113 3538 2331 3607 φύσεως
2371 3538 2462 3592 τὸν
2508 3538 2723 3608 κριτήν.
2765 3537 2993 3589 Ἀπόλυε
3031 3531 3148 3601 οὖν,
3207 3536 3304 3588 καὶ
3351 3533 3624 3602 ἀπολυθήσῃ·

2111 3629 2280 3691 δίδου,
2331 3629 2426 3682 καὶ⁵
2471 3626 2759 3699 δοθήσεται
2809 3644 2915 3684 σοι.
2956 3626 3174 3696 Μέτρον
3211 3627 3318 3694 γάρ
3358 3625 3519 3689 καλὸν,
3561 3641 3626 3675 πει

2114 3719 2409 3789 πιεσμένον
2448 3720 2540 3773 καὶ
2591 3718 3010 3790 σεσαὶευμένον,
3061 3717 3158 3770 καὶ
3190 3717 3628 3787 ὑπερεκχυνόμινον

2115 3808 2381 3863 δώσουσιν
2406 3812 2487 3875 εἰς
2524 3809 2617 3863 τὸν
2657 3811 2858 3863 κόλπον
2892 3808 3070 3879 ὑμῶν.
3112 3809 3190 3861 Οὐ
3233 3814 3340 3879 γὰρ
3369 3805 3630 3876 φειδομένως

2115 3905 2438 3974 ἀντιμετρεῖ
2475 3905 2503 3956 0
2559 3901 2785 3972 Κύριος,
2839 3899 2978 3955 ἀλλά
3026 3898 3326 3961 πλουσίως.
3357 3900 3539 3966 Ὠσπερ
3566 3891 3630 3948 οὖν

2117 3999 2214 4050 ἐὰν
2251 3995 2453 4068 μέλλῃς
2483 3993 2777 4064 μετρήσειν
2815 3991 2976 4062 τυχὸν
3011 3991 3266 4061 ἄλευρον,
3299 3989 3490 4054 πιέζεις
3518 3987 3631 4040 τοῦτο

2115 4090 2209 4144 καὶ
2243 4086 2509 4152 σαλεύεις,
2541 4086 2636 4140 καὶ
2681 4084 3107 4156 ὑπερεκχεϊσθαι
3149 4085 3347 4148 ποιεῖς,
3383 4081 3484 4150 εῐγε
3505 4079 3631 4138 Otia;

2115 4179 2277 4234 τοῦτο
2311 4179 2580 4250 μετρῆσαι
2628 4175 2800 4247 χωρὶς
2849 4173 3135 4243 φειδωλίας
3161 4189 3176 4204 °
3227 4172 3369 4227 οὕτω
3401 4172 3484 4225 καὶ
3507 4174 3530 4224 0
3555 4169 3633 4222 Κύ-

2120 4290 2230 4346 ριος
2265 4271 2466 4342 μέτρον
2510 4271 2654 4339 μέγα
2699 4268 2794 4322 καὶ
2833 4267 3345 4338 ὑπερεκχυνόμενον
3388 4266 3528 4319 δώσει
3557 4279 3628 4314 σοι.

2116 4367 2380 4438 Ζητήσειε
2410 4364 2453 4418 δ’
2482 4365 2548 4417 ἄν
2574 4375 2656 4425 τις
2679 4361 2955 4429 ὀξύτερος,
2987 4360 3104 4422 πῶς
3125 4358 3300 4411 εἰπὼν
3324 4359 3402 4410 ὅτι
3420 4350 3482 4426 Ὦ
3501 4355 3633 4426 μέτρῳ

2120 4459 2390 4528 μετρεῖτε,
2444 4450 2978 4524 ἀντιμετρηθήσεται
3015 4450 3167 4520 ὑμίν,
3216 4449 3378 4503 πάλιν
3416 4448 3560 4515 λέγει,
3577 4445 3635 4496 ὅτι

2120 4547 2317 4618 μέτρον
2367 4545 2876 4615 ὑπερεκχυνόμενον
2922 4539 3187 4594 δώσουσιν
3233 4541 3315 4602 είς
3363 4538 3447 4591 τὸν
3488 4535 3635 4588 κόλπον

2117 4639 2302 4709 ὑμῶν;
2333 4638 2396 4690 Εί
2428 4637 2538 4706 γὰρ
2581 4633 3035 4704 ὑπερεκχύνεται,
3086 4632 3206 4694 πῶς
3257 4629 3318 4682 τὸ
3365 4627 3490 4683 αὑτό
3519 4628 3633 4686 tari;

2115 4732 2362 4802 Λέγομεν
2382 4728 2474 4783 οὖν
2494 4731 2578 4783 ὃτι
2593 4729 2695 4783 οὐκ
2709 4722 2854 4792 εἷπε,
2881 4724 3131 4794 Τοσούτῳ
3159 4724 3345 4795 μέτρῳ
3371 4723 3637 4788 ἀντιμετρηο

2117 4815 2524 4894 θήσεταιὺμῖν,
2555 4819 2714 4886 ἀλλὰ,
2752 4818 2829 4889 τῷ
2861 4815 3035 4888 αὐτῷ.
3073 4815 3137 4870 Εἰ
3169 4815 3272 4884 μὲν
3309 4813 3414 4883 γὰρ
3440 4805 3638 4894 εἶπεπρ-

2121 4893 2296 4986 σούτῳ
2329 4913 2536 4984 μέτρῳ,
2561 4910 2685 4965 τότε
2722 4910 2789 4962 ἂν
2830 4904 2948 4979 εἶχε
2989 4907 3312 4976 δυσχέρειαν
3337 4903 3427 4956 καὶ
3451 4893 3638 4986 ἐναντιί-
3748 4947 3749 4950 η

2121 4984 2327 5076 encas
2373 5004 2550 5073 λόγος.
2601 5001 2718 5056 Νῠν
2749 5001 2828 5066 δὲ,
2876 4999 2954 5069 τῷ
2997 4998 3148 5068 αὺτῴ
3195 4993 3388 5057 ειπὼν,
3427 4989 3528 5044 λύει
3568 4984 3638 5076 τὴν

2123 5075 2501 5166 ἐναντιότητα.
2538 5094 2694 5147 Ἐστι
2726 5092 2835 5164 γὰρ
2872 5089 3070 5144 διδόναι
3106 5087 3184 5159 τῷ
3218 5085 3370 5156 αὐτῷ
3401 5084 3573 5155 μέτρῳ,
3595 5075 3637 5126 οὗ

2128 5189 2235 5262 μὴν
2291 5187 2552 5258 τοσούτῳ.
2614 5183 2790 5239 Τοῦτο
2842 5183 2974 5252 γοῦν
3029 5181 3177 5250 λέγει
3233 5181 3263 5232 0
3325 5177 3543 5247 Κύριος,
3581 5168 3639 5220 ὅτι

2127 5281 2538 5352 Εὖεργέτησας,
2571 5275 2981 5348 εὐεργετηθήσῃ
3016 5271 3174 5325 τοῦτο
3211 5270 3275 5322 τὸ
3319 5267 3444 5320 αὐτὸ
3471 5263 3636 5331 μέτρον.

2089 5399 2094 5402 ·
2122 5375 2197 5428 Τὸ
2226 5374 2284 5428 δὲ
2309 5371 2840 5443 ὑπερεκχυνόμενον,
2872 5368 2955 5420 ὅτι
2997 5365 3366 5436 εὐεργέτησας
3397 5355 3544 5421 ἆτὐαξν
3567 5367 3641 5443 Pi"

2127 5441 2458 5540 ριοπλασίως
2510 5461 2944 5533 εὐεργετηθήσῃ.
3001 5457 3074 5511 Τὸ
3123 5455 3256 5510 αὐτὸ
3311 5453 3400 5505 καὶ
3449 5448 3528 5502 ἐπὶ
3567 5441 3638 5540 τῆς

2126 5531 2526 5629 λιατακρίσεωςο
2650 5554 2758 5626 γὰρ
2791 5531 3155 5622 κατακρίνων,
3199 5542 3324 5599 εἷτα
3372 5531 3637 5629 κατακριγό·

2129 5669 2289 5723 μενος
2299 5627 2322 5718 ,ν
2354 5650 2432 5722 τῷ
2456 5649 2607 5721 αὖτῷ
2635 5648 2820 5720 μέτρῳ
2845 5641 3256 5713 ἁντιλαμδάνει·
3281 5632 3479 5691 meast
3501 5627 3635 5723 πλείω

2129 5744 2543 5816 κατακρίνεται,
2570 5743 2654 5796 ὃτι
2691 5741 2786 5794 τόν
2822 5739 3008 5809 ὅμοιον
3038 5735 3346 5804 κατέκρινε,
3377 5723 3501 5781 κατὰ
3522 5723 3635 5772 τουτο
