3896 6452
159 363 246 430 m
842 341 1284 417 ENAR‘RATI‘O
1316 355 1399 416 IN
1427 335 1930 415 EVANGELIUM
1949 336 2167 416 LUC/li
2224 377 2286 388 -ο
2314 349 2472 411 CAP.
2510 349 2609 411 v1.

3259 345 3365 409 77S

163 473 618 550 ὑπερεκχυνομενόν
650 472 768 525 ἐστι
816 471 877 525 τὸ
917 471 1134 542 μέτρον.
1190 469 1376 524 Ταῦτα
1414 470 1469 524 δὲ
1517 468 1686 523 εἰπὼν

1800 468 1934 524 Dicit
1961 478 2140 524 autent
2168 477 2221 524 et
2248 466 2562 537 parabolam
2591 465 2761 532 nobis,
2790 465 2891 521 hoc
2919 471 3004 520 est
3033 463 3362 533 exeundum.

159 572 396 641 ὁΚῦριοςι
435 566 526 621 καὶ
555 563 803 628 κωλύσας
854 565 1002 634 ἡμᾶς
1045 563 1153 619 ἀπὸ
1191 563 1284 616 τοῦ
1315 561 1684 633 κατακρίνειν,

155 667 280 732 λέγει
322 661 408 715 καὶ
447 657 756 727 παραϐολὴν
824 658 981 727 ἡμῖν,
1036 656 1313 709 τουτέστιν
1361 655 1686 723 ὑπόδειγμα.

158 754 270 810 Elui
301 770 382 822 μοι
417 751 541 822 γὰρ,
575 749 761 818 φησὶν,
815 750 845 801 ὁ
890 747 1078 818 ἕτερον
1124 748 1345 818 κρίνων,
1385 746 1483 800 καὶ
1527 748 1690 810 αὐτὸς

153 850 206 901 τὰ
229 845 352 900 αὐτὰ
384 843 724 913 ἁμαρτάνων,
775 841 874 894 οὐκ
917 839 1101 904 ἔοικας
1135 839 1319 909 τυφλῷ
1351 839 1551 909 τυφλὸν
1599 839 1688 891 66-

153 936 372 1008 ηγόῦντις
421 933 480 986 El
523 933 629 1002 γὰρ
660 931 750 984 τὸν
781 931 968 1001 ἕτερον
1005 930 1210 1002 κρίνεις
1231 973 1246 996 ,
1277 929 1446 992 αὐτὸς
1474 930 1529 983 δὲ
1578 931 1692 992 τοῖς

152 1027 308 1088 αὐτοῖς
338 1022 708 1095 περιπίπτεις,
749 1020 1052 1091 ἀμφότεροι
1098 1018 1290 1088 τυφλοί
1317 1034 1332 1050 °
1367 1019 1462 1072 καὶ
1513 1019 1691 1082 δοκεῖς

154 1119 236 1190 μὲν
275 1116 475 1184 ὁδηγεῖν
522 1115 730 1167 ἐκεῖνον
777 1113 872 1166 ἐπὶ
919 1114 979 1165 τὸ
1029 1111 1195 1166 καλὸν
1241 1110 1330 1165 διὰ
1382 1110 1475 1164 τοῦ
1516 1127 1691 1165 κατα-

152 1209 346 1282 κρίνειν,
380 1207 473 1276 οὐχ
492 1205 704 1277 ὁδηγείς
742 1205 820 1259 δέ.
863 1205 987 1267 Πῶς
1031 1204 1140 1275 γὰρ
1171 1203 1324 1257 ἔσται
1359 1204 1569 1266 ἐκεῖνος
1599 1203 1692 1258 ἐπὶ

150 1301 198 1353 τδ
217 1299 362 1352 καλὸν
399 1297 754 1370 ὁδηγούμενος
787 1295 894 1349 ὑπὸ
925 1293 1044 1362 σοῦ,
1081 1296 1210 1350 ὅταν
1239 1295 1423 1350 καὶσὺ
1450 1294 1648 1367 πταίῃς
1672 1312 1688 1362 ;

152 1391 248 1443 Οὐκ
272 1387 376 1442 ἔστι
403 1386 509 1458 γάρ
549 1386 800 1458 μαθητὴς
839 1385 981 1456 ὑπὲρ
1009 1385 1101 1438 τὸν
1128 1385 1469 1440 διδάσκαλον.
1502 1385 1564 1439 Εἰ
1598 1382 1692 1439 οῦν

153 1485 206 1537 σὺ
233 1485 256 1537 ὁ
281 1480 584 1544 διδάσκαλος
607 1470 781 1534 δοκῶν
816 1481 912 1534 καὶ
945 1479 1160 1550 δδηγδς,
1201 1479 1446 1545 πταίεις,
1471 1479 1692 1541 πάντως

153 1589 236 1627 που
258 1573 394 1626 καὶὸ
438 1571 878 1643 μαθητευόμενος
921 1570 1018 1624 καὶ
1058 1555 1445 1641 ὁδηγούμενος.
1481 1570 1545 1626 Ὃ
1582 1569 1694 1642 γὰρ

149 1663 540 1735 κατηρτισμένος
585 1661 865 1734 μαθητὴς.
941 1662 1191 1716 τουτέστι
1249 1662 1692 1740 τετελειωμένοῇ

147 1750 276 1815 ἔσται
305 1759 377 1826 ὡς
409 1746 726 1822 διδάσκαλος
775 1757 965 1814 αὐτοῦ.
1015 1751 1200 1810 Ταῦτα
1249 1743 1372 1810 εἶπε
1419 1755 1550 1826 περὶ
1595 1752 1693 1809 τοῦ

1794 560 1888 616 Dic
1916 563 2080 627 enim,
2107 577 2311 632 quaeso,
2339 561 2533 630 inquit,
2559 573 2735 615 nonne
2763 558 2992 613 alterum
3011 556 3284 626 judicans,
3310 568 3366 612 et

1794 654 1904 721 ipse
1937 655 2125 709 cadem
2169 668 2435 723 peccans,
2476 661 2823 720 comparatus
2866 666 2926 708 es
2970 665 3114 706 catco
3164 665 3365 706 caecum

1793 743 2050 799 ducenti?
2106 742 2238 798 Nam
2297 745 2343 798 si
2396 743 2558 798 alium
2621 742 2982 807 condemnas,
3040 750 3095 798 et
3145 741 3260 810 ipse
3312 742 3366 794 in

1793 840 1982 892 eadem
2018 836 2209 892 incidis
2239 845 2483 905 peccata,
2508 835 2726 905 utrique
2760 835 2890 889 caeci
2920 834 3091 890 estis:
3130 844 3183 887 et
3212 833 3367 888 vide-

1793 930 1870 984 ris
1913 929 2130 998 quidem
2171 919 2246 984 illi
2291 913 2399 984 dux
2439 943 2561 984 esse
2592 930 2659 984 ad
2691 931 2923 993 bonum,
2957 941 3023 981 eo
3057 927 3201 995 quod
3235 941 3368 980 cou-

1792 1021 2060 1076 demnas:
2101 1036 2206 1076 non
2244 1037 2303 1076 es
2338 1032 2520 1078 autem
2546 1022 2679 1077 dux.
2724 1019 3006 1088 Quomodo
3034 1019 3178 1073 enim
3220 1018 3308 1073 ille
3335 1033 3368 1074 a

1798 1120 1848 1165 te
1875 1113 1941 1165 ad
1969 1113 2167 1167 bonum
2197 1113 2500 1176 inducetur.
2538 1128 2661 1168 cum
2695 1120 2750 1168 et
2781 1122 2836 1166 tu
2865 1109 3108 1165 labaris?
3137 1109 3257 1163 Non
3288 1117 3374 1163 est

1791 1207 1939 1261 enim
1989 1206 2289 1276 discipulus
2337 1221 2503 1277 super
2550 1205 2872 1276 magistrum
2909 1203 2974 1257 “.
3014 1200 3072 1256 Si
3113 1201 3277 1273 igitur
3315 1211 3369 1254 tu

1793 1296 1886 1371 qui
1920 1297 2122 1352 videris
2156 1311 2278 1352 esse
2311 1297 2571 1367 magister
2601 1307 2656 1352 ct
2684 1298 2813 1363 dux,
2844 1294 3045 1351 laberis
3075 1311 3088 1348 :
3121 1293 3374 1348 omnibus

1795 1387 1972 1443 modis
1998 1390 2158 1444 cadet
2191 1389 2354 1444 etiam
2379 1390 2474 1459 qui
2503 1390 2726 1445 docetur
2750 1403 2813 1443 ac
2843 1385 3084 1443 ducitur.
3110 1385 3376 1441 Elabora-

1796 1489 1883 1536 tus
1932 1482 2078 1537 enirn
2109 1480 2447 1553 discipulus,
2483 1482 2588 1537 hoc
2626 1491 2710 1537 est
2743 1479 3049 1552 perfectus,
3097 1476 3203 1535 erit
3235 1477 3377 1532 sicut

1797 1573 2058 1643 magister
2086 1575 2222 1646 ejus.
2253 1573 2380 1630 llaec
2411 1574 2546 1630 dicit
2571 1575 2732 1629 etiam
2767 1583 2824 1628 ut
2851 1588 2926 1639 ne
2949 1570 3377 1628 condemnentur

1799 1663 1852 1719 III
1879 1664 1968 1733 qui
1996 1675 2120 1721 sunt
2171 1665 2458 1722 inferiores
2484 1666 2682 1732 nobis,
2727 1665 2774 1719 si
2815 1665 3101 1720 videantur
3126 1674 3374 1732 peccare-

1799 1755 1994 1812 Subdit
2030 1771 2248 1829 quoque
2281 1767 2338 1814 et
2362 1758 2507 1814 aliud
2533 1759 2774 1828 ejusdem
2811 1755 3136 1830 argumenti.

150 1853 212 1936 μὴ
236 1853 334 1907 δεῖν
378 1851 727 1923 κατακρίνειν
763 1850 893 1914 τοὺς
923 1839 1347 1918 ὑποδεεστέρους
1385 1845 1563 1919 ἡμῶν,
1597 1846 1694 1902 καὶ
1724 1845 2013 1913 δοκοῦντας
2080 1851 2439 1923 ἁμαρτάνειν.
2503 1851 2730 1921 Ἐπάγει
2760 1851 2817 1906 δὲ
2848 1851 2940 1906 καὶ
2968 1851 3132 1922 ἔτερα
3156 1852 3252 1923 τῆς
3279 1849 3378 1904 αῦ-

145 1944 226 2022 τῆς
251 1944 565 2008 ὑποθέσεως.

211 2061 228 2094 ι
257 2043 315 2095 Τί
341 2029 394 2096 δὲ
419 2041 638 2112 βλέπεις
666 2040 729 2095 τὸ
757 2041 990 2112 κάρφος,
1021 2039 1084 2093 τὸ
1110 2039 1168 2094 ιν
1191 2038 1270 2110 τῷ
1297 2035 1564 2108 ὀφθαλμῷ
1593 2019 1689 2091 τοῦ

1873 2033 2037 2091 Vsus.
2071 2034 2262 2090 ιι-ιε.
2289 2033 2428 2102 Quid
2461 2041 2644 2093 autem
2673 2031 2821 2088 vides
2842 2031 3106 2089 festucam
3132 2033 3186 2089 in
3216 2033 3379 2090 oculo

146 2133 344 2202 ἀδελφοῦ
369 2149 479 2201 σου,
505 2133 610 2204 τὴν
641 2132 700 2187 δι
739 2131 894 2187 δοκδν
923 2131 1022 2203 τὴν
1055 2131 1114 2185 ὲν
1159 2130 1241 2202 τῷ
1286 2131 1400 2201 ίδίῳ
1427 2129 1695 2201 ὀφθαλμῷ

147 2225 197 2279 οὗ
231 2226 532 2292 κατανοεϊςς
573 2225 645 2278 Ἢ
679 2223 799 2288 πῶς
838 2222 1067 2278 δύνασαι
1117 2221 1300 2292 λέγειν
1353 2221 1436 2294 τῷ
1479 2219 1696 2292 ἀδελφῷ

150 2332 244 2381 σου,
293 2313 521 2384 ’Δδελφὲ,
561 2315 698 2385 ἄφες
745 2309 960 2370 ἐκϐάλω
1008 2313 1070 2368 τὸ
1121 2314 1364 2384 κάρφος,
1397 2313 1459 2367 τὸ
1507 2313 1567 2366 ὲν
1617 2311 1696 2384 τῷ

149 2406 376 2478 ὀφθαλμῷ
407 2424 521 2472 σου,
559 2407 721 2472 αὐτὸς
749 2407 848 2480 τὴν
887 2409 945 2461 ἐν
983 2404 1062 2478 τῷ
1091 2404 1358 2476 ὀφθαλμῷ
1399 2421 1492 2459 σου
1539 2404 1696 2458 δοκὸν

146 2501 196 2553 οὐ
223 2499 418 2569 βλέπων
441 2517 458 2568 ;
499 2500 831 2571 Ὑποκριτα,
858 2499 1052 2554 ἔκϐαλε
1077 2497 1294 2570 πρῶτον
1321 2497 1418 2570 τὴν
1448 2498 1602 2552 δοκὸν
1631 2496 1696 2550 ὲκ

147 2589 227 2644 τοῦ
252 2589 512 2661 ὀφθαλμοῦ
546 2608 666 2657 σου,
717 2593 811 2646 καὶ
857 2593 978 2646 τότε
1011 2590 1319 2661 διαϐλέψεις
1353 2589 1604 2643 ἐκϐαλεῖν
1632 2590 1695 2644 τὸ

147 2681 326 2752 κάρφος
352 2682 408 2736 τὸ
439 2685 496 2737 ἐν
526 2684 609 2753 τῷ
644 2683 914 2754 ὀφθαλμῷ
946 2682 1040 2737 τοῦ
1071 2681 1299 2753 ἀδελφοῦ
1332 2699 1448 2737 σου.
1480 2683 1554 2735 Οὐ
1587 2682 1698 2754 γάρ

147 2771 244 2823 ἐστι
284 2771 487 2844 δένδρον
540 2771 732 2836 καλὸν,
784 2773 974 2826 ποιοῦν
1026 2773 1238 2844 καρπὸν
1296 2772 1526 2843 σαπρὸν,
1574 2772 1697 2826 οὐδὲ

147 2858 329 2931 δένδρον
357 2862 589 2934 σαπρὸν,
625 2861 816 2917 ποιοῦν
850 2863 1064 2936 καρπὸν
1090 2863 1432 2918 καλόν.Ἕκα
1443 2881 1562 2917 στον
1588 2863 1696 2935 γὰρ

148 2939 331 3024 δένδρον
356 2953 418 3006 ἐκ
442 2951 540 3008 τοῦ
597 2953 729 3008 ίδίου
757 2951 972 3024 καρποῦ
1008 2953 1358 3022 γινώσκεται.
1390 2954 1465 3008 Οὐ
1504 2955 1614 3026 γὰρ
1639 2953 1699 3020 ἐξ

148 3041 364 3098 ἀκανθῶν
394 3044 718 3114 συλλέγουσι
761 3044 924 3110 σῦκα,
960 3046 1080 3100 οὐδὲ
1128 3045 1194 3099 ὲκ
1242 3045 1405 3116 βάτου
1453 3047 1697 3118 τρυγῶσι

152 3136 414 3210 σταφυλήν.
463 3138 523 3194 Ὀ
557 3138 762 3207 ἀγαθὸς
808 3137 1092 3209 ἄνθρωπος
1123 3139 1187 3192 ἐκ
1237 3137 1334 3192 τοῦ
1365 3139 1572 3207 ἀγαθοῦ
1597 3141 1690 3210 67;-

154 3229 325 3298 σαυροῦ
352 3231 444 3302 τῆς
489 3229 722 3301 καρδίας
753 3229 916 3284 αὑτοῦ
955 3229 1220 3300 προφέρει
1248 3230 1306 3282 τὺ
1335 3231 1538 3300 ἀγαθόν
1564 3247 1576 3260 °
1605 3234 1699 3286 καὶ

152 3320 408 3394 δπονηρὸς
443 3322 732 3394 ἄνθρωπος
766 3325 830 3376 ὲκ
868 3321 962 3376 τοῦ
1003 3321 1245 3393 πονηροῦ
1288 3322 1562 3394 θησαυριῦ
1599 3325 1698 3400 τῆς

151 3414 345 3482 καρδίας
387 3413 558 3470 αὑτοῦ
611 3414 877 3500 προφέρει
926 3414 986 3468 τὸ
1034 3415 1289 3484 πονηρόν.
1333 3405 1427 3468 Ἐκ
1458 3416 1565 3487 γὰρ
1600 3394 1766 3469 τοῦθ

151 3506 553 3578 περισσεύματος
584 3507 681 3577 τῆς
721 3506 948 3576 καρδίας
977 3505 1128 3559 λαλεῖ
1159 3506 1219 3558 τὸ
1251 3505 1424 3576 στόμα
1454 3507 1638 3560 αὑτοῦ.
1671 3526 1690 3558 ι

151 3599 202 3650 Τί
257 3600 478 3669 βλέπεις,
518 3602 677 3672 φησι,
730 3602 790 3653 τῦ
816 3587 1044 3671 κάρφος,
1097 3599 1362 3666 τουτέστι,
1410 3596 1472 3651 τὸ
1505 3601 1698 3670 μικρὸν

150 3692 418 3763 ἁμάρτημα
451 3692 550 3747 τοῦ
591 3691 822 3762 ἀδελφοῦ
862 3707 977 3756 σου,
1024 3691 1124 3760 τὴν
1161 3690 1218 3743 δὲ
1257 3689 1430 3754 δοκὸν,
1461 3689 1523 3742 τὸ
1553 3691 1698 3760 μέγα

151 3783 419 3855 ἁμάρτημα
451 3788 516 3839 τὸ
549 3785 641 3837 σὺν
669 3785 729 3838 οὐ
771 3787 1095 3850 κατανοεῖς;
1143 3770 1316 3835 Τοῦτο
1362 3781 1420 3834 δὲ
1468 3782 1698 3852 ἁρμόζει

150 3875 377 3948 καὶπρὸς
409 3878 624 3941 πάντας
661 3876 782 3948 μὲν,
816 3874 1055 3947 μάλιστα
1083 3875 1139 3928 δὲ
1181 3873 1316 3944 πρὸς
1349 3873 1698 3938 διδασκάλους

149 3968 226 4021 καὶ
249 3969 524 4040 ἄρχοντας,
549 3969 599 4022 οἳ
627 3969 696 4022 τὰ
722 3968 820 4039 μὲν
840 3966 950 4021 τῶν
976 3965 1081 4020 ὑπὸ
1105 3968 1262 4037 χεῖρα
1303 3968 1696 4037 ἁμαρτήματα,

151 4063 226 4112 καὶ
254 4063 413 4132 μικρά
439 4064 574 4118 ὅντα
603 4062 913 4127 κολάζουσι,
948 4061 1016 4112 τὰ
1045 4059 1101 4112 δὲ
1131 4060 1327 4123 οἰκεῖα,
1360 4060 1464 4111 κᾶν
1492 4059 1700 4129 μεγάλα

147 4148 280 4224 ὦσιν,
308 4159 465 4213 ἐῶσιν
508 4157 807 4213 ἀκόλαστα.
861 4157 954 4210 Διὸ
991 4158 1087 4211 καὶ
1140 4154 1444 4226 ὑποκριτὰς
1477 4153 1698 4218 τούτους

148 4246 324 4302 καλείό
353 4250 578 4322 Κύριος,
607 4249 682 4312 ὡς
708 4248 835 4301 ἄλλο
864 4248 962 4318 μὲν
1003 4247 1380 4316 φαινομένους,
1411 4248 1474 4298 ἐκ
1507 4244 1600 4299 τοῦ
1635 4248 1702 4299 τὰ

146 4338 237 4392 τῶν
288 4341 458 4396 ἄλλων
505 4343 884 4412 ἁμαρτήματα
932 4341 1204 4408 κολάζειν,
1253 4341 1536 4410 φαίνονται
1592 4340 1700 4410 γάρ

146 4430 339 4501 δίκαιοι,
389 4435 520 4489 ἄλλο
571 4433 629 4486 δὲ
680 4432 860 4498 ὄντας,
912 4435 977 4487 ὲκ
1023 4431 1116 4486 τοῦ
1157 4433 1248 4486 καὶ
1291 4432 1489 4494 αὐτοὺς
1533 4430 1702 4502 χείρω

144 4523 472 4595 ἁμαρτάνειν.
518 4508 655 4579 Εἷτα
699 4525 792 4578 καὶ
838 4524 946 4578 ἀπὸ
978 4524 1378 4594 ὑποδείγματος
1414 4521 1700 4576 πιστοῦται

145 4616 222 4668 τὸν
251 4617 401 4687 λόγον
432 4616 868 4687 αὐτοῦηὮσπερ
901 4617 1030 4687 γὰρ,
1079 4616 1266 4686 φησὶν,
1302 4616 1400 4669 οὐκ
1431 4614 1547 4668 ἐστι
1584 4612 1703 4667 δένο

142 4705 251 4776 δρον
276 4685 456 4774 καλὸν,
482 4685 674 4764 ποιοῦν
699 4685 912 4780 καρπὸν
953 4685 1183 4777 σαπρὸν,
1213 4707 1334 4762 οὐδὲ
1361 4707 1576 4776 δένδρον
1612 4722 1703 4759 σαρ

145 4800 283 4868 πρδν,
314 4803 498 4856 ποιοῦν
530 4801 744 4872 καρπὸν
772 4799 954 4865 καλὸν,
983 4800 1126 4855 οὕτω
1165 4801 1260 4853 καὶ
1291 4802 1320 4854 ὁ
1349 4799 1474 4862 τοὺς
1504 4797 1698 4861 ἄλλους

145 4896 479 4965 σωφρονίζειν
519 4897 613 4949 καὶ
655 4893 1001 4966 διορθοῦσθαι
1049 4892 1341 4964 ἐπιχειρῶν
1409 4891 1505 4946 καὶ
1565 4907 1696 4961 μετ-

142 4988 278 5054 άγειν
297 4993 385 5043 ἐπὶ
407 4992 470 5044 τὸ
493 4989 836 5062 βέλτιον,οὐκ
858 4989 923 5042 ἃν
944 4989 1028 5060 εἴη
1055 4987 1308 5056 πονηρὸς,
1324 4986 1442 5039 εἰδὲ
1465 4984 1698 5055 πονηρὸς

141 5079 234 5151 εἴη,
288 5085 386 5138 οὐκ
442 5085 509 5139 ἂν
562 5085 780 5155 ἐτέρους
837 5081 1076 5154 βελτίους
1130 5078 1442 5152 ἐργάσαιτο.
1492 5078 1557 5132 Ἠ
1595 5079 1699 5148 γὰρ

143 5173 354 5230 ἑκάστου
381 5178 582 5248 καρδία
619 5177 889 5249 θησαυρός
914 5179 1051 5239 ἐστι,
1109 5174 1213 5227 κᾶν
1251 5174 1347 5244 μὲν
1374 5171 1553 5241 ἀγαθὰ
1576 5173 1699 5244 ἔχῃ,

142 5270 223 5320 καὶ
258 5272 284 5322 ὀ
310 5271 597 5342 ἄνθρωπος
649 5270 854 5340 ἀγαθός
901 5271 1039 5336 ἐστι,
1093 5269 1188 5321 καὶ
1233 5265 1414 5336 ἀγαθά
1450 5265 1622 5320 λαλείθ
1652 5267 1701 5319 εί

141 5356 190 5408 δὲ
220 5363 465 5432 πονηρῶν
496 5365 666 5433 μεστή
701 5364 848 5414 ἐστιν
898 5361 933 5432 ἡ
980 5358 1197 5432 καρδία,
1239 5358 1333 5411 καὶ⁸
1361 5358 1389 5410 ὁ
1417 5355 1702 5428 ἄνθρωπος

1799 2129 1985 2186 fratris
2014 2128 2111 2193 tui,
2146 2129 2355 2184 trabem
2387 2138 2568 2184 autem
2597 2142 2717 2196 quae
2741 2126 2796 2181 in
2818 2126 2976 2182 oculo
3006 2127 3229 2196 proprio
3261 2135 3374 2190 tuo,

1799 2237 1906 2278 non
1933 2220 2369 2277 animadvertis?
2396 2221 2503 2275 Aut
2531 2221 2803 2290 quomodo
2831 2229 2988 2291 potes
3017 2219 3196 2274 dicere
3221 2219 3376 2273 fratri

1801 2325 1892 2371 tuo
1916 2332 1932 2370 :
1955 2293 2166 2380 Frater,
2194 2314 2331 2378 sine,
2353 2312 2565 2381 ejiciam
2583 2311 2842 2366 festucam
2862 2327 2984 2378 quae
3013 2311 3068 2365 in
3094 2311 3252 2366 oculo
3286 2323 3378 2367 tuo

1797 2417 1900 2476 est,
1938 2410 2053 2479 ipse
2078 2408 2132 2462 in
2155 2409 2312 2463 oculo
2336 2414 2428 2460 tuo
2450 2405 2658 2459 trabem
2678 2420 2786 2459 non
2810 2403 3038 2459 videns?
3059 2403 3374 2475 Hypocrita,

1798 2501 1937 2572 ejice
1962 2501 2198 2573 primum
2227 2499 2434 2555 trabem
2468 2513 2534 2555 ex
2569 2497 2727 2554 oculo
2764 2507 2874 2563 tuo,
2910 2505 2966 2553 et
3006 2507 3136 2552 tunc
3165 2497 3376 2568 perspi-

1798 2593 1910 2649 cies
1936 2603 1993 2647 ut
2023 2592 2208 2662 ejicias
2239 2595 2507 2647 festucam
2535 2605 2655 2660 qua:
2686 2600 2770 2644 est
2792 2589 2849 2644 in
2875 2588 3034 2644 oculo
3063 2589 3252 2645 fratris
3276 2592 3374 2644 tui.

1798 2683 1915 2738 Non
1948 2690 2032 2737 est
2053 2683 2198 2738 enim
2226 2682 2389 2736 arbor
2411 2679 2550 2736 bona
2581 2696 2700 2752 qure
2727 2681 2856 2735 facit
2877 2680 3114 2735 fructum
3137 2680 3373 2735 malum:

1799 2789 1974 2843 neque
2000 2773 2162 2829 arbor
2189 2771 2325 2826 mala
2357 2771 2561 2828 faciens
2589 2771 2823 2826 fructum
2855 2771 3078 2827 bonum.
3112 2771 3377 2841 Unaquae-

1798 2879 1903 2935 que
1943 2865 2085 2920 enim
2128 2864 2292 2919 arbor
2331 2879 2396 2918 ex
2441 2863 2622 2919 fructu
2670 2879 2772 2921 suo
2811 2866 3145 2936 agnoscitur.
3190 2863 3379 2936 Neque

1800 2957 1943 3014 enim
1971 2972 2001 3012 e
2034 2955 2203 3026 spinis
2241 2957 2502 3027 colligunt
2535 2959 2704 3023 licus,
2743 2973 2916 3028 neque
2952 2973 2985 3014 e
3014 2960 3149 3013 rubo
3191 2959 3378 3014 vinde-

1801 3049 1968 3104 miant
2002 3059 2182 3103 uVam.
2215 3047 2398 3104 Bonus
2429 3048 2593 3103 homo
2624 3062 2692 3102 ex
2725 3049 2871 3104 bono
2909 3047 3164 3103 thesauro
3197 3049 3379 3104 cordis

1801 3145 1883 3198 sui
1913 3142 2116 3212 profert
2140 3144 2366 3209 bonum,
2390 3153 2445 3198 et
2475 3144 2650 3198 malus
2679 3143 2840 3198 homo
2860 3158 2924 3198 ex
2955 3141 3094 3197 malo
3121 3143 3378 3198 thesauro

1799 3234 1980 3287 cordis
2011 3235 2090 3286 sui
2120 3232 2325 3302 profert
2350 3232 2573 3287 malum.
2605 3233 2682 3286 Ex
2711 3232 3002 3287 abundatia
3030 3232 3175 3288 enim
3197 3233 3380 3287 cordis

1802 3323 2040 3394 loquitur
2067 3341 2129 3378 os
2156 3324 2294 3395 ejus.
2336 3342 2353 3375 ι
2389 3325 2528 3391 Quid
2557 3333 2734 3380 autem
2767 3323 2941 3390 vides,
2976 3323 3174 3394 inquit,
3209 3323 3380 3378 festu-

1800 3433 1941 3484 cam,
1985 3419 2087 3472 hoc
2115 3426 2468 3488 esi,'par\'uttt
2503 3431 2780 3488 peccaturo
2814 3417 2997 3474 fratris
3031 3420 3130 3483 tui,
3170 3420 3376 3474 trabem

1801 3521 1999 3573 autem,
2031 3526 2284 3582 magnum
2307 3522 2592 3579 peccatum
2628 3521 2800 3580 tuum,
2831 3527 2940 3567 non
2970 3511 3382 3570 advertis?lloc

1801 3611 1980 3657 autem
2020 3601 2271 3657 omnibus
2307 3602 2411 3656 dici
2447 3611 2661 3672 potest,
2701 3614 2758 3657 et
2801 3605 3034 3658 maxime
3072 3603 3383 3671 doctoribus

1801 3702 1856 3748 et
1904 3693 2278 3762 principibus,
2331 3693 2422 3764 qui
2477 3693 2822 3748 subditorum
2872 3707 3090 3764 peccata
3137 3697 3383 3764 quamvis

1803 3803 1965 3858 parva
1999 3789 2268 3858 puniunt:
2302 3804 2396 3840 sua
2431 3795 2613 3842 autem
2655 3788 2822 3842 etiam
2852 3788 3084 3842 maxima
3121 3790 3382 3859 impunita

1803 3881 2006 3935 sinunt.
2040 3880 2247 3935 Idcirco
2283 3879 2406 3934 illos
2451 3888 2507 3934 et
2555 3880 2868 3950 ltypocritas
2908 3892 3063 3935 vocat
3100 3879 3379 3937 Dominus.

1805 3972 1944 4029 Sunt
1975 3973 2064 4028 alii
2096 3974 2311 4044 quidem
2347 3982 2694 4044 apparentes,
2731 3974 2857 4028 dum
2894 3974 3126 4029 aliorum
3161 3985 3379 4042 peccata

1800 4065 2069 4136 puniunt:
2117 4066 2170 4120 in
2223 4067 2325 4120 hoc
2366 4067 2510 4120 enim
2550 4064 2685 4130 justi
2723 4073 3008 4135 apparent.
3054 4065 3159 4120 Alii
3203 4076 3380 4122 autem

1801 4169 1932 4215 sunt
1979 4174 2046 4216 ex
2094 4175 2159 4214 eo
2199 4160 2343 4229 quod
2392 4168 2448 4214 et
2491 4159 2592 4228 ipsi
2632 4161 2851 4228 gravius
2897 4170 3142 4230 peccent.
3187 4159 3382 4218 Poste:

1802 4252 1964 4306 etiam
1989 4263 2040 4305 et
2067 4252 2313 4321 exemplo
2343 4252 2628 4306 confirmat
2663 4266 2972 4307 sermonem
2997 4267 3176 4308 suum.
3211 4253 3382 4315 Sicut.

1805 4343 2015 4414 inquit,
2047 4361 2152 4400 non
2183 4355 2266 4398 est
2296 4341 2458 4399 arbor
2502 4344 2642 4400 bona
2691 4360 2812 4414 quae
2854 4343 2983 4401 facit
3017 4345 3254 4402 fructum
3287 4361 3390 4416 βυκ-

1807 4446 1964 4502 trem,
1988 4451 2162 4508 neque
2182 4436 2345 4491 arbor
2365 4436 2542 4505 putris
2558 4451 2680 4506 qua:
2701 4436 2848 4506 gfacit
2875 4435 3111 4493 fructum
3143 4439 3347 4494 bonum
3369 4456 3383 4492 :

1805 4529 1876 4583 ita
1907 4537 1962 4584 et
1986 4529 2079 4598 qui
2109 4528 2246 4585 alios
2279 4531 2549 4600 castigare
2577 4538 2634 4584 et
2665 4529 2960 4601 corrigere,
2991 4540 3045 4585 et
3073 4529 3141 4584 ad
3181 4531 3382 4586 bonum

1807 4619 1971 4692 315
2005 4620 2302 4676 transferre
2358 4630 2630 4686 attentat,
2685 4635 2792 4676 non
2847 4621 3012 4677 fuerit
3070 4621 3294 4676 malus:
3339 4623 3383 4676 si

1807 4721 1988 4768 autem
2011 4711 2186 4770 malus
2206 4710 2390 4776 fuerit,
2413 4709 2550 4766 alios
2574 4725 2678 4766 non
2703 4710 2868 4766 faciet
2889 4711 3160 4768 meliores.
3188 4709 3384 4768 Unius-

1807 4804 2068 4875 cujusque
2091 4804 2235 4861 enim
2261 4817 2356 4859 cor
2380 4804 2671 4859 thesaurus
2696 4813 2780 4858 est
2802 4819 2816 4856 :
2849 4811 2906 4858 et
2933 4804 2976 4858 si
3000 4803 3220 4874 quidem
3246 4805 3382 4858 bona

1808 4897 2039 4963 habeat,
2081 4895 2244 4952 etiam
2286 4896 2450 4952 homo
2496 4895 2669 4951 bonus
2697 4905 2816 4962 est,
2850 4907 2905 4951 et
2935 4898 3075 4951 bona
3105 4897 3381 4966 loquitur:

1809 4992 1893 5045 sin
1927 5004 2058 5044 vero
2083 4989 2241 5045 malis
2263 5005 2359 5045 cor
2381 4991 2598 5058 plenum
2625 4986 2812 5053 fuerit,
2837 4993 2999 5044 etiam
3027 4990 3187 5044 homo
3212 4993 3386 5045 malus

1809 5088 1912 5144 est,
1941 5088 1995 5135 et
2024 5078 2160 5132 mala
2191 5078 2447 5146 loquitur.
2477 5077 2640 5133 Potes
2663 5087 2847 5133 autem
2881 5079 2992 5132 tunc
3018 5089 3073 5134 et
3101 5079 3167 5133 de
3194 5078 3387 5134 Phari-

1808 5169 1932 5224 saeis
1970 5169 2048 5224 sic
2081 5168 2403 5240 intelligere.
2435 5168 2516 5222 Ad
2553 5167 2672 5224 illos
2710 5166 2851 5221 enim
2894 5180 3203 5222 sermonem
3250 5168 3386 5224 diri-

1810 5276 1966 5334 gens,
2009 5261 2204 5333 inquit,
2233 5261 2380 5332 Ejice
2405 5260 2638 5331 primum
2666 5259 2871 5314 trabem
2905 5274 2971 5314 ex
3001 5259 3158 5314 oculo
3183 5270 3300 5325 tuo,
3332 5272 3386 5316 et

1811 5364 1940 5411 tunc
1979 5355 2240 5412 festucam
2285 5368 2404 5424 quae
2446 5362 2532 5408 est
2578 5352 2630 5405 in
2674 5351 2832 5405 oculo
2874 5350 3059 5406 fratris
3087 5352 3203 5407 tui:
3247 5355 3387 5410 sicut

144 5456 359 5524 πονηρός
393 5458 530 5519 ἐστι,
567 5458 661 5508 καὶ
696 5453 911 5524 πονηρὰ
945 5453 1116 5506 λαλεῖ.
1161 5451 1399 5505 Δῦνασαι
1432 5449 1490 5503 δὲ
1531 5449 1697 5502 ταῦτα

1804 5447 1970 5500 etiam
2009 5445 2140 5501 alibi
2186 5445 2336 5508 dicit,
2382 5441 2658 5497 Catnelutn
2700 5441 3025 5511 glutientes,
3065 5456 3120 5498 et
3156 5443 3385 5500 culicem

143 5543 306 5597 πάντα
328 5548 424 5599 καὶ
451 5547 524 5610 ὼς
552 5547 679 5618 περὶ
711 5547 819 5599 τῶν
847 5544 1161 5615 Φαρισαίων
1189 5541 1460 5611 λεγόμενα
1492 5539 1706 5609 νοῆσαι.

141 5636 273 5708 Πρὸς
298 5640 534 5702 ἐκείνους
555 5639 664 5710 γὰρ
679 5638 1114 5708 ἀποτεινόμενος,
1135 5638 1318 5706 φησὶν,
1348 5631 1708 5700 ὅτιλἝκδαλε

216 5801 258 5829 ³³
311 5801 470 5855 Joan.
534 5817 655 5864 xm,
690 5801 774 5854 l6.

415 5893 680 5954 Ρλτιωι..
715 5892 832 5951 Gtt.
879 5887 1167 5951 CXXIII.

1808 5540 2137 5595 excolautcs.
2169 5537 2454 5604 Quomodo
2487 5535 2654 5605 igitur
2693 5549 2790 5589 vos
2829 5531 3088 5590 Pharisaei
3124 5536 3216 5606 qui
3253 5536 3388 5591 estis

1811 5631 2036 5687 arbores
2086 5639 2306 5699 putres,
2365 5627 2614 5699 poteritis
2669 5628 2875 5684 fructus
2929 5628 3103 5685 bonos
3147 5626 3384 5684 atferre?

2937 5890 3008 5945 E25
