3896 6452
428 358 536 422 783

1356 344 1933 410 THEOPHYLACTI
1971 340 2381 404 BULGARI/E
2421 339 2772 402 ARCHIEP.

3569 337 3657 402 ’184

434 471 678 524 dicentes
713 479 728 518 :
762 462 1033 533 Pmpheta
1082 472 1308 530 magnus
1364 456 1602 511 surrexit
1630 456 1772 510 inter
1809 468 1926 516 nos,
1961 459 2013 505 et

2127 450 2414 524 Προφήτης
2468 449 2641 521 μέγας
2690 448 2989 518 ἐγήγερται
3031 446 3088 499 ἐν
3131 447 3286 518 ἡμῖν,
3318 447 3412 500 καὶ
3455 448 3529 501 ὅτι
3573 452 3654 502 ἐπ-

432 562 578 616 Deus
608 558 846 615 visitavit
885 553 1099 626 plebem
1131 566 1305 608 suam.
1347 568 1367 603 ι
1404 547 1697 618 Postquam
1733 547 2012 603 centurio-

437 655 522 707 nis
551 665 767 706 servum
795 648 958 703 etiam
987 645 1185 700 absens
1215 642 1446 707 sanavit,
1485 637 1630 694 aliud
1667 638 1840 693 rarius
1885 636 2013 691 facit

434 738 773 795 miraculum.
805 736 882 791 Ne
906 735 1029 806 quis
1055 733 1218 798 dicat,
1248 733 1313 786 Et
1340 730 1467 801 quid
1490 729 1614 785 novi
1644 727 1700 782 in
1724 728 1826 783 hoc
1854 740 2014 782 servo

443 830 718 901 contigit?
773 826 1022 884 fortassis
1087 824 1288 893 alioqui
1337 837 1444 877 non
1493 819 1690 876 fuisset
1742 827 2008 882 mortuus,

435 933 725 994 propterea
754 927 1026 976 mortuum
1060 918 1206 972 illum
1240 917 1334 986 qui
1365 913 1727 979 efferebatur,
1763 910 2009 966 suscitat.

435 1014 552 1070 Non
603 1014 774 1069 solum
817 1022 996 1066 autem
1047 1010 1213 1065 verbo
1265 1007 1396 1063 facit
1440 1003 1786 1070 miraculum,
1833 1001 1926 1058 sed
1960 1011 2015 1056 et

434 1106 672 1164 loculum
702 1106 873 1174 tangit
901 1121 913 1158 :
951 1109 1010 1156 ut
1043 1101 1315 1157 discamus
1345 1098 1488 1169 quod
1515 1110 1712 1166 corpus
1745 1094 1862 1164 ejus
1891 1107 2016 1148 cor-

434 1215 537 1268 pus
559 1197 832 1252 vivificum
860 1196 951 1252 sit.
980 1192 1247 1261 Quoniam
1277 1190 1420 1246 enim
1453 1202 1582 1242 caro
1606 1185 1724 1255 ejus
1759 1185 1900 1240 facta
1933 1191 2017 1239 est

432 1291 656 1362 propria
690 1287 852 1344 Verbi
879 1287 1060 1342 omnia
1092 1283 1438 1346 viviﬁcantis,
1477 1290 1760 1351 propterea
1803 1275 2015 1332 viviﬁca

434 1393 521 1439 est
572 1393 628 1438 et
693 1382 832 1450 ipsa,
893 1378 1139 1446 tollitque
1190 1386 1418 1432 mortem
1475 1384 1532 1430 et
1584 1371 2012 1440 corruptionem.

441 1473 614 1529 Porro
643 1472 845 1527 resedit
875 1477 1143 1532 mortuus,
1186 1476 1242 1523 et
1269 1467 1435 1535 ctepit
1457 1463 1626 1532 loqui,
1663 1473 1721 1518 ut
1759 1477 1826 1515 ne
1854 1473 2017 1530 appa-

440 1573 626 1619 renter
660 1571 866 1615 tantum
898 1557 1222 1631 quibusdam
1255 1557 1546 1610 suscitatus
1574 1553 1849 1607 videatur.
1882 1547 2018 1605 Nam

444 1668 588 1709 vera:
627 1651 1043 1706 resurrectionis
1075 1648 1288 1719 signum
1336 1644 1468 1712 fuit,
1499 1644 1737 1702 residere
1766 1653 1821 1699 et
1851 1642 2016 1713 loqui.

2116 541 2387 610 εσκὲψατο
2408 541 2436 593 6
2452 540 2581 602 Θεὸς
2597 540 2686 593 τὸν
2707 539 2834 593 λαὸν
2852 537 3041 592 αὑτοῦ.
3075 557 3094 590 ι
3120 539 3341 610 Ἐπειδὴ
3362 556 3463 608 περ
3483 542 3564 596 τὸν
3581 545 3656 596 τοῦ

2116 630 2514 702 ἑκατοντάρχου
2545 627 2732 682 δοῦλον
2779 630 2910 698 ὑγιὶ
2935 629 3030 682 καὶ
3068 631 3142 699 μὴ
3174 628 3367 700 παρὼν
3411 630 3658 700 ἐποίησεν,

2115 721 2303 792 ἕτερον
2341 721 2654 792 καινότερον
2701 718 3134 790 θαυματουργεῖ.
3174 718 3298 774 Ἵνα
3337 721 3442 792 γάρ
3484 725 3551 793 μή
3594 743 3662 787 τις

2115 812 2266 886 εἴπῃ,
2292 813 2401 867 Kal
2421 813 2472 866 τί
2490 813 2673 866 καινὸν
2697 812 2788 864 ἐπὶ
2809 810 3076 882 τῷνδούλῳ
3099 812 3354 882 ἐποίησεν
3374 832 3388 880 ς
3409 814 3553 877 Ἴσως
3573 817 3662 886 γὰρ

2115 904 2236 958 οὐδὲ
2263 904 2534 959 ἀπέθανεν
2562 905 2628 959 ἂν
2655 905 2862 969 δοῦλος,
2895 904 2983 958 διά
3025 904 3183 957 τοῦτο
3212 904 3308 956 τὸν
3334 907 3662 976 ὲκκσμιζὲμε-

2115 1017 2204 1052 νον
2231 1001 2438 1054 ἐκεῖνον
2459 1000 2654 1071 νεκρὸν
2681 1001 2898 1071 άνιστᾷ.
2937 1001 3009 1054 06
3031 1001 3175 1071 λόγῳ
3199 1002 3258 1054 δὲ
3291 1001 3665 1072 θαυματουργεῖ

2118 1090 2302 1157 μόνον,
2337 1091 2474 1145 ἀλλὰ
2506 1092 2601 1146 καὶ
2649 1092 2749 1161 τῆς
2776 1090 2936 1162 σοροῦ
2981 1089 3244 1144 ἅπτεταιο
3308 1092 3396 1144 ἵνα
3429 1093 3660 1162 μάθωμεν

2117 1181 2198 1234 ὅτι
2231 1181 2291 1237 τὸ
2321 1170 2492 1253 ’σῶμα
2536 1181 2704 1236 αὑτοῦ
2742 1181 2902 1252 σῶμα
2951 1182 3098 1252 ζωῆς
3128 1185 3302 1237 ἐστιν.
3339 1184 3553 1252 Ἐπειδὴ
3579 1187 3666 1256 γὰρ

2121 1271 2230 1326 ίδία
2279 1273 2475 1344 γέγονε
2525 1273 2620 1328 τοῦ
2680 1275 2923 1345 Λόγουὴ
2979 1273 3117 1346 σὰρξ
3158 1274 3253 1328 τοῦ
3284 1274 3460 1328 πάντα
3493 1276 3667 1346 ζωογο-

2118 1363 2360 1431 νοῦντος,
2409 1365 2500 1421 διά
2546 1365 2708 1420 τοῦτο
2756 1367 3022 1431 ζωοποιός
3075 1369 3193 1420 ἐστι
3249 1369 3346 1419 καὶ
3393 1366 3547 1437 αὕτη,
3593 1370 3670 1422 καὶ

2120 1456 2352 1512 θανάτου
2397 1457 2492 1511 καὶ
2517 1458 2736 1527 ιφθορᾶς
2775 1459 3116 1530 ἀναιρετικὴ.
3155 1457 3506 1512 Ἀνεκάθισεν
3547 1457 3670 1515 οὖνὸ

2119 1549 2335 1619 νεκρὸς,
2380 1551 2473 1603 καὶ
2507 1551 2712 1622 ἤρξατο
2750 1550 2954 1616 λαλεῖν,
2989 1551 3078 1604 ἵνα
3108 1551 3182 1621 μὴ
3227 1552 3372 1603 κατὰ
3405 1553 3669 1618 φαντασίαν

2119 1641 2248 1714 δόξῃ
2277 1642 2421 1695 τισὶν
2455 1641 2780 1713 ἐγηγέρθαι.
2814 1643 2924 1696 Kal
2953 1643 3063 1714 γὰρ
3089 1643 3330 1712 ἀληθοῦς
3360 1644 3670 1710 ἀναστάσεως

442 1745 807 1798 lnanimatum
855 1741 998 1796 enim
1046 1755 1245 1808 corpus
1297 1753 1475 1807 neque
1527 1737 1786 1817 residere,
1846 1749 2020 1804 neque

2127 1737 2347 1806 σημεῖα,
2401 1735 2462 1789 τὸ
2521 1735 2972 1791 άνακαθίσαικαὶ
3020 1736 3299 1808 λαλῆσαι*
3357 1737 3475 1788 ἐπεί
3500 1738 3572 1790 τοί
3620 1754 3670 1804 γε

439 1836 584 1906 loqui
619 1840 816 1903 potest.
854 1828 1084 1885 Viduam
1121 1801 1302 1883 autem
1351 1801 1621 1899 intelligas
1668 1836 1724 1882 et
1752 1801 2012 1891 animam,

2127 1801 2332 1898 άῷῦχον
2361 1828 2522 1897 σῶμα
2554 1827 2680 1882 οὔτε
2723 1828 3087 1893 άνακαθίσαι,
3120 1801 3248 1882 οὔτε
3279 1829 3507 1899 λαλῆσαι
3540 1801 3668 1884 δύνα-

439 1943 560 1998 quae
594 1926 767 1979 virum
798 1937 981 1987 suum,
1015 1922 1239 1976 verbum
1279 1919 1400 1987 Dei,
1431 1921 1524 1990 qui
1551 1921 1750 1976 bonum
1778 1920 2018 1975 semina-

439 2019 517 2072 vit
553 2030 761 2078 semen,
799 2012 1022 2067 amisit:
1075 2010 1218 2066 filius
1242 2023 1373 2066 vero
1405 2009 1560 2079 ejus,
1593 2022 1747 2064 meus
1801 2017 2018 2062 mortua

438 2121 543 2176 εει,
589 2120 643 2162 ει
676 2105 900 2162 effertur
927 2113 1082 2158 extra
1127 2117 1418 2172 supernam
1449 2101 1747 2167 civitatem,
1794 2098 2020 2155 Jerusa-

441 2201 545 2255 lem
569 2215 584 2265 ;
614 2197 760 2269 regio
781 2197 924 2250 enim
949 2193 1246 2250 viventium
1271 2192 1359 2246 illa
1381 2199 1485 2248 est.
1504 2191 1736 2247 Proinde
1759 2190 2020 2246 Dominus

444 2285 824 2344 misericordia
868 2293 1046 2340 motus
1073 2283 1247 2353 tangit
1273 2282 1530 2338 loculum.
1562 2281 1796 2336 Loculus
1822 2283 2017 2337 mentis

443 2391 527 2436 est
561 2394 777 2450 corpus.
813 2377 1134 2448 Sepulcrum
1165 2375 1308 2431 enim
1344 2384 1399 2431 et
1429 2374 1642 2430 loculus
1672 2389 1870 2444 corpus
1911 2383 2017 2442 est,

436 2473 585 2525 unde
614 2483 671 2524 et
718 2467 893 2524 Graeci
929 2482 1132 2536 corpus
1179 2465 1341 2537 σῶμα
1373 2474 1593 2532 vocant,
1633 2465 1790 2535 quasi
1846 2464 2020 2535 σῆμα,

445 2566 546 2617 hoc
574 2571 658 2616 est
689 2560 1018 2628 sepulcrum.
1053 2557 1222 2613 Tacto
1269 2568 1451 2613 autem
1497 2573 1726 2629 corpore
1759 2557 2031 2614 Dominus

441 2655 669 2708 suscitat
698 2660 955 2716 mentem,
978 2649 1274 2721 juvenilem
1297 2659 1350 2703 et
1382 2649 1575 2704 fortem
1608 2649 1757 2704 illam
1789 2647 2020 2716 faciens,

443 2725 564 2816 quae
585 2744 803 2808 residet,
828 2753 883 2798 et
908 2752 965 2797 ut
992 2741 1251 2797 suscitata
1278 2740 1440 2797 fuerit
1463 2755 1492 2794 a
1516 2741 1770 2811 sepulcro
1790 2742 2018 2812 peccati,

444 2838 670 2910 incipiet
699 2836 868 2906 loqui,
899 2837 1000 2891 hoc
1030 2845 1134 2903 est,
1163 2835 1362 2893 docere
1387 2834 1546 2894 alios.
1577 2836 1852 2904 Quamdiu
1877 2837 2024 2893 enim

445 2932 497 2985 in
546 2940 767 3000 peccato
809 2929 1104 2994 detinetur,
1152 2944 1260 2985 non
1293 2937 1469 3001 potest
1514 2929 1711 2986 docere
1761 2939 1818 2984 et
1851 2928 2021 2999 loqui,

444 3024 568 3091 quis
601 3022 748 3078 enim
783 3021 833 3077 ei
865 3020 1167 3077 crederet?

523 3293 686 3350 Vsus.
720 3291 902 3349 l7-‘29.
945 3310 964 3344 ι
1003 3292 1070 3348 Ει
1103 3291 1235 3347 exiit
1276 3292 1364 3346 hic
1398 3305 1587 3346 rumor
1627 3293 1678 3346 in
1711 3291 2020 3346 universam

448 3387 698 3445 Judaeum
754 3386 824 3441 de
883 3399 970 3452 eo,
1017 3393 1071 3440 et
1123 3398 1341 3439 omnem
1389 3384 1674 3440 finitimam
1723 3385 2020 3455 regionem.

447 3480 515 3534 Et
543 3476 927 3532 nuntiaverunt
955 3474 1150 3530 Joanni
1192 3474 1446 3545 discipuli
1480 3474 1655 3544 ipsius
1696 3477 1762 3530 de
1795 3475 1879 3529 his
1907 3490 2025 3529 om-

447 3572 630 3626 nibus.
666 3567 734 3622 Et
762 3566 1036 3623 invocavit
1065 3566 1200 3622 duos
1227 3565 1292 3621 de
1328 3564 1609 3637 discipulis
1632 3568 1742 3623 suis
1756 3565 2018 3632 Joannes,

447 3664 706 3733 misitque
731 3662 799 3716 ad
833 3658 1019 3714 Jesum
1055 3658 1281 3715 dicens:
1308 3658 1388 3714 Tu
1435 3673 1496 3716 es
1523 3660 1614 3729 qui
1650 3670 1912 3715 venturus
1941 3675 2021 3726 es,

446 3753 613 3824 318
637 3768 703 3806 an
739 3751 904 3806 alium
923 3748 1351 3820 exspectamus?
1376 3749 1512 3804 Cum
1544 3759 1724 3806 autem
1752 3752 2026 3806 venissent

449 3847 518 3899 ad
548 3859 669 3899 eum
702 3843 826 3909 viri,
859 3841 1151 3896 dixerunt:
1183 3838 1426 3894 Joannes
1453 3836 1696 3908 Baptista
1743 3839 1894 3894 misit
1925 3852 2024 3895 nos

448 3936 515 3991 ad
554 3946 623 4003 te,
659 3921 886 3991 dicens:
939 3931 1018 3986 Tu
1072 3947 1131 3986 es
1187 3931 1276 3987 ille
1325 3931 1417 4002 qui
1477 3941 1737 3987 venturus
1789 3940 1894 3998 est,
1953 3947 2023 3987 an

445 4029 610 4080 alium
656 4023 1075 4096 exspectamus?
1107 4021 1163 4076 lu
1207 4023 1396 4076 eadem
1429 4030 1612 4077 autem
1661 4020 1795 4076 hora
1825 4021 2024 4078 multos

447 4119 662 4172 curavit
701 4132 730 4170 a
762 4115 965 4171 morbis
1005 4128 1070 4169 ac
1105 4113 1276 4185 plagis
1323 4121 1376 4168 et
1425 4112 1711 4184 spiritibus
1761 4113 1938 4179 malis,
1969 4122 2026 4170 et

447 4210 606 4264 caecis
639 4208 824 4262 multis
868 4207 1090 4262 donavit
1134 4207 1334 4263 visum.
1386 4205 1453 4260 Et
1502 4208 1836 4276 respondens
1888 4207 2026 4261 dixit

442 4300 594 4355 illis:
627 4299 827 4355 Euntes
853 4299 1164 4352 renuntiate
1209 4295 1405 4352 Joanni
1443 4311 1561 4367 qua:
1603 4296 1814 4352 vidistis
1840 4307 1896 4352 et
1924 4311 2025 4350 au-

2123 1937 2236 1976 ται.
2275 1919 2470 1991 Χήραν
2495 1921 2553 1975 δὲ
2580 1923 2794 1994 νοήσεις
2818 1921 2914 1976 καὶ
2935 1922 3035 1994 τὴν
3063 1921 3244 1993 ψυχὴν
3268 1923 3368 1994 τὴν
3403 1922 3670 1976 άποδαλοῦ-

2125 2029 2226 2066 σαν
2246 2011 2338 2066 τὸν
2365 2011 2536 2083 ἄνδρα
2563 2013 2758 2082 αὐτῆς,
2784 2012 2874 2065 τὸν
2907 2012 3064 2081 λόγον
3087 2013 3183 2066 τοῦ
3211 2012 3376 2078 Θεοῦ,
3405 2013 3492 2066 τὸν
3521 2013 3669 2081 ἀγαθά

2125 2104 2423 2176 σπέρματα
2456 2104 2778 2178 σπείραντα.
2823 2105 2952 2168 Υί’δς
2995 2104 3054 2158 δὲ
3093 2106 3304 2176 ταύτης
3330 2105 3359 2157 6
3383 2103 3522 2170 νοῦς,
3553 2107 3670 2159 dss-

2125 2196 2340 2268 θνηκὼς
2369 2197 2464 2250 καὶ
2491 2195 2596 2261 ἔξω
2634 2196 2737 2268 τῆς
2778 2197 3012 2264 πόλεως,
3037 2199 3136 2268 τῆς
3166 2197 3287 2252 ἄνω
3327 2194 3666 2268 Ἰερουσαλὴμ,

2124 2288 2506 2360 κομιζόμενος.
2541 2288 2708 2359 Χώρα
2733 2289 2843 2360 γάρ
2867 2289 2977 2342 τῶν
3008 2288 3230 2354 ζώντων
3258 2289 3410 2342 ἐστὶν
3438 2288 3671 2357 ἐκείνηοό

2123 2377 2256 2446 γοῦν
2316 2377 2521 2448 Κύριος
2575 2378 3027 2449 σπλαγχνισθεὶς,
3083 2379 3323 2433 ἅπτεται
3370 2380 3471 2450 τῆς
3517 2379 3668 2451 σοροῦ.

2128 2469 2296 2540 Σορδς
2325 2469 2384 2523 δὲ
2417 2469 2510 2523 τοῦ
2550 2469 2677 2538 νοῦ,
2709 2472 2769 2524 τὸ
2798 2471 2977 2544 σῶμα.
3017 2472 3202 2542 Τάφος
3247 2472 3360 2543 γάρ
3403 2472 3558 2536 ὅντως
3597 2474 3671 2526 καὶ

2128 2563 2281 2632 σῆμα
2325 2562 2388 2616 τὸ
2433 2563 2611 2634 σῶμα.
2659 2565 2818 2618 Καθά
2873 2564 2967 2618 καί
3010 2582 3157 2629 τινες
3209 2560 3370 2620 εἷπον
3403 2567 3526 2620 αὐτὸ
3552 2567 3670 2638 σῆμα

2125 2649 2287 2722 εἶναι,
2317 2655 2566 2709 τουτέστι
2622 2655 2816 2724 τάφον.
2859 2656 3164 2728 Ἀψάμενος
3203 2653 3302 2712 οὖν
3327 2659 3422 2712 τοῦ
3461 2657 3670 2729 σώματος

2126 2747 2154 2799 6
2188 2745 2391 2817 Κύριος
2419 2747 2622 2818 ἐγείρει
2673 2747 2764 2800 τὸν
2813 2746 2960 2812 νοῦν,
2997 2749 3249 2802 νεανικὸν
3281 2749 3445 2802 αὑτὸν
3474 2751 3558 2801 καὶ
3576 2764 3670 2816 γεν-

2127 2839 2278 2892 ναῖον
2336 2838 2529 2892 ποιῶν.
2557 2837 2950 2900 ,Ἀνακαθίσας
2999 2837 3056 2892 δὲ
3090 2839 3118 2891 ὁ
3147 2839 3456 2902 νεανίσκος,
3503 2840 3529 2892 6
3573 2839 3669 2899 νοῦς

2125 2931 2272 3002 λέγω
2324 2924 2504 3001 οὗτος,
2536 2932 2631 2984 καὶ
2670 2931 2916 3001 ἐγερθεὶς
2942 2931 3054 2984 άπὸ
3085 2931 3178 2984 τοῦ
3209 2934 3389 3000 τάφου
3415 2933 3508 3000 τῆς
3530 2932 3670 3001 ἁμαρ-

2126 3023 2268 3088 τίας,
2298 3023 2420 3075 τότε
2461 3021 2688 3093 ἄρξεται
2734 3020 2938 3084 λαλεῖν,
2971 3019 3224 3074 τουτέστι
3280 3021 3543 3074 διδάσκειν
3579 3020 3670 3072 ἐτέ-

2053 3148 2101 3211 c
2133 3130 2282 3184 ρους.
2314 3113 2404 3165 Ἐν
2431 3113 2540 3182 ὅσῳ
2563 3113 2674 3183 γάρ
2697 3114 2760 3182 τῇ
2791 3111 3036 3184 ἁμαρτίᾳ
3065 3113 3384 3183 κατέχεται,
3410 3112 3468 3164 οὐ
3489 3110 3670 3164 δύναται

2132 3205 2402 3260 διδάσκειν
2434 3203 2528 3258 καὶ
2567 3203 2772 3256 λαλεῖν·
2797 3205 2880 3268 τίς
2907 3203 3015 3276 γάρ
3047 3204 3196 3274 αὐτῷ
3220 3204 3530 3270 πιστεύσεις

2209 3315 2228 3347 ι
2267 3297 2375 3350 Kal
2419 3295 2642 3366 ἐξῆλθεν
2693 3297 2721 3349 6
2764 3296 2920 3365 λόγος
2967 3290 3124 3361 οὗτος
3173 3298 3231 3350 ἐν
3260 3297 3360 3370 ὅλῃ
3391 3299 3454 3368 τῇ
3485 3294 3671 3367 Ἰουδαίᾳ

2135 3391 2263 3462 περὶ
2282 3389 2473 3453 αὐτοῦ,
2526 3391 2619 3444 καὶ
2649 3390 2707 3442 ὲν
2751 3390 2903 3464 πάσῃ
2929 3393 2995 3462 τῇ
3023 3389 3346 3463 περιχώρῳ.
3385 3391 3492 3446 Kal
3526 3391 3670 3460 ἀπήγ-

2133 3487 2321 3554 γειλαν
2347 3485 2572 3557 Ἰωάννῃ
2605 3487 2656 3538 οἱ
2687 3484 2928 3556 μαθηταὶ
2971 3485 3138 3538 αὑτοῦ
3171 3487 3305 3557 περὶ
3343 3473 3548 3540 πάντων
3572 3481 3669 3535 τού·

2131 3594 2261 3631 των.
2296 3576 2406 3630 Kal
2452 3573 2965 3646 προσκαλεσάμενος
3009 3574 3103 3628 δύο
3136 3575 3294 3638 τινάς
3320 3575 3426 3628 τῶν
3455 3573 3670 3646 μαθητῶν

2136 3669 2303 3723 αὐτοῦ
2337 3670 2366 3722 6
2397 3669 2678 3738 Ἰωάννης,
2717 3666 2931 3738 ἔπεμψε
2956 3667 3092 3739 πρὸς
3124 3667 3217 3720 τὸν
3246 3667 3474 3738 Ἰησοῦν,
3501 3666 3668 3733 λέγων·

2132 3762 2206 3815 Σὺ
2239 3757 2291 3814 el
2331 3761 2359 3814 6
2385 3759 2700 3832 ἐρχόμενος,
2731 3759 2764 3831 ἢ
2807 3759 2968 3812 ἄλλον
2997 3759 3420 3832 προσδοκῶμεν;
3463 3761 3670 3827 Παραγε-

2132 3850 2350 3920 νόμενοι
2382 3850 2438 3904 δὲ
2487 3850 2625 3920 πρὸς
2658 3847 2822 3902 αὑτὸν
2850 3849 2900 3902 οἱ
2941 3848 3155 3919 ἄνδρες,
3182 3843 3338 3902 εἷπον
3358 3865 3373 3879 ·
3406 3842 3670 3913 Ἰωάννηςὸ

2131 3940 2447 4011 Βαπτιστὴς
2476 3939 2819 3994 ἀπέσταλκεν
2847 3940 2998 4010 ἡμᾶς
3038 3939 3174 4009 πρός
3209 3954 3294 4004 σε,
3331 3939 3523 4007 λέγων·
3553 3936 3612 3988 Σὺ
3633 3929 3670 3986 εί

2095 4045 2100 4051 ·
2130 4034 2160 4086 6
2193 4032 2509 4105 ἐρχόμενος,
2541 4031 2575 4103 ἢ
2618 4031 2778 4086 ἄλλον
2812 4030 3237 4100 προσδοκῶμεν;
3271 4032 3362 4084 Ἐν
3396 4031 3522 4098 αὐτῇ
3548 4027 3594 4079 δέ
3619 4025 3667 4093 τῇ

2131 4125 2253 4198 ὥρᾳ
2278 4123 2618 4196 ἐθεράπευσε
2660 4121 2889 4187 πολλοὺς
2932 4121 3040 4175 ἀπὸ
3079 4121 3252 4174 νόσων
3296 4121 3389 4175 καὶ
3429 4117 3669 4190 μαστίγων

2129 4219 2225 4271 καὶ
2254 4214 2584 4286 πνευμάτων
2609 4213 2887 4286 πονηρῶν,
2912 4214 3007 4268 καὶ
3041 4214 3260 4282 τυφλοῖς
3285 4213 3493 4276 πολλοῖς
3517 4207 3668 4279 ἐχαρί-

2134 4327 2264 4365 σατο
2297 4307 2359 4362 τὸ
2393 4309 2633 4378 βλέπειν.
2673 4309 2784 4362 Kal
2823 4307 3141 4378 ἀποκριθεὶς
3165 4302 3321 4360 εἶπεν
3353 4306 3557 4367 αὐτοῖς’
3586 4302 3667 4354 Πο-

448 4395 630 4457 distis,
659 4391 804 4461 quod
833 4393 962 4446 caci
993 4392 1233 4460 videant,
1267 4390 1443 4446 claudi
1489 4391 1788 4458 ambulent,
1823 4390 2021 4462 leprosi

2137 4404 2422 4476 ρευθέντες
2452 4400 2828 4471 ἀπαγγείλατε
2873 4399 3118 4470 Ἰωάννη,
3155 4399 3192 4454 ἃ
3213 4398 3383 4453 εἰδετε
3424 4397 3512 4458 καὶ
3535 4391 3668 4465 ἡκού-

451 4485 804 4551 mundentur,
833 4483 984 4541 Surdi
1022 4484 1265 4547 audiant,
1309 4482 1504 4537 mortui
1537 4492 1843 4555 resurgant,
1886 4499 2021 4553 pau-

2131 4513 2282 4564 σατε,
2323 4496 2406 4550 ὅτι
2446 4494 2637 4565 τυφλοὶ
2682 4492 3076 4557 ἀναϐλέπουσι,
3109 4489 3280 4563 χωλοὶ
3308 4486 3664 4564 περιπατοῦσι,

447 4577 672 4648 petilius
732 4575 1085 4631 annuntietur
1136 4575 1530 4645 Evangelium:
1589 4584 1645 4631 ct
1701 4577 1896 4632 beatus
1943 4585 2021 4628 est

2127 4587 2322 4660 λεπροὶ
2347 4586 2738 4656 καθαρίζονται
2757 4625 2772 4650 ,
2801 4585 2976 4654 κωφοὶ
3017 4582 3305 4650 ἀκούουσι,
3337 4579 3512 4654 νεκροὶ
3553 4576 3669 4645 ἐγεί-

449 4669 760 4739 quicunque
789 4685 894 4723 non
933 4668 1100 4722 fuerit
1123 4666 1363 4725 offensus
1397 4683 1496 4739 per
1523 4683 1632 4724 me.
1665 4667 1733 4723 Et
1757 4682 1882 4724 cum
1910 4667 2025 4722 dis-

450 4760 743 4816 cessissent
786 4759 962 4814 nuntii
993 4756 1241 4825 Joannis,
1281 4760 1447 4829 capit
1483 4759 1554 4814 de
1595 4755 1806 4812 Joanne
1845 4755 2030 4812 dicere

450 4867 518 4922 ad
559 4866 747 4920 turbas
777 4881 791 4918 :
842 4862 981 4930 Quid
1014 4863 1204 4918 existis
1236 4861 1286 4915 in
1315 4862 1587 4915 desertum
1637 4867 1694 4913 ut
1725 4854 2028 4912 videretis?

449 4958 769 5012 arundinem
805 4970 924 5026 quia:
979 4965 1143 5009 vento
1183 4950 1458 5021 agitatur?
1513 4950 1622 5005 Sed
1666 4951 1792 5020 quid
1840 4949 2028 5004 existis

450 5048 663 5103 visuri?
710 5048 986 5102 hominem
1035 5045 1288 5100 mollibus
1343 5043 1682 5097 vestimentis
1741 5039 2028 5095 indutum?

453 5141 591 5198 Ecce
628 5142 718 5212 qui
748 5143 948 5196 vestitu
983 5138 1263 5207 splendido
1287 5137 1613 5200 vestiuntur,
1645 5143 1697 5187 et
1732 5133 1785 5187 in
1813 5133 2025 5189 deliciis

453 5244 640 5306 agunt,
675 5234 728 5288 in
762 5232 903 5286 aulis
938 5245 1123 5302 regum
1175 5239 1322 5284 sunt.
1384 5228 1489 5283 Sed
1537 5227 1666 5296 quid
1717 5227 1912 5281 existis
1963 5225 2026 5279 ad

451 5323 788 5382 videndum?
818 5321 1184 5392 prophetam?
1223 5317 1422 5390 Utique
1461 5319 1584 5373 dico
1622 5317 1793 5382 vobis,
1828 5328 1880 5370 et
1911 5316 2029 5386 plus

453 5432 616 5489 quam
647 5416 988 5486 prophetam.
1038 5413 1135 5469 llic
1182 5425 1266 5469 est
1317 5415 1382 5467 de
1439 5426 1544 5482 quo
1593 5410 1856 5480 scriptum
1901 5419 2025 5463 est:

451 5510 595 5567 Ecce
637 5509 793 5563 mitto
823 5507 1073 5578 angelum
1113 5521 1291 5561 meum
1341 5515 1464 5559 ante
1515 5501 1705 5559 faciem
1739 5513 1906 5566 tuam,
1938 5499 2028 5570 qui

453 5599 778 5675 praeparabit
806 5599 947 5653 viam
978 5607 1126 5652 tuam
1173 5609 1300 5651 ante
1339 5605 1412 5652 te.
1471 5594 1600 5650 Dico
1654 5595 1798 5650 enim
1833 5593 2022 5648 vobis:

453 5696 626 5766 λιιι]οτ
654 5695 798 5750 inter
835 5701 994 5748 natos
1026 5690 1319 5745 mulierum
1357 5689 1621 5759 propheta
1677 5685 1884 5742 Joanne
1930 5685 2030 5740 Ba~

451 5789 614 5861 ptista
664 5801 826 5844 nemo
857 5796 975 5843 est:
1029 5793 1271 5840 attamen
1299 5783 1391 5853 qui
1425 5781 1600 5836 minor
1639 5789 1722 5836 est
1756 5781 1810 5835 in
1859 5794 2028 5850 regno

2133 4696 2337 4751 ρονται,
2372 4677 2581 4750 πτωχοὶ
2602 4674 3071 4747 εὐαγγελίζονται.
3105 4675 3215 4728 Kal
3241 4673 3502 4746 μακάριός
3527 4673 3662 4731 ἐστιν,

2129 4773 2186 4838 δς
2226 4775 2326 4827 ἐάν
2374 4770 2450 4842 μὴ
2505 4769 2868 4840 σκανδαλισθῇ
2923 4771 2981 4822 ἐν
3035 4768 3176 4838 ἐμοί.
3229 4767 3580 4820 Ἀπελθόντων
3621 4760 3664 4811 δὲ

2129 4867 2236 4920 τῶν
2286 4865 2532 4933 ἀγγέλων
2588 4863 2859 4928 Ἰωάννου,
2914 4861 3119 4932 ἤρξατο
3168 4859 3351 4927 λέγειν
3394 4859 3498 4919 τοῖς
3523 4852 3664 4922 δχλοις

2133 4959 2264 5028 περὶ
2308 4955 2576 5008 Ἰωάννου·
2626 4954 2691 5006 Τί
2722 4952 3079 5024 ἐξεληλύθατε
3108 4953 3188 5015 είς
3211 4953 3312 5020 τὴν
3345 4950 3536 5021 ἔρημον
3565 4942 3664 4994 θεά·

2135 5047 2365 5112 σαςθαι;
2403 5045 2648 5114 κάλαμον
2692 5042 2796 5096 ὑπὸ
2849 5041 3051 5112 ἀνέμου
3104 5040 3491 5111 σαλευόμενονς
3540 5030 3663 5086 Ἀλλὰ

2132 5143 2184 5195 τί
2212 5141 2568 5212 ἐξεληλύθατε
2594 5137 2752 5203 ἰδεῖν;
2784 5135 3069 5206 ἄνθρωπον
3098 5135 3156 5188 ἐν
3186 5134 3444 5206 μαλακοῖς
3470 5123 3664 5198 ἱματίοις

2131 5231 2546 5304 ἠμφιεσμένονς
2635 5230 2767 5282 Ἰδοὺ
2820 5229 2870 5281 οἱ
2925 5230 2982 5280 ἐν
3041 5225 3318 5299 ἱματισμῷ
3364 5220 3544 5287 ἐνδόξῳ
3590 5213 3662 5304 καὶ

2133 5303 2311 5396 έίλυφῇ
2363 5322 2727 5392 ὑπάρχοντες,
2777 5321 2834 5372 ἐν
2879 5322 2990 5382 τοῖς
3029 5317 3317 5389 βασιλείοις
3348 5314 3497 5368 είσίν.
3535 5303 3660 5396 Ἀλλά

2132 5395 2184 5468 τί
2233 5412 2595 5484 ὲξεληλύθατε
2657 5410 2817 5474 ίδεῖν;
2861 5409 3176 5479 προφήτηνς
3238 5407 3343 5460 Ναὶ
3377 5404 3508 5470 λέγω
3537 5395 3656 5466 ὑμῖν.

2135 5507 2226 5560 καὶ
2267 5505 2658 5575 περισσῦτερον
2691 5501 2992 5571 προφήτου.
3030 5493 3197 5562 Οὗτός
3231 5501 3342 5550 ἐστι
3373 5493 3490 5563 περὶ
3510 5484 3561 5541 οὗ
3589 5486 3657 5551 γέ·

2136 5612 2401 5668 γραπταιο
2438 5595 2567 5646 Ἰδοὺ
2600 5595 2712 5661 ἐγὼ
2747 5591 3063 5646 ἀποστέλλω
3089 5592 3180 5643 τὸν
3211 5587 3430 5658 ἄγγελόν
3464 5599 3551 5654 μου
3577 5576 3658 5645 πρὸ

2135 5686 2428 5760 προσώπου
2459 5701 2574 5748 σου,
2602 5685 2658 5748 ὃς
2690 5684 3093 5739 κατασκευάσει
3115 5683 3213 5754 τὴν
3238 5680 3352 5734 ὀδόν
3378 5695 3462 5732 σου
3490 5676 3652 5744 ἐμπρο-

2138 5777 2264 5833 σθέν
2292 5794 2406 5831 σου.
2444 5778 2605 5845 Λέγω
2633 5776 2738 5848 γὰρ
2775 5776 2926 5847 ὑμῖν,
2977 5775 3176 5845 μείζων
3212 5775 3268 5829 ἐν
3300 5770 3548 5842 γεννητοῖς
3575 5777 3651 5829 γν-
