3896 6452
140 376 250 443 ’189

862 376 1317 443 ΕΝΑΒΒΑΤΙΟ·
1337 376 1421 439 ΙΝ
1457 375 1742 443 EVANGI

1848 379 1962 442 UM
1998 377 2214 442 LUCE
2271 405 2343 416 —
2392 379 2550 443 CAP.
2587 376 2742 446 VII.‘

3305 372 3414 450 790

151 486 525 562 μαρτυρήσας
563 485 694 559 περὶ
724 486 995 560 Χριστοῦ,
1024 488 1120 543 νῦν
1167 489 1497 554 ἀποστείλας
1532 490 1734 562 ἐρωτᾷ,

1848 492 2167 550 testiﬁcetur
2195 492 2265 548 de
2294 506 2401 559 me,
2453 507 2599 549 nunc
2633 502 2813 551 autem
2869 493 3235 566 ignoretdme.
3276 495 3415 551 Nam

145 583 195 634 εἰ
222 581 394 644 αὐτός
441 582 593 634 ἐστιν
632 580 662 633 6
693 580 1009 652 ἐρχόμενος,
1042 581 1133 635 διὰ
1175 581 1333 636 τοῦτο
1364 581 1512 651 λέγει
1539 582 1569 635 6
1604 583 1739 654 Χριο

149 672 273 736 στὸς
303 671 453 741 πρὸς
508 674 632 736 τοὺς
662 673 884 744 ὄχλους,
914 675 997 729 ὅτι
1027 676 1210 744 Μηδὲν
1252 673 1493 731 τοιοῦτον
1531 675 1739 731 ὑπολά-

151 764 283 831 ϐητε
312 765 453 832 περὶ
495 765 762 820 Ἰωάννου.
786 765 880 838 Μὴ
902 766 1017 838 γὰρ
1042 768 1289 838 κάλαμός
1314 768 1485 831 ἐστιν,
1506 766 1581 830 ὡς
1609 768 1740 822 ποτὲ

151 854 253 926 μὲν
285 847 420 921 ὦδε,
464 854 592 908 ποτε
629 855 684 909 δὲ
715 856 833 910 ἐκεῖ
875 856 1173 923 κλίνεσθαι,
1215 858 1315 912 καὶ
1339 856 1434 912 νῦν
1466 859 1566 929 μὲν
1599 860 1742 931 μαρ-

147 950 335 1019 τυρεῖν
367 949 506 1021 περὶ
556 947 713 1020 ἐμοῦ,
743 947 838 1003 νῦν
890 949 948 1004 δὲ
998 951 1216 1020 ἀγνοεῖν
1267 949 1391 1023 ἐμὲ.
1422 948 1489 1005 Ei
1534 952 1641 1024 γάρ
1671 947 1741 1024 ἦν

147 1036 421 1103 τοιοῦτος,
444 1040 592 1105 τίνος
620 1037 809 1094 ἕνεκεν
833 1039 1087 1111 ἐξήλθετε
1118 1042 1199 1106 ei;
1225 1041 1324 1112 τὴν
1359 1041 1566 1114 ἔρημον
1594 1043 1736 1106 τότε,

148 1132 291 1185 ὥστε
323 1131 638 1186 θεάσασθαι
669 1132 873 1202 αὐτὸν;
908 1133 1071 1188 Ἀλλὰ
1103 1133 1313 1207 μήποτέ
1344 1134 1455 1189 ὑπὸ
1477 1136 1578 1207 τῆς
1608 1152 1743 1205 τρυ-

150 1226 255 1293 φῆς
285 1224 567 1297 διεφθάρη
591 1225 684 1281 τὸν
709 1228 857 1292 νοῦν,
895 1226 1034 1281 ἀλλὰ
1078 1226 1239 1299 στολὴ
1269 1225 1547 1282 δείκνυσιν
1580 1227 1741 1281 αὐτὸν

151 1317 417 1389 ὑπεράνω
467 1319 653 1389 πάσης
696 1319 933 1391 τρυφῆς.
961 1320 1025 1373 El
1064 1320 1174 1392 γὰρ
1206 1321 1449 1390 ἐτρύφα,
1484 1321 1544 1375 ὲν
1584 1320 1740 1390 βασι-

149 1408 310 1473 λείοις
334 1411 405 1462 ἂν
434 1404 528 1481 ἦν,
560 1411 722 1466 Ἀλλὰ
750 1413 1037 1483 προφήτην
1061 1413 1225 1479 αὐτὸν
1250 1412 1432 1485 Exue;
1461 1412 1573 1469 Νάὶ
1595 1400 1742 1485 λέγω

152 1502 304 1571 ὑμῖν,
346 1502 448 1556 καὶ
481 1505 869 1577 περισσότερον
901 1507 1205 1577 προφήτου.
1239 1506 1303 1562 οι
1326 1507 1427 1578 μὲν
1458 1508 1567 1579 γὰρ
1592 1508 1742 1564 ἄλλοι

151 1596 422 1661 προεῖπον
456 1612 526 1648 πε
538 1596 590 1667 ρ“ι
623 1597 865 1667 Χριστοῦ
898 1600 1083 1668 μόνον,
1116 1592 1271 1664 οὗτος
1305 1601 1364 1655 δὲ
1395 1602 1486 1656 καὶ
1517 1599 1625 1656 εἶδε
1646 1603 1743 1659 καὶ

152 1686 344 1753 ἔδειξε,
375 1687 563 1758 λέγων
583 1703 599 1718 ⁸
630 1690 737 1743 Ἴδε
775 1690 803 1742 6
846 1690 1044 1761 Ἀμνὸς
1087 1692 1181 1746 τοῦ
1211 1692 1369 1748 Θεοῦ.
1414 1695 1526 1750 Καὶ
1555 1695 1606 1749 οι
1642 1695 1743 1767 μὲν

152 1777 630 1850 άλλοιπροῳῆται,
687 1782 834 1851 μετὰ
861 1783 922 1836 τὸ
979 1783 1218 1848 ἐξελθεῖν
1267 1785 1332 1838 ὲκ
1379 1785 1481 1855 τῆς
1530 1786 1742 1851 κοιλίας

152 1868 258 1923 τῶν
286 1872 552 1944 μητέρων
599 1875 800 1940 αὐτῶν,
833 1877 1254 1947 προεφήτευσαν
1284 1895 1298 1910 υ
1343 1874 1499 1943 οὗτος
1552 1878 1608 1932 δὲ
1649 1880 1744 1935 καὶ
1774 1844 1819 1901 Β

154 1962 258 2034 πρὸ
293 1964 392 2016 τοῦ
443 1962 685 2030 ἐξελθεῖν
709 1968 774 2020 ἐκ
810 1966 910 2035 τῆς
949 1969 1183 2038 μήτρας,
1232 1967 1446 2038 ἐπέγνω
1486 1969 1577 2022 τὸν
1625 1969 1742 2024 Κύ-

158 2071 293 2127 ριον,
323 2058 423 2111 καὶ
451 2058 804 2130 ἐσκίρτησεν.
842 2054 976 2112 Εἶτα
1005 2061 1247 2133 παράγει
1282 2063 1376 2117 καὶ
1410 2062 1502 2117 τὸν
1529 2066 1743 2137 προφή-

156 2164 251 2215 την
281 2148 569 2220 μάρτυρα.
597 2152 734 2221 Φησὶ
760 2150 891 2223 γὰρ,
921 2144 1092 2217 Οὗτός
1119 2154 1236 2208 ἐστι
1272 2157 1399 2227 περὶ
1446 2150 1508 2209 οὗ
1538 2156 1741 2226 γέγρα-

156 2254 303 2292 πταιο
323 2240 466 2294 ἰδού
499 2242 818 2297 ἀποστέλλω
836 2242 928 2298 τὸν
945 2244 1175 2316 ἄγγελόν
1199 2262 1321 2318 μου.
1349 2247 1613 2316 Ἀγγελος
1634 2248 1743 2321 γὰρ

156 2334 184 2385 ὀ
221 2333 505 2403 Ἰωάννης,
545 2336 688 2406 τάχα
726 2336 825 2406 μὲν
862 2336 957 2391 καὶ
995 2337 1084 2392 διὰ
1116 2337 1177 2392 τὸ
1220 2339 1407 2409 σχεδὸν
1453 2340 1614 2395 άῦλον
1649 2340 1742 2395 τοῦ

159 2424 269 2486 βίου
302 2428 396 2480 καὶ
422 2427 745 2496 ἀγγελικὸν,
778 2430 923 2501 τάχα
949 2430 1005 2484 δὲ
1038 2431 1132 2485 καὶ
1166 2431 1255 2485 διὰ
1282 2433 1343 2486 τὸ
1372 2434 1624 2502 ἀγγεῖλαι
1646 2434 1743 2506 τὴν

158 2515 249 2569 105
274 2517 537 2589 Σωτῆρος
567 2519 727 2589 ὲπιδη
738 2520 884 2589 μίαν.
928 2520 1100 2592 Ἀμὴν
1137 2521 1280 2591 λέγω
1314 2523 1465 2593 ὑμῖν,
1490 2525 1591 2579 οὐκ
1615 2526 1745 2597 ὲΥή⁶

156 2623 349 2679 γερτατ
376 2611 437 2662 ὲν
476 2613 763 2680 γεννητοῖς
782 2612 1064 2680 γυναικῶν
1107 2612 1311 2682 μείζων
1341 2615 1608 2674 Ἰωάννου.
1631 2616 1743 2670 τῶν

162 2702 334 2758 ἄλλων
364 2703 598 2758 πάντων
629 2704 862 2775 ἐξαίρων
897 2705 989 2758 τὸν
1013 2705 1350 2778 Πρόδρομον.
1382 2701 1517 2762 Εἶτα
1542 2708 1743 2763 ὡσανεί

157 2810 295 2859 τινος
317 2797 598 2862 είπόντος.
624 2798 735 2851 Καὶ
771 2797 867 2850 σοῦ
899 2796 954 2850 δὲ
986 2796 1175 2863 αὐτοῦ,
1202 2792 1248 2851 ὦ
1278 2799 1501 2869 Χριστὲ,
1541 2799 1743 2870 μείζων

160 2887 333 2954 ἑστίνς
365 2888 607 2956 ἐπάγει·
651 2888 709 2943 ’0
737 2887 793 2942 δὲ
823 2887 1145 2959 μικρότερος
1172 2888 1338 2943 αὐτοῦ
1370 2887 1500 2957 ἐγὼ,
1541 2890 1743 2960 μείζων

160 2979 267 3048 είμὶ
282 2981 339 3033 ὲν
366 2984 433 3050 τῇ
463 2980 718 3052 βασιλείᾳ
746 2980 856 3034 τῶν
873 2980 1141 3052 οὐρανῶν.
1164 2979 1479 3053 Νομίζομαι
1508 2981 1607 3053 μὲν
1633 2983 1742 3054 γὰρ

162 3069 252 3123 νῦν
290 3072 623 3143 μικρότερος
664 3072 831 3126 αὐτοῦ
864 3072 957 3126 καὶ
1006 3072 1150 3126 κατὰ
1181 3073 1463 3141 εὐγένειαν
1501 3074 1594 3128 καὶ
1624 3075 1742 3145 ήλιο

1841 585 1886 641 si
1919 584 2110 642 fuisset
2149 586 2290 652 talis,
2321 585 2475 655 cujus
2501 587 2674 657 gratia
2705 584 3012 645 eaivissetis
3049 588 3104 644 in
3133 590 3411 646 desertum

1841 687 1904 733 ut
1934 679 2188 734 videretis
2217 680 2387 735 eum?
2412 677 2517 735 Sed
2544 691 2719 750 neque
2747 679 2999 735 animum
3017 692 3175 737 suum
3204 681 3415 737 deliciis

1841 773 2103 842 corrupit,
2155 773 2324 829 vestis
2366 770 2509 827 enim
2565 770 2685 843 ejus
2734 768 2979 829 declaras
3026 773 3236 829 deliciis
3288 784 3411 829 eum

1842 866 2178 937 superiorem
2211 878 2357 921 esse.
2392 858 2606 920 Etenim
2635 865 2683 919 si
2727 857 3043 921 a‘rrisissen‘t
3089 860 3138 921 ei
3184 865 3410 930 deliciae,

1844 956 1895 1011 in
1950 957 2171 1026 palatiis
2194 956 2437 1013 vixisset.
2498 957 2573 1010 At
2615 955 2933 1027 prdphetam
2986 957 3142 1011 illum
3187 958 3414 1013 dicitis?
3464 1016 3471 1021 _

1785 1088 1791 1099 .
1843 1049 2045 1120 Utique
2076 1049 2196 1104 dico
2220 1050 2397 1113 vobis,
2431 1048 2604 1120 majdr
2630 1052 2713 1103 est
2740 1047 3024 1120 propheta.
3071 1044 3206 1103 Nam
3233 1049 3322 1104 alii
3351 1050 3418 1104 de

1774 1192 1779 1197 .
1840 1138 2062 1196 Christo
2087 1147 2303 1195 tantum
2322 1140 2721 1210 praedixerunt,
2744 1140 2833 1195 hic
2867 1139 3033 1196 etiam
3063 1149 3120 1195 et
3144 1140 3278 1195 vidit
3303 1182 3319 1207 ,
3364 1150 3421 1196 et

1842 1231 2172 1288 monstravit
2204 1231 2432 1288 dicens:
2489 1231 2631 1288 Ecce
2674 1232 2858 1303 Agnus
2904 1231 2996 1288 ille
3044 1230 3162 1288 Dei.
3209 1228 3275 1287 Et
3327 1232 3419 1287 alii

1844 1323 2062 1394 quidem
2096 1325 2373 1394 prophetae
2419 1317 2869 1396 prdpbetizarunt
2906 1322 3190 1397 postquam
3215 1324 3421 1392 egressi

1844 1418 1972 1471 sunt
2000 1430 2064 1471 ex
2099 1414 2531 1471 uteris‘matrdm
2558 1436 2573 1471 :
2608 1417 2698 1473 hic
2724 1427 2905 1474 autem
2932 1428 3221 1487 antequam
3245 1417 3422 1472 exiret

1843 1507 1911 1561 de
1935 1514 2113 1573 utero,
2144 1510 2365 1578 agnoVit
2386 1506 2693 1576 Dominum,
2725 1518 2781 1565 et
2803 1507 3117 1565 exaul‘tavit.
3149 1507 3275 1563 Post
3306 1508 3421 1562 bmc

1844 1596 2003 1653 εὔει-ι
2033 1598 2090 1653 et
2118 1598 2431 1668 prophetam
2463 1609 2676 1665 testem;
2708 1599 2840 1656 dicit
2870 1600 3023 1655 enim
3051 1618 3067 1655 :
3103 1597 3202 1656 llic
3230 1607 3315 1654 est
3354 1601 3422 1653 de

1843 1705 1951 1762 quo
1979 1690 2240 1761 scriptum
2271 1697 2395 1747 est:
2424 1691 2567 1748 Ecce
2600 1693 2759 1747 mitto
2789 1692 3041 1762 angelum
3073 1702 3272 1748 meum.
3302 1691 3420 1744 And

1846 1785 1999 1857 gelus
2022 1785 2167 1841 enim
2196 1784 2432 1842 Joannes
2470 1784 2610 1850 fuit,
2651 1784 2900 1841 fortassis
2941 1784 3086 1854 quod
3120 1778 3419 1855 angelicam

1844 1878 2010 1933 vitam
2060 1885 2118 1935 et
2170 1893 2279 1934 non
2332 1876 2629 1943 carnalem,
2684 1876 2779 1933 sed
2834 1876 3172 1947 spiritualem
3226 1874 3419 1947 egerit,

1843 1970 2100 2027 fortassis
2133 1969 2298 2026 etiam
2320 1969 2473 2039 quod
2500 1969 2786 2025 adventum
2809 1968 3105 2024 Salvatoris
3133 1968 3421 2022 lill‘tttia't‘ii.

1842 2065 2016 2119 Amen
2049 2063 2171 2118 dico
2200 2062 2379 2130 vobis,
2427 2076 2538 2117 non
2583 2060 2823 2117 surrexit
2860 2061 3002 2115 inter
3040 2070 3195 2116 natos
3226 2060 3422 2116 muiie‘

1845 2169 1965 2210 rum
2000 2154 2173 2226 major
2221 2152 2451 2211 Joanne.
2484 2152 2712 2209 Praefert
2745 2152 2866 2208 aliis
2895 2149 3157 2208 omnibus
3176 2152 3425 2207 Prmcura

1847 2261 2048 2304 sarem.
2085 2244 2291 2302 Deinde
2325 2245 2482 2316 quasi
2534 2245 2656 2315 quis
2678 2243 2926 2309 dixisset,
2960 2243 3044 2298 An
3075 2251 3132 2298 et
3171 2252 3222 2298 te
3253 2242 3426 2313 major

1846 2338 1936 2394 ille
1971 2337 2120 2393 est?
2171 2336 2397 2394 subdit:
2450 2335 2565 2406 Ego
2614 2347 2795 2391 autem
2825 2335 2917 2404 qui
2951 2335 3131 2390 minor
3159 2334 3251 2391 illo
3278 2350 3420 2400 sum,

1845 2430 2020 2499 major
2066 2444 2187 2486 sum
2236 2429 2290 2486 in
2341 2443 2508 2501 regno
2542 2428 2826 2484 caelorum.
2859 2427 3071 2484 Habeor
3102 2427 3247 2484 enim
3280 2441 3424 2485 nunc

1846 2526 2026 2580 minor
2063 2524 2157 2579 illo
2183 2531 2239 2580 et
2265 2533 2489 2593 pr0pter
2535 2529 2774 2588 aetatem,
2806 2530 2861 2576 et
2893 2531 3111 2591 propter
3139 2535 3332 2592 genus,
3365 2528 3423 2576 et

1844 2627 2066 2688 propter
2090 2616 2339 2686 gloriam,
2386 2616 2480 2672 sed
2532 2615 2585 2671 in
2632 2628 2800 2685 regno
2829 2614 3091 2669 cmlorum
3121 2614 3297 2683 major
3331 2613 3424 2669 illo

1844 2725 1988 2775 sum,
2023 2710 2125 2765 hoc
2155 2717 2259 2774 est,
2293 2708 2347 2763 in
2399 2707 2659 2763 omnibus
2703 2706 2899 2762 divinis
2941 2714 2997 2761 et
3024 2705 3419 2776 spiritualibus.

1848 2799 2083 2856 Proinde
2112 2799 2292 2855 omnis
2313 2797 2541 2869 populus
2568 2796 2659 2866 qui
2689 2796 2936 2853 audierat
2960 2795 3247 2861 Joannem,
3269 2796 3424 2867 justi-

1847 2895 2031 2950 iicavit
2061 2893 2249 2960 Deum,
2282 2892 2383 2948 hoc
2405 2899 2508 2956 est,
2534 2891 2935 2947 bonoraverunt
2955 2888 3148 2955 Deum,
3177 2902 3245 2945 eo
3273 2888 3417 2959 quod

1846 2985 2162 3057 prophetam
2190 2986 2307 3054 ejus
2343 2982 2444 3053 ipsi
2488 2981 2902 3053 suscepissent:
2935 2981 3192 3037 Pharisaei
3237 2990 3419 3036 autem

1849 3089 1953 3129 non
1995 3074 2405 3128 bonoraverunt
2455 3070 2622 3127 Deum
2648 3110 2662 3138 ,
2725 3084 2832 3125 non
2893 3079 3149 3141 suscepto
3193 3068 3424 3125 Joanne.

162 3161 278 3215 κῖαν
300 3164 394 3218 καὶ
446 3164 634 3230 δόξαν,
683 3165 802 3219 ἀλλ’
852 3165 910 3218 ἐν
955 3167 1023 3236 τῇ
1059 3163 1307 3237 βασιλείᾳ
1347 3164 1457 3220 τῶν
1500 3166 1742 3238 οὐρανῶν

1848 3165 2076 3233 Quidam
2107 3173 2313 3232 autem,
2339 3163 2482 3219 inter
2511 3162 2651 3219 ﬁlios
2691 3160 3003 3228 mulierum,
3031 3162 3111 3217 sic
3142 3161 3453 3235 intellexey

166 3253 354 3323 μείζων
384 3256 562 3310 αὐτοῦ
600 3257 738 3326 εἰμι,
797 3256 1078 3310 τουτέστιν
1119 3258 1187 3310 ὲν
1241 3258 1378 3311 πᾶσι
1429 3260 1541 3322 τοῖς
1576 3258 1741 3322 θείοις

1851 3266 2000 3323 runt,
2030 3257 2172 3328 quod
2202 3258 2339 3312 bene
2371 3256 2589 3321 dixerit,
2625 3257 2766 3311 inter
2808 3254 2944 3311 ﬁlios
2980 3254 3309 3311 mulierum:
3345 3256 3424 3312 ita

164 3344 249 3397 καὶ
292 3350 713 3417 πνευματικοῖς.
783 3350 901 3411 Πᾶς
957 3348 1051 3403 οῦν
1103 3350 1132 3403 6
1161 3348 1289 3413 λαὸς
1352 3350 1590 3414 ἀκούσας
1645 3352 1738 3406 τοῦ

177 3437 436 3506 Ἰωάννου,
487 3440 814 3495 ἐδικαίωσαν
847 3441 937 3496 τὸν
968 3441 1122 3507 Θεὸν,
1158 3442 1438 3497 τουτέστιν
1472 3443 1741 3516 ἐτίμησαν

164 3529 247 3584 τὸν
278 3534 434 3599 Θεὸν,
485 3535 569 3588 ὅτι
616 3535 708 3588 τὸν
749 3536 1036 3605 προφήτην
1067 3534 1232 3588 αὐτοῦ
1279 3534 1550 3600 ἐδέξαντο.
1592 3537 1657 3590 Ol.
1683 3520 1741 3591 δὲ

165 3623 434 3694 Φαρισαῖοι
458 3624 741 3696 ἠτίμασαν
756 3625 849 3678 τὸν
869 3625 1025 3689 Θεὸν,
1052 3624 1125 3695 μὴ
1146 3623 1430 3693 δεξάμενοι
1463 3624 1737 3694 Ἰωάννην.

167 3716 310 3779 Τινὲς
334 3717 390 3772 δὲ
412 3717 503 3783 τὸ,
536 3719 593 3772 ἐν
625 3719 905 3788 γεννητοῖς
953 3715 1252 3784 γυναικῶν,
1278 3715 1451 3779 οὕτως
1485 3716 1739 3786 ἐνόησαν,

166 3806 238 3860 ὅτι
260 3809 440 3875 καλῶς
478 3806 653 3876 εἶπεν,
690 3811 750 3863 ἐν
800 3810 1078 3878 γεννητοῖς
1112 3806 1740 3880 γυναικῶν,τύπεξαίρων

169 3899 346 3955 ἑαυτὸν
374 3905 403 3955 6
438 3902 668 3974 Κύριος.
702 3903 873 3966 Αὐτὸς
899 3903 1010 3972 γὰρ
1049 3901 1325 3973 παρθένου
1358 3897 1429 3972 ἦν
1459 3902 1737 3974 γεννητὸς,

168 3990 277 4061 οὐχὶ
330 3994 614 4062 γυναικὸς,
666 3995 1359 4066 τουτέστι·γεγαμημένης
1402 3994 1575 4066 ἀνδρί.
1629 3990 1742 4051 Καὶ

170 4083 242 4146 τὸ,
268 4086 294 4139 6
324 4087 657 4158 μικρότερος
695 4087 752 4140 δὲ
797 4088 861 4140 ὲν
906 4089 973 4158 τῇ
1030 4086 1275 4158 βασιλεία
1316 4088 1427 4140 τῶν
1470 4086 1738 4157 οὐρανῶν,

170 4172 328 4238 ἄλλως
376 4176 637 4247 ἐνόησαν,
679 4177 762 4230 ὅτι
791 4178 820 4229 6
852 4177 1177 4247 μικρότερος
1207 4178 1264 4230 ὲν
1294 4177 1373 4247 τῷ
1431 4176 1572 4230 κατὰ
1606 4177 1740 4247 Χρι-

175 4264 285 4318 στὸν
319 4266 442 4339 βίῳ,
478 4268 681 4338 μείζων
713 4268 806 4321 ἐπὶ
834 4268 929 4321 105
970 4272 1029 4322 ὲν
1066 4269 1144 4340 τῷ
1164 4269 1314 4341 νόμῳ
1345 4267 1580 4333 δικαίου,
1628 4264 1740 4324 οἷον

183 4354 428 4430 Ἰωάννης
475 4360 574 4430 μὲν
624 4359 765 4414 κατὰ
811 4360 911 4432 τὴν
950 4363 1007 4415 ὲν
1062 4360 1142 4432 τῷ
1185 4361 1336 4432 νόμῳ
1393 4360 1740 4434 δικαιοσύνην

172 4446 472 4518 ἄμεμπτος.
524 4450 592 4506 Et
625 4469 711 4515 τις
778 4452 837 4506 δὲ
886 4452 1087 4524 εὐρεθῇ
1134 4452 1568 4525 βεϐαπτισμένος
1615 4453 1736 4525 μὲν,

1848 3349 1989 3404 enim
2021 3347 2235 3416 excepit
2284 3347 2519 3417 seipsum
2564 3346 2846 3412 Dominus,
2879 3347 3316 3418 quandoquidem
3358 3347 3426 3403 dc

1849 3442 2058 3513 virgine
2092 3440 2258 3497 fuerit
2289 3450 2472 3508 natus,
2499 3454 2605 3496 non
2637 3441 2703 3496 de
2735 3440 2960 3497 muliere
2981 3441 3152 3517 virum
3177 3448 3424 3510 experta.

1849 3533 1919 3588 Et
1948 3534 2090 3604 quod
2119 3533 2272 3602 dicit,
2310 3535 2494 3590 minor
2522 3535 2574 3588 in
2606 3544 2771 3604 regno
2802 3533 3091 3599 caelorum,
3135 3531 3291 3588 aliter
3341 3531 3426 3586 in-

1850 3626 2198 3682 tellexerunt.
2250 3626 2425 3682 Minor
2459 3626 2514 3682 in
2566 3627 2674 3681 vita
2724 3625 3067 3694 Christiana,
3123 3624 3295 3694 major
3345 3633 3429 3682 est

1846 3718 1996 3790 justo
2017 3718 2172 3787 juxta
2205 3718 2399 3791 legem,
2435 3728 2494 3775 ut
2518 3717 2758 3775 Joannes
2805 3718 2959 3790 juxta
2992 3718 3262 3789 justitiam
3289 3717 3426 3789 legis

1849 3821 1972 3867 erat
2027 3810 2540 3880 irreprehensibilis.
2602 3810 2658 3866 Si
2718 3812 2841 3882 quis
2900 3821 3080 3867 autem
3118 3811 3428 3867 inveniatur

1849 3902 2158 3974 baptizatus
2206 3890 2467 3973 quidem,
2520 3902 2756 3956 nondum
2811 3912 2992 3958 autem
3024 3901 3197 3974 320
3225 3900 3423 3955 malum

1849 3995 2119 4065 quoddam
2152 3994 2236 4049 vel
2282 3996 2481 4050 bonum
2514 4004 2774 4064 Operatns
2805 3994 2988 4061 fuerit,
3030 3996 3119 4051 hic
3167 3996 3426 4051 minimus

1848 4098 1932 4143 est
1970 4088 2023 4142 in
2078 4101 2245 4158 regno
2305 4085 2589 4153 etelorum,
2630 4087 2731 4143 hoc
2778 4095 2881 4154 est,
2937 4087 2992 4143 in
3042 4088 3428 4158 praedicatione

1850 4176 2078 4244 Christi,
2108 4186 2348 4230 attamen
2386 4176 2557 4244 major
2587 4188 2673 4232 est
2701 4191 2808 4231 non
2846 4177 3155 4246 baptizata,
3179 4178 3431 4248 quamvis

1848 4268 1941 4325 ille
1974 4269 2027 4322 in
2053 4266 2170 4338 lege
2189 4267 2367 4337 justus
2389 4266 2569 4321 fuerit.
2595 4265 2689 4322 Vel
2712 4266 2908 4322 aliter:
2936 4267 3024 4323 Sis
3050 4266 3178 4325 licet
3202 4268 3424 4325 minime

1849 4360 2107 4426 carnalis,
2144 4358 2243 4414 sed
2261 4358 2435 4415 ferme
2466 4365 2527 4414 ut
2548 4356 2789 4416 Joannes
2811 4360 3148 4431 spiritualis:
3180 4370 3424 4417 attamen

1849 4452 2289 4526 quandoquidem
2321 4453 2499 4509 adhuc
2539 4454 2590 4509 in
2623 4468 2788 4510 carne
2816 4469 2876 4511 es
2897 4494 2911 4520 ,
2946 4463 3231 4526 propterea
3264 4455 3426 4510 mini-

176 4539 330 4609 μήπω
378 4542 440 4596 δέ
482 4560 535 4596 τι
586 4543 758 4597 κακὸν
812 4544 845 4614 ἢ
905 4544 1109 4613 ἀγαθὸν
1146 4546 1542 4617 ἐργασάμενος,
1583 4539 1740 4610 οὗτος

1848 4560 1968 4602 mus
2011 4545 2065 4601 in
2112 4544 2534 4611 resurrectione,
2563 4561 2724 4618 quam
2755 4561 2977 4617 regnum
3013 4546 3274 4603 caelorum
3307 4560 3430 4603 esse

175 4632 444 4703 ἐλάχιστος
466 4635 541 4690 ὣν
561 4638 620 4690 ὲν
640 4639 704 4707 τῇ
731 4637 983 4710 βασιλείᾳ
1028 4636 1137 4692 τῶν
1166 4637 1434 4709 οὐρανῶν,
1462 4637 1743 4694 τουτέστιν

173 4720 225 4774 ὲν
257 4725 331 4794 τῷ
361 4726 508 4781 κατὰ
551 4728 791 4797 Χριστὸν
832 4728 1174 4799 κηρύγματι,
1213 4728 1362 4799 ὅμως
1394 4728 1596 4799 μείζων
1627 4729 1743 4782 ἐστὶ

174 4813 260 4867 τοῦ
292 4818 654 4884 άδαπτίστου,
707 4820 766 4872 ὲν
803 4819 954 4891 νόμῳ
988 4819 1045 4873 δὲ
1101 4804 1334 4873 δικαίου.
1366 4818 1476 4878 Καὶ
1533 4818 1740 4883 ἄλλωςο

175 4903 250 4958 ὅτι
275 4911 320 4962 εί
350 4911 449 4966 καὶ
482 4912 723 4983 ἄσαρκος
759 4911 958 4983 μικροῦ
982 4914 1010 4966 6
1045 4913 1320 4982 Ἰωάννης,
1344 4912 1437 4964 καὶ
1456 4910 1623 4985 άῦλος
1650 4908 1743 4966 οὖν

1852 4637 2003 4705 dicit,
2061 4638 2233 4706 major
2277 4646 2329 4693 te
2382 4648 2489 4693 est.
2543 4638 2697 4694 Tunc
2737 4640 2881 4695 enim
2920 4638 2988 4693 ab
3023 4638 3429 4706 incorruptione

1850 4732 2001 4789 omni
2029 4731 2207 4799 liberi,
2239 4746 2344 4787 non
2390 4731 2532 4787 ultra
2559 4730 2713 4801 juxta
2756 4746 2975 4787 carnem
3005 4729 3425 4787 ambulabimus.

1853 4821 1920 4876 Et
1948 4822 2040 4892 qui
2075 4831 2203 4877 tunc
2235 4835 2453 4890 parvus,
2489 4822 2667 4893 major
2703 4831 2790 4879 est
2819 4838 2884 4880 eo
2914 4824 3010 4892 qui
3043 4837 3188 4878 nunc
3209 4821 3424 4892 quidem

1853 4922 1932 4967 est
1968 4912 2172 4980 justus,
2202 4911 2299 4966 sed
2336 4925 2556 4966 carnem
2592 4912 2768 4968 adhuc
2799 4921 2995 4985 gestat.

179 5002 328 5057 ἔτιὲν
357 5007 546 5077 σαρκί.
580 5009 693 5063 Καὶ
720 5007 808 5061 διὰ
836 5008 994 5062 τοῦτο
1025 5011 1053 5063 6
1086 5007 1371 5079 ἐλάχιστος
1441 5009 1499 5061 ἐν
1551 5011 1617 5081 τῇ
1682 5008 2001 5074 ἀναστάσει,
2046 5008 2112 5079 ἢν
2179 5007 2456 5080 βασιλείαν
2508 5006 2753 5077 οὐρανῶν
2824 5001 2964 5060 εἷναί
3013 5020 3168 5076 φησι,
3224 5002 3428 5072 μείζων

181 5097 334 5152 αὐτοῦ
370 5102 507 5154 ἐστι.
537 5100 671 5154 Τότε
709 5101 829 5174 γὰρ
854 5100 1073 5166 τελείως
1105 5099 1585 5172 άφθαρτισθέντες,
1608 5103 1708 5157 οὐκ
1734 5102 1816 5157 ἔτι
1853 5103 1995 5157 κατᾶ
2023 5103 2199 5174 σάρκα
2237 5103 2706 5174 περιπατήσομεν.
2734 5092 2842 5152 Καὶ
2869 5099 2898 5151 6
2926 5098 3046 5151 τότε
3076 5095 3272 5169 μικρὸς
3303 5097 3428 5168 μεί-

182 5189 279 5252 ζων
317 5196 432 5251 ἐστὶ
472 5197 567 5251 τοῦ
603 5196 699 5251 νῦν
735 5197 948 5251 δικαίου
989 5197 1110 5268 μὲν,
1143 5195 1286 5268 πλὴν
1323 5195 1405 5252 ἔτι
1444 5196 1623 5269 σάρκα
1652 5196 1966 5271 φοροῦντος.

256 5323 274 5355 ι
303 5302 436 5362 Εῐπε
488 5310 545 5365 δὲ
576 5313 603 5364 6
637 5310 867 5384 Κύριος
904 5310 1027 5364 Τίνι
1078 5305 1172 5366 05v
1212 5311 1466 5383 ὁμοιώσω
1491 5314 1620 5377 τοὺς
1659 5314 1754 5367 ἀν-

188 5391 426 5465 θρώπους
458 5403 557 5473 τῆς
585 5404 779 5472 γενεᾶς
811 5402 1015 5477 ταύτης
1041 5420 1058 5472 ;
1090 5404 1184 5458 καὶ
1215 5404 1325 5459 τίνι
1372 5406 1510 5459 εἰσὶν
1539 5408 1753 5477 ὄμοιοι;

1919 5311 2084 5369 Vens.
2116 5310 2307 5369 50—35.
2339 5330 2359 5366 ι
2394 5311 2488 5368 Ait
2522 5319 2699 5367 autem
2732 5309 3032 5365 Dominus:
3067 5307 3168 5363 Cui
3192 5276 3321 5379 ergo
3353 5308 3426 5364 si-

1850 5403 2003 5459 miles
2023 5405 2200 5460 dicam
2223 5404 2468 5460 homines
2486 5401 2850 5474 generationis
2870 5399 3069 5465 huius?
3091 5408 3145 5455 et
3161 5401 3245 5457 cui
3275 5399 3429 5456 simi-

190 5484 391 5556 Ὀμοιοί
417 5495 522 5547 είσι
553 5495 788 5558 παιδίοις
815 5498 931 5559 τοῖς
963 5496 1023 5549 ὲν
1063 5498 1241 5568 ἀγορᾷ
1274 5497 1628 5570 καθημένοις,
1660 5500 1742 5553 καί

1849 5497 1931 5552 les
1970 5497 2137 5551 sunt?
2167 5494 2384 5552 Similes
2418 5504 2546 5552 sunt
2573 5495 2759 5565 pueris
2785 5493 3100 5550 sedentibus
3120 5492 3173 5547 in
3203 5492 3342 5560 fore,
3372 5501 3428 5547 et

192 5584 588 5652 προσφωνοῦσιν
642 5586 894 5657 ἀλλήλοις
942 5587 1036 5641 καὶ
1082 5587 1332 5658 λέγουσιν
1355 5607 1371 5622 ο
1421 5589 1749 5661 Ηύλήσαμεν

191 5666 331 5737 ὑμῖν,
363 5676 455 5728 καὶ
492 5676 594 5730 οὐκ
623 5676 973 5748 ὠρχήσασθε.
1022 5678 1437 5750 Ἐθρηνήσαμεν
1485 5680 1636 5752 ὑμῖν,
1658 5680 1761 5734 καὶ

191 5759 286 5812 ινύκ
313 5763 633 5825 ἐκλαύσατε.
681 5769 939 5842 Ἐλήλυθε
966 5769 1078 5841 γὰρ
1113 5770 1367 5841 Ἰωάννης
1389 5772 1418 5824 6
1445 5771 1756 5841 Βαπτιστὴς

195 5851 323 5922 μήτε
348 5857 508 5929 ἄρτον
539 5861 759 5931 ἐσθίων,
803 5864 941 5934 μήτε
976 5860 1116 5917 οἶνον
1156 5861 1349 5930 πίνων,
1384 5860 1478 5916 καὶ
1525 5861 1713 5932 λέγετε
1736 5878 1749 5892 ·

1851 5590 2277 5646 acclamantibus
2319 5590 2459 5645 inter
2491 5604 2573 5656 se,
2615 5604 2677 5644 ac
2703 5588 3002 5644 dicentibus
3033 5584 3426 5645 :Cantavimus

1854 5681 2006 5736 vobis
2035 5679 2207 5747 tibiis,
2237 5689 2293 5735 et
2317 5695 2422 5735 non
2453 5681 2714 5746 saltastis,
2755 5677 3053 5735 cecinimus
3093 5678 3246 5733 vobis
3270 5677 3427 5746 lugu-

1854 5771 1995 5839 bria,
2029 5780 2082 5826 et
2113 5787 2220 5826 non
2254 5770 2525 5843 plorastis.
2556 5768 2717 5824 Venit
2747 5767 2890 5825 enim
2923 5764 3158 5823 Joannes
3187 5766 3428 5837 Baptista

1854 5878 2028 5933 neque
2057 5860 2220 5919 edens
2261 5876 2479 5933 pauent,
2514 5874 2686 5933 neque
2720 5860 2906 5917 bibens
2941 5857 3163 5920 νεηνίῃ.)
3199 5867 3253 5914 et
3288 5855 3424 5913 dici-
