3896 6452
506 342 610 408 7.“!

1428 351 2005 417 THEOPHYLACTl
2047 357 2461 419 BU'LGARIE
2501 357 2859 421 ARCHIEP.
2942 369 2944 372 ’
3617 366 3698 432 7θέ

512 465 616 519 tis:
653 460 989 518 Dmmonium
1021 462 1204 519 habet.
1252 463 1411 521 Venit
1455 464 1623 522 Filius
1655 468 1890 524 hominis
1924 468 2086 524 edens

2196 472 2485 540 Δαιμόνιον
2536 469 2672 540 ἔχει.
2731 469 3018 542 Ἐλήλυθεν
3066 471 3094 525 6
3143 471 3271 536 Tib;
3327 471 3419 526 τοῦ
3467 474 3697 549 Mde

513 571 577 611 ac
603 555 817 621 bibens,
845 563 901 610 et
931 555 1151 612 dicitis:
1183 554 1324 614 Ecce
1350 557 1514 616 homo
1546 561 1704 627 edax,
1737 569 1790 616 et
1847 561 1958 616 vini
1990 577 2089 629 po-

514 657 617 712 tor,
644 648 853 704 amicus
873 648 1287 717 publicanorum
1321 665 1387 706 ac
1413 662 1780 722 peccatorum,
1815 649 1884 707 Et
1923 654 2086 724 justi-

511 736 674 793 ticata
713 748 797 795 est
848 739 1113 810 sapientia
1180 756 1210 797 a
1243 741 1370 798 ﬁliis
1401 744 1517 799 suis
1561 745 1834 801 omnibus.
1869 765 1890 798 ι
1957 746 2088 802 Erat

511 828 780 897 quoddam
814 830 922 885 ludi
953 845 1126 900 genus
1158 833 1299 903 apud
1339 831 1576 891 Iudaeos.
1603 836 1661 888 ln
1715 846 1899 906 partes
1943 837 2087 891 enim

511 920 646 974 duas
677 911 829 990 pueri
861 923 1012 977 multi
1036 925 1437 992 dividebantur,
1473 936 1529 981 et
1559 929 1710 997 quasi
1752 929 1916 984 vitam
1945 929 2091 984 deri-

511 1011 731 1079 debant,
773 1013 862 1068 alii
895 1029 960 1070 ex
993 1031 1096 1071 una
1154 1027 1308 1086 parte
1360 1018 1842 1075 lamentabantur:
1894 1023 1986 1077 alii
2021 1038 2090 1078 ex

511 1105 676 1159 altera
712 1107 855 1162 tibiis
894 1108 1164 1164 canebant
1204 1127 1221 1166 :
1252 1119 1312 1166 et
1328 1126 1504 1182 neque
1553 1112 1795 1182 lugentes
1825 1117 2092 1172 curabant

512 1198 566 1252 hi
600 1199 692 1267 qui
715 1215 780 1254 ex
817 1199 986 1255 altera
1020 1211 1173 1272 parte
1203 1223 1218 1258 :
1245 1219 1419 1272 neque
1451 1205 1700 1262 tibicines
1752 1207 1900 1278 ipsos
1925 1224 2083 1265 cura-

510 1291 641 1345 bant
669 1292 721 1346 hi
755 1294 847 1362 qui
895 1295 1167 1364 lugebant.
1201 1295 1376 1352 Taxat
1411 1298 1576 1369 igitur
1607 1299 1866 1357 Dominus
1893 1301 2088 1358 Phari-

510 1395 664 1450 szeos,
687 1384 777 1455 qui
811 1400 983 1456 neque
1014 1386 1271 1457 lugebant
1300 1403 1421 1444 cum
1448 1389 1658 1446 Joanne
1701 1391 1983 1465 lugubrem
2013 1395 2091 1450 vi-

511 1483 618 1528 tam
675 1484 883 1546 agente,
931 1486 984 1532 et
1039 1479 1416 1549 pmnitentiam
1465 1481 1865 1550 introducente,
1917 1500 2090 1556 neque

508 1581 630 1620 eum
667 1566 1026 1627 imitabantur
1062 1589 1077 1626 :
1112 1586 1288 1641 neque
1338 1573 1790 1646 obtemperabant
1827 1575 1954 1633 Jesu
2004 1580 2086 1633 vi-

509 1667 617 1710 tam
652 1671 761 1726 prae
787 1672 846 1713 se
881 1659 1072 1716 ferenti
1108 1662 1406 1718 civilioretn
1441 1679 1456 1718 :
1497 1667 1589 1722 sed
1623 1668 1812 1724 ambos
1863 1670 2091 1740 repelle-

507 1749 655 1814 bant,
688 1765 788 1823 nec
818 1751 1062 1822 lugentes
1096 1769 1222 1810 cum
1260 1755 1471 1814 Joanne
1498 1757 1733 1828 lugente,
1769 1776 1943 1832 neque
1965 1776 2090 1818 con-

2193 561 2390 616 ἐσθίων
2419 560 2514 615 καὶ
2553 560 2744 625 πίνων,
2773 560 2868 614 καὶ
2889 561 3098 629 λέγετε,
3127 560 3257 616 Ἰδοὺ
3279 562 3540 634 ἄνθρωπος
3571 572 3699 638 φάγος

2194 653 2291 708 καὶ
2316 651 2623 723 οἰνοπότης,
2667 653 2821 723 φίλος
2856 653 3106 707 τελωνῶν
3150 655 3247 710 καὶ¹
3271 655 3602 728 ἁμαρτωλῶν,
3633 667 3701 720 καὶ

2193 745 2490 816 ἐδικαιώθη
2516 747 2550 815 ή
2585 747 2748 816 σοφία
2773 745 2884 800 ἀπὸ
2910 745 3017 798 τῶν
3042 745 3245 800 τέκνων
3279 747 3444 816 αὐτῆς
3475 752 3698 813 tantum

2191 833 2302 890 Ἦν
2326 853 2381 890 τι
2417 836 2570 908 παρὰ
2601 839 2716 900 τοῖς
2767 837 3043 899 Ἰουδαίοις
3075 833 3212 902 εἶδος
3241 838 3452 902 παιδιᾶς
3493 843 3700 910 τοιοῦτον,

2194 929 2276 992 είς
2307 928 2448 1001 μέρη
2471 928 2566 982 δύο
2598 928 2810 1000 πληθὺς
2835 929 3064 983 παιδίων
3096 929 3373 1000 ἐτέμνετο.
3397 932 3498 984 Kal.
3524 935 3601 987 τὸν
3617 937 3700 1007 βίον

2192 1020 2393 1074 ὡσανεὶ
2431 1021 2717 1090 γελῶντες,
2751 1020 2802 1074 οἱ
2829 1021 2928 1091 μὲν
2967 1020 3120 1075 ἔνθεν
3154 1021 3433 1091 ἐθρήνουν,
3459 1023 3504 1074 οἱ
3527 1023 3574 1077 δὲ
3595 1027 3701 1080 ἐκεῖ·

2193 1112 2285 1168 θεν
2305 1113 2523 1184 ηὔλουν.
2565 1114 2676 1167 Καὶ
2713 1112 2838 1167 οὔτε
2897 1116 3008 1178 τοῖς
3046 1113 3335 1184 θρηνοῦσιν
3366 1114 3414 1166 οἱ
3447 1114 3531 1168 τοῦ
3562 1119 3704 1190 ἑτέρου

2196 1205 2399 1278 μέρους
2435 1205 2794 1272 συνετίθεντο,
2824 1204 2951 1260 οὔτε
2981 1207 3094 1268 τοῖς
3130 1203 3385 1260 αὐλοῦσιν
3411 1201 3559 1260 οὗτοι.
3592 1210 3709 1264 Ἐπι-

2195 1301 2438 1354 σκώπτει
2465 1299 2646 1353 τοίνυν
2700 1299 2729 1352 6
2773 1297 2978 1371 Κύριος
3009 1297 3103 1350 καὶ
3151 1284 3279 1359 τοὺς
3318 1297 3634 1386 Φαρισαίους,
3652 1301 3706 1364 ῶς

2191 1389 2432 1444 τοιοῦτόν
2467 1408 2521 1445 τι
2574 1388 2886 1452 ποιοῦντας.
2924 1387 3064 1443 Οὔτε
3106 1386 3213 1458 γὰρ
3263 1385 3341 1456 τῷ
3381 1386 3580 1460 Ἰωάννῃ
3605 1385 3706 1461 θρηο

2191 1481 2414 1551 νητικδν
2462 1481 2576 1553 βίον
2631 1481 2837 1552 βιοῦντι
2888 1482 2984 1534 καὶ
3027 1479 3323 1550 μετάνοιαν
3374 1479 3702 1550 εἰσηγουμένῳ,

2194 1575 2602 1647 συνεπένθησαν
2648 1575 2681 1646 ἢ
2725 1575 3090 1645 ἐμιμήσαντο,
3129 1572 3256 1626 οὔτε
3308 1572 3385 1640 τῷ
3427 1572 3582 1640 Ἰησοῦ
3624 1573 3706 1642 βίον

2192 1668 2622 1739 ἐπιδεικνυμένῳ
2659 1667 2940 1739 χαρίεντγ,
2996 1665 3332 1735 ἐπείσθησαν
3372 1665 3404 1736 ἢ
3445 1664 3701 1719 συνέθεντο¹

2193 1761 2309 1814 ἀλλ’
2361 1761 2708 1831 ἀμφοτέρους
2762 1760 3061 1813 ἀπώσαντο
3086 1800 3101 1823 ,
3146 1758 3289 1828 μήτε
3337 1756 3416 1826 τῷ
3475 1755 3703 1826 Ope-vatim

507 1842 750 1899 cinentes
781 1859 901 1900 cum
925 1846 1052 1903 Jesu
1113 1850 1261 1906 tibiis
1310 1861 1559 1918 canente,
1622 1854 1723 1908 hoc
1752 1865 1856 1918 est,
1897 1857 2085 1912 remis-

2207 1828 2426 1922 Ἰωάννη
2457 1828 2909 1921 συνθνρηνοῦντες,
2946 1850 3083 1919 μήτε
3112 1848 3191 1918 τῷ
3217 1846 3465 1901 αὐλοῦντι
3487 1846 3569 1900 καὶ
3595 1849 3703 1900 ἀνει-

507 1937 678 1992 siore.
711 1938 776 1993 Et
798 1939 1093 2008 justilicata
1116 1952 1201 2000 est
1233 1945 1522 2014 sapientia,
1546 1946 1647 2001 hoc
1670 1957 1773 2013 est,
1801 1949 2085 2015 honorata,

508 2045 613 2084 non
644 2045 672 2084 a
703 2031 1014 2100 Pharisaeis,
1063 2035 1156 2090 sed
1207 2053 1235 2091 a
1274 2036 1400 2093 liliis
1444 2039 1580 2106 suis,
1637 2040 1688 2094 id
1719 2049 1820 2106 est,
1856 2041 1941 2097 his
1995 2044 2086 2112 qui

510 2134 861 2193 susceperunt
890 2125 1072 2181 Jesum
1097 2137 1150 2182 et
1172 2126 1455 2185 Joannem.

581 2416 960 2474 Vsas.56-6~3.
994 2439 1012 2472 ι
1054 2418 1299 2492 Rogabat
1368 2431 1547 2479 autem
1593 2423 1744 2480 illum
1794 2425 2008 2496 quidam
2059 2441 2089 2484 e

2193 1942 2338 2012 μένῳ
2367 1942 2543 2013 Ἰησοῦ
2571 1940 3096 2012 συμφοροῦντεςα).
3119 1940 3233 1997 Καὶ
3262 1939 3444 1993 λοιπὸν
3474 1939 3700 2008 ἐδικαιώθη

2188 2037 2222 2106 ή
2263 2035 2430 2103 σοφία
2465 2033 2562 2087 τοῦ
2595 2033 2753 2101 Θεοῦ,
2779 2014 3057 2085 τουτέστιν
3092 2030 3352 2102 ἐτιμήθη,
3381 2030 3473 2100 οὐχ
3513 2030 3598 2083 ὑπὸ
3624 2031 3701 2082 τῶν

2190 2127 2522 2198 Φαρισαίων,
2563 2127 2700 2182 ἀλλὰ
2738 2126 2848 2179 τῶν
2878 2127 3085 2178 τέκνων
3117 2124 3318 2192 αὐτῆς.
3360 2122 3598 2185 τουτέστι,
3627 2121 3702 2174 τῶν

2191 2218 2655 2293 παραδεξαμένων
2695 2219 2786 2274 τὸν
2831 2217 2990 2287 λόγον
3028 2215 3123 2271 τοῦ
3157 2232 3215 2268 τε
3263 2213 3502 2269 Ἰωάννου
3529 2213 3605 2266 καὶ
3635 2213 3702 2266 τοῦ

2203 2310 2398 2381 Ἰησοῦ.

2269 2443 2288 2476 ι
2329 2425 2548 2496 Ἠρὼτα
2584 2423 2641 2477 δέ
2671 2440 2752 2487 τις
2788 2422 2948 2475 αὑτὸν
2977 2420 3086 2474 τῶν
3112 2420 3442 2492 Φαρισαίων,
3483 2420 3561 2474 ἕνα
3595 2420 3701 2492 φάγῃ

511 2510 797 2566 Pharisaeis
831 2523 890 2566 ut
923 2524 1142 2582 caperet
1173 2515 1352 2570 cibum
1391 2531 1512 2572 cum
1547 2518 1682 2588 ipso.
1711 2518 1778 2573 Et
1812 2519 2086 2588 ingressus

2195 2519 2315 2587 μετ’
2349 2515 2538 2571 αὐτοῦ.
2575 2514 2686 2568 Καὶ
2735 2513 2994 2567 εἰσελθὼν
3033 2515 3110 2577 είς
3135 2513 3237 2584 τὴν
3266 2512 3442 2566 οἰκίαν
3475 2511 3557 2564 τοῦ
3581 2512 3701 2580 Φαρι-

509 2602 724 2657 domum
749 2602 1030 2672 Pharisaei,
1087 2609 1378 2664 accubuit:
1429 2619 1484 2665 et
1553 2626 1681 2666 ecce
1739 2611 1932 2667 mulier
1969 2626 2086 2681 qua:

2193 2607 2373 2673 σαίου,
2411 2606 2690 2676 ἀνεκλίθη.
2717 2607 2827 2658 Καὶ
2862 2605 2970 2658 ἰδοὺ
3002 2605 3142 2676 γυνὴ
3170 2606 3230 2658 ἐν
3259 2606 3324 2675 τῇ
3350 2603 3514 2668 πόλει,
3539 2604 3634 2672 ἥτις
3654 2598 3700 2672 ἦν

512 2695 685 2749 fuerat
713 2695 765 2750 in
797 2697 1016 2752 civitate
1043 2701 1338 2768 peccatrix,
1373 2709 1430 2756 ut
1455 2703 1726 2770 cognovit,
1759 2703 1900 2773 quod
1927 2702 2086 2760 Jesus

2193 2698 2536 2773 ἁμαρτωλὸς,
2560 2699 2859 2767 ἐπιγνοῦσα
2890 2699 2972 2751 ὅτι
3001 2697 3293 2751 ἀνάκειται
3327 2698 3384 2750 ἐν
3416 2698 3477 2766 τῇ
3501 2694 3699 2767 οἰκίᾳτοῦ

510 2787 850 2842 accubuisset
880 2790 936 2843 in
986 2791 1146 2846 domo
1196 2791 1477 2860 Pharisaei,
1513 2794 1691 2848 attulit
1748 2795 2083 2850 alabastrum

2193 2793 2510 2865 Φαρισαίου,
2543 2791 2821 2862 κομίσασα
2859 2789 3202 2859 ἀλάϐαστρον
3243 2789 3438 2859 μύρου,
3467 2789 3550 2842 καὶ
3575 2789 3700 2840 στᾶσα

509 2880 790 2944 unguenti,
817 2891 1076 2951 stansque
1103 2886 1170 2938 ad
1195 2885 1359 2952 pedes
1388 2885 1510 2955 ejus
1562 2900 1594 2939 a
1642 2895 1813 2957 tergo,
1843 2886 1973 2942 ﬂens
2003 2887 2086 2941 la-

2193 2884 2343 2956 παρὰ
2373 2884 2501 2947 τοὺς
2525 2882 2692 2945 πόδας
2721 2881 2888 2935 αὐτοῦ
2915 2881 3110 2944 ὀπίσω,
3133 2880 3398 2934 κλαίουσα
3427 2880 3603 2952 ἤρξατο
3618 2879 3704 2948 βρέ·

521 2973 723 3043 crymis
774 2975 941 3042 coepit
975 2977 1153 3046 rigare
1208 2979 1370 3048 pedes
1399 2978 1536 3048 ejus,
1559 2989 1615 3033 et
1663 2979 1870 3048 capillis
1895 2979 2086 3049 capitis

2193 2996 2311 3048 χειν
2351 2980 2478 3040 τοὺς
2509 2977 2678 3040 πόδας
2713 2975 2882 3030 αὐτοῦ
2914 2980 3024 3039 τοῖς
3053 2977 3311 3046 δάκρυσι,
3356 2976 3446 3029 καὶ
3474 2976 3576 3037 ταῖς
3600 2972 3702 3041 θριξὶ

509 3065 592 3117 sui
619 3065 983 3135 exstergebat,
1013 3079 1068 3122 et
1101 3055 1517 3124 deosculabatur
1546 3073 1709 3140 pedes
1735 3071 1872 3141 ejus,
1897 3081 1950 3126 et
1981 3088 2084 3126 un-

2193 3073 2290 3140 τῆς
2339 3070 2583 3139 κεφαλῆς
2637 3069 2809 3138 αὐτῆς
2870 3068 3160 3138 ἐξέμασσε,
3193 3069 3294 3122 καὶ
3330 3066 3583 3134 κατεφίλει
3616 3065 3703 3125 τοὺς

509 3168 708 3224 guento
739 3158 993 3228 ungebat.
1029 3159 1231 3216 Videns
1265 3171 1443 3218 autem
1469 3161 1775 3220 Pbarisaeus
1807 3163 1897 3234 qui
1930 3179 2086 3219 voca-

2193 3163 2356 3227 πὸδας
2386 3161 2578 3230 αὑτοῦ,
2634 3162 2728 3216 καὶ
2761 3161 2950 3232 ἤλειφε
2986 3161 3065 3232 τῷ
3090 3160 3276 3232 μύρῳ.
3313 3160 3452 3214 Ἰδὼν
3472 3159 3702 3225 δὲὸφαρι-

511 3261 665 3304 verat
692 3264 838 3315 enm,
871 3253 947 3306 ait
992 3255 1131 3309 intra
1159 3269 1218 3309 se
1260 3255 1487 3311 dicens:
1521 3255 1623 3313 Hic
1669 3258 1720 3312 si-
1767 3265 1913 3313 esset
1959 3272 2086 3328 pro-

507 3341 692 3410 pheta,
719 3343 884 3398 sciret
915 3346 1098 3414 utique
1148 3361 1270 3416 qua:
1300 3356 1355 3402 et
1384 3348 1560 3418 qualis
1587 3359 1670 3404 est
1721 3349 1916 3404 mulier
1968 3366 2088 3420 qna:

510 3436 687 3504 tangit
710 3437 906 3505 ipsum,
939 3439 1061 3508 quia
1095 3441 1371 3509 peccatrix
1399 3449 1500 3496 est.
1534 3441 1602 3496 Et
1633 3443 1966 3510 respondens
1995 3442 2089 3498 Je-

511 3537 604 3578 sus
634 3522 770 3578 dixit
797 3527 862 3580 ad
899 3525 1046 3580 illum
1083 3545 1098 3582 :
1129 3525 1340 3592 Simon,
1385 3529 1558 3584 habeo
1609 3530 1900 3599 quidquam
1942 3531 2086 3599 quod

513 3614 610 3668 tibi
644 3615 846 3672 dicam.
875 3617 943 3671 At
975 3617 1064 3673 ille
1098 3621 1175 3673 ait
1208 3639 1223 3674 :
1279 3619 1556 3689 Magister,
1585 3621 1692 3676 dic.
1731 3621 1846 3677 Duo
1881 3623 2090 3678 debito-

513 3723 603 3764 res
622 3721 776 3766 erant
813 3713 1027 3768 cuidam
1066 3715 1341 3772 creditori.
1381 3716 1536 3773 Unus
1570 3717 1802 3775 debebat
1834 3716 2087 3772 denarios

511 3799 856 3872 quingentos,
903 3811 958 3858 ct
1010 3804 1148 3862 alter
1197 3807 1608 3879 quinquaginta.
1641 3824 1761 3863 cum
1798 3817 1980 3864 autem
2007 3804 2088 3864 illi

508 3907 616 3949 non
649 3906 830 3952 essent
865 3897 1147 3964 solvendo,
1197 3901 1522 3957 condonavit
1578 3905 1819 3972 utrisque
1845 3921 1859 3958 :
1885 3905 2080 3959 horum

508 3985 675 4056 igitur
703 3988 789 4044 dic
809 3997 929 4044 uter
955 4004 1079 4046 eum
1110 3991 1228 4062 plus
1255 3993 1489 4064 diliget?
1509 3993 1863 4066 Respondeas
1892 3995 2079 4053 Simon

510 4078 688 4134 dixit:
725 4079 995 4138 Existimo
1026 4084 1169 4152 quod
1205 4084 1250 4140 is
1274 4087 1359 4141 cui
1387 4087 1508 4158 plus
1529 4088 1875 4144 condonavit.
1919 4089 2079 4161 321

509 4169 682 4225 Atille
702 4171 837 4227 dixit
867 4175 915 4228 ei
950 4190 965 4228 :
996 4173 1455 4243 Rectejudieasti.
1483 4197 1502 4230 ι
1532 4177 1757 4234 Videtur
1779 4179 1869 4234 hic
1888 4177 2080 4235 Phari-

509 4275 650 4317 saeus
676 4262 768 4333 qui
800 4265 1009 4320 vocavit
1025 4265 1207 4323 Jesum
1233 4269 1312 4338 (ai
1333 4283 1438 4343 non
1463 4279 1664 4326 rectam
1689 4271 1946 4328 habuisse
1962 4287 2088 4329 seu-

510 4354 757 4421 tcntiam,
781 4356 874 4412 sed
899 4357 1118 4414 dolosus
1149 4360 1319 4416 fuisse
1339 4371 1395 4417 et
1416 4362 1689 4434 hypocrisi
1742 4364 1954 4442 plenus.
1987 4365 2084 4421 Di-

507 4445 585 4500 cit
605 4444 804 4517 igitur:
849 4447 905 4503 Si
928 4456 1071 4505 esset
1114 4449 1203 4507 hic
1229 4453 1508 4523 propheta,
1541 4467 1594 4510 et
1620 4456 1692 4511 ita
1741 4471 1846 4512 non
1909 4459 2086 4512 credi-

2200 3259 2349 3322 σαῖος
2377 3257 2405 3309 6
2430 3256 2667 3319 καλέσας
2690 3255 2873 3318 αὑτὸν,
2891 3252 3050 3307 εἶπεν
3072 3256 3128 3306 ἐν
3152 3253 3356 3323 ἐαυτῷ,
3382 3244 3702 3322 λέγωνοῖιτσς

2198 3351 2246 3404 εί
2286 3345 2355 3420 ἦν
2387 3349 2696 3420 προφήτης,
2731 3347 3028 3416 ἐγίνωσκεν
3077 3346 3165 3411 ἂν,
3213 3347 3299 3410 τίς
3331 3346 3422 3400 καὶ
3475 3343 3701 3413 ποταπὴή

2198 3441 2357 3514 γυνὴ,
2389 3443 2512 3513 ἣτις
2542 3444 2776 3496 ἅπτεται
2819 3440 3009 3505 αὐτοῦ,
3031 3441 3112 3495 ὅτι
3140 3440 3466 3512 ἁμαρτωλός
3494 3439 3606 3491 ἐστι.
3625 3437 3702 3488 Καὶ

2195 3532 2518 3605 ἀποκριθεὶς
2551 3532 2580 3586 6
2621 3529 2849 3601 Ἰησοῦς,
2873 3527 2993 3584 εἷπε
3026 3531 3162 3601 πρὸς
3190 3531 3393 3584 αὐτόν·
3424 3529 3599 3598 Σίμων,
3628 3526 3701 3596 ίχω

2199 3625 2283 3680 σοί
2327 3643 2379 3680 τι
2421 3628 2616 3680 εἰπεῖν.
2662 3625 2723 3678 Ὀ
2763 3624 2819 3678 δέ
2880 3640 3048 3695 φησι·
3087 3623 3414 3689 Διδάσκαλε,
3463 3621 3587 3674 εἰπέ.
3629 3619 3702 3671 dde

2197 3719 2589 3792 χρεωφειλέται
2654 3715 2797 3789 ἦσαν
2846 3718 3100 3788 δανειστῇ
3139 3733 3268 3769 τινι.
3337 3713 3396 3769 '0
3451 3706 3524 3776 εἷς
3555 3707 3700 3779 ὤφειλε

2194 3814 2429 3886 δηνάρια
2481 3812 2837 3879 πεντακόσια,
2893 3813 2922 3865 ὁ
2976 3810 3034 3864 δέ
3071 3811 3261 3880 ἕτερος
3301 3807 3622 3878 πεντήκοντα,
3650 3802 3700 3871 μὴ

2194 3907 2428 3978 ἐχόντων
2457 3904 2514 3959 δέ
2545 3905 2724 3960 αὐτῶν
2754 3902 3069 3966 ἀποδοῦναι,
3089 3902 3423 3972 ἀμφοτέροις
3452 3896 3699 3968 ἐχαρίσατο.

2195 4000 2294 4064 Τίς
2317 3998 2411 4054 οὖν
2439 3998 2641 4060 αὐτῶν,
2674 3997 2817 4064 eius,
2848 3996 3028 4050 πλεῖον
3063 3994 3225 4048 αὑτὸν
3249 3992 3544 4062 ἀγαπήσεις
3583 3987 3702 4040 Ἀιτο⁸

2197 4092 2409 4162 κριθεὶς
2453 4091 2510 4145 δέ
2541 4092 2570 4144 6
2607 4092 2790 4162 Σίμων
2819 4086 2972 4143 εἶπεν
2995 4105 3010 4120 ·
3057 4084 3464 4156 Ὑπολαμϐάνω
3499 4083 3572 4136 ὅτι
3601 4071 3636 4146 ᾧ
3661 4074 3703 4129 τὺ

2193 4183 2376 4238 πλεῖον
2400 4184 2712 4256 ἐχαρίσατο.
2727 4183 2787 4237 '0
2801 4182 2858 4237 δέ
2879 4175 3033 4236 εἶπεν
3060 4178 3231 4251 αὐτῷ,
3246 4177 3458 4271 Ὀρθῶς
3474 4176 3700 4271 ἔκρινας»

2194 4276 2452 4333 Φαίνεται
2481 4270 2636 4338 οὗτος
2663 4276 2692 4329 6
2717 4275 3010 4344 Φαρισαῖος
3037 4275 3067 4329 6
3096 4269 3384 4342 κεκληκὼς
3419 4270 3503 4324 τὸν
3528 4267 3702 4334 Ἰησοῦν.

2195 4368 2272 4439 μὴ
2305 4366 2467 4431 εὐθὺς
2501 4361 2762 4437 εἶναιτὴν
2795 4362 3044 4435 γνώμην,
3099 4362 3238 4418 ἀλλὰ
3265 4360 3474 4433 δολερὸς
3505 4357 3586 4411 καὶ
3608 4355 3704 4406 ὐτο-

2190 4459 2427 4532 κρίσεως
2451 4457 2685 4531 πλήρης.
2714 4459 2882 4529 Φησιν
2917 4455 3040 4510 οὖν·
3083 4449 3256 4518 Οὗτος
3297 4454 3346 4506 εί
3371 4448 3438 4523 ἦν
3458 4447 3702 4524 προφήτης.

508 4538 604 4593 dit.
641 4539 766 4611 quia
795 4540 910 4597 haec
947 4541 1293 4614 loquebatur.
1325 4545 1588 4604 Dominus
1612 4557 1791 4605 tamen
1828 4551 2078 4620 quamvis

2193 4551 2332 4606 ὥστε
2361 4553 2461 4606 οὐκ
2507 4553 2827 4618 ἐπίστευεν,
2877 4548 3067 4620 ἐπειδὴ
3109 4546 3338 4604 τοιαῦτα
3376 4544 3560 4599 ἐλάλει.
3596 4540 3642 4592 ’0

1466 4734 1553 4793 Ex
1603 4732 1950 4796 collatione
1981 4735 2169 4798 codd.
2205 4739 2433 4807 Venet.
2483 4737 2545 4796 S.
2579 4735 2800 4798 Marci.

581 4907 659 4976 (2)
684 4903 927 4976 (Ζοιίηὸί
951 4903 1098 4976 addit
1127 4922 1140 4958 :
1182 4903 1436 4976 'E‘ﬂffﬁp
1463 4903 1563 4976 τοῦ
1591 4903 1762 4959 αὑτοῦ.
1793 4905 2090 4974 κεφαλαίου

518 4974 702 5048 ἔχεται
759 4975 856 5029 τοῦ
911 4974 1082 5037 δεῖξαι
1139 4975 1363 5048 ίσυνιειδ-ὰι
1424 4975 1575 5048 αὑτῷ
1632 4977 1941 5048 πράττοντα
1999 4978 2090 5030 τὸν

521 5042 792 5116 Ἰωάννην.
841 5048 889 5099 εἰ
944 5051 1036 5098 καὶ
1095 5047 1162 5098 τὰ
1209 5042 1484 5117 γενόμενα-
1528 5042 1746 5098 ἐναντία
1789 5042 1879 5117 ἦν.
1926 5049 1997 5117 :0
2031 5047 2088 5098 δέ

506 5117 675 5183 λέγει,
724 5113 963 5170 τοιοῦτόν
1015 5117 1164 5169 ἐστιν
1200 5133 1213 5146 ’
1277 5113 1564 5187 Ἐναντίαν
1611 5113 1871 5187 ἐκάτερος
1923 5113 2087 5187 ἦλθεν

509 5188 626 5256 ὁδὸν
663 5189 771 5254 ἐγὼ
807 5187 901 5240 καὶ
937 5188 966 5239 6
994 5187 1279 5256 Ἰωάννης,
1333 5187 1427 5239 καὶ
1477 5186 1673 5256 ταύτὸν
1721 5187 2086 5256 ⁴ἐποιήσαμεν,

507 5252 619 5309 οἷον
664 5252 730 5309 ἂν
762 5257 814 5308 εἴ
839 5271 984 5318 τινες
1024 5252 1286 5326 Θηρευται
1316 5255 1456 5321 ζῶον
1486 5255 1830 5326 δυσθήρατον
1870 5252 2085 5310 διαδύο

511 5326 706 5396 μέλλον
755 5325 1048 5396 ἐμπίπτειν
1080 5325 1215 5379 ὁδῶν
1245 5329 1324 5387 εἰς
1369 5327 1430 5378 τὸ
1476 5325 1770 5396 θήρατρον.
1818 5328 2086 5396 ἑκατέραν

508 5394 741 5469 ἕκαστος
792 5394 1082 5469 ἀπολαϐὼν
1130 5398 1250 5469 ὁδὸν
1283 5397 1499 5449 ἐλαύνοι
1525 5394 1854 5469 ἐξεναντίας
1899 5394 2084 5469 ἔτερος

507 5466 594 5538 τῷ
650 5465 846 5538 ἐτέρῳ,
909 5463 1324 5538 ᾤστείπάντως
1375 5469 1455 5531 είς
1517 5467 1746 5538 θάτερον
1797 5463 2082 5538 ἐμπεσεῖν.

521 5534 662 5609 Ἀλλ’
696 5534 855 5609 ὑμεῖς
899 5534 1172 5609 οὐδετέρῳ
1223 5539 1544 5609 προσέχετε,
1599 5534 1723 5590 οὔτε
1770 5534 1917 5609 ἐμοὶ,
1959 5537 2082 5591 οὒτε

505 5603 750 5678 Ἰωάννῃζ
813 5606 921 5660 Καὶ
971 5603 1155 5660 λοιπὸν
1186 5603 1503 5678 ἐδικαιώθη,
1533 5603 1600 5663 ⁷κ.
1633 5626 1682 5661 τ.
1725 5609 1775 5665 λ.
1805 5603 1837 5660 ἰ
1895 5608 2084 5663 Adhuc

581 5813 656 5893 (α)
691 5814 832 5885 Edit.
870 5813 992 5884 Lut.
1023 5812 1246 5880 omittit,
1281 5815 1370 5884 qui
1397 5814 1596 5868 vocavit
1633 5811 1850 5880 losum.

2191 4907 2335 4961 enim
2369 4905 2518 4959 in‘eo
2549 4904 2773 4969 insistit,
2811 4911 2868 4956 nt
2898 4903 3165 4967 ostendat,
3207 4898 3465 4954 Joannem
3492 4898 3636 4964 egisse
3657 4900 3700 4966 ta

2193 4993 2313 5044 quae
2345 4991 2524 5031 secum
2571 4975 2966 5046 congruebant,
3014 4972 3229 5046 tametsi
3277 4983 3435 5046 opera
3486 4969 3699 5046 cnulral'l‘lz

2191 5037 2393 5102 forent.
2429 5045 2580 5124 Qttml
2619 5037 2781 5124 igitur
2813 5045 2913 5098 hoc
2954 5042 3197 5124 loco_ait.
3243 5037 3696 5124 perinde

2193 5120 2398 5172 diceret
2430 5109 2469 5170 ξ’
2503 5109 2765 5184 Equidem
2827 5131 2924 5182 ego
2963 5125 3015 5168 et
3077 5111 3312 5184 Joannes
3351 5109 3593 5184 contraria
3638 5109 3695 5184 Vl:

2193 5189 2492 5242 incedimus
2523 5204 2536 5240 :
2566 5181 2756 5238 verum
2791 5181 2888 5238 nos
2919 5182 3138 5253 perinde
3165 5181 3396 5234 facimus
3417 5192 3488 5253 ‘ac
3508 5181 3546 5227 si
3570 5181 3693 5253 vengf

2195 5269 2344 5311 tores
2389 5258 2586 5332 feram_
2608 5266 2764 5332 captu
2812 5248 3104 5316 dim-citem,
3134 5267 3252 5323 qua!
3287 5264 3378 5332 per
3400 5248 3694 5332 Jugisjlﬁ'j

2193 5331 2449 5397 laqueum
2484 5311 2720 5380 incidere
2747 5334 2943 5394 potest,
2977 5311 3695 5397 t‘ttra'mque'viatnsinguli}?

2193 5387 2477 5464 cupantes,
2528 5397 2667 5449 alter
2717 5387 2907 5448 cotitra
2952 5387 3188 5469 alterum
3236 5397 3436 5469 stantes
3469 5387 3692 5469 folllfffff

2192 5455 2279 5523 via
2309 5455 2600 5546 impellant,
2617 5475 2671 5546 et
2693 5473 2942 5546 urgeant,
2968 5475 3026 5518 ut
3046 5462 3351 5546 omnimode
3372 5455 3690 5546 ἰιιῗξιξιοξιξξέᾞςη

2197 5519 2711 5605 ιάάιιέίιῖιῖιιεέίιιπι.
2747 5519 2852 5590 ἔδει
2877 5519 2971 5605 vos
3001 5533 3198 5596 neutri,
3233 5545 3332 5586 nec
3365 5526 3484 5582 mihi
3517 5519 3698 5580 sciliceli.

2194 5603 2289 5664 nec
2322 5607 2537 5674 Joanni,
2565 5606 2890 5663 attendistis.
2919 5603 3206 5670 therum,
3236 5620 3255 5655 ι
3285 5609 3396 5667 etc.
