3896 6452
134 376 240 440 798

823 375 1268 440 ENARRATIO
1307 379 1390 441 IN
1428 377 1934 444 EVANGELIUM
1995 381 2230 445 Lucas.
2260 327 2522 445 :éCAP.
2544 377 2695 447 vn.

3303 382 3411 446 794

137 497 352 568 Κύριος
390 498 563 568 ὅμως,
594 494 772 551 καίτοι
805 496 964 561 εἰδὼς
989 498 1155 552 αὑτὸν
1189 498 1265 570 μὴ
1291 498 1422 571 εὐθῆ
1447 499 1599 567 ὄντα,
1627 501 1740 553 εἰσ-

1850 505 2008 560 sciret
2040 519 2165 560 eum
2211 520 2319 560 non
2364 519 2486 559 esse
2545 505 2853 572 candidum,
2898 505 3172 578 ingressus
3211 519 3293 564 est
3344 509 3411 564 ad

138 591 372 660 έρχεται
403 590 538 662 πρὸς
559 589 724 644 αὑτὸν
758 591 853 643 καὶ
897 591 1183 656 συνεσθίει,
1217 591 1485 646 διδάσκων
1519 593 1739 656 πάντως

153 682 440 753 ἡμᾶςδιά
495 682 707 750 τούτου,
739 681 814 746 ὡς
857 684 924 737 ἂν
953 686 1065 747 τοῖς
1113 684 1365 749 ὑπούλως
1409 685 1546 756 πρὸς
1591 686 1740 757 ἡμᾶς

146 775 406 845 ἔχουσιν,
451 776 615 845 ἡμεῖς
669 773 856 838 άπλῶς
904 775 1001 830 καὶ
1045 777 1247 842 ἀδόλως
1273 777 1734 849 προσφερώμεθα.

146 867 393 938 Ζητοῦσι
429 868 487 921 δὲ
535 868 724 922 πολλοὶ
767 868 932 922 πόσαι
954 865 1094 942 ἦσαν
1115 872 1171 924 at
1200 873 1458 939 γυναῖκες
1503 872 1561 924 al
1591 869 1738 924 ἀλεί-

141 959 319 1029 ψασαι
358 961 455 1012 τὸν
503 960 709 1032 Κύριον
745 962 922 1033 μύρῳ.
959 963 1069 1016 Καὶ
1103 963 1156 1016 οἱ
1197 963 1296 1034 μέν
1327 981 1492 1032 φασιν
1521 963 1604 1018 ὄτι
1645 961 1738 1017 δύο

140 1048 308 1124 ἦσαν,
336 1053 374 1123 ἡ
430 1054 582 1124 παρὰ
628 1054 708 1125 τῷ
748 1055 974 1126 Ἰωάννῃ
1013 1056 1134 1125 μία,
1177 1056 1211 1124 ἡ
1253 1055 1347 1109 καὶ
1402 1055 1604 1125 ἀδελφὴ
1641 1053 1736 1108 τοῦ

143 1145 431 1215 Λαζάρου,
472 1145 567 1198 καὶ
594 1146 756 1217 ἑτέρα
796 1146 829 1216 ἡ
885 1147 1037 1216 παρὰ
1064 1145 1142 1216 τῷ
1165 1145 1435 1216 Ματθαίῳ
1460 1145 1554 1199 καὶ
1579 1145 1739 1215 Μάρ-

145 1254 248 1306 κῳ,
278 1239 382 1290 καὶ
407 1235 502 1290 νῦν
532 1237 683 1307 παρὰ
712 1237 790 1308 τῷ
829 1237 1033 1309 Λουκᾷ.
1075 1236 1218 1306 Ἐγὼ
1245 1237 1304 1289 δὲ
1335 1235 1595 1305 πείθομαι
1625 1237 1739 1299 τοῖς

144 1329 369 1397 λέγουσι
404 1332 553 1401 τρεῖς
596 1327 738 1384 εἶναι
771 1331 998 1395 ταύτας.
1032 1331 1182 1385 Μίαν
1215 1330 1314 1402 μὲν
1343 1331 1443 1400 τὴν
1474 1330 1626 1402 παρὰ
1661 1329 1740 1400 τῷ

157 1422 387 1493 Ἰωάννῃ
425 1423 532 1494 πρὸ
566 1421 627 1488 ἒξ
658 1423 883 1496 ἡμερῶν
908 1423 1002 1477 τοῦ
1045 1424 1256 1496 Πάσχα,
1280 1424 1347 1495 ἢν
1386 1423 1479 1478 καὶ
1503 1422 1740 1494 ἀδελφὴν

147 1510 288 1568 εῖναι
336 1515 619 1584 Λαζάρου.
663 1515 891 1587 Ἑτέραν
933 1516 989 1570 δὲ
1032 1515 1134 1588 τὴν
1163 1515 1313 1583 παρὰ
1346 1513 1425 1584 τῷ
1470 1513 1738 1584 Ματθαίῳ

147 1610 240 1662 καὶ
279 1609 524 1678 Μάρκῳ,
555 1609 660 1679 πρὸ
688 1608 783 1662 δύο
806 1607 1030 1680 ἡμερῶν
1059 1608 1154 1662 τοῦ
1189 1608 1403 1678 Πάσχα,
1423 1608 1518 1661 καὶ
1547 1606 1738 1678 τρίτην

151 1701 358 1768 τπύτην
389 1701 493 1769 τὴν
528 1698 624 1752 νῦν
659 1700 808 1770 παρὰ
847 1701 925 1770 τῷ
963 1701 1167 1772 Λουκᾷ,
1204 1702 1334 1770 περὶ
1363 1699 1432 1753 τὰ
1472 1701 1615 1768 μέσα
1645 1701 1736 1754 τοῦ

153 1789 519 1856 Εὖαγγελίου,
565 1791 873 1861 μυρίσασαν
906 1791 1006 1861 τὴν
1033 1791 1261 1860 Κύριον,
1301 1791 1396 1844 καὶ
1416 1791 1578 1843 οὐδὲν
1611 1808 1735 1844 και-

1842 614 1988 664 enm,
2021 609 2076 654 et
2105 598 2338 654 comedit
2371 613 2491 652 cum
2519 612 2602 662 eo,
2633 598 2834 654 docens
2881 615 2976 669 per
3031 601 3132 655 hoc
3190 599 3412 655 omnino

1841 692 1984 759 quod
2016 705 2115 745 nos
2145 688 2418 760 simplices
2438 691 2794 745 exhibeamus
2815 704 2941 760 erga
2973 707 3065 746 eos
3090 692 3182 762 qui
3228 692 3412 746 dolose

1843 785 2128 839 nobiscum
2165 793 2347 853 agunt.
2405 783 2660 850 Quaerunt
2701 793 2879 838 autem
2940 785 3089 839 multi
3141 795 3274 857 quot
3297 785 3413 839 fue-

1842 877 1952 930 rint
1993 874 2246 930 mulieres
2279 891 2396 946 quae
2421 877 2678 930 unxerint
2709 875 2992 930 Dominum
3026 887 3316 945 unguento.
3346 878 3411 930 Et

1841 969 2168 1038 aliiquidem
2207 970 2394 1024 dicunt
2448 969 2590 1038 quod
2623 971 2740 1024 dum
2793 969 3035 1030 l'ncrunl,
3068 984 3170 1022 una
3204 971 3414 1023 scilictt

1843 1060 1982 1129 apud
2018 1059 2300 1127 Joannem,
2325 1076 2445 1131 qua:
2475 1060 2755 1114 fuitsoror
2783 1058 2996 1120 Lazari,
3040 1069 3094 1114 et
3130 1060 3231 1114 alia
3271 1061 3411 1129 apud

1841 1153 2152 1208 Matlhmum
2179 1165 2231 1207 et
2253 1151 2512 1218 Marcum,
2537 1163 2590 1207 et
2610 1167 2754 1207 nunc
2775 1152 2914 1220 apud
2937 1150 3160 1205 Lucam.
3187 1151 3294 1222 Ego
3319 1169 3418 1204 au-

1845 1256 1950 1302 tem
1989 1247 2150 1302 credo
2178 1247 2262 1303 bis
2290 1247 2379 1316 qui
2431 1246 2750 1300 dicuntlrcs
2792 1261 2934 1311 esse,
2980 1261 3140 1298 unam
3196 1246 3412 1315 quidem

1841 1337 1980 1408 apud
2007 1338 2269 1393 Joannem
2304 1347 2428 1393 ante
2457 1353 2548 1392 sex
2579 1338 2692 1393 dies
2741 1336 2988 1402 Pascine,
3022 1351 3141 1403 quae
3170 1345 3224 1392 et
3256 1351 3413 1391 soror

1842 1430 1940 1486 fuit
1969 1430 2159 1486 Lazari
2204 1429 2405 1485 :aliam
2454 1439 2632 1484 autem
2665 1429 2802 1499 apud
2862 1427 3170 1483 Mattlnenm
3201 1427 3419 1483 etMar-

1842 1541 1964 1580 cum
1987 1533 2112 1578 ante
2144 1523 2282 1579 duos
2312 1523 2426 1578 dies
2485 1521 2727 1586 Paschm,
2762 1531 2817 1578 et
2843 1521 3080 1574 tertiam
3151 1521 3294 1575 banc
3350 1521 3418 1576 de

1841 1634 1947 1688 qua
1980 1633 2122 1674 nunc
2149 1617 2348 1683 Lucas,
2376 1631 2495 1687 quae
2539 1617 2590 1671 in
2620 1617 2792 1670 media
2845 1613 3121 1684 Evangelii
3157 1616 3421 1683 praedica-

1842 1712 1989 1767 tione
2017 1711 2301 1766 Dominum
2334 1709 2507 1765 unxit.
2554 1709 2742 1779 Neque
2792 1712 2990 1766 mirum
3019 1719 3103 1766 est
3133 1710 3275 1780 quod
3304 1710 3418 1763 hare

1845 1813 1969 1858 ante
1994 1803 2300 1874 passionem
2332 1802 2432 1857 hoc
2466 1802 2678 1868 fecerit,
2723 1810 2778 1856 et
2822 1801 2949 1857 inde
2979 1801 3083 1856 illae
3111 1801 3191 1855 vel
3218 1802 3281 1854 ad
3311 1801 3416 1854 hn-

147 1881 235 1932 νὺν
268 1883 544 1952 πρότερον
574 1883 784 1953 ταύτην
811 1885 1035 1952 ποιῆσαι
1053 1881 1233 1940 τοῦτο,
1260 1883 1428 1953 μήπω
1447 1881 1734 1943 ἐνστάντος

1850 1897 1924 1962 jus
1947 1895 2324 1958 imitationem,
2367 1894 2482 1949 sive
2513 1893 2614 1948 alia
2648 1892 2717 1948 de
2753 1909 2911 1948 causa
2958 1893 3178 1949 circiter
3208 1893 3418 1963 passio-

149 1974 242 2027 τοῦ
276 1975 481 2044 καιροῦ
522 1975 617 2029 τοῦ
648 1975 874 2041 πάθους,
922 1972 1041 2029 εἶτα
1094 1976 1308 2038 ἐκεῖνας
1343 1977 1453 2029 εἴτε
1496 1991 1739 2045 μιμησα-

156 2067 323 2136 μένας
351 2067 592 2137 ταύτην,
616 2066 725 2120 εἴτε
759 2071 859 2130 καὶ,
890 2067 1089 2135 ἄλλως,
1131 2067 1357 2138 πλησίον
1395 2066 1490 2120 τοῦ
1533 2068 1740 2130 πάθους

153 2156 210 2210 τὸ
243 2157 378 2210 αὐτὸ
442 2157 690 2225 ποιῆσαι.
725 2157 790 2212 El
837 2158 895 2211 δὲ
929 2157 1026 2211 καὶ
1082 2157 1110 2209 6
1149 2158 1304 2229 παρὰ
1357 2157 1436 2228 τῷ
1473 2158 1738 2227 Ματθαίῳ

152 2249 240 2301 τὸν
293 2249 508 2321 Κύριον
557 2248 819 2312 καλέσας,
857 2249 1042 2318 Σίμων
1089 2250 1396 2320 ὼνόμαστο,
1440 2250 1534 2303 καὶ
1581 2252 1609 2303 6
1643 2249 1739 2304 νῦν

155 2337 302 2408 παρὰ
329 2339 416 2409 τῷ
457 2340 662 2410 Λουκᾷ,
703 2339 758 2392 τί
801 2341 988 2395 καινὸν
1021 2345 1321 2413 συμπεσεῖν
1357 2342 1426 2394 τά
1457 2341 1738 2412 civ/lpum;

167 2433 319 2486 Ἐπεὶ
350 2433 565 2498 ἐκεῖνός
590 2451 652 2500 γε
672 2434 765 2487 καὶ
796 2435 995 2504 λεπρὸς
1027 2431 1116 2507 ἦν,
1145 2435 1260 2489 ἀλλ’
1290 2435 1410 2506 οὐχ).
1437 2435 1532 2489 καὶ
1561 2429 1740 2498 οὗτος.

163 2526 431 2589 Κάκεῖνος
467 2527 588 2596 μὲν,
618 2526 1092 2598 τεθεραπευμένος
1119 2528 1231 2580 ἀπὸ
1260 2528 1356 2595 τῆς
1379 2527 1606 2596 λέπρας,
1641 2543 1741 2596 χα-

163 2617 447 2686 ριστήριον
484 2615 586 2686 τὴν
634 2616 830 2686 κλῆσιν
857 2617 1152 2670 ἀποδίδωσι
1181 2615 1258 2688 τῷ
1295 2617 1538 2688 Χριστῷ.
1572 2611 1743 2680 Οὗτος

161 2708 244 2774 δὲ,
299 2707 431 2762 οὔτε
491 2709 735 2780 λεπρὸς,
782 2707 908 2761 οὔτε
967 2709 1060 2762 ἐπὶ
1115 2708 1492 2780 χαριστηρίοις
1545 2707 1739 2762 λαλῶν.

165 2801 436 2865 Κάκεῖνος
490 2801 590 2871 μὲν
628 2799 780 2854 οὐδὲν
823 2794 999 2865 εἶπεν,
1043 2794 1196 2862 οὗτος
1222 2799 1280 2853 δὲ
1323 2799 1610 2868 ἐγόγγυσε,
1651 2799 1744 2852 καὶ

167 2893 487 2965 κατακρίνει
524 2895 580 2946 ἐν
602 2891 786 2962 ταύτῷ
810 2892 898 2945 τόν
923 2909 982 2944 τε
1008 2889 1217 2963 Ἰησοῦν
1252 2891 1342 2944 καὶ
1365 2892 1465 2959 τὴν
1487 2893 1740 2958 γυναῖκα.

166 2984 272 3056 Τὴν
308 2987 438 3058 μὲν,
476 2987 553 3050 ὡς
599 2985 944 3056 ἁμαρτωλὸν,
977 2983 1068 3037 τὸν
1109 2983 1188 3050 δὲ,
1221 2983 1297 3049 ὡς
1341 2983 1741 3054 φιλάνθρωπον.

174 3081 234 3133 Ὦ
264 3082 362 3151 τῆς
421 3080 711 3142 άπονοίαςῐ
756 3079 964 3141 Ὄντως
1011 3079 1304 3149 Φαρισαῖος
1348 3079 1377 3131 6
1420 3076 1741 3148 ἄνθρωπος’

1843 2005 1963 2044 nem
1995 1989 2134 2043 idem
2167 1987 2417 2044 fecerint.
2453 1986 2710 2053 Quamvis
2734 1997 2914 2040 autem
2952 1996 3006 2041 et
3050 1987 3097 2041 is
3140 1987 3231 2057 qui
3273 1987 3418 2054 apud

1841 2081 2152 2135 Mattbmum
2196 2087 2674 2143 commemoratur,
2706 2089 2761 2134 et
2787 2079 2944 2149 cujus
2989 2095 3135 2134 nunc
3170 2080 3229 2140 ﬁt
3264 2096 3417 2133 tuen-

1777 2221 1790 2231 ,
1845 2173 1937 2236 tio,
1965 2173 2153 2227 eodem
2199 2170 2436 2227 Simonis
2465 2171 2683 2226 nomine
2711 2182 2994 2234 vocentur,
3031 2172 3174 2226 haud
3220 2171 3415 2224 mirum

1843 2264 2025 2319 fuerit.
2061 2263 2215 2334 Saepe
2245 2265 2388 2318 enim
2425 2263 2576 2318 multi
2601 2263 2738 2317 idem
2774 2279 2968 2319 nomen
2999 2263 3320 2318 sortiuntur.
3349 2262 3422 2318 At

1843 2357 1931 2410 ille
1966 2356 2064 2410 fuit
2095 2357 2359 2424 leprosuS’,
2389 2354 2484 2410 sed
2519 2354 2606 2409 hic
2651 2369 2778 2408 non.
2809 2354 2868 2408 Et
2907 2355 2994 2409 ille
3015 2355 3230 2424 quidem
3259 2369 3424 2408 sana—

1843 2455 1929 2502 tus
1959 2461 1988 2498 a
2018 2445 2166 2514 lepra
2205 2445 2256 2498 in
2309 2445 2605 2514 gratiarum
2656 2444 2922 2498 actionem
2967 2443 3182 2497 vocavit
3239 2442 3423 2497 Domi-

1844 2551 1994 2598 num,
2023 2535 2112 2589 hic
2140 2542 2320 2589 autem
2348 2548 2524 2604 neque
2552 2534 2820 2600 leprosns,
2853 2547 3028 2602 neque
3081 2534 3283 2604 gratias
3333 2547 3421 2588 re-

1845 2629 2046 2683 ferens.
2081 2627 2146 2682 Et
2174 2626 2262 2682 ille
2285 2626 2503 2698 quidem
2535 2618 2668 2681 nihil
2702 2625 2832 2681 dicit
2881 2641 2896 2676 :
2965 2625 3053 2680 hic
3112 2635 3292 2680 autem
3320 2625 3419 2680 ob-

1845 2721 2226 2786 mttrmnravit,
2277 2716 2821 2775 etcondemnavitin
2882 2716 2985 2773 hoc
3044 2724 3154 2770 tam
3208 2715 3418 2784 Jesum,

1847 2826 2009 2882 quam
2041 2809 2326 2864 mulierem
2368 2826 2383 2864 :
2438 2809 2580 2864 hanc
2633 2819 2692 2864 ut
2738 2809 3119 2880 peccatricem,
3167 2807 3314 2862 illum
3362 2816 3424 2863 ut

1845 2903 2279 2960 misericordem.
2315 2901 2359 2958 Ο
2393 2903 2792 2971 arrogantiam!
2827 2900 2963 2956 Vere
2994 2899 3301 2956 Pharisatus
3324 2901 3422 2956 bo-

1847 3012 1956 3054 mo.
1990 2995 2097 3052 Sed
2125 2995 2385 3052 Dominus
2408 3009 2603 3064 rogans
2629 2995 2778 3051 illum
2812 2995 2862 3048 in
2893 2993 3184 3064 parabolis,
3220 2993 3272 3047 in
3307 3008 3424 3048 me-

1848 3089 1994 3145 dium
2028 3088 2278 3160 producit
2312 3088 2586 3144 debitores
2618 3089 2772 3151 duos,
2806 3086 3144 3156 latenterque
3173 3095 3226 3142 et
3273 3084 3422 3140 illum

171 3173 277 3225 ἀλλ’
305 3173 334 3226 6
362 3172 577 3242 Κύριος
606 3170 829 3242 ἐρωτῶν
857 3169 1020 3224 αὑτὸν
1058 3171 1115 3224 ἐν
1143 3169 1498 3240 παραϐολαῖς,
1531 3169 1624 3223 καὶ
1653 3169 1746 3222 δύο

1852 3179 2149 3235 debitorem
2184 3194 2304 3236 esse
2332 3179 2592 3236 insinuat.
2626 3179 2692 3234 Et
2721 3193 2910 3248 parum
2945 3178 3165 3248 quidem
3224 3177 3424 3232 debere

175 3265 574 3337 χρεωφειλέτας
599 3263 872 3333 ,παράγων
904 3263 982 3324 εἰς
1012 3261 1072 3314 τὺ
1105 3261 1294 3333 μέσον,
1325 3261 1628 3332 λεληθότως
1655 3261 1750 3314 καὶ

173 3357 323 3410 af;sz
347 3355 756 3427 χρεωφειλέτην
806 3349 944 3406 εἶναι
989 3353 1160 3422 λέγει,
1204 3353 1412 3408 ἐλάττω
1441 3353 1537 3424 μὲν
1567 3370 1744 3424 χρεω-

177 3453 309 3505 στεῖν
333 3449 622 3511 δοκοῦντα,
653 3448 1035 3520 χρεωστοῦντα
1071 3448 1116 3503 δ’
1149 3448 1267 3502 οὖν.
1305 3447 1444 3502 Οὗτε
1469 3449 1600 3516 γοῦν
1625 3448 1654 3500 6
1679 3448 1749 3500 τὰ

176 3543 378 3597 ἐλάττω
419 3542 713 3614 χρεωστῶν
744 3543 831 3607 σὺ,
863 3540 1088 3596 δύνασαι
1121 3539 1304 3594 δοῦναι
1352 3540 1452 3609 τὴν
1504 3539 1748 3609 ὀφειλὴν,

176 3639 232 3691 οὐ
267 3639 380 3710 γὰρ
409 3639 552 3707 ἔχεις
595 3635 985 3706 ἐξομολόγησιν
1013 3638 1080 3705 τῇ
1116 3633 1467 3704 ὑπερηφανίᾳ
1517 3631 1755 3702 κρατού-

179 3748 351 3802 μενος,
397 3728 524 3784 οὒτε
563 3731 596 3800 ἠ
631 3729 793 3800 γυνή.
848 3727 1204 3798 ’Δμφοτέροις
1252 3723 1349 3779 οὖν
1389 3724 1751 3795 ἀφεθήσεται,

1848 3271 2156 3336 videbatur,
2211 3271 2442 3326 debebat
2497 3271 2682 3340 igitur.
2732 3269 2919 3338 Itaque
2979 3283 3153 3338 neque
3187 3277 3244 3324 tu
3274 3277 3426 3337 potes

1848 3363 1978 3416 dare
2011 3361 2174 3416 etiam
2211 3362 2391 3417 minus
2424 3363 2662 3418 debitum
2693 3379 2706 3416 :
2739 3377 2846 3416 non
2879 3361 3022 3417 enim
3080 3361 3245 3416 habes
3293 3375 3425 3415 con-

1846 3453 2138 3509 fessionem
2181 3455 2434 3525 superbia
2490 3453 2742 3519 inﬂatus,
2804 3469 2979 3524 neque
3003 3454 3214 3509 mulier.
3254 3452 3432 3509 Utris-

1847 3559 1954 3614 que
1980 3545 2143 3616 igitur
2177 3545 2433 3602 remittet.
2484 3546 2550 3599 Et
2613 3554 2731 3600 uter
2754 3544 2874 3614 plus
2928 3544 3152 3614 diliget?
3193 3543 3428 3599 Omnino

1847 3637 1932 3692 cui
1955 3637 2122 3692 multa
2153 3638 2373 3693 dimissa
2407 3645 2556 3693 sunt.
2576 3622 2645 3692 Et
2672 3651 2795 3693 cum
2821 3637 2937 3693 haec
2963 3635 3214 3704 dixisset,
3238 3635 3433 3692 obmu-

1848 3733 2057 3784 tescere
2095 3727 2226 3784 iecit
2251 3739 2618 3801 arrogantem.

178 3824 267 3877 καὶ
321 3823 413 3889 τίς
471 3822 656 3876 πλεῖον
714 3821 1026 3891 ἀγαπήσει;
1097 3817 1326 3882 Πάντως
1375 3811 1422 3889 ᾧ
1477 3818 1548 3872 τὰ
1604 3816 1778 3872 πολλὰ
1837 3819 2041 3892 ἀφέθη.
2117 3822 2229 3876 Καὶ
2297 3821 2473 3876 ταῦτα
2524 3819 2697 3876 εἰπὼν
2754 3818 3100 3888 ἐπιστομίζει
3149 3817 3243 3875 τδν
3300 3817 3435 3875 ἀλα-

208 3920 314 3976 όνα.

208 3920 314 3976 όνα.

178 3915 207 3982 ζ
249 4035 269 4068 ε
300 4016 416 4070 Καὶ
456 4013 716 4084 στραφεὶς
765 4011 904 4085 πρὸς
961 4010 1062 4083 τὴν
1108 4013 1345 4082 γυναῖκα
1368 4051 1384 4078 ,
1422 4010 1500 4083 τῷ
1550 4010 1757 4084 Σίμωνι

179 4109 310 4182 ἐφηο
362 4108 588 4170 Βλέπεις
622 4103 829 4175 ταύτην
871 4103 971 4176 τὴν
1023 4106 1298 4173 γυναῖκα;
1348 4103 1618 4174 Εἰσῆλθον
1678 4106 1762 4168 είς

179 4203 271 4276 τὴν
309 4202 491 4257 οἰκίαν
519 4217 636 4264 σου,
683 4198 828 4269 ὕδωρ
863 4197 956 4251 ἐπὶ
986 4197 1114 4260 τοὺς
1149 4196 1317 4260 πόδας
1353 4213 1455 4268 μου
1493 4196 1596 4250 οὒκ
1626 4195 1761 4249 ἐδω-

183 4309 296 4357 κας·
331 4293 477 4364 αὕτη
511 4293 568 4346 δὲ
598 4293 714 4355 τοῖς
755 4286 1020 4360 δάκρυσιν
1048 4288 1240 4361 Εὗρεξέ
1276 4305 1376 4359 μου
1405 4289 1530 4352 τοὺς
1570 4289 1759 4353 πόδας,

184 4387 270 4440 καὶ
305 4389 432 4449 ταῖς
464 4385 611 4456 θριξὶ
647 4383 748 4453 τῆς
777 4380 1022 4449 κεφαλῆς
1054 4380 1224 4452 αὐτῆς
1255 4381 1506 4453 ἐξέμαξε.
1542 4380 1761 4450 Φίλημά

189 4495 272 4547 μοι
297 4480 400 4532 οὐκ
430 4477 660 4540 ἔδωκας,
690 4473 829 4545 αὕτη
869 4474 926 4528 δε
945 4475 1038 4540 ἀφ’
1067 4469 1134 4546 ἧς
1162 4475 1434 4545 εἰσῆλθον,
1459 4474 1519 4527 οὐ
1549 4473 1758 4527 διέλιπε

1836 3996 1842 4002 ’
1937 4009 2102 4064 Vens.
2132 4006 2328 4064 44-50.
2373 4025 2392 4060 ι
2424 4005 2488 4061 Et
2516 4017 2812 4061 conversus
2835 4003 2903 4059 ad
2963 4001 3271 4062 mulierem.
3299 4000 3437 4058 dixit

1858 4101 2066 4159 Simoni
2109 4117 2126 4155 ε
2163 4101 2326 4156 Vides
2351 4098 2493 4154 banc
2526 4097 2855 4153 mulierem?
2878 4093 3082 4152 intravi
3123 4093 3181 4149 in
3213 4093 3434 4148 doumm

1858 4207 2006 4254 tuam
2044 4211 2284 4265 :aquam
2310 4195 2542 4267 pedibus
2571 4193 2708 4250 meis
2738 4207 2847 4248 non
2889 4191 3124 4248 dedisti:
3170 4189 3288 4247 haec
3337 4203 3441 4247 auo

1864 4297 1973 4343 tem
2009 4285 2273 4358 lacrymis
2327 4283 2524 4356 rigavit
2561 4281 2726 4353 pedes
2764 4295 2937 4346 meos,
2974 4288 3029 4337 et
3056 4278 3265 4351 eapillis
3294 4280 3440 4350 capi-

1856 4382 1926 4438 tis
1964 4381 2043 4436 sni
2074 4377 2321 4436 extersit.
2347 4377 2602 4434 Osculum
2625 4373 2759 4433 mibi
2784 4390 2891 4432 non
2935 4372 3158 4439 dedisti,
3192 4375 3309 4430 haec
3339 4387 3440 4429 au-

1854 4482 1964 4529 tem
1995 4486 2060 4526 ex
2090 4487 2200 4540 quo
2239 4469 2456 4534 intravi,
2501 4483 2608 4523 non
2665 4470 2906 4523 cessavit
2939 4465 3243 4522 deosculari
3273 4466 3441 4536 pedes

185 4567 557 4639 καταφιλοῦσά
605 4583 705 4636 μου
736 4565 863 4625 τοὺς
900 4564 1089 4628 πόδας.
1135 4565 1331 4636 Ἐλαίῳ
1361 4565 1460 4636 τὴν
1513 4565 1748 4635 κεφαλήν

1866 4563 2204 4635 ηιθοε.[01οο
2229 4570 2390 4632 caput
2429 4576 2609 4617 meum
2659 4577 2768 4616 non
2799 4561 3040 4627 sunxisti,
3097 4561 3212 4614 haec
3257 4567 3439 4613 autem

191 4676 281 4728 μου
305 4661 410 4715 οὐκ
435 4659 684 4732 ηλειψας,
708 4657 848 4728 αὕτη
877 4657 932 4711 δὲ
961 4657 1119 4729 μύρῳ
1156 4657 1344 4729 ἠλειψέ
1379 4675 1478 4727 μου
1512 4659 1636 4721 τοὺς
1666 4659 1761 4712 7:6-

187 4745 382 4815 δας.οὗ
412 4753 572 4822 χάριν
591 4750 736 4817 λέγω
774 4767 879 4816 σοι,
901 4749 1178 4819 ἀφέωνται
1209 4750 1266 4802 αἱ
1295 4749 1562 4820 ἁμαρτίαι
1591 4751 1760 4820 αὐτῆς

190 4845 240 4895 αἱ
267 4844 482 4905 πολλαὶ,
516 4845 598 4896 ὅτι
618 4844 873 4913 ἠγάπησε
923 4844 1083 4899 πολύ.
1110 4837 1180 4915 ’ᾯ
1213 4843 1269 4896 δὲ
1307 4843 1487 4910 ὀλίγον
1515 4843 1756 4910 ἀφίεται,

188 4933 360 5004 ὀλίγον
387 4937 592 5005 ἀγαπᾷ.
618 4932 750 4988 Elite
783 4935 840 4988 δὲ
863 4936 1024 5006 αὐτῇ·
1059 4935 1358 5003 Ἀφέωνταί
1385 4951 1477 4987 σου
1504 4936 1558 4987 αἱ
1585 4933 1763 5003 ἁμαρ-

189 5024 311 5082 τίσι.
346 5029 456 5081 Καὶ
487 5027 724 5099 ἤρξαντο
754 5029 803 5082 οἱ
840 5027 1294 5095 συνανακείμενοι
1325 5027 1504 5088 λέγειν
1535 5028 1591 5078 ἐν
1631 5027 1761 5078 ἐαυιο

192 5121 324 5183 τοῖς·
350 5120 447 5183 Τίς
473 5113 626 5184 οὗτός
657 5122 804 5174 ἐστιν
828 5120 887 5184 ὃς
911 5120 1008 5174 καὶ
1029 5119 1306 5190 ἁμαρτίας
1336 5118 1593 5189 άφίησιν;
1626 5111 1760 5170 Eine

194 5206 244 5260 δὲ
271 5211 402 5284 πρὸς
438 5211 536 5284 τὴν
560 5211 905 5281 γυναῖκα-Ἦ
942 5211 1130 5275 πίστις
1170 5227 1266 5264 σου
1307 5208 1512 5263 σέσωκέ
1546 5226 1628 5272 σε,
1663 5225 1762 5262 που

198 5304 347 5370 pelion
375 5309 455 5371 είς
482 5307 729 5378 εἰρήνην.
762 5325 780 5359 ι
816 5305 1066 5360 Δείκνυσι
1103 5305 1467 5375 τὸν-Σίμωνα
1497 5290 1532 5358 ὅ
1555 5303 1761 5374 Κύριος

198 5400 285 5452 καὶ
317 5399 553 5465 ἀλαζόνα
597 5401 692 5454 καὶ
727 5401 974 5468 ἀνόητον.
1022 5396 1284 5462 Ἀλαζὸνα
1325 5397 1444 5466 μὲν,
1481 5396 1534 5448 εί
1567 5413 1632 5466 γε
1670 5397 1763 5450 ἐπὶ

197 5494 300 5554 τοῖς
320 5494 684 5564 ἁμαρτήμασι
717 5491 817 5560 τὴν
855 5489 1144 5560 ἄνθρωπον
1173 5488 1519 5556 κατέκρινεν,
1545 5486 1759 5555 ἄνθρω-

201 5599 293 5648 πος
319 5585 395 5639 ὣν
421 5587 516 5640 καὶ
555 5585 738 5648 αὐτός.
777 5583 1030 5652 Ἀνὸητον
1059 5582 1137 5646 δέ,
1171 5582 1283 5650 εἴγε
1302 5581 1362 5634 οὐ
1394 5580 1634 5633 συνεῖδεν
1677 5580 1761 5631 ὅτι

199 5678 422 5732 τοσαῦτα
458 5679 767 5747 ποιήσασαν
813 5675 912 5744 τὴν
959 5677 1197 5741 γυναῖκα
1239 5673 1476 5734 πίστεως
1515 5669 1760 5739 σύμϐολα

203 5769 289 5822 καῖ
311 5771 551 5840 ἀγάπης,
584 5770 692 5822 ἔδει
734 5767 1166 5835 παραδέξασθαι,
1221 5764 1337 5818 ἀλλ’
1371 5764 1471 5817 οὐκ
1505 5763 1760 5832 ἀποπέμ-

202 5857 408 5926 έασθαι.
444 5863 533 5916 Διὸ
580 5862 674 5916 καὶ
719 5859 931 5929 ἐλέγχει
967 5857 1127 5910 αὐτὸν
1152 5857 1178 5908 ὁ
1216 5855 1438 5926 Κύριος,
1474 5854 1545 5916 ὡς
1584 5853 1759 5925 μάτην

1865 4666 2140 4727 unguento
2168 4655 2321 4710 unxit
2350 4656 2514 4725 pedes
2532 4668 2700 4709 meos.
2725 4652 2955 4724 Propter
2975 4653 3118 4724 quod
3147 4652 3268 4706 dico
3295 4650 3391 4706 tibi
3423 4667 3440 4705 :

1863 4750 2234 4804 Remittantur
2283 4755 2504 4817 peccata
2561 4744 2679 4813 ejus
2707 4744 2898 4809 multa,
2951 4744 3205 4816 quoniam
3252 4743 3443 4798 dilexit

1864 4841 2116 4895 multum.
2148 4839 2248 4893 Cui
2277 4848 2458 4893 autem
2501 4840 2680 4892 minus
2718 4838 3034 4904 remittitur,
3065 4839 3113 4894 is
3153 4838 3330 4892 minus
3353 4837 3437 4891 di-

1864 4934 2004 5004 ligit.
2032 4930 2177 4988 Dixit
2209 4939 2387 4984 autem
2413 4930 2480 4985 ad
2517 4929 2660 4983 illam
2691 4946 2706 4981 :
2738 4929 3109 4984 Remittantnr
3162 4929 3254 4982 tibi
3318 4942 3446 4996 pec-

1864 5035 2004 5080 cata.
2042 5024 2109 5078 Et
2141 5031 2424 5094 coeperunt
2453 5022 2544 5091 qui
2597 5021 2757 5078 simul
2813 5019 3225 5085 accumbebant,
3282 5018 3444 5090 322

1863 5117 2048 5173 dicere
2073 5117 2216 5171 intra
2263 5129 2372 5173 se:
2431 5113 2564 5182 Quis
2598 5123 2682 5169 est
2730 5113 2837 5177 hic,
2871 5111 2963 5182 qui
3016 5111 3180 5165 etiam
3229 5122 3445 5180 peccata

1867 5210 2142 5266 remittit?
2168 5209 2514 5264 Dixitautem
2545 5205 2614 5261 ad
2649 5205 2928 5260 mulierem
2964 5222 2978 5258 :
3016 5202 3177 5257 Fides
3213 5211 3302 5256 tua
3336 5201 3446 5256 sal-

1865 5316 1985 5355 vam
2022 5310 2072 5355 te
2101 5299 2253 5366 iecit,
2282 5299 2418 5352 vade
2451 5297 2504 5351 in
2532 5310 2686 5364 pace.
2727 5314 2747 5347 ι
2788 5294 3039 5348 Ostendit
3079 5293 3336 5346 Dominus
3357 5289 3448 5346 Si-

1865 5407 2079 5447 monem
2106 5401 2162 5445 et
2189 5397 2532 5458 arrogantem
2570 5396 2626 5440 ct
2668 5385 3014 5453 insipientem
3049 5381 3236 5437 fuisse.
3275 5383 3447 5436 Arro-

1864 5490 2080 5551 gantem
2118 5480 2338 5550 quidem
2394 5491 2456 5531 ac
2479 5473 2955 5538 contumeliosum,
3010 5471 3446 5542 quandoquidem

1863 5576 2026 5630 etiam
2051 5574 2166 5644 ipse
2186 5573 2348 5626 homo
2367 5567 2657 5628 exsistens,
2683 5565 2958 5620 hominem
2981 5574 3202 5635 pr0pter
3221 5568 3444 5631 peccata

1865 5664 2276 5722 condemnabat.
2336 5659 2682 5729 insipientem
2730 5672 2884 5720 vero,
2912 5656 3175 5727 siquidem
3201 5668 3307 5707 non
3358 5652 3446 5706 in-

1869 5754 2155 5817 tellexerlt,
2187 5752 2327 5820 quod
2353 5749 2634 5805 mulierem
2664 5763 2782 5818 quae
2809 5755 2969 5802 tanta:
3017 5743 3146 5799 lid‘ei
3169 5750 3223 5797 et
3253 5740 3438 5798 chari-

1869 5848 1993 5903 tatis
2021 5847 2170 5919 signa
2193 5843 2551 5917 prmstitisset,
2583 5847 2859 5912 oporteret
2888 5836 3188 5916 suscipere,
3214 5848 3316 5892 non
3349 5847 3437 5887 rc-
