3896 6452
553 305 660 370 799

1482 308 2063 372 THEOPHYLACTI
2097 308 2508 373 summm
2537 275 2908 371 manus.
3676 308 3756 373 800

555 415 730 470 solum
763 422 820 470 ut
857 415 1111 480 scminct,
1138 416 1232 471 scd
1257 417 1466 472 exiitut
1493 420 1724 475 seminet
1747 436 1930 478 semen
1966 437 2120 479 suum

2253 422 2600 498 κατακαύσῃ.
2623 422 2739 493 ἀλλ’
2767 421 2853 475 ἵνα
2879 416 3096 491 σπείρῃ·
3123 415 3394 481 πολλάκις
3415 414 3517 489 γάρ
3545 416 3758 494 ἐξέρχεται

553 508 810 579 Proprius
846 510 989 564 enim
1014 509 1130 576 ejus
1163 519 1245 566 est
1275 526 1454 566 sermo
1487 513 1766 580 doctrinm,
1797 522 1976 570 etnon
2005 513 2139 568 alie-

555 617 674 656 nus.
707 601 984 673 Propltetm
1017 603 1161 657 enim
1203 617 1539 676 quaecunque
1575 605 1852 671 dixerunt,
1883 622 1913 662 e
1948 607 2139 676 spiritu

556 698 834 758 dixerunt,
885 706 937 750 ct
979 712 1085 752 non
1130 709 1189 752 ut
1242 699 1498 768 propria:
1530 703 1671 754 unde
1703 708 1780 754 .et
1836 700 2138 756 dixerunt:

553 784 679 840 "me
708 786 840 840 dicit
891 785 1176 840 Dominus.
1208 787 1458 843 Christus
1500 802 1632 844 vero
1666 788 1944 858 proprium
1981 789 2143 843 habet

552 893 764 939 semen.
802 879 1001 932 idcirco
1038 893 1141 932 nou
1173 879 1387 934 dicebat
1416 880 1617 935 docens
1649 898 1664 936 :
1703 880 1827 937 [hec
1871 881 2004 936 dicit
2031 880 2138 936 Do-

551 970 753 1034 minus,
795 970 886 1023 sed
918 987 930 1022 :
961 969 1075 1040 Ego
1097 971 1217 1024 dico
1247 971 1421 1026 vobis.
1454 970 1768 1027 Semiuante
1797 981 1980 1027 autem
2023 972 2136 1039 illo,

551 1059 657 1114 boc
706 1070 788 1115 cst
823 1061 1069 1126 docente,
1100 1061 1243 1116 aliud
1281 1062 1497 1130 quidem
1523 1063 1724 1118 cecidit
1759 1063 1902 1119 circa
1939 1063 2079 1118 viam
2123 1081 2138 1119 :

551 1161 657 1208 no'n
688 1153 826 1208 dixit
879 1155 1020 1222 quod
1053 1155 1342 1226 projeccrit
1381 1156 1680 1222 seminans,
1715 1157 1806 1214 sed
1839 1161 1980 1227 quod
2011 1157 2140 1214 illud

549 1247 830 1304 ceciderit.
877 1245 1008 1300 Nam
1037 1250 1128 1315 qui
1177 1248 1432 1312 seminat,
1469 1249 1774 1304 seminatet
1804 1250 1982 1316 docet,
2015 1265 2140 1306 sero

557 1354 646 1392 tuo
669 1350 844 1393 autem
878 1341 1025 1394 cadit
1061 1342 1112 1394 in
1143 1340 1448 1394 audientes.
1483 1338 1548 1394 Hi
1573 1350 1752 1396 autem
1790 1341 2140 1398 inveniuntur

547 1443 671 1484 e~se
708 1429 787 1484 vel
846 1429 950 1496 via,
983 1431 1064 1485 vel
1092 1440 1262 1500 petra,
1301 1427 1382 1485 vel
1420 1431 1618 1500 spinm,
1682 1432 1766 1486 vel
1797 1441 1938 1486 terra
1974 1433 2136 1490 bona.

553 1518 821 1574 Caeterum
855 1519 1132 1590 discipulis
1161 1521 1624 1590 interrogantibus
1668 1523 2000 1593 parabolam,
2060 1525 2140 1579 di-

545 1613 620 1666 cit
689 1611 1000 1668 Dominus:
1045 1611 1213 1668 Vobis
1263 1613 1448 1668 datum
1521 1622 1604 1670 cst
1663 1616 1805 1671 scire
1878 1617 2137 1688 mysteria

550 1701 701 1769 regni
737 1699 854 1769 Dei,
899 1701 1001 1756 hoc
1050 1712 1134 1757 est
1188 1703 1341 1756 vobis
1375 1704 1768 1772 qmerentibus,
1802 1714 1859 1758 ut
1888 1705 2136 1771 discatis.
2166 1735 2214 1794 Β

551 1809 574 1846 ε
611 1791 800 1848 Omnis
830 1794 972 1847 enim
1006 1795 1094 1865 qui
1136 1797 1288 1865 petit,
1334 1796 1531 1866 accipit
1563 1795 1608 1828 "
1629 1835 1645 1852 .
1677 1816 1696 1852 ι
1727 1796 1971 1867 Reliquis
2005 1813 2135 1854 vero

545 1885 636 1954 qui
670 1887 1025 1942 sacramentis
1070 1887 1274 1953 indigni
1337 1898 1482 1953 sunt,
1520 1888 1750 1943 obscure
1786 1889 2060 1954 dicuntur,
2084 1897 2138 1944 et

2245 516 2274 569 6
2307 515 2554 586 γεωργὸς
2592 513 2686 568 καὶ
2735 513 2805 568 δι’
2835 512 2992 576 ἀλλα,
3029 510 3090 564 o6
3141 509 3313 581 μόνον
3362 508 3450 562 διὰ
3499 510 3553 562 τδ
3578 517 3757 583 σπεῖραι,

2245 609 2351 662 Τὸν
2384 609 2585 680 σπόρον
2614 606 2670 660 δὲ
2700 604 2866 661 αὑτοῦ
2899 602 3088 673 ἐξῆλθε
3117 603 3370 672 σπεῖραι.
3407 598 3556 666 Ἰδιος
3589 603 3675 674 γὰρ
3695 610 3758 662 αὺ-

2243 697 2338 752 τοῦ
2371 695 2438 759 ἦν
2469 700 2497 751 6
2529 697 2688 766 λόγος
2730 697 2830 764 τῆς
2856 692 3233 755 διδασκαλίας,
3281 691 3376 744 καὶ
3412 691 3509 743 οὒκ
3530 693 3756 763 ἀλλότριος,

2243 790 2307 844 οι
2341 789 2441 859 μὲν
2489 788 2599 860 γάρ
2641 787 2940 858 προφῆται,
2980 785 3078 837 ὃσα
3108 784 3328 849 ἔλεγον,
3361 781 3460 833 οὐκ
3490 783 3584 835 [δια
3611 782 3756 852 ἔλεγον,

2246 881 2381 936 ἀλλὰ
2413 881 2507 934 τοῦ
2545 878 2871 948 πνεύματος.
2897 875 2987 928 Διὸ
3013 875 3225 942 ἔλεγον,
3263 873 3406 925 Τάδε
3435 872 3572 939 λέγει
3592 875 3758 943 Κύριος,

2255 976 2313 1028 'U
2345 975 2402 1028 δὲ
2423 971 2656 1044 Χριστὸς
2708 971 2839 1024 [διον
2867 965 2980 1038 εἶχε
3006 967 3096 1020 τὸν
3137 966 3374 1035 σπόρον.
3403 962 3490 1016 Διὸ
3516 965 3602 1017 οὐκ
3629 965 3759 1034 ἔλεγεν

2242 1065 2368 1118 ὅταν
2387 1062 2684 1128 ἐδίδασκεν,
2702 1061 2782 1114 ὅτι
2795 1059 2936 1112 Τάδε
2952 1058 3100 1125 λέγει
3118 1058 3353 1126 Κῦριος,
3379 1052 3513 1119 ἀλλ’,
3529 1053 3648 1122 Ἐγὼ
3662 1057 3759 1124 λέγω

2242 1157 2392 1228 ὑμῖν.
2439 1156 2527 1210 Ἐν
2550 1155 2628 1225 τῷ
2656 1153 2904 1223 σπείρειν
2933 1150 2988 1204 δὲ
3017 1150 3202 1212 αὑτὸν,
3231 1145 3535 1210 τουτέστιν,
3561 1148 3609 1199 ὲν
3636 1147 3692 1218 τῷ
3710 1148 3758 1202 δι-

2242 1248 2486 1310 δάσκειν,
2515 1245 2645 1301 ἄλλο
2684 1246 2782 1314 μὲν
2825 1243 2988 1296 ἔπεσε
3023 1241 3178 1312 παρὰ
3212 1238 3317 1310 τὴν
3347 1237 3484 1291 ὁδόν.
3517 1239 3616 1290 Οὐκ
3653 1236 3758 1292 εἶπεν

2243 1340 2326 1395 ὅτι
2371 1338 2596 1412 ἔρριψεν
2629 1339 2657 1391 6
2695 1336 2957 1407 σπείρων,
2991 1333 3107 1387 ἀλλ’
3159 1331 3368 1386 ἔπεσεν
3403 1331 3588 1382 έκεῖνο.
3621 1328 3667 1384 ’0
3693 1332 3758 1400 μὲν

2243 1434 2350 1504 γὰρ
2382 1430 2622 1500 σπείρων
2683 1427 2894 1498 σπείρει
2925 1426 3019 1480 καὶ
3044 1424 3318 1479 διδάσκει.
3365 1421 3424 1475 Ὀ
3471 1422 3526 1476 δὲ
3558 1422 3683 1488 λόγος
3708 1429 3757 1487 ei;

2242 1523 2370 1585 τοὺς
2397 1520 2698 1582 ἀκούοντας
2732 1520 2941 1572 πίπτει.
2978 1511 3139 1571 Οὗτοι
3164 1515 3225 1568 δὲ
3249 1513 3587 1583 εὑρίσκονται
3612 1512 3641 1584 ἢ
3662 1514 3754 1580 ὁδὸς,

2241 1613 2275 1684 ἢ
2308 1614 2504 1684 πέτρα,
2556 1613 2589 1679 ἦ
2623 1612 2858 1673 ἄκανθα,
2892 1610 2926 1680 ἢ
2961 1608 3140 1679 ἀγαθὴ
3167 1607 3273 1677 γῆ.
3321 1604 3584 1672 Ἔρωτῶσι
3618 1605 3755 1671 δὲτοῖς

2246 1706 2516 1776 μαθηταῖς
2548 1703 2648 1774 τὴν
2676 1700 3014 1774 παραϐολὴν,
3047 1701 3215 1768 φησὶν
3249 1697 3278 1750 6
3306 1695 3527 1766 Κύριος·
3555 1696 3684 1766 ’Υμίν
3702 1698 3756 1751 δέ.

2242 1798 2392 1851 δοται
2422 1797 2628 1865 γνῶναι
2661 1795 2729 1849 τὰ
2775 1793 3052 1863 μυστήρια
3097 1793 3201 1862 τῆς
3233 1788 3512 1859 βασιλείας
3540 1787 3619 1840 τοῦ
3643 1788 3750 1850 Θεοῦ,

2234 1890 2533 1950 τουτέστιν,
2573 1889 2702 1957 ὑμῖν
2736 1887 2848 1949 τοῖς
2896 1884 3120 1954 ζητοῦσι
3169 1881 3394 1952 μαθεῖν.
3435 1897 3454 1931 ι
3496 1880 3597 1942 lli;
3635 1881 3752 1949 γάρό

546 1979 856 2032 existimant
901 1980 1118 2050 quidem
1167 1994 1225 2034 se
1282 1980 1489 2044 videre,
1541 1981 1635 2036 sed
1667 1997 1776 2036 non
1808 1982 1992 2035 vident
2034 1992 2132 2037 :et

2237 1983 2424 2045 αίτῶν,
2470 1979 2778 2052 λαμϐάνειο
2818 1997 2834 2029 ι
2872 1979 2987 2040 τοῖς
3030 1976 3085 2028 δὲ
3119 1975 3339 2037 λοιποῖς
3372 1973 3479 2034 τοῖς
3528 1970 3592 2041 μὴ
3633 1970 3751 2036 ἀξίοις

548 2069 775 2122 audiunt
808 2069 1050 2138 quidem,
1095 2071 1189 2125 sed
1235 2084 1340 2124 non
1390 2070 1724 2141 intelligunt,
1759 2072 2051 2141 alqueboc
2081 2072 2132 2126 in

2235 2072 2358 2130 οὖσι
2407 2073 2517 2128 τῶν
2570 2071 2912 2143 μυστηρίων,
2964 2065 3264 2128 σκοτεινῶς
3304 2066 3566 2133 λέγονται,
3603 2063 3676 2114 καὶ
3696 2063 3750 2114 δο-

548 2157 761 2211 illorum
834 2159 1057 2213 bonum.
1122 2158 1198 2215 Ne
1256 2160 1400 2216 enim
1477 2163 1650 2232 magis
1701 2161 2132 2216 condemnentur

2236 2165 2392 2219 κοῦσι
2445 2163 2541 2234 μὲν
2573 2162 2812 2233 βλέπειν,
2854 2160 2915 2213 o6
2961 2158 3223 2228 βλέπουσι
3277 2154 3337 2209 δέ
3371 2171 3386 2186 ·
3428 2154 3519 2206 καὶ
3559 2151 3746 2206 ἀκούουσι

545 2251 688 2320 quod
747 2253 959 2322 cognita
1003 2253 1263 2324 mysteria
1323 2257 1647 2325 spreverint,
1679 2255 1798 2310 ideo
1829 2255 1898 2309 ab
1929 2255 2034 2310 illis
2069 2271 2131 2310 ea

2243 2258 2365 2326 μὲν,
2401 2256 2462 2310 o6
2498 2253 2760 2326 ,συνιοῦσι
2789 2253 2875 2318 δὲ,
2913 2253 3010 2305 καὶ
3039 2249 3202 2303 τοῦτο
3237 2249 3323 2310 είς
3370 2244 3652 2315 εὐεργεσίαν
3685 2245 3747 2296 οὗ·

544 2342 789 2397 Cbristus
821 2343 1124 2399 abscondit.
1181 2345 1283 2412 Qui
1319 2348 1460 2400 enim
1496 2349 1769 2416 cognoscit
1793 2354 1846 2400 et
1877 2357 2126 2401 contem-

2235 2345 2362 2398 τῶν.
2391 2345 2508 2398 Ἵνα
2554 2344 2662 2414 γὰρ
2707 2343 2784 2412 μὴ
2827 2341 2987 2394 πλέον
3027 2337 3464 2409 κατακριθῶσιν,
3488 2335 3557 2398 ὡς
3580 2336 3684 2404 μετὰ
3706 2335 3742 2386 τὸ

543 2433 644 2498 nit,
672 2436 914 2504 graviora
952 2446 1189 2492 meretur
1210 2438 1494 2507 supplicia.

2235 2435 2440 2504 γνῶναι
2471 2434 2540 2488 τὰ
2591 2434 2868 2506 μυστήρια
2896 2431 3424 2502 καταφρονήσαντες
3451 2426 3624 2488 αὐτῶν,
3658 2425 3742 2476 τού·

542 2546 636 2582 του
672 2529 856 2582 ἕνεκεν
897 2529 1220 2601 ἀπέκρυψεν
1251 2533 1280 2584 ὁ
1325 2509 1559 2602 Χριστος
1599 2531 1693 2585 ἀπ’
1718 2531 1901 2585 αὐτῶν
1928 2531 2120 2586 ταῦτα.
2173 2528 2233 2584 ’0
2292 2529 2400 2601 γὰρ
2433 2528 2620 2597 γνοὺς,
2690 2522 2809 2580 εἶτα
2855 2525 3307 2600 καταφρονήσας,
3343 2519 3618 2593 βαρυτέρας
3639 2519 3740 2583 ἄξιος

541 2639 836 2694 τιμωριας.

615 2717 777 2774 Vsus.
811 2718 998 2773 11-15.
1040 2735 1058 2768 ι
1107 2717 1203 2772 Est
1234 2728 1412 2773 autem
1448 2719 1563 2774 hac
1591 2719 1840 2788 parabola
1871 2738 1884 2774 :
1931 2720 2128 2774 Semen

539 2821 624 2870 est
655 2827 834 2869 sermo
885 2812 1000 2866 Dei.
1037 2810 1136 2878 Qui
1174 2821 1354 2867 autem
1395 2811 1548 2880 juxta
1583 2811 1748 2877 viam,
1785 2813 1838 2867 bi
1866 2821 1993 2867 sunt
2031 2811 2130 2882 qui

542 2908 774 2961 audiunt
827 2924 841 2960 :
886 2905 1078 2960 deinde
1123 2906 1268 2958 venit
1302 2903 1545 2958 diabolus
1566 2912 1618 2958 et
1651 2903 1789 2958 tollit
1819 2918 2128 2960 sermonem

547 2999 614 3053 de
672 2997 836 3052 corde
869 3011 1076 3062 eorum,
1117 3009 1186 3050 ne
1214 2994 1500 3050 credentes
1540 3005 1847 3050 serventur.
1874 2994 2009 3050 Nam
2037 2997 2130 3066 qui

2309 2730 2329 2761 ι
2376 2711 2534 2764 Ἐστι
2581 2707 2639 2762 δὲ
2691 2705 2830 2776 αὕτη
2865 2707 2899 2775 ἡ
2948 2702 3261 2774 παραϐολὴ,
3301 2701 3366 2754 '0
3394 2699 3576 2767 σπόρος
3595 2696 3737 2752 teriri

2222 2796 2391 2870 λόγος
2421 2798 2515 2851 τοῦ
2543 2797 2702 2852 Θεοῦ.
2741 2795 2803 2848 Ol
2837 2793 2896 2847 δὲ
2927 2792 3078 2864 παρά
3108 2791 3211 2863 τὴν
3242 2792 3386 2854 ὁδὸν,
3415 2791 3540 2844 είσὶν
3564 2791 3602 2843 οἱ
3626 2788 3735 2842 ἀκού-

2231 2907 2401 2954 οντες,
2451 2885 2573 2942 εἶτα
2621 2887 2843 2959 ἔρχεται
2872 2887 2900 2937 6
2951 2884 3201 2947 διάϐολος
3235 2883 3334 2937 καὶ
3366 2881 3502 2954 αἴρει
3536 2881 3734 2950 τὸνλόγον

2231 2983 2341 3038 ἀπὸ
2386 2984 2484 3051 τῆς
2537 2979 2766 3051 καρδίας
2800 2977 2999 3045 αὑτῶν,
3039 2977 3126 3031 ἕνα
3169 2976 3250 3048 μὴ
3286 2977 3637 3037 πιστεύσαντες
3663 2992 3734 3028 σω-

546 3071 710 3160 supcr
777 3099 1010 3160 petram,
1069 3090 1123 3144 bi
1176 3100 1302 3144 sunt
1353 3089 1445 3162 qui
1505 3104 1626 3146 cum
1675 3089 1968 3156 audierint,
2001 3105 2124 3146 cum

2235 3077 2418 3133 θῶσιν.
2479 3076 2542 3130 Οἱ
2594 3074 2651 3128 δὲ
2717 3074 2808 3128 ἐπὶ
2857 3073 2958 3144 τῆς
2993 3070 3225 3142 πέτρας,
3258 3069 3308 3123 οἳ
3357 3070 3479 3182 ὄτταν
3514 3066 3730 3127 ἀκούσωσι,

2349 3171 2360 3184 .
2525 3171 2552 3184 ..
2613 3168 2663 3184 ο.
2772 3183 2814 3184 η
2896 3163 3165 3184 ληηηη,
3227 3162 3318 3184 μμ,
3356 3178 3489 3184 ιω,
3522 3157 3730 3184 μηηλ,

543 3184 741 3252 gaudio
786 3184 1086 3251 suscipiunt
1117 3198 1447 3251 sermOnem,
1483 3193 1538 3239 et
1565 3183 1621 3238 bi
1653 3185 1862 3240 radices
1890 3199 1998 3240 non
2029 3183 2128 3238 ba-

546 3277 694 3339 bent,
724 3275 812 3345 qui
856 3275 921 3329 ad
974 3285 1184 3345 tempus
1211 3276 1463 3342 credunt,
1489 3285 1544 3331 et
1583 3278 1635 3332 in
1670 3287 1910 3347 tempore
1948 3287 2127 3332 lenta-

547 3367 710 3420 tionis
759 3366 1035 3421 recedunt.
1094 3366 1246 3433 Quod
1297 3377 1478 3424 autem
1507 3369 1561 3423 ir
1595 3371 1784 3438 spinas
1815 3367 2034 3433 cecidit,
2075 3369 2128 3424 Ιιί

546 3465 671 3511 ειιιιι
708 3458 797 3525 qui
850 3457 1157 3523 audierunt,
1195 3465 1250 3512 et
1301 3473 1330 3510 ο
1363 3446 1824 3516 sollicitudinibus
1847 3467 1900 3515 et
1929 3459 2132 3516 divitiis

546 3564 609 3602 ac
637 3548 998 3618 voluptatibus
1025 3550 1146 3604 vita:
1191 3559 1403 3613 euntes.
1432 3551 1790 3618 suﬂ'ocantur,
1833 3551 1999 3624 325
2033 3569 2132 3610 nec

546 3637 792 3694 referunt
820 3637 1078 3694 fructum.
1111 3639 1264 3706 Quod
1290 3649 1478 3696 autem
1507 3641 1564 3697 in
1600 3641 1798 3697 bonam
1828 3651 2051 3710 terram,
2075 3643 2131 3698 bi

547 3737 676 3784 sunt
710 3728 798 3799 qui
857 3729 909 3784 in
957 3729 1122 3786 corde
1157 3731 1386 3788 honesto
1419 3747 1484 3788 ac
1509 3735 1672 3801 bono,
1702 3734 1986 3790 audientes
2016 3751 2135 3792 ser-

548 3835 758 3876 monem
817 3821 1069 3888 retinent,
1123 3831 1176 3878 et
1201 3822 1436 3881 fructum
1494 3825 1725 3880 aderunt
1777 3841 1874 3896 per
1913 3827 2131 3898 patien-

547 3913 695 3967 tiam.
734 3930 755 3965 ›
805 3913 940 3968 Tres
993 3913 1081 3969 hic
1119 3915 1339 3972 ordines
1367 3931 1555 3972 eorum
1587 3917 1834 3989 suntqui
1867 3933 1973 3974 non
2010 3933 2132 3974 ser-

549 4013 766 4059 vautur.
817 4003 952 4058 Nam
1000 4004 1054 4061 bi
1093 4005 1183 4076 qui
1215 4022 1380 4063 secus
1414 4009 1578 4075 viam,
1608 4008 1924 4080 neutiquam
1959 4009 2133 4064 susci-

547 4097 699 4167 piunt
761 4111 1118 4166 sermonem;
1174 4097 1314 4153 sicut
1368 4097 1512 4153 enim
1575 4097 1693 4153 via~
1730 4099 2046 4156 conculcata
2079 4108 2134 4156 et

547 4189 844 4258 constipata
897 4203 1085 4243 semen
1127 4204 1235 4244 non
1270 4189 1519 4259 suscipit,
1563 4205 1631 4248 eo
1652 4191 1799 4264 quod
1852 4192 1988 4247 dura
2038 4193 2130 4260 sit,

549 4276 618 4332 ita
658 4288 712 4331 et
769 4277 1021 4332 obdurati
1071 4280 1232 4333 corde
1290 4294 1596 4337 sermonem
1652 4297 1758 4338 non
1827 4283 2133 4354 suscipiunt

550 4367 707 4423 etiam
770 4369 1050 4426 audientes
1082 4387 1096 4425 :
1125 4386 1230 4426 non
1263 4372 1552 4429 attendunt
1601 4375 1770 4430 enim.
1810 4375 1996 4446 Atqui
2038 4391 2135 4446 per

2235 3171 2375 3244 μετά
2407 3171 2583 3241 χαρᾶς
2608 3168 2857 3237 δέχονται
2889 3165 2980 3219 τὸν
3009 3163 3189 3232 λόγον,
3226 3162 3323 3216 καί
3352 3155 3492 3216 οὗτοι
3517 3157 3640 3230 ῥίζαν
3668 3158 3732 3210 οὐκ

2230 3264 2467 3336 ἔχουσιν,
2504 3262 2554 3314 οἳ
2586 3260 2724 3332 πρὸς
2775 3257 2968 3330 καιρὸν
3002 3257 3350 3321 πιστεύουσι,
3395 3255 3483 3308 καὶ
3523 3255 3573 3305 έν
3611 3250 3730 3320 καιρῷ

2233 3354 2540 3426 πειρασμοῦ
2563 3352 2912 3422 ἀφίστανται.
2937 3349 3012 3403 Τὸ
3036 3348 3094 3402 δὲ
3126 3349 3209 3412 είς
3244 3347 3342 3409 τάς
3365 3344 3582 3406 ἀκάνθας
3599 3341 3728 3402 πεσὸν,

2232 3440 2380 3503 οὗτοι
2430 3448 2568 3501 είσιν
2610 3445 2662 3498 oi
2709 3443 3064 3508 ἀκούσαντες,
3119 3443 3220 3494 καὶ
3270 3438 3375 3493 61:6
3411 3436 3649 3508 μεριμνῶν
3670 3435 3728 3487 καὶ

2232 3540 2466 3594 πλούτου
2519 3538 2612 3592 καὶ
2643 3535 2848 3609 ἡδονῶν
2883 3533 2978 3588 τοῦ
3029 3533 3144 3605 βίου
3183 3531 3530 3603 πορευόμενοι
3559 3526 3726 3595 cvpva-

2233 3648 2444 3701 γονται,
2490 3631 2588 3685 καὶ
2615 3629 2677 3684 οὐ
2717 3628 3127 3702 τελεσφοροῦσι.
3159 3629 3238 3683 Τὸ
3280 3628 3339 3682 δὲ
3367 3629 3424 3681 ὲν
3450 3629 3510 3696 τῇ
3539 3623 3645 3692 καλῇ
3667 3623 3725 3690 γῇ,

2231 3717 2379 3779 οὗτοι
2432 3725 2570 3778 εἰσιν
2629 3723 2826 3788 οἵτινες
2887 3724 2946 3777 ὲν
3001 3722 3203 3795 καρδίᾳ
3257 3721 3393 3791 καλῇ
3456 3719 3541 3771 καὶ
3585 3714 3722 3783 ἀγαθῇ.

2233 3813 2569 3878 ἀκούσαντες
2596 3813 2690 3868 τὸν
2721 3813 2901 3882 λόγον,
2933 3814 3229 3886 κατέχουσι
3252 3814 3348 3869 καὶ
3377 3805 3725 3882 καρποφοροῦσιν

2232 3909 2292 3962 ἀν
2323 3909 2593 3978 ὑπομονῇ.
2631 3925 2650 3959 ι
2699 3908 2862 3978 Τρεῖς
2887 3907 3068 3974 τάξεις
3099 3907 3207 3960 είσὶ
3250 3906 3358 3961 τῶν
3389 3905 3458 3976 μὴ
3487 3898 3724 3968 σωζομένων

2234 3999 2489 4058 ἐνταῦθα.
2529 3999 2593 4053 Oi
2644 3999 2743 4071 μὲν
2769 3999 2879 4072 γὰρ
2927 3999 3078 4072 παρά
3109 4000 3210 4070 τὴν
3266 3999 3401 4065 ὁδὸν,
3439 3997 3484 4051 οί
3512 3993 3613 4065 μηδ’
3636 3990 3726 4048 ὅλως

2233 4093 2668 4165 παραδεξάμενοι
2698 4093 2790 4148 τὸν
2818 4093 3001 4162 λόγον.
3034 4094 3252 4165 Ὠσπερ
3281 4093 3388 4164 γὰρ
3422 4093 3447 4162 1]
3471 4089 3585 4151 ὁδὸς.
3610 4099 3723 4139 κατι·

2232 4187 2595 4259 πεπατημένη
2653 4189 2750 4243 καὶ
2819 4187 3288 4259 συμπεπιλημένη
3346 4187 3405 4239 οὒ
3455 4183 3629 4253 δέχεται
3666 4175 3724 4227 τὸν

2234 4279 2457 4350 σπόρον,
2491 4278 2567 4343 ὡς
2598 4279 2810 4350 σκληρὰ
2833 4275 2990 4343 οὖσα,
3025 4278 3169 4333 οὕτω
3194 4280 3292 4334 καὶ
3321 4279 3368 4332 oi
3395 4267 3719 4342 σκληροκάρδιοι

2231 4371 2337 4425 οὐδ’
2367 4370 2505 4436 ὅλως
2533 4371 2926 4443 παραδέχονται
2961 4372 3054 4425 τὸν
3091 4371 3276 4440 λόγον,
3307 4369 3407 4424 κᾶν
3433 4365 3645 4424 ἀκούωσι,
3673 4359 3719 4426 μὴ

550 4469 756 4528 petram
808 4460 1198 4534 intelliguntur,
1260 4464 1561 4535 suscipiunt
1599 4468 1839 4536 quidem,
1875 4468 1970 4523 sed
2020 4482 2128 4536 prre

2235 4464 2611 4535 προσέχοντες.
2663 4464 2730 4518 Ol
2777 4463 2834 4518 δὲ
2869 4463 3025 4536 παρὰ
3051 4465 3150 4534 τὴν
3188 4466 3414 4536 πέτραν,
3445 4461 3489 4513 οί
3513 4455 3716 4521 δεξάμενοι

548 4551 861 4608 inﬁrmitate
912 4555 1141 4608 lmmana
1197 4555 1248 4610 in
1313 4559 1703 4614 teutationibus
1759 4569 2123 4615 marcescunt.

549 4641 715 4697 Tertii
745 4654 866 4699 sunt
897 4647 986 4716 qui
1021 4661 1141 4701 cum
1177 4649 1502 4704 audiverunt
1528 4659 1584 4706 et
1611 4658 1988 4719 susceperunt,
2017 4664 2128 4720 pra

550 4736 693 4790 curis
744 4737 866 4789 vitae
924 4738 1082 4808 hujus
1133 4738 1491 4796 suﬂocantur.
1543 4739 1718 4812 Igitur
1767 4751 1877 4797 tres
1905 4741 2125 4812 quidem

549 4840 730 4900 partes
784 4845 971 4885 eorum
1024 4841 1149 4887 sunt
1184 4833 1275 4903 qui
1311 4845 1555 4902 pereunt,
1593 4849 1698 4888 una
1727 4846 1906 4889 autem
1940 4849 2126 4889 eorum

548 4919 650 4993 qui,
697 4919 996 4974 salvantur.
1054 4922 1130 4976 lta
1182 4924 1338 4994 pauci
1371 4924 1586 4993 quidem
1619 4922 1743 4978 sunt
1777 4925 1870 4996 qui
1907 4940 2133 4981 servan-

545 5021 652 5079 tur,
706 5011 890 5082 plures
939 5023 1117 5069 autem
1162 5015 1253 5084 qui
1303 5026 1550 5084 pereunt.
1599 5015 1881 5072 Videitem
1910 5031 2031 5072 cum
2068 5017 2135 5072 de

548 5103 635 5158 bis
687 5105 777 5174 qui
829 5103 1184 5170 suﬂ‘ocantur,
1235 5106 1495 5176 loquitur,
1537 5110 1806 5176 quomodo
1842 5123 1948 5162 non
1982 5108 2130 5174 dicit,

554 5196 696 5265 quod
752 5211 860 5264 pra:
914 5197 1117 5252 divitiis
1176 5197 1532 5263 snfl‘ocentur,
1555 5199 1646 5253 sed
1679 5215 1787 5268 prze
1811 5202 1958 5256 curis
1995 5201 2134 5256 divi-

551 5289 746 5341 tiarum
777 5297 832 5340 et
860 5289 1338 5345 sollicitudinibus.
1371 5289 1485 5344 Non
1511 5291 1652 5345 enim
1681 5292 1881 5346 divitiae
1910 5304 2128 5362 nocent,

545 5379 638 5433 sed
679 5366 1075 5435 sollicitudines
1118 5397 1333 5436 earum.
1372 5382 1518 5437 Multi
1566 5384 1710 5437 cnim
1757 5399 1946 5455 magna
1971 5399 2126 5440 com-

547 5473 705 5531 moda
737 5487 801 5525 ex
833 5472 1036 5526 divitiis
1071 5475 1396 5545 percipiunt,
1427 5475 1544 5530 iHas
1574 5476 1624 5530 in
1655 5491 1951 5546 pauperum
1996 5493 2128 5562 ven-

552 5577 658 5620 tres
709 5563 1079 5634 projicientes.
1133 5566 1426 5625 Considera
1466 5582 1680 5638 quoque
1708 5577 1761 5625 et
1790 5568 2123 5640 diligentiam

623 5742 664 5776 ”
689 5745 874 5802 Matth.
907 5763 997 5807 ru,
1033 5747 1079 5800 8.

2233 4557 2353 4626 μὲν,
2382 4552 2504 4612 εἶτα
2537 4557 2641 4612 61:6
2663 4556 2948 4622 ἀσθενείας
2975 4557 3326 4630 ἀνθρωπίνης
3351 4556 3455 4617 τοῖς
3474 4544 3718 4619 πειρασμοῖς

2230 4646 2788 4717 ὑπομαλακισθέντες.
2841 4649 3028 4720 Τρίτοι
3077 4649 3155 4716 δὲ,
3212 4651 3265 4703 οί
3311 4645 3618 4702 ἀκούσαντες,
3654 4631 3716 4685 καὶ

2229 4737 2336 4789 61:6
2369 4739 2648 4809 μεριμνῶν
2693 4740 2788 4794 τοῦ
2826 4740 2944 4811 βίου
2993 4742 3437 4814 συμπνιγόμενοι.
3483 4733 3613 4805 Τρεῖς
3648 4725 3714 4795 μὲν

2229 4828 2322 4883 οὖν
2355 4831 2574 4901 μερίδες
2600 4833 2707 4886 εἰσὶ
2746 4835 2856 4888 τῶν
2912 4836 3329 4906 ἀπολλυμένων,
3379 4831 3470 4904 μία
3501 4827 3547 4880 δὲ
3582 4824 3607 4891 ἢ
3642 4817 3711 4871 τῶν

2235 4921 2594 4993 σωζομένωνο
2644 4925 2819 4990 οὕτως
2867 4926 3041 4995 ὀλίγοι
3092 4928 3193 4997 μέν
3229 4929 3363 4982 εἰσιν
3403 4924 3448 4978 οί
3476 4915 3711 4982 σωζόμενοι,

2232 5013 2451 5079 πλείους
2478 5015 2533 5070 δὲ
2557 5017 2606 5071 oi
2637 5017 3020 5089 ἀπολλύμενοι.
3057 5020 3203 5088 Ὅρα
3233 5021 3291 5074 δὲ
3319 5017 3402 5072 ἐπὶ
3434 5014 3525 5068 τῶν
3545 5015 3708 5074 συμπνι-

2231 5107 2500 5176 γομένων,
2551 5110 2669 5174 πῶς
2694 5112 2796 5166 οὐκ
2846 5107 2998 5166 εἶπεν
3026 5114 3108 5167 ὅτι
3143 5115 3250 5168 61:6
3276 5112 3365 5168 τοῦ
3402 5105 3594 5164 πλούτου
3615 5110 3708 5196 aug:

2231 5201 2538 5270 πνίγονται,
2573 5202 2689 5255 ἀλλ’
2720 5203 2824 5256 61:6
2857 5204 2964 5258 τῶν
3002 5205 3284 5275 μεριμνῶν
3312 5201 3400 5256 τοῦ
3436 5182 3704 5251 πλούτου.οὗ

2233 5293 2342 5362 γὰρ
2395 5293 2424 5345 ὁ
2477 5293 2707 5358 πλοῦτος
2755 5293 3004 5363 βλάπτει,
3040 5295 3158 5349 ἀλλτ
3187 5296 3244 5349 αί
3297 5293 3527 5365 μέριμναι
3557 5276 3702 5332 τούτου·

2233 5385 2392 5438 Ἐπεὶ
2418 5385 2604 5439 πολλοὶ
2631 5386 2736 5440 ὑπὸ
2756 5386 2854 5440 τοῦ
2885 5387 3118 5440 πλούτου
3148 5385 3497 5470 ὠφελήθησαν,
3522 5369 3700 5470 ῥίιξιξντξξ

2233 5473 2395 5528 αὐτὸν
2429 5477 2508 5540 είς
2537 5476 2636 5540 τὰς
2662 5476 2772 5531 τῶν
2799 5477 3045 5549 πενήτων
3076 5477 3362 5546 γαστέρας·
3392 5465 3556 5523 Σκόπει
3577 5456 3618 5510 δέ
3641 5463 3698 5549 μοξ

2233 5565 2326 5620 καὶ
2357 5564 2457 5639 τὴν
2483 5567 2769 5640 ἀκρίϐειαν
2805 5564 2898 5623 τοῦ
2921 5539 3345 5639 samem-.305,
3374 5559 3475 5623 πῶς
3509 5554 3586 5622 ἔφη
3610 5539 3692 5611 τλθξ
