3896 6452
81 356 164 422 801
707 352 1154 414 ENARRATIO
1192 354 1276 415 IN
1313 352 1815 416 EVANGELIUM
1858 353 2091 415 LUCfE.
2134 380 2201 389 -
2235 354 2397 417 CAP.
2438 355 2608 418 ΠΗ.

3216 359 3323 425 80.2

78 470 171 525 τῶν
219 461 565 534 σωζομένων,
612 461 809 529 οἵτινες
900 462 1241 528 ἀκούσαντες
1309 464 1403 519 τὸν
1454 463 1633 530 λόγον,

1747 466 2104 535 evangelista),
2136 467 2405 536 quomodo
2435 467 2627 522 dixerit
2660 468 2723 521 de
2772 468 2855 523 his
2900 467 2989 535 qui
3023 467 3321 526 salvantur.

78 560 362 628 κατέχουσι.
395 552 572 608 Τοῦτο
600 554 710 624 γὰρ
738 549 863 607 εἶπε
910 554 998 608 διὰ
1026 556 1152 618 τοῦς
1188 555 1338 626 παρὰ
1370 554 1469 625 τὴν
1492 553 1631 608 ὁδόν.
1649 582 1667 600 ο

77 647 214 705 Οὗτοι
246 650 349 719 γὰρ
382 648 444 700 οὐ
487 646 802 718 κατέχουσι,
846 646 961 699 ἀλλ’
988 647 1134 717 αἴρει
1167 646 1258 701 τὸν
1280 647 1437 714 λόγον
1467 648 1494 699 ὁ
1522 645 1635 699 διά-

76 743 208 804 δολος
229 743 320 795 ἀπ’
338 740 546 795 αὐτῶν*
564 740 624 793 τὸ
648 739 727 804 δὲ,
754 740 1217 812 καρποφοροῦσιν,
1243 735 1366 793 εἶπε
1396 739 1484 794 διὰ
1509 739 1635 801 τοὺς

75 833 550 907 συμπνιγομένους,
597 834 693 885 καὶ
744 833 818 904 μὴ
857 832 1351 904 ,τελεσφοροῦντας.
1405 833 1634 886 Ἐκεῖνοι

74 930 165 999 γὰρ
200 927 256 979 ού
286 922 756 995 καρποφοροῦσιν,
790 926 838 977 oi
872 924 947 995 μὴ
976 923 1425 996 τελεσφοροῦντες
1467 922 1630 991 λέγω.

76 1021 135 1074 Τὸ
160 1019 230 1081 δὲ,
261 1018 317 1069 ἐν
346 1016 621 1086 ὑπομονῇ,
655 1010 777 1069 εἷπε
812 1016 902 1068 διὰ
930 1016 1057 1079 τοὺς
1078 1017 1172 1070 ἐπὶ
1199 1015 1300 1084 τῆς
1333 1015 1559 1084 πέτρας,
1583 1014 1632 1067 οἳ

74 1112 291 1181 δέχονται
333 1109 433 1178 μὲν
456 1108 550 1161 τὸν
583 1108 760 1175 λόγον,
797 1107 895 1178 οὐχ
942 1108 1308 1179 ὑπομένοντες
1354 1107 1411 1161 δὲ
1441 1124 1634 1178 πειρα-

77 1200 194 1273 σμοῦ
230 1200 436 1268 ἔφοδον,
484 1200 738 1270 ἀδόκιμοι
773 1202 1075 1270 φαίνονται.
1129 1200 1294 1272 Ὁρᾷς
1338 1199 1457 1263 πῶς
1509 1195 1632 1253 εἷπε

77 1296 182 1364 περὶ
223 1292 329 1346 τῶν
361 1292 691 1362 σωζομένων
730 1293 813 1359 τὸ,
846 1292 1158 1364 κατέχουσι,
1192 1293 1285 1346 καὶ
1312 1293 1393 1357 τὸ,
1424 1310 1634 1363 καρποο

75 1384 295 1454 φοροῦσι,
328 1383 422 1437 καὶ
446 1384 532 1449 τὸ,
566 1384 838 1455 ὑπομονῇ,
863 1388 958 1438 καὶ
987 1385 1073 1439 διὰ
1098 1385 1307 1439 τούτων
1328 1384 1438 1439 τῶν
1464 1386 1632 1457 τριῶν

76 1475 413 1531 ἀποδιὲστειλε
473 1477 673 1541 αὐτοὺς
730 1477 839 1530 ἀπὸ
874 1477 983 1531 τῶν
1020 1478 1095 1549 μὴ
1144 1478 1505 1547 κατεχόντων,
1537 1478 1621 1530 οῖ-

76 1572 194 1631 τινές
222 1571 355 1622 εἰσιν
392 1570 441 1621 oi
475 1569 632 1637 παρὰ
661 1568 759 1638 τὴν
789 1569 907 1623 ὀδόν
937 1570 1035 1639 (5).
1082 1569 1214 1622 Ἀπὸ
1241 1569 1350 1623 τῶν
1384 1569 1460 1640 μὴ
1501 1570 1635 1622 ὑπο-

80 1664 316 1734 μενόντων
345 1661 662 1733 πειρασμοῦ
690 1662 903 1731 ἔφοδον,
937 1662 1134 1727 οἵτινές
1167 1665 1304 1715 εἰσιν
1330 1663 1378 1715 oi
1411 1666 1469 1715 ὲν
1512 1664 1630 1723 ταῖς

1734 1670 2047 1726 distinxerit
2111 1683 2205 1725 eos
2254 1688 2266 1724 :

1744 560 1887 625 quod
1914 560 2153 613 auditum
2198 574 2504 614 sermonem
2551 560 2837 613 retineant.
2869 559 2980 614 lloc
3005 561 3148 615 enim
3190 562 3328 615 dixit

1742 659 1968 721 promer
2021 666 2115 706 eos
2165 653 2258 721 qui
2310 666 2405 720 per
2436 652 2572 705 \iani
2621 651 3012 720 intelliguntur.
3063 652 3127 706 ili
3178 654 3323 707 enim

1740 757 1850 798 non
1908 743 2163 805 retinent.
2199 744 2291 798 sed
2318 744 2563 797 diabolus
2611 744 2750 796 tollit
2778 745 2844 797 ab
2872 747 2951 798 eis
2982 759 3322 811 sermonem;

1738 843 1793 889 et
1846 836 1988 901 quod
2048 834 2283 889 fructum
2337 833 2590 897 afferant,
2643 832 2779 888 dixit
2842 844 3064 903 propter
3110 849 3204 889 eos
3234 835 3327 905 qui

1737 926 2095 992 suifocantur,
2155 934 2211 982 et
2234 927 2322 996 qui
2352 941 2456 980 non
2494 925 2785 996 perdurant
2831 941 3000 994 usque
3045 926 3108 981 ad
3140 925 3323 981 ﬁnem.

1738 1019 1819 1074 illi
1843 1019 1987 1074 enim
2018 1017 2253 1074 fructum
2285 1034 2392 1074 non
2414 1018 2665 1080 afferunt,
2702 1020 2791 1088 qui
2836 1034 2939 1071 non
2980 1030 3328 1088 perseverant

1736 1126 1906 1182 usque
1957 1111 2025 1166 ad
2087 1112 2270 1167 linem.
2325 1110 2494 1167 Porro
2539 1111 2681 1182 quod
2736 1110 2891 1176 dicit,
2936 1111 2988 1164 in
3044 1111 3325 1178 patientia,

1736 1206 1876 1262 dixit
1926 1215 2149 1276 propter
2173 1220 2267 1261 eos
2307 1206 2399 1275 qui
2444 1220 2608 1274 super
2635 1214 2865 1274 petram,
2899 1204 2989 1272 qui
3022 1203 3329 1272 suscipiunt

1737 1301 1958 1371 quidem
1990 1314 2322 1365 sermonem,
2352 1314 2458 1353 non
2481 1300 2753 1356 sustinent
2792 1308 2972 1351 autem
3011 1296 3328 1349 tentationis

1735 1392 1985 1459 insidias,
2030 1401 2087 1446 et
2134 1389 2556 1460 comprobantur
2601 1389 2837 1460 reprobi.
2866 1389 3028 1444 Vides
3053 1388 3326 1457 quomodo

1741 1486 1940 1541 dixerit
1969 1484 2143 1539 dehis
2174 1485 2264 1553 qui
2300 1483 2595 1551 salvantur,
2632 1482 2774 1552 quod
2806 1483 3088 1547 retineant,
3116 1489 3171 1534 et
3216 1478 3329 1532 fru-

1737 1589 1883 1635 ctum
1918 1578 2144 1646 l‘aciant,
2195 1587 2361 1648 atque
2408 1578 2460 1632 id
2508 1576 2560 1631 in
2614 1575 2872 1647 patientia
2908 1590 2922 1629 :
2954 1582 3008 1629 et
3058 1588 3155 1644 per
3221 1573 3326 1626 tria

2323 1670 2390 1723 ah
2449 1669 2535 1723 his
2574 1668 2668 1736 qui
2724 1682 2829 1721 non
2859 1666 3119 1729 retinent,
3159 1674 3212 1716 et
3273 1661 3327 1715 hi

78 1754 329 1817 ἀκάνθαις.
390 1755 529 1808 Ἀπὸ
583 1754 692 1807 τῶν
750 1753 826 1824 μή
881 1753 1262 1824 ὑπομενόντων
1318 1751 1628 1824 πειρασμοῦ

1747 1775 1863 1818 sunt
1888 1765 1979 1834 qui
2026 1763 2181 1833 juxta
2228 1763 2369 1816 viam
2405 1779 2418 1815 :
2451 1760 2519 1815 ab
2559 1760 2641 1814 his
2672 1758 2763 1828 qui
2798 1759 3035 1813 fruetuin
3082 1771 3188 1810 non
3246 1752 3328 1807 af-

79 1846 255 1916 εφοδον,
285 1844 482 1908 οἵτινές
504 1848 646 1899 εἰσιν
675 1845 724 1898 oi
758 1847 850 1899 ἐπὶ
881 1846 983 1916 τῆς
1014 1846 1242 1917 πέτρας.

142 2156 157 2188 t
196 2136 373 2201 Οὐδεὶς
395 2136 453 2190 δὲ
484 2135 684 2208 λύχνον
711 2135 877 2206 ἅψας,
902 2133 1170 2190 καλύπτει
1207 2132 1372 2188 αὐτὸν
1420 2130 1627 2198 σκεύει,

78 2229 361 2301 ἦύποκάτω
395 2228 591 2299 κλίνης
645 2229 884 2299 τίθησιν,
927 2225 1043 2282 ἀλλ’
1074 2226 1169 2280 ἐπὶ
1206 2224 1427 2295 λυχνίας
1460 2223 1634 2277 ἐπιτί-

82 2322 231 2391 θησιν,
264 2321 347 2376 ἵνα
393 2322 444 2374 oi
493 2322 945 2393 εἰσπορευόμενοι
992 2318 1232 2390 βλέπωσι
1276 2316 1339 2370 τὸ
1386 2315 1523 2386 φῶς.
1557 2314 1633 2368 Οὐ

80 2413 168 2485 γάρ
213 2415 319 2467 ἐστι
368 2414 639 2485 κρυπτὸν,
691 2412 720 2466 δ
770 2411 830 2465 ού
864 2410 1100 2482 φανερὸν
1146 2410 1476 2481 γενήσεται,
1515 2405 1637 2459 οὐδὲ

82 2508 362 2579 ἀπόκρυφον
388 2507 417 2560 ὃ
441 2508 503 2560 οὐ
545 2506 945 2577 γνωσθήσεται,
981 2505 1078 2558 καὶ
1105 2504 1185 2565 είς
1216 2499 1451 2572 φανερὸν
1483 2498 1633 2570 ἔλθῃ.

84 2602 284 2653 Βλέπετε
322 2598 414 2653 οῦν
466 2599 592 2663 πῶς
630 2597 880 2653 ἀκούετε.
915 2599 1013 2660 Ὃς
1068 2597 1179 2666 γὰρ
1210 2594 1277 2649 ἂν
1319 2592 1440 2666 ἔχῃ,
1476 2590 1637 2663 δοθή-

87 2708 210 2745 σεται
242 2692 383 2761 αὐτῷ
405 2707 420 2722 ο
457 2691 561 2744 καὶ
592 2690 649 2754 ὃς
694 2690 759 2743 ἂν
793 2689 870 2760 μὴ
920 2689 1041 2761 ἔχῃ,
1078 2687 1172 2741 καὶ
1209 2686 1237 2739 ὃ
1282 2686 1431 2739 δοκεί
1468 2684 1635 2755 ἔχειν,

86 2785 345 2856 ἀρθήσεται
369 2783 689 2838 ἀπὀιύτοῦ.
724 2782 926 2853 Ἀλλης
956 2778 1309 2843 διδασκαλίας
1360 2777 1506 2848 ἁρχὴ
1552 2777 1640 2830 ὲν-

86 2878 246 2933 ταῦθα.
273 2878 407 2949 Πρὸς
433 2877 556 2948 γὰρ
577 2877 703 2940 τοὺς
734 2874 983 2946 μαθητὰς
1014 2874 1433 2942 ἀποτεινόμενος
1464 2868 1640 2923 ταῦτα

86 2969 228 3037 λέγει,
273 2971 348 3033 είς
382 2971 678 3039 ἀκρίὸειαν
728 2967 846 3037 βίου
877 2966 1085 3032 ὲνάγων
1137 2964 1336 3028 αὐτοὺς
1379 2964 1475 3019 καὶ
1506 2979 1635 3015 παι-

88 3060 228 3114 δεύων
246 3060 573 3130 ἐναγωνίους
601 3053 760 3121 εἶναι,
794 3057 869 3120 ὼς
901 3056 1053 3127 παρὰ
1087 3054 1306 3109 πάντων
1336 3052 1636 3126 βλέπεσθαι

1664 1825 1713 1885 Β
1742 1825 1944 1921 feruni,
1998 1825 2050 1910 ei
2098 1856 2152 1909 hi
2182 1863 2306 1908 sunt
2336 1854 2425 1923 qui
2458 1853 2600 1907 inter
2622 1825 2807 1921 spinas
2839 1868 2853 1905 :
2893 1849 2960 1903 ab
2990 1850 3074 1902 his
3103 1848 3192 1913 qui
3220 1860 3326 1900 non

1742 1946 2017 2001 sustinent
2068 1944 2380 2001 tentationis
2427 1942 2671 2009 insidias,
2707 1952 2762 1996 et
2792 1941 2847 1996 hi
2875 1950 3002 1998 sunt
3046 1940 3135 2011 qui
3166 1953 3329 2009 super

1738 2047 1972 2109 petram.
2682 2044 2689 2049 ·

1810 2149 1972 2206 Vens.
2007 2149 2200 2206 16-18.
2239 2168 2258 2201 ι
2295 2147 2466 2205 Nemo
2488 2162 2614 2205 vero
2643 2162 2764 2203 cum
2797 2146 3078 2201 lucernam
3128 2157 3325 2198 arcen-

1741 2242 1904 2309 derit,
1926 2242 2102 2312 operit
2130 2258 2249 2297 eam
2273 2256 2423 2309 vase,
2456 2249 2547 2295 aut
2570 2239 2756 2295 subter
2775 2239 2972 2295 lectum
3005 2238 3177 2307 ponit,
3232 2236 3327 2290 sed

1739 2349 1906 2405 super
1936 2334 2324 2389 candelabrum
2368 2332 2541 2404 ponit,
2586 2341 2647 2387 ut
2694 2332 2959 2386 intrantes
2986 2330 3204 2385 videant
3229 2328 3327 2382 ’lu-

1739 2443 1884 2483 men.
1910 2425 2027 2482 Non
2058 2438 2144 2483 est
2176 2426 2318 2479 enim
2345 2425 2640 2490 occultum,
2671 2424 2811 2493 quod
2846 2437 2952 2476 non
2978 2421 3324 2477 manifestum

1739 2523 1810 2576 sit
1846 2518 2088 2573 futurum
2117 2536 2131 2572 :
2166 2532 2266 2572 nec
2296 2515 2696 2579 absconditum,
2721 2514 2863 2583 quod
2893 2528 2998 2567 non
3030 2515 3101 2567 sit
3124 2527 3326 2582 ceguo-

1740 2613 2021 2677 scendum,
2066 2620 2123 2666 et
2165 2612 2218 2665 in
2262 2608 2603 2680 propatnlum
2647 2616 2955 2662 venturmn.
2984 2603 3173 2659 Videte
3195 2618 3327 2672 ergo

1740 2703 2011 2775 quomodo
2038 2701 2291 2756 audiatis.
2310 2698 2566 2767 Quisquis
2580 2698 2723 2752 enim
2750 2695 2934 2761 habet,
2961 2695 3181 2749 dabitur
3211 2695 3316 2748 illi:

1742 2806 1798 2852 et
1856 2794 2169 2866 quicunque
2216 2807 2320 2846 non
2351 2791 2537 2851 habet,
2570 2788 2734 2842 etiam
2769 2788 2913 2858 quod
2945 2796 3097 2857 putat
3134 2801 3191 2839 se
3226 2787 3326 2838 ha-

1742 2889 1895 2953 bere,
1927 2885 2205 2940 auferetur
2229 2884 2296 2937 ab
2329 2899 2416 2937 eo.
2465 2899 2483 2932 »
2515 2880 2626 2935 lloc
2656 2880 2774 2934 loco
2807 2878 3031 2933 alterius
3068 2878 3328 2932 doctrina:

1744 2979 1956 3035 initium
1982 2986 2086 3032 est.
2124 2976 2203 3031 Ad
2235 2974 2527 3044 discipulos
2559 2972 2701 3026 enim
2735 2985 3041 3025 sermonem
3068 2971 3327 3040 dirigens,

1745 3074 1859 3128 haec
1914 3071 2046 3126 dicit
2094 3070 2353 3124 inducens
2404 3081 2501 3121 eos
2533 3065 2600 3120 ad
2629 3074 2832 3119 sanctae
2861 3063 2983 3117 vitae
3013 3062 3324 3132 diligentem

91 3152 361 3222 μέλλοντας.
404 3153 463 3207 Ὀ
506 3152 621 3223 γὰρ
671 3151 938 3205 διδάσκων
986 3148 1082 3202 καὶ
1128 3146 1638 3219 κηρύττων,νπαρὰ

1747 3164 2071 3229 custodiam,
2105 3172 2159 3216 et
2206 3162 2479 3215 instruens
2505 3168 2563 3213 ut
2601 3173 2814 3227 semper
2834 3157 2885 3210 in
2922 3172 3093 3226 agone
3124 3155 3236 3209 sint
3264 3170 3330 3209 ac

92 3246 273 3299 πάντων
305 3245 587 3316 βλέπεται,
630 3245 780 3315 παρὰ
827 3243 1049 3296 πάντων
1093 3241 1539 3310 περισκοπεϊται,
1590 3240 1641 3292 εί

92 3334 221 3397 καλός
248 3336 384 3388 ἐστιν
411 3335 443 3405 ἢ
473 3333 817 3399 τούναντίον,
867 3330 962 3386 καὶ
986 3330 1138 3385 οὐδὲν
1170 3330 1281 3384 τῶν
1310 3328 1475 3383 αὐτοῦ
1508 3327 1644 3399 κρύ-

95 3442 273 3480 πτεται.
314 3426 506 3497 Ὑμεῖς
539 3423 653 3492 οὖν,
686 3419 731 3479 ὧ
758 3424 1019 3496 μαθηταὶ,
1046 3422 1145 3477 ἐὰν
1179 3421 1340 3493 ἔχητε
1370 3420 1643 3493 προσοχὴν

95 3516 168 3568 καὶ
205 3517 446 3588 σπουδὴν,
494 3516 784 3587 δοθήσεται
837 3515 968 3585 ὑμῖν
1024 3512 1225 3567 πλείων
1272 3511 1434 3582 χάρις
1490 3511 1644 3583 παρὰ

96 3607 225 3662 Θεοῦ.
259 3610 345 3673 ’ος
369 3610 413 3663 δ’
438 3609 515 3665 ἂν
557 3610 631 3680 μὴ
659 3608 757 3679 ἔχῃ
780 3605 1017 3678 σπουδὴν
1042 3606 1136 3659 καὶ
1159 3603 1458 3676 προσοχὴν,
1493 3602 1590 3657 καὶ
1613 3602 1645 3657 ὃ

96 3700 215 3754 δοκεῖ
263 3701 397 3772 ἔχειν
448 3703 705 3774 χάρισμα
762 3700 871 3754 ἀπὸ
913 3699 1074 3767 Θεοῦ,
1106 3698 1196 3753 διὰ
1235 3698 1335 3769 τῆς
1381 3696 1644 3768 ἀμελείας

97 3795 233 3850 αὐτοῦ
266 3797 669 3852 κατασϐέννυσι
701 3793 798 3848 xui.
823 3793 1111 3848 ἀπόλλυσι.

158 4105 173 4138 ι
210 4089 572 4159 Παρεγένοντο
624 4086 683 4140 δὲ
730 4086 867 4156 πρὸς
925 4083 1089 4137 αὐτὸν
1125 4084 1159 4154 ή
1217 4082 1401 4155 μήτηρ
1447 4082 1541 4135 καὶ
1594 4081 1643 4133 οἱ

98 4177 280 4246 ἀδελφοὶ
302 4178 493 4243 αὑτοῦ,
523 4179 619 4232 καὶ
645 4178 748 4231 οὐκ
777 4175 1045 4248 ἠδύναντο
1076 4175 1359 4245 συντυχεῖν
1383 4171 1534 4245 αὐτῷ
1556 4171 1646 4227 διὰ

97 4269 171 4322 τὸν
186 4270 344 4341 alios.
375 4274 492 4327 Καὶ
513 4268 801 4341 ἀπηγγέλη
831 4266 1001 4339 αὐτῷ,
1030 4266 1296 4336 λεγόντων
1317 4281 1333 4297 ο
1367 4264 1435 4319 Ἦ
1460 4265 1646 4336 μήτηρ

101 4375 175 4412 σου
211 4363 296 4416 καὶ
327 4364 373 4416 oi
405 4361 631 4431 ἀδελφοί
661 4377 757 4414 σου
797 4359 1093 4429 ἑστήκασιν
1131 4356 1257 4423 ἔξω,
1294 4356 1424 4410 ἰδεῖν
1452 4372 1511 4409 σε
1552 4354 1645 4409 θέ-

99 4451 268 4517 λοντες.
309 4455 362 4509 '0
384 4456 438 4510 δὲ
467 4453 816 4526 ἀποκριθεὶς,
847 4446 969 4504 εἷπε
1004 4449 1141 4521 πρὸς
1170 4448 1367 4514 αὐτούς
1388 4465 1401 4479 ο
1436 4449 1641 4520 Μήτηρ

104 4560 183 4611 μου
209 4549 293 4600 καὶ
325 4548 549 4617 ἀδελφοί
588 4519 689 4618 μου
740 4539 889 4600 οὗτοι
936 4519 1075 4598 εἰσιν
1108 4544 1156 4598 oi
1205 4543 1296 4597 τὸν
1349 4519 1641 4611 λόγονίτοῦ
1674 4519 1720 4575 D

99 4634 209 4690 Θεοῦ
250 4640 535 4703 ἀκούοντες
580 4641 675 4693 καὶ
712 4637 1015 4701 ποιοῦντες.
1054 4655 1074 4688 ι
1113 4635 1396 4690 Ἐντεῦθεν
1436 4635 1643 4689 δείκνυ-

100 4743 190 4793 ται,
217 4732 290 4785 δτι
328 4736 423 4787 οὐκ
447 4728 520 4803 ἦν
564 4732 702 4802 μετὰ
740 4731 852 4785 τῶν
906 4732 1048 4784 κατὰ
1098 4731 1277 4801 σάρκα
1311 4728 1590 4797 συγγενῶν
1617 4729 1645 4782 ό

101 4820 321 4890 Χριστό,·
350 4825 667 4881 καταλιπὼν
697 4825 806 4896 γὰρ
836 4825 1078 4890 τούτους,
1108 4822 1360 4894 σχολάζει
1389 4825 1454 4893 τῇ
1480 4815 1645 4874 πνευ-

105 4919 276 4986 ματικῇ
305 4917 642 4989 διδασκαλίᾳ,
688 4916 804 4969 ἀλλ’
838 4916 1035 4969 ὲκείνοι
1081 4915 1475 4984 παραγίνονται
1505 4912 1645 4983 πρὸς

112 5002 259 5058 ιὺτόν.
287 5007 469 5072 Οὕτως
505 5004 599 5062 οὗν
644 5006 750 5079 χρὴ
777 5006 872 5059 καὶ
904 5005 1084 5058 πάντα
1108 5004 1200 5057 τὸν
1224 5003 1503 5057 διακονίαν
1544 5020 1643 5055 πε-

107 5102 428 5170 πιστευμένον
479 5099 640 5165 Θεοῦ,
701 5099 866 5171 μηδὲν
917 5096 1189 5151 ποιεῖσθαι
1252 5096 1647 5168 προτιμότερον

104 5188 300 5259 ταύτης,
334 5193 464 5246 ἀλλὰ
491 5194 588 5246 καὶ
628 5194 807 5261 γονεῖς
837 5188 1235 5261 παρωθεῖσθαι,
1274 5187 1392 5256 εἴγε
1425 5187 1649 5252 μέλλου-

1745 3253 2064 3320 certamine,
2117 3260 2303 3321 utpote
2348 3250 2415 3305 ab
2471 3249 2721 3305 omnibus
2778 3246 3167 3317 conSpiciendi.
3225 3245 3326 3312 Qui

1743 3344 1888 3402 enim
1933 3344 2089 3398 docet
2127 3358 2189 3395 ac
2235 3340 2512 3410 praedicat,
2562 3340 2631 3394 ab
2669 3339 2925 3395 omnibus
2970 3339 3326 3409 conspicitur,

1743 3435 1812 3490 ab
1834 3434 2088 3490 omnibus
2113 3433 2443 3503 tlijndicatur
2469 3474 2484 3500 ,
2510 3432 2674 3503 326
2704 3447 2829 3484 num
2864 3432 3126 3485 honestus
3149 3431 3239 3497 sit,
3275 3440 3330 3483 et

1744 3526 1880 3583 nihil
1937 3524 2079 3596 quod
2112 3523 2241 3578 facit
2280 3524 2603 3578 occultatur.
2636 3522 2742 3577 Vos
2770 3521 2954 3593 igitur,
2989 3536 3021 3574 ο
3048 3519 3324 3588 discipuli,

1744 3620 1791 3678 si
1844 3619 2188 3675 attenderitis
2224 3628 2279 3673 et
2340 3616 2569 3673 studiosi
2618 3614 2853 3677 fueritis,
2917 3613 3137 3668 dabitur
3176 3613 3330 3667 vobis

1746 3715 1918 3784 major
1961 3713 2134 3783 gratia
2189 3726 2222 3766 a
2258 3712 2388 3765 Deo.
2427 3708 2528 3775 Qui
2563 3722 2692 3763 vero
2720 3723 2824 3761 non
2872 3706 3182 3761 adhibuerit
3215 3716 3330 3759 stu-

1746 3806 1893 3862 dium
1923 3813 1978 3859 et
2003 3800 2376 3863 attentionem,
2407 3799 2571 3852 etiam
2604 3797 2833 3866 siquam
2860 3796 3087 3865 gratiam
3132 3794 3329 3848 habere

1746 3896 1992 3952 videatur
2013 3911 2039 3949 a
2061 3895 2190 3957 Deo,
2207 3907 2299 3961 per
2320 3889 2696 3959 negligentiam
2720 3902 2873 3941 suam
2901 3901 3019 3941 eam
3038 3886 3282 3954 exstingu
3310 3896 3330 3938 t

1746 4001 1800 4045 et
1824 3988 2019 4060 perdit.

1823 4103 1981 4159 Vens.
2020 4099 2206 4158 19-21.
2246 4118 2266 4152 ι
2300 4096 2580 4153 Venerunt
2620 4105 2799 4150 autem
2848 4096 2914 4148 ad
2949 4092 3102 4149 illum
3159 4101 3324 4145 mater

1746 4208 1802 4254 et
1848 4197 2047 4251 fratres
2092 4192 2231 4261 eius,
2280 4200 2335 4247 et
2395 4204 2502 4244 non
2561 4194 2813 4257 poterant
2855 4185 3008 4239 adire
3053 4197 3178 4237 eum
3220 4197 3325 4251 prae

1747 4290 1924 4354 turba,
1955 4295 2010 4341 et
2059 4286 2368 4339 nuntiatum
2401 4291 2483 4337 est
2511 4278 2621 4346 illi,i
2670 4278 3000 4345 dictumque,
3035 4272 3205 4327 Mater
3240 4283 3326 4326 tua

1746 4390 1801 4438 et
1823 4381 2018 4435 fratres
2070 4377 2146 4432 tui
2198 4386 2345 4431 stant
2392 4373 2542 4437 foris,
2582 4371 2820 4426 volentes
2867 4378 2917 4423 te
2966 4369 3167 4422 videre.
3228 4365 3327 4432 Qui

1747 4471 2082 4540 respondens
2113 4468 2250 4523 dixit
2279 4466 2345 4519 ad
2387 4465 2544 4518 illos:
2572 4461 2741 4516 Mater
2776 4476 2891 4515 mea
2923 4470 2974 4514 et
3007 4459 3203 4513 fratres
3228 4458 3327 4512 mei

1751 4564 1805 4620 hi
1838 4571 1968 4618 sunt
2019 4560 2113 4629 qui
2174 4571 2481 4613 sermonem
2534 4552 2629 4608 Dei
2664 4554 2907 4616 audiunt,
2939 4562 2996 4604 et
3042 4549 3240 4603 faciunt
3269 4548 3325 4601 il-

1751 4656 1881 4709 lum.
1922 4671 1942 4704 )
1982 4651 2094 4706 Hoc
2155 4650 2275 4704 loco
2325 4648 2631 4702 ostenditur
2680 4646 2822 4715 quod
2872 4643 3029 4697 fuerit
3079 4658 3181 4697 non
3207 4656 3323 4694 cum

1751 4745 2057 4802 carnalibus
2084 4743 2329 4811 cognatis
2363 4740 2613 4794 Christus
2638 4756 2650 4790 :
2678 4736 2780 4790 illis
2807 4735 2949 4790 enirn
2972 4735 3192 4796 relictis,
3222 4733 3324 4801 Spi-

1752 4838 1935 4894 ritnali
1959 4836 2187 4890 vacabat
2216 4832 2497 4889 doctrinae,
2528 4831 2668 4883 unde
2699 4829 2769 4881 illi
2804 4828 2868 4881 ad
2902 4841 3022 4880 eum
3045 4828 3305 4879 accedunt

1754 4930 1846 4986 Sic
1876 4930 2040 4984 etiam
2067 4934 2278 4996 oportet
2310 4934 2367 4977 nt
2393 4935 2582 4976 omnes
2613 4919 2810 4988 quibus
2837 4917 3201 4973 concreditum
3249 4931 3316 4969 est

1754 5020 2115 5076 ministerium
2170 5015 2284 5081 Dei,
2340 5013 2475 5067 nihil
2532 5012 2621 5066 illo
2644 5011 2920 5080 antiquius
2966 5010 3194 5062 habeant
3247 5008 3327 5060 vel

1754 5107 2063 5177 praeferant.
2117 5104 2255 5158 Sunt
2310 5103 2438 5157 item
2494 5112 2548 5155 et
2596 5108 2844 5171 parentes
2888 5098 3204 5169 repellendi,
3255 5099 3327 5149 si-

1749 5201 1966 5269 quidem
2030 5201 2234 5265 absque
2284 5194 2515 5248 utilitate
2566 5203 2621 5247 et
2675 5191 2875 5245 frustra
2929 5191 2983 5244 in
3041 5205 3204 5258 Opere
3240 5190 3326 5241 Dei

109 5293 178 5330 σιν
211 5284 342 5353 ἡμᾶς
386 5286 699 5359 ἐμποδίζειν
753 5282 1048 5352 ἀνωφελῶς
1115 5282 1210 5335 καὶ
1257 5280 1433 5351 μάτην
1474 5282 1553 5343 είς
1590 5279 1639 5332 τέ

1751 5308 1850 5347 nos
1880 5290 2189 5361 impedituri
2234 5294 2382 5352 sunt,
2428 5283 2877 5355 quemadmodum
2912 5295 3123 5338 etnunc
3150 5280 3327 5337 Domi-

108 5370 187 5423 τοῦ
213 5373 337 5429 Θεοῦ
364 5379 540 5449 ἔργον.
580 5379 792 5447 Ὠσπερ
822 5371 915 5430 οὖν
943 5375 1038 5429 καὶ
1065 5374 1159 5429 νῦν
1187 5376 1216 5425 ό
1250 5375 1455 5444 Κύριος
1483 5373 1647 5426 ποιεῖ.

1755 5400 1856 5439 nus
1904 5384 2053 5439 facit.
2106 5383 2241 5449 Quia
2288 5380 2433 5434 enim
2486 5378 2739 5433 dixerant
2779 5376 2853 5431 illi
2883 5376 3098 5445 quidam
3136 5378 3201 5431 de
3239 5391 3321 5430 co-

2128 5480 2161 5502 δν

1014 5578 1117 5641 ‘Ex
1169 5577 1517 5640 collatione
1566 5581 1755 5644 codd.
1788 5581 2017 5640 Venet.
2052 5576 2115 5636 S.
2154 5569 2371 5634 Marci.

173 5691 238 5766 (ἔξ)
286 5694 413 5766 ῼού.
460 5699 547 5763 51,
598 5699 805 5763 Οἴτινές
854 5698 993 5751 εἰσιν
1036 5697 1085 5749 oi
1136 5696 1289 5766 παρὰ
1349 5697 1475 5766 τὴν·
1506 5696 1645 5751 ὀδόν.

129 5760 354 5842 ῥπὸοτῶν
392 5767 462 5840 μὴ
488 5760 979 5842 τελεσφορούντων.
1028 5760 1240 5842 Θζτινές
1271 5760 1647 5842 είσινὲν-ταξς

129 5785 230 5811 ιι..πο
254 5785 354 5817 των
392 5785 462 5840 μη
488 5786 714 5838 τελεσφο

115 5828 367 5902 ἀκάνθαις,
396 5855 444 5893 κ.
476 5858 523 5896 τ.
561 5841 611 5894 λ.
645 5860 663 5892 ι
702 5785 780 5896 lii)

114 5755 125 5775 \

793 5850 943 5906 sunt,
968 5837 1058 5909 qui
1083 5836 1239 5908 juxta
1261 5837 1424 5894 viam.
1454 5836 1537 5896 Ab
1560 5838 1646 5896 his

1758 5698 1849 5768 qui
1879 5696 2125 5768 fructum
2144 5706 2242 5748 suo
2276 5700 2520 5761 tempore
2544 5703 2655 5746 non
2688 5687 2943 5746 afferunt.
3009 5686 3076 5743 Et
3120 5687 3171 5742 bi
3199 5695 3326 5743 sunt

1757 5763 1850 5841 qui
1879 5769 2019 5823 inter
2049 5763 2253 5833 spinas,
2288 5780 2308 5816 ι
2351 5770 2458 5818 etc.
