3896 6452
629 331 740 397 803

1524 322 2101 384 THEOPIIYLACTI‘
2142 323 2552 384 BULGARIIE
2593 323 2954 386 ARCHIEP.
3719 347 3788 410 eo;

637 442 813 516 gnatis
859 439 998 509 ejus,
1065 438 1179 510 ipse
1219 436 1614 494 fraternitatem
1645 453 1752 494 non
1793 439 1848 493 in
1888 455 2059 509 parvo
2119 455 2206 495 nu-

2337 439 2491 494 Ἐπεὶ
2529 440 2637 510 γὰρ
2671 436 2829 496 εἷπον
2875 442 3024 514 αύτῷ
3075 462 3214 509 τινες
3266 449 3394 519 περὶ
3443 451 3544 503 τῶν
3591 466 3789 528 συγγενῶν

633 551 786 593 mero
835 532 1057 598 claudit,
1101 545 1278 600 neque
1320 530 1445 586 filiis
1494 530 1696 601 Josepli
1753 531 1900 587 hunc
1955 531 2215 590 honorem

636 630 751 692 dat,
780 637 838 682 ut
873 624 971 682 soli
1003 625 1113 681 sint
1139 623 1338 680 fratres
1364 641 1378 677 :
1413 624 1507 682 sed
1529 624 1654 692 quia
1685 623 1834 679 venit
1855 631 2026 681 totum
2054 639 2217 678 mun-

635 723 765 780 dum
795 732 1038 782 scrvare,
1074 727 1131 774 et
1150 731 1342 772 omnes
1371 715 1569 772 fratres
1587 715 1789 781 facere,
1841 716 2009 772 dicit:
2041 716 2219 770 Mater

632 827 751 869 mea
780 823 833 870 et
885 811 1086 866 fratres
1136 810 1242 865 mei
1271 809 1324 864 hi
1375 809 1620 880 suntqui
1650 823 1956 864 sermonem
1983 809 2079 862 Dei
2118 823 2216 866 att-

630 905 804 960 diunt.
844 903 1052 959 Deinde
1075 902 1204 973 quia
1237 902 1376 958 nuda
1401 910 1456 958 et
1478 901 1593 958 sola
1626 902 1829 960 auditio
1863 902 2066 959 nullum
2098 917 2217 959 ser-

634 1007 749 1060 vat,
785 998 878 1053 sed
911 997 1081 1066 magis
1121 996 1470 1060 condemnat,
1504 995 1633 1049 dicit
1668 1012 1684 1050 :
1714 1004 1766 1050 et
1809 993 2015 1052 faciunt
2041 994 2212 1050 illttm.

631 1089 860 1156 Oportet
916 1089 1081 1154 igitur
1130 1090 1342 1153 audire,
1383 1086 1667 1142 etfacere.
1704 1087 1870 1144 Porro
1905 1102 2213 1144 sermonem

627 1181 721 1236 Dei
763 1196 915 1236 suam
949 1182 1248 1236 doctrinam
1304 1191 1480 1235 vocat.
1516 1179 1870 1250 Quaecunque
1919 1179 2064 1235 enim
2101 1179 2215 1249 ipse

628 1273 866 1334 dicebat,
913 1274 1094 1326 Patris
1127 1273 1207 1326 sui
1251 1280 1430 1336 erant,
1461 1274 1550 1326 cui
1585 1288 1688 1328 non
1722 1271 1826 1326 fuit
1845 1270 2212 1337 adversarius,

633 1373 696 1421 ut
728 1366 873 1419 dicat
902 1380 1021 1433 qua:
1049 1365 1141 1420 Dei
1175 1379 1282 1420 non
1316 1373 1466 1418 sunt.
1487 1364 1555 1417 At
1586 1363 1830 1433 plerique
1869 1364 2043 1418 locum
2072 1363 2213 1417 hunc

626 1459 708 1514 sic
771 1457 1100 1528 intelligunt,
1142 1456 1285 1528 quod
1337 1457 1558 1526 quidam
1595 1456 1869 1511 irriserint
1933 1455 2208 1514 Christum

628 1552 938 1615 docentem,
995 1560 1052 1605 et
1083 1551 1156 1608 ob
1193 1551 1496 1606 doctrinam
1529 1565 1682 1605 suam
1729 1548 1934 1604 factum
1975 1549 2214 1606 admira-

627 1643 814 1709 bilem,
842 1651 899 1698 ut
939 1657 1036 1712 per
1083 1642 1345 1698 invidiam
1387 1641 1622 1697 dixerint
1658 1658 1671 1694 :
1713 1641 1855 1698 Ecce
1899 1649 2073 1695 mater
2121 1649 2210 1694 tua

630 1743 683 1787 et
709 1731 907 1788 fratres
940 1734 1015 1787 tui
1055 1742 1181 1788 sunt
1219 1732 1375 1798 foris,
1401 1733 1680 1803 cupientes
1713 1741 1767 1787 te
1816 1732 2024 1800 videre,
2083 1732 2210 1801 quia

2320 532 2520 601 αὐτοῦ,
2549 535 2714 600 αὐτὸς
2745 538 2808 591 οὐ
2858 539 3156 610 περικλείει
3185 541 3246 596 ὲν
3289 542 3486 612 ὀλίγοις
3517 548 3601 618 τὴν
3634 554 3790 625 ἀδελφέ.

2317 644 2477 699 τητα,
2511 626 2637 682 οὐδὲ
2681 630 2811 694 τοὺς
2846 630 2941 684 τοῦ
2969 631 3167 705 Ἰωσὴφ
3215 635 3414 700 παῖδας
3454 642 3664 708 καταξιοῖ
3686 649 3790 704 ἀδελ.

2317 727 2456 794 φοὺς
2500 725 2699 797 ,μόνους
2740 727 2909 799 ἔχειν,
2956 729 3072 784 ἀλλ’
3111 733 3238 787 ἐπεὶ
3282 733 3374 787 τὸν
3424 735 3608 806 κόσμον
3643 741 3789 800 ἅπαντι

2315 811 2450 889 ἦλθε
2516 818 2724 886 σῶσαι,
2793 819 2888 875 καὶ
2935 823 3142 887 πάντας
3198 823 3463 893 ἀδελφοὺς
3525 832 3787 904 ποιήσασθαι,

2318 909 2487 981 φησί’
2516 911 2716 982 Μήτηρ
2747 928 2852 983 μου
2884 914 2978 968 καὶ
3005 914 3224 984 ἀδελφοί
3257 933 3360 985 μου
3385 920 3516 972 εἰσιν
3536 922 3580 973 οί
3604 923 3673 976 τδν
3690 927 3790 995 λόγον

2315 1001 2412 1057 τοῦ
2450 1003 2587 1058 Θεοῦ
2615 1004 2930 1071 ἀκούοντες.
2971 1005 3105 1063 Εἶτα
3139 1010 3332 1082 ἐπειδὴ
3362 1012 3427 1064 τὸ
3472 1015 3658 1069 ἀκούειν
3691 1020 3789 1088 delia

2315 1095 2506 1150 οὐδένα
2552 1096 2743 1164 σώζει,
2771 1101 2822 1152 εί
2851 1101 2930 1172 μὴ
2971 1101 3174 1171 μᾶλλον
3213 1103 3313 1157 καὶ
3348 1108 3655 1176 κατακρίνει,
3690 1121 3790 1184 φηέτ,

2316 1189 2410 1242 καὶ
2438 1191 2742 1256 ποιοῦντες.
2771 1195 2863 1247 Δεῖ
2887 1197 2995 1265 γὰρ
3021 1196 3160 1265 μετὰ
3181 1197 3278 1250 τοῦ
3310 1197 3541 1264 ἀκούειν,
3569 1204 3644 1255 καὶ
3662 1213 3787 1264 ποιεῖν,

2315 1279 2490 1349 Λόγον
2525 1280 2587 1336 δὲ
2627 1283 2764 1337 Θεοῦ
2822 1283 2920 1355 τὴν
2963 1286 3168 1340 οἰκείαν
3196 1287 3538 1343 διδασκαλίαν
3567 1292 3789 1360 λέγει·ὃοι

2316 1369 2425 1438 γὰρ
2449 1369 2612 1436 αὐτὸς
2639 1372 2817 1441 ἔλεγε,
2841 1374 2938 1428 τοῦ
2971 1376 3184 1448 Πατρὸς
3209 1378 3380 1431 αὐτοῦ
3411 1375 3557 1451 ἦσαν.
3582 1385 3643 1436 Οὐ
3661 1388 3737 1458 γὰρ
3750 1387 3788 1460 ἦν

2311 1461 2562 1527 ἀντίθεος
2587 1463 2729 1518 ὥστε
2757 1465 2796 1521 ἃ
2825 1466 2976 1536 λέγει
3007 1469 3083 1540 μὴ
3123 1465 3265 1524 εῖναι
3311 1471 3404 1525 τοῦ
3446 1474 3588 1531 Θεοῦ.
3617 1477 3730 1543 Τινὲς

2313 1554 2374 1606 τὸ
2409 1556 2612 1626 χωρίον
2634 1557 2796 1612 τοῦτο
2827 1561 2970 1614 οὕτω
3003 1562 3217 1617 νοοῦσιν
3240 1604 3257 1630 ,
3307 1565 3393 1620 ὅτι
3424 1567 3513 1619 τοῦ
3546 1570 3727 1638 Χριστοῦ
3745 1577 3787 1628 ἀ·

2313 1646 2607 1714 δάσκοντος
2640 1652 2735 1704 καὶ
2773 1651 3187 1723 εὐδοκιμοῦντος
3215 1656 3313 1708 ἐπὶ
3343 1659 3407 1727 τῇ
3445 1656 3784 1733 bibamus,»

2315 1743 2403 1807 νὲς
2441 1743 2808 1815 φθονήσαντες
2854 1747 2951 1799 καὶ
2994 1744 3183 1817 ὥσπερ
3229 1749 3630 1819 μυκτηρίζοντες
3665 1758 3782 1818 adrui-1,

628 1833 804 1878 mater
843 1824 1013 1892 ipsius
1038 1823 1322 1880 videbatur
1348 1823 1474 1878 vilis
1534 1837 1680 1886 esse,
1741 1832 1798 1878 et
1849 1821 2048 1876 fratres
2097 1823 2206 1892 ejus

2318 1831 2470 1888 εἷπον
2491 1853 2504 1865 ·
2542 1837 2674 1889 Ἰδοὺ
2707 1839 2738 1908 ἡ
2771 1839 2954 1909 μήτηρ
2982 1856 3096 1902 σου,
3128 1842 3226 1894 καὶ
3268 1843 3318 1893 ol
3347 1841 3554 1910 ἀδελφοί
3582 1862 3656 1898 σου
3687 1849 3782 1916 ἐπήν

625 1915 866 1978 obscuri,
890 1925 1075 1986 utpote
1109 1913 1248 1970 fabri
1285 1915 1401 1981 filii,
1430 1925 1484 1970 et
1515 1915 1718 1970 idcirco
1746 1918 1900 1985 quasi
1935 1913 2210 1984 ignobilis-

630 2015 861 2059 matrem
929 2007 1046 2076 ejus
1113 2017 1166 2060 et
1240 2005 1437 2061 fratres
1516 2006 1796 2061 irridendo
1857 2005 2221 2076 objiciebant.

623 2093 860 2153 Proinde
913 2099 1091 2153 sciens
1138 2098 1495 2167 cogitationes
1527 2113 1738 2164 eorum,
1768 2097 1913 2152 Nihil
1936 2099 2092 2166 mihi,
2125 2101 2209 2154 in-

624 2190 763 2254 quit,
810 2199 968 2244 nocct
1041 2187 1295 2262 ignobilis
1327 2191 1596 2260 cognatio.
1670 2190 1782 2246 lmo
1835 2191 2045 2246 etiamsi
2087 2192 2210 2262 quis

627 2279 879 2351 ignobilis
915 2279 1118 2348 fuerit,
1163 2283 1210 2337 si
1251 2292 1430 2339 tamen
1460 2281 1691 2336 audierit
1729 2297 2032 2338 sermonem
2075 2281 2205 2350 Dei,

627 2374 805 2446 ipsum
848 2392 1026 2434 meum
1063 2387 1352 2449 cognatum
1388 2377 1548 2434 facio.

703 2769 865 2826 Vens.
893 2768 1087 2826 22-25.
1134 2786 1154 2822 ι
1203 2768 1430 2825 Factum
1469 2775 1547 2823 est
1591 2777 1772 2823 autem
1821 2766 2054 2838 quodam
2093 2767 2198 2830 die.

623 2879 678 2923 et
709 2866 824 2935 ipse
845 2865 1091 2921 ascendit
1130 2865 1184 2920 in
1227 2864 1405 2921 navim
1427 2905 1444 2934 ,
1486 2872 1540 2922 et
1576 2862 1826 2935 discipuli
1861 2864 2001 2932 ejus.
2039 2870 2095 2920 et
2128 2865 2206 2920 ait

595 2960 692 3016 .ad
734 2959 874 3026 illos,
923 2957 1283 3028 Trajiciamus
1331 2957 1386 3012 in
1429 2957 1739 3012 ulteriorem
1787 2956 1956 3024 ripam
2003 2956 2200 3025 stagni,

623 3069 689 3108 ac
725 3054 1030 3109 solverunt.
1080 3052 1347 3108 (laterum
1387 3050 1770 3122 navigantibus
1831 3049 1960 3116 illis,
2001 3049 2196 3106 obdor-

625 3147 800 3201 mivit.
877 3145 945 3201 Et
1016 3146 1220 3216 ingruit
1271 3144 1506 3215 procella
1543 3144 1691 3200 venti
1743 3143 1796 3200 in
1839 3154 2114 3214 stagnum,
2149 3151 2203 3199 et

621 3239 1038 3308 complebantur
1107 3253 1173 3294 ac
1238 3238 1704 3308 periclitabantur.
1740 3238 2074 3294 Accedentes
2105 3251 2204 3293 au-

618 3338 730 3386 tem
765 3332 1166 3386 suscitaverunt
1202 3345 1327 3386 eu
1359 3331 1600 3386 dicentes
1645 3349 1658 3386 :
1703 3330 2030 3400 Praeceptor.
2067 3343 2206 3399 prae-

621 3432 832 3491 ceptor,
875 3425 1134 3492 perimus.
1201 3423 1272 3477 At
1313 3422 1404 3478 ille
1444 3422 1712 3477 excitatus
1753 3422 2052 3492 increpavit
2075 3435 2206 3476 ven-

622 3522 738 3566 tum
784 3526 849 3567 ac
891 3521 1265 3582 tempestatem
1318 3527 1497 3582 aquae,
1539 3523 1596 3568 et
1653 3513 1908 3576 cessavit,
1952 3511 2207 3580 factaque

623 3610 705 3655 est
748 3601 1130 3671 tranquillitas.
1189 3601 1334 3657 Dixit
1387 3613 1567 3656 autem
1609 3601 1714 3656 illis
1754 3615 1769 3654 :
1804 3600 1904 3657 Ubi
1955 3611 2038 3658 est
2068 3600 2206 3660 fides

631 3692 869 3747 vestra?
931 3691 1209 3748 Timentes
1257 3700 1440 3748 autem
1515 3693 1691 3747 mirati
1725 3703 1855 3748 sunt
1922 3693 2065 3750 inter
2123 3707 2205 3757 se,

623 3785 862 3839 dicentes
897 3803 910 3838 :
943 3783 1073 3850 Quis
1112 3794 1272 3854 putas
1307 3783 1397 3839 hic
1436 3794 1541 3850 est,
1572 3784 1697 3850 quia
1749 3784 1924 3840 ventis
1987 3798 2206 3853 quoque

620 3886 676 3932 et
701 3890 858 3947 aqua:
907 3879 1159 3946 imperat,
1191 3877 1426 3948 et327
1456 3875 1828 3933 obediuntei?
1869 3893 1887 3927 ι
1931 3876 2206 3934 Exerceas

621 3970 914 4039 discipulos
975 3969 1260 4036 Dominus,
1321 3984 1619 4038 eorumque
1681 3969 1840 4024 fidem
1892 3967 2206 4029 examinans

622 4076 750 4114 num
773 4062 826 4114 in
847 4061 1229 4117 teutationibus
1250 4061 1363 4118 suis
1392 4060 1744 4130 imperterriti
1767 4060 1876 4115 sint
1903 4075 1916 4111 :
1944 4056 2206 4129 singulari

621 4154 854 4226 quadam
905 4155 1308 4225 dispensatione
1365 4155 1596 4218 dormit,
1649 4155 1934 4223 arguitque
1993 4152 2204 4208 illorum

623 4248 1016 4304 infirmitatem.
1063 4247 1179 4303 Non
1235 4249 1379 4302 enim
1412 4246 1703 4316 perfectam
1754 4244 1936 4310 fidem,
1961 4244 2054 4299 sed
2087 4245 2208 4301 iulio

624 4343 844 4394 ilelitate
901 4340 1115 4394 mistam
1175 4354 1288 4410 prae
1351 4352 1412 4393 se
1459 4337 1726 4396 ferebant.
1775 4337 2014 4396 Credttnt
2062 4335 2206 4390 enim

625 4433 766 4499 quod
801 4430 1010 4486 salvare
1041 4431 1235 4501 possit,
1267 4444 1452 4484 verum
1485 4438 1542 4486 ut
1593 4429 1964 4500 pusillanimes
1997 4429 2203 4493 dicunt,

2317 1947 2479 1982 κασιν
2509 1929 2636 1996 ἔξω,
2656 1931 2783 1984 ίδείν
2812 1949 2870 1984 σε
2892 1932 3159 1996 θέλοντες.
3201 1933 3362 1986 Ἐπεὶ
3385 1935 3539 2005 γὰρὴ
3569 1942 3706 2009 μήτηρ
3725 1943 3783 1993 αὖ.

2315 2021 2407 2074 τοῦ
2456 2021 2630 2076 ἐδόκει
2683 2023 2911 2094 εὐτελὴς
2957 2020 3117 2090 εἶναι,
3179 2028 3280 2080 καὶ
3337 2028 3386 2080 οἱ
3450 2028 3637 2098 ἀδελφοὶ
3679 2036 3781 2087 αὐτοὶ

2315 2116 2540 2182 ἀφανεῖς
2583 2133 2748 2182 τινες,
2796 2117 2874 2180 ὡς
2900 2118 3149 2182 τέκτονος
3177 2121 3314 2187 υἱοὶ,
3338 2114 3521 2176 τούτου
3549 2123 3693 2178 ἕνεκεν
3710 2128 3782 2181 διι-

2315 2210 2564 2277 σύροντες
2592 2209 2756 2262 αὑτὸν
2781 2209 2856 2273 ὡς
2890 2211 3144 2281 δυσγενῆ,
3175 2214 3282 2284 τὴν
3317 2215 3520 2286 μητέρα
3559 2219 3688 2271 αὐτοῦ
3725 2226 3781 2274 καὶ

2310 2300 2437 2363 τοὺς
2479 2300 2741 2371 ἀδελφοὺς
2785 2303 2934 2372 αύτῷ
2995 2305 3325 2375 προέφερον.
3372 2297 3444 2361 Ὅ
3474 2309 3544 2375 δὲ,
3586 2313 3706 2377 γνοὺς
3724 2314 3781 2384 τιτι

2309 2391 2548 2446 διάνοιαν
2590 2394 2795 2459 αὐτῶν,
2823 2392 3000 2463 εἶπεν,
3057 2397 3164 2461 ὅτι,
3220 2399 3392 2452 Οὐδέν
3418 2416 3482 2469 με
3525 2401 3700 2472 βλάπτει
3725 2407 3780 2457 εὖ·

2308 2483 2486 2537 τέλεια
2515 2488 2834 2557 συγγενικὴ,
2872 2488 3006 2542 ἀλλὰ
3047 2490 3252 2558 μᾶλλον
3287 2491 3390 2544 κᾶν
3423 2493 3616 2561 εὐτελὴς
3634 2496 3696 2561 είη
3715 2512 3780 2558 τις,

2307 2575 2483 2648 ἀκούῃ
2515 2576 2570 2629 δὲ
2593 2578 2687 2630 τὸν
2719 2579 2876 2648 λόγον
2906 2581 3000 2634 τοῦ
3048 2581 3208 2648 Θεοῦ,
3269 2585 3504 2652 συγγενῆ
3547 2585 3673 2640 αὑτὸν

2306 2669 2459 2736 ἐμόν.

2385 2781 2403 2814 ι
2449 2765 2562 2818 Καὶ
2607 2767 2825 2834 ἐγένετο
2875 2770 2935 2822 ἐν
2984 2771 3084 2840 μιᾷ
3136 2771 3252 2824 τῶν
3302 2773 3537 2844 ἡμερῶν,
3573 2776 3648 2830 καὶ
3677 2777 3776 2838 nisi;

2306 2855 2466 2926 ἐνέόῃ
2511 2857 2592 2920 εις
2618 2858 2820 2925 πλοῖον,
2866 2861 2960 2915 καὶ
2993 2863 3042 2915 οξ
3081 2863 3328 2936 μαθηταὶ
3384 2867 3555 2931 αὑτοῦ,
3601 2868 3673 2921 καὶ
3702 2864 3776 2920 εἷπε

2305 2951 2443 3021 πρὸς
2473 2953 2673 3016 αὐτούς
2693 2969 2707 2984 ⁶
2745 2954 3054 3026 Διέλθωμεν
3105 2959 3186 3021 εἰς
3220 2959 3286 3012 τὸ
3323 2959 3490 3030 πέραν
3518 2960 3602 3029 τῆς
3627 2960 3773 3031 λίμνης,

2304 3041 2398 3095 καὶ
2423 3042 2765 3112 ἀνήχθησαν,
2803 3045 3083 3101 Πλεόντων
3108 3047 3167 3101 δὲ
3192 3049 3396 3113 αὐτῶν,
3437 3051 3695 3118 ἀφύπνωσε,
3720 3053 3774 3101 ml

2305 3135 2508 3202 κατέϐη
2535 3135 2734 3206 λαίλαψ
2761 3137 2968 3207 ἀνέμου
3003 3140 3084 3204 εἰς
3105 3139 3207 3211 τὴν
3239 3141 3456 3212 λίμνην,
3487 3145 3570 3196 καὶ
3596 3143 3774 3211 sustain-

2307 3224 2499 3295 ροῦντο
2544 3229 2640 3280 καὶ
2684 3228 3046 3284 ἐκινδύνευον.
3077 3232 3476 3303 Προσελοόντες
3506 3234 3556 3287 δὲ
3581 3235 3775 3303 διήγειριν

2305 3317 2494 3385 αὐτὸν,
2564 3319 2851 3387 λέγοντες⁹
2915 3321 3251 3391 Ἐπιστάτα,
3313 3325 3578 3392 ἐπιστάτα,
3624 3323 3776 3378 dacili-

2308 3410 2471 3480 μεθα.
2523 3410 2582 3463 ’0
2606 3411 2662 3466 δὲ
2721 3412 2973 3483 ἀγερθεὶς
3006 3413 3314 3484 ἐπετίμησε
3357 3416 3434 3488 τῷ
3461 3417 3624 3486 ἀνέμῳ
3646 3417 3774 3483 καὶτῴ

2279 3547 2282 3550 λ
2309 3502 2540 3558 κλύδωνι
2567 3503 2660 3556 τοῦ
2688 3503 2900 3568 ὓδατος,
2933 3506 3030 3558 καὶ
3065 3508 3212 3559 ὲπαύ
3223 3525 3378 3571 σατο,
3413 3512 3500 3562 καὶ
3529 3509 3695 3577 ἐγένετο
3711 3524 3774 3574 τι·

2307 3595 2468 3665 λήνη.
2502 3591 2640 3650 Eii:
2685 3597 2746 3650 δὲ
2785 3597 3007 3660 αὐτοῖς·
3041 3598 3149 3651 Ποῦ
3196 3602 3350 3653 ἐστιν
3381 3603 3412 3672 ἡ
3459 3601 3614 3663 πίστις
3652 3599 3770 3668 illi”;

2305 3688 2637 3757 ῠώηθὲντες
2661 3689 2744 3755 δὲ,
2765 3689 3112 3759 ἐθαύμασαν,
3135 3692 3388 3760 λέγοντες
3419 3692 3540 3764 πρὸς
3565 3692 3771 3762 ἀλλήλοις

2308 3779 2402 3843 ἰ’ίς
2431 3780 2539 3851 ἄρα
2571 3775 2728 3844 οὗτός
2761 3782 2931 3846 ἐστιν,
2961 3782 3046 3835 ὅτι
3076 3782 3172 3835 καὶ
3204 3787 3320 3848 τοῖς
3356 3785 3561 3853 ἀνέμοις
3580 3783 3770 3834 intrasse

2308 3869 2402 3922 καὶ
2439 3871 2516 3942 τῷ
2561 3871 2712 3924 ὕδατι
2759 3873 2853 3926 καὶ
2892 3873 3264 3927 ὑπακούουσιν
3302 3875 3480 3945 αύτῷ;
3516 3894 3533 3926 ι
3567 3873 3771 3942 Feminis-1

2305 3965 2433 4026 τοὺς
2460 3963 2709 4034 μαθητὰς
2754 3965 2784 4018 ὁ
2821 3964 3046 4036 Κύριος,
3102 3969 3195 4020 καὶ
3226 3967 3526 4038 δοκιμάζων
3549 3967 3628 4036 τὴν
3655 3966 3768 4016 πίστιν

2305 4053 2510 4120 αὐτῶν,
2546 4058 2596 4108 εἰ
2631 4056 2740 4127 ἄρα
2780 4060 2843 4110 ὲν
2893 4062 3006 4122 τοῖς
3053 4063 3384 4130 πειρασμοῖς
3432 4057 3770 4128 ἁκλόνητοίεὶσιν

2307 4146 2560 4201 καθεύδει
2621 4149 3012 4222 οἰκονομικῶς,
3088 4151 3204 4206 ἀλλ’
3267 4153 3535 4223 ἐλέγχεται
3585 4149 3769 4214 αὐτῶνθ]

2307 4238 2584 4295 ἀσθένεια.
2620 4241 2695 4294 υύ
2728 4243 2837 4316 γὰρ
2869 4243 3082 4298 τελείαν
3114 4243 3322 4309 πίστιν,
3353 4245 3486 4298 ἀλλά
3521 4240 3770 4314 μεμιγμένην

2309 4336 2373 4402 τῇ
2431 4333 2659 4406 ἀπιστίᾳ
2704 4333 3099 4408 ἐνδείκνυνται.
3146 4337 3467 4392 Πιστεύουσι
3507 4338 3591 4408 μιν
3622 4335 3767 4403 rapi?!

2311 4427 2482 4480 σώσαι
2527 4426 2770 4481 δύναται.
2816 4426 2903 4492 Ὠς
2933 4427 2989 4481 δὲ
3013 4428 3376 4498 ὀλιγόπιστοι,
3405 4431 3596 4499 λέγουσι
3618 4427 3678 4489 τὸ,
3699 4424 3766 4476 Σώο

625 4520 806 4588 Salva,
850 4522 1110 4592 perimus.
1166 4521 1222 4578 Si
1266 4523 1408 4577 enim
1457 4522 1750 4591 perfectam
1792 4520 2109 4576 habuissent
2145 4517 2206 4576 li-

2311 4530 2424 4580 σον,
2449 4515 2820 4588 ἀπολλύμεθα.
2849 4519 2912 4572 El
2941 4520 3051 4590 γὰρ
3074 4520 3287 4575 τελείαν
3307 4520 3448 4592 εἶχον
3470 4521 3639 4584 πίστιν,
3658 4517 3764 4582 ἐπλη-

625 4614 768 4681 dem,
821 4616 955 4672 satis
993 4615 1124 4671 certi
1169 4615 1398 4670 fuissent
1453 4613 1794 4684 impossibile
1840 4627 1962 4669 esse
2023 4612 2202 4682 perire

625 4703 769 4769 illos,
789 4716 1054 4776 praesente
1079 4721 1143 4761 eo
1172 4707 1262 4777 qui
1302 4707 1484 4762 omnia
1514 4708 1673 4760 valet.
1709 4703 1992 4760 Excitatus
2021 4713 2202 4759 autem

624 4798 925 4869 increpavit
981 4809 1222 4854 ventum.
1277 4799 1529 4855 Permisit
1573 4812 1705 4854 vero
1745 4812 1841 4852 eos
1871 4797 2099 4864 turbari,
2144 4806 2204 4851 ut

623 4892 822 4946 clarior
853 4893 1004 4948 fieret
1032 4907 1126 4948 sua
1165 4893 1358 4948 virtus.
1392 4893 1578 4947 Solent
1610 4891 1755 4946 enim
1786 4891 2034 4948 homines
2075 4899 2204 4946 tunc

625 4986 943 5041 meminisse
966 4985 1086 5056 ejus
1113 4985 1202 5055 qui
1228 4985 1425 5050 salvat,
1447 4985 1666 5054 quando
1696 4999 1724 5038 a
1755 4984 1960 5053 magnis
1983 4983 2199 5054 pericu-

625 5076 691 5129 lis
729 5076 1048 5146 eripiuntur.
1083 5075 1373 5146 Propterea
1412 5091 1518 5130 non
1557 5075 1610 5129 in
1659 5075 1946 5145 principio,
2004 5074 2098 5130 sed
2148 5075 2199 5128 in

625 5167 852 5222 articulo
884 5167 1107 5237 periculi
1141 5169 1432 5234 excitatus,
1479 5165 1598 5222 illos
1636 5165 1890 5221 servavit.
1921 5166 2052 5221 Vide
2101 5182 2198 5218 au-

626 5269 734 5314 tem
765 5267 818 5314 et
849 5260 1186 5330 anagogiam,
1227 5258 1352 5330 quia
1395 5259 1566 5329 figura
1611 5267 1695 5312 est
1716 5257 1832 5328 ejus
1847 5259 1988 5328 quod
2015 5269 2199 5326 postea

625 5351 905 5421 discipulis
951 5356 1152 5408 evenit.
1186 5353 1444 5422 Stagnum
1473 5351 1616 5408 enim
1671 5361 1752 5406 est
1781 5349 1986 5417 Judaea,
2018 5351 2199 5422 inqua

627 5450 920 5508 tempestas
965 5450 1108 5506 orta,
1160 5453 1378 5512 propter
1426 5444 1688 5497 insaniam
1739 5440 2048 5505 Juilaiorunt
2110 5441 2200 5509 qui

628 5531 1020 5587 crucifixernnt
1076 5535 1383 5590 Dominum.
1435 5535 1654 5592 Turbati
1685 5549 1811 5590 vero
1850 5545 1977 5591 sunt
2029 5546 2084 5590 et
2115 5535 2199 5587 di-

625 5625 814 5692 scipuli
859 5641 872 5680 :
907 5642 1028 5680 nam
1063 5627 1152 5681 illo
1183 5628 1368 5682 relicto
1399 5617 1675 5700 fugerunt,
1706 5627 1800 5683 sed
1827 5629 2094 5682 excitatus
2118 5636 2201 5681 est

628 5717 883 5771 Dominus
913 5734 941 5770 ιι
973 5730 1186 5782 somno,
1229 5719 1329 5773 boc
1359 5725 1465 5785 est,
1505 5718 1778 5774 surrexit:
1824 5718 1966 5772 unde
1993 5718 2198 5772 reddita

624 5812 904 5884 discipulis
938 5812 1319 5883 tranquillitas.
1349 5799 1510 5868 Venit
1537 5811 1680 5868 enim
1703 5811 1770 5868 ad
1799 5825 1915 5880 eos,
1956 5825 2018 5866 ac
2039 5811 2196 5877 dixit,

2308 4608 2692 4679 ροφορήθησαν
2745 4609 2813 4663 ἂν
2845 4610 2921 4675 ὡς
2950 4613 3213 4670 ἀδύνατόν
3256 4615 3405 4669 ἐστιν
3435 4610 3678 4668 ἀπολέσθαι
3707 4607 3764 4671 σὲ·

2301 4699 2450 4765 τοὺς,
2490 4701 2741 4766 συνόντος
2790 4703 2974 4769 αὐτοῖς
3029 4705 3120 4758 τοῦ
3168 4709 3346 4762 πάντα
3393 4705 3645 4776 ἰσχύοντος.
3676 4696 3763 4750 ’οἂ

2301 4788 2571 4861 ἐγερθεὶς,
2599 4791 2904 4862 ἐπετίμησε
2952 4791 3030 4864 τῷ
3059 4793 3271 4865 ἀνέμῳ.
3301 4795 3497 4864 ’Δφῆκε
3522 4791 3611 4860 γὰρ
3635 4784 3762 4840 air-0k

2302 4882 2665 4952 ταραχθῆναι,
2698 4883 2787 4937 ἵνα
2822 4884 2918 4936 καὶ
2963 4886 3344 4959 ἐμφανεστέρα
3383 4887 3584 4955 γένηται
3608 4884 3633 4950 ἠ
3657 4872 3759 4930 αὐτοῦ

2301 4972 2552 5044 δύναμις.
2609 4976 2893 5048 Εἰώθαμεν
2941 4980 3050 5051 γὰρ
3111 4980 3160 5034 οἱ
3205 4980 3475 5050 ἄνθρωποι
3507 4969 3759 5042 τότεμιλλιν

2305 5066 2666 5141 μνημονεύειν
2705 5069 2800 5123 τοῦ
2839 5071 3133 5137 σώσαντος,
3172 5073 3301 5125 ὅταν
3329 5071 3432 5126 ἀπὸ
3465 5068 3757 5138 μεγάλωνκιιμ

2299 5157 2470 5211 δύνων
2503 5161 2650 5228 ἡμᾶς
2674 5159 2942 5232 ἐξέληται.
2968 5163 3066 5215 Διά
3093 5163 3252 5216 τοῦτο
3273 5165 3370 5216 οὐκ
3391 5165 3444 5216 ὲν
3469 5151 3702 5231 ἀρχῇ,ἀλλ’
3721 5152 3754 5200 ἐν

2301 5251 2453 5322 ἀκμῇ
2476 5251 2568 5305 τοῦ
2601 5252 2844 5305 κινδύνου
2866 5253 3156 5320 διαναστὰς
3182 5257 3368 5318 αὐτοὺς
3387 5255 3582 5307 ἔσωσεν.
3605 5249 3701 5315 Ὅρα
3721 5241 3753 5292 δὲ

2300 5351 2394 5402 καὶ
2436 5349 2826 5418 ἀναγωγικῶς,
2857 5351 2939 5404 ὅτι
2968 5352 3135 5413 τύπος
3168 5353 3283 5405 ἐστὶ
3311 5351 3462 5405 τοῦτο
3488 5347 3566 5400 τοῦ
3603 5342 3752 5406 ὕστερον

2302 5447 2429 5514 περὶ
2476 5447 2601 5508 τοὺς
2652 5445 2899 5516 μαθητὰς
2954 5447 3279 5514 συμϐάντος.
3340 5447 3504 5516 Λίμνη
3535 5441 3613 5509 μὲν
3637 5427 3750 5502 τάρή

2313 5535 2561 5598 Ἰουδαία,
2591 5538 2717 5608 περὶ
2750 5537 2817 5607 ἣν
2864 5539 3070 5608 κατέϐη
3104 5537 3300 5606 λαίλαψ
3348 5534 3503 5602 πολλὴ
3547 5531 3624 5598 τῆς
3660 5517 3751 5575 κατὰ

2299 5627 2538 5698 Χριστοῦ
2561 5627 2777 5697 μανίας.
2800 5621 2864 5698 ἣν
2887 5628 3168 5698 ἐμάνησαν
3187 5629 3235 5680 οἱ
3253 5627 3476 5680 Ἰουδαῖοι
3491 5619 3749 5696 σταυρονγτεὲ

2301 5717 2392 5771 τὸν
2418 5718 2644 5790 Κύριον.
2678 5719 3093 5792 Ἑταράχϐησαν
3114 5721 3169 5773 δὲ
3191 5721 3280 5775 καὶ
3309 5720 3355 5773 oi
3379 5709 3596 5789 μαθηταίο
3617 5701 3744 5755 πάντες

2287 5811 2410 5882 ⁵γὰρ
2442 5812 2670 5881 ἀφέντες
2727 5815 2889 5895 αὐτῷ
2932 5813 3154 5885 ἔφυγον,
3206 5813 3314 5868 ἀλλ’
3344 5807 3526 5883 ἠγέρθη
3567 5793 3742 5865 ὁΚδρτίδῖ
