3896 6452
505 334 611 398 8οἹ

1439 339 2015 402 THEOPHYLAC’I‘I
2064 339 2315 400 BUI.GA
2328 339 2402 398 Ri
2416 338 2477 396 ,Ε
2518 333 2876 395 ARCIIIEI‘.

3622 339 3703 402 808

507 451 638 506 tudo
667 449 904 521 regionis
929 451 1362 520 Gadarenorum,
1393 463 1452 509 ut
1485 455 1790 510 discederet
1827 453 1897 510 ab
1929 453 2082 524 ipsis,

2201 453 2296 507 ἀπ’
2341 451 2543 512 αὐτῶν,
2588 451 2668 502 ὅτι
2697 448 2846 517 φόΰῳ
2878 445 3100 517 μεγαλῳ
3150 445 3470 514 συνείχοντοο
3515 449 3706 515 αἱτὸςξὲ

505 543 631 612 quia
684 558 879 614 magno
925 543 1124 600 tintore
1163 546 1506 601 tenebantur.
1559 544 1678 615 ipse
1731 555 1912 600 autem
1949 559 2080 601 con-

505 649 698 690 scensa
740 637 861 690 navi
893 651 1142 694 reversus
1171 647 1274 693 est.
1310 637 1616 708 Rogaverat
1647 639 1792 692 enim
1825 638 1972 693 illum
2006 638 2088 692 vir

506 739 535 776 a
589 739 698 794 quo
751 725 1015 780 daemonia
1055 726 1324 792 exierant,
1379 739 1437 782 ut
1485 743 1605 781 cum
1653 741 1720 780 eo
1772 736 1940 791 esset,
1991 726 2089 781 sed

505 814 777 886 ablegavit
801 832 923 872 eum
943 815 1123 886 Jesus,
1153 819 1342 874 dicens
1369 837 1382 874 :
1419 817 1552 874 Redi
1582 817 1636 872 in
1666 818 1886 872 domum
1921 827 2090 883 tuam,

505 917 560 961 et
590 921 750 961 narra
795 923 1129 980 quaecunque
1168 911 1262 965 tibi
1299 909 1488 968 fecerit
1527 911 1686 966 Deus.
1734 908 1800 964 Et
1831 910 1966 965 abiit
1997 925 2096 980 per

510 1007 673 1053 totam
709 999 980 1055 civitatem
1025 1001 1323 1070 praedicans
1374 1016 1714 1072 quaecunque
1775 1001 1880 1056 sibi
1925 1001 2090 1057 fecis-

507 1099 594 1143 set
627 1087 830 1145 ’Jesus.
883 1108 902 1141 ι
971 1090 1116 1160 Fuga
1165 1100 1441 1162 pastorum
1506 1091 1805 1147 Gadarenis
1874 1092 2091 1148 occasio

509 1179 698 1236 salutis
735 1189 873 1248 erat,
905 1183 1001 1236 sed
1052 1183 1127 1236 illi
1180 1200 1282 1238 non
1342 1183 1750 1239 intellexerunt.
1800 1184 2097 1255 Oportebat

511 1271 655 1326 enim
682 1273 864 1327 mirari
884 1273 1139 1329 virtutem
1165 1275 1485 1343 Salvatoris,
1509 1284 1564 1330 et
1587 1277 1808 1330 credere
1829 1276 1877 1332 ei
1905 1295 1920 1331 :
1946 1285 2001 1330 at
2020 1275 2096 1331 illi

511 1374 857 1432 rogaverunt,
908 1363 1100 1434 inquit,
1128 1363 1334 1432 Jesum,
1372 1367 1474 1422 hoc
1519 1376 1602 1421 est
1644 1367 2092 1434 obseeraverunt,

515 1466 571 1508 ut
599 1455 666 1509 ab
693 1456 826 1525 ipsis
856 1458 1150 1514 recederet.
1184 1454 1505 1514 Timuerunt
1535 1460 1679 1516 enim
1708 1475 1774 1514 ne
1800 1475 1907 1529 quo
1935 1468 2095 1529 pacto

512 1547 674 1600 etiam
729 1547 874 1602 aliud
930 1548 1188 1604 damnum
1249 1559 1584 1619 paterentur,
1650 1551 2096 1622 quandoquidem

514 1636 664 1706 porci
689 1637 994 1705 periissent.
1046 1638 1118 1691 At
1163 1647 1386 1695 sanatus
1429 1639 1524 1695 ille
1555 1650 1784 1710 ,certum
1827 1638 2098 1709 quoddam

512 1728 761 1784 sanitatis
795 1728 1055 1784 indicium
1093 1731 1434 1787 ostendebat.
1483 1730 1560 1786 Ita
1618 1731 1765 1787 enim
1798 1741 1982 1787 mente
2008 1745 2099 1787 sa-

511 1831 674 1876 natus
703 1829 808 1884 est.
853 1831 912 1877 ut
937 1820 1125 1879 Jesum
1153 1833 1501 1894 agnosceret,
1533 1839 1700 1880 orans
1739 1835 1796 1879 ut
1824 1825 1930 1880 sibi
1973 1839 2097 1880 cum

514 1912 610 1969 illo
659 1929 782 1971 esse
834 1912 1043 1972 liceret.
1093 1916 1328 1984 Etenim,
1376 1926 1438 1972 ut
1473 1928 1719 1988 apparet,
1758 1919 1983 1975 timebat
2032 1933 2100 1974 ne

515 2005 656 2062 forte
681 2007 962 2077 elongatus
987 2023 1017 2061 a
1048 2006 1175 2064 Jesu
1211 2023 1242 2064 a
1270 2009 1608 2066 damonibus
1639 2011 1837 2066 iterum
1878 2010 2098 2066 invade-

517 2105 704 2164 retur;
745 2099 840 2154 sed
891 2097 1157 2155 Dominus
1200 2099 1404 2156 indicat
1438 2101 1488 2157 ei
1530 2101 1674 2170 quod
1709 2099 1839 2156 licet
1883 2115 1992 2154 non
2026 2099 2099 2155 sit

513 2202 722 2253 secum,
767 2189 940 2260 gratia
999 2199 1180 2246 tamen
1229 2189 1347 2261 ejus
1396 2199 1700 2263 protectus,
1749 2191 2098 2248 daemoniacis

514 2281 807 2338 insultibus
852 2283 1102 2354 superior
1149 2283 1264 2340 flat.
1311 2283 1470 2350 Redi,
1525 2284 1723 2357 inquit,
1771 2285 1824 2339 in
1873 2283 2097 2339 domum

515 2382 685 2439 tuam,
731 2382 788 2428 et
834 2388 993 2428 narra
1040 2389 1376 2446 quaecunque
1406 2377 1503 2431 tibi
1542 2377 1732 2432 fecerit
1770 2375 1934 2431 Deus.
1977 2371 2096 2429 Non

514 2463 672 2532 dixit,
719 2479 1057 2536 quaecunque
1101 2481 1203 2537 ego
1243 2468 1337 2523 tibi
1389 2468 1634 2533 fecerim,
1671 2467 1898 2538 figuram
1940 2467 2097 2523 nobis

515 2556 839 2614 humilitatis
873 2561 1128 2625 tradens,
1165 2569 1222 2614 ut
1268 2562 1449 2614 omnia
1510 2561 1649 2614 bona
1696 2575 1865 2630 opera
1912 2569 2096 2615 nostra

518 2649 626 2703 Deo
655 2649 976 2706 tribuamus.
1009 2649 1138 2706 Erat
1167 2660 1348 2706 autem
1390 2651 1478 2707 illc
1520 2662 1733 2724 gratus,
1778 2652 1852 2706 ita
1884 2662 1941 2706 ut
1970 2665 2099 2705 nar-

514 2753 662 2798 raret
703 2757 1040 2814 quaecunque
1071 2743 1292 2800 fecisset
1335 2745 1387 2799 ei
1437 2742 1615 2800 Jesus.
1647 2740 1785 2798 Nam
1832 2743 2100 2799 Dominus

514 2835 733 2905 quidem
765 2847 1098 2906 preceperat
1141 2837 1193 2892 ei
1225 2846 1287 2891 ut
1313 2846 1564 2891 narraret
1589 2850 1928 2907 quaecunque
1953 2835 2100 2892 fece-

517 2938 603 2982 rat
625 2927 676 2982 ei
710 2929 850 2984 Deus
878 2943 895 2982 :
935 2941 992 2983 at
1023 2929 1070 2984 is
1103 2938 1288 2984 narrat
1314 2943 1652 3000 quaecunque
1696 2929 1746 2984 ei
1778 2927 1983 2985 fecerat
2005 2927 2100 2985 Je-

515 3033 633 3074 sus.
667 3019 891 3090 Oportet
918 3020 1084 3091 igitur
1106 3029 1161 3076 et
1198 3036 1298 3076 nos
1341 3021 1559 3092 quando
1607 3021 1840 3089 cuipiam
1881 3017 2102 3076 benefa-

516 3112 717 3178 cimus,
753 3111 892 3168 nolle
926 3115 1028 3170 ltoc
1057 3114 1384 3185 praedicari:
1424 3123 1480 3170 at
1509 3114 1657 3170 illum
1689 3117 1784 3186 qui
1836 3116 2101 3174 beneficio

515 3203 744 3260 affectus
805 3212 924 3270 est,
985 3204 1149 3260 etiam
1227 3205 1536 3262 nolentibus
1594 3206 1751 3264 nobis
1802 3209 2102 3278 praedicare

532 3299 713 3353 decet.

590 3478 757 3535 Vens.
792 3478 984 3534 40-“.
1050 3497 1068 3530 ι
1120 3477 1345 3534 Factum
1391 3491 1476 3536 est
1527 3489 1706 3536 autem
1739 3495 1861 3536 cum
1901 3482 2103 3540 rediret

518 3573 699 3638 Jesus,
744 3571 960 3641 excepit
987 3570 1152 3642 329
1197 3570 1346 3625 illum
1377 3573 1538 3628 turba
1582 3590 1596 3626 :
1630 3589 1752 3627 nam
1782 3589 1972 3630 omnes
1998 3591 2098 3630 ex-

520 3663 838 3738 spectabant
864 3678 1008 3719 eum.
1059 3662 1126 3717 Et
1151 3677 1280 3718 ecce
1327 3664 1477 3718 venit
1522 3663 1604 3718 vir
1639 3665 1726 3720 cui
1763 3679 1958 3721 nomen
1991 3664 2103 3722 Jai-

519 3773 635 3825 rus,
666 3765 722 3812 et
764 3756 880 3825 ipse
906 3757 1157 3826 princeps
1197 3754 1497 3827 Synagogat
1526 3767 1662 3823 erat,
1696 3757 2005 3829 acciditque
2032 3759 2098 3814 ad

520 3852 683 3921 pedes
708 3848 858 3916 Jesu,
888 3864 1084 3921 rogans
1111 3864 1234 3904 eum
1263 3860 1319 3904 ut
1344 3850 1574 3906 intraret
1595 3851 1648 3906 in
1673 3849 1891 3906 domum
1917 3867 2098 3919 suam,

521 3944 777 4014 quonlam
809 3943 967 3998 unica
995 3941 1106 3996 [ilia
1133 3950 1254 3996 erat
1282 3943 1332 3996 ei
1365 3940 1478 3996 fere
1501 3956 1765 3996 annorum
1792 3941 2098 4006 duodecim,

520 4045 576 4091 et
622 4036 738 4090 haec
785 4033 1138 4088 moriebatur.
1191 4018 1391 4088 Verum
1441 4033 1584 4087 inter
1638 4034 1874 4088 eundum
1929 4033 2100 4088 turbas

519 4126 874 4182 coarctabant
914 4141 1060 4181 eum.
1097 4124 1163 4180 Et
1199 4125 1392 4180 mulier
1413 4140 1532 4194 qua:
1561 4135 1681 4180 erat
1705 4125 1942 4180 obnoxia
1975 4141 2102 4197 pro-

521 4220 684 4275 fluvio
715 4217 994 4290 sanguinis
1017 4220 1087 4272 ab
1113 4219 1271 4274 annis
1300 4219 1608 4286 duodecim,
1633 4235 1754 4289 qua:
1778 4220 1830 4275 in
1862 4222 2103 4277 medicos

521 4313 866 4380 impenderat
902 4323 1116 4364 onmem
1150 4310 1535 4376 Substautiam,
1569 4327 1669 4367 nec
1703 4311 1770 4366 ab
1808 4311 1915 4366 ullo
1950 4322 2102 4383 pote-

523 4413 610 4460 rat
637 4405 838 4470 curari,
871 4407 1102 4461 accessit
1128 4415 1296 4472 retro,
1338 4414 1394 4461 et
1427 4406 1602 4476 tetigit
1637 4405 1906 4461 fimbriam
1937 4407 2100 4461 vestio

523 4499 689 4552 menti
719 4494 861 4564 ejus,
892 4505 947 4552 et
969 4496 1260 4553 confestim
1289 4497 1584 4553 sistebatur
1609 4495 1788 4552 ﬂuxus
1817 4497 2100 4566 sanguinis

521 4587 661 4659 ejus.
696 4608 716 4640 ι
758 4585 942 4644 Rediit
979 4591 1199 4659 quidem
1238 4589 1400 4647 Jesus
1447 4609 1476 4646 a
1520 4593 1741 4663 regione
1782 4591 2097 4648 Gadareno-

523 4695 667 4746 rum,
707 4681 1056 4750 exspectabat
1085 4691 1262 4738 autern
1305 4682 1454 4738 illum
1494 4685 1669 4750 turba,
1722 4694 1832 4738 tum
1878 4696 2100 4755 propter

2198 545 2371 614 ἐμϐὰς
2409 545 2488 606 εἰς
2519 542 2580 595 τὸ
2611 541 2813 604 πλοῖον,
2844 537 3204 608 ὑπέστρεψεν.
3247 537 3454 590 Ἐδέετο
3479 539 3530 591 δὲ
3559 545 3584 594 6
3605 544 3708 614 sano

2202 637 2298 706 ἀφ,
2319 633 2379 692 οὗ
2403 633 2710 705 ἐξεληλύθει
2736 634 2802 686 τὰ
2824 631 3098 702 δαιμόνια,
3126 624 3266 684 εἶναι
3301 631 3396 683 σὺν
3419 631 3570 700 αὐτῷ,
3619 635 3709 689 Ἄγε,

2198 730 2356 784 έλυσε
2403 728 2459 781 δὲ
2492 726 2655 780 αὐτὸν
2693 726 2722 777 6
2753 723 2988 794 Ἰησοῦς,
3035 721 3228 790 λέγων·
3284 720 3621 791 Ὑπόστρεψον
3654 729 3710 789 εἰς

2195 821 2288 872 τὸν
2316 813 2464 871 οἶκόν
2498 833 2611 880 σου,
2656 816 2752 867 καὶ
2785 811 3002 882 διηγοῦ,
3036 812 3135 863 ὅσα
3179 809 3408 878 ἐποίησέ
3446 826 3521 861 σοι
3549 814 3708 876 όθεός,

2197 911 2307 966 Καὶ
2361 907 2595 978 ἀπῆλθε,
2649 907 2772 961 καθ’
2807 905 2936 974 ὃλην
2979 904 3078 974 τὴν
3131 903 3288 955 πόλιν
3339 901 3602 972 κηρύσσων
3643 907 3712 958 ὅσα

2198 1004 2455 1074 ἐποίησεν
2507 999 2656 1070 αύτῷ
2708 1001 2736 1053 6
2787 996 3014 1068 Ἰησοῦς.
3073 1015 3090 1047 ι
3129 996 3202 1047 T6
3260 994 3358 1063 μὲν
3415 998 3584 1063 φυγεῖν
3623 999 3712 1062 τοὺς

2201 1096 2522 1166 βόσκοντας,
2568 1088 2846 1159 σωτηρίας
2887 1083 3110 1156 ἀφορμὴ
3142 1082 3360 1151 ἐγένετο
3386 1084 3493 1144 τοῖς
3521 1082 3555 1134 Γ
3559 1082 3713 1154 αδαρηο

2198 1191 2330 1252 νοίς,
2370 1187 2484 1240 ἀλλ’
2520 1185 2719 1237 ἐκεῖνοι
2758 1181 2820 1234 οῦ
2855 1177 3117 1247 συνῆκαν.
3170 1175 3304 1226 Δέον
3344 1174 3449 1243 γὰρ
3493 1174 3712 1243 θαυμάσαι

2199 1280 2296 1351 τὴν
2329 1279 2558 1347 δύναμιν
2601 1273 2696 1327 τοῦ
2747 1272 3020 1342 Σωτῆρος,
3067 1267 3162 1322 καὶ
3197 1265 3482 1319 πιστεῦσαι
3521 1267 3658 1335 αύτῷ·
3681 1271 3714 1320 οξ

2199 1372 2256 1426 δὲ
2284 1368 2601 1442 ⁴ιγρώτησαν,
2643 1365 2802 1436 φησὶ,
2834 1363 2926 1417 τὸν
2966 1359 3199 1433 Ἰησοῦν,
3234 1357 3360 1414 ἀντὶ
3390 1357 3478 1410 τοῦ
3530 1361 3717 1428 aspexi-

2201 1466 2384 1526 λεσαν,
2413 1460 2667 1514 ἀπελθεῖν
2699 1457 2792 1512 ἀπ’
2823 1457 3028 1520 αὐτῶν,
3062 1452 3412 1524 ἐφοϐήθησαν
3449 1451 3715 1543 γὰρμήπως

2201 1560 2296 1616 καὶ
2331 1556 2459 1611 ἄλλο
2509 1571 2564 1607 τι
2617 1551 2915 1622 ἐπιζήμιον
2965 1547 3237 1613 πάθωσιν,
3289 1545 3476 1613 ὥσπερ
3511 1546 3593 1596 καὶ
3627 1546 3717 1606 τοὺς

2200 1651 2415 1722 χοίρους
2443 1647 2754 1704 ἀπώλεσαν.
2793 1643 2851 1696 '0
2883 1640 2939 1694 δὲ
2970 1635 3336 1711 θεραπευθεὶς
3366 1635 3578 1699 ἐκεῖνος,
3601 1635 3716 1689 ἀναν-

2200 1743 2460 1813 τίρρητον
2508 1738 2610 1808 τὴν
2657 1731 2938 1798 ἀπόδειξιν
2988 1731 3088 1801 τῆς
3152 1727 3453 1798 θεραπείας
3501 1724 3714 1813 ἐμφαίνει.

2201 1811 2360 1884 Οῦτω
2398 1829 2508 1899 γὰρ
2536 1823 2769 1895 ὑγιάσθη
2804 1821 2904 1886 τὰς
2940 1819 3168 1890 φρένας,
3215 1815 3361 1869 ὥστε
3396 1811 3714 1880 ἐπιγνῶναίιε

2130 1883 2178 1944 Β
2205 1922 2297 1975 τὶν
2337 1917 2568 1990 Ἰησοῦν,
2603 1915 2701 1970 καί⁷
2729 1912 2915 1979 ἀξιοῦν
2945 1909 3128 1975 αὐτὸν,
3161 1908 3253 1961 ἵνα
3342 1907 3438 1960 σῦν
3468 1902 3613 1974 αὐτῷ.
3640 1903 3717 1956 Καὶ

2205 2015 2337 2086 γὰρ,
2357 2013 2432 2076 ὡς
2461 2011 2657 2076 Ιοικεν,
2681 1995 2930 2077 ιφοόεῖτο
2961 2004 3163 2076 μήπως
3190 1996 3518 2072 μακρυνθεὶς
3543 1997 3632 2052 ἀπὸ
3650 1994 3716 2048 se]

2218 2105 2414 2178 Ἰησοῦ,
2471 2104 2631 2159 πάλιν
2682 2098 3098 2170 εὐεπιχείρητος
3138 2094 3293 2147 ἔσται
3345 2093 3455 2155 τοῖς
3505 2089 3715 2159 δαίμοσιν.

2215 2201 2274 2254 '0
2311 2199 2370 2254 δὲ
2408 2195 2638 2268 Κύριος,
2671 2191 2935 2248 δεικνύων
2969 2188 3122 2259 αὐτῷ
3153 2188 3240 2241 ὅτι
3295 2184 3400 2238 κᾶν
3432 2182 3504 2254 μὴ
3534 2184 3640 2253 συνῇ
3665 2181 3717 2250 τῷ

2217 2289 2418 2362 Ἰησοῦ,
2466 2287 2693 2342 δύναται
2720 2287 2787 2355 τῇ
2833 2283 3018 2354 χάριτι
3063 2277 3232 2333 αὐτοῦ
3277 2276 3592 2345 σκεπόμενος
3616 2272 3718 2326 ἁνὼ-

2203 2401 2362 2455 τερος
2391 2377 2864 2450 σῖναιδαιμονικῆς
2882 2373 3170 2445 ἐπηρείας,
3197 2372 3211 2385 ⁸
3227 2366 3556 2440 Υπόστρεψε,
3581 2365 3715 2434 φησιν,

2205 2476 2287 2536 εἰς
2315 2474 2406 2528 τὸν
2432 2468 2580 2526 οἶκόν
2604 2487 2720 2536 σου,
2747 2469 2840 2522 καὶ
2866 2464 3056 2537 διηγοῦ
3087 2465 3188 2517 ὃσα
3219 2459 3446 2530 ἐποίησέ
3475 2474 3546 2510 σοι
3563 2457 3587 2508 ὁ
3606 2456 3716 2518 Θεὸς.

2206 2569 2322 2622 Ούκ
2349 2564 2525 2633 εἶπεν,
2551 2567 2653 2619 ὅσα
2675 2581 2753 2617 σοι
2784 2561 3018 2632 ἐποίησα
3063 2555 3196 2626 ἐγὼ,
3227 2555 3400 2608 τύπον
3430 2553 3548 2622 ἡμῖν
3577 2566 3711 2604 ταπει-

2205 2661 2540 2732 νοφροσύνης
2578 2657 2776 2716 διδούς.
2821 2655 2934 2708 Καὶ
2973 2653 3062 2706 ἵνα
3101 2649 3284 2702 πάντα
3333 2645 3464 2717 πρὸς
3491 2643 3604 2696 Θεὸν
3629 2645 3717 2693 ἀνσ-

2207 2753 2464 2824 φέρωμεν
2497 2751 2564 2804 τὰ
2610 2745 3031 2818 κατορθώματα.
3079 2741 3140 2795 ’0
3171 2738 3244 2804 δὲ⁴
3292 2737 3460 2799 obsto;
3488 2732 3718 2804 aug/vdua»

2205 2842 2298 2918 ἦν,
2341 2845 2481 2899 ὥστε
2512 2839 2818 2912 διηγεῖσθαι
2865 2837 2966 2890 ὅσα
2996 2833 3254 2903 ἐποίησεν
3300 2827 3447 2899 αύτῷ
3481 2829 3507 2880 6
3545 2824 3702 2894 Ἰησοῦς

2219 2916 2278 2992 ⁸-0
2325 2936 2426 3008 μὲν
2463 2935 2572 3006 γὰρ
2623 2933 2828 3002 Κύριος
2865 2926 3198 3000 προσέταξεν
3258 2921 3409 2992 αὐτῷ
3452 2916 3715 3008 διηγεῖσθαι,

2207 3007 2335 3085 ὅσα
2363 3026 2620 3096 εποίησεν
2669 3021 2820 3091 αὺτῷ
2862 3023 2890 3073 6
2946 3017 3102 3084 Θεὸς,
3155 3017 3184 3068 6
3233 3015 3294 3068 δὲ
3348 3012 3606 3082 διηγεῖται,
3647 3007 3718 3060 ὅσα

2208 3121 2462 3190 ἐποίησεν
2496 3113 2646 3186 αὐτῷ
2677 3117 2706 3167 6
2740 3110 2968 3184 Ἰησοῦς.
2992 3111 3085 3163 Δεῖ
3112 3107 3203 3162 οὖν
3233 3108 3332 3159 καὶ
3363 3107 3500 3175 ἡμᾶς
3526 3103 3631 3154 ὅταν
3645 3101 3719 3150 τινὶ

2211 3213 2528 3284 ποιήσωμεν
2557 3207 2782 3277 ἀγαθὸν,
2805 3205 2880 3276 μὴ
2909 3203 3084 3258 θέλειν
3105 3195 3567 3271 ἀνακηρύττεσθαι
3585 3191 3716 3255 τοῦτο,

2129 3322 2176 3383 c
2209 3308 2417 3358 ἐκεῖνον
2462 3303 2519 3358 δὲ
2555 3302 2646 3355 τὸν
2681 3299 2923 3354 παθόντα
2978 3296 3040 3350 τδ
3092 3293 3324 3363 ἀγαθὸν,
3367 3290 3467 3344 κᾶν
3497 3288 3633 3358 ἡμεῖς
3663 3285 3716 3352 μὴ

2215 3399 2484 3468 θέλωμεν,
2514 3393 2911 3465 ἀνακηρύττειν
2949 3389 3104 3468 αῦτό.

2281 3510 2300 3543 ‹
2353 3460 2601 3557 ’.Εγέ-νετο
2626 3460 2771 3540 δὲηὲν
2802 3483 2878 3556 τῷ
2925 3460 3266 3552 ύπῦπρέψαι
3290 3479 3382 3533 τὸν
3422 3474 3620 3547 Ἰησοῦν,
3646 3475 3715 3524 ὰπ-

2204 3585 2422 3650 ιεδέξατο
2445 3581 2610 3637 αὐτὸν
2631 3582 2659 3634 6
2692 3579 2874 3649 ὄχλος,
2905 3574 3046 3647 ἦσαν
3075 3573 3182 3645 γᾶρ
3203 3573 3412 3634 πάντες
3443 3566 3717 3640 προσδοκῶν-

2202 3694 2292 3737 τες
2319 3675 2503 3728 αὐτόν.
2553 3671 2664 3726 Καὶ
2697 3670 2806 3724 ἰδοῦ
2836 3665 3000 3740 ἦλθεν
3045 3665 3207 3735 ἀνὴρ,
3248 3656 3294 3730 ᾧ
3333 3663 3499 3732 ὄνομα
3527 3660 3714 3726 Ἰαειρω,

2205 3769 2300 3824 καὶ
2321 3767 2483 3830 αὐτὸς
2510 3765 2692 3835 ἄρχων
2721 3761 2820 3832 τῆς
2842 3756 3177 3826 Συναγωγῆς
3209 3755 3445 3824 ὑπῆρχε,
3476 3751 3558 3802 καὶ
3583 3744 3716 3798 πεσὼν

2167 3853 2173 3860 ’
2204 3859 2358 3930 παρὰ
2386 3859 2512 3918 τοὺς
2553 3855 2722 3918 πόδας
2771 3850 2866 3906 τοῦ
2909 3849 3108 3918 Ἰησοῦ,
3145 3841 3447 3918 παρεκάλει
3475 3839 3715 3896 uotum.

2203 3951 2378 4003 ελθεῐν
2427 3951 2508 4011 είς
2539 3946 2629 4002 τὸν
2675 3941 2824 3999 οἷκον
2857 3941 3047 4007 αὐτοῦ,
3084 3941 3166 3993 ὃτι
3197 3939 3444 4006 θυγάτηρ
3488 3931 3716 4005 μονογενὴς

2203 4041 2272 4116 ἦν
2301 4042 2474 4113 αύτῷ,
2529 4041 2604 4103 ὼς
2653 4037 2792 4092 ὲτῶν
2819 4035 3053 4096 δώδεκα,
3098 4031 3194 4085 καὶ
3239 4031 3380 4100 αὕτη
3413 4027 3714 4116 ἀπέθνησκεν.

2216 4111 2303 4187 ἐν
2330 4135 2386 4188 δι
2411 4111 2489 4204 τῷ
2521 4131 2753 4198 ὑπάγειν
2781 4127 2971 4192 αὐτὸν,
2993 4125 3043 4179 οι
3069 4124 3214 4194 δχλυι
3244 4123 3553 4186 συνέπνιγον
3579 4111 3713 4167 αὐτόν.

2204 4228 2316 4282 Καὶ
2356 4226 2497 4294 γυνὴ
2526 4222 2662 4276 οῦσα
2694 4223 2751 4274 ὲν
2784 4221 2938 4291 ρύσει
2980 4218 3210 4288 αἵματος
3243 4215 3355 4268 ἀπὸ
3389 4210 3516 4265 ἑτῶν
3542 4207 3713 4261 δώδεκα,

2201 4318 2324 4388 ἥτις
2382 4316 2586 4384 ἰατροῖς
2640 4307 3114 4384 προσαναλώσασα
3167 4307 3292 4360 ὅλον
3342 4305 3432 4358 τὸν
3495 4301 3610 4372 βὶον,
3644 4295 3714 4388 οὐκ

2204 4387 2423 4479 ἴσχυσεν
2477 4407 2569 4460 ὑπ’
2629 4403 2846 4467 οὐδενὸς
2907 4399 3342 4473 θεραπευθῆναι,
3403 4387 3714 4467 προσελθοῦσι

2201 4500 2446 4564 ὄπισθεν,
2479 4497 2657 4568 ἥψατο
2683 4496 2776 4550 τοῦ
2805 4493 3117 4568 κρασπέδου
3180 4493 3282 4545 τοῦ
3315 4489 3520 4559 ἱματίου
3575 4479 3714 4542 αὐτοῦ,

2202 4593 2297 4647 καὶ
2328 4591 2671 4663 παραχρῆμα
2695 4588 2885 4658 ἐστηή
2920 4586 3071 4659 ῥύσις
3119 4583 3214 4637 τοῦ
3256 4583 3484 4674 αἵματος
3519 4577 3708 4674 αὐτῆς..)

2215 4683 2552 4754 ’Υπέστρεψε
2587 4681 2685 4752 μὲν
2719 4682 2748 4734 6
2786 4680 2996 4749 Ἰησοῦς
3040 4675 3148 4731 ἀπὸ
3173 4676 3272 4746 τῆς
3316 4674 3422 4728 τῶν
3451 4671 3712 4739 Γαδαρηνῶν

521 4774 845 4840 doctrinam,
881 4782 994 4828 tum
1034 4785 1250 4845 prOplet'
1279 4777 1561 4832 miracula.
1602 4777 1844 4833 Accessit
1879 4779 2008 4832 item
2043 4789 2096 4834 et

2203 4775 2406 4847 χώρας.
2447 4772 2798 4844 Προσεδὸκων
2839 4771 2894 4823 δὲ
2927 4771 3090 4822 αὐτὸν
3119 4769 3169 4822 οἱ
3205 4769 3373 4837 ὄχλοι,
3415 4766 3522 4834 ἅμα
3550 4761 3630 4830 μὲν
3651 4755 3711 4847 διὰ

523 4868 772 4936 princeps
815 4869 1034 4936 quidam
1091 4867 1408 4940 Synagogre,
1459 4886 1567 4925 non
1622 4871 1876 4941 vulgaris,
1921 4886 2093 4941 neque

519 4959 782 5029 abjectus,
815 4961 912 5016 sed
956 4975 1023 5015 ex
1057 4962 1268 5032 primis.
1309 4962 1544 5030 Apponit
1574 4973 1752 5016 autem
1799 4972 1854 5016 et
1897 4978 2095 5018 nomen

521 5052 667 5107 illius
712 5054 1065 5124 evangelista,
1113 5061 1173 5107 ut
1211 5054 1391 5108 notius
1434 5053 1528 5106 fiat
1577 5054 1896 5108 miraculum
1950 5055 2094 5124 quod

521 5157 649 5198 vere
693 5143 896 5198 factum
941 5146 1034 5199 sit.
1071 5143 1285 5200 Accidit
1314 5157 1494 5198 autem
1526 5147 1592 5198 ad
1625 5145 1788 5214 pedes
1815 5144 1968 5210 Jesu,
2004 5163 2095 5202 ur-

523 5243 682 5304 gente
723 5237 1064 5292 necessitate.
1097 5233 1355 5301 Quamvis
1381 5236 1524 5290 enim
1564 5235 1682 5290 sine
1719 5236 1807 5290 illa
1850 5247 2097 5306 oporteat

520 5325 824 5395 procidere,
857 5337 913 5381 et
943 5341 1240 5396 agnoscere
1265 5327 1433 5382 Deum
1455 5341 1576 5382 esse
1607 5326 1814 5395 Jesum,
1855 5339 2093 5384 attamen

519 5426 575 5470 et
598 5412 815 5472 amictio
839 5419 983 5487 cogit
1008 5419 1254 5474 homines
1278 5430 1338 5474 ut
1361 5421 1586 5475 meliora
1612 5429 1910 5475 sectentur.
1941 5419 2096 5479 Unde

518 5515 574 5563 et
601 5507 765 5560 David
821 5507 1036 5562 dicebat
1067 5526 1080 5563 :
1124 5529 1142 5562 ι
1175 5510 1232 5564 in
1263 5527 1417 5568 csmo
1464 5522 1518 5567 et
1550 5511 1704 5569 freno
1735 5512 1981 5569 maxillas
2008 5529 2101 5570 eo-

519 5616 639 5658 rum
684 5603 1017 5671 constringe,
1065 5606 1154 5672 qui
1201 5621 1309 5660 non
1354 5607 1734 5677 approximant
1765 5607 1832 5662 ad
1883 5615 1934 5663 te
1955 5606 2025 5664 ⁵⁸.
2061 5628 2081 5662 s

587 5793 632 5824 “
659 5789 803 5846 Psal.
838 5805 986 5858 XXII,
1029 5790 1082 5843 9.

2331 4863 2702 4927 διδασκαλίαν,
2739 4862 2856 4930 ἅμα
2885 4859 2943 4912 δὲ
2970 4859 3060 4912 διὰ
3108 4858 3175 4912 τὰ
3227 4858 3494 4927 θαύματα.
3525 4845 3711 4921 Ιίροσῆλ·

2203 4958 2296 5011 θεν
2323 4957 2416 5010 οῦν
2448 4957 2541 5009 καί
2572 4973 2654 5018 τις
2683 4953 2865 5024 ἄρχων
2895 4952 2994 5022 τῆς
3023 4951 3374 5020 Συναγωγῆς,
3401 4948 3493 5000 οὐκ
3521 4942 3708 5006 εὐτελὴς,

2202 5051 2309 5105 οὐδ’
2342 5049 2670 5115 ἀπόϐλητος,
2719 5047 2853 5100 ἀλλὰ
2897 5046 3005 5099 τῶν
3054 5045 3307 5116 πρώτων.
3364 5031 3709 5112 Προστίθησιὸὲ

2203 5145 2299 5198 καὶ
2330 5145 2390 5198 τὸ
2419 5145 2590 5212 ὄνομα
2623 5141 2814 5194 τούτου
2845 5135 3321 5211 δέεύαγγελιστὴς,
3359 5135 3443 5186 ἵνα
3476 5124 3708 5199 γνωριμώ-

2201 5253 2360 5307 τερον
2388 5237 2450 5289 τδ
2483 5235 2666 5303 θαῦμα
2701 5231 3052 5302 γένηταινὼς
3096 5230 3242 5282 ἐστιν
3271 5225 3480 5298 ἀληθές.
3520 5215 3704 5290 “pomi-

2204 5347 2330 5384 πτει
2367 5331 2424 5384 δὲ
2457 5325 2610 5392 οὗτος
2639 5327 2715 5398 τῷ
2756 5326 2955 5396 Ἰησοῦ,
3007 5326 3192 5395 χρείας
3239 5323 3512 5390 ἐνστάσης.
3560 5311 3706 5368 καίτοι

2205 5424 2314 5478 ἔδει
2356 5424 2516 5477 αὑτὸν
2567 5421 2662 5475 καὶ
2696 5421 2773 5490 μὴ
2813 5418 3014 5488 ταύτης
3058 5415 3486 5485 ἀναγκαζούσης.
3523 5413 3708 5477 προσπεο

2201 5518 2336 5579 σεῖν,
2391 5517 2484 5568 καὶ
2537 5511 2836 5582 ἐπιγνῶναι
2883 5512 3044 5564 αὐτὸν
3075 5511 3210 5564 Θεὸν
3241 5511 3404 5570 ὄντα,
3455 5506 3582 5572 ὅμως
3616 5491 3686 5546 κ²ἶ

2199 5608 2380 5678 θλίψις
2430 5606 2540 5660 ἔσθ’
2592 5607 2681 5658 ὅτε
2722 5603 3034 5668 ἐκϐιάζεται
3084 5605 3208 5667 τοὺς
3263 5598 3558 5670 ἀνθρώπους
3603 5583 3703 5655 πρὸς
