3896 6452
484 276 599 341 'SH

1402 238 1993 336 ‘TllEOPllYl.ACTl
2033 272 2051 329 ι

2156 270 2448 332 ιολιιιίΕ
2495 273 2849 338 ARCUIEP.
3597 290 3679 369 31.2

492 393 615 442 lta‘ltl
652 387 819 442 illam.
850 388 911 440 At
941 385 1027 440 ille
1059 385 1233 441 dixit:
1265 384 1444 441 Nolite
1482 386 1631 455 ﬂere,
1665 403 1767 442 non
1807 396 1889 441 est
1924 400 2051 438 tuon

2174 388 2329 454 τέρα.
2374 386 2632 440 Ἔκλαιον
2660 387 2717 441 δὲ
2755 388 2971 452 πάντες,
3011 390 3099 442 καὶ
3129 391 3411 446 ἐκνεπτοντο
3441 397 3601 467 αύτῂν.
3634 406 3680 457 'o

493 493 603 544 tua,
651 479 745 534 sed
782 479 1001 534 dormit.
1042 478 1106 532 Et
1137 479 1451 534 deridebant
1486 495 1634 543 eum,
1663 480 1898 534 scientes
1925 479 2064 546 quod

493 585 702 628 utorttta
739 578 903 627 esset.
961 570 1078 640 Ipse
1124 580 1302 627 autem
1352 573 1541 642 ejectis
1596 572 1741 627 foras
1788 572 2062 633 omnibus,

494 664 828 734 apprehensa
885 676 1046 716 manu
1091 660 1211 731 ejus
1249 661 1541 728 clamavit,
1580 662 1808 717 dicens:
1855 659 2060 723 Puella,

488 774 666 827 ειπερ.
696 756 759 810 Et
787 769 1039 812 reversus
1062 765 1146 811 est
1169 756 1396 825 spiritus
1422 757 1561 827 ejus,
1585 763 1640 810 et
1667 753 1905 809 surrexit
1931 769 2063 809 cnn-

488 852 659 912 tinno,
696 863 757 902 ac
782 846 945 916 jussit
972 847 1048 901 illi
1084 847 1195 902 dari
1230 847 1431 903 cibum.
1473 845 1541 901 Et
1591 857 1915 916 stupuerunt
1953 859 2053 913 pa~

487 951 668 995 rentes
715 938 849 1007 ejus.
893 939 963 992 Αι
1010 938 1096 993 ille
1128 938 1380 1008 prtecepit
1431 936 1512 992 eis
1563 951 1628 989 ne
1679 937 1767 990 cui
1810 935 2060 991 dieercnt

485 1034 626 1099 quod
677 1029 877 1085 factum
931 1036 1069 1084 erat.
1110 1046 1129 1080 ι
1180 1025 1337 1084 Jesus
1374 1035 1432 1082 ut
1465 1028 1671 1081 audivit
1723 1026 1865 1093 quod
1918 1025 2059 1079 dixit

470 1123 702 1191 quidam
733 1124 799 1176 ad
828 1122 1309 1191 arclnsynagogntn
1339 1138 1354 1176 :
1397 1118 1475 1173 Ne
1512 1133 1672 1173 vexes
1711 1118 2049 1189 magistrum,

458 1214 587 1271 ‘tltoe
618 1224 721 1277 est,
759 1233 824 1270 ne
858 1215 1028 1269 facias
1071 1214 1370 1284 negotium,
1411 1228 1476 1268 ne
1509 1212 1684 1268 adduc
1721 1212 1910 1267 illttm:
1954 1227 2057 1265 non

494 1305 832 1372 exspectavit
886 1314 944 1359 ttt
976 1303 1224 1375 princeps
1251 1318 1535 1373 synagoga:
1581 1303 1681 1373 ipsi
1728 1302 2055 1373 loqueretur,

487 1400 578 1451 sed
610 1395 868 1466 prmvenit
894 1384 1038 1463 eum,
1069 1410 1139 1453 ne
1164 1394 1303 1450 forte
1325 1395 1529 1449 diceret
1551 1396 2015 1466 archisynagogtts
2041 1411 2055 1449 :

488 1491 600 1544 Non
629 1505 764 1560 opus
802 1489 973 1544 habeo
1010 1500 1079 1555 te,
1110 1488 1222 1556 jam
1273 1488 1417 1541 enim
1450 1488 1649 1541 malum
1700 1485 1903 1543 factum
1953 1496 2056 1550 est,

484 1598 612 1637 ecce
640 1590 856 1636 mortua
888 1588 971 1634 est
997 1594 1159 1649 quam
1189 1576 1541 1649 sperabamus
1571 1593 1601 1632 a
1641 1586 1691 1630 te
1737 1577 2054 1631 sanandam.

486 1674 657 1742 Igitur
705 1688 770 1727 ne
812 1672 941 1742 quid
974 1671 1077 1725 tale
1122 1668 1327 1725 diceret
1360 1688 1375 1729 :
1416 1669 1728 1724 incredulus
1757 1670 1902 1725 enim
1941 1677 2059 1723 erat

485 1776 543 1827 et.
570 1765 787 1820 Judzens
819 1762 1195 1832 :praeveniens
1233 1761 1381 1815 illum
1430 1759 1715 1825 Christus,
1756 1761 1925 1817 dicit:
1980 1757 2059 1815 Ne

486 1860 699 1925 timeas,
729 1866 935 1912 tantum
972 1857 1129 1910 crede
1164 1873 1176 1910 :
1216 1854 1423 1924 respice
1457 1854 1523 1907 ad
1583 1852 1864 1908 mulierem
1896 1854 2055 1917 banc,

485 1968 606 2021 qua:
648 1951 926 2021 sanguinis
958 1947 1222 2019 proﬂuvio
1253 1947 1517 2003 laboravit
1549 1964 1565 2003 :
1606 1946 1749 2000 illam
1799 1946 1844 2001 si
1878 1946 2060 2001 imita-

485 2056 572 2099 tus
614 2041 813 2108 .fueris,
875 2054 981 2094 non
1016 2038 1324 2103 aberrabis.
1366 2036 1629 2104 Cancrum
1674 2051 1741 2092 ex
1782 2035 2059 2106 discipulis

484 2143 690 2189 tantum
718 2132 920 2187 intrare
948 2143 1128 2185 secum
1155 2127 1755 2198 permisitJoannemet
1791 2126 2050 2184 Jacobnm

484 2236 540 2281 et
587 2224 833 2287 Petrum,
868 2232 925 2276 ιιι
964 2220 1347 2291 discipulorum
1395 2221 1694 2291 praecipuos
1745 2228 1801 2274 et
1834 2221 2058 2275 tacitur-

484 2331 603 2371 nos.
635 2312 860 2369 Nolebat
893 2313 1036 2369 enim
1073 2313 1176 2367 ltoc
1209 2311 1530 2367 miraculum
1565 2320 1689 2366 ante
1719 2321 1930 2380 tempus
1960 2325 2057 2366 re-

485 2407 656 2463 velari
688 2405 891 2472 multis,
919 2414 1139 2475 propter
1166 2400 1479 2459 Judaeorum
1532 2402 1765 2459 fortasse
1798 2403 2053 2457 invidiam

482 2501 742 2572 pleraque
765 2496 1107 2568 exaperibus
1137 2497 1251 2552 suis
1280 2495 1582 2563 occultans,
1605 2510 1676 2551 ne
1707 2492 1907 2550 invidia
1936 2508 2058 2547 sue-

481 2592 628 2648 censi
676 2590 863 2661 iudicii
928 2590 1121 2644 tierent
1160 2590 1257 2644 rei.
1314 2586 1471 2644 Hunc
1520 2588 1570 2642 in
1633 2587 1847 2642 modum
1893 2585 2053 2639 etiam

482 2701 582 2741 nos
607 2698 823 2754 quoque
850 2683 1030 2738 facere
1055 2691 1291 2753 oportet,
1323 2679 1538 2750 quando
1566 2681 1689 2750 quis
1720 2678 1883 2737 nobis
1915 2678 2054 2732 invi-

479 2779 593 2842 det,
627 2790 694 2832 ne
727 2776 1032 2845 aperiamus
1062 2775 1110 2829 ei
1144 2782 1324 2828 nostra
1357 2774 1497 2829 bona
1526 2787 1713 2842 opera,
1759 2772 1854 2827 sed
1896 2785 2056 2824 cure-

479 2884 602 2925 mus
635 2877 692 2922 ttt
711 2870 942 2941 ignoret,
983 2880 1051 2923 ne
1084 2864 1343 2921 ferientes
1377 2865 1573 2935 ipsum,
1597 2879 1784 2919 ansam
1814 2862 2056 2933 praebea-

486 2975 613 3015 mus
639 2961 810 3033 magis
857 2958 1131 3014 invidendi
1176 2972 1240 3012 ac
1296 2956 1349 3011 in
1384 2963 1666 3027 peccatum
1700 2954 1911 3009 ruendi.
1947 2954 2054 3010 Sed

479 3051 658 3124 quoad
687 3051 800 3107 ﬁeri
830 3059 1034 3119 potest,
1062 3049 1228 3106 adniti
1252 3047 1533 3115 debemus,
1558 3059 1615 3101 ut
1635 3048 1809 3117 ipsum
1833 3046 2050 3101 lateant.

478 3145 612 3201 Cum
645 3126 826 3199 autem
863 3142 1125 3198 Dominus
1151 3140 1390 3197 diceret:
1432 3139 1550 3194 Non
1580 3148 1663 3194 est
1693 3148 1927 3204 mortua,
1958 3137 2054 3192 sed

479 3240 698 3303 dormit,
729 3250 783 3293 et
810 3235 968 3309 331
1004 3242 1225 3291 vocaret
1252 3246 1482 3300 mortem
1513 3248 1788 3297 somnum,
1816 3246 1882 3286 eo
1914 3230 2055 3299 quod

478 3320 751 3388 mortuam
774 3329 928 3398 quasi
958 3343 1022 3383 ex
1064 3340 1256 3382 somno
1309 3324 1671 3379 suscitaturus
1692 3332 1873 3380 esset:
1907 3322 2055 3377 deri-

479 3429 669 3476 serunt
708 3416 1167 3489 enmaudientes,
1200 3424 1256 3470 ut
1288 3415 1482 3469 iterum
1516 3413 1720 3484 aliquid
1774 3413 2056 3468 accederet

480 3510 763 3567 miraculo.
799 3508 867 3565 Ut
898 3509 1039 3564 enim
1077 3516 1260 3575 postea
1290 3507 1471 3561 dicere
1501 3520 1609 3560 non
1640 3514 1862 3574 possent
1909 3506 2053 3574 quod

480 3619 587 3662 non
611 3604 681 3658 sit
714 3614 949 3667 mortua,
980 3602 1074 3655 sed
1115 3599 1394 3654 dormierit
1430 3616 1443 3653 :
1480 3606 1699 3669 propter
1727 3598 1830 3652 ltoc
1861 3597 2055 3666 permi-

480 3699 549 3754 sit
577 3704 632 3751 ιιι
666 3696 816 3766 prius
845 3695 1179 3749 derideretur
1209 3692 1262 3745 in
1280 3705 1357 3760 eo
1385 3692 1524 3761 quod
1550 3691 1778 3756 diceret,
1823 3689 1940 3745 Non
1969 3699 2054 3745 est

482 3799 719 3863 mortua,
753 3786 849 3843 sed
892 3786 1132 3840 dormit:
1183 3794 1241 3839 ιιι
1293 3785 1682 3841 obturarentur
1725 3798 1819 3838 ora
1864 3782 2052 3839 volen-

483 3884 614 3937 tium
638 3878 981 3936 calumniari.
1006 3875 1189 3947 Usque
1218 3875 1354 3931 adeo
1381 3875 1524 3931 enim
1551 3884 1698 3930 certa
1722 3884 1840 3931 erat
1872 3890 2044 3937 mors,

481 3987 539 4031 ut
592 3973 906 4030 deriderent
950 3972 1259 4028 dicentem:
1300 3967 1422 4025 Non
1462 3979 1542 4025 est
1588 3978 1824 4024 mortua.
1880 3967 2053 4037 Ejecit

478 4079 657 4124 autem
680 4065 828 4121 foras
843 4080 1055 4131 omnes,
1075 4062 1301 4118 fortasse
1316 4064 1515 4118 docens
1537 4076 1635 4117 nos
1661 4076 1850 4118 carere
1876 4060 2052 4117 inanis

477 4161 661 4232 gloriae
688 4159 892 4222 studio,
935 4165 989 4210 et
1041 4154 1178 4208 nihil
1229 4154 1296 4208 ad
1339 4155 1761 4209 ostentationem
1819 4155 2044 4209 facere:

475 4254 712 4307 fortasse
741 4260 920 4303 autem
955 4257 1007 4302 ct
1040 4247 1238 4302 docens
1270 4248 1434 4318 quod,
1468 4246 1686 4316 quando
1721 4246 1840 4315 quis
1869 4244 2049 4300 factu-

474 4359 569 4399 rns
615 4352 700 4397 est
748 4340 1030 4405 miracula,
1085 4341 1199 4411 ipse
1245 4356 1350 4395 non
1399 4341 1455 4394 in
1502 4340 1678 4394 medio
1728 4342 2041 4406 multorum,

2172 478 2226 530 δὲ
2258 474 2379 532 εἷπε
2406 495 2418 509 ’
2458 482 2549 549 Μὴ
2579 481 2816 545 κλαίετε,
2853 482 2952 534 οὐκ
2981 476 3265 549 ἀπέθανεν,
3307 486 3435 541 ἀλλά
3462 491 3677 551 καθεύδει.

2173 569 2282 621 Καὶ
2313 570 2622 639 κατεγέλων
2662 569 2848 634 αὐτοῦ,
2886 572 3086 637 εἰδότες
3114 574 3192 626 ὅτι
3241 576 3519 634 ἀπέθανεν.
3551 584 3682 650 A516,-

2168 661 2224 717 δὲ
2274 662 2520 717 ἐκϐαλὼν
2553 663 2656 728 ἔξω
2694 666 2900 728 πάντας
2949 668 3045 720 καὶ
3083 668 3362 739 κρατήσας
3410 670 3502 737 τῆς
3543 677 3682 745 χειρδς

2169 755 2359 824 αὐτῆς,
2392 757 2640 826 ὲφώνησε
2673 758 2847 826 λέγων
2878 773 2891 788 ·
2927 759 2990 812 Ἦ
3020 761 3170 824 παῖς,
3221 761 3452 832 ἐγείρου.
3483 765 3576 816 Καὶ
3609 770 3683 822 ἑπ-

2169 846 2402 919 ἑστρεψε
2451 850 2512 904 τὸ
2544 850 2762 917 πνεῦμα
2794 851 2985 923 αὐτῆς,
3017 854 3111 904 καὶ
3132 852 3331 924 ἀνέστη
3383 859 3682 929 παραχρῆμα,

2168 944 2262 996 καὶ
2288 942 2530 1008 διέταξεν
2560 945 2696 1015 αὐτῇ
2721 945 2941 1017 δοθῆναι
2967 948 3184 1015 φαγεῖν.
3217 947 3328 1003 Καὶ
3361 948 3623 1019 ἐξέστησαν
3646 958 3684 1006 οἱ

2166 1039 2345 1103 γονεῖς
2375 1037 2568 1105 αὐτῆς.
2627 1037 2687 1090 '0
2717 1037 2774 1090 δὲ
2809 1040 3183 1109 παρήγγειλεν
3214 1041 3401 1104 αὐτοῖς
3433 1042 3598 1113 μηδενὶ
3627 1049 3685 1099 εἰ·

2166 1126 2287 1177 πεῖν
2320 1125 2382 1178 τὸ
2413 1125 2656 1194 γεγονός.
2704 1144 2724 1178 ›
2780 1126 2846 1180 '0
2876 1128 3082 1198 Ἰησοῦς
3117 1128 3375 1194 ἀκούσας,
3405 1130 3474 1192 ὡς
3501 1129 3602 1185 εἶπέ
3627 1153 3683 1200 τις

2164 1217 2301 1289 πρὸς
2352 1219 2443 1271 τὸν
2471 1221 2921 1290 ἀρχισυνάγωγον
2950 1236 2963 1250 ο
3002 1221 3093 1290 Μὴ
3124 1220 3317 1274 σκύλλε
3366 1221 3451 1275 τὸν
3480 1223 3685 1279 διδάσκει.

2163 1307 2274 1375 λον,
2306 1311 2577 1377 τουτέστι,
2606 1312 2698 1385 Μὴ
2726 1316 2806 1377 εἰς
2833 1317 3035 1377 κόπους
3066 1314 3291 1385 ἔμϐαλε,
3330 1315 3401 1385 μὴ
3437 1319 3683 1384 μετακίνει,

2161 1405 2264 1458 οὐκ
2312 1405 2568 1475 ἀνέμεινε
2604 1406 2696 1459 τὸν
2731 1408 3185 1477 ἀρχισυνάγωγον
3235 1407 3462 1478 λαλῆσαί
3498 1427 3544 1461 τι
3584 1412 3684 1481 πρὶς

2162 1497 2343 1563 αὐτὸν,
2397 1498 2534 1551 ἀλλὰ
2566 1499 2909 1568 προφθάσας,
2956 1500 3044 1552 ῖνα
3080 1500 3152 1570 μὴ
3184 1499 3315 1572 εἴπῃ
3368 1502 3394 1553 ό
3433 1503 3679 1570 ἀρχισυνά-

2162 1606 2365 1660 γωγοςο
2415 1591 2491 1644 Ού
2534 1592 2723 1664 χρείαν
2769 1609 2862 1647 σου
2915 1592 3043 1664 ἔχω,
3078 1594 3177 1665 ἤδη
3222 1595 3414 1662 γέγονε
3453 1594 3508 1646 τὸ
3537 1595 3682 1657 κακὴν,

2167 1682 2275 1736 ἰδοὺ
2322 1682 2593 1736 ἀπέθανεν
2639 1683 2707 1756 ἢν
2752 1683 3174 1755 προσεδοκῶμεν
3220 1686 3305 1740 ὅτι
3358 1683 3681 1755 θεραπεύσεις,

2164 1775 2251 1828 ἵνα
2287 1774 2418 1843 γοῦν
2445 1776 2611 1846 μηδὲν
2643 1774 2884 1830 τοιοῦτον
2920 1778 3048 1849 εἴπῃ
3089 1792 3104 1807 ·
3145 1776 3375 1838 ἄπιστος
3406 1776 3507 1845 γὰρ
3535 1772 3590 1848 ἦν
3614 1777 3682 1829 tul

2175 1867 2427 1930 Ἰουδαῖος
2456 1885 2469 1898 ·
2526 1869 2849 1939 προφθάσας
2898 1869 3063 1921 αὐτὸν
3105 1870 3133 1922 ὁ
3158 1868 3414 1939 Χριστὸς,
3458 1868 3588 1937 φησί·
3614 1869 3681 1940 Μὴ

2163 1958 2355 2028 φοϐοῦ,
2409 1960 2569 2019 μόνον
2599 1959 2843 2024 πίστευε,
2884 1961 3020 2030 πρὸς
3050 1960 3146 2030 τὴν
3193 1961 3509 2031 αἱμόρῤουν,
3538 1961 3680 2027 eam,

2160 2051 2484 2104 ἀποσκόπει·
2551 2052 2765 2123 ἐκείνην
2838 2053 3173 2123 μιμούμενος
3229 2053 3335 2105 οὐκ
3392 2052 3678 2121 ἀστοχήσεις.

2159 2145 2336 2201 Μόνον
2365 2144 2420 2197 δὲ
2457 2145 2684 2215 Πέτρον,
2716 2143 2812 2197 καὶ
2856 2144 3131 2212 Ἰωάννην,
3164 2142 3265 2196 καὶ
3304 2141 3681 2213 Ἰάκωόονιάφίην

2162 2254 2246 2291 σιν
2276 2236 2562 2300 εἰσελθεῖν,
2601 2236 2677 2299 ὡς
2713 2236 3045 2305 προκρίτους
3075 2236 3184 2288 τῶν
3218 2232 3497 2305 μαθητῶν,
3525 2234 3602 2285 καὶ
3627 2234 3680 2297 ὡς

2157 2328 2489 2399 δυναμένους
2524 2328 2800 2398 σιωπῆσαι
2826 2328 2886 2381 τὸ
2920 2327 3127 2398 θαῦμα.
3173 2327 3250 2380 Οὐ
3284 2326 3393 2395 γὰρ
3429 2324 3595 2396 ἢθελεν
3617 2325 3679 2376 iv:

2158 2421 2265 2491 πρὸ
2316 2419 2508 2487 καιροῦ
2568 2418 2982 2490 ἁποκαλυιρθείη
3048 2419 3159 2481 τοῖς
3214 2417 3452 2482 πολλοῖς,
3503 2415 3577 2469 διὰ
3614 2416 3679 2468 τόν

2159 2512 2350 2581 φθόνον
2384 2513 2523 2583 τάχα
2554 2514 2660 2565 τῶν
2725 2510 3015 2577 Ἰουδαίων,
3063 2511 3133 2564 τά
3181 2503 3359 2564 πλείὼ
3406 2509 3504 2562 τῶν
3542 2508 3677 2578 ἔργων

2158 2605 2328 2659 αὑτοῦ
2365 2605 2781 2675 συγκαλύπτων,
2818 2605 2906 2657 ἵνα
2932 2603 3005 2675 μὴ
3028 2601 3105 2673 τῷ
3128 2602 3315 2673 φθόνῳ
3345 2601 3675 2667 διακαιόμενοι,

2157 2696 2425 2768 κρίματος
2477 2696 2648 2769 ἔνοχοι
2701 2691 2834 2748 εἶεν.
2886 2695 3097 2764 Ὠσπερ
3159 2689 3259 2746 οὖν
3313 2694 3407 2759 καὶ
3459 2692 3585 2761 ἡμᾶς
3618 2691 3675 2741 δεῖ

2158 2789 2353 2850 ποιεῖν,
2407 2788 2535 2839 ὅταν
2588 2785 2673 2857 εἴη
2720 2802 2802 2846 τις
2851 2786 2985 2855 ἡμῖν
3033 2784 3270 2854 φθονῶν,
3314 2784 3411 2836 οὐκ
3446 2782 3676 2851 όιρείλοειεν

2158 2878 2297 2951 πρὸς
2356 2878 2518 2932 αὑτὸν
2570 2875 2922 2948 ἀπογυμνοῦν
2976 2876 3043 2931 τὰ
3095 2876 3499 2949 κατορθώματα
3542 2874 3676 2943 ἡμῶν,

2159 2971 2245 3026 ἵνα
2282 2969 2357 3041 μὴ
2394 2970 2723 3042 πλήττοντες
2770 2968 2953 3031 αὑτὸν,
2987 2967 3234 3038 ποιῶμεν
3292 2967 3449 3019 πλέον
3494 2965 3675 3034 φθονεῖν,

2158 3064 2254 3117 καὶ
2299 3064 2379 3125 εἰς
2420 3062 2728 3132 ἁμάρτημα
2785 3058 3163 3129 ὲμόάλλωμεν,
3210 3058 3333 3110 ἀλλ’
3384 3056 3456 3119 ὡς
3502 3050 3595 3107 οἷόν
3630 3069 3673 3104 τι

2161 3152 2480 3219 σπουδάζειν
2530 3153 2604 3216 ὡς
2656 3154 2721 3207 ἂν
2764 3151 3100 3205 λανθάνωσιν
3151 3150 3339 3205 αὐτόν.
3382 3147 3676 3217 Λέγοντοςδὲ

2157 3250 2250 3303 τοῦ
2286 3248 2493 3319 Κυρίου
2520 3247 2602 3301 ὅτι
2655 3246 2755 3298 οὐκ
2794 3244 3088 3307 ἀπέθανεν,
3141 3244 3282 3297 ἀλλὰ
3318 3241 3571 3301 καθεύδει,
3608 3239 3676 3291 καὶ

2155 3342 2246 3395 τὸν
2275 3341 2504 3394 θάνατον
2535 3336 2704 3391 ὕπνον
2751 3334 3065 3400 καλοῦντος,
3102 3335 3238 3389 διότι
3288 3334 3475 3406 ἔμελλε
3501 3332 3584 3403 τὴν
3607 3348 3674 3383 τε·

2157 3433 2415 3503 θνηκυῖαν
2465 3430 2765 3500 ἀναστῆσαι
2816 3428 3008 3499 ὥσπερ
3061 3428 3120 3493 ἐξ
3174 3427 3372 3491 ὕπνου,
3418 3423 3674 3491 κατεγέλων

2155 3521 2319 3578 αὐτοῦ
2348 3523 2399 3574 oi
2443 3520 2752 3583 ἀκούοντες,
2807 3519 2896 3572 ῖνα
2946 3520 3039 3573 καὶ
3073 3518 3279 3588 μᾶλλον
3326 3518 3384 3571 τὸ
3428 3515 3587 3585 θαῦμα
3612 3515 3671 3582 εἴη

2156 3615 2358 3683 θαῦμα.
2396 3614 2515 3666 Ἵνα
2547 3612 2655 3682 γὰρ
2689 3610 2762 3682 μὴ
2808 3611 2975 3682 ἔχωσι
3022 3610 3204 3679 λέγειν
3256 3610 3476 3678 ὕστερον
3515 3608 3577 3669 ὡς
3599 3606 3671 3657 οὐκ

2154 3707 2441 3771 ἀπέθανεν,
2472 3703 2585 3758 ἀλλ’
2615 3702 2880 3769 ῦπνωττε,
2930 3702 3017 3756 διὰ
3046 3702 3205 3756 τοῦτο
3236 3702 3542 3772 ᾠκονόμησε
3567 3698 3669 3766 πρό·

2151 3815 2311 3870 τερον
2338 3795 2834 3865 καταγελασθῆναι,
2868 3796 2926 3849 ὲν
2971 3794 3049 3866 τῷ
3079 3795 3260 3863 λέγειν
3292 3794 3374 3848 ὅτι
3403 3793 3494 3846 οὐκ
3517 3789 3674 3844 ἀπέθου

2152 3910 2266 3958 νεν,
2311 3890 2447 3943 ἀλλὰ
2477 3889 2750 3954 καθεύδει,
2796 3888 2871 3953 ὡς
2920 3887 2986 3941 ἂν
3020 3886 3350 3959 ὲμφραγῶσι
3381 3877 3445 3937 τὰ
3478 3883 3671 3950 στόματα

2150 3984 2261 4037 τῶν
2292 3982 2553 4035 θελόντων
2590 3979 2970 4050 συκοφαντεῖν.
2999 3977 3269 4031 Τοσοῦτον
3295 3978 3404 4048 γὰρ
3432 3974 3667 4034 ἀπέθανεν,

2152 4073 2291 4129 ὥστε
2323 4075 2418 4127 καὶ
2449 4072 2762 4142 κατεγέλων
2789 4070 2951 4125 αὐτοῦ
2983 4069 3239 4139 λέγοντος
3278 4069 3361 4122 ὅτι
3395 4067 3486 4120 ούκ
3511 4063 3671 4118 ἀπέθα-

2150 4178 2260 4215 νεν.
2305 4161 2555 4229 Ἐξέὁαλε
2610 4161 2668 4215 δὲ
2698 4159 2801 4224 ἔξω
2843 4159 3074 4223 πάντας,
3125 4158 3269 4226 τάχα
3311 4158 3409 4227 μὲν
3449 4151 3669 4208 παιδ;ύων

2151 4253 2297 4324 ἡμᾶς
2344 4250 2689 4322 ἀφιλοδόξους
2743 4244 2901 4313 εἶναι,
2950 4248 3042 4302 καὶ
3078 4248 3245 4318 μηδὲν
3293 4246 3429 4318 πρὸς
3463 4240 3669 4323 ἐπίδειξιν

2151 4346 2341 4400 ποιεῖν.
2379 4342 2532 4414 Τάχα
2561 4343 2617 4396 δὲ
2648 4342 2743 4395 καὶ
2788 4339 3076 4405 διδάσκων,
3126 4340 3209 4393 ὅτι
3254 4339 3385 4392 ὃταν
3431 4335 3578 4407 μέλλῃ
3606 4346 3667 4391 τις

474 4437 572 4489 sed
620 4434 769 4488 solus
833 4443 887 4486 et
953 4447 1058 4486 non
1102 4432 1388 4501 impeditus
1433 4446 1556 4486 esse
1600 4431 1811 4485 debeat.
1867 4429 2043 4485 Rediit

2156 4437 2606 4508 θαυματουργεῖν,
2629 4435 2729 4488 οὐκ
2759 4434 2818 4487 ἐν
2851 4433 3001 4504 μέσῳ
3026 4431 3238 4485 πολλῶν
3267 4430 3348 4484 δεῖ
3372 4428 3520 4483 αὑτὸν
3542 4421 3666 4517 slva-tt

476 4528 643 4597 igitur
695 4524 921 4594 Spiritus
961 4523 1176 4594 puellm,
1247 4538 1352 4577 non
1402 4523 1546 4578 enim
1594 4521 1755 4577 aliant
1807 4523 2041 4576 animant

473 4618 704 4683 induxit,
740 4615 832 4671 sed
863 4631 983 4669 eam
1014 4629 1132 4682 quae
1158 4627 1187 4665 a
1215 4627 1441 4681 corpore
1463 4612 1727 4679 avolarat,
1763 4613 1956 4669 iterum
1990 4613 2042 4667 in

471 4711 647 4781 ipsum
694 4708 871 4764 redire
927 4706 1071 4760 fecit.
1120 4703 1386 4773 Praecepit
1437 4714 1617 4759 autem
1657 4713 1714 4758 ut
1759 4704 1809 4758 ei
1859 4705 2039 4760 cibum

472 4808 682 4868 darent,
710 4815 818 4871 quo
846 4800 1262 4855 conﬁrmaretur
1293 4799 1424 4854 tides
1454 4812 1518 4853 ac
1542 4799 1749 4853 veritas
1778 4796 1919 4867 quod
1952 4796 2040 4850 illa

472 4894 877 4951 resurrexissct.
920 4890 1107 4945 Posset
1154 4890 1317 4944 etiam
1349 4898 1405 4945 cl.
1450 4890 1533 4945 sic
1566 4889 1793 4960 intelligi
1847 4906 1861 4943 :
1914 4886 2046 4942 Satt-

470 4988 686 5056 guinem
718 4982 988 5052 proﬂuens
1012 4995 1093 5036 est
1113 4982 1292 5037 omnis
1323 4981 1500 5036 anima
1525 4981 1826 5039 scaturicns
1852 4994 2046 5034 cruen-

472 5091 583 5132 tum
626 5088 909 5146 peccatum
960 5085 1014 5129 et
1064 5074 1497 5144 sanguinarium.
1529 5071 1702 5129 Omne
1744 5073 1888 5127 enim
1920 5087 2044 5142 pec-

470 5179 649 5222 ratum
681 5168 949 5223 homicida
978 5176 1081 5230 est,
1114 5176 1168 5221 et
1193 5165 1409 5220 occisor
1439 5166 1654 5218 animat.
1691 5165 1759 5218 At
1787 5166 1829 5219 si
1862 5164 2042 5218 anima

471 5258 758 5327 contigerit
791 5268 1019 5322 vestem,
1056 5258 1158 5313 hoc
1195 5266 1281 5313 est
1317 5256 1744 5310 incarnationem
1795 5255 1945 5320 Jesu,
1984 5266 2040 5310 et

473 5350 769 5405 crediderit
795 5350 934 5419 quod
965 5349 1279 5404 incarnatus
1295 5348 1363 5403 sit
1397 5346 1564 5402 Filius
1588 5346 1705 5409 Dei,
1731 5348 2039 5404 sanetilica-

470 5445 639 5499 ltitur.
666 5442 731 5497 Et
760 5442 804 5496 si
835 5441 955 5511 quis
982 5440 1147 5495 fuerit
1172 5442 1425 5512 princeps
1454 5440 1771 5511 Synagogze,
1805 5442 1907 5495 ltoc
1934 5450 2038 5504 est,

472 5550 627 5589 tuens
655 5548 773 5603 qua:
802 5541 993 5601 praeest
1022 5532 1203 5587 multis
1237 5547 1333 5602 per
1349 5531 1696 5601 cupiditatem
1725 5540 1778 5585 et
1803 5532 2037 5587 habendi

471 5632 705 5688 studium
755 5630 1113 5703 congregatis,
1144 5640 1199 5685 et
1236 5628 1579 5700 mgrotaverit
1615 5627 1723 5683 lilia
1758 5627 1896 5696 ejus,
1949 5643 2035 5685 co-

2152 4532 2268 4585 ἀλλ*
2301 4530 2568 4594 ίδιάζοντα
2614 4528 2709 4582 καὶ
2757 4527 3186 4596 ἀπερίσπαστον.
3233 4519 3574 4592 Ἐπέστρειξκεν
3598 4510 3666 4567 οὖν

2148 4625 2209 4677 τὸ
2236 4621 2450 4694 πνεῦμα
2472 4624 2568 4693 τῆς
2599 4620 2806 4682 παιδό;’
2836 4621 2896 4674 οὐ
2932 4619 3039 4691 γὰρ
3069 4618 3236 4687 ἄλλην
3266 4616 3438 4696 ψυχὴν
3464 4614 3665 4679 εἰσήνεγο

2151 4735 2268 4784 κεν,
2332 4716 2446 4774 ἀλλ’
2475 4716 2690 4785 ἐκείνην
2715 4712 2815 4786 τὴν
2840 4713 2947 4768 ἀπὸ
2972 4712 3064 4766 τοῦ
3094 4711 3345 4781 σώματος
3370 4706 3660 4763 ἀποπτᾶσαν.

2147 4812 2349 4880 ταύτην
2397 4809 2617 4878 ἐποίησε
2665 4805 2971 4878 στραφῆναι
3002 4804 3087 4856 ἐπ’
3135 4801 3286 4856 αὑτό.
3331 4790 3660 4862 Διετάξατοδὲ

2143 4904 2278 4974 αὐτῇ
2310 4901 2532 4971 δοθῆναι
2584 4900 2800 4967 φαγεῖν,
2850 4896 2986 4966 πρὸς
3047 4893 3312 4946 πίστωσιν
3355 4890 3554 4944 πλείονα
3591 4880 3660 4974 καί

2145 4969 2438 5064 βεϐαίωσιν
2480 4988 2574 5041 τοῦ
2627 4985 2841 5056 άληθῶς
2877 4983 3046 5055 αὐτὴν
3094 4981 3410 5049 ἀναστῆναι.
3455 4969 3659 5064 Ἐστιᾷ

2143 5061 2233 5139 καὶ
2264 5082 2407 5137 οὓτω
2444 5082 2614 5136 ταῦτα
2651 5079 2866 5149 νοήσαιο
2897 5077 3196 5148 αἱμόρρους
3226 5073 3338 5126 ἐστὶ
3388 5072 3521 5123 πᾶσα
3544 5061 3656 5133 ψυχὴ

2145 5176 2411 5247 βλύζουσα
2464 5174 2556 5227 καὶ
2596 5171 2921 5242 πηγάζουσα
2967 5168 3067 5234 τὴν
3110 5164 3385 5236 αἱματώδη
3430 5155 3657 5247 ἁμαρτίαγ

2140 5241 2232 5320 καὶ
2273 5265 2523 5335 φονικὴν.
2574 5241 2731 5316 Πᾶσα
2769 5262 2877 5330 γάρ
2927 5258 3169 5328 ἁμαρτία
3221 5253 3408 5324 φονεύς
3450 5252 3548 5302 ἐστι
3585 5241 3654 5335 καὶ

2142 5332 2381 5429 σφαγεὺς
2408 5332 2504 5425 ei};
2532 5352 2729 5425 ψυχῆς.
2761 5351 2908 5420 Αὕτη
2938 5345 3086 5417 οὖνὴ
3117 5347 3283 5418 ψυχὴ,
3314 5342 3547 5414 ἁψαμένη
3572 5332 3652 5428 τῷν

2143 5451 2371 5521 ἱματίων
2396 5448 2489 5501 τοῦ
2525 5446 2721 5516 Ἰησοῦ,
2750 5443 2995 5498 τουτέστι
3036 5442 3133 5511 τῆς
3172 5435 3481 5510 σαρκώσεως
3502 5428 3648 5521 αὐτθῇ

2142 5544 2239 5597 καὶ
2290 5540 2630 5595 πιστεύσασα
2662 5540 2743 5592 ὃτι
2798 5537 3142 5606 σεσάρκωται
3187 5533 3216 5584 ό
3263 5528 3385 5590 Υἱὸς
3426 5518 3644 5577 τοῦΘεου.

2142 5633 2445 5705 ὑγιάζεται.
2486 5631 2602 5685 Κᾶν
2633 5628 3080 5700 ἀρχισυνάγωγος
3105 5623 3161 5676 δέ
3192 5638 3273 5685 τις
3302 5620 3404 5689 εἴη,
3451 5607 3645 5671 τουτέστι
