3896 6452
414 184 532 247 815

1336 189 1906 255 THEOPIIYLACTI
1955 196 2367 258 BULGARLE
2406 201 2761 263 ARCIIIEP.

3557 208 3659 275 διδ

404 302 695 354 τηερε-οισι-
731 314 759 354 a
796 301 1115 370 quibusdam
1154 304 1296 374 quod
1328 303 1566 364 Joannes
1595 310 1929 366 surrexisset
1968 326 1984 363 ε

2105 330 2267 368 τινων
2293 315 2376 368 ὅτι
2418 314 2671 388 Ἰωάννης
2705 317 2962 387 ὲγήγερτ
2989 341 2995 370 ς
3032 318 3095 369 ἐκ
3128 317 3357 388 νεκριῖιν,
3389 320 3489 371 ὑπό
3512 340 3664 379 τινων

419 393 648 446 mortuis
672 407 687 446 :
714 407 742 445 a
769 393 1093 461 quihusdam
1116 411 1246 451 vero
1272 398 1415 467 quod
1444 400 1588 455 Elias
1612 402 1952 471 apparuisset
1979 420 1991 456 ;

420 486 489 539 ab
520 485 640 538 aliis
673 495 850 539 autem
886 486 1026 555 quod
1061 476 1323 558 propheta
1352 491 1619 561 quispiam
1660 508 1724 547 ex
1762 495 1996 561 antiquis

419 579 760 633 surrexisset.
800 579 864 633 Et
896 581 972 635 ait
1017 579 1257 638 llcrodes
1308 600 1321 637 :
1370 582 1634 639 Joannem
1676 601 1776 654 ego
1808 587 1993 639 decol-

418 668 520 724 lavi
559 686 574 723 :
608 670 728 740 quis
772 682 950 725 autem
993 672 1096 728 iste
1137 675 1205 728 de
1254 690 1362 743 quo
1393 689 1492 746 ego
1534 675 1660 731 talia
1695 676 1896 731 audio?
1932 677 1998 734 Et

406 763 694 829 quzerebat
750 763 935 815 videre
979 778 1125 818 eum.
1174 783 1193 817 ι
1249 763 1347 820 llic
1379 766 1617 822 Herodes
1665 783 1862 837 parvus
1895 768 1996 823 fuit

417 853 559 906 tilius
585 852 759 924 Magni
800 855 890 924 qui
922 870 1119 927 pueros
1150 857 1444 912 occiderat.
1480 858 1612 912 Nam
1657 859 1745 917 ille
1778 860 1991 928 quidem

415 962 511 1001 rex
538 947 639 1000 fuit
664 988 679 1012 ,
710 947 797 1003 hic
825 957 1005 1002 ant-1n
1035 949 1327 1004 tetrarcha.
1355 950 1644 1005 Dubitabat
1679 951 1747 1007 de
1773 952 1993 1007 Christo
2034 958 2041 967 '

415 1041 536 1106 qois
571 1048 735 1093 esset.
766 1038 1027 1095 Joannem
1059 1041 1307 1109 quidem,
1334 1042 1525 1109 inquit,
1557 1058 1655 1113 ego
1682 1044 1937 1097 decollari
1977 1060 1990 1099 :

415 1141 467 1181 et
498 1132 541 1183 si
572 1132 789 1199 quidem
822 1129 1058 1187 Joannes
1088 1133 1354 1187 excitatus
1380 1144 1462 1188 est
1492 1151 1556 1189 ex
1592 1137 1843 1202 mortuis,
1875 1153 1992 1191 om—

414 1221 545 1275 nino
574 1224 746 1276 visum
777 1221 925 1277 illum
956 1238 1269 1293 agnoscam.
1302 1222 1586 1290 Quaerebat
1619 1227 1764 1280 cnim
1808 1229 1993 1282 videre

412 1328 557 1366 eum.
596 1309 727 1365 Vide
768 1321 949 1370 autem
981 1313 1123 1378 quod
1156 1312 1367 1368 Hebraei
1405 1325 1653 1370 errantes
1698 1317 1994 1385 Opinaban—

416 1417 534 1470 tur,
581 1403 1032 1459 resurrectionem
1068 1415 1406 1460 mortuorum
1456 1406 1508 1462 in
1544 1408 1747 1462 carnali
1778 1409 1881 1461 vita
1911 1409 1993 1463 fu-

414 1506 609 1563 turam,
639 1497 872 1566 atquein
905 1498 1027 1552 cibo
1052 1506 1105 1552 et
1138 1507 1265 1568 potu
1303 1516 1316 1552 :
1350 1501 1676 1555 resurrectio
1703 1500 1846 1554 enim
1884 1517 1989 1557 non

414 1596 465 1646 in
507 1594 627 1648 ciho
653 1594 734 1648 vel
764 1602 888 1664 potu
919 1594 1002 1649 vel
1033 1595 1236 1650 carnali
1260 1597 1367 1650 vita
1391 1597 1520 1665 erit,
1565 1598 1660 1654 sed
1685 1597 1773 1667 qui
1808 1597 1988 1653 resur-

410 1699 574 1756 gunt,
593 1688 735 1742 sicut
762 1688 936 1757 angeli
971 1687 1064 1744 Dei
1097 1699 1400 1746 versantur.

485 1781 646 1835 Vens.
688 1781 871 1835 l0-l7.
900 1800 918 1832 ι
955 1781 1018 1835 Ει
1044 1784 1243 1837 reversi
1272 1782 1499 1852 apostoli
1534 1793 1889 1838 narraverunt
1914 1784 1990 1841 illi

408 1888 743 1942 quaecunque
797 1874 1059 1928 fecerant.
1122 1868 1185 1928 Et
1249 1876 1542 1944 assumptis
1605 1876 1710 1931 illis
1763 1876 1989 1931 secessit

408 1980 653 2020 seorsum
691 1966 743 2019 in
790 1966 967 2020 locum
1021 1969 1294 2022 desertum
1331 1969 1568 2025 civitatis
1613 1985 1730 2039 qum
1768 1983 1991 2025 vocatur

408 2059 716 2113 Bethsaida.
767 2058 921 2125 Quod
964 2075 1085 2114 eum
1132 2062 1511 2131 ceguovissent
1548 2064 1755 2129 turbze,
1788 2076 1989 2122 secutte

408 2165 532 2207 sunt
562 2154 734 2218 illum,
769 2165 823 2211 et
854 2157 1065 2227 excepit
1087 2172 1200 2223 eos,
1239 2167 1292 2213 et
1322 2159 1645 2229 loquebatur
1677 2161 1781 2217 illis
1815 2156 1990 2218 deire-

408 2263 516 2314 έςηο
550 2247 664 2313 Dei,
696 2255 748 2301 et
793 2263 887 2302 eos
919 2250 1008 2317 qui
1041 2252 1321 2305 curatione
1356 2253 1668 2321 indigebant
1692 2293 1706 2317 ,
1741 2256 1987 2310 sanabat.

413 2340 541 2393 Dies
566 2348 743 2393 autem
772 2349 1011 2409 coeperat
1042 2341 1335 2405 declinare.
1358 2354 1410 2398 et
1435 2346 1755 2400 accedentes
1781 2346 1987 2403 duode-

409 2432 514 2484 cim
558 2432 814 2486 dixerunt
859 2432 934 2487 illi
987 2450 1005 2487 :
1048 2433 1267 2489 Dimitte
1317 2436 1534 2501 turbas,
1591 2448 1649 2490 ut
1692 2447 1883 2494 euntes
1935 2439 1985 2493 in

408 2524 626 2577 castella
661 2523 926 2592 villasque
955 2524 1161 2579 vicinas
1198 2526 1505 2594 divertant,
1543 2527 1705 2601 333
1747 2538 1801 2583 et
1834 2530 1984 2585 inve-

408 2615 558 2668 niant
581 2629 756 2677 escas,
791 2616 915 2685 quia
950 2615 1037 2671 hic
1061 2617 1112 2671 in
1139 2617 1259 2673 loco
1291 2621 1503 2675 deserto
1532 2636 1741 2676 sumus.
1769 2619 1859 2675 Ait
1890 2638 1989 2676 au-

407 2714 516 2761 tem
544 2707 610 2761 ad
642 2706 761 2762 illos
792 2726 806 2761 :
835 2705 945 2763 Vos
968 2707 1093 2763 date
1126 2708 1232 2764 illis
1259 2710 1612 2766 manducare.
1639 2712 1710 2767 At
1739 2712 1814 2767 illi
1836 2712 1987 2769 dixe-

409 2808 532 2853 runt
568 2817 581 2852 :
614 2798 726 2854 Non
774 2809 901 2856 sunt
943 2800 1100 2856 nobis
1134 2802 1257 2872 plus
1293 2818 1457 2873 quam
1513 2802 1753 2874 quinque
1796 2821 1981 2875 panes,

404 2904 460 2944 et
495 2891 602 2944 duo
635 2892 828 2961 pisces,
856 2892 957 2947 nisi
986 2907 1083 2948 nos
1109 2908 1300 2948 eamus
1330 2905 1383 2950 et
1414 2910 1660 2950 emamus
1692 2896 1743 2950 in
1770 2912 1983 2951 onmem

409 2985 552 3039 hunc
582 2984 837 3053 populum
882 3002 1056 3041 cst-as.
1111 2987 1283 3042 Erant
1325 3000 1506 3043 autem
1546 2987 1660 3044 fere
1696 2990 1984 3059 quinquies

405 3075 573 3130 mille.
620 3076 709 3129 Ait
747 3085 928 3130 autem
977 3078 1042 3130 ad
1089 3078 1384 3148 discipulos
1418 3094 1596 3136 suos:
1643 3080 1825 3135 Facite
1865 3081 1985 3137 illos

406 3167 747 3224 discumbere
780 3168 832 3222 in
863 3168 1073 3237 singulo
1107 3170 1374 3227 discubitu
1406 3173 1820 3247 quinquagenos
1857 3191 1871 3228 :
1901 3184 1984 3227 at-

404 3273 510 3326 que
551 3258 625 3313 ita
675 3259 941 3326 fecerunt,
997 3269 1053 3316 et
1103 3259 1351 3317 fecerunt
1383 3279 1574 3320 omnes
1622 3266 1983 3321 discumbere.

404 3351 656 3422 Acceptis
706 3353 883 3423 itaque
917 3355 1155 3424 quinque
1192 3357 1447 3425 panibus,
1484 3366 1536 3412 et
1578 3358 1788 3414 duobus
1823 3357 1985 3426 pisci-

406 3445 525 3507 bus,
556 3444 786 3498 sublatis
818 3445 870 3498 in
900 3445 1094 3500 cretum
1119 3447 1311 3512 oculis,
1345 3444 1620 3503 benedixit
1645 3449 1771 3515 illis,
1794 3459 1846 3503 et
1877 3449 1983 3502 frc-

404 3537 507 3603 git,
551 3535 934 3605 distribuitque
978 3535 1254 3606 discipulis
1299 3546 1356 3591 ut
1405 3548 1734 3608 apponerent
1792 3540 1981 3594 turhzc.

407 3628 467 3678 Et
522 3626 879 3682 comederunt
934 3644 1143 3696 omnes,
1193 3636 1247 3684 et
1296 3631 1522 3684 saturati
1545 3640 1692 3685 sunt.
1740 3631 1807 3686 Et
1852 3629 1983 3685 sub-

404 3723 577 3773 latum
619 3728 703 3773 est
764 3720 909 3789 quod
953 3719 1217 3788 superfuit
1256 3719 1392 3790 illis,
1425 3720 1845 3792 fragmentorum
1890 3736 1982 3775 co-

404 3811 553 3879 phiui
597 3811 904 3865 duodecim.
957 3830 977 3864 ι
1015 3809 1070 3864 la
1107 3812 1378 3867 desertum
1425 3812 1601 3866 locum
1655 3813 1766 3867 abit
1803 3810 1979 3873 Jcsus.

404 3900 659 3969 quoniam
694 3900 1011 3955 miraculum
1038 3915 1233 3970 panum
1264 3902 1335 3956 ibi
1378 3900 1626 3956 facturus
1654 3910 1793 3968 erat,
1827 3910 1883 3954 ut
1913 3916 1982 3955 ne

403 3998 525 4065 quis
544 3997 728 4051 dicere
753 3997 943 4064 possit,
966 3996 1217 4064 quoniam
1245 4010 1413 4065 prope
1437 3995 1601 4049 fuerit
1623 3995 1815 4049 civitas
1844 3995 1982 4049 unde

402 4105 572 4161 putes
601 4089 771 4144 allati.
801 4088 990 4144 Docuit
1024 4098 1203 4142 autem
1236 4090 1422 4143 turbas
1450 4097 1503 4143 et
1535 4089 1748 4143 sanavit
1786 4101 1802 4141 :
1833 4098 1889 4142 ut
1927 4097 1978 4142 tu

402 4185 586 4238 discas
615 4182 757 4251 quod
788 4181 1125 4252 philosophia
1156 4189 1341 4235 nostra
1377 4182 1540 4235 verbo
1567 4190 1620 4236 et
1646 4195 1809 4249 opere
1844 4196 1975 4235 con-

401 4285 540 4338 stet,
577 4285 631 4329 et
663 4288 841 4341 neque
870 4258 1096 4327 dicenda
1131 4275 1241 4329 sint
1289 4286 1408 4343 quae
1450 4272 1630 4328 facere
1673 4286 1776 4326 non
1817 4272 1975 4340 licet,

2102 404 2181 469 δἐ,
2222 405 2304 459 ὅτι
2356 404 2540 470 Ἠλίας
2583 408 2778 477 ἐφάνη.
2810 409 2968 460 ’Λλᾲμ
3044 408 3120 472 δὲ,
3157 410 3239 462 ὃτι
3282 411 3557 480 προφήτης
3585 410 3661 478 εἷς

2103 498 2210 551 τῶν
2232 499 2475 569 ἀρχαίων
2497 499 2718 570 ἀνέστη.
2745 502 2854 553 Καὶ
2876 495 3025 553 εἶπεν
3052 501 3080 552 ὁ
3112 500 3360 572 Ἡρώδης
3382 517 3394 530 ⁸
3425 502 3661 571 Ἰωάννην

2102 590 2213 659 ἐγὼ
2243 592 2622 660 ἀπεκεφάλισα
2643 608 2656 623 ⁸
2687 595 2770 655 τίς
2803 593 2858 646 δέ
2911 595 3057 645 ἐστιν
3089 585 3264 655 οὗτος,
3304 592 3429 660 περὶ
3468 588 3526 646 οὗ
3557 596 3659 661 ἐγὼ

2102 684 2285 737 ἀκούω
2314 684 2580 750 τοιαῦτα,
2629 685 2740 739 Καὶ
2771 685 2952 753 ἐζήτει
2988 685 3115 736 ἰδεῖν
3163 683 3345 738 αὐτόν.
3387 702 3405 735 ι
3447 677 3605 749 Οὗτος
3629 692 3657 741 ὁ

2112 773 2357 847 Ἡρώδης
2386 780 2413 828 ό
2447 776 2640 847 μικρὸς
2673 770 2759 846 ἦν,
2801 776 2828 826 ό
2860 774 2971 838 uio;
3006 774 3099 828 τοῦ
3157 775 3393 844 μεγάλου
3435 774 3655 845 Ἡρώδου

2098 868 2192 921 τοῦ
2225 868 2292 921 τὰ
2316 867 2489 938 βρέφη
2525 867 2969 931 ἀποκτείναντος.
3024 866 3264 930 Ἐκεῖνός
3306 867 3406 936 μὲν
3435 868 3537 940 γὰρ
3567 869 3661 938 βα·-Δ

2102 959 2281 1023 σιλεὺς
2328 955 2427 1031 ἦν,
2461 952 2616 1024 οὗτος
2656 958 2714 1012 δὲ
2761 962 3068 1031 τετράρχης
3098 978 3109 989 ο
3161 959 3409 1029 διηπόρει
3441 960 3493 1010 δὲ
3539 962 3656 1031 περὶ

2111 1050 2308 1122 Ἰησοῦ,
2352 1051 2433 1115 τίς
2469 1052 2534 1106 ἂν
2564 1052 2669 1122 εἴη.
2720 1052 2975 1120 Ἰωάννην
3015 1052 3114 1121 μὲν
3147 1051 3291 1118 γὰρ,
3340 1052 3520 1121 φησὶν,
3557 1053 3657 1119 ἐγὼ

2098 1142 2499 1212 ἀπεκεφάλισα,
2526 1145 2621 1197 καὶ
2645 1142 2803 1213 εἴπερ
2827 1146 2854 1196 ὁ
2895 1143 3148 1212 Ἰωάννης
3173 1143 3320 1194 ἐστὶν
3344 1142 3575 1211 ἐγερθεὶς
3597 1147 3653 1198 ἐκ

2097 1216 2342 1305 νεκρῶν,
2390 1234 2604 1297 πάντως
2641 1233 2762 1287 ίδὼν
2792 1235 2955 1287 αὐτόν
2996 1233 3268 1303 γνωρίσω.
3312 1230 3515 1302 Ἐζήῖει
3556 1238 3653 1304 γὰρ

2101 1323 2227 1377 ἰδεῖν
2249 1324 2429 1380 αὐτόν.
2457 1325 2597 1396 Ὅρα
2624 1325 2678 1377 δὲ
2709 1328 2788 1379 ὅτι
2823 1328 2871 1378 οἱ
2905 1324 3150 1393 Ἑϐραῖοι
3168 1322 3416 1389 ἐδόξαζον
3438 1325 3652 1379 ἀνάστα-

2101 1434 2183 1471 σιν
2223 1418 2432 1489 νεκρῶν
2475 1419 2534 1471 ὲν
2584 1417 2695 1489 ζωῇ
2735 1421 2997 1488 σαρκικῇ,
3034 1419 3127 1471 καὶ
3167 1418 3225 1468 ἐν
3278 1415 3525 1485 βρώμασι
3569 1419 3651 1469 καὶ

2101 1507 2343 1576 πόμασι,
2376 1508 2559 1569 κακῶς
2594 1507 2932 1573 δοξάζοντες.
2994 1507 3058 1559 Ἡ
3094 1507 3204 1576 γὰρ
3240 1506 3526 1568 ἀνάστασις
3563 1510 3649 1560 οἰκ

2099 1598 2156 1650 ἐν
2182 1598 2381 1668 βρώσει
2417 1601 2508 1652 καὶ
2544 1600 2719 1664 πόσει,
2748 1600 2780 1670 ἢ
2817 1600 2926 1670 ζωῇ
2959 1601 3225 1670 σαρκικῇ,
3258 1595 3375 1651 ἀλλ’
3400 1596 3471 1661 ὡς
3499 1597 3650 1667 ἄγγε’

2022 1682 2067 1740 Β
2095 1689 2176 1742 λοι
2202 1690 2356 1752 Θεοῦ,
2383 1689 2525 1743 οὕτω
2553 1691 2854 1758 διάγουσιν.

2176 1800 2195 1834 ι
2249 1785 2359 1838 Καὶ
2411 1783 2849 1854 ὑποστρέψαντες
2896 1784 2946 1836 οἱ
2992 1782 3303 1848 ἀπόστολοι,
3349 1782 3651 1851 διηγήσαντο

2097 1875 2245 1946 αὐτῷ
2270 1876 2369 1928 ὅσα
2400 1876 2684 1945 ἐποίησαν.
2716 1877 2825 1930 Καὶ
2848 1874 3183 1946 παραλαϐὼν
3210 1876 3432 1937 αὐτοὺς,
3460 1875 3650 1945 ὑπεχώο

2101 1984 2232 2037 ρησε
2257 1967 2376 2022 κατ’
2406 1967 2542 2022 ίδίαν
2567 1969 2646 2031 είς
2674 1967 2836 2022 τόπον
2868 1969 3072 2040 ἔρημον
3094 1968 3302 2031 πόλεως
3329 1968 3648 2037 καλουμένης

2097 2059 2386 2131 Βηθσαῖδά.
2430 2062 2492 2115 Οἱ
2528 2062 2584 2114 δὲ
2614 2061 2760 2132 ὄχλοι
2793 2062 3046 2130 γνόντες,
3091 2062 3467 2133 ἠκολούθησαν
3496 2062 3645 2131 αὐτῷ.

2096 2156 2204 2204 Καὶ
2237 2152 2530 2223 δεξάμενος
2558 2154 2777 2216 αὐτοὺς,
2811 2153 2986 2208 ἐλάλει
3018 2154 3200 2218 αὐτοῖς
3234 2152 3365 2222 περὶ
3393 2153 3489 2222 τῆς
3514 2151 3649 2222 3am.-

2094 2246 2243 2310 λείας
2275 2247 2369 2299 τοῦ
2412 2246 2549 2301 Θεοῦ
2577 2264 2591 2277 ·
2630 2249 2724 2301 καὶ
2758 2250 2880 2310 τοὺς
2909 2248 3097 2319 χρείαν
3128 2248 3350 2317 ἔχοντας
3382 2246 3648 2316 θεραπείας

2097 2340 2233 2394 ίᾶτο.
2281 2339 2348 2392 'll
2375 2339 2429 2394 δὲ
2464 2339 2649 2412 ἡμέρα
2678 2339 2881 2410 ἤρξατο
2921 2340 3122 2392 κλίνειν
3144 2357 3158 2370 ·
3194 2337 3575 2410 προσελθόντες
3599 2338 3647 2391 δὲ

2093 2432 2141 2489 οἱ
2171 2432 2400 2495 δώδεκα,
2427 2428 2578 2485 εἷπον
2607 2418 2796 2502 αὐτῷ’·
2841 2431 3133 2485 Ἀπόλυσον
3167 2432 3287 2494 τοὺς
3317 2430 3525 2499 δχλους,
3572 2430 3646 2482 ἵνα

2092 2526 2419 2590 ἀπελθόντες
2448 2527 2527 2589 είς
2569 2527 2663 2587 τὰς
2706 2525 2889 2594 κύ-ελῳ
2921 2524 3110 2595 κώμας
3143 2525 3237 2578 καὶ
3274 2524 3404 2585 τοὺς
3438 2525 3641 2592 ἀγροὺς,

2092 2618 2463 2684 καταλύσωσι,
2513 2616 2608 2671 καὶ
2650 2616 2887 2688 εὕρωσιν
2937 2615 3322 2684 ἐπισιτισμὸν,
3360 2615 3443 2667 ὅτι
3472 2608 3564 2666 ὧδε
3594 2616 3643 2666 ἐν

2090 2713 2281 2783 ἐρήμῳ
2307 2711 2458 2783 τόπῳ
2480 2710 2665 2781 ἐσμέν.
2697 2707 2831 2765 Eine
2851 2711 2906 2764 δὲ
2932 2710 3065 2780 πρὸς
3089 2710 3308 2772 αὐτούς’
3335 2709 3463 2760 Δότε
3484 2708 3640 2771 αὐτοῖς

2093 2804 2248 2875 ὑμεῖς
2297 2805 2511 2873 φαγεῖν.
2543 2803 2608 2857 Ol
2649 2804 2703 2856 δὲ
2731 2799 2882 2856 εἶπον
2900 2820 2913 2834 ·
2946 2803 3057 2856 Οὐκ
3087 2803 3224 2857 εἰσὶν
3253 2803 3387 2871 ἡμῖν
3417 2801 3581 2853 πλεῖον
3608 2802 3636 2869 ἢ

2091 2895 2250 2948 πέντε
2295 2895 2451 2966 ἄρτοι
2490 2895 2584 2948 καὶ
2637 2894 2812 2965 ἰχθύες
2866 2893 2984 2958 δύο,
3033 2894 3081 2945 εί
3130 2893 3265 2962 μήτι
3307 2891 3636 2961 πορευθέντες

2089 2988 2249 3057 ἡμεῖς
2274 3027 2287 3051 ,
2322 2987 2682 3059 ἀγοράσωμεν
2712 2988 2793 3050 εἰς
2825 2986 3002 3057 πάντα
3034 2984 3123 3038 τὸν
3155 2984 3284 3039 λαὸν
3309 2985 3494 3035 τοῦτον
3520 2980 3636 3050 βρὼο

2092 3091 2260 3144 ματα.
2290 3068 2472 3127 Ἶισαν
2512 3074 2618 3144 γὰρ
2663 3073 2794 3127 ὡσεὶ
2824 3073 3015 3143 ἄνδρες
3048 3072 3491 3142 πεντακισχίλιοι.
3520 3067 3632 3124 Eine

2088 3168 2145 3220 δὲ
2180 3167 2313 3238 πρὸς
2356 3168 2482 3231 τοὺς
2519 3168 2767 3238 μαθητὰς
2816 3168 2981 3221 αὑτοῦ
3004 3185 3018 3198 ι
3055 3166 3432 3221 Κατακλίνατε
3466 3166 3630 3227 αὐτοὺς

2088 3260 2302 3323 κλισίας
2344 3261 2447 3315 ἀνά
2489 3265 2843 3334 πεντήκοντα.
2881 3264 2988 3315 Καὶ
3035 3261 3299 3330 ἐποίησαν
3341 3261 3514 3324 οὕτω,
3552 3261 3629 3310 καὶ

2087 3352 2370 3409 ἀνέκλιναν
2398 3354 2662 3418 ἃπαντας.
2703 3354 2896 3408 Λαϐὼν
2923 3355 2978 3408 δὲ
3009 3358 3133 3417 τοὺς
3156 3356 3318 3408 πέντε
3343 3355 3529 3423 ἄρτους
3551 3352 3626 3404 κει

2086 3447 2212 3509 τοὺς
2248 3446 2341 3499 δύο
2376 3447 2565 3517 ἰχθύας
2585 3488 2598 3510 ,
2631 3448 2937 3517 ἀναϐλέζνας
2977 3450 3055 3511 εἰς
3088 3447 3177 3501 τὸν
3204 3447 3462 3516 οὐρανὸν,
3505 3444 3625 3498 salt?-

2086 3556 2255 3610 γησεν
2273 3539 2491 3602 αὐτοὺς,
2524 3540 2620 3593 καὶ
2651 3539 2975 3602 κατέκλασε,
3004 3538 3098 3593 καὶ
3139 3538 3309 3592 ἐδίδου
3340 3541 3444 3599 τοῖς
3475 3535 3624 3605 μαθη-

2086 3632 2207 3694 ταῖς
2239 3629 2595 3700 παρατιθέναι
2625 3629 2700 3701 τῴ
2723 3630 2888 3701 ὄχλῳ,
2919 3630 3013 3683 καὶ
3049 3631 3272 3698 ἔφαγον,
3303 3629 3398 3686 καὶ
3429 3628 3622 3697 ἐχορτά-

2087 3720 2293 3790 σθησαν
2325 3721 2559 3786 πάντες,
2600 3724 2694 3775 καὶ
2733 3721 2876 3793 iiqu
2932 3720 2992 3777 τὸ
3035 3719 3406 3790 περισσεῦσαν
3444 3719 3622 3780 αὐτοῖς,

2086 3813 2415 3883 κλασμάτων
2469 3814 2681 3882 κόφινοι
2718 3812 2947 3867 δώδεκα.
3013 3830 3032 3864 ι
3086 3811 3179 3875 Εἰς
3234 3812 3438 3882 ἔρημον
3491 3810 3622 3863 τόπον

2084 3906 2302 3960 ἄπεισιν
2334 3906 2362 3958 ὁ
2408 3904 2651 3974 Ἰησοῦς,
2681 3902 2867 3974 ἐπειδὴ
2900 3902 2960 3957 τὸ
3003 3904 3111 3956 τῶν
3151 3905 3331 3975 ἄρτων
3366 3902 3537 3972 θαῦμα
3556 3917 3623 3953 τες

2084 3998 2234 4052 λέσαι
2270 3997 2518 4069 ἔμελλεν,
2549 3997 2637 4050 ἴνα
2671 3995 2745 4067 μὴ
2780 3997 2891 4067 ἔχοι
2920 4014 3003 4060 τις
3030 3997 3232 4065 λέγειν,
3264 3997 3348 4050 ὄτι
3371 3996 3528 4064 ἐγγὺς
3551 3992 3622 4045 ob-

2085 4107 2185 4160 σης
2216 4089 2444 4156 πόλεως,
2474 4088 2684 4142 ἐκεῖθεν
2710 4089 2863 4159 ἄρτοι
2888 4089 3218 4160 ἠνέχθησαν.
3245 4088 3534 4158 Δεξάμενος
3549 4081 3623 4139 οὖν

2082 4183 2209 4244 τους
2242 4180 2458 4251 ὄχλους,
2480 4180 2728 4234 ἐδίδασκέ
2753 4196 2810 4233 τε
2851 4181 2946 4233 καὶ
2968 4180 3325 4252 ἐθεράπευεν,
3347 4179 3433 4233 ἵνα
3462 4178 3521 4232 σὺ
3544 4176 3623 4242 μά-

2084 4275 2310 4345 θῃς,οτι
2344 4274 2377 4344 ἠ
2412 4272 2531 4327 καθ’
2573 4274 2723 4344 ἡμᾶς
2772 4273 3059 4342 φιλοσοφία
3117 4274 3261 4345 λόγῳ
3319 4274 3413 4327 καὶ
3459 4269 3623 4343 πράξει

401 4365 576 4435 neque
606 4365 850 4420 facienda
869 4379 989 4435 qua:
1008 4363 1154 4419 dictu
1184 4364 1438 4418 absurda.
1472 4361 1773 4417 lnclinante
1798 4373 1974 4416 autem

2092 4367 2392 4439 μερίζεται,
2418 4367 2513 4421 καὶ
2545 4364 2671 4419 οὔτε
2694 4365 2776 4419 δεῖ
2808 4365 2985 4434 λέγειν
3011 4365 3291 4436 ἄπρακτα,
3324 4364 3447 4418 οὔτε
3476 4366 3624 4434 πράτ-

400 4462 488 4515 die
527 4458 780 4531 discipuli
815 4458 1133 4530 incipientes
1163 4458 1281 4513 tleri
1311 4455 1662 4515 humaniores
1696 4464 1749 4511 et
1778 4455 1982 4512 oﬂicio-

400 4553 596 4616 siores,
647 4553 971 4607 miserentur
1012 4550 1205 4616 turbis,
1247 4558 1300 4605 et
1335 4550 1524 4603 dicunt
1563 4565 1575 4601 :
1617 4547 1835 4603 Dimitte
1867 4563 1979 4615 eas,

406 4650 508 4703 hoc
534 4656 638 4706 est.
669 4659 798 4699 sana
835 4645 998 4700 citius
1022 4643 1364 4698 inﬁrmitates
1392 4642 1625 4707 illorum,
1657 4641 1816 4712 imple
1847 4643 1984 4712 peti-

407 4745 582 4797 tiones
617 4741 851 4793 illorum.
902 4738 1158 4793 Dominus
1215 4745 1393 4791 autem
1438 4736 1503 4791 ad
1558 4736 1850 4804 discipulos
1895 4734 1980 4789 di-

403 4850 533 4889 cens
566 4851 579 4885 :
611 4834 742 4887 Date
768 4831 873 4885 illis
902 4846 997 4884 vos
1018 4828 1160 4899 quod
1187 4829 1374 4890 edant,
1403 4843 1508 4882 non
1539 4828 1793 4897 ignorans
1818 4827 1977 4882 disei~

401 4928 651 4998 polorum
694 4925 924 4994 inopiam
973 4922 1073 4977 hoc
1117 4918 1268 4987 dicit,
1305 4922 1401 4975 sed
1452 4920 1677 4974 incitare
1708 4919 1891 4975 volens
1924 4931 1980 4974 ut

402 5020 586 5074 dicant
616 5028 748 5089 quot
780 5030 946 5087 panes
989 5015 1092 5070 sibi
1126 5014 1268 5079 sint,
1324 5019 1382 5066 ut
1421 5012 1499 5066 sic
1528 5021 1979 5066 commonstretur

401 5113 722 5167 miraculum
751 5110 945 5177 majus,
974 5105 1338 5160 indicantibus
1359 5103 1466 5158 illis
1494 5103 1667 5171 palam
1694 5118 1977 5157 numerum

403 5224 619 5275 panum.
662 5205 818 5269 Quod
850 5211 1032 5256 autem
1063 5201 1224 5265 dicit,
1260 5199 1439 5253 Facite
1490 5198 1608 5251 illos
1638 5198 1978 5253 discumbere

402 5302 455 5353 in
503 5296 715 5366 singulo
765 5294 1033 5349 discnbitu
1082 5293 1503 5362 quinquaginta,
1557 5291 1795 5344 ostendit
1834 5292 1975 5360 quod

401 5399 649 5460 oporteat
679 5389 845 5441 etiam
878 5401 976 5440 nos
1008 5386 1224 5455 quando
1251 5385 1483 5454 aliquem
1514 5383 1747 5452 hospitio
1775 5383 1976 5450 excipi-

404 5501 544 5549 Inus,
580 5490 633 5535 et
660 5483 835 5535 facere
864 5481 1036 5549 ipsum
1076 5479 1391 5532 recumbere
1411 5517 1425 5541 ,
1462 5488 1514 5530 et
1545 5476 1597 5529 in
1622 5490 1743 5530 eum
1773 5474 1972 5530 oﬂieio‘

401 5591 491 5629 sos
537 5587 677 5627 esse.
726 5570 893 5625 Porro
938 5568 1279 5637 suspiciendo
1320 5567 1370 5620 in
1425 5566 1617 5621 cadum
1648 5607 1661 5630 ,
1713 5575 1975 5619 monstrat

401 5666 543 5739 quod
572 5663 970 5729 manducaturi,
998 5661 1106 5716 Deo
1134 5659 1331 5729 gratias
1358 5673 1517 5729 agere
1538 5659 1853 5713 debeamus.
1876 5657 1973 5712 Dat

2084 4477 2198 4513 τειν
2245 4457 2434 4528 ἄλογα.
2478 4458 2782 4528 Κλινούσης
2809 4457 2865 4510 δὲ
2917 4459 3015 4528 τῆς
3047 4458 3263 4529 ἡμέρας
3286 4499 3303 4524 ,
3331 4460 3379 4511 oi
3416 4456 3627 4528 μαθηταὶ

2085 4550 2596 4623 φιλανθρωπότερον
2626 4551 2726 4622 ήδη
2756 4549 3056 4620 ἀρξάμενοι
3085 4550 3231 4620 ἔχειν
3254 4550 3347 4603 καὶ
3371 4564 3626 4618 ποιμαντι-

2083 4644 2346 4716 κὼτερον,
2385 4641 2701 4697 κατελεοῦσι
2727 4643 2852 4705 τοὺς
2878 4641 3091 4712 ὄχλους,
3122 4641 3215 4695 καί
3250 4658 3416 4710 φασιν
3436 4655 3451 4670 ⁶
3491 4640 3625 4692 Ἀπό-

2082 4736 2243 4792 λυσον
2279 4735 2499 4801 αὐτοὺς,
2532 4734 2800 4800 τουτέστι,
2842 4733 3183 4806 θεράπευσον
3220 4735 3320 4796 τὰς
3374 4731 3626 4791 ἀσθενείας

2083 4830 2263 4884 αὐτῶν
2289 4830 2503 4901 τάχιον.
2537 4829 2830 4899 Πλήρωσον
2853 4831 2953 4891 τὰς
2981 4829 3228 4898 αἰτήσεις
3264 4826 3466 4881 αὐτῶν.
3510 4825 3562 4878 ’0
3584 4823 3626 4874 δὲ

2082 4923 2286 4995 Κύριος
2316 4923 2451 4993 πρὸς
2481 4923 2605 4984 τοὺς
2632 4921 2880 4993 μαθητὰς
2908 4921 3101 4989 λέγων·
3129 4920 3258 4974 Δότε
3287 4921 3472 4983 αὐτοῖς
3494 4919 3625 4987 ὑμεῖς

2081 5019 2294 5086 φαγεῖν,
2340 5016 2437 5086 οὐχ
2464 5014 2539 5078 ὡς
2571 5013 2783 5081 ἀγνοῶν
2824 5013 2922 5084 τὴν
2966 5013 3199 5085 ἀπορίαν
3254 5012 3442 5082 φησὶν,
3511 5009 3624 5062 ἀλλὰ

2083 5108 2406 5179 βουλόμενος
2436 5105 2809 5176 παρακινῆσαι
2828 5104 3047 5169 αὐτοὺς,
3084 5103 3172 5157 ἴνα
3200 5104 3419 5166 εἴπωσι,
3454 5101 3622 5159 πόσους

2078 5203 2276 5272 ἄρτους
2310 5199 2520 5271 ἔχουσι,
2557 5197 2653 5252 καὶ
2680 5196 2822 5250 οὕτω
2857 5195 3038 5266 δειχθῇ
3079 5196 3141 5248 τὸ
3175 5193 3363 5265 θαῦμα
3392 5193 3545 5264 μέγα,
3575 5194 3623 5244 ἐκ

2077 5293 2175 5361 τῆς
2191 5289 2478 5361 ὁμολογίας
2506 5287 2748 5347 ἐκείνων.
2774 5286 3077 5355 δειχθείσης
3097 5285 3195 5356 τῆς
3225 5284 3518 5355 ποσότητος
3537 5282 3621 5336 τῶν

2076 5381 2275 5450 ἄρτων.
2311 5378 2383 5431 Τὸ
2409 5378 2486 5439 δὲ,
2516 5376 2889 5430 Κατακλίνατε
2919 5377 3112 5439 αὐτοὺς
3140 5375 3354 5440 κλισίας
3381 5376 3484 5429 ἀνά
3513 5391 3620 5441 πενς

2074 5475 2333 5544 τήκοντα,
2366 5469 2634 5524 δείκνυσιν
2663 5469 2744 5523 ὅτι
2769 5469 2850 5522 δεῖ
2879 5470 3051 5540 ἡμᾶς,
3079 5470 3206 5523 ὅταν
3220 5472 3342 5524 τινὰ
3366 5467 3621 5538 ξενοδοχῶν

2079 5581 2200 5635 μεν,
2232 5563 2326 5618 καὶ
2368 5561 2714 5617 κατακλίνειν
2751 5560 2950 5625 αὐτὸν,
2983 5564 3076 5614 καὶ
3113 5562 3293 5631 πάσης
3333 5560 3619 5630 ἐπιμελείας

2074 5657 2279 5725 ἁξοῦν.
2314 5655 2632 5712 Ἀναϐλέπει
2653 5654 2708 5709 δέ
2733 5655 2813 5719 είς
2837 5652 2926 5712 τὸν
2951 5654 3202 5726 οὐρανὸν,
3225 5652 3484 5709 δεικνύων
3508 5654 3618 5723 ἡμῖν
