3896 6452
192 474 305 542 8T7

900 483 1339 545 ENARRATIO
1369 483 1449 545 IN
1488 481 1986 544 EVANGELIUM
2016 482 2251 543 LUCzE.
2287 506 2355 516 —
2385 480 2544 547 CAP.
2587 488 2691 547 IX.

3349 478 3466 551 818

194 591 330 645 ὅταν
362 591 644 663 μέλλωμεν
669 595 888 663 φαγεῖν,
918 596 1269 666 εὐχαριστίας
1291 595 1368 666 τῷ
1395 596 1515 666 Θεῷ
1532 596 1778 665 ἀναπέμ-

1904 608 2068 650 autem
2105 597 2400 667 discipulis,
2436 608 2487 655 et
2518 601 2591 655 illi
2625 600 2817 656 deinde
2847 601 3017 657 turbis
3040 641 3053 666 ,
3082 610 3141 656 ut
3172 614 3239 656 ne
3261 601 3456 656 oblivi-

195 695 345 736 πειν.
384 683 576 736 Δίδωσι
596 683 653 736 δὲ
670 687 782 747 τοῖς
813 687 1104 756 μαθηταῖς,
1132 682 1233 740 εἷθ’
1255 686 1428 751 οὕτως
1456 690 1779 749 ἐκεῖνοιτοῖς

191 775 404 844 ﬁxing,
437 777 526 828 ἰ’να
557 776 632 846 μὴ
661 777 1025 831 ἐπιλάθωνται
1050 778 1146 831 τοῦ
1175 777 1474 849 θαύματος,
1509 777 1622 831 ἀλλ’
1652 778 1782 830 ἀνα-

200 866 624 937 μιμνήσκωνται
659 866 873 932 τούτου,
907 866 1304 938 ἐνθυμούμενοι
1325 867 1406 920 ὅτι
1433 867 1559 929 τοὺς
1584 865 1783 935 ἄρτους

166 996 171 1003 .
197 958 287 1020 εἰς
307 957 412 1020 τὰς
438 960 627 1027 χεῖρας
654 957 833 1012 αὐτῶν
856 958 1069 1014 ἔλαϐον.
1096 960 1169 1012 Τὸ
1197 959 1255 1012 δὲ
1279 959 1620 1031 περίττευμα
1641 956 1784 1031 ἦσαν

198 1048 422 1116 κόφινοι
479 1048 710 1111 δώδεκα,
770 1049 858 1102 ἴνα
910 1050 1172 1120 μάθωμεν
1227 1050 1396 1104 πόσον
1434 1053 1466 1120 ἡ
1510 1049 1785 1120 ιριλοξενία

190 1138 448 1204 δύναται,
500 1141 594 1195 καὶ
648 1141 766 1202 πῶς
811 1142 1175 1212 πληθύνονται
1225 1141 1295 1197 τὰ
1332 1144 1599 1215 ήμέτερα,
1657 1144 1785 1197 ὅταν

198 1234 561 1303 παρέχωνται
591 1235 704 1296 τοῖς
733 1233 1026 1303 δεομένοις.
1059 1234 1285 1306 Εἴρηται
1309 1235 1365 1289 δὲ
1398 1237 1526 1307 περὶ
1578 1235 1786 1289 τούτων

201 1323 552 1395 πλατύτερον
584 1326 643 1377 ὲν
666 1325 744 1396 τῷ
775 1327 915 1379 κατά
950 1328 1248 1381 Ματθαῖον.

282 1435 300 1465 ι
340 1417 451 1468 Καὶ
493 1417 711 1484 ἐγένετο
763 1420 820 1470 ὲν
853 1418 930 1487 τῷ
973 1415 1112 1474 εἶναι
1140 1421 1301 1475 αὐτὸν
1349 1422 1787 1492 προσευχόμενον

201 1507 546 1575 καταμόνας,
574 1510 814 1579 συνῆσαν
836 1509 985 1578 αὐτῷ
1007 1512 1054 1563 οἱ
1081 1511 1343 1581 μαθηταί.
1369 1512 1479 1566 Καὶ
1499 1515 1601 1579 ὲπη
1613 1510 1788 1581 ρώτη-

203 1613 301 1649 σεν
327 1597 546 1663 αὐτοὺς,
570 1597 746 1667 λέγων
767 1617 781 1631 ο
814 1600 945 1654 Τίνα
972 1619 1040 1672 με
1073 1602 1323 1671 λέγουσιν
1345 1604 1394 1657 oi
1427 1603 1573 1675 ὄχλοι
1602 1601 1740 1657 εἶναι
1769 1620 1784 1669 ;

206 1692 275 1743 Gl
304 1690 360 1743 δὲ
391 1691 782 1761 ἀποκριθέντες
811 1690 962 1745 εἷπον
988 1711 1001 1724 ·
1045 1693 1300 1765 Ἰωάννην
1322 1694 1410 1748 τὸν
1435 1690 1748 1766 Βαπτιστήν
1769 1711 1783 1726 ⁸

203 1783 358 1837 ἄλλοι
410 1782 466 1835 δὲ
532 1783 749 1849 Ἠλίαν,
803 1784 953 1838 ἄλλοι
1000 1784 1044 1837 δ’
1097 1785 1179 1838 ὅτι
1213 1787 1500 1858 προφήτης
1552 1806 1636 1851 τις
1681 1788 1788 1842 τῶν

210 1874 460 1945 ἀρχαίων
479 1875 701 1945 ἀνέστη.
737 1873 867 1928 Εἷπε
892 1876 947 1929 δὲ
983 1876 1166 1941 αὐτοῖς
1187 1895 1201 1909 ο
1238 1877 1425 1949 Ὑμεῖς
1454 1879 1534 1943 δὲ,
1570 1880 1689 1933 τίνα
1720 1898 1786 1950 με

208 1966 403 2031 λέγετε
434 1961 608 2030 εἷναις
648 1965 991 2039 Ἀποκριθεὶς
1006 1968 1060 2022 δὲ
1083 1970 1111 2023 ό
1137 1968 1339 2041 Πέτρος
1359 1967 1501 2025 eius“
1523 1971 1626 2025 Τδν
1652 1973 1787 2043 Χρισ
1814 1951 1863 2010 Β

206 2056 340 2110 στὸν
377 2058 473 2111 τοῦ
519 2057 681 2111 Θεοῦ.
735 2058 792 2111 '0
842 2060 898 2112 δὲ
947 2063 1283 2133 ἐπιτιμήσας
1326 2065 1530 2130 αὐτοῖς,
1571 2069 1789 2136 παρήγ-

208 2147 365 2213 γειλε
412 2147 600 2215 μηδενὶ
634 2148 809 2201 εἰπεῖν
840 2147 1020 2213 τοῦτο,
1054 2149 1245 2216 εἰπὼν,
1290 2153 1371 2204 ὅτι
1416 2153 1509 2205 Δεῖ
1535 2153 1627 2205 τὸν
1662 2153 1790 2205 Υἱὸν

207 2240 309 2291 τοῦ
345 2241 633 2311 ἀνθρώπου
677 2242 849 2296 πολλά
893 2242 1117 2308 παθεῖν,
1152 2244 1247 2297 καὶ
1286 2244 1789 2316 ἀποδοκιμασθῆναι

204 2334 324 2389 ἀπὸ
350 2334 459 2386 τῶν
488 2334 899 2407 πρεσϐυτέρων,
932 2339 1026 2390 καὶ
1054 2337 1377 2408 ἀρχιερέων,
1405 2339 1499 2390 καὶ
1521 2332 1789 2408 Γραμμα-

208 2427 374 2488 τέων,
406 2427 499 2479 καὶ
535 2427 961 2497 ἀποκτανθῆναι,
1000 2428 1095 2480 καὶ
1125 2430 1190 2499 τῇ
1224 2428 1383 2499 τρίτῃ
1413 2428 1599 2499 ἡμέρᾳ
1630 2430 1789 2498 ὲγερι

204 2516 397 2583 θῆναι.
438 2537 455 2568 ι
505 2518 753 2588 Ἐρωτῶ-ν
786 2521 913 2583 τοὺς
951 2520 1199 2590 μαθητὰς
1227 2520 1256 2572 ὁ
1294 2512 1529 2590 Κύριος,
1561 2522 1661 2573 οὐκ
1700 2522 1791 2573 sti-

208 2609 357 2671 θέως
389 2611 566 2682 ἐρωτᾷ
606 2613 659 2664 τί
699 2612 950 2680 λέγουσιν
990 2614 1180 2679 αὐτοὶ,
1226 2613 1364 2666 ἀλλά
1396 2612 1662 2684 πρότερον
1694 2614 1793 2679 τὴν

210 2699 311 2752 τοῦ
355 2701 482 2755 λαοῦ
532 2702 781 2773 γνώμην,
832 2699 933 2756 εἷθ’
981 2703 1125 2757 οὓτω
1171 2705 1270 2774 τὴν
1322 2704 1503 2757 αὓτῶν
1547 2704 1790 2758 ἐκείνων.

213 2790 393 2843 Τοῦτο
425 2792 479 2844 δὲ
511 2797 653 2846 ποιεῖ
681 2835 693 2856 ,
741 2793 816 2857 rb;
846 2795 912 2847 ἃν
942 2796 1200 2865 ἀδόκιμον
1240 2794 1529 2860 ἀποδείξας
1561 2796 1657 2866 τὴν
1685 2795 1793 2847 τῶν

213 2878 431 2931 πολλῶν
454 2882 578 2949 περὶ
606 2881 771 2934 αὑτοῦ
802 2883 1009 2953 φήμην,
1044 2885 1361 2955 μεταστήσῃ
1386 2885 1512 2947 τοὺς
1547 2883 1795 2954 μαθητὰς

216 2974 301 3033 είς
331 2971 429 3043 τὴν
466 2973 639 3043 ἀληθῆ
671 2975 957 3045 ὑπόληψιν.
1001 2977 1067 3028 Ὃ
1101 2976 1164 3046 δὴ
1194 2978 1290 3030 καὶ
1320 2976 1659 3047 πέπρακται.
1696 2977 1794 3030 El-

219 3065 435 3117 πόντων
461 3065 567 3136 γὰρ
588 3065 696 3118 τῶν
728 3067 1006 3138 μαθητῶν,
1037 3069 1118 3122 ὅτι
1137 3068 1202 3121 Οἱ
1226 3071 1323 3136 μὲν
1364 3070 1635 3139 Ἰωάννην,
1664 3070 1715 3122 οἱ
1740 3069 1797 3122 δὲ

232 3156 426 3209 Ἠλίαν
470 3172 528 3209 σε
568 3156 840 3225 λέγουσιν,
874 3160 1033 3221 αὐτὸς
1066 3161 1265 3232 ἐρωτᾷο
1302 3160 1490 3230 Ὑμεῖς
1515 3160 1570 3214 δὲ
1595 3202 1608 3225 ,
1639 3174 1800 3214 τουτ-

1884 688 2108 744 scantur
2130 690 2398 752 miraculi,
2426 693 2517 747 sed
2551 707 2814 748 memores
2839 694 2954 764 ejus
2987 695 3119 758 sint,
3150 694 3453 762 cngitautes

1884 785 2023 851 quod
2055 799 2223 853 panes
2257 784 2309 838 in
2343 800 2536 840 tnanus
2560 785 2906 854 sumpserint.
2942 784 3339 855 Superfuerunt
3364 799 3461 835 ιιιιο

1886 885 1992 930 tam
2034 875 2251 945 cophini
2277 875 2558 931 duodecim
2583 916 2599 940 ,
2629 887 2685 929 ut
2712 876 2983 930 discamus
3006 883 3263 945 quantum
3290 874 3460 943 poss?t

1887 969 2245 1039 hospitalitas,
2269 979 2323 1024 et
2353 970 2493 1039 quod
2524 979 2705 1023 nostra
2740 967 3161 1037 multiplicentur
3185 983 3307 1021 cum
3336 982 3460 1034 sup-

1888 1064 2192 1134 peditamus
2228 1062 2617 1133 indigentibus.
2661 1060 2872 1116 Dictum
2913 1070 3000 1116 est
3044 1071 3226 1114 autem
3269 1061 3336 1114 de
3376 1059 3461 1113 his

1888 1157 2046 1213 latius
2081 1157 2131 1211 in
2163 1154 2249 1212 bis
2275 1171 2395 1226 qua:
2422 1154 2565 1210 dicta
2591 1163 2716 1211 sunt
2748 1155 2888 1225 apud
2914 1153 3248 1209 Mattbaeum.

1960 1420 2129 1477 Vens.
2168 1418 2354 1475 l8-22.
2405 1440 2424 1473 ι
2489 1419 2551 1474 Et
2592 1418 2793 1475 factum
2829 1422 2910 1471 est
2954 1433 3075 1472 cum
3123 1414 3269 1472 solus
3324 1425 3467 1468 esset

1889 1530 2072 1579 orans,
2105 1522 2260 1569 erant
2289 1528 2410 1567 cum
2461 1513 2553 1568 illo
2581 1523 2635 1567 et
2664 1510 2938 1580 disaipuli,
3002 1508 3466 1577 interrogavitque

1892 1606 2010 1660 illos
2054 1607 2236 1662 dicens
2274 1621 2289 1661 :
2323 1603 2493 1672 Quem
2543 1619 2629 1658 me
2676 1603 2861 1657 dicunt
2894 1616 3012 1656 esse
3042 1600 3245 1655 turbae?
3285 1600 3354 1653 At
3391 1598 3465 1652 illi

1893 1700 2289 1769 responderunt
2330 1707 2386 1753 et
2413 1697 2687 1760 dixerunt,
2716 1693 2978 1748 Joannem
3018 1692 3342 1762 Baptistam,
3376 1691 3468 1744 alii

1892 1800 2068 1845 autem
2098 1788 2288 1850 Eliam,
2323 1786 2415 1840 alii
2449 1800 2576 1840 vero
2601 1784 2742 1854 quod
2774 1796 2914 1838 unus
2940 1782 3199 1852 prOpheta
3227 1780 3292 1835 de
3321 1778 3466 1833 anti-

1890 1882 2011 1951 quis
2040 1878 2295 1935 surrexit.
2341 1876 2489 1930 Dixit
2531 1886 2709 1928 autem
2743 1874 2846 1928 illis
2882 1891 2895 1926 :
2937 1873 3043 1927 Vos
3091 1884 3272 1926 autem
3303 1886 3465 1940 quem

1894 1988 1977 2028 me
2021 1986 2141 2027 esse
2174 1969 2403 2026 dicitis?
2443 1967 2794 2037 Respondens
2839 1964 3024 2020 Simon
3071 1965 3261 2018 Petrus
3307 1963 3466 2027 dixit,

1891 2065 2165 2121 Christum
2201 2061 2351 2117 illum
2387 2057 2503 2115 Dei.
2531 2058 2712 2113 Atille
2737 2039 3101 2112 comminatus
3126 2052 3231 2109 illis
3263 2069 3465 2122 praece-

1893 2158 1967 2225 pit
1994 2170 2059 2211 ne
2081 2155 2167 2209 cui
2192 2146 2435 2208 dicerent
2458 2151 2581 2216 hoc,
2605 2151 2792 2205 dicens
2819 2169 2831 2204 :
2865 2149 2999 2216 Quia
3028 2156 3241 2218 oportet
3268 2142 3467 2201 Filium

1895 2246 2127 2302 hominis
2177 2244 2341 2298 multa
2393 2242 2526 2311 pati,
2574 2250 2627 2295 et
2678 2240 2958 2310 reprobari
2995 2256 3023 2295 a
3068 2239 3372 2293 senioribus
3414 2248 3471 2290 et

1894 2339 2227 2410 principibus
2258 2336 2598 2391 sacerdotum
2629 2343 2683 2388 et
2707 2334 2927 2399 scribis,
2956 2341 3008 2387 ct
3034 2331 3232 2395 occidi,
3270 2341 3324 2385 et
3359 2338 3470 2385 ter-

1897 2434 1969 2488 tia
1996 2432 2083 2486 die
2116 2440 2415 2498 resurgere.
2449 2444 2467 2476 ι
2498 2426 2839 2492 Interrogans
2863 2421 3157 2493 discipulos
3189 2420 3467 2484 Dominus,

1895 2539 2000 2579 non
2059 2522 2242 2578 statim
2281 2524 2578 2587 interrogat
2624 2531 2717 2571 eos
2750 2516 2877 2584 quid
2912 2514 3012 2585 ipsi
3061 2511 3226 2584 334
3265 2513 3469 2575 dicant,

1895 2616 1988 2671 sed
2024 2615 2172 2683 prius
2204 2611 2346 2681 vulgi
2376 2619 2429 2666 et
2461 2608 2655 2665 deinde
2691 2608 2853 2663 etiam
2890 2607 2954 2659 ab
2983 2605 3063 2659 eis
3096 2604 3305 2657 illorum
3343 2619 3469 2656 sen-

1899 2708 2143 2762 tentiam.
2182 2703 2295 2758 Hoc
2344 2713 2525 2756 autem
2574 2699 2707 2755 facit
2756 2708 2814 2752 ut
2867 2695 3120 2752 ostendat
3170 2694 3468 2762 improbam

1899 2800 2190 2856 multorum
2220 2799 2286 2854 de
2316 2810 2376 2852 se
2409 2795 2758 2866 opinionem,
2788 2802 2839 2845 et
2872 2787 3169 2858 discipulos
3201 2788 3253 2840 in
3285 2800 3468 2840 verum

1876 2891 2192 2946 transferat
2223 2909 2236 2944 :
2270 2889 2321 2943 id
2351 2889 2491 2957 quod
2525 2895 2578 2940 ct
2606 2885 2801 2939 factum
2837 2890 2941 2936 est.
2968 2883 3100 2936 Cu'n
3133 2882 3274 2935 enim
3304 2879 3473 2933 dixis-

1900 2994 2020 3038 sent
2046 2981 2318 3052 discipuli,
2350 2979 2493 3051 quod
2529 2978 2615 3031 alii
2647 2976 2865 3047 quidem
2899 2972 3182 3038 Joannem,
3214 2972 3307 3025 alii
3347 2988 3472 3025 vero

1880 3076 2074 3130 ‘Eliam
2112 3084 2162 3129 te
2184 3074 2449 3136 dicerent,
2480 3070 2597 3138 ipse
2629 3069 2925 3137 interrogat
2951 3083 2964 3119 :
2997 3064 3105 3119 Vos
3139 3073 3341 3126 autem,
3370 3064 3472 3115 hoc

1900 3178 2004 3234 est,
2030 3167 2118 3237 qui
2144 3164 2452 3234 praecellitis
2475 3163 2630 3224 alios,
2650 3161 2742 3231 qui
2765 3159 2945 3225 electi,
2968 3159 3170 3228 quique
3198 3155 3472 3225 praecipui,

220 3249 395 3313 ἐστιν,
424 3246 614 3316 Ὑμεῖς
642 3250 690 3302 οὶ
716 3249 1061 3321 διαφέροντες
1086 3251 1323 3316 πάντων,
1341 3253 1386 3305 oi
1407 3252 1796 3323 ἐξειλεγμένοι,

1905 3275 2061 3328 quem
2087 3256 2170 3312 me
2200 3271 2320 3312 esse
2345 3254 2562 3310 dicitis?
2588 3252 2726 3306 Ante
2758 3251 2894 3305 alios
2925 3258 3102 3303 autem
3136 3249 3330 3302 Petrus
3353 3262 3476 3315 pro-

223 3341 273 3392 οί
300 3340 594 3408 ἐξαίρετοι,
626 3341 747 3394 τίνα
775 3359 842 3412 με
873 3341 1060 3411 λέγετε
1087 3360 1102 3408 ;
1142 3344 1201 3397 Ὀ
1229 3343 1284 3397 δὲ
1308 3344 1513 3412 Πέτρος
1545 3340 1800 3416 προπηδᾷ

220 3432 335 3485 τῶν
359 3432 584 3498 λοιπῶν,
616 3436 707 3488 καὶ
737 3439 913 3505 στόμα
945 3437 1161 3490 πάντων
1194 3438 1482 3507 γενόμενος
1506 3477 1521 3502 ,
1550 3437 1802 3508 ὁμολογεῖ

214 3526 391 3582 -αὑτδν
444 3524 585 3580 εἶναι
635 3527 728 3581 τὸν
778 3528 945 3582 πάλαι
998 3528 1400 3598 κηρυττόμενον
1437 3528 1673 3598 Χριστὸν
1705 3529 1800 3582 τοῦ

216 3620 385 3674 θεοῦ.
419 3620 495 3673 Οὐ
509 3620 614 3689 γάρ
639 3616 779 3685 εἷπε,
802 3619 1033 3690 Χριστὸν
1054 3619 1145 3673 τοῦ
1182 3619 1338 3685 Θεοῦ,
1366 3619 1524 3683 ἀλλὰ,
1550 3620 1640 3673 τὶν
1663 3622 1800 3690 Χρι-

225 3714 356 3766 στὸν
390 3712 485 3765 τοῦ
510 3712 644 3765 Θεοῦ
681 3715 819 3783 μετά
853 3714 944 3767 τοῦ
976 3714 1202 3784 ἄρθρου,
1227 3713 1312 3766 ἵνα
1348 3712 1566 3785 δηλώσῃ
1598 3714 1676 3766 ὅτι
1706 3714 1803 3766 αὖε

227 3809 320 3868 τό,
346 3811 495 3860 ἐστιν
539 3810 565 3861 ὁ
610 3806 813 3877 κυρίως
852 3806 1087 3877 Χριστὸς
1136 3803 1231 3857 τοῦ
1264 3803 1421 3857 Θεοῦ.
1474 3805 1666 3857 Πολλοὶ
1705 3804 1802 3874 μὲν

227 3899 342 3969 γὰρ
380 3898 747 3970 ὲχρὶσθησανς,
791 3897 908 3952 ἀλλ’
940 3900 966 3951 ὁ
998 3897 1238 3968 Χριστὸς
1284 3897 1377 3948 τοῦ
1425 3895 1559 3949 Θεοῦ
1599 3895 1679 3962 εἷς
1709 3900 1802 3951 καὶ

228 3988 398 4057 μόνος
431 3988 602 4043 ἐστίν.

309 4097 328 4131 ι
376 4080 568 4150 Ἔλεγε
596 4080 652 4134 δὲ
676 4081 811 4150 πρὸς
838 4086 1049 4146 τάυτας
1067 4099 1079 4112 ⁸
1108 4082 1172 4136 Εἴ
1196 4100 1281 4147 τις
1313 4082 1453 4136 θέλει
1485 4083 1660 4135 ὀπίσω
1699 4101 1801 4153 μου

224 4174 430 4239 ἐλθεῖν,
458 4175 867 4245 ἀπαρνησάσθω
892 4177 1102 4241 ἑαυτὸν,
1130 4177 1225 4230 καὶ
1245 4178 1433 4248 ἀράτω
1458 4176 1548 4231 τὸν
1574 4178 1805 4247 σταυρὸν

224 4265 401 4320 αὐτοῦ
429 4265 549 4318 καθ’
568 4268 804 4338 ἡμέραν,
829 4270 921 4321 καὶ
945 4271 1310 4324 ἀκολουθείτω
1341 4289 1451 4343 μοι.
1491 4273 1587 4334 Ὃς
1606 4271 1714 4340 γὰρ
1741 4271 1805 4325 ἂν

227 4355 365 4424 θέλῃ
385 4357 484 4427 τὴν
504 4357 681 4427 ψυχὴν
706 4357 870 4413 αὑτοῦ
892 4359 1083 4422 σῶσαι,
1103 4360 1357 4413 ἀπολέσει
1380 4361 1573 4432 αὐτὴν,
1594 4360 1651 4426 ὃς
1671 4363 1715 4417 δ’
1741 4363 1805 4417 Ξιν

225 4449 477 4520 ἀπολέσῃ
499 4452 594 4521 τὴν
611 4451 787 4522 ψυχὴν
804 4451 967 4505 αὐτοῦ
983 4452 1167 4506 ἕνεκεν
1186 4454 1341 4524 ἐμοῦ,
1359 4448 1514 4518 οὗτος
1533 4457 1695 4511 σώσει
1712 4457 1808 4511 αὒ-

225 4542 352 4610 τήν.
381 4541 448 4594 Τί
468 4544 573 4613 γὰρ
594 4544 883 4611 ὠφελεῖται
904 4544 998 4598 ἀνθ
1009 4562 1188 4614 ρωπος
1211 4545 1479 4616 κερδήσας
1496 4547 1586 4600 τὸν
1604 4549 1806 4619 κόσμον

1903 3351 2054 3416 siliit,
2082 3360 2135 3403 et
2162 3347 2335 3402 factus
2361 3345 2601 3399 omnium
2637 3360 2717 3406 os,
2757 3332 2960 3396 fatetur
2990 3342 3137 3395 illum
3172 3355 3289 3393 esse
3316 3340 3474 3393 Chri-

1901 3453 2041 3498 stum
2095 3443 2211 3503 Dei,
2263 3440 2351 3509 qui
2386 3438 2514 3492 olim
2565 3437 2889 3506 prmdicatus
2936 3432 3132 3489 fuerat.
3169 3432 3282 3485 Non
3331 3432 3474 3484 enim

1903 3536 2038 3591 dixit
2064 3542 2294 3599 tantum,
2319 3532 2590 3589 Christum
2613 3530 2728 3596 Dei,
2754 3528 2871 3592 sed,
2891 3527 3167 3583 Christum
3185 3525 3332 3589 illum
3358 3523 3476 3590 Dei,

1904 3644 2021 3684 cum
2049 3626 2298 3688 articulo,
2326 3633 2383 3678 ut
2403 3624 2638 3679 declaret
2663 3622 2804 3692 quod
2833 3622 2946 3689 ipse
2976 3620 3045 3674 sit
3078 3620 3292 3689 proprie
3313 3619 3475 3672 Chri-

1904 3731 2019 3775 stus
2052 3721 2164 3775 Dei.
2192 3718 2342 3771 Multi
2375 3717 2519 3770 enim
2543 3719 2688 3771 unetl
2719 3715 2959 3777 fuerunt,
2986 3713 3080 3770 sed
3108 3712 3197 3768 ille
3228 3712 3477 3768 Christus

1906 3812 1997 3866 Dei
2033 3827 2171 3866 unus
2197 3821 2250 3866 et
2279 3809 2423 3866 solus
2453 3817 2556 3863 est.

1979 4079 2141 4133 Vens.
2172 4068 2367 4130 9.5-9.7.
2403 4092 2419 4125 ι
2460 4070 2682 4128 Dicebat
2710 4081 2888 4128 autem
2917 4070 2982 4125 ad
3006 4087 3193 4126 omnes
3225 4088 3239 4125 :
3273 4067 3329 4124 Si
3357 4070 3478 4140 quis

1906 4172 2019 4224 vult
2048 4179 2167 4238 post
2197 4185 2281 4224 me
2325 4167 2529 4230 venire,
2561 4167 2789 4236 abneget
2824 4165 3208 4235 semetipsum,
3239 4171 3293 4218 et
3330 4162 3481 4218 tollat

1905 4280 2120 4319 crucem
2158 4278 2310 4317 suam
2345 4259 2618 4330 quotidie,
2651 4269 2705 4313 et
2752 4267 3011 4329 sequatur
3046 4273 3151 4313 me.
3184 4256 3287 4324 Qui
3333 4257 3478 4311 enim

1907 4359 2137 4412 voluerit
2163 4356 2394 4409 animum
2430 4369 2580 4406 suam
2613 4351 2812 4405 salvam
2839 4352 3042 4414 facere,
3072 4350 3257 4419 perdet
3287 4350 3431 4404 illaut
3464 4366 3475 4379 ’

1908 4452 1998 4520 qui
2046 4463 2177 4503 vero
2210 4447 2502 4516 perdiderit
2547 4446 2782 4498 animam
2830 4458 2981 4499 suam
3022 4450 3240 4513 prOpter
3275 4461 3381 4507 me,
3435 4446 3479 4497 is

1909 4541 2111 4597 salvam
2155 4540 2314 4596 faciet
2360 4537 2530 4592 illam.
2565 4536 2706 4602 Quid
2762 4538 2903 4590 enim
2947 4535 3165 4606 prolicit
3208 4538 3402 4601 liotno,
3435 4538 3480 4589 si

222 4635 374 4699 ὅλον,
408 4634 597 4687 ἑαυτὸν
621 4635 677 4688 δὲ
705 4634 975 4696 ἀπολέσας
1002 4637 1033 4706 ἦ
1077 4636 1412 4708 ζημιωθείς;
1456 4639 1551 4702 Ὃς
1595 4639 1704 4708 γὰρ
1737 4640 1798 4693 ἂν

1910 4635 2147 4690 lucretur
2173 4633 2480 4686 universum
2512 4630 2792 4691 mundum,
2834 4642 2892 4682 se
2928 4640 3107 4682 autem
3148 4627 3319 4698 ipsum
3352 4643 3476 4697 per-

230 4724 574 4796 ἐπαισχυνθῇ
606 4743 672 4796 με
700 4727 794 4780 καὶ
822 4727 947 4791 τοὺς
978 4728 1142 4797 ἐμοὺς
1169 4728 1379 4797 λόγους,
1408 4729 1596 4782 τοῦτον
1624 4731 1652 4783 ὁ
1682 4730 1809 4796 Υἱὸς

228 4816 332 4869 τοῦ
392 4817 679 4886 ἀνθρώπου
724 4820 1256 4891 ἐπαισχυνθήσεται,
1287 4820 1416 4873 ὅταν
1457 4820 1585 4892 ἔλθῃ
1641 4825 1698 4875 ἐν
1741 4826 1808 4894 τῇ

232 4908 367 4982 δόξῃ
398 4909 563 4962 αὑτοῦ
590 4911 684 4962 καὶ
705 4910 800 4963 τοῦ
832 4911 1044 4981 Πατρὸς
1080 4912 1174 4965 καὶ
1204 4912 1311 4964 τῶν
1342 4912 1511 4980 ἁγίων
1539 4916 1807 4982 ἀγγέλων.

232 5001 399 5066 Λέγω
424 5000 530 5078 δὲνὺ
542 5004 631 5070 μῖν
656 5002 893 5072 ἀληθῶς,
916 5002 1022 5056 εἰσί
1047 5021 1191 5066 τινες
1217 5003 1327 5058 τῶν
1351 5000 1451 5058 ὦδε
1476 5005 1809 5076 ἑστηκότων,

233 5091 289 5145 οἳ
319 5092 382 5143 οὐ
410 5092 483 5161 μὴ
511 5092 811 5157 γεύσωνται
845 5092 1099 5153 θανάτου.
1124 5094 1226 5155 ἕως
1256 5093 1321 5147 ἂν
1346 5096 1502 5148 ἴδωσι
1526 5097 1626 5169 τὴν
1652 5097 1811 5165 βασι-

232 5183 393 5237 λείαν
416 5183 511 5237 τοῦ
537 5184 692 5238 Θεοῦ.
738 5202 754 5234 ι
800 5184 1014 5254 Ἐπειδὴ
1047 5184 1171 5255 περὶ
1192 5186 1389 5238 ἑαυτοῦ
1417 5182 1589 5251 εἶπεν,
1622 5189 1703 5241 ὅτι
1723 5188 1814 5241 Δεῖ

234 5277 333 5331 τὸν
374 5277 502 5329 Υίὸν
529 5276 625 5330 τοῦ
655 5275 941 5345 ἀνθρώπου
972 5276 1142 5328 πολλά
1176 5276 1391 5339 παθεῖν,
1430 5278 1684 5348 ἐπιφέρει
1717 5281 1813 5333 καὶ

238 5367 420 5421 κοινόν
452 5384 505 5420 τι
542 5369 634 5421 καὶ
668 5367 988 5434 καθολικδν,
1021 5369 1102 5421 ὅτι
1141 5369 1201 5421 οὐ
1240 5369 1398 5438 μόνος
1433 5368 1544 5438 ἐγὼ
1584 5371 1812 5425 θάνατον

239 5460 661 5530 ὕποστὴσομαι,
708 5451 845 5512 ἀλλά
891 5461 999 5530 γὰρ
1030 5462 1123 5514 καὶ
1153 5461 1353 5524 πάντες
1406 5462 1454 5513 οἱ
1501 5462 1813 5532 βουλόμενοι

236 5551 557 5608 ἀκολουθεῖν
609 5553 751 5622 ἐμοὶ,
788 5551 1094 5620 ὀφείλουσιν
1139 5556 1363 5617 ἑαυτοὺς
1409 5555 1810 5625 ἀπαρνεῖσθαι,

243 5644 523 5717 μηδεμίαν
556 5646 838 5699 κοινωνίαν
868 5646 1082 5716 ἔχοντες
1112 5648 1245 5717 πρδς
1292 5646 1390 5717 τὴν
1424 5649 1633 5718 σάρκα,
1678 5649 1813 5702 ἀλλὰ

240 5738 716 5807 καταφρονοῦντες
750 5738 978 5794 ἑαυτῶν.
1027 5739 1265 5809 Σταυρδν
1297 5738 1353 5792 δὲ
1397 5739 1629 5793 ἐνταῦθα
1667 5740 1813 5809 λέγει

242 5833 336 5884 τὲν
370 5830 600 5885 θάνατον
648 5831 742 5885 τὸν
787 5832 1177 5886 ἐπονείδιστονο
1216 5832 1400 5901 ἕτερος
1434 5831 1541 5901 γὰρ
1586 5832 1815 5895 θάνατος

245 5927 346 5979 οὐκ
371 5919 440 5995 ἦν
460 5922 633 5989 οὕτως
654 5923 836 5992 ἄδοξος
862 5927 935 5990 rb;
957 5928 983 5981 ὁ
1014 5926 1100 5980 διὰ
1128 5924 1380 5996 σταυροῦ.
1414 5924 1695 5979 Δείκνυσιν
1722 5922 1813 5979 οὖν

1912 4730 2022 4792 dat,
2060 4736 2152 4781 aut
2183 4726 2453 4794 iacturam
2495 4722 2753 4791 suiipsius
2785 4721 2982 4776 faciat?
3012 4720 3145 4775 Nam
3178 4735 3340 4789 quem
3375 4721 3478 4774 mei

1910 4819 2161 4890 puduerit
2191 4826 2244 4871 et
2276 4826 2514 4869 meorum
2547 4828 2881 4878 sermonum,
2920 4814 3063 4868 hunc
3091 4811 3264 4868 Filius
3310 4813 3485 4866 homi-

1910 4912 1998 4966 nis
2035 4909 2315 4964 erubescet
2344 4922 2464 4961 cum
2511 4906 2717 4961 venerit
2754 4905 2808 4959 iu
2842 4904 3124 4975 majestate
3152 4918 3250 4960 sua
3281 4914 3337 4958 et
3372 4905 3481 4956 Pa-

1916 5003 2050 5068 tris,
2085 5011 2139 5056 et
2180 5009 2491 5054 sanctorum
2539 4997 2875 5068 angelorum.
2926 4996 3057 5050 Dico
3101 5004 3282 5051 autem
3336 4997 3489 5051 vobis

1914 5108 2061 5159 vere,
2094 5092 2236 5163 quod
2266 5101 2393 5146 sunt
2418 5089 2639 5161 quidam
2671 5088 2760 5142 hic
2787 5097 3014 5150 stantes,
3043 5090 3134 5157 qui
3161 5104 3266 5144 non
3303 5101 3488 5160 gusta—

1914 5186 2049 5240 bunt
2083 5192 2347 5248 mortem,
2399 5185 2569 5236 donec
2614 5181 2829 5235 videant
2868 5196 3088 5250 regnum
3128 5181 3241 5236 Dei.
3285 5201 3302 5232 ι
3343 5182 3489 5250 Quo-

1915 5282 2059 5334 niam
2092 5281 2157 5334 de
2183 5280 2365 5348 seipso
2392 5276 2627 5341 dixerat,
2651 5274 2794 5345 quod
2819 5274 3064 5344 oporteat
3097 5274 3290 5330 Filium
3317 5278 3489 5331 homi-

1918 5374 2002 5428 nis
2039 5373 2203 5426 multa
2237 5375 2385 5442 pati,
2416 5374 2579 5428 infert
2610 5388 2897 5428 commune
2935 5369 3203 5442 quoddam
3234 5386 3296 5423 ac
3318 5385 3485 5440 gene-

1920 5468 2052 5528 rale,
2083 5464 2225 5533 quod
2261 5479 2364 5517 non
2402 5463 2548 5518 solus
2580 5478 2680 5534 ego
2715 5474 2943 5517 mortem
2980 5464 3280 5523 sustinebo,
3315 5464 3408 5514 sed
3438 5468 3492 5513 ct

1918 5573 2105 5611 omnes
2138 5558 2227 5627 qui
2269 5572 2356 5611 me
2397 5556 2584 5611 volunt
2621 5558 2798 5627 sequi,
2842 5555 3037 5610 debent
3076 5555 3285 5624 scipscs
3318 5554 3487 5607 abne-

1920 5664 2047 5717 gure
2070 5689 2083 5712 ,
2118 5646 2320 5701 nullam
2353 5647 2788 5701 communidnem
2824 5663 2946 5701 cum
2982 5661 3146 5701 carne
3189 5645 3447 5699 habentes
3472 5682 3487 5707 ,

1921 5743 2014 5795 sed
2066 5738 2425 5806 despicieutcs
2459 5738 2684 5807 seipsos.
2720 5736 2948 5793 Crucem
2992 5749 3169 5792 autem
3211 5734 3344 5791 dicit
3386 5735 3487 5788 huc

1920 5833 2041 5887 loco
2092 5841 2314 5886 mortem
2351 5832 2864 5901 contemptissimam
2905 5848 2918 5884 :
2962 5830 3099 5884 nulla
3147 5831 3288 5882 enim
3341 5844 3488 5883 mors

1925 5936 2031 5979 tam
2068 5922 2409 5993 despicabilis
2456 5922 2557 5979 fuit
2605 5924 2745 5980 sicut
2781 5922 2976 5979 crucis.
3020 5918 3266 5978 Ostendit
3308 5918 3487 5989 itaque
