3896 6452
500 452 607 526 819

1383 460 1957 521 THEOPHYLACTI
1993 462 2092 522 BU
2105 462 2406 521 LGARI/E
2446 454 2806 522 ARCHIEP.
3606 463 3687 531 8‘20

501 579 646 648 quod
675 576 718 630 si
747 576 867 643 quis
898 575 1125 632 voluerit
1160 577 1276 649 ejus
1308 577 1602 643 discipulus
1627 593 1769 642 esse,
1806 579 1942 632 mori
1973 580 2068 633 dc-

2176 579 2255 632 ὅτι
2289 578 2443 642 εἴτις
2475 577 2616 632 θέλει
2661 576 2908 648 μαθητὴς
2931 574 3097 628 αὐτοῦ
3146 569 3287 629 εἶναι
3312 613 3327 640 ,
3381 574 3690 643 ἀποθνήσκειν

504 670 591 723 bet
616 682 719 721 non
751 666 985 734 gloriosa
1018 678 1226 735 morte,
1268 670 1360 724 sed
1392 669 1784 740 contemptibili
1805 711 1820 735 ,
1856 679 1908 725 et
1936 670 2074 726 sicut

502 760 892 816 condemnatus
921 761 1116 816 occidi.
1150 761 1414 828 Quoniam
1442 769 1621 817 autem
1658 761 1813 816 multi
1847 761 2072 831 ignomi-

507 850 657 906 niosa
680 836 850 908 niorte
885 853 1226 917 occiduntur,
1254 855 1346 909 sed
1382 856 1522 909 sicut
1556 854 1791 910 latrones
1821 870 1886 907 ac
1910 854 2074 909 male;

507 938 764 1008 faclores,
834 934 1119 1014 propteréa
1181 944 1371 1014 adjicit
1409 945 1544 1011 hoc,
1590 956 1643 999 et
1678 947 1933 1014 sequatur
1964 959 2071 1012 me,

503 1022 604 1088 hoc
654 1045 761 1098 est,
796 1049 1009 1090 omnem
1046 1036 1298 1091 virtutem
1335 1046 1604 1092 exerceat.
1654 1036 1753 1104 Qui
1795 1038 1937 1092 enim
1972 1052 2072 1093 vo-

501 1122 662 1178 luerit
682 1124 918 1178 animam
948 1140 1098 1180 suam
1128 1140 1349 1181 servare
1374 1166 1388 1191 ,
1421 1126 1606 1194 perdet
1641 1125 1809 1190 illam,
1838 1127 1937 1182 hoc
1965 1135 2067 1194 est,

503 1216 591 1281 qui
625 1214 859 1270 voluerit
885 1216 1067 1272 vivere
1093 1217 1244 1287 justa
1286 1219 1569 1282 mundum,
1606 1217 1695 1273 hic
1724 1218 1920 1273 occidit
1953 1218 2072 1273 aui-

504 1321 668 1361 mam.
696 1304 977 1362 Erubescit
1009 1308 1286 1365 Christum
1319 1309 1410 1380 qui
1444 1310 1575 1365 dicit
1607 1327 1621 1365 :
1651 1310 1929 1379 Quomodo
1953 1327 2074 1368 cre-

503 1399 625 1450 dam
665 1400 719 1453 in
750 1399 1067 1455 cruciﬁxum
1109 1410 1164 1455 et
1205 1398 1421 1456 illusum
1452 1402 1657 1458 Deum?
1698 1412 1753 1460 et
1794 1419 2075 1460 sermones

504 1489 645 1545 illius
679 1491 969 1560 erubescit,
987 1494 1082 1562 qui
1112 1492 1383 1562 Evangelii
1416 1493 1816 1564 simplicitatem
1846 1496 2069 1552 irridet:

505 1583 665 1637 talem
707 1593 886 1639 autem
913 1586 1198 1643 erubescet
1238 1593 1292 1641 et
1331 1579 1594 1643 Dominus
1638 1589 1693 1643 in
1736 1588 1903 1658 gloria
1941 1605 2070 1655 sua,

504 1677 607 1731 hoc
632 1684 737 1741 est,
759 1677 815 1732 in
840 1679 1077 1733 secundo
1100 1679 1356 1735 adventu.
1381 1681 1536 1748 Quod
1557 1688 1738 1736 autem
1763 1682 1914 1748 dicit,
1935 1683 2075 1739 hunc

502 1781 719 1823 sensum
752 1769 911 1825 habet
937 1790 949 1823 :
981 1775 1123 1826 sient
1151 1772 1195 1828 si
1221 1771 1343 1843 quis
1365 1772 1748 1841 paterfamilias
1768 1774 1930 1831 habet
1958 1790 2074 1833 ser-

501 1875 625 1913 vum
653 1863 875 1929 malum,
907 1864 1180 1920 erubescit
1210 1865 1489 1922 nominare
1521 1867 1669 1921 illum
1702 1882 1914 1923 servum
1944 1884 2071 1939 pro-

502 1955 703 2020 prium,
759 1955 833 2010 ita
887 1967 942 2011 e't
995 1970 1116 2026 ego,
1164 1958 1376 2028 inquit,
1429 1960 1746 2017 erubescam
1793 1961 2072 2016 nominare

503 2060 719 2100 servum
773 2058 950 2101 meum
1002 2062 1127 2103 eum
1167 2050 1257 2119 qui
1295 2052 1644 2119 abnegaverit
1693 2067 1799 2108 me.
1836 2052 1899 2108 Et
1948 2053 2073 2123 quia

505 2152 668 2206 supra
696 2136 832 2194 dixit
868 2155 884 2197 :
913 2137 1014 2205 Qui
1058 2141 1234 2209 perdit
1265 2142 1502 2196 animam
1541 2159 1726 2210 suam,
1757 2145 1983 2200 salvabit
2010 2146 2074 2200 il-

505 2229 610 2282 lam
642 2243 662 2283 :
683 2229 871 2286 volens
890 2240 1193 2288 monstrare
1221 2250 1467 2305 quaenam
1495 2237 1632 2292 bona
1669 2238 1804 2293 tales
1834 2256 2076 2296 merean-

506 2320 615 2386 tur,
649 2321 779 2376 dicit
813 2338 827 2374 :
858 2318 995 2378 Sunt
1020 2324 1180 2399 335
1210 2326 1429 2396 quidam
1463 2343 1530 2385 ex
1559 2329 1646 2385 his
1680 2334 1770 2403 qui
1806 2332 1894 2388 hic
1924 2338 2073 2399 sunt,

504 2413 600 2481 qui
644 2428 751 2468 non
793 2415 1093 2472 morientur
1121 2418 1293 2474 donec
1319 2419 1549 2475 viderint
1581 2437 1802 2493 regnum
1830 2421 1944 2491 Dei,
1974 2426 2077 2480 hoc

504 2510 609 2569 est,
641 2504 887 2573 gloriam.
920 2507 975 2561 in
1024 2520 1129 2579 qua
1167 2508 1337 2564 futuri
1370 2519 1496 2567 sunt
1532 2510 1685 2580 justi.
1737 2512 1847 2568 lloc
1896 2524 2075 2569 autem

506 2594 643 2649 dixit
677 2597 741 2651 de
784 2599 1257 2670 transﬁguratione
1303 2618 1424 2658 sua.
1467 2602 1896 2676 Transﬁguratio
1930 2606 2074 2660 cnim

509 2690 675 2757 ﬁgura
721 2689 821 2745 fuit
849 2691 1044 2748 futura:
1070 2693 1254 2764 gloriae
1286 2709 1302 2749 :
1331 2705 1385 2751 et
1417 2698 1558 2751 sicut
1584 2698 1634 2752 in
1660 2698 1761 2752 hac
1790 2699 1947 2755 Jesus
1974 2700 2076 2753 mi-

506 2782 750 2839 rahiliter
776 2785 1087 2856 lulguravit,
1114 2788 1188 2842 ita
1221 2790 1337 2857 pari
1368 2787 1540 2844 turma
1572 2799 1702 2846 tunc
1728 2798 1782 2846 et
1811 2791 1941 2862 justi
1967 2792 2075 2847 ful-

504 2875 727 2945 gebunt.
744 2875 881 2931 Sunt
901 2877 1067 2947 igitur
1082 2879 1320 2949 quidam,
1337 2878 1801 2950 inquit,.luannes,
1819 2880 2075 2950 Iacobus,

503 2977 561 3024 et
600 2966 814 3036 Petrus,
843 2972 934 3041 qui
976 2986 1081 3028 non
1110 2973 1629 3044 praeoccupabuntur
1668 2988 1861 3042 morte,
1904 2976 2077 3033 donec

505 3061 741 3118 viderint
768 3064 821 3119 in
844 3080 948 3134 qua
968 3064 1140 3135 gloria
1161 3066 1324 3122 futuri
1353 3077 1478 3122 sunt
1502 3068 1593 3138 qui
1618 3083 1703 3125 me
1726 3069 2072 3126 conﬁtentur.

503 3152 768 3211 Viderunt
803 3167 982 3214 autem
1017 3158 1194 3214 hocin
1230 3160 1722 3230 traustiguratione.

575 3421 744 3477 Vens.
769 3421 960 3477 2846.
996 3441 1015 3476 ι
1049 3411 1269 3479 Factum
1305 3431 1391 3480 est
1415 3436 1592 3480 autem
1620 3436 1737 3495 post
1766 3428 1880 3483 haec
1913 3426 2073 3485 verba

501 3510 621 3567 fere
650 3511 843 3566 diebus
868 3522 1013 3579 octo,
1050 3521 1106 3568 et
1137 3516 1432 3583 assumpsit
1470 3514 1688 3571 Petrum
1720 3525 1772 3571 et
1813 3516 2075 3575 Joannem

504 3612 560 3658 et
584 3601 870 3669 Jacobum,
912 3612 967 3659 et
997 3604 1243 3660 ascendit
1280 3604 1335 3660 in
1385 3615 1622 3662 montem
1669 3618 1728 3663 ut
1774 3618 1974 3666 oraret.
2014 3612 2079 3667 Et

505 3693 647 3748 facta
682 3702 788 3758 est,
823 3692 951 3750 dum
998 3698 1203 3763 oraret,
1242 3695 1454 3763 species
1484 3696 1664 3753 vultus
1708 3697 1825 3766 ejus
1865 3699 1991 3764 alia,
2021 3709 2077 3757 et

506 3786 734 3841 vestitus
775 3785 892 3857 ejus
921 3784 1077 3843 albus
1120 3797 1175 3843 et
1222 3787 1509 3859 refulgens.
1562 3789 1627 3844 Et
1664 3805 1790 3847 ecce
1826 3792 1932 3847 duo
1974 3793 2076 3847 viri

505 3876 863 3947 loquebantur
908 3894 1031 3934 cum
1075 3879 1188 3946 illo,
1239 3880 1330 3950 qui
1382 3888 1537 3936 erant
1575 3877 1753 3938 Moses
1800 3890 1853 3938 et
1901 3882 2069 3951 Elias,

508 3969 599 4038 qui
627 3970 728 4025 visi
773 3971 828 4026 in
862 3971 1147 4042 majestate
1181 3972 1432 4029 dicebant
1463 3987 1742 4028 excessum
1772 3974 1889 4045 ejus
1916 3989 2074 4043 Quem

504 4062 877 4132 completurus
945 4072 1083 4119 erat.
1140 4061 1334 4121 Petrus
1387 4078 1517 4119 vero
1562 4072 1616 4119 et
1665 4065 1756 4135 qui
1812 4081 1932 4120 cum
1986 4065 2078 4121 illo

502 4163 681 4221 erant,
715 4155 923 4225 gravati
948 4164 1104 4212 erant
1132 4170 1345 4213 somno.
1381 4155 1692 4226 Experrecti
1724 4164 1905 4213 autem
1931 4158 2079 4215 vide-

506 4252 631 4301 runt
656 4248 993 4319 maiestatem
1019 4248 1156 4319 ejus,
1190 4257 1245 4305 et
1270 4249 1404 4306 duos
1427 4251 1573 4307 viros
1596 4252 1686 4322 qui
1716 4254 1930 4307 stabant
1952 4266 2075 4307 cum

504 4340 619 4394 illo.
675 4338 742 4395 Et
788 4340 989 4396 factum
1038 4351 1121 4397 est
1169 4355 1288 4397 cum
1339 4342 1681 4399 discederent
1728 4342 1798 4398 ab
1841 4342 1953 4411 illo,
2001 4343 2079 4398 ait

506 4431 696 4487 Petrus
733 4433 801 4489 ad
836 4426 1047 4500 Iesum,
1081 4433 1410 4504 Praeceptor,
1465 4438 1663 4491 bonum
1714 4444 1798 4492 est
1844 4452 1942 4491 nos
1991 4437 2078 4493 hic

504 4538 647 4591 esse,
695 4532 749 4581 et
791 4522 1058 4590 faciamus
1103 4525 1203 4581 tria
1254 4526 1622 4592 tabernacula,
1660 4540 1823 4581 unum
1862 4518 1979 4590 tibi,
2023 4537 2078 4582 et

2173 668 2378 739 ὀφείλει
2411 670 2511 724 οὐκ
2556 667 2765 734 ἔνδοξον
2797 666 3052 731 θάνατον,
3081 665 3196 719 ἀλλ’
3248 658 3614 732 ἐπονείδιστον,
3636 672 3694 734 ὡς

2175 761 2505 831 κατάκριτος
2535 760 2914 831 φονευόμενος.
2963 759 3019 812 Ἐ
3030 758 3117 811 ml
3141 757 3197 811 δέ
3221 756 3406 811 πολλοὶ
3429 758 3694 825 φονεύονται

2176 853 2275 918 μὲν
2304 852 2703 917 ἐπονειδίστως,
2727 850 2843 906 ἀλλ’
2875 851 2953 915 ὼς
2972 850 3172 922 λῃσταὶ
3200 848 3299 903 καὶ
3321 851 3605 913 κακοποιοὶ,
3628 852 3696 908 διὰ

2172 945 2330 999 τοῦτο
2356 943 2664 1017 προσέθηκε
2695 944 2778 1008 τὸ,
2814 942 2924 996 Kal
2950 940 3314 996 ἀκολουθείτω
3338 956 3446 1010 μοι,
3478 943 3695 1010 τουτέστι,

2174 1033 2352 1084 πᾶσαν
2388 1032 2588 1103 ἀρετὴν
2615 1030 2983 1102 μετερχέπθω.
3013 1031 3109 1093 ’ος
3135 1029 3244 1103 γὰρ
3275 1029 3343 1084 ἂν
3368 1028 3491 1101 θέλῃ
3515 1029 3599 1100 τὴν
3620 1031 3697 1100 clau-

2175 1122 2275 1195 χὴν
2298 1122 2461 1177 αὑτοῦ
2491 1123 2690 1188 σῶσαι,
2723 1122 2979 1177 ἀπολέσει
3015 1120 3185 1191 αὐτὴν
3205 1163 3221 1187 ,
3254 1121 3548 1183 τουτέστιν,
3576 1121 3625 1183 ὃς
3646 1123 3696 1176 ἂν

2177 1215 2305 1289 θέλῃ
2350 1215 2512 1286 ζῆσαι
2561 1214 2705 1269 κατά
2746 1212 2973 1284 κόσμον,
3012 1207 3169 1276 οὗτος
3214 1209 3565 1266 ἀποθανεῖται
3592 1214 3700 1267 κατὰ

2173 1307 2373 1379 ψυχήν.
2410 1300 2829 1379 Ἐπαισχύνεται
2852 1307 2908 1361 δέ
2936 1306 3032 1361 τὸν
3060 1305 3296 1376 Χριστὸν
3316 1344 3333 1369 ,
3366 1305 3395 1357 ὁ
3420 1304 3595 1372 λέγων,
3618 1306 3699 1369 ὅτε,

2175 1399 2299 1461 Πῶς
2336 1398 2612 1454 πιστεύσω
2655 1395 3057 1469 ἐσταυρωμένῳ
3076 1394 3193 1465 Θεῷ
3223 1395 3323 1448 καὶ
3352 1393 3700 1464 ὲμπαιχθὲντι;

2176 1491 2311 1546 ἀλλά
2344 1492 2440 1545 καὶ
2469 1493 2593 1555 τοὺς
2614 1490 2780 1545 αὐτοῦ
2809 1490 3001 1560 λόγους
3033 1485 3449 1557 ἐπαισχύνεται,
3472 1486 3501 1539 ό
3525 1487 3609 1555 τὴν
3631 1488 3702 1539 τοῦ

2175 1584 2509 1653 Εὑαγγελίου
2544 1583 2811 1637 ἰδιωτείαν
2840 1580 3137 1650 διασύρων.
3171 1578 3430 1632 Τοιοῦτον
3460 1576 3545 1631 οὖν
3579 1580 3701 1632 ἐπαι·

2177 1675 2538 1746 σχυνθήσεται
2575 1666 2842 1743 όΚύριος
2877 1674 2937 1726 ἐν
2964 1675 3031 1743 τῇ
3063 1671 3190 1743 δόξῃ
3217 1668 3391 1723 αὑτοῦ
3419 1708 3435 1733 ,
3472 1668 3699 1734 τουτέστι,

2173 1767 2239 1836 τῇ
2273 1765 2500 1838 δευτέρᾳ
2539 1764 2827 1837 παρουσίᾳ.
2865 1764 2931 1816 ’0
2977 1762 3035 1816 δέ
3082 1762 3233 1831 λέγει
3278 1760 3510 1814 τοιοῦτόν
3554 1761 3695 1813 ἐστιν·

2176 1858 2389 1928 Ὥσπερ
2432 1859 2526 1913 ἐάν
2569 1875 2653 1921 τις
2678 1856 3064 1926 οἰκοδεσπότης
3108 1855 3209 1927 ἔχῃ
3255 1853 3442 1908 δοῦλον
3490 1852 3697 1923 πονηρδν,

2175 1950 2491 2020 αἰσχύνεται
2517 1949 2782 2020 ὀνομάσαι
2810 1947 3001 2002 τοῦτον
3029 1946 3215 2002 δοῦλον
3240 1948 3462 2009 οἰκεῖον,
3488 1943 3611 1998 οὕτω
3632 1945 3701 1998 καὶ

2175 2037 2308 2107 ἐγὼ,
2328 2039 2512 2108 φησὶν,
2532 2035 2965 2109 αἰσχυνθήσομαι
2985 2035 3252 2104 ὀνομάσαι
3273 2035 3458 2089 δοῦλον
3482 2034 3613 2105 ἐμὸν,
3633 2034 3699 2087 τὶν

2176 2129 2553 2200 ἀρνησάμενόν
2599 2146 2687 2201 με.
2753 2129 2906 2183 Ἐπεὶ
2954 2128 3012 2182 δὲ
3065 2122 3219 2181 εἶπεν
3256 2128 3392 2191 ἂνω,
3432 2126 3507 2179 ὃτι
3534 2127 3616 2188 ’ος
3652 2126 3700 2178 ἄν

2176 2220 2414 2292 ἀπολέσῃ
2438 2221 2535 2292 τὴν
2554 2221 2730 2292 ψυχὴν
2753 2220 2940 2286 αὑτοῦ,
2963 2219 3128 2273 σώσει
3157 2218 3356 2289 αὐτὴν,
3373 2216 3535 2270 θέλων
3551 2215 3697 2279 δεῖξαι,

2177 2313 2344 2366 ποίων
2373 2312 2592 2382 ἀγαθῶν
2630 2311 3009 2378 καταξιοῦνται
3033 2315 3081 2366 οἱ
3108 2311 3367 2376 τοιοῦτοι,
3403 2308 3554 2379 φησίν
3573 2325 3587 2339 ’
3606 2307 3697 2360 Εἰσί

2177 2421 2319 2467 τινες
2339 2403 2447 2459 τῶν
2473 2398 2594 2470 ὧδε,
2625 2404 2677 2457 οἳ
2698 2405 2760 2458 οὐ
2788 2408 2863 2476 μὴ
2886 2404 3240 2459 ἀποθάνωσιν
3265 2404 3371 2466 ἕως
3393 2401 3458 2455 ἂν
3482 2401 3611 2456 ἴδωσι
3628 2398 3699 2468 τὴν

2180 2494 2457 2566 βασιλείαν
2482 2494 2579 2548 τοῦ
2611 2495 2745 2549 Θεοῦ
2772 2538 2787 2562 ,
2817 2496 3102 2564 τουτέστι,
3135 2498 3237 2564 τὴν
3267 2492 3428 2558 δόξαν
3458 2494 3511 2546 ἐν
3606 2492 3701 2562 μὲλ-

2175 2586 2358 2639 λουσιν
2403 2586 2623 2640 ἔσεσθαι
2661 2589 2709 2639 οἱ
2740 2585 2960 2641 δίκαιοι.
2997 2585 3170 2639 Τοῦτο
3196 2585 3263 2638 .δέ
3306 2582 3430 2638 εἶπε
3477 2583 3592 2651 περὶ
3626 2582 3696 2651 τῆς

2180 2677 2678 2751 μεταμορφώσεως.
2719 2679 2785 2733 Ἦ
2835 2678 2942 2749 γὰρ
2996 2677 3425 2749 μεταμόρφωσις
3464 2674 3611 2738 τύπος
3651 2668 3697 2741 ἦν

2175 2773 2277 2841 τῆς
2303 2770 2604 2843 μελλούσης
2624 2770 2736 2826 ἀνω
2755 2770 2934 2838 δόξης,
2954 2771 3048 2824 καὶ
3070 2769 3224 2824 ὥσπε
3234 2786 3266 2839 ρ
3290 2771 3349 2821 ἐν
3366 2767 3526 2838 ταύτῃ
3546 2767 3697 2835 harpa-

2175 2866 2276 2936 ψεν
2303 2865 2333 2917 ό
2372 2862 2580 2934 Ἰησοῦς
2612 2863 2933 2934 παραδόξως
2954 2904 2969 2928 ,
3004 2861 3179 2925 οὕτως
3223 2861 3501 2929 ἀναλόγως
3531 2860 3632 2912 τότε
3661 2858 3697 2909 oi

2174 2957 2374 3011 δίκαιοι
2398 2953 2721 3026 λάμψουσιν.
2753 2954 2906 3007 Εἰσὶν
2941 2952 3054 3020 οὖν,
3081 2953 3241 3023 φησι,
3270 2952 3439 3016 τινὲς,
3474 2949 3695 3017 Ἰωάννης.

2177 3046 2382 3116 Πέτρος
2408 3045 2504 3097 καὶ
2548 3042 2827 3106 Ἰάκωϐος,
2864 3043 2915 3099 οἶ
2938 3043 2998 3096 οὐ
3031 3040 3106 3112 μὴ
3130 3042 3417 3111 φθάσωσιν
3436 3039 3698 3099 ἀποθανεῖν,

2177 3138 2283 3200 ἐως
2319 3137 2385 3191 ἂν
2428 3138 2613 3192 ῐδωσιν
2645 3136 2703 3189 ἐν
2734 3135 2863 3205 ποίᾳ
2904 3134 3030 3206 δόξῃ
3075 3135 3298 3188 ἔσονται
3329 3134 3381 3186 οἱ
3426 3131 3520 3203 ἐμὲ
3558 3129 3701 3196 ὁμολο-

2180 3230 2428 3296 γοῦντες.
2458 3230 2637 3284 Ἴδωσι
2666 3228 2722 3282 δέ
2750 3227 2907 3282 τοῦτο
2936 3229 2993 3279 ἐν
3017 3225 3095 3296 τῷ
3127 3225 3311 3297 καιρῷ
3342 3225 3439 3295 τῆς
3477 3237 3698 3295 μεταμορ-

2182 3322 2428 3393 φὼσεως.

2258 3432 2275 3463 ι
2301 3410 2544 3481 Ἐγένετο
2574 3411 2631 3466 δέ
2667 3409 2807 3482 μετά
2838 3409 2964 3472 τοὺς
2985 3409 3176 3477 λόγους
3201 3406 3429 3471 τούτους
3450 3404 3569 3458 ὡσεὶ
3592 3400 3696 3473 ἡμὲ-

2184 3522 2274 3577 ραι
2302 3503 2466 3570 ὀκτὼ,
2508 3503 2604 3558 καὶ
2662 3502 2996 3574 παραλαϐὼν
3060 3500 3287 3572 Πέτρον,
3328 3498 3425 3553 καὶ
3474 3495 3697 3561 Ἰωάννην.

2181 3598 2276 3651 καὶ
2317 3595 2595 3659 Ἰάκωϐον,
2627 3594 2798 3664 ἀνέϐη
2826 3595 2907 3657 είς
2935 3593 2998 3648 τό
3024 3593 3150 3664 ὅρος
3179 3588 3586 3662 προσεύξασθαι.
3615 3583 3699 3640 Kal

2178 3688 2415 3756 ἐγένετο,
2478 3687 2534 3739 ἐν
2572 3685 2649 3756 τῷ
2687 3671 3103 3755 προσεύχεσθαι
3137 3681 3325 3746 αὑτὸν,
3357 3679 3418 3732 τὸ
3468 3672 3590 3737 εἶδος
3628 3671 3696 3724 τοῦ

2178 3780 2473 3851 προσώπου
2504 3777 2668 3831 αὑτοῦ
2700 3777 2911 3846 ἕτερον,
2940 3775 3032 3828 καὶ
3057 3776 3085 3827 ὁ
3109 3770 3407 3843 ἱματισμὸς
3434 3764 3581 3822 αὐτοῦ
3608 3764 3699 3815 λευ-

2179 3876 2273 3937 κὸς
2302 3872 2712 3943 ἐξαστράπτων.
2769 3869 2879 3921 Kal
2923 3866 3032 3920 ἰδοὺ
3080 3863 3272 3936 ἄνδρες
3295 3861 3391 3915 δύο
3435 3856 3697 3913 συνελάλονν

2176 3966 2347 4037 αὐτῷ,
2398 3965 2592 4026 οἵτινες
2620 3958 2759 4033 ἦσαν
2780 3961 2985 4030 Μωσῆς
3005 3959 3099 4013 καὶ
3132 3956 3345 4041 Ἠλίας,
3397 3952 3446 4008 οἳ
3492 3950 3696 4041 ὀφθέντες

2176 4062 2235 4115 ἐν
2265 4058 2413 4131 δόξῃ,
2470 4056 2656 4125 ελεγον
2687 4056 2786 4122 τὴν
2814 4052 2992 4120 ἔξοδον
3015 4050 3205 4115 αὐτοῦ,
3247 4050 3318 4119 ἦν
3374 4045 3555 4118 ἔμελλε
3595 4040 3696 4131 πλη-

2182 4148 2308 4223 ροῦν
2337 4128 2393 4203 ἐν
2439 4146 2816 4220 Ἰερουσαλήμ.
2848 4146 2907 4198 ’0
2938 4144 2994 4196 δὲ
3027 4143 3231 4212 Πέτρος
3256 4142 3355 4194 καὶ
3381 4140 3430 4194 οί
3460 4137 3546 4191 σὺν
3564 4128 3695 4223 αὐτῷ,

2178 4216 2317 4312 ἦσαν
2351 4216 2722 4310 βεϐαρημένοι
2753 4234 2907 4305 ὕπνῳ
2926 4275 2939 4288 .
2970 4232 3512 4305 Διαγρηγορὴσαντες
3557 4225 3621 4290 δὲ,
3640 4216 3697 4274 εἱ·

2179 4331 2267 4384 δον
2320 4331 2420 4400 τὴν
2480 4329 2639 4394 δόξαν
2703 4324 2894 4381 αὐτοῦ.
2934 4327 3043 4380 Kal
3087 4325 3215 4387 τοὺς
3262 4322 3361 4377 δύο
3388 4321 3571 4392 ἄνδρας
3602 4315 3695 4374 10"»;

2181 4421 2524 4485 συνεστῶτας
2553 4419 2703 4490 αὐτῷ
2724 4436 2737 4450 ·
2765 4419 2859 4473 καὶ
2889 4418 3106 4486 ἐγένετο
3140 4419 3198 4471 ἐν
3226 4416 3307 4486 τῷ
3330 4405 3694 4483 διαχωρίζεσθαι

2180 4512 2374 4576 αὐτοὺς
2409 4511 2505 4564 ἀπ’
2551 4508 2740 4576 αὐτοῦ,
2763 4508 2916 4561 εἶπεν
2944 4511 2971 4561 ό
2992 4508 3199 4575 Πέτρος
3224 4505 3363 4577 πρὸς
3382 4504 3472 4558 τὸν
3492 4495 3690 4571 Ἰησοῦν”

505 4633 673 4671 unum
703 4616 860 4684 Mosi,
892 4628 945 4674 et
973 4634 1139 4674 unum
1190 4618 1339 4685 Elim,
1392 4617 1639 4674 nesciens
1677 4619 1806 4686 quid
1846 4620 2069 4677 diceret.

2177 4603 2497 4670 Ἐπιστάτα,
2527 4603 2691 4657 καλόν
2729 4607 2875 4656 ἐστιν
2905 4602 3052 4672 ἡμᾶς
3098 4592 3201 4656 ὧδε
3235 4594 3401 4663 εἶναι,
3452 4595 3538 4650 καὶ
3569 4589 3692 4686 conja

505 4708 627 4764 ll:ec
655 4719 836 4763 autem
870 4709 959 4764 illo
997 4709 1250 4781 loquente
1279 4708 1419 4764 facta
1456 4718 1540 4765 est
1571 4709 1764 4776 nubes,
1801 4720 1852 4764 ct
1884 4711 2075 4767 obum-

503 4802 681 4858 bravit
726 4810 841 4860 eos.
900 4798 1220 4859 Timuerunt
1269 4812 1449 4860 autem
1499 4806 1825 4861 intrantibus
1871 4804 1974 4860 illis
2021 4805 2073 4860 in

505 4893 697 4949 nubem
732 4910 748 4949 :
783 4903 839 4951 et
868 4906 967 4950 vox
1002 4894 1142 4951 facta
1174 4905 1256 4951 est
1285 4897 1352 4952 de
1374 4895 1515 4952 nube
1536 4938 1553 4964 ,
1596 4900 1780 4954 dicens
1809 4915 1824 4952 :
1862 4896 1959 4951 llic
1991 4904 2076 4952 est

500 4968 673 5040 Filius
712 4996 864 5041 meus
913 4985 1165 5054 dilecws,
1200 4986 1375 5056 ipsum
1418 4987 1619 5043 audite.
1652 4986 1720 5042 Et
1752 4988 1878 5042 dum
1924 4986 2077 5041 ﬁeret

502 5094 629 5145 vos,
663 5079 916 5133 iuventus
960 5086 1046 5132 est
1073 5074 1229 5135 Jesus
1261 5076 1427 5144 solus,
1464 5087 1520 5133 et
1555 5079 1655 5148 ipsi
1682 5088 1986 5143 tacuerunt,
2018 5091 2075 5134 et

504 5170 709 5226 nemini
744 5169 999 5225 dixerunt
1041 5169 1093 5225 in
1135 5169 1244 5227 illis
1293 5168 1483 5225 diebus
1530 5169 1822 5239 quidquam
1874 5183 1941 5224 ex
1991 5169 2075 5224 his

503 5269 625 5333 qua:
664 5261 934 5317 viderant.
974 5279 994 5314 ι
1033 5259 1316 5317 Matthaaus
1361 5261 1492 5315 dicit
1522 5276 1615 5316 sex
1655 5261 1771 5314 dies
1815 5262 2073 5316 transisse

503 5356 628 5425 post
676 5360 960 5410 sermones
1002 5353 1208 5420 hos,‘et
1255 5364 1386 5408 tunc
1419 5344 1601 5407 Jesum
1661 5350 1968 5405 ascendisse
2019 5350 2072 5404 in

503 5451 764 5501 montem.
809 5444 987 5502 Lucas
1033 5455 1212 5502 autem
1257 5444 1392 5498 dicit
1439 5452 1562 5499 octo
1606 5442 1886 5497 transisse.
1936 5441 2071 5497 Nam

505 5535 593 5588 ille
627 5535 771 5591 solas
800 5531 917 5591 dies
950 5524 1311 5591 intermedias'
1331 5533 1462 5590 dicit
1496 5551 1510 5590 ;
1539 5532 1712 5589 Lucas
1751 5542 1929 5587 autem
1968 5548 2071 5588 non

504 5628 853 5683 iutermedias
887 5627 1052 5693 solas,
1097 5626 1190 5681 sed
1235 5635 1293 5680 et
1321 5625 1459 5683 diem
1501 5639 1605 5695 qua
1635 5625 1764 5679 dicti
1812 5634 1937 5679 sunt
1963 5639 2076 5679 ser-

500 5724 692 5772 mdues
750 5717 846 5783 illi,
893 5726 949 5772 et
994 5716 1135 5772 diem
1180 5730 1285 5785 qua
1334 5714 1474 5768 facta
1524 5723 1607 5767 est
1650 5715 2071 5783 transliguratio.

500 5798 810 5880 Assumpsit
853 5817 1032 5865 autem
1071 5816 1181 5862 tres
1230 5805 1375 5861 solos
1422 5821 1436 5861 :
1476 5802 1718 5870 Petrum,
1780 5815 1963 5873 utpote
2014 5819 2073 5859 se

502 5899 837 5972 diligentem,
899 5899 1162 5956 Joannem
1200 5908 1403 5957 autem.
1447 5905 1505 5951 ut
1534 5912 1654 5952 eum
1695 5912 1853 5966 quem
1887 5897 2073 5967 dilige-

2180 4708 2361 4765 σωμεν
2395 4695 2600 4765 σκηνὰς
2626 4697 2798 4764 τρεῖς,
2832 4691 2962 4760 μίαν
2986 4693 3089 4757 σοὶ,
3126 4691 3222 4744 καὶ
3261 4690 3389 4761 μίαν
3421 4680 3692 4744 Menesi.le

2181 4789 2312 4861 μίαν
2361 4787 2542 4858 Ἠλίᾳ,
2576 4786 2651 4858 μὴ
2697 4786 2851 4850 εἰδὼς
2880 4786 3098 4854 δλέγει.
3127 4785 3319 4841 Ταῦτα
3358 4784 3412 4839 δὲ
3450 4778 3590 4836 αὑτοῦ
3630 4775 3692 4826 λέ-

2175 4898 2383 4951 γοντος,
2408 4880 2623 4949 ἐγένετο
2653 4880 2850 4949 νεφέλη
2875 4881 2971 4933 καὶ
2993 4879 3324 4932 ἐπεσκίασεν
3346 4873 3547 4936 αὐτούς.
3570 4870 3689 4937 Ἐφθε

2177 4972 2421 5045 ϐήθησαν
2453 4972 2511 5026 δέ
2551 4973 2609 5025 ἐν
2641 4971 2717 5041 τῷ
2757 4971 2999 5033 ἐκείνους
3024 4969 3286 5024 εἰσελθεῖν
3322 4971 3400 5031 είς
3442 4967 3532 5036 τὴν
3571 4959 3689 5027 νεφέ-

2172 5064 2294 5138 λην,
2328 5065 2421 5118 καὶ
2466 5063 2618 5134 φωνὴ
2654 5064 2870 5131 ἐγένετο
2902 5065 2966 5116 ἐκ
3009 5062 3109 5132 τῆς
3154 5061 3421 5142 νεφέληςη
3464 5058 3686 5125 λέγουσιν

2175 5152 2343 5222 Οὗτός
2371 5159 2518 5210 ἐστιν
2541 5158 2570 5210 ό
2610 5155 2739 5218 Υἱός
2780 5171 2879 5224 μου
2909 5157 2936 5207 ὁ
2962 5153 3266 5222 ἀγαπητὸς,
3298 5151 3460 5207 αύτοῦ
3487 5146 3683 5205 ἀκούετε.

2176 5251 2284 5304 Καὶ
2321 5251 2379 5301 ἐν
2419 5246 2496 5317 τῷ
2523 5248 2775 5315 γενέσθαι
2828 5246 2926 5316 τὴν
2980 5245 3184 5316 φωνὴν,
3229 5245 3424 5316 εὐρέθη
3452 5243 3480 5295 ό
3523 5234 3685 5308 Ἰησοπ

2178 5342 2357 5412 μόνος,
2391 5339 2662 5393 καὶαύτο)¹
2708 5339 2992 5407 ἐσίγησαν,
3022 5339 3113 5392 καὶ
3169 5337 3346 5391 οὐδενὶ
3403 5327 3684 5405 ἀπήγγειλαν

2174 5433 2232 5485 ἐν
2277 5430 2512 5493 ἐκείναις
2557 5431 2675 5492 ταῖς
2710 5431 2944 5500 ἡμέραις
3010 5428 3162 5482 οὐδὲν
3212 5423 3290 5483 ὢν
3351 5428 3676 5499 ἑωράκασιν.»

2185 5521 2243 5575 Ὃ
2272 5523 2370 5593 μὲν
2413 5514 2689 5586 Ματθαῖος
2737 5520 2797 5588 ἓξ
2862 5522 3079 5593 ἡμέρας
3127 5525 3265 5593 φησὶ
3323 5519 3536 5576 διελθεῖν
3576 5508 3680 5584 μετὰ

2174 5618 2301 5681 τοὺς
2334 5618 2523 5686 λόγους
2551 5616 2796 5681 τούτους,
2822 5617 2917 5670 καὶ
2942 5618 3060 5669 τότε
3096 5615 3187 5669 τὸν
3238 5612 3442 5686 Ἰησοῦν
3490 5602 3681 5663 ἀνελθεῖν

2176 5712 2255 5774 εἰς
2287 5711 2346 5764 τὸ
2374 5712 2500 5781 ὅρος
2521 5711 2754 5776 ,Λουκᾶς
2782 5710 2837 5763 δὲ
2866 5708 3008 5763 me
3033 5726 3166 5780 φησι
3189 5708 3432 5774 διελθεῖν,
3448 5704 3534 5765 τὰς
3553 5712 3677 5770 μετα·

2182 5803 2241 5868 gs
2288 5804 2455 5874 μόνας
2484 5804 2695 5876 ἡμέρας
2729 5803 2876 5871 λέγει
2901 5819 2914 5833 ·
2948 5802 3161 5862 Λουκᾶς
3191 5800 3270 5866 δὲ,
3296 5801 3356 5854 ού
3393 5799 3481 5860 τὰς
3517 5785 3673 5864 μεταξὺ

2180 5897 2366 5967 μόνας,
2398 5895 2531 5950 ἀλλά
2568 5896 2661 5950 καὶ
2684 5895 2779 5967 τὴν
2815 5896 3023 5966 ἡμέραν
3063 5892 3182 5947 καθ’
3215 5892 3283 5964 ἣν
3345 5886 3600 5960 ἐλέχθησαν
3632 5876 3668 5929 οι
