3896 6452
603 404 708 465 827

1522 398 2099 466 TIlEOPllYLACTI
2144 392 2554 459 BULGARIJE
2597 394 2956 462 ARClIlEP.
3678 416 3751 482 δὶς

604 516 950 570 innocentem
1005 513 1309 584 susceperit
1356 524 1412 569 ut
1460 528 1634 569 meum
1671 513 1994 583 discipulum
2032 526 2047 565 :
2079 509 2173 564 hoc

2286 524 2408 574 τητι
2455 507 2649 579 χαίρω,
2715 508 2806 561 καὶ
2863 504 3006 560 οὕτω
3078 507 3459 581 Χαρακτηρίζει
3503 512 3617 585 αὕτη
3667 525 3754 586 τίθδῖ

604 608 748 661 enim
784 616 867 663 est
907 609 1049 675 quod
1083 607 1235 672 dicit,
1265 607 1317 660 in
1360 608 1577 663 nomine
1623 622 1741 661 meo
1773 623 1788 663 :
1824 621 1907 660 me
1930 606 2176 674 suscipit.

606 699 708 765 Qui
732 710 913 753 autem
944 712 1290 769 arrogantem
1323 699 1571 768 suscipit,
1603 713 1776 766 neque
1808 713 1986 752 meum
2015 696 2180 750 disci—

608 790 791 858 pulum
856 790 1121 857 suscipit.
1185 802 1360 859 neque
1429 804 1533 843 me.
1588 788 1939 858 Rcspondens
1998 798 2176 841 autem

603 874 841 933 Joannes
885 880 1019 933 dixit
1059 896 1074 933 :
1114 879 1367 942 Domine,
1401 880 1636 934 vidimus
1669 878 1958 949 quemdam
1993 880 2044 932 in
2079 893 2175 933 11οο

606 970 751 1022 mine
781 977 875 1023 tno
903 969 1209 1039 ejicientem
1238 970 1526 1036 da-mouia,
1552 981 1605 1025 et
1628 968 2003 1038 prohibuimus
2029 983 2174 1021 cum.

605 1061 862 1126 Quaenam
911 1063 1183 1118 sermonis
1221 1062 1364 1116 illius
1408 1063 1795 1132 consequentia
1843 1077 2000 1131 quem
2041 1060 2180 1116 dixit

603 1152 857 1219 Joannes,
890 1154 956 1208 ad
988 1169 1049 1209 ea
1082 1170 1203 1224 qum
1234 1156 1369 1209 dixit
1403 1150 1702 1211 Dominus?
1735 1150 1930 1231 Uliqtte
1960 1167 2173 1222 magna.

606 1245 742 1310 Quia
796 1247 939 1298 etaim
993 1246 1200 1300 dixerat
1233 1243 1495 1300 Dominus
1541 1248 1683 1315 quod
1729 1245 1906 1300 Minor
1944 1246 1996 1299 in
2027 1243 2178 1298 vobis

606 1338 694 1391 hic
715 1338 820 1392 erit
850 1353 1097 1407 magnus,
1126 1339 1314 1393 timere
1340 1342 1507 1407 ciepit
1536 1336 1771 1393 Joannes
1802 1354 1868 1392 ne
1898 1336 2038 1392 forte
2061 1352 2173 1390 ma-

606 1429 715 1482 lum
769 1430 896 1498 quid
951 1430 1230 1494 fecissent,
1285 1429 1501 1484 homine
1556 1445 1652 1497 per
1708 1432 2076 1498 arrogantiam
2123 1438 2178 1483 et

604 1523 914 1589 superbiam
967 1522 1262 1590 prohibito.
1305 1520 1439 1579 Nam
1489 1523 1778 1591 prohibere
1830 1524 2062 1591 aliquem
2111 1523 2178 1576 ab

605 1602 806 1680 aliquo,
832 1627 939 1667 non
963 1614 1224 1668 minorem
1251 1614 1419 1682 arguit
1448 1612 1616 1685 339
1637 1629 1757 1668 eum
1786 1617 1874 1684 qui
1907 1613 2175 1680 prohibet,

603 1704 699 1755 sed
743 1703 915 1769 majus
957 1704 1210 1772 quiddam
1242 1704 1310 1759 de
1351 1721 1411 1760 se
1452 1708 1799 1769 sentientem,
1833 1718 1995 1774 quam
2023 1708 2087 1759 de
2111 1718 2179 1759 eo

605 1791 695 1859 qui
731 1792 1049 1861 prohibetur
1068 1796 1135 1847 ab
1162 1794 1296 1863 ipso.
1324 1792 1557 1849 Proinde
1589 1794 1825 1849 Joannes
1855 1795 2078 1849 timebat
2105 1810 2171 1848 ne

608 1883 745 1937 forte
794 1884 1079 1952 superbius
1129 1886 1326 1953 egisset
1373 1886 1645 1955 prohibito
1704 1886 1944 1942 homine.
2001 1884 2168 1954 Cujus

606 1976 772 2045 igitur
802 1976 973 2044 gratia
1008 1976 1403 2044 prohibuerunt
1438 1974 1893 2033 hominem?Non
1928 1977 2174 2032 inviden-

609 2078 715 2133 tes,
757 2069 850 2123 sed
893 2069 1175 2140 indignum
1212 2070 1360 2124 illum
1389 2069 1697 2139 judicantcs
1723 2071 1815 2140 qui
1851 2070 2171 2125 miraculum

604 2172 962 2229 operaretur:
999 2177 1106 2217 non
1131 2162 1276 2218 enim
1304 2164 1628 2219 aderatcum
1658 2163 1764 2220 illis
1796 2165 1968 2232 gratia
2000 2179 2167 2234 agen-

604 2251 797 2305 dorum
831 2254 1213 2310 miraculorum
1248 2255 1495 2321 daretur,
1535 2271 1709 2328 neque
1750 2256 1819 2310 ad
1848 2258 1951 2311 hoc
1995 2271 2026 2310 a
2064 2254 2172 2312 Doo

608 2339 758 2394 mino
811 2343 1043 2400 emissus
1084 2355 1235 2412 erat,
1289 2346 1430 2402 sicut
1476 2346 1607 2413 alii,
1665 2360 1840 2415 neque
1890 2344 2168 2402 Christum

606 2445 835 2500 usquam
871 2436 1221 2504 sequebatur.
1249 2438 1388 2505 Quid
1434 2437 1599 2507 igitur
1648 2437 1943 2494 Dominus?
1975 2436 2169 2502 Sinite,

603 2520 796 2590 inquit,
827 2538 951 2581 eum
991 2528 1092 2582 hoc
1136 2526 1334 2583 facere.
1362 2527 1610 2584 Conterit
1658 2529 1802 2584 etiim
1833 2540 1889 2585 et
1930 2530 2047 2600 ipse
2079 2528 2173 2584 Sa-

607 2621 744 2665 tame
766 2625 926 2685 caput
955 2633 971 2671 :
1003 2627 1057 2671 et
1085 2617 1211 2688 quia
1246 2634 1348 2673 non
1376 2618 1627 2675 obstabat
1645 2619 1796 2675 vobis
1821 2619 1886 2675 ad
1919 2621 2171 2691 praedica-

604 2703 826 2771 tionem,
853 2724 958 2764 non
989 2721 1310 2781 cooperator
1356 2714 1588 2770 diabolo.
1617 2714 1850 2772 Proinde
1893 2730 1989 2785 pro
2017 2715 2171 2772 nobis

603 2806 701 2852 est.
753 2797 851 2865 Qui
880 2801 1025 2855 eiiim
1054 2819 1163 2858 non
1196 2814 1282 2860 est
1308 2815 1499 2861 contra
1532 2806 1720 2875 Deum,
1757 2823 1855 2880 pro
1892 2807 2001 2864 Deo
2040 2818 2125 2865 est
2153 2827 2167 2865 :

603 2893 1056 2957 quemadmodum
1104 2897 1195 2963 qui
1244 2911 1348 2952 11011
1407 2909 1698 2968 congregat
1736 2915 1857 2953 cum
1912 2900 2041 2969 Deo,
2081 2901 2172 2954 ille

600 2987 954 3041 011111111ςεδυιο
977 2997 1084 3044 est.
1103 2990 1387 3048 Admirare
1416 3003 1618 3061 autent,
1637 2997 1883 3062 obsecro,
1916 2997 2168 3053 virtutem

603 3078 842 3133 nominis
888 3078 1115 3149 Christi,
1155 3089 1423 3152 quomodo
1450 3097 1500 3142 et
1543 3103 1640 3158 per
1670 3089 1941 3160 indignos,
1987 3100 2043 3145 et
2077 3105 2172 3147 eos

598 3169 691 3236 qui
748 3186 854 3225 non
897 3184 1055 3227 erant
1098 3175 1214 3242 ejus
1262 3176 1535 3248 discipuli,
1572 3180 1744 3251 gratia
1791 3192 2071 3252 Operctur;
2113 3192 2163 3237 et
2199 3199 2244 3260 (ς

600 3258 775 3313 sohnn
811 3264 1096 3331 nominati,
1121 3268 1193 3320 ita
1233 3276 1287 3320 et
1324 3283 1420 3337 per
1464 3274 1796 3340 sacerdotes,
1834 3275 2045 3329 etiamsi
2088 3275 2170 3329 in-

602 3352 752 3421 digni
805 3353 1039 3421 fucrint,
1086 3369 1343 3426 operatur
1397 3363 1592 3429 gratia,
1658 3372 1713 3417 et
1764 3365 2173 3421 sanctiﬁcantnr

599 3462 814 3515 nimios,
845 3451 1058 3507 etiamsi
1083 3452 1328 3521 impurus
1355 3453 1518 3510 fuerit
1545 3460 1823 3515 sacerdos.

676 3713 840 3770 Vens.
872 3715 1059 3775 51-56.
1117 3742 1137 3772 1
1176 3717 1399 3777 Factum
1430 3734 1515 3779 est
1553 3735 1731 3782 autem
1767 3728 1893 3783 dum
1939 3733 2176 3801 complc-

603 3817 790 3862 rentur
820 3810 937 3864 dirs
969 3814 1360 3880 assumptionis
1385 3816 1523 3885 ejus,
1551 3826 1604 3871 et
1653 3817 1766 3889 ipse
1797 3818 1990 3875 faciem
2019 3838 2173 3878 suam

600 3902 1011 3967 nlxlirmaverat,
1042 3917 1099 3958 ut
1131 3907 1234 3961 iret
1277 3907 1731 3979 Hierosolymam,
1761 3924 1817 3967 ct
1858 3914 1998 3968 misit
2031 3932 2174 3971 nun-

603 3994 713 4045 tos
758 4000 883 4046 ante
912 3998 1261 4062 rbitspcctum
1308 4013 1485 4061 suum,
1522 4010 1573 4053 et
1609 4014 1801 4055 euntes
1841 4002 2178 4059 intraverunt

605 4085 660 4136 in
693 4084 969 4140 civitatem
1023 4086 1515 4153 Samaritanorum,
1546 4101 1604 4146 ut
1654 4104 1908 4161 pararent
1961 4096 2058 4152 illi.
2113 4097 2178 4151 Et

604 4189 713 4229 non
743 4189 1068 4246 receperunt
1095 4194 1242 4243 cunt,
1276 4182 1401 4248 quia
1449 4181 1616 4239 facies
1660 4187 1779 4254 ejus
1835 4200 1953 4241 erat
1996 4190 2176 4243 cumis

604 4257 1061 4336 Hierosolymam.
1113 4270 1246 4323 Cum
1277 4271 1538 4326 vidissent
1567 4285 1748 4330 autem
1780 4277 2027 4345 discipuli
2056 4279 2173 4348 ejus

601 4354 845 4411 Jacobus
879 4368 931 4412 et
955 4354 1215 4424 Joannes,
1249 4359 1502 4416 dixerunt
1531 4381 1546 4418 :
1574 4363 1818 4428 Domine,
1840 4368 2177 4425 visilicamus

608 4459 667 4505 ut
704 4450 841 4520 ignis
865 4450 930 4504 dc
946 4451 1082 4507 coelo
1103 4451 1411 4516 descendat,
1434 4465 1489 4508 et
1509 4466 1788 4511 consumat
1816 4459 1953 4524 illos,
1986 4476 2175 4530 quem-

2285 601 2449 671 ἐμοὺς
2487 600 2752 671 μαθητάς,
2783 599 2920 654 ὥστε
2954 600 3100 663 ὅστις
3128 601 3189 654 ἂν
3236 603 3448 672 δέξηται
3492 603 3572 658 16v
3614 609 3753 665 ἁπλού-

2284 714 2480 749 στατον
2508 698 2676 769 ἄνδρα
2693 701 2786 752 καὶ
2835 698 3063 761 ἄκακον,
3088 697 3163 761 ὡς
3200 698 3333 768 ἐμὸν
3391 698 3606 771 μαθητὴν
3630 707 3755 773 (τοῦτο

2282 788 2391 857 γάρ
2434 792 2547 841 ἐστι
2594 790 2674 853 16,
2702 786 2795 843 ἐπὶ
2823 787 2901 860 τῷ
2939 790 3163 859 ὀνόματί
3213 790 3359 860 μου),
3395 790 3488 859 ἐμὲ
3510 791 3753 861 δέχετσι.’0

2282 877 2390 945 γὰρ
2428 877 2667 942 ἀλαζόνα
2688 878 2998 950 δεχόμενος,
3021 878 3143 934 οὔτε
3170 881 3302 950 ἐμὶν
3327 880 3555 952 μαθητήν
3586 885 3754 955 ἔχεται,

2280 966 2404 1021 οὔτε
2429 968 2551 1038 ἐμέ.
2639 970 2986 1039 Ἀποκριθεὶς
3017 972 3073 1025 δέ
3110 975 3137 1025 6
3172 973 3425 1041 Ἰωάννης
3467 969 3598 1027 εἶπε·
3621 976 3755 1048 Κύριε,

2281 1060 2494 1129 εἴδομέν
2529 1078 2649 1114 τινα
2679 1063 2768 1114 ἐπὶ
2796 1062 2874 1134 τῷ
2894 1063 3120 1133 ὀνόματί
3166 1080 3260 1116 σου
3300 1064 3603 1120 ἐκϐάλλοντα
3630 1068 3756 1139 6mi-

2279 1155 2507 1215 Vta,xa't
2566 1153 2920 1223 ἐκωλύσαμεν
2974 1155 3161 1209 αὐτόν.
3230 1156 3363 1208 Ποία
3418 1157 3664 1211 ἀκολουθία
3695 1164 3754 1215 τοῦ

2282 1240 2468 1309 λόγου,
2489 1240 2549 1296 δν
2587 1237 2742 1296 εἶπεν
2773 1245 2801 1296 6
2837 1238 3111 1313 Ἰωάννης,
3143 1247 3282 1315 πρὸς
3311 1244 3349 1298 ἃ
3381 1240 3561 1299 εἶπενὸ
3583 1247 3752 1318 Κύριοςς

2280 1328 2459 1403 Πολλὴ
2529 1333 2629 1405 μὲν
2677 1329 2791 1388 οὖν.
2839 1334 2994 1387 Ἐπεὶ
3045 1335 3154 1405 γὰρ
3214 1332 3368 1389 εἶπεν
3404 1338 3432 1389 6
3472 1339 3672 1410 Κύριος,
3703 1345 3755 1396 ὅτι

2293 1424 2355 1478 Ὀ
2386 1425 2709 1495 μικρότερος
2744 1425 2801 1477 ἐν
2834 1426 2961 1496 ὑμῖν
3001 1425 3289 1497 ὑπάρχων,
3334 1414 3482 1492 οὗτος
3535 1429 3659 1484 ἔσται

2280 1529 2404 1580 γας,
2434 1512 2679 1584 ἐφοϐήθη
2712 1513 2899 1567 λοιπὸν
2931 1514 2961 1568 6
3029 1508 3306 1586 Ἰωάννης,
3335 1519 3521 1587 μήπως
3572 1522 3699 1573 κακόν
3725 1541 3756 1575 τι

2278 1604 2543 1675 ἐποίησαν
2586 1604 2933 1668 κωλύσαντες
2981 1606 3270 1677 ἄνθρωπον
3297 1607 3669 1677 ἐξουσιαστικὼς
3698 1617 3757 1667 καί

2278 1695 2639 1760 ἀλαζονικῶς.
2672 1698 2747 1750 T6
2785 1698 2894 1770 γάρ
2934 1698 3173 1752 κωλύειν
3212 1703 3340 1754 τινὰ
3373 1700 3476 1754 ἀπό
3531 1719 3663 1766 τινος,
3695 1706 3756 1756 οὐκ

2278 1778 2538 1840 ἐλάττονα
2571 1790 2825 1859 ἐμφαίνει
2852 1790 2944 1843 16v
2998 1790 3300 1858 κωλύοντα,
3340 1791 3477 1848 ἀλλά
3517 1796 3709 1865 κρεῖττόν
3725 1816 3781 1865 τι,

2280 1879 2582 1949 φρονοῦντα
2610 1881 2819 1934 ἐκείνου
2859 1882 2954 1936 τοῦ
3008 1883 3358 1955 κωλυομένου
3390 1888 3521 1957 παρ’
3554 1886 3693 1941 αὑτοῦ.
3730 1892 3754 1941 0

2249 1967 2458 2030 ,τοίνυν
2498 1969 2749 2040 Ἰωάννης
2788 1970 3034 2042 ἐφοϐήθη
3065 1972 3249 2038 τοῦτο,
3299 1975 3489 2042 μήπως
3524 1975 3757 2039 ἀλαζονικὸν

2278 2058 2441 2130 ἔργον
2500 2061 2747 2129 ἐποίησε,
2781 2061 3034 2125 κωλύσας
3089 2062 3182 2116 τὸν
3248 2064 3539 2135 ἄνθρωπον,
3572 2066 3689 2131 Τίνος
3721 2071 3756 2122 δὲ

2278 2146 2465 2229 ἐνεκεν
2489 2150 2729 2205 ἐκώλυον
2756 2151 2848 2205 16v
2873 2152 3156 2222 ἄνθρωπον
3183 2170 3201 2221 ;
3233 2156 3309 2209 Οὐ
3341 2155 3643 2226 φθονοῦντες,
3671 2159 3757 2212 ἀλλᾶ

2278 2242 2561 2313 κρίνοντες
2591 2244 2756 2298 αὑτὸν
2788 2243 3009 2311 ἀνάξιον
3036 2245 3130 2299 τοῦ
3154 2245 3590 2319 θαυματουργείνσ
3614 2250 3660 2301 οὐ
3688 2253 3755 2321 γὰρ

2277 2328 2345 2406 ἦν
2377 2335 2495 2404 μετ’
2526 2333 2704 2388 αὐτῶν
2736 2335 3030 2406 δεξάμενος
3068 2337 3167 2408 τὴν
3199 2338 3365 2409 χάριν
3386 2338 3472 2392 τοῦ
3509 2338 3756 2410 θαυματουρ-

2276 2429 2417 2495 γεῖν,
2462 2420 2571 2481 ούδ1⁵
2632 2426 2956 2482 ἀπέστειλεν
3021 2429 3185 2484 αὑτὸν
3230 2432 3326 2484 ἐπὶ
3371 2430 3518 2485 τοῦτο
3546 2435 3571 2485 6
3602 2432 3753 2502 Ripae,

2276 2518 2465 2588 ὥσπερ
2492 2519 2586 2572 καὶ
2611 2518 2809 2584 αὐτούς
2835 2538 2849 2552 ο
2894 2521 3017 2575 ούδέ
3048 2521 3340 2593 ἠκολούθει
3372 2524 3501 2586 ὅλως
3524 2522 3589 2593 τῷ
3620 2524 3751 2592 Ἰησοῦ.

2277 2611 2343 2663 Τί
2380 2606 2473 2665 οῦν
2493 2612 2520 2664 6
2545 2610 2781 2682 Κύριος;
2806 2613 3033 2683 Ἀφετι,
3065 2614 3257 2685 φησὶν.
3288 2616 3448 2670 αὐτὸν
3473 2615 3607 2669 τοῦτο
3619 2620 3752 2668 ποιεῖν·

2277 2698 2558 2772 Συντρίϐει
2597 2703 2704 2774 γάρ
2724 2706 2817 2757 καὶ
2849 2705 3009 2768 αὐτὸς
3045 2706 3145 2778 τήν
3180 2706 3400 2760 Σατανᾶ
3442 2707 3652 2775 δύναμιν,
3694 2710 3753 2758 ni

2276 2794 2400 2848 ἐπεὶ
2431 2795 2529 2848 οὐκ
2557 2794 2837 2864 ἐμποδίζει
2874 2796 3003 2867 ὑμῖν
3036 2797 3116 2860 είς
3147 2797 3213 2850 16
3248 2799 3518 2869 κήρυγμα,
3542 2798 3637 2851 οὐδὲ
3668 2816 3753 2865 cap-

2278 2887 2509 2958 πράττει
2547 2886 2627 2957 τῷ
2662 2884 2914 2959 διαϐόλῳ,
2947 2890 3135 2943 λοιπὸν
3195 2890 3342 2961 ὑπὲρ
3369 2893 3400 2961 ή
3410 2890 3517 2959 μῶν
3539 2891 3667 2943 ἐστιν.
3693 2893 3753 2951 '0;

2275 2977 2387 3048 γάρ
2436 2977 2537 3031 οὐκ
2574 2976 2691 3033 ἐστι
2723 2979 2865 3033 κατά
2911 2978 3006 3033 τοῦ
3034 2979 3195 3046 Θεοῦ,
3226 2981 3367 3053 ὑπὲρ
3390 2979 3478 3034 τοῦ
3502 2980 3615 3034 Θεοῦ
3636 2984 3749 3043 ἐστιν,

2276 3068 2464 3141 ὥσπερ
2490 3071 2640 3133 ὅστις
2668 3070 2729 3123 ού
2746 3071 2968 3139 συνάγει
2995 3071 3133 3141 μετά
3150 3072 3248 3127 τοῦ
3274 3070 3434 3138 Θεοῦ,
3466 3074 3639 3135 ἐκεῖνος
3663 3076 3750 3142 μετὰ

2276 3160 2370 3216 τοῦ
2420 3162 2665 3216 διαϐόλου
2706 3162 2842 3217 ἐστί.
2896 3163 3192 3233 θαύμασον
3239 3163 3298 3217 δέ
3343 3181 3428 3235 μοι
3479 3164 3565 3236 τήν
3596 3158 3751 3232 δύναμιν

2278 3254 2372 3308 τοῦ
2408 3255 2671 3326 ὀνόματος
2703 3254 2798 3308 τοῦ
2834 3254 3096 3327 Χριστοῦ.
3132 3255 3255 3321 πῶς
3285 3256 3380 3309 καὶ
3422 3256 3503 3310 διὰ
3545 3255 3633 3309 τῶν
3669 3255 3749 3308 ἀνι-

2280 3346 2406 3411 ξίων
2432 3344 2528 3398 κ11.1⁵
2572 3344 2648 3417 μὴ
2687 3344 2858 3399 όντων
2905 3345 3169 3417 μαθητῶν
3221 3345 3413 3411 αὑτοῦ,
3441 3346 3751 3417 ἐνήργειήχὰ-

2277 3454 2384 3507 ρις,
2426 3439 2521 3491 καὶ
2564 3436 2735 3507 ψιλῶς
2781 3437 3212 3509 ὀνομαζομένου,
3247 3438 3393 3492 οὕτω
3440 3440 3524 3493 καὶ
3570 3437 3638 3490 δά
3683 3435 3749 3486 τῶν

2276 3526 2487 3598 ἱερέων,
2526 3527 2629 3581 κᾶν
2652 3527 2862 3592 ἀνάξιοι
2898 3522 3055 3594 ὦσιν,
3081 3530 3301 3602 ἐνεργεῖ
3331 3532 3362 3601 ή
3391 3530 3536 3600 χάρις
3561 3526 3748 3593 misre.

2285 3619 2469 3684 ζονται
2502 3621 2725 3687 πάντες,
2756 3620 2860 3675 κᾶν
2888 3621 3118 3691 ἀναγνος
3143 3622 3229 3694 εἴη
3258 3624 3287 3675 6
3327 3622 3517 3693 ἱερεύς.

2353 3733 2373 3766 1
2430 3714 2679 3782 Ἐγένετο
2723 3713 2865 3767 δὲέν
2903 3713 2981 3784 τῷ
3016 3715 3469 3786 συμπληροῦσθαι
3499 3714 3581 3776 τὰς
3605 3714 3746 3783 ἡμέρις

2276 3808 2377 3877 τῆς
2402 3805 2723 3877 ἀναλήψεως
2755 3806 2943 3871 αὐτοῦ,
2971 3806 3067 3859 καὶ
3095 3807 3260 3871 αὐτὸς
3279 3805 3340 3860 16
3362 3809 3616 3877 πρόσωπον
3639 3800 3745 3856 αὑτοῦ

2278 3898 2527 3969 ἐστήριξε
2553 3899 2648 3952 τοῦ
2687 3897 3014 3969 πορεύεσθαι
3046 3899 3125 3961 είς
3163 3899 3531 3971 Ἰερουσαλὴμ,
3570 3895 3644 3949 καὶ
3678 3896 3744 3946 ἀτ-

2278 3992 2519 4045 έστειλεν
2540 3991 2808 4061 ἀγγέλους
2842 3990 2949 4062 πρὸ
2971 3988 3266 4061 προσώπου
3297 3990 3476 4053 αὐτοῦ,
3519 3992 3596 4044 καὶ
3618 4004 3746 4057 mpero

2278 4083 2502 4149 θέντες,
2582 4082 2833 4152 εἰσῆλθον
2894 4084 2975 4145 είς
3028 4080 3225 4153 κώμην
3276 4081 3617 4155 Σαμαρειτῶν,

2276 4175 2563 4245 ἑτοιμάσαι
2603 4176 2774 4247 αύτῷ.
2828 4177 2937 4230 Καὶ
2984 4178 3084 4231 οὐκ
3134 4177 3386 4244 ἐδέξαντο
3432 4177 3592 4239 αὐτὸν,
3630 4170 3748 4226 ὅτιτὸ

2278 4269 2570 4339 πρόσωπον
2604 4268 2771 4323 αὑτοῦ
2819 4264 2887 4340 ἦν
2932 4269 3305 4339 πορευόμενον
3346 4271 3422 4333 είς
3463 4264 3741 4337 Ἰερουσαλήμ.

2290 4362 2509 4425 Ἰδόντες
2536 4362 2594 4415 δὲ
2617 4363 2664 4415 oi
2691 4362 2931 4433 μαθηταὶ
2957 4361 3144 4429 αὐτοῦ,
3175 4361 3423 4427 Ἰάκωϐος
3452 4358 3742 4422 καὶἹωάννης.

2278 4449 2431 4505 εἷπον
2455 4468 2468 4482 ⁸
2498 4451 2693 4523 Κύριε,
2733 4452 2912 4517 θέλεις
2941 4453 3190 4525 εῐπωμεν
3231 4453 3346 4524 πῦρ
3378 4450 3635 4521 καταϐῆναι
3678 4445 3744 4498 ἀπὸ

604 4543 895 4600 admodum
936 4556 988 4601 et
1051 4545 1195 4601 Elias
1248 4546 1409 4603 fecit?
1445 4548 1755 4606 Conversus
1796 4555 1992 4617 111110111ἶ
2015 4552 2172 4610 Jesus

2281 4543 2377 4597 τοῦ
2405 4543 2663 4615 ούρανοῦ,
2700 4546 2794 4599 καὶ
2822 4544 3101 4599 ἀναλῶσαι
3155 4545 3352 4608 αὐτοὺς
3380 4545 3449 4607 ὡς
3496 4543 3580 4596 καὶ
3624 4537 3743 4593 Ἠλίας

608 4634 908 4704 increpavit
964 4636 1105 4699 illos,
1172 4638 1402 4694 dicens:
1461 4639 1694 4695 Nescitis
1750 4641 1906 4711 cujus
1953 4646 2175 4713 spiritus

604 4726 742 4782 estis
771 4743 886 4783 vos.
924 4726 1088 4783 Filius
1134 4730 1275 4783 enim
1334 4730 1573 4788 hominis
1614 4750 1719 4789 nou
1757 4737 1902 4790 venit
1951 4737 2017 4790 ad
2055 4752 2177 4805 per-

604 4816 842 4871 dendum
894 4819 1106 4874 animas
1154 4819 1454 4887 hon'innm,
1484 4825 1575 4875 sed
1617 4824 1681 4877 ad
1729 4828 2072 4882 δεμ-1101111111.
2113 4828 2176 4882 Et

603 4905 864 4961 abierunt
896 4906 950 4961 in
983 4906 1126 4961 aliud
1157 4910 1462 4966 castellum.
1499 4932 1519 4967 1
1553 4915 1690 4980 Quid
1723 4926 1803 4972 est
1833 4920 1975 4987 quod
2021 4920 2173 4986 dicit,

611 5000 736 5050 dum
769 4998 1175 5069 complerentur
1203 5002 1318 5056 dies
1351 5008 1736 5074 assumptionis
1762 5010 1917 5079 ejus?
1944 5012 2043 5068 hoc
2066 5023 2170 5078 est,

606 5103 735 5142 cum
801 5090 1038 5144 instabat
1087 5100 1299 5162 tempus
1328 5108 1435 5163 quo
1499 5106 1779 5167 postquam
1829 5104 2176 5159 sustinuisset

604 5180 898 5235 salutarem
933 5182 1238 5252 passionem
1297 5202 1393 5254 pro
1434 5186 1610 5252 nobis,
1656 5195 1940 5257 uportchat
1970 5198 2174 5249 assumi

606 5272 661 5323 in
710 5273 930 5337 malum,
966 5285 1019 5327 et
1054 5277 1339 5331 considere
1374 5278 1481 5333 Deo
1509 5290 1561 5333 et
1597 5280 1766 5337 Patri.
1804 5278 1957 5340 Tunc
2013 5286 2177 5357 igitur

602 5376 728 5417 cum
785 5367 1254 5438 appropinquabat
1312 5379 1525 5439 tempus
1588 5374 1861 5443 passionis
1914 5376 2067 5445 ejus,
2123 5388 2177 5433 ct

605 5456 997 5524 'assumptionis
1054 5474 1117 5513 cx
1168 5461 1271 5515 hoc
1308 5455 1531 5530 mundi),
1585 5466 1826 5520 decrevit
1880 5482 1985 5522 non
2038 5471 2174 5525 ultra

603 5538 736 5609 hinc
766 5555 821 5604 et
858 5551 984 5606 inde
1036 5553 1405 5618 obambulare,
1458 5557 1551 5611 sed
1590 5560 1886 5615 ascendere
1919 5556 2177 5617 Hieroso-

2278 4638 2498 4707 ἐποίησε
2519 4654 2535 4703 ;
2560 4636 2825 4709 Στραφεὶς
2851 4637 2907 4691 δέ
2938 4638 2967 4690 6
3001 4635 3231 4707 Ἰησοῦς,
3261 4637 3569 4707 ἐπετίμησεν
3593 4630 3740 4688 αὐτοῖς,

2275 4730 2371 4782 καὶ
2402 4725 2556 4784 εἶπεν
2582 4745 2596 4759 ⁸
2623 4730 2739 4783 Οὐκ
2767 4729 2950 4783 οἴδατε
2998 4730 3113 4783 οἴου
3148 4728 3451 4800 πνεύματός
3495 4728 3596 4779 ἐστε
3625 4722 3742 4789 ipsis

2286 4823 2346 4875 '0
2374 4820 2483 4893 γὰρ
2499 4820 2626 4884 Υίὺς
2643 4819 2738 4873 τοῦ
2767 4820 3061 4891 ἀνθρώπου
3072 4822 3173 4875 οὐκ
3192 4817 3322 4891 ἦλθε
3347 4820 3509 4889 ψυχὰς
3530 4810 3741 4883 ἁνθμῦτηων

2276 4915 2564 4978 ἀπολέσαι,
2611 4914 2749 4967 ἀλλὰ
2780 4915 2972 4969 σῶσαι.
3009 4917 3119 4969 Καὶ
3149 4916 3510 4988 ἐπορεύθησαν
3529 4914 3593 4973 είς
3614 4908 3740 5000 Eripit?

2278 5006 2489 5078 κώμην.
2532 5024 2552 5059 1
2588 5006 2652 5060 Τί
2692 5007 2842 5060 ἐστιν
2878 5007 3016 5079 ὅπερ
3050 5007 3235 5077 φησιν,
3288 5009 3369 5062 ὅτι
3417 5005 3601 5074 ἐγένετο
3623 4993 3664 5051 ιθ
3692 4993 3740 5060 τῷ

2280 5098 2731 5171 συμπληροῦσθαι
2773 5099 2871 5163 τὰς
2914 5100 3125 5170 ἡμέρας
3159 5100 3256 5170 τῆς
3288 5097 3573 5167 ἀναλήψεως
3600 5086 3735 5147 aiter);

2279 5191 2696 5256 Ἰ“ουτέστιν,ὃτι
2746 5191 3052 5262 ἐνειστήκει
3122 5195 3153 5245 ὁ
3197 5192 3403 5263 καιρὸς,
3456 5185 3560 5241 καθ’
3598 5183 3641 5236 ὃν
3672 5178 3737 5231 ἔδει

2278 5282 2469 5335 λοιπὸν
2499 5282 2559 5334 16
2586 5282 2855 5352 σωτήριον
2891 5282 3029 5352 ὑπὲρ
3068 5281 3226 5353 ἡμῶν
3253 5279 3585 5351 ὑπομείναντα
3610 5268 3735 5364 πάθος)

2279 5374 2659 5444 ἀναληφθῆναι
2709 5377 2789 5437 εἰς
2821 5374 3049 5443 οὐρανὸν
3097 5374 3193 5426 καὶ
3237 5358 3736 5455 συνεδρεύσαιτῷθείξ
3818 5358 3819 5365 “

2277 5468 2370 5521 xui.
2406 5468 2601 5537 Πατρί.
2631 5467 2765 5520 Τότε
2796 5466 2975 5521 τοίνυν
3005 5468 3093 5520 ὅτε
3139 5467 3430 5536 ἐνειστήκει
3453 5465 3479 5515 6
3514 5455 3734 5525 καιρδςτω

2278 5558 2484 5621 πάθους
2519 5556 2708 5621 αὑτοῦ,
2750 5558 2848 5610 καὶ
2875 5557 2976 5626 τῆς
3017 5560 3082 5610 ἐκ
3124 5558 3217 5611 τοῦ
3261 5558 3455 5626 κόσμου
3484 5545 3733 5613 ἅναλήᾲεωςι
3816 5618 3817 5621 η

604 5635 825 5705 lytuam.
860 5637 1050 5707 Itaque
1096 5642 1238 5708 quod
1267 5642 1571 5697 ohlirmavit
1627 5644 1819 5701 faciem
1851 5662 2026 5714 suam,
2076 5653 2173 5706 hoc

2277 5650 2461 5722 ἔκρινε
2495 5650 2697 5721 μηκέτι
2727 5642 2829 5704 ὧδε
2864 5650 3090 5703 κάκεῖσε
3116 5646 3503 5720 περιέρχεσθαι,
3524 5636 3613 5693 ἀλλ’
3634 5628 3733 5686 diei.-
3816 5652 3817 5722 ἦ

603 5730 872 5796 declarat,
932 5734 1074 5801 quod
1126 5734 1417 5790 stabilierit
1465 5747 1519 5791 et
1573 5739 1806 5797 ﬁrmarit
1850 5745 2173 5799 sententiam

600 5826 749 5894 quod
780 5827 909 5882 velit
936 5827 1232 5884 ascendere
1260 5828 1710 5902 Hierosolymam.
1747 5832 1916 5892 Porro
1956 5838 2173 5896 nuntios

2280 5747 2393 5799 θεῖν
2424 5746 2503 5807 εἰς
2539 5743 2602 5796 ἰε
2615 5744 2905 5810 ροσόὶυμα.
2928 5740 3003 5793 Τὸ
3022 5741 3171 5809 γοῦν,
3203 5738 3435 5810 ἐστήριξε
3454 5735 3505 5787 τὸ
3527 5728 3731 5799 πρόσωπ’

2279 5837 2462 5903 αὑτοῦ,
2491 5836 2646 5890 τοῦτο
2673 5836 2823 5906 δηλοῖ
2849 5836 2930 5888 ὅτι
2958 5832 3241 5905 ἀφώρισεν
3262 5874 3276 5902 ,
3316 5830 3576 5909 ἐκύρωσεν,
3598 5816 3725 5880 ἔστιτί
