3896 6452
145 468 242 533 8Ξῗ)

849 458 1291 531 ENARRATIO
1334 470 1413 530 1N
1448 468 1950 529 EVANGELlUM
1988 467 2222 530 LUCE.
2258 492 2323 504 -
2360 462 2518 530 CAP.
2561 458 2665 530 IX.

3283 464 3392 529 830

151 582 361 654 βουλὴν.
397 579 541 634 ὥστε
573 575 832 631 ἀπελθεῖν
865 580 946 642 εἰς
986 578 1363 651 Ἰερουσαλήμ.
1411 579 1718 649 Ἐκπέμπει

1822 588 1946 632 ante
1965 577 2158 632 faciem
2179 591 2331 631 suam
2356 576 2573 641 emittit,
2601 587 2655 630 ut
2671 580 2862 645 parent
2882 574 2982 644 ipsi
3005 575 3386 641 diversorium,

148 674 201 729 δὲ
229 671 501 742 ἀγγέλους
547 671 655 742 πρὸ
687 670 982 741 προσώπου
1029 671 1218 737 αὑτοῦ,
1254 671 1342 724 ἵνα
1385 669 1717 738 έτοιμάσωσι

151 765 306 834 δοχήν
331 781 459 816 τινα
489 761 664 830 αὐτῷ,
697 761 984 829 γινώσκων
1021 761 1119 831 μὲν
1162 756 1244 815 ὅτι
1274 760 1373 831 οὐχ
1420 760 1718 830 ὑποδεχθή-

156 873 299 909 σεται
323 854 432 907 ὑπὸ
454 855 566 907 τῶν
599 852 987 924 Σαμαρειτῶν,
1019 851 1169 923 ὅμως
1197 853 1242 906 δ’
1274 851 1367 906 οὖν
1398 853 1731 907 ἀποστέλλει.

152 948 362 1011 αὐτοὺς,
407 946 487 1008 ὡς
526 944 594 999 ἂν
633 947 815 1000 πᾶσαν
866 945 1141 1014 πρόφασιν
1194 945 1304 999 τῶν
1359 943 1718 1014 Σαμαρειτῶν

154 1038 391 1110 περιέλῃ,
428 1038 526 1090 καὶ
558 1038 631 1107 μὴ
666 1036 833 1107 ἔχωσι
861 1035 1041 1102 λέγειν
1078 1027 1323 1103 ὕστερον,
1349 1037 1456 1098 ὅτι,
1507 1024 1720 1098 Ἐδεξά-

156 1131 287 1201 μεθα
325 1129 391 1182 ἂν
425 1116 590 1182 αὗτδν
631 1128 681 1182 εἰ
721 1126 1008 1181 ἀπέστειλέ
1032 1144 1183 1189 τινας
1214 1122 1319 1197 πρὸ
1346 1125 1533 1180 αὑτοῦ.
1568 1120 1719 1194 ’Ἅμα

151 1222 202 1274 δὲ
233 1221 326 1273 καὶ
361 1220 490 1281 τοὺς
521 1217 768 1289 μαθητὰς
792 1218 957 1271 αὑτοῦ
980 1216 1230 1286 ὠφελῶν,
1261 1217 1348 1271 ἴνα
1373 1217 1447 1287 μὴ
1492 1217 1721 1271 σκανδα-

150 1307 421 1367 λισθῶσιν,
465 1306 525 1358 ὲν
551 1305 631 1375 τῷ
667 1306 889 1376 σταυρῷ
932 1306 1099 1360 αὐτὸν
1138 1306 1376 1378 δρῶντες
1419 1305 1718 1375 ὑϐριζόμε-

152 1416 254 1454 νον.
300 1396 442 1450 Ἀλλ’
469 1397 578 1449 ἀπὸ
604 1395 796 1450 τούτου
850 1396 945 1450 τοῦ
966 1397 1068 1450 νῦν
1113 1388 1379 1467 μάθωσιν,
1408 1398 1492 1451 δτι
1528 1390 1719 1467 ὥσπερ

152 1490 240 1543 νῦν
264 1482 706 1558 καταφρονηθεὶς
732 1489 896 1559 ’παρά
923 1489 1039 1543 τῶν
1062 1478 1440 1558 Σαμαρειτῶν,
1468 1490 1721 1556 ἀνεξικάο

154 1598 255 1641 κως
284 1579 513 1647 ἠνεγκε,
543 1576 743 1648 μᾶλλον
777 1581 836 1634 δὲ
885 1580 982 1634 καὶ
1019 1582 1202 1645 αὐτοῖς
1252 1580 1557 1650 ἐπετίμησε
1607 1583 1721 1645 τοῖς

158 1671 415 1740 μαθηταῖς
444 1660 852 1742 παροξύνουσιν
891 1672 1056 1726 αὐτὸν
1103 1671 1243 1726 κατά
1273 1672 1387 1727 τῶν
1426 1671 1720 1744 ὑϐριστῶν,

155 1763 285 1817 οὕτω
308 1763 404 1816 καὶ
429 1764 555 1817 τότε
585 1763 1015 1836 σταυρούμενος,
1046 1764 1145 1834 οὐχ
1183 1762 1574 1827 ὡνςνάδύνατος,
1604 1759 1721 1814 ἀλλ’

155 1856 223 1919 ὥς
261 1854 618 1925 μακρόθυμος
657 1854 838 1927 φέρει.
900 1848 1114 1924 Ὠφελεῖ
1162 1855 1220 1908 δὲ
1270 1854 1397 1918 τοὺς
1452 1854 1720 1923 μαθῆτάς,

1818 675 1871 721 et
1917 667 2097 720 sciens
2144 664 2288 734 quod
2333 680 2364 719 a
2401 664 2765 719 Samaritanis
2817 680 2925 720 non
2983 673 3167 719 essent
3218 664 3392 717 susci-

1825 757 2028 826 piendi,
2063 756 2418 812 nihilominus
2462 766 2642 810 tamen
2684 755 2805 809 illos
2836 755 3058 819 emittit,
3092 764 3149 807 ut
3176 768 3389 807 omnem

1819 846 2291 903 Samaritanorum
2341 845 2554 901 auferat
2604 846 3049 909 excusationem,
3096 860 3168 899 ne
3211 843 3393 899 dicere

1819 949 2079 1002 possent:
2117 938 2565 1010 Suscepissemus
2599 938 2751 993 illum
2786 939 2832 992 si
2866 939 3129 1006 quosdam
3183 954 3290 1005 pra:
3331 951 3392 992 se

1822 1030 2082 1086 misisset.
2115 1030 2338 1086 Interim
2371 1041 2425 1086 et
2459 1030 2744 1100 discipulis
2773 1029 2890 1098 ejus
2922 1029 3052 1083 utile
3104 1031 3206 1083 hoc
3248 1041 3387 1093 erat,

1821 1132 1881 1176 ut
1921 1123 2191 1189 videntes,
2223 1132 2409 1192 postea
2440 1122 2491 1175 in
2519 1136 2683 1176 cruce
2730 1120 2801 1174 illi
2835 1118 3181 1189 opprobrari,
3216 1119 3391 1172 minus

1819 1213 2342 1278 scandalizarentur,
2404 1213 2497 1269 sed
2529 1222 2595 1269 ex
2629 1214 2729 1266 hoc
2751 1210 2896 1266 facto
2920 1210 3093 1279 magis
3121 1209 3395 1264 discerent

1819 1286 1984 1377 quod,
2020 1307 2158 1361 sicut
2199 1318 2341 1361 nunc
2371 1309 2712 1375 contemptus
2739 1320 2766 1357 ο
2791 1303 3146 1359 Samaritanis
3178 1301 3393 1369 patien-

1823 1407 1906 1453 ter
1930 1399 2072 1467 tulit,
2102 1409 2267 1468 atque
2309 1395 2604 1467 discipulos
2632 1387 2800 1468 350
2832 1394 3133 1464 increpavit
3166 1407 3396 1460 exaspe-

1821 1501 2005 1544 rantes
2034 1504 2157 1544 eum
2210 1500 2399 1544 contra
2432 1489 2878 1551 contumeliosos,
2911 1486 2983 1540 ita
3027 1494 3082 1538 et
3118 1493 3246 1538 tunc
3271 1498 3393 1537 cum

1821 1582 2258 1652 cruciﬁgeretur,
2291 1592 2394 1635 non
2425 1589 2484 1636 ut
2516 1583 2804 1649 impotens,
2841 1580 2934 1633 sed
2964 1587 3023 1631 ut
3064 1574 3395 1647 longanimis

1821 1671 1981 1727 lerat.
2025 1673 2252 1728 Prodest
2292 1673 2460 1727 etiam
2488 1671 2542 1726 in
2598 1672 2702 1726 hoc
2748 1671 3051 1739 discipulis,
3099 1669 3240 1738 quod
3276 1667 3395 1721 illos

1821 1783 1918 1822 suo
1946 1767 2194 1837 eXeinplo
2240 1767 2398 1821 docet
2450 1769 2717 1838 patientes
2745 1779 2885 1820 esse.
2940 1762 3018 1817 llli
3064 1764 3280 1834 quidem
3327 1761 3392 1815 ad

1826 1861 1995 1915 Eliam
2029 1858 2409 1928 respicientes,
2446 1859 2536 1927 qui
2567 1858 2649 1911 bis
2675 1857 3066 1927 quinquaginta
3098 1856 3244 1908 viros
3273 1864 3393 1904 cum

153 1946 236 1998 καὶ
269 1943 402 1998 καθὸ
430 1945 677 1999 διδάσκει
710 1946 910 2009 αὐτοὺς
954 1947 1019 1999 ὲκ
1063 1944 1156 1999 τοῦ
1190 1944 1312 1999 καθ’
1364 1945 1531 1999 αὑτὸν
1585 1945 1718 1998 ὐποο

1829 1950 2319 2022 quinquagenariis
2372 1950 2708 2020 principibus
2738 1958 3046 2010 cxusserat,
3103 1958 3399 2015 eXaspera-

154 2037 456 2104 δείγματος,
495 2037 853 2102 ἀνεξικάκους
880 2028 1043 2093 εἶναι.
1095 2037 1260 2092 Αὐτοὶ
1295 2036 1394 2104 μὲν
1431 2034 1542 2106 γὰρ
1582 2035 1718 2106 πρὸς

153 2129 238 2180 τὸν
276 2128 461 2182 Ἦλξαν
499 2129 837 2199 ἀφορῶντες,
867 2129 925 2193 ὃς
954 2130 1252 2201 κατέφλεξε
1276 2130 1358 2194 δὶς
1382 2130 1720 2201 πεντήκοντα

156 2220 341 2290 ἄνδρας
391 2224 538 2289 μετά
579 2221 693 2275 τῶν
724 2222 1233 2293 πενπκοντάρχων,
1283 2221 1601 2293 παρώξυνον
1630 2221 1722 2276 τὸν

157 2311 345 2380 Κύριον
361 2314 510 2366 κατά
538 2313 646 2367 τῶν
670 2312 1013 2385 ὑϐρισάντων
1039 2330 1052 2345 ο
1079 2315 1160 2368 ἔτι
1180 2315 1290 2384 γὰρ
1318 2315 1528 2378 ἀτελεῖς
1557 2310 1720 2384 ἦσανδ

156 2404 315 2467 Αὐτὸς
361 2405 420 2458 δὲ
458 2406 732 2461 δεικνύων
782 2407 988 2470 αὐτοῖς,
1037 2407 1119 2461 ὅτι
1153 2407 1484 2479 ὑψηλότερός
1520 2410 1665 2461 ἐστιν
1695 2410 1723 2461 ὁ

157 2497 305 2550 αὑτοῦ
338 2497 511 2568 νόμος
554 2496 589 2569 ἢ
635 2501 663 2554 ὁ
724 2499 865 2554 κατά
918 2499 1010 2552 τὸν
1062 2498 1248 2553 Ἠλίαν
1306 2499 1441 2570 βίος,
1493 2497 1725 2570 ἐπιτιμᾷ

160 2589 352 2652 αὐτοῖς,
384 2590 491 2643 καὶ
532 2590 829 2660 ἀφίστησιν
859 2588 969 2643 ἀπὸ
1017 2588 1117 2657 τῆς
1170 2590 1421 2660 τοιαύτης
1470 2589 1721 2659 γνώμης,

159 2678 365 2744 Διδάξας
398 2680 608 2751 πράως
637 2681 823 2752 φέρειν
851 2680 979 2744 τοὺς
1009 2679 1349 2750 ὑϐρίζοντας.
1376 2680 1441 2732 Τί
1479 2678 1537 2732 δὲ
1577 2680 1724 2732 ἐστιν

155 2772 279 2842 ὅπερ
306 2772 487 2840 λέγει,
517 2772 633 2826 Οὐκ
680 2770 927 2837 ἐδέξαντο
958 2772 1144 2836 αὑτὸν,
1185 2771 1268 2824 ὅτι
1323 2770 1383 2823 τὸ
1436 2770 1724 2840 πρόσωπον

159 2861 308 2914 αὐτοῦ
327 2856 393 2928 ἦν
422 2863 803 2932 πορευόμενον
834 2863 915 2927 εἰς
960 2861 1353 2933 Ἰερουσαλήμς
1390 2859 1540 2934 *Αρα
1567 2862 1726 2916 τοῦτο

163 2953 318 3021 λέγει,
359 2954 442 3007 δτι
472 2954 578 3007 οὐκ
606 2953 856 3019 ἐδέξαντο
884 2955 1071 3020 αὐτὸν,
1104 2955 1239 3008 διότι
1264 2952 1539 3025 ἀφώρισεν
1566 2955 1725 3019 αὐτὸς

166 3045 402 3100 ἀπελθεῖν
448 3047 535 3109 εἰς
581 3046 975 3118 Ὶερουσαλήμι
1013 3048 1125 3102 Καὶ
1184 3048 1375 3102 λοιπὸν
1434 3048 1531 3102 ὲάν
1586 3046 1727 3102 οὕτω

171 3138 458 3208 νοήσωμεν,
498 3140 585 3193 ὃτι
610 3140 699 3193 διὰ
728 3139 888 3193 τοῦτο
929 3141 1095 3194 αὐτὸν
1136 3141 1237 3195 οὐκ
1291 3141 1564 3209 ἐδέξαντο,
1591 3142 1725 3195 διότι

1824 2044 1956 2096 baut
1986 2041 2269 2096 DOntinunt
2304 2050 2490 2094 contra
2519 2054 2614 2094 eos
2642 2041 2731 2107 qui
2764 2054 2823 2093 se
2844 2039 3040 2105 injuria
3066 2035 3392 2090 all'eceraut:

1822 2138 1981 2189 erant
2028 2134 2172 2187 enim
2225 2132 2403 2187 adhuc
2455 2130 2781 2201 imperfecti.
2833 2129 3099 2185 Cmterum
3149 2127 3398 2182 Christus

1825 2228 2027 2281 docens
2054 2225 2228 2296 legem
2261 2240 2417 2279 suam
2452 2225 2826 2279 sublimiorem
2864 2237 3023 2294 quam
3052 2225 3217 2275 vitam
3246 2219 3395 2283 Elim,

1823 2312 2072 2388 increpat
2100 2327 2216 2383 eds,
2245 2328 2408 2385 atque
2454 2333 2481 2370 a
2515 2317 2607 2370 tali
2654 2317 2922 2371 sententia
2978 2310 3220 2376 abducit,
3274 2326 3397 2364 cum

1798 2411 2097 2465 docuisset
2145 2419 2428 2464 mansuete
2477 2409 2730 2462 ferendos
2759 2408 2877 2462 illos
2921 2407 3010 2475 qui
3043 2404 3236 2475 injuria
3280 2401 3399 2456 alli-

1828 2504 2068 2556 cieltaut.
2110 2502 2246 2568 Quid
2296 2511 2479 2555 autem
2531 2510 2611 2555 est
2645 2500 2789 2568 quod
2819 2498 2971 2560 dicit,
3003 2511 3109 2551 non
3147 2507 3401 2561 suscepe-

1828 2605 1951 2647 runt
1999 2608 2143 2660 eum,
2198 2595 2322 2662 quia
2361 2592 2526 2648 fat-les
2574 2596 2691 2660 ejus
2722 2596 2842 2646 erat
2876 2590 3055 2644 euntis
3085 2586 3400 2656 Hierosoly-

1826 2686 2015 2741 mam?
2039 2685 2296 2755 Nunquid
2320 2685 2452 2739 dicit
2479 2686 2619 2753 quod
2652 2698 2757 2737 non
2786 2680 3127 2749 susceperint
3159 2693 3303 2741 eum,
3334 2690 3400 2730 eo

1825 2779 1966 2847 quod
1998 2776 2288 2832 deﬁnierat
2331 2776 2481 2830 abire
2531 2768 3004 2844 Hierosolymam?
3046 2781 3100 2825 et
3135 2785 3253 2824 cum
3299 2768 3401 2821 hoc

1827 2871 1904 2924 sic
1957 2868 2404 2930 intellexerimus,
2437 2868 2577 2936 quod
2610 2881 2729 2920 eum
2764 2875 3047 2934 propterea
3074 2878 3182 2917 nou
3208 2876 3400 2915 susce-

1828 2960 2029 3029 perint,
2081 2973 2146 3013 eo
2210 2958 2352 3029 quod
2414 2959 2699 3013 deﬁnierat
2741 2958 2897 3011 abire
2947 2952 3398 3024 Hierosolymam,

1831 3050 2182 3104 inveniuntur
2226 3048 2304 3102 illi
2371 3048 2613 3102 excusati
2691 3062 2796 3101 non
2856 3042 3254 3115 suscipientes?
3307 3042 3401 3094 list

1831 3140 2001 3209 igitur
2032 3138 2344 3201 dicendum,
2386 3139 2529 3207 quod
2574 3132 2904 3205 evangelista
2939 3136 3037 3187 hoc
3069 3133 3222 3195 dicit,
3259 3128 3401 3197 quod

171 3229 315 3293 αὐτὸς
341 3230 625 3302 ἀφώρισεν
651 3231 909 3285 ἀπελθεῖν
929 3234 1011 3296 εἰς
1041 3233 1417 3304 Ἰερουσαλὴμ,
1442 3235 1725 3305 εὑρίσκον-

1830 3248 1934 3286 non
1964 3240 2326 3299 susceperunt
2350 3242 2497 3299 eum,
2529 3244 2706 3298 neque
2739 3227 2958 3283 intravit
2981 3229 3033 3282 in
3063 3224 3398 3280 Samariam:

168 3336 248 3377 ται
276 3326 471 3378 ἐκεῖνοι
507 3326 763 3388 ἀναίτιοι,
800 3327 850 3378 οἱ
898 3326 975 3397 μὴ
1022 3326 1344 3397 δεξάμενοι;
1402 3329 1590 3383 Ἔστιν
1634 3328 1725 3382 οὖν

1833 3326 2028 3381 deinde
2062 3324 2218 3393 quasi
2278 3324 2671 3391 interrogasset
2729 3320 3018 3391 quispiam,
3073 3331 3242 3386 quare
3296 3331 3400 3367 non

167 3416 323 3468 εἰπεῖν
375 3418 456 3471 ὅτι
498 3415 657 3470 τοῦτο
719 3417 868 3487 λέγει
930 3420 958 3471 ὁ
1036 3419 1450 3490 εὐαγγελιστὴς,
1502 3421 1583 3474 ὅτι
1630 3421 1725 3474 οὐκ

1831 3426 2191 3484 susceperunt
2230 3413 2306 3483 (ο)
2348 3414 2431 3469 vel
2491 3414 2644 3468 inviti
2702 3423 2861 3473 eum,
2917 3424 3091 3477 neque
3146 3406 3404 3463 intravit?

167 3503 398 3570 ἐδέξαντο
424 3498 625 3571 αυτὸν,
658 3507 781 3562 οὐδὲ
824 3508 1079 3578 εἰσῆλθεν
1110 3512 1191 3573 εἰς
1227 3500 1563 3582 Σαμάρειαν.
1597 3508 1725 3565 Εἶτα

1838 3508 2083 3577 nunquid
2114 3507 2383 3576 impotens
2429 3505 2586 3558 erat?
2612 3518 2680 3557 an
2717 3518 2824 3557 non
2866 3501 3079 3555 valebat
3102 3499 3266 3554 etiam
3296 3498 3404 3551 illis
3501 3532 3507 3537 η

167 3592 336 3668 ὥσπερ
365 3599 513 3662 τινδς
543 3600 937 3672 ἐρωτήσαντος,
979 3601 1074 3654 καὶ
1104 3601 1247 3655 διατι
1283 3603 1382 3673 οὐχ
1404 3602 1725 3670 ὑπεδέξαντο

1829 3600 2142 3655 uolentibus
2177 3597 2427 3670 ingredi?
2470 3597 2697 3653 Solveus
2734 3598 2856 3660 hoc,
2910 3595 3044 3650 dicit
3090 3611 3105 3648 :
3148 3607 3254 3647 non
3284 3590 3405 3645 ideo

166 3687 312 3740 αὑτὸν
342 3690 436 3743 καὶ
461 3689 712 3755 ἄκοντες,
751 3690 870 3744 οὐδὲ
908 3692 1179 3762 εἰσῆλθεν,
1258 3688 1371 3764 ἆρα
1408 3693 1542 3746 διότι
1598 3693 1725 3746 ἀδύ-

1837 3695 1961 3761 quia
2016 3693 2288 3762 impotens
2320 3689 2443 3757 fuit,
2476 3691 2570 3744 sed
2609 3689 2735 3758 quia
2767 3688 2939 3742 noluit
2977 3686 3107 3742 illuc
3158 3684 3261 3747 ire,
3310 3681 3404 3735 sed

173 3797 316 3841 νατος
346 3778 436 3853 ἦν,
481 3783 519 3854 ἢ
548 3783 649 3837 οὐκ
696 3785 848 3854 ἴσχυε
891 3783 997 3839 κᾶν
1046 3787 1248 3839 ἐκεῖνοι
1297 3786 1371 3856 μὴ
1422 3784 1725 3854 ἐϐούλοντο,

1836 3784 2314 3853 Hierosolymam:
2352 3782 2608 3849 quoniam
2665 3781 2764 3834 nisi
2815 3781 2914 3833 hoc
2969 3777 3179 3840 fuisset,
3238 3774 3404 3829 etiam

169 3872 441 3941 εἰσελθεῖνς
468 3874 630 3930 Λύων
653 3875 832 3942 τοῦτο,
866 3875 1065 3946 φησίν⁵
1103 3876 1232 3947 οὐχὶ
1261 3877 1349 3930 διὰ
1384 3875 1445 3929 τὸ
1466 3877 1725 3939 ἀδύνατος

1836 3876 2022 3930 invitis
2049 3875 2158 3928 illis
2194 3874 2247 3927 in
2280 3873 2564 3927 castellum
2596 3872 2872 3942 ingressus
2907 3869 3119 3923 fuisset.

169 3959 318 4028 εἷναι,
350 3966 494 4021 ἀλλά
525 3966 661 4021 διότι
689 3967 791 4022 οὐκ
834 3966 1085 4022 ἐϐούλετο
1128 3972 1246 4023 ἐκεῖ
1279 3969 1562 4032 εἰσελθεῖν,
1597 3968 1732 4023 ἀλλὰ
1770 3968 2028 4024 ἀπελθεῖν
2058 3969 2138 4031 εἰς
2171 3966 2540 4039 Ἱεροσόλυμα,
2576 3964 2698 4017 ἐπεὶ
2763 3964 2813 4015 εἰ
2881 3961 2958 4033 μὴ
3004 3960 3161 4014 τοῦτο
3190 3954 3280 4029 ἦν,
3310 3956 3403 4010 καὶ

147 4059 237 4130 ’μὴ
268 4058 611 4131 βουλομένων
638 4059 864 4114 ἐκείνων
896 4061 1145 4131 εἰσῆλθεν
1181 4061 1248 4116 ἂν
1276 4064 1355 4126 εἰς
1382 4063 1480 4133 τὴν
1505 4062 1720 4133 κώμην.

239 4171 258 4205 ι
324 4153 579 4222 Ἐγένετο
630 4151 689 4206 δὲ
739 4154 1122 4225 πορευομένων
1176 4154 1356 4208 αὐτῶν
1389 4157 1445 4208 ὲν
1500 4158 1568 4226 τῇ
1605 4155 1725 4225 ὁδῷ,

1907 4149 2071 4202 Vens.
2113 4145 2303 4202 57—62.
2335 4164 2354 4198 ι
2389 4144 2618 4204 Factum
2648 4150 2731 4198 est
2769 4151 2972 4207 autem,
3005 4141 3407 4196 ambulantibus

174 4241 282 4299 εἶπέ
326 4263 408 4311 τις
466 4246 606 4316 πρὸς
660 4246 859 4299 αὐτόν’
921 4246 1297 4314 Ἀκολουθήσω
1354 4264 1436 4301 σοι
1490 4248 1623 4301 ὅπου
1668 4247 1725 4302 ἂν

1842 4241 1948 4295 illis
1978 4241 2032 4294 in
2068 4239 2176 4303 via,
2207 4238 2344 4292 dixit
2374 4237 2591 4307 quidam
2634 4233 2700 4288 ad
2734 4235 2880 4287 illum
2922 4251 2934 4287 :
2964 4232 3174 4302 Sequar
3197 4242 3267 4297 te,
3302 4233 3407 4286 Do-

174 4336 400 4412 ἀπέρχῃ,
440 4337 642 4410 Κύριε.
669 4338 780 4391 Καὶ
806 4333 960 4393 εἶπεν
982 4338 1133 4410 αὐτῷ
1160 4341 1189 4393 ὁ
1220 4338 1428 4409 Ἰησοῦς
1447 4356 1462 4371 ο
1492 4341 1558 4393 Αἱ
1592 4339 1725 4393 ἀλώ-

1832 4333 1997 4397 mine,
2047 4342 2368 4400 quocunque
2421 4327 2578 4382 ieris.
2642 4326 2786 4381 Dixit
2840 4326 2912 4379 illi
2967 4318 3162 4381 Jesus:
3215 4321 3411 4394 Vulpes

176 4443 327 4491 πεκες
360 4430 607 4499 φωλεοὺς
635 4428 838 4498 έχουσι,
871 4430 968 4482 καὶ
1008 4430 1078 4483 τά
1116 4430 1338 4484 πετεινὰ
1376 4428 1472 4484 τοῦ
1504 4430 1725 4501 οὐρανοί

1834 4421 2020 4478 foveas
2048 4421 2272 4485 habent,
2293 4428 2350 4473 et
2381 4418 2625 4473 volucres
2647 4416 2770 4471 ειειὶ
2809 4415 2965 4471 nidos
2991 4432 3005 4469 :
3037 4413 3208 4468 Filius
3230 4421 3410 4467 autem

174 4520 604 4591 κατασκηνώσεις
626 4536 643 4555 ·
681 4523 709 4575 ὁ
775 4521 833 4575 δὲ
878 4522 1005 4585 Υἱὸς
1033 4522 1127 4574 τοῦ
1170 4523 1458 4593 ἀνθρώπου
1488 4524 1589 4578 οὐκ
1622 4523 1725 4592 ἔχει

1840 4515 2076 4570 hominis
2117 4527 2223 4566 non
2252 4512 2416 4566 habet
2449 4511 2538 4564 uhi
2596 4523 2757 4579 caput
2808 4523 2964 4571 suum
3025 4506 3272 4562 reclinet.
3324 4505 3414 4559 Ait

172 4611 265 4664 ποῦ
289 4613 383 4683 τὴν
411 4611 656 4683 κεφαλὴν
688 4613 865 4685 κλίνῃ.
903 4609 1036 4666 Eius
1069 4613 1127 4667 δὲ
1162 4614 1299 4685 πρὸς
1327 4614 1536 4685 ἕτερον’
1577 4616 1725 4669 Ἀκο-

1840 4617 2020 4661 autem
2051 4607 2117 4662 ad
2152 4605 2382 4659 alterum
2425 4621 2438 4658 :
2471 4603 2710 4673 Sequere
2738 4615 2842 4654 me.
2884 4600 2976 4653 Ille
3009 4607 3187 4652 autem
3219 4595 3357 4651 dixit
3394 4610 3408 4651 :

173 4694 340 4758 λούθει
370 4724 482 4774 μοι.
529 4705 594 4759 '0
630 4706 687 4759 δὲ
712 4703 833 4759 εἶπε
855 4720 870 4734 ⁸
898 4705 1094 4776 Κύριε,
1125 4706 1419 4777 ἐπίτρεψόν
1458 4726 1548 4779 μοι
1572 4707 1725 4762 ἀπελ·

1837 4699 2087 4765 Domine,
2135 4697 2387 4767 permitte
2428 4695 2560 4749 mihi
2617 4694 2850 4761 primum
2884 4691 3055 4751 abire,
3084 4698 3139 4744 et
3181 4689 3413 4758 Sepelire

177 4794 311 4851 Mm
348 4799 567 4871 πρῶτον
588 4798 758 4864 θάψαι
788 4798 881 4851 τὸν
923 4799 1135 4868 πατέρα
1162 4810 1285 4866 μου.
1319 4794 1454 4852 Eius
1486 4799 1543 4852 δὲ
1589 4798 1725 4869 αὑτᾷ

1835 4798 2045 4861 patrem
2072 4805 2271 4844 meum.
2304 4787 2449 4842 Dixit
2478 4796 2658 4840 autem
2684 4784 2733 4840 ei
2759 4780 2922 4838 Jesus
2956 4798 2969 4836 :
3009 4782 3138 4835 Siue
3168 4790 3229 4835 ut
3258 4796 3410 4834 mors

175 4887 452 4956 ὁἸησοῦςο
494 4892 670 4959 "Arge;
692 4890 818 4955 τοὺς
853 4891 1081 4963 νεκροὺς
1127 4890 1296 4961 θάψαι
1344 4892 1471 4954 τοὺς
1530 4890 1725 4944 ἐαυτῶι

1840 4883 1916 4938 tui
1943 4881 2211 4950 sepeliant
2237 4888 2478 4935 mortuos
2510 4892 2679 4932 suos:
2715 4885 2769 4929 tu
2802 4890 2929 4929 vero
2958 4875 3092 4927 vade
3116 4882 3171 4926 et
3200 4887 3412 4925 annuu-

177 4980 410 5050 νεκροὺς,
461 4982 527 5037 σὺ
572 4982 630 5035 δὲ
678 4980 949 5048 ἀπελθὼν,
979 4979 1280 5049 διάγγελλε
1313 4979 1414 5049 τὴν
1460 4977 1725 5049 βασιλεῖαι

1841 4978 1913 5030 tia
1950 4989 2171 5042 regnum
2212 4972 2330 5027 Dei.
2356 4970 2423 5025 Et
2452 4971 2525 5024 ait
2556 4969 2695 5023 alius
2736 4985 2752 5024 :
2790 4968 2998 5036 Sequar
3042 4976 3116 5027 te,
3166 4964 3410 5029 Domine,

176 5070 262 5123 τοῦ
305 5072 459 5129 Θεοῦ.
510 5070 645 5128 Eius
687 5073 746 5127 δὲ
796 5075 893 5126 καὶ
948 5073 1136 5141 ἕτερος
1163 5088 1176 5103 ·
1211 5072 1589 5141 Ἀκολουθήσω
1628 5089 1725 5135 σοι¹

1842 5071 1934 5125 sed
1963 5067 2217 5138 permitte
2250 5065 2378 5119 mihi
2415 5063 2562 5134 prius
2596 5070 2654 5115 ut
2684 5062 2859 5115 dicam
2896 5057 3012 5110 vale
3038 5057 3124 5122 iis,
3153 5055 3248 5125 qui
3286 5063 3412 5107 sunt

177 5158 360 5230 Κύριε,
386 5164 602 5233 πρῶτον
632 5162 691 5216 δὲ
721 5161 1013 5232 ἐπίτρεψόν
1068 5178 1159 5231 μοι
1213 5159 1588 5226 ἀποτάξασθαι
1622 5162 1725 5222 τοῖς

1840 5158 1983 5211 domi
2033 5171 2189 5210 mete.
2219 5154 2310 5208 Ait
2343 5153 2411 5207 ad
2444 5153 2592 5206 illum
2630 5145 2789 5205 Jesus
2821 5165 2835 5201 :
2876 5145 3046 5200 Nemo
3090 5145 3181 5213 qui
3247 5153 3410 5198 manu

181 5253 252 5316 si;
273 5252 360 5307 τὸν
393 5252 541 5310 οἶκόν
579 5271 701 5324 μου.
740 5250 875 5308 Eius
919 5254 979 5307 δὲ
1019 5254 1048 5306 ὁ
1099 5253 1310 5324 Ἰησοῦς
1355 5252 1493 5323 πρὸς
1538 5251 1725 5305 αὐτόν·

1837 5265 1934 5303 sua
1972 5249 2184 5302 admota
2235 5256 2439 5307 aratro.
2504 5243 2744 5313 respexit
2790 5252 2821 5295 a
2876 5250 3063 5307 tergo,
3117 5245 3273 5305 aptus
3327 5240 3411 5288 est

184 5341 358 5407 Οὐδεὶς
391 5343 665 5399 ἐπιϐαλὼν
702 5344 800 5413 τὴν
845 5346 1004 5414 χεῖρα
1045 5332 1210 5397 αὖτοῦ
1244 5342 1329 5395 ἐπ’
1373 5344 1603 5414 ἄροτρον
1636 5341 1725 5395 καὶ

1837 5355 2004 5408 regno
2026 5336 2142 5393 Dei.
2178 5357 2195 5389 ι
2233 5337 2333 5391 ilic
2356 5336 2445 5406 qui
2472 5334 2703 5389 accessit
2731 5331 2797 5386 ad
2829 5329 3037 5391 .lesum,
3067 5337 3143 5383 et,
3168 5326 3325 5396 petiit
3350 5337 3411 5379 ut

185 5429 383 5499 βλέπων
403 5435 483 5500 εἰς
502 5435 569 5489 τὰ
591 5432 788 5498 ὀπίσω,
808 5433 1026 5496 εὔθετός
1045 5436 1192 5487 ἐστιν
1220 5433 1300 5496 εἰς
1322 5433 1422 5502 τὴν
1454 5432 1725 5503 βασιλείαν

1847 5438 2172 5496 sequeretur
2196 5426 2364 5491 illum,
2391 5424 2532 5479 mala
2585 5431 2768 5477 mente
2819 5420 3067 5475 accessit.
3097 5416 3233 5484 Quia
3265 5417 3410 5471 enim

186 5520 271 5573 ττιῦ
318 5523 473 5580 Θεοῦ.
534 5540 555 5578 ι
600 5518 767 5586 Οὗτος
820 5525 849 5577 ὁ
893 5522 1208 5595 προσελθὼν
1259 5523 1347 5595 τῷ¹
1382 5524 1578 5594 Ἰησοῦ,
1636 5522 1725 5577 καὶ

1843 5521 1976 5575 vidit
2006 5533 2256 5589 magnam
2295 5515 2506 5573 turbam
2558 5514 2713 5585 sequi
2746 5512 3056 5577 Dominum,
3103 5509 3410 5580 suspicatus

183 5609 533 5682 αἰτησάμενος
582 5615 673 5668 ἵνα
717 5612 985 5683 ἀκολουθῇ
1042 5612 1225 5682 αὐτῷ,
1300 5614 1437 5681 μετά
1487 5616 1725 5683 πονηρᾶς

1840 5623 1956 5676 est,
1987 5611 2132 5680 quod
2181 5609 2463 5678 pecuniam
2497 5610 2563 5663 ah
2589 5609 2675 5662 illa
2722 5605 3005 5674 colligeret
3046 5604 3324 5663 Dominus,
3354 5601 3409 5654 et

182 5701 391 5775 γνώμης
419 5705 746 5779 προσῆλθεν.
787 5704 941 5758 Ἐπεὶ
962 5704 1070 5775 γὰρ
1095 5699 1202 5758 εἶδε
1224 5706 1313 5760 τδν
1341 5706 1541 5779 Κύριον
1561 5705 1725 5759 πολὺν

1841 5702 2080 5776 speravit
2103 5702 2267 5758 etiam
2294 5701 2409 5772 ipse
2441 5700 2714 5771 sequendo
2743 5697 3001 5770 pecunias
3031 5708 3089 5751 se
3110 5703 3403 5764 congregaa

245 5881 318 5951 (α)
357 5885 499 5945 Ειιὶι.
530 5887 652 5947 Lut.
688 5889 919 5954 omittit,
967 5904 1129 5959 quare
1168 5903 1271 5943 non
1310 5894 1683 5955 susceperunt,
1730 5897 1828 5939 em
