3896 6452
518 266 622 333 83;
1444 248 2025 321 Ti'tEQPIlYLACTf
2066 252 2104 312 Ι]

2206 246 2477 309 ,ϐΛῐὶΙᾹζ
2518 245 2874 306 ARCIIIEP.
3296 282 3319 296 κ
3620 248 3700 311 33!;

600 377 770 441 Vens,
805 376 961 430 ιιι.
997 392 1017 428 ι
1058 371 1234 429 Nolite
1280 379 1500 443 portare
1553 367 1867 432 sacculum,
1922 379 2095 433 neque

2279 379 2297 410 ι
2341 359 2431 428 Μὴ
2464 355 2763 428 βαστάζετε
2789 354 3096 425 βαλάντιον,
3130 352 3203 424 μὴ
3228 354 3426 424 πήραν,
3460 357 3578 426 μηδέ
3601 360 3703 412 ὑπο.
3734 364 3739 371 ’

518 470 681 542 343
715 483 920 538 peram,
957 480 1132 535 neque
1161 465 1569 519 calceamema:
1607 470 1660 514 et
1695 457 1962 512 nemiuem
2000 470 2096 524 per

519 564 665 617 viam
698 556 1087 614 salutaveritis.
1118 556 1176 610 ln
1205 566 1585 624 quamcunque
1613 551 1829 605 domum
1860 548 2094 607 intrave-

519 655 660 719 ritis,
705 654 936 718 primum
982 648 1193 705 dicite:
1236 647 1347 703 Pax
1393 644 1520 700 huic
1558 642 1763 698 domui.
1812 640 1880 695 Et
1928 640 1971 693 si
2024 639 2093 691 ibi

521 744 683 799 fuerit
711 743 849 795 filius
873 740 1041 810 pacis,
1070 738 1375 810 requiescet
1401 749 1564 804 super
1591 732 1738 787 illum
1764 745 1866 800 pas
1893 738 2091 787 vestra;

520 836 602 890 sin
634 834 830 896 minus,
856 833 923 887 ad
956 846 1051 886 vos
1071 838 1391 891 revertetur,
1423 829 1481 881 lu
1513 826 1702 881 eadem
1732 834 1910 877 autem
1938 822 2097 875 domo

521 935 738 985 tuanute
782 926 1005 979 edentes
1046 930 1099 978 et
1144 922 1394 977 bibentes
1438 933 1554 988 qua:
1599 916 1800 972 dantur
1849 914 1919 969 ab
1967 912 2095 969 illis.

522 1017 726 1087 Dignus
776 1025 861 1071 est
911 1016 1055 1070 enim
1112 1011 1399 1087 operarius
1452 1009 1699 1065 mercede
1746 1021 1866 1062 sua.
1925 1005 2098 1060 Nolite

524 1109 758 1163 transite
806 1108 872 1161 de
919 1107 1078 1162 domo
1128 1105 1180 1158 in
1227 1102 1467 1157 domum.
1512 1098 1580 1158 Et
1622 1101 1674 1153 in
1716 1110 2097 1167 quamcunque

522 1200 792 1255 civitatem
822 1196 1178 1259 intraveritis,
1207 1204 1260 1248 et
1283 1193 1624 1260 susceperint
1651 1203 1768 1255 vos,
1802 1190 1948 1244 edite
1979 1201 2097 1256 quae
2122 1238 2133 1250 ,

522 1301 863 1361 apponuntur
907 1289 1058 1341 vobis
1095 1300 1111 1340 :
1157 1294 1214 1339 et
1255 1294 1443 1338 satiate
1485 1283 1729 1337 infirmos
1766 1280 1859 1350 qui
1906 1279 1960 1332 itt
2004 1277 2097 1332 illa

524 1393 685 1435 sunt:
716 1390 769 1433 et
802 1379 963 1434 dicite
986 1378 1094 1432 illis
1126 1393 1141 1431 :
1169 1374 1633 1445 Appropinquavit
1668 1373 1720 1427 in
1749 1387 1847 1427 vos
1872 1385 2097 1440 regnum

524 1475 640 1527 Dei.
683 1491 701 1524 ι
728 1471 861 1537 Quia
891 1472 1039 1539 ipsos
1069 1469 1337 1523 missurus
1365 1477 1485 1522 erat
1515 1467 1899 1537 praedicatores
1928 1464 2101 1517 Evan-

522 1566 669 1633 gelii,
701 1565 831 1619 dicit
862 1580 874 1616 :
925 1562 1003 1618 Ne
1032 1562 1260 1630 portetis
1306 1559 1618 1622 sacculum,
1662 1572 1836 1633 neque
1880 1557 1983 1611 hoc
2015 1552 2097 1609 vel

523 1658 651 1712 illud
696 1672 710 1710 :
763 1654 962 1709 sufﬁcit
1011 1654 1154 1707 enim
1202 1651 1358 1706 vobis
1413 1650 1555 1719 quod
1606 1664 1792 1703 curant
1852 1647 2098 1701 habeatis

2202 453 2441 523 δήματα,
2477 450 2572 503 καὶ
2606 448 2810 519 μηδίνα
2844 446 2989 500 κατὰ
3020 445 3120 515 τὴν
3153 444 3268 499 ὁδὸν
3297 447 3612 518 ἀσπάσησθε.
3638 449 3707 512 Εἰς

2200 544 2268 607 ἣν
2306 543 2351 597 δ’
2377 544 2445 597 ἂν
2471 542 2649 596 οἰκίαν
2682 537 3022 610 εἰσέρχησθε,
3063 536 3274 606 πρῶτον
3306 537 3489 603 λέγετε
3509 556 3520 569 ·
3547 539 3707 612 Εἰρήνη

2200 635 2279 705 τῷ
2312 636 2445 706 οἴκῳ
2479 633 2674 704 τούτῳ.
2721 631 2832 684 Καὶ
2868 630 2964 682 ἐὰν
2993 629 3089 699 μὲν
3119 624 3153 710 ᾗ
3195 630 3311 681 ἐκεῖ
3353 628 3462 689 υἱὸς
3512 629 3708 699 εἱρήνης.

2200 727 2655 783 ἐπαναπαύσεται
2679 723 2765 777 ἐπ’
2783 722 2946 777 αὐτὸν
2970 723 3005 792 ἡ
3025 722 3216 793 εἰρήνη
3232 720 3405 790 ὑμῶν,
3427 721 3538 773 εἰδὲ
3567 726 3628 790 μή
3645 740 3707 789 γτ,

2203 821 2287 887 ἐφ’
2320 821 2463 889 ὑμᾶς
2483 818 2837 886 ᾐνακάμψει.
2887 814 2975 873 Ἑν
3017 813 3154 887 αὐτῇ
3185 812 3239 865 δὲ
3285 813 3354 883 τῇ
3398 811 3533 880 οἰκίᾳ
3564 812 3710 880 μένετε

2201 909 2476 971 ἐσθίοντες
2518 909 2612 961 καὶ
2656 905 2907 968 πίνοντες
2936 903 3007 956 τὰ
3039 904 3169 977 παρ’
3200 902 3400 956 αὐτῶν.
3447 901 3607 966 ’Ἄξιος
3632 905 3712 973 γὰρ

2200 1003 2230 1055 ὁ
2265 1000 2503 1071 ἐργάτης
2538 998 2633 1053 τοῦ
2665 995 2860 1067 μισθοῦ
2896 996 3065 1059 αὐτοῦ
3090 997 3232 1053 ἐστι.
3280 992 3376 1064 Μὴ
3420 994 3714 1063 μεταϐαίνετε

2200 1092 2262 1163 ἐξ
2291 1092 2470 1156 οἰκίας
2505 1094 2585 1155 είς
2614 1090 2815 1149 οἰκίαν.
2848 1089 2960 1143 Καὶ
2994 1090 3074 1152 είς
3105 1087 3172 1163 ἢν
3218 1085 3285 1142 ἂν
3327 1084 3478 1141 πόλιν
3521 1087 3716 1156 εἰσέρχη.

2205 1184 2320 1248 σθε,
2352 1184 2450 1237 καί
2502 1183 2764 1255 δέχωνται
2796 1182 2966 1252 ὑμᾶς.
2996 1181 3205 1234 ἐσθίετε
3248 1178 3321 1233 τὰ.
3363 1176 3716 1255 παρατιθέμενα

2204 1279 2353 1348 ὑμίν.
2414 1277 2523 1331 Καὶ
2557 1275 2896 1347 θεραπεύετε
2927 1272 3053 1336 τοὺς
3084 1274 3142 1325 ἐν
3189 1272 3331 1340 αὐτῇ
3370 1268 3615 1334 ἀσθενείς,
3650 1273 3719 1323 καί

2203 1370 2635 1437 λέγετε-αὑτοῖς·
2670 1369 2943 1437 Ἤγγικεν
2985 1367 3073 1434 ἐφ’
3116 1366 3261 1434 ὑμᾶς
3298 1365 3334 1433 ή
3388 1362 3617 1432 βασιλεία
3649 1364 3718 1417 τοῦ

2203 1462 2362 1519 Θεοῦ.
2394 1482 2414 1515 ι
2457 1461 2675 1532 Ἐπειδὴ
2700 1461 2924 1531 εμελλεν
2939 1460 3136 1520 αὐτοὺς
3157 1455 3505 1513 ἀποστέλλειν
3521 1456 3720 1526 κήρυκας

2203 1555 2299 1609 τοῦ
2349 1556 2702 1623 Εὑαγγελίου,
2750 1554 2886 1623 φησι
2911 1569 2926 1583 ·
2982 1553 3074 1623 Μὴ
3124 1549 3423 1623 βαστάζετε
3469 1549 3718 1618 βαλάντιον,

2207 1647 2349 1717 μήτε
2373 1648 2436 1700 τὸ
2464 1647 2559 1700 κα).
2599 1648 2694 1698 τό·
2735 1646 2899 1716 ἀρκεῖ
2935 1645 3043 1715 γὰρ
3074 1645 3202 1714 ὑμῖν
3247 1641 3348 1712 τὴν
3382 1641 3616 1710 φροντίδα
3651 1642 3718 1693 τοῦ

523 1745 690 1798 verbi.
739 1741 875 1796 Nam
923 1741 968 1797 si
1000 1741 1276 1796 saeculum
1326 1737 1711 1808 portaveritis,
1755 1734 2099 1793 manifestum

2206 1737 2364 1806 λόγου
2389 1740 2559 1808 ἔχειν.
2596 1739 2660 1790 El
2687 1737 2795 1807 γὰρ
2819 1736 3104 1806 βαλάντιον
3134 1733 3461 1805 βαστάζετε,
3487 1731 3718 1800 πρόδηλον,

522 1838 667 1904 quod
708 1836 853 1889 illius
884 1834 1037 1888 vobis
1069 1847 1199 1888 cura
1238 1839 1345 1897 est,
1382 1841 1437 1885 et
1466 1830 1693 1885 verbum
1730 1825 2098 1883 contemnitis.

528 1927 620 1984 Vel
653 1927 814 1981 aliter
840 1945 855 1981 :
888 1925 1155 1992 Quoniam
1187 1924 1365 1978 alendi
1398 1923 1534 1978 estis
1562 1921 1628 1974 ab
1659 1920 1744 1975 bis
1772 1933 1910 1987 quos
1940 1917 2103 1973 doce-

524 2022 629 2083 tis,
657 2018 788 2089 quid
829 2018 984 2072 vobis
1025 2015 1244 2072 saeculo
1272 2029 1430 2086 opus,
1470 2013 1554 2068 vel
1586 2026 1711 2082 pera
1734 2050 1751 2076 ,
1781 2010 1865 2065 vel
1894 2009 2105 2067 calcea-

526 2109 761 2166 mentis?
787 2106 1016 2163 Omnem
1053 2108 1201 2163 enim
1235 2106 1448 2161 illorum
1486 2119 1642 2160 usmn
1682 2101 2106 2172 suppeditabunt

526 2204 578 2260 bi
599 2204 689 2273 qui
713 2218 741 2256 ι
774 2202 927 2256 vobis
966 2201 1325 2256 docebuntur.
1368 2198 1536 2253 Porro
1575 2196 1720 2265 quod
1769 2195 2105 2264 nullum:per

527 2296 667 2346 viam
697 2294 953 2355 salutent,
980 2291 1081 2345 hac
1106 2291 1171 2345 de
1195 2304 1357 2345 causa
1381 2289 1464 2343 eis
1489 2287 1736 2357 iniungit,
1767 2295 1825 2338 ut
1855 2301 1919 2338 ne
1941 2298 2101 2337 occu-

529 2394 786 2452 parentur
820 2383 873 2437 in
905 2382 1185 2436 hominum
1223 2378 1642 2435 salutationibus
1685 2385 1742 2433 et
1777 2376 2105 2437 curiositati-

528 2483 648 2545 hus,
669 2478 866 2549 quibus
889 2491 919 2530 a
949 2476 1334 2547 praedicatione
1355 2474 1770 2544 impedirentur.
1795 2468 2109 2525 Verisimile

527 2572 670 2625 enim
713 2580 799 2624 est
845 2579 905 2623 ut
948 2582 1070 2623 cum
1121 2568 1246 2637 quis
1295 2565 1614 2622 salutaverit
1656 2563 1993 2632 quempiam,
2036 2560 2106 2615 ab

542 2663 731 2716 eodem
764 2661 1110 2723 resalntetur,
1143 2660 1288 2713 etde
1319 2656 1507 2727 majori
1544 2654 1909 2711 familiaritate
1941 2654 2109 2706 inter-

529 2757 803 2825 pelletur:
849 2764 912 2809 ut
959 2754 1075 2809 fieri
1126 2755 1266 2808 solet
1315 2754 1368 2806 in
1413 2753 1499 2807 bis
1546 2750 1637 2820 qui
1675 2748 1836 2804 simul
1882 2750 2102 2803 vadunt.

530 2848 705 2901 Simul
739 2848 883 2902 enim
916 2856 976 2902 ut
1000 2845 1163 2901 amici
1193 2845 1348 2908 facti,
1376 2848 1541 2899 etiam
1577 2842 1806 2909 amplius
1838 2850 1892 2896 et
1925 2841 2108 2896 curio.

530 2940 644 2994 sius
668 2939 920 3009 quiddam
948 2948 1299 2996 scrutantur:
1328 2946 1383 2991 et
1405 2936 1484 2990 sic
1506 2932 1765 3003 paulatim
1791 2931 1844 2985 in
1874 2931 2103 2985 humana

534 3031 747 3100 negotia
774 3027 1003 3100 apostoli
1035 3026 1363 3090 inciderent,
1389 3026 1724 3100 verbumque
1748 3021 2103 3093 negligerent.

532 3120 589 3177 In
633 3090 832 3177 itinere
873 3120 1040 3190 igitur
1084 3120 1323 3183 salutare
1364 3090 1678 3191 quempiam
1722 3129 1784 3169 ea
1825 3090 1901 3168 de
1944 3127 2105 3169 causa
2133 3090 2175 3147 (ἶ

533 3214 800 3282 prohibet.
828 3214 887 3268 In
918 3214 1136 3270 domum
1166 3221 1350 3266 autem
1385 3208 1637 3279 ingressi,
1670 3206 1869 3276 inquit,
1906 3205 2103 3259 dicite:

530 3306 641 3369 Pax
674 3306 799 3362 huic
837 3306 1044 3372 domui,
1077 3304 1183 3359 hoc
1207 3312 1314 3367 est,
1347 3303 1588 3357 salutate
1616 3316 1713 3356 eos
1744 3299 1835 3369 qui
1862 3300 1916 3353 in
1947 3298 2107 3353 domo

532 3405 680 3452 sunt.
720 3396 783 3448 Et
818 3396 1016 3450 deinde
1049 3395 1344 3457 ostendens
1378 3396 1522 3463 quod
1551 3395 1656 3448 hoc
1685 3408 1789 3447 non
1823 3390 1997 3445 solum
2036 3392 2108 3442 sit

532 3489 791 3553 salutare,
816 3489 910 3542 sed
933 3498 989 3542 et
1016 3487 1359 3551 benedicere,
1386 3487 1556 3551 dicit;
1585 3486 1641 3541 Si
1669 3486 1886 3557 quidem
1910 3485 2106 3554 dignus

532 3579 698 3637 fuerit
734 3578 1129 3649 paterfamilias
1150 3618 1167 3645 ,
1202 3577 1554 3634 benedicetur
1580 3596 1594 3632 :
1626 3578 1672 3632 si
1702 3586 1884 3631 atttem
1915 3586 2108 3630 contu-

534 3670 811 3735 meliosus,
841 3679 900 3724 et
931 3684 1037 3724 non
1068 3685 1237 3738 capax
1274 3672 1457 3739 pacis,
1492 3684 1741 3740 pugnans
1765 3680 1821 3723 et
1853 3670 2110 3723 adversa-

536 3762 650 3817 rius
694 3762 931 3817 sermoni
995 3770 1175 3817 vestro
1216 3773 1271 3816 et
1318 3761 1599 3827 doctrinm,
1652 3760 1959 3819 benedictio
2001 3774 2106 3814 non

533 3853 715 3907 veniet
742 3868 907 3922 super
939 3852 1114 3918 illum,
1142 3854 1236 3908 sed
1273 3855 1338 3907 ad
1370 3868 1466 3908 vos
1500 3862 1822 3908 revertetur.
1856 3850 2110 3922 Praecipit

533 3959 747 4015 quoque
792 3960 904 4000 non
943 3945 1326 4000 transeundum
1367 3945 1433 3999 de
1461 3944 1623 4000 domo
1672 3946 1724 3998 in
1759 3932 2011 4008 domum,
2052 3955 2110 3998 ut

535 4051 603 4090 ne
628 4036 912 4089 videantur
936 4034 1134 4105 gulosi,
1164 4044 1219 4088 et
1243 4033 1499 4091 seandalo
1525 4035 1634 4090 sint
1658 4034 1865 4099 multis,
1894 4046 1945 4089 et
1973 4050 2107 4090 cono

534 4127 750 4183 tristeut
779 4142 874 4182 eos
893 4141 923 4181 a
952 4126 1152 4196 quibus
1181 4126 1412 4191 primum
1441 4126 1681 4195 suscepti
1710 4136 1858 4181 sunt.
1884 4125 2110 4195 insuper

532 4218 668 4273 dicit
699 4233 713 4273 :
762 4217 1046 4272 Comedite
1085 4232 1149 4272 ea
1185 4232 1305 4287 qua:
1335 4217 1475 4287 apud
1514 4217 1634 4277 illos
1662 4226 1789 4274 sunt
1818 4234 1834 4273 :
1869 4218 1971 4271 hoc
2002 4227 2107 4284 est,

533 4320 655 4373 qua:
697 4316 1004 4375 proponunt
1030 4307 1215 4372 vobis.
1276 4307 1491 4361 etiamsi
1540 4308 1663 4361 vilia
1693 4318 1749 4361 et
1781 4322 1943 4374 parva
1975 4309 2105 4374 sint,

2202 1830 2289 1891 ὅτι
2319 1832 2405 1885 ἐπ’
2445 1832 2623 1884 ἐκεῖνο
2653 1828 3119 1899 ἀσχοληθήσεσθε,
3166 1827 3262 1881 καὶ
3295 1824 3392 1878 τοῦ
3422 1824 3567 1892 λόγου
3594 1842 3720 1877 κατει-

2205 1928 2531 1997 φρονήσετε.
2572 1923 2783 1989 Ἀλλῳς
2814 1940 2873 1976 τε
2898 1938 2913 1952 ·
2962 1920 3181 1991 Ἐπειδὴ
3215 1919 3444 1989 μέλλετε
3476 1917 3715 1987 τρέφεσθαι

2206 2017 2312 2072 ὑπὸ
2341 2016 2451 2072 τῶν
2491 2016 2921 2086 διδασκομένων,
2952 2014 3035 2076 τίς
3075 2011 3235 2083 χρεία
3266 2012 3550 2083 βαλαντίων
3574 2010 3716 2079 ύμῖνῆ

2205 2110 2410 2181 πήρας,
2443 2108 2477 2180 ἢ
2512 2108 2919 2179 ὑποδημάτων;
2950 2106 3138 2160 Πᾶσαν
3167 2104 3281 2173 γὰρ
3313 2104 3442 2173 ὑμῖν
3470 2102 3557 2171 τὴν
3577 2102 3719 2173 χρείαν

2203 2201 2411 2257 τούτων
2434 2201 2483 2256 οἰ
2511 2199 2889 2270 διδασκόμενοι
2920 2197 3421 2271 ἀποθεραπεύουσι.
3442 2196 3513 2251 Τὸ
3529 2197 3599 2262 δὲ,
3630 2198 3721 2267 Mr,-

2205 2295 2335 2349 δένα
2362 2295 2506 2349 κατὰ
2542 2295 2640 2360 τὴν
2690 2293 2810 2349 ὁδδν
2853 2292 3189 2358 ἀσπάζεσθε,
3249 2292 3348 2346 διὰ
3396 2290 3549 2345 τοῦτο
3583 2292 3721 2353 αὐτοῖς

2205 2386 2507 2457 ἐπιτίθησι,
2540 2384 2630 2438 διὰ
2655 2386 2713 2438 τὸ
2751 2384 2827 2454 μὴ
2859 2383 3296 2454 ἀπασχολεῖσθαι
3339 2382 3470 2451 περὶ
3504 2382 3720 2453 direpturi.

2205 2496 2328 2541 νους
2364 2477 2713 2546 ἀσπασμοὺς,
2750 2478 2843 2529 καί
2869 2475 3313 2545 φιλοφρονήσεις,
3359 2475 3453 2528 καὶ
3489 2476 3547 2527 ἐκ
3577 2475 3721 2527 τούτου

2207 2569 2344 2638 πρὸς
2376 2567 2436 2622 τὸ
2469 2567 2736 2637 κήρυγμα
2767 2565 3177 2636 ἐμποδίζεσθαι.
3212 2565 3381 2628 Εἰκὸς
3408 2564 3511 2636 γὰρ
3547 2566 3624 2618 τὸν
3655 2580 3721 2616 τντ

2206 2663 2367 2731 χόντα
2394 2660 2487 2713 τοῦ
2522 2658 2841 2729 ἀσπασμοῦ,
2901 2659 3065 2713 πάλιν
3098 2660 3192 2711 καὶ
3221 2658 3390 2712 αὑτὸν
3430 2659 3720 2712 ἀντασπάσα-

2170 2781 2175 2787 ~
2209 2754 2358 2818 σθαι,
2390 2754 2487 2813 καὶ
2535 2752 2698 2823 τυχὸν
2749 2753 2845 2806 καὶ
2877 2753 3227 2823 μακροτέρας
3271 2750 3487 2822 ὁμιλίας
3523 2750 3719 2816 ἀξιῶσαι,

2206 2840 2295 2901 οἷα
2338 2846 2409 2899 τά
2455 2844 2564 2898 τῶν
2599 2843 3145 2915 συνοδοιπορούντων,
3206 2838 3333 2897 εἶτα
3366 2842 3441 2906 ὡς
3474 2843 3565 2913 ήδη
3609 2843 3721 2911 φίλον

2207 2940 2520 3009 γενόμενον,
2566 2940 2664 2993 καὶ
2725 2936 3237 3012 φιλοφρονήσασθαί.
3273 2953 3333 2989 τι
3383 2935 3720 3006 περιττότερον,

2210 3032 2305 3085 καὶ
2332 3030 2477 3086 οὓτω
2514 3032 2658 3085 κατὰ
2693 3030 2891 3101 μικρὸν
2939 3030 3021 3093 είς
3045 3028 3400 3097 ἀνθρωπίνας
3448 3029 3633 3097 σχέσεις
3657 3026 3722 3078 τὸν

2208 3126 2507 3181 ἀπόστολον
2538 3126 2819 3189 ἱκπεσείν,
2862 3124 2957 3181 καὶ
2988 3121 3260 3191 ἀμελῆσαι
3292 3120 3389 3174 τοῦ
3413 3120 3579 3188 λόγου.
3608 3120 3721 3172 Rati

2207 3215 2309 3286 μὲν
2347 3210 2443 3269 οὖν
2468 3215 2568 3283 τὴν
2594 3214 2715 3271 ὁδὸν
2755 3212 3101 3277 ἀσπάζεσθαί
3147 3229 3271 3265 τινα
3308 3211 3503 3266 κωλύει
3540 3212 3614 3264 διὰ.
3650 3211 3720 3277 τὴν

2205 3306 2506 3383 εἰρημένην
2533 3306 2736 3362 αἰτίαν.
2772 3306 2866 3368 Εἰς
2891 3305 2948 3358 δὲ
2983 3306 3159 3357 οἰκίαν
3193 3303 3581 3381 εὲσερχὸμενοι,
3607 3302 3719 3369 φησὶ,

2207 3399 2397 3467 λέγετε
2422 3417 2437 3431 ·
2476 3400 2681 3470 εἰρήνη
2708 3398 2785 3469 τῷ
2828 3399 2964 3465 οἴκῳ
3010 3396 3187 3467 τούτῳ
3220 3413 3238 3431 ο
3259 3398 3555 3456 τουτέστιν,
3594 3391 3722 3446 dand-

2211 3492 2370 3556 ζεσθε
2398 3493 2526 3555 τοὺς
2552 3494 2612 3551 ἐν
2636 3494 2701 3563 τῇ
2726 3491 2894 3561 οἰκίᾳ.
2939 3486 3071 3548 Εἶτα
3093 3487 3384 3553 δεικνύων,
3406 3489 3486 3542 ὅτι
3516 3486 3568 3540 ού
3605 3486 3721 3554 μόνον

2206 3585 2496 3654 ἀσπασμός
2524 3587 2641 3638 ἐστι
2669 3585 2846 3649 τοῦτο,
2880 3584 3018 3637 ἀλλά
3047 3586 3144 3639 καὶ
3173 3581 3420 3650 εὐλογία,
3466 3579 3629 3650 φησίν,
3662 3576 3721 3628 ὅτι

2206 3678 2347 3731 Ἐὰν
2374 3678 2474 3747 μὲν
2561 3677 2708 3741 ἄξιος
2729 3676 2758 3728 ὁ
2791 3676 3195 3746 οἰκοδεσπότης,
3241 3674 3660 3744 εὐλογηθήσετσι,
3689 3670 3722 3719 εἰ

2206 3770 2265 3825 δὶ
2317 3769 2582 3841 ὑϐριστὴς
2616 3770 2710 3823 καὶ
2758 3769 3115 3833 ἀνεπίδεκτος
3172 3770 3428 3841 εἰρήνης,
3478 3766 3722 3837 paleam

2209 3864 2305 3918 καὶ
2336 3863 2752 3931 ἐναντιούμενος
2811 3860 2892 3931 τῷ
2931 3861 3077 3932 λόγῳ
3112 3860 3269 3932 ὑμῶν
3306 3862 3404 3915 καὶ
3431 3863 3495 3931 τῇ
3526 3858 3723 3912 διδασκαο

2208 3953 2318 4025 λίᾳ,
2348 3956 2382 4025 ἠ
2413 3954 2637 4022 εὐλογία
2690 3954 2792 4006 οῦκ
2840 3954 2929 4007 ἐπ’
2967 3953 3133 4007 αὐτὸν
3171 3951 3320 4021 ἥξει,
3356 3953 3473 4007 ἀλλ’
3517 3953 3587 4014 είς
3618 3950 3722 4017 ὑμᾶς

2208 4043 2634 4113 ἐπαναστρέῲει.
2663 4043 2754 4113 Μὴ
2787 4041 3138 4113 μεταϐαίνειν
3166 4043 3225 4096 δὲ
3252 4044 3337 4105 εἰς
3380 4042 3567 4102 πολλὰς
3588 4040 3723 4099 οἰκίας

2207 4116 2603 4213 παραγγέλλει,
2658 4134 2745 4187 ἶνα
2801 4133 2876 4203 μὴ
2923 4133 3124 4187 δοκῶσι
3175 4134 3607 4203 γαστρίμαργοι,
3654 4128 3721 4180 ui

2210 4225 2606 4286 σκανδαλίζωσι
2654 4224 2902 4291 πολλοὺς,
2949 4226 3044 4277 καὶ
3083 4224 3296 4285 λυπῶσι
3330 4225 3457 4287 τοὺς
3501 4222 3556 4288 ἐξ
3593 4217 3721 4291 ἀρχῆς

2210 4316 2673 4389 ὑποδεξαμένους.
2718 4317 2881 4371 Ἀλλὰ
2932 4319 3028 4371 καὶ
3068 4316 3302 4381 ἐσθίετε,
3341 4316 3512 4386 φησὶ.
3547 4317 3605 4367 τὰ
3628 4308 3722 4379 παρ’

536 4396 671 4450 nihil
705 4397 936 4465 amplius
974 4397 1332 4466 inquirentes.
1374 4396 1481 4452 Pro
1513 4399 1760 4453 mercede
1792 4407 1971 4455 autem
2014 4399 2104 4454 ha-

2212 4407 2412 4474 αὐτῶν,
2445 4408 2745 4472 τουτέστιν,
2794 4406 2830 4462 ἂ
2863 4407 3204 4478 προσάγουσι
3259 4409 3412 4477 ὑμῖν,
3463 4406 3559 4460 κᾶν
3594 4400 3722 4470 μικρά

536 4489 660 4545 bete
686 4489 893 4545 cibum.
924 4487 990 4544 Et
1023 4505 1091 4545 ne
1114 4490 1372 4561 quaeratis
1411 4498 1466 4542 et
1498 4489 1680 4558 pasci,
1719 4499 1774 4544 et
1801 4490 2106 4545 mercedem

537 4584 760 4650 insuper
797 4583 1063 4653 accipere,
1091 4584 1187 4638 sed
1220 4584 1395 4638 cibum
1435 4596 1533 4650 pro
1562 4581 1810 4637 mercede
1837 4583 2105 4637 habetote.

539 4673 672 4729 Vide
709 4673 875 4743 igitur
915 4675 1190 4744 quomodo
1234 4672 1527 4742 discipulos
1569 4675 1833 4729 adversus
1868 4674 2106 4746 in0piam

534 4765 794 4831 instruat,
827 4776 884 4821 et
913 4779 1135 4820 securos
1165 4763 1346 4819 faciat.
1388 4764 1599 4820 Sanare
1632 4776 1810 4821 autem
1856 4776 1912 4822 et
1958 4765 2111 4821 infir—

538 4872 653 4911 mos
699 4858 790 4927 qui
834 4858 888 4911 in
933 4857 1271 4920 civitatibus,
1317 4858 1594 4926 praecipit,
1629 4867 1687 4912 ut
1726 4859 2109 4915 miraculorum

531 4950 850 5017 operatione
876 4949 1154 5002 attrabant
1182 4948 1434 5002 homines
1455 4948 1522 5001 ad
1551 4950 1776 5009 verbum
1805 4950 1945 5017 quod
1973 4966 2112 5022 pm.

538 5044 739 5097 dit-ant.
775 5041 840 5096 Et
871 5043 993 5098 vide
1031 5041 1159 5110 quid
1195 5041 1377 5096 dicat:
1425 5038 1491 5094 Et
1534 5040 1696 5096 dicite
1733 5041 1856 5096 eis:
1898 5042 2109 5111 Appro-

534 5134 824 5206 pinquavit
852 5135 902 5188 in
928 5150 1024 5189 vos
1058 5149 1277 5202 regnum
1304 5133 1416 5187 Dei.
1450 5132 1584 5187 Nam
1611 5133 1657 5187 si
1689 5134 1921 5203 primum
1949 5150 2111 5189 sana-

538 5224 745 5287 veritis,
782 5239 845 5278 ac
876 5226 1070 5280 deinde
1101 5225 1422 5288 docueritis,
1457 5224 1687 5279 feliciter
1714 5236 1898 5278 curret
1929 5241 2109 5280 sermo

533 5313 704 5386 3M
734 5326 940 5379 vester.
970 5327 1025 5371 et
1054 5319 1277 5372 credent
1308 5317 1553 5371 homines
1587 5321 1729 5387 quod
1761 5334 1980 5389 regnum
2016 5320 2106 5374 Dei

538 5407 849 5474 pervenerit
906 5408 959 5462 in
993 5410 1161 5478 ipsos.
1196 5410 1311 5464 Non
1342 5410 1484 5464 enim
1518 5412 1690 5465 sanati
1721 5412 1968 5477 fuissent,
2002 5414 2106 5469 nisi

538 5497 720 5550 divina
758 5498 1003 5566 quaedam
1039 5502 1212 5555 virtus
1254 5502 1441 5557 fuisset
1475 5503 1584 5557 haec
1615 5518 1862 5573 operans.
1905 5506 2012 5561 Sed
2053 5515 2109 5562 et

539 5590 759 5656 quando
796 5590 919 5657 quis
962 5591 1143 5646 animo
1176 5602 1446 5663 aegrotans
1485 5603 1711 5649 sanatus
1752 5593 1944 5658 fuerit,
1980 5605 2108 5650 tunc

542 5682 988 5756 appropinquavit
1033 5684 1087 5739 in
1112 5699 1233 5740 cum
1282 5700 1503 5755 regnum
1547 5686 1661 5741 Dt-i.
1704 5686 1785 5740 Ab
1812 5698 2107 5757 a'grotaute

2209 4496 2365 4565 ὦσιν,
2396 4498 2500 4555 κᾶν
2527 4500 2740 4567 εὐτελῆ,
2773 4501 2939 4570 μηδὲν
2970 4500 3131 4553 πλέον
3172 4498 3571 4566 ἐπιζητοῦντες.
3620 4492 3720 4548 Ἀντί

2214 4592 2412 4664 μισθοῦ
2452 4592 2509 4646 δὲ
2549 4592 2700 4661 ἔχετε
2733 4591 2832 4663 τὴν
2874 4595 3106 4662 τροφὴν,
3162 4595 3257 4645 καὶ
3296 4592 3372 4661 μὴ
3421 4591 3613 4659 ζητεῖτε
3655 4584 3721 4635 ιιιί

2208 4682 2536 4752 τρέφεσθαι,
2564 4682 2660 4735 καὶ
2691 4681 2884 4751 μισθὸν
2910 4682 3073 4741 πάλιν
3097 4682 3247 4751 παρὰ
3272 4682 3437 4751 μέρος
3459 4678 3717 4746 λαμϐάνειν.

2210 4773 2327 4827 ἀλλ’
2381 4773 2551 4842 αὐτὴν
2594 4772 2694 4842 τὴν
2724 4774 2932 4843 τροφὴν
3000 4773 3121 4827 ἀντὶ
3171 4772 3365 4843 μισθοῦ
3409 4773 3567 4842 ἔχετε.
3617 4768 3720 4829 ’ομ

2208 4861 2326 4928 οῦν,
2355 4864 2472 4927 πῶς
2510 4864 2637 4926 τοὺς
2674 4864 2922 4934 μαθητὰς
2956 4834 3389 4933 ’ἐξασφαλίξεται
3432 4863 3559 4937 πρζις
3595 4861 3716 4922 exn,-

2213 4954 2479 5028 μοσύνην,
2516 4956 2611 5008 καὶ
2655 4955 2979 5024 θεραπεύειν
3017 4956 3076 5008 δὲ
3119 4951 3244 5018 τοὺς
3291 4959 3347 5010 ἐν
3394 4958 3508 5017 ταῖς
3553 4951 3719 5004 πόλεσιν

2210 5048 2458 5110 ἀσθενεῖς
2484 5046 2875 5117 παραγγέλλει,
2903 5046 2991 5101 ἵνα
3004 5047 3256 5100 ἐντεῦθεν
3286 5041 3709 5115 θαυματουργοῦν·

2212 5158 2328 5205 τες,
2359 5140 2732 5210 ὲφελκύωνται
2769 5142 2896 5203 τοὺς
2927 5140 3245 5211 ἀνθρώπους
3274 5143 3366 5195 ἐπὶ
3396 5142 3456 5194 τὸ
3489 5141 3715 5205 κήρυγμασ

2212 5234 2354 5303 Ὅρα
2386 5234 2494 5303 γὰρ
2524 5234 2576 5285 τί
2601 5249 2754 5302 φησι,
2792 5234 2900 5286 Καὶ
2933 5232 3119 5299 λέγετε
3143 5234 3465 5299 αὑτοῖςδδτι
3510 5232 3716 5295 Ἤγγικεν

2208 5324 2295 5391 ἔφ’
2340 5325 2485 5392 ὑμᾶς
2523 5325 2556 5395 ή
2596 5323 2846 5392 βασιλεία
2886 5323 2978 5378 τοῦ
3021 5324 3177 5377 Θεοῦ.
3212 5326 3273 5378 Εἰ
3311 5323 3630 5394 γάρπρῶτον
3653 5318 3714 5368 θί-

2213 5418 2503 5486 ραπεύετε,
2532 5412 2651 5469 εἶτα
2676 5416 2978 5480 διδάσκετε,
3011 5417 3334 5487 εύδρομήσει
3362 5419 3484 5487 ύμῖν
3519 5418 3546 5467 ὀ
3576 5412 3712 5477 λόγος,

2211 5509 2307 5562 καὶ
2342 5508 2730 5562 πιστεύσουσιν
2761 5510 2811 5562 οί
2867 5508 3165 5579 ἄνθρωποιζ
3203 5513 3286 5564 ὅτι
3323 5513 3355 5580 ἡ
3388 5507 3610 5581 βασιλεία
3643 5500 3712 5554 τοῦ

2209 5602 2344 5656 Θεοῦ
2367 5603 2597 5672 ἔφθασεν
2616 5604 2700 5655 ἐπ’
2714 5602 2878 5656 αύτού
2891 5622 2929 5666 ;.
2955 5604 3067 5657 Οὐκ
3088 5604 3156 5658 ἂν
3173 5606 3280 5674 γὰρ
3302 5593 3712 5675 ἐθεραπεύοντο.εὶ

2218 5696 2292 5765 μή
2325 5711 2408 5759 τις
2444 5693 2565 5749 θεία
2597 5693 2826 5765 δύναμις
2855 5690 2924 5765 ἧν
2955 5699 2987 5767 ἡ
3020 5695 3192 5751 ταῦτα
3220 5696 3460 5751 τελοῦσα.
3484 5687 3711 5757 nimio
