3896 6452
181 349 273 416 8ίὶ

919 358 1360 424 ENARRATIO
1399 364 1480 423 ΙΝ
1520 365 2019 431 EVANGELIUM
2058 372 2293 438 LUCrE.
2329 401 2396 414 —
2434 381 2589 444 CAP.
2634 385 2707 447 X.

3331 399 3440 464 842

190 464 342 529 Θεοῦ,
366 464 463 520 καὶ
492 464 697 538 χάριτι.
732 467 843 522 Καὶ
892 472 922 524 6
953 473 1052 542 μὲν
1080 474 1324 542 διάϐολος
1348 479 1553 533 ἄνωθεν
1583 500 1720 537 κχτα

1825 537 1828 546 λ
1860 499 1965 553 que
1989 487 2242 557 gaudium
2274 493 2491 549 nomina
2529 504 2708 553 vestra
2740 498 2797 555 in
2823 502 2976 560 caelis
3006 507 3192 575 scribi,
3230 522 3283 567 et
3313 529 3434 570 esse

188 559 387 624 πίπτει,
416 559 468 613 οι
507 558 563 613 δὲ
599 557 881 634 ἄνθρωποι
913 558 1065 619 κάτω
1089 566 1239 631 ὄντες
1279 571 1583 640 γράφονται
1616 576 1747 630 ἄνω.

172 650 255 703 Ἦ
279 650 507 723 ἀληθινὴ
531 646 620 706 οὖν
652 651 820 724 χαρὰ,
843 653 904 708 τὺ
926 656 1237 728 γράφεσθαι
1255 662 1409 734 ὑμῶν
1426 663 1493 718 τὰ
1513 665 1751 737 ὀνόματα

179 743 286 799 άνω
312 747 407 798 καὶ⁵
442 736 885 817 μνημονεύεσθαι
925 750 1033 805 ὑπὸ
1061 753 1218 811 Θεοῦ.

249 855 267 888 ι
314 837 401 890 Ἐν
433 836 568 910 αὐτῇ
612 840 676 911 τῇ
705 838 827 913 ῶρᾳ
877 840 1242 911 ἠγαλλίασατο
1290 848 1368 920 τῷ
1414 851 1683 923 πνεύματι
1722 857 1750 909 6

192 926 410 996 Ἰησοῦς,
464 929 561 984 καὶ
588 924 784 984 εἶπεν·
822 931 1289 1007 Ἐξομολογοῦμαί
1360 958 1481 1008 σοι,
1541 943 1743 1017 Πάτερ,

178 1021 342 1092 Κύριε
372 1021 469 1074 τοῦ
517 1022 749 1093 ούρανοῢ
798 1026 894 1079 καὶ
950 1027 1052 1100 τῆς
1089 1029 1221 1100 γῆς,
1284 1033 1367 1087 δτι
1418 1036 1746 1109 ἀπέκρυψας

174 1111 337 1166 ταῦτα
392 1113 501 1167 ἀπὸ
532 1115 712 1184 σοφῶν
769 1116 867 1172 καὶ
907 1121 1180 1188 συνετῶν,
1240 1122 1335 1178 καὶ
1385 1125 1746 1199 ἀπεκάλυψας

173 1202 302 1256 αὐτὰ
330 1204 549 1274 νηπίοις
580 1223 592 1235 ·
631 1208 746 1266 ναὶ.
781 1210 810 1262 6
846 1210 1059 1285 Πατὴρ,
1101 1212 1185 1267 ὅτι
1210 1214 1382 1281 οὕτως
1421 1219 1637 1288 ἐγένετο
1657 1224 1746 1277 εύ-

169 1293 311 1348 δοκία
337 1295 653 1367 ἔμπροσθέν
682 1318 797 1356 σου.
836 1321 855 1354 ι
887 1303 1097 1376 Ὥσπερ
1117 1308 1299 1380 πατὴρ
1316 1310 1521 1380 ἀγαθὸς
1547 1316 1743 1381 παῖδας

171 1382 284 1440 ἰδὼν
312 1389 778 1461 κατορθώσαντας
809 1413 884 1461 τι,
918 1395 1062 1451 οὕτω
1091 1400 1186 1453 καὶ
1231 1403 1260 1455 6
1290 1404 1481 1478 Σωτὴρ
1510 1407 1742 1476 ἀγάλλε-

164 1494 267 1543 ται,
293 1479 375 1533 ὅτι
427 1483 692 1538 τοιούτων
719 1486 942 1556 ἀγαθῶν
971 1489 1286 1563 ἠξιώθησαν
1327 1497 1377 1549 οἱ
1424 1486 1734 1559 ἀπόστολοι.

164 1571 483 1645 Εὑχαριστεῖ
535 1571 631 1631 οὖν
691 1579 768 1650 τῷ
823 1582 1022 1653 Πατρὶ,
1080 1586 1162 1641 ὅτι
1223 1589 1620 1663 ἀπεκρύὸησαν
1672 1596 1738 1650 τὰ

163 1663 378 1719 τοιαῦτα
433 1670 721 1742 μυστήρια
758 1673 867 1726 ἀπὸ
898 1678 1102 1744 σοφῶν,
1141 1679 1249 1732 τῶν
1278 1681 1589 1753 Φαρισαίων
1639 1687 1734 1758 δη-

161 1753 284 1825 λαδὴ
317 1755 410 1810 καὶ
440 1757 831 1830 Γραμματέων
861 1765 970 1819 τῶν
991 1768 1405 1839 ἑρμηνευὸντων
1425 1776 1518 1829 τὸν
1548 1753 1731 1849 νόμον,

160 1844 247 1898 καὶ
281 1849 526 1901 συνετῶν
559 1849 672 1904 τῶν
728 1853 1189 1928 μαθητευομένων
1250 1861 1356 1915 ὑπὸ
1408 1863 1615 1922 τούτων
1666 1869 1732 1942 δὴ
1766 1845 1807 1905 Β

159 1936 258 1991 τῶν
287 1937 692 2011 Γραμματέων.
731 1944 905 2016 Σοφδς
937 1949 1039 2019 μὲν
1073 1951 1182 2023 γάρ
1208 1952 1354 2007 ἐστιν
1383 1955 1411 2007 6
1440 1936 1729 2027 διδάσκων,

160 2031 366 2095 συνετὸς
398 2031 456 2085 δὲ
506 2034 536 2085 6
574 2035 960 2109 διδασκόμενος
989 2042 1084 2095 καὶ
1114 2045 1318 2109 συνιεὶς
1345 2046 1415 2101 τὰ
1443 2048 1731 2121 λεγόμενα.

159 2115 273 2175 Οίον
305 2122 706 2195 ύποδείγμωςος
737 2130 896 2202 χάριν
919 2173 935 2197 ,
989 2135 1151 2203 σοφὸς
1181 2137 1207 2189 6
1241 2115 1545 2212 Γαμαλιὴλ,
1575 2115 1735 2196 συνε-

157 2212 241 2278 τδς
267 2214 320 2267 δὲ
349 2216 377 2268 6
404 2212 642 2284 Παῦλος.
685 2219 744 2274 Ὀ
773 2222 872 2292 μὲν
921 2224 1031 2296 γὰρ
1078 2225 1422 2295 διδάσκαλος,
1466 2233 1494 2284 6
1520 2232 1578 2286 δὲ
1610 2250 1733 2289 συν-
1778 2268 1781 2271 -

163 2307 251 2369 ιεὶς
278 2306 342 2361 τὰ
380 2307 654 2381 λεγόμενα
696 2314 830 2386 παρ’
859 2316 1093 2375 ἐκείνου,
1115 2319 1363 2388 Νηπίους
1391 2322 1446 2374 δὲ
1474 2324 1731 2394 ὀνομάζει

157 2398 270 2461 τοὺς
296 2400 534 2466 οἰκείους
571 2404 822 2476 μαθητὰς
846 2409 875 2461 6
903 2407 1130 2480 Κύριος,
1178 2406 1265 2465 οἷα
1298 2411 1373 2485 μὴ
1400 2410 1729 2486 νομομαθεῖς

158 2489 325 2556 δντας,
379 2490 519 2548 ἀλλὰ
574 2497 701 2561 τοὺς
737 2499 957 2565 πλείους
1015 2503 1078 2556 ἐκ
1126 2503 1222 2557 τοῦ
1274 2503 1433 2574 δχλου
1478 2509 1572 2560 καὶ
1618 2509 1729 2561 τῶν

157 2582 339 2637 ἀλιέων
371 2591 903 2661 συνηρανισμένους.
943 2593 1107 2649 Ἀλλὰ
1138 2597 1247 2668 μὴν
1277 2600 1371 2652 καὶ
1402 2598 1478 2664 ὡς
1506 2600 1724 2667 ἄκακοι,

158 2676 325 2745 νήπιοι
358 2676 425 2730 ἂν
457 2678 737 2750 κληθεῖεν.
794 2683 1028 2739 Ἐκεῖνοι
1078 2687 1133 2740 δὲ
1183 2688 1470 2753 δοκοῦντες
1517 2692 1726 2745 συνετοὶ

159 2766 243 2819 καὶ
266 2769 440 2836 σοφοὶ,
462 2770 529 2824 οὐ
558 2770 667 2843 μὴν
691 2773 866 2841 ὄντες.
910 2776 1228 2849 Ἀπεκρύϐη
1249 2776 1345 2835 οὖν
1364 2781 1433 2834 τὰ
1452 2784 1724 2853 μυστήρια

158 2857 254 2912 ἀπὸ
289 2858 396 2915 τῶν
442 2862 756 2920 δοκούντων
807 2867 990 2938 σοφῶν
1036 2871 1132 2924 καὶ
1192 2874 1452 2938 συνετῶν,
1507 2873 1568 2928 οὐ
1617 2877 1724 2947 μὴν

156 2948 326 3006 ὄντων.
358 2953 419 3005 Εί
441 2954 556 3027 γὰρ
587 2951 752 3029 ἦσαν,
785 2959 1150 3033 ἀπεκαλύφθη
1183 2961 1250 3016 ἂν
1280 2965 1482 3027 αὐτοῖς.
1530 2966 1655 3034 Ναὶ,
1695 2969 1723 3021 ὁ

161 3040 355 3114 Πατὴρ,
401 3047 723 3120 εὐχαριστῶ
760 3069 862 3119 σοι,
896 3053 978 3107 ὅτι
1026 3053 1202 3120 οὕτως
1249 3057 1464 3125 ἐγένετο
1500 3059 1720 3115 εὐδοκία

155 3130 446 3204 ἔμπροσθέν
483 3155 609 3206 σου,
640 3142 941 3210 τουτέστιν,
972 3147 1053 3200 ὅτι
1095 3146 1320 3220 τοιαύτη
1361 3149 1578 3207 εὐδοκία
1626 3154 1722 3208 καὶ

1862 578 1911 630 iu
1940 582 2203 635 memoria
2230 579 2351 638 Dei.

1926 857 2091 917 Vens.
2133 862 2223 920 2|.
2282 884 2301 915 ι
2352 865 2407 919 In
2460 872 2645 924 eadem
2694 872 2823 928 ltora
2896 883 3186 941 exsultavit
3236 890 3429 959 Spiritu

1818 950 2041 1019 -ιυειιε,
2073 963 2127 1009 ιιι
2158 957 2333 1015 dixit:
2363 959 2642 1018 Confiteor
2670 965 2800 1032 tibi,
2829 969 3009 1041 Pater,
3049 950 3279 1035 Domine
3305 968 3427 1038 coeti

1851 1052 1901 1097 et
1939 1054 2128 1113 terrae,
2179 1050 2323 1117 quod
2369 1052 2707 1113 abscondisti
2765 1060 2880 1117 lucc
2923 1079 2953 1118 a
2997 1070 3331 1138 sapientibus
3372 1088 3429 1131 et

1851 1140 2225 1209 prudentibus,
2252 1154 2306 1200 et
2344 1150 2594 1205 revelasti
2624 1160 2685 1208 ea
2713 1158 2952 1225 parvulis
2977 1177 2991 1214 :
3021 1163 3206 1231 etiam,
3235 1165 3425 1235 Pater,

1848 1231 2101 1298 quoniam
2154 1236 2232 1290 sic
2283 1240 2663 1309 complacitum
2712 1255 2799 1301 est
2848 1265 3031 1305 coram
3081 1264 3153 1309 te.
3206 1275 3225 1308 ι
3276 1258 3426 1314 Sicut

1846 1332 1998 1391 pater
2031 1324 2203 1382 bonus
2237 1345 2359 1384 cum
2401 1332 2597 1389 viderit
2640 1335 2780 1394 filios
2815 1354 2957 1397 recta
2989 1347 3231 1414 quadam
3259 1365 3424 1427 opera

1844 1417 2098 1485 gessisse,
2123 1420 2193 1476 ita
2224 1423 2474 1481 Salvator
2498 1430 2753 1500 exsultat,
2791 1436 2916 1505 quia
2951 1439 3073 1494 talia
3097 1440 3236 1497 bona
3271 1417 3424 1499 εξο-

1843 1511 1949 1562 cuti
1975 1521 2131 1566 erant
2170 1516 2419 1585 apostoli.
2467 1518 2654 1591 Itaque
2694 1525 2842 1581 Patri
2887 1532 3087 1595 gratias
3129 1536 3237 1606 agit
3279 1542 3422 1608 quod

1840 1601 2192 1658 occultaverit
2235 1609 2450 1677 quidem
2498 1612 2622 1668 talia
2675 1622 2930 1688 mysteria
2983 1640 3011 1676 a
3058 1601 3418 1695 sapientibus,

1841 1690 2128 1751 Pharismis
2156 1698 2363 1755 scilicet
2404 1711 2457 1757 ct
2485 1702 2691 1764 Scribis
2719 1711 2811 1780 qui
2852 1712 3024 1785 legem
3055 1720 3419 1789 interpretan-

1840 1789 1946 1847 tur,
2002 1792 2053 1838 et
2099 1787 2550 1862 ittlelligcntiltus,
2614 1798 2714 1855 hoc
2763 1805 2861 1869 est?
2903 1787 3410 1877 discipttlishorum

1839 1872 2175 1934 Scribarum.
2220 1882 2453 1952 Sapiens
2484 1891 2624 1945 enim
2654 1905 2737 1949 est
2771 1901 2859 1966 qui
2892 1898 3071 1965 docet,
3104 1894 3437 1979 intelligens-1

1839 1977 2016 2024 autem
2052 1972 2143 2039 qui
2180 1972 2403 2032 docetur
2443 1987 2497 2034 et
2539 1981 2790 2055 intelligit
2832 2003 2954 2057 quae
2997 1993 3249 2052 dicuntur
3333 2013 3413 2065 ut,

1836 2061 2068 2129 exempli
2108 2065 2311 2134 gratia,
2348 2069 2563 2140 sapiens
2595 2071 2894 2143 Gamaliel,
2934 2081 3234 2155 intelligens
3269 2061 3412 2143 ίδιιιιΣ

1835 2148 1950 2207 Ius:
1997 2153 2087 2210 ille
2125 2156 2268 2212 enim
2300 2159 2548 2226 docebat,
2580 2165 2667 2221 hic
2702 2167 3036 2242 iutelligebat
3072 2148 3192 2248 qua:
3225 2182 3292 2237 ab
3323 2182 3412 2235 illo

1835 2243 2185 2304 docebantur.
2235 2249 2500 2311 Parvulos
2548 2267 2728 2314 autem
2782 2243 3105 2323 nominabat.
3152 2270 3413 2327 Dominus

1834 2347 1965 2390 suos
2012 2337 2346 2408 discipulos,
2393 2354 2577 2415 utpote
2624 2365 2718 2406 cos
2755 2353 2846 2423 qui
2887 2356 2938 2410 in
2978 2358 3093 2429 lege
3128 2361 3272 2418 docti
3304 2382 3408 2421 ιιυι

1831 2437 2021 2495 erant,
2066 2432 2158 2485 sed
2209 2434 2451 2506 plerique
2483 2455 2549 2494 ex
2595 2442 2747 2498 turba
2790 2456 2845 2501 et
2883 2449 3247 2518 piscatoribus
3282 2472 3410 2511 cnn-

1833 2520 2060 2591 gregati.
2099 2523 2486 2585 Verumtamen
2524 2541 2577 2586 et
2609 2537 2818 2603 parvuli
2856 2540 2983 2595 dicti
3016 2554 3140 2600 sunt
3172 2546 3241 2602 ob
3275 2564 3407 2618 pue-

1833 2608 1987 2665 rilem
2021 2614 2447 2685 simplicitatem.
2480 2622 2559 2679 Illi
2586 2637 2764 2682 autem
2802 2632 3073 2703 sapientes
3100 2639 3252 2707 dicti,
3280 2634 3407 2713 quia

1832 2703 2151 2762 videbantur
2196 2711 2504 2781 sapientes,
2551 2731 2672 2772 cum
2718 2723 2989 2793 sapientes
3038 2746 3143 2785 non
3197 2750 3401 2792 essem.

1827 2797 2126 2855 Abscondit
2172 2801 2336 2872 igitur
2384 2809 2637 2878 mysteria
2690 2811 2758 2868 ab
2807 2815 2892 2872 Itis
2941 2819 3032 2889 qui
3081 2822 3403 2885 videbantur

1827 2888 2099 2956 sapientes
2133 2901 2188 2947 ct
2216 2893 2607 2968 intelligentes,
2656 2916 2777 2959 cum
2821 2907 3006 2978 utique
3047 2926 3153 2969 nou
3197 2930 3398 2975 essent.

1825 2976 1960 3033 Nam
1987 2981 2034 3036 si
2064 2982 2307 3054 fuissent,
2340 2991 2574 3047 revelata
2600 2994 2830 3054 fuissent
2856 2976 2955 3056 eis.
2987 3003 3189 3075 Etiam,
3218 3007 3398 3078 Pater,

1825 3071 2027 3142 gratias
2057 3088 2158 3145 ago
2191 3076 2308 3142 tibi,
2341 3080 2468 3151 quia
2501 3085 3009 3163 sicrbencplacitum
3037 3095 3137 3151 fuit
3165 3071 3289 3155 ante
3323 3082 3409 3169 te,

1745 3186 1791 3250 ρ
1825 3164 1931 3220 hoc
1954 3176 2071 3234 est,
2111 3166 2216 3224 fuit
2253 3170 2376 3229 talis
2411 3178 2726 3246 approbatio
2760 3191 2812 3237 et
2857 3185 3039 3242 volitio
3080 3198 3208 3249 ante
3242 3203 3312 3263 te,
3344 3164 3398 3252 et

159 3226 356 3301 θέλησις
392 3233 620 3301 ἐγένετο
673 3233 994 3308 ἔμπροσθέν
1046 3255 1163 3306 σου,
1196 3241 1290 3296 καὶ
1327 3240 1503 3307 οὕτως
1549 3245 1719 3315 ἤρεσέ

1825 3257 1906 3314 sic
1931 3226 2138 3330 placuit
2169 3261 2287 3320 tibi.

156 3335 247 3377 σοι.

221 3433 239 3465 ι
273 3415 376 3468 Καὶ
405 3418 673 3488 στραφεὶς
706 3419 847 3491 πρὸς
878 3421 1005 3486 τοὺς
1037 3423 1306 3493 μαθητὰς,
1345 3415 1510 3481 εἷπε·
1535 3429 1719 3484 Πάντα

158 3521 237 3574 μοι
274 3508 552 3579 παρεδόθη
580 3510 687 3564 ὑπὸ
711 3513 808 3565 τοῦ
847 3513 1064 3584 Πατρός
1114 3532 1240 3586 μου.
1273 3518 1383 3571 Καὶ
1407 3519 1601 3583 ,οὐδεὶς
1630 3540 1717 3590 γι-

153 3595 349 3665 νώσκει,
379 3600 462 3665 τίς
493 3603 644 3655 ἐστιν
674 3604 704 3656 6
744 3604 894 3673 Υἱὸς,
925 3606 975 3658 εί
1025 3605 1100 3677 μὴ
1155 3608 1185 3660 6
1242 3608 1453 3680 Πατὴρ,
1503 3613 1597 3665 καὶ
1633 3614 1715 3676 τίς

153 3691 285 3745 ἐστιν
312 3695 339 3748 6
368 3695 587 3767 Πατὴρ,
624 3698 674 3750 εί
709 3696 785 3768 μὴ
814 3700 843 3752 6
894 3699 1041 3763 Υἱὸς,
1076 3703 1171 3754 καὶ
1201 3694 1246 3769 ᾧ
1271 3702 1369 3756 ἐὰν
1401 3702 1659 3774 βούληται
1689 3710 1716 3760 6

152 3780 265 3847 Υίὸς
280 3788 653 3859 ἀποκαλύψαι.
687 3791 796 3844 Καὶ
824 3792 1087 3863 στραφεὶς
1119 3793 1256 3865 πρὸς
1285 3796 1411 3860 τοὺς
1445 3797 1710 3869 μαθητάς,

151 3876 257 3928 κατ’
284 3877 414 3932 ἰδίαν
439 3875 571 3933 εῐπε
595 3896 610 3911 ·
639 3881 918 3953 Μακάριοι
954 3885 1006 3937 οι
1032 3884 1320 3956 ὀφθαλμοὶ,
1344 3889 1392 3941 oi
1422 3888 1713 3958 βλέποντες

149 3964 181 4019 ἃ
200 3967 344 4039 ὑμεῖς
368 3970 628 4042 βλέπετε.
659 3973 820 4044 Λέγω
844 3975 953 4048 γὰρ
982 3978 1134 4047 ὑμῖν,
1172 3980 1256 4033 ὅτι
1288 3981 1477 4057 πολλοὶ
1499 3973 1712 4054 προφῆι

151 4072 231 4112 ται
258 4064 347 4117 καὶ
377 4064 626 4136 βασιλεῖς
671 4064 947 4137 ἠθέλησαν
1000 4069 1129 4124 ἰδεῖν
1165 4071 1202 4126 ἃ
1241 4072 1401 4145 ὑμεῖς
1459 4072 1707 4144 βλέπετε,

151 4154 234 4207 καὶ
284 4155 380 4210 οὐκ
433 4154 601 4226 εἶδον,
636 4161 734 4214 καὶ
790 4159 1094 4217 ἀκοῦσαιᾶ
1145 4165 1397 4231 ἀκούετε,
1462 4168 1563 4222 καῖ
1609 4169 1709 4251 ούκ

150 4242 389 4314 ἥκουσαν.
450 4268 473 4301 ι
517 4250 705 4306 Πάντα
740 4253 1127 4323 παραδίδονται
1181 4256 1259 4328 τῷ
1288 4256 1402 4329 Υἷῷ
1462 4261 1566 4314 61:6
1612 4248 1706 4316 τοῦ

148 4331 361 4407 Πατρδς,
416 4339 546 4393 καθ’
581 4339 610 4394 δ
655 4340 881 4412 ἔμελλον
939 4344 1280 4415 ὑποταγῆναι
1336 4348 1417 4419 τῷ
1469 4349 1586 4422 Υίῷ
1638 4351 1709 4407 τὰ

1900 3433 2170 3504 Vsas.25,
2192 3440 2282 3499 24.
2315 3461 2333 3496 ι
2362 3442 2427 3499 Et
2443 3460 2739 3508 conversus
2774 3452 2841 3510 ad
2872 3456 3187 3530 discipulos,
3217 3450 3401 3541 dixit

1820 3525 2014 3583 Omnia
2048 3531 2178 3586 mihi
2210 3535 2405 3591 tradita
2436 3547 2561 3594 sunt
2591 3554 2620 3595 a
2650 3536 2811 3599 Patre
2851 3554 2991 3617 meo,
3013 3525 3075 3606 et
3110 3525 3267 3612 nemo
3291 3535 3394 3614 scit

1818 3622 1938 3689 quis
1975 3622 2046 3677 sit
2078 3623 2248 3681 Filius
2302 3628 2402 3683 nisi
2446 3628 2641 3699 Pater,
2681 3643 2736 3690 et
2773 3639 2897 3708 quis
2953 3642 3024 3697 sit
3082 3643 3244 3703 Pater
3288 3638 3402 3705 nisi‘

1816 3711 2012 3780 Filius,
2043 3724 2096 3770 ct
2124 3717 2209 3772 cui
2242 3719 2471 3778 voluerit
2523 3724 2944 3799 Filiu‘s'ap‘crire'.
2998 3730 3063 3791 Et
3098 3753 3392 3797 converSns

1815 3807 1885 3859 ad
1904 3808 2197 3878 discipulos
2227 3820 2492 3883 seorsttm,
2523 3817 2695 3875 dixit:
2727 3821 2878 3878 Beati
2912 3826 3049 3882 oculi
3086 3831 3178 3899 qui
3206 3833 3397 3889 vident

1814 3911 1933 3966 qua:
1962 3912 2058 3954 vos
2098 3901 2313 3959 videtis.
2354 3905 2485 3961 Dico
2513 3909 2660 3964 enim
2690 3911 2843 3970 vobis
2882 3919 3028 3989 quod
3066 3922 3231 3979 multi.
3262 3941 3386 3996 pro-

1814 3990 1991 4058 pheta:
2018 4001 2072 4045 et
2117 4006 2271 4063 reges
2300 3997 2588 4054 voluerunt
2607 4002 2792 4058 videre
2822 4021 2943 4075 quae
2972 4025 3067 4067 vos
3093 4006 3306 4082 videiis,
3334 4014 3391 4072 et

1812 4093 1923 4135 non
1953 4080 2208 4138 viderunt
2233 4102 2248 4139 :
2280 4094 2333 4142 et
2364 4087 2553 4145 audire
2583 4104 2703 4160 qua:
2728 4096 2946 4164 auditis,
2980 4110 3037 4155 et
3064 4118 3168 4161 non
3198 4080 3387 4162 audie-

1811 4180 1954 4228 runt.
1999 4190 2021 4227 ι
2056 4175 2244 4232 Omnia
2281 4179 2563 4237 traduntur
2585 4174 2771 4241 Filioa
2794 4168 2989 4257 15atre,
3033 4191 3179 4250 sicut
3216 4197 3395 4275 subji-_

1808 4263 1999 4319 cienda
2043 4264 2262 4324 fuerunt
2297 4264 2436 4327 Filio
2472 4274 2679 4330 omnia.
2726 4277 2839 4332 Duo
2880 4282 3023 4339 enim
3072 4286 3218 4343 modi
3261 4263 3386 4346 sunt

1809 4357 2006 4425 quibus
2046 4372 2238 4431 regnat
2271 4363 2323 4417 in
2371 4362 2525 4421 nobis
2564 4364 2754 4424 Deus:
2793 4376 2935 4429 unus
2970 4390 3077 4446 quo
3109 4394 3296 4451 regnat
3326 4385 3383 4440 in

148 4424 328 4483 πάντα.
362 4429 472 4485 Δύο
501 4430 611 4504 γὰρ
643 4433 835 4505 τρόποι
864 4436 971 4489 etot
1009 4436 1134 4491 καθ’
1161 4437 1256 4502 οὓς
1291 4439 1563 4509 βασιλεύει
1597 4443 1707 4497 τῶν

148 4514 345 4548 mlum.-.“
402 4524 425 4548 ,ι
474 4523 643 4548 ιι-ι--
686 4524 708 4548 x
749 4523 847 4548 .-ιη
900 4526 986 4548 --με
1046 4528 1111 4548 ..ι
1166 4528 1215 4548 ο,
1262 4529 1279 4548 ε
1380 4533 1394 4548 .
1573 4535 1587 4548 .
1626 4535 1668 4548 η

1828 4424 1835 4425 7
2111 4424 2137 4431 _
2802 4424 2932 4429 με-
2974 4424 3073 4446 γ-
3109 4424 3296 4451 ην...
3326 4424 3380 4440 ...

1828 4448 1894 4504 iis
1922 4450 2012 4521 qui
2043 4452 2263 4522 nolunt;
2293 4456 2448 4523 alius,
2476 4459 2527 4513 iu
2561 4460 2758 4533 bisqui
2789 4456 2970 4522 volunt
2997 4486 3009 4522 :
3062 4481 3121 4525 ut
3148 4479 3380 4548 exempli

147 4514 345 4573 πάντων
401 4524 430 4575 6
474 4523 643 4586 Θεόςο
682 4524 712 4576 6
746 4523 866 4593 μὲν,
899 4526 993 4580 καὶ
1042 4528 1118 4597 μὴ
1165 4528 1527 4600 βουλομένων,
1564 4535 1594 4587 6
1622 4535 1700 4603 δὲ,

1825 4514 1983 4607 gratia
2038 4541 2170 4611 quid
2207 4543 2403 4613 dicam,
2430 4545 2571 4604 Deus
2600 4550 2854 4608 D'o‘mi‘nus
2882 4572 3032 4613 meus
3058 4569 3140 4616 est
3168 4514 3381 4621 etiarnsi

148 4603 494 4681 βουλομένων.
522 4607 650 4667 Οἷόν
694 4633 747 4669 τι
803 4616 968 4684 λέγω,
1014 4619 1291 4690 Δεσπότης
1323 4623 1472 4675 ἐστὶν
1499 4626 1527 4676 6
1573 4623 1708 4688 Θεὸς

146 4698 288 4768 ἐμοῦ,
335 4704 442 4760 κᾶν
479 4704 554 4775 μὴ
588 4705 750 4770 θέλω,
788 4708 923 4762 καθὸ
973 4714 1318 4783 Δημωυργός
1380 4715 1493 4786 μού·
1534 4720 1701 4771 ἐστιν.

150 4790 367 4849 Ἐστιδὲ
415 4797 705 4868 Δεσπότης
742 4800 877 4870 ἐμὸς
927 4802 1113 4866 πάλιν,
1165 4806 1295 4860 ὅταν
1340 4807 1430 4860 διὰ
1460 4807 1561 4877 τῆς
1594 4808 1708 4862 τῶν

145 4882 352 4940 ἐντολῶν
393 4888 659 4960 ἐργασίας
707 4890 779 4942 τὸ·
841 4891 1055 4964 θέλημα
1116 4897 1280 4950 αὐτοῦ
1360 4898 1555 4970 πληρῶ
1627 4901 1706 4965 ὡς

145 4971 310 5041 δοῦλος
339 4980 665 5052 εὐγνώμων.
697 4982 911 5054 Ηρώηνσ
932 4984 1032 5055 μὲν
1058 4987 1168 5058 γὰρ
1198 4990 1231 5060 ἡ

147 5064 294 5134 φύσις
324 5070 489 5143 δούλη
517 5069 606 5143 ἦν,
642 5075 737 5128 καὶ
788 5075 1097 5147 ὑποχείριος
1278 5079 1417 5150 Θεῷ,
1456 5084 1593 5137 *κᾶν

147 5155 312 5226 ἠθελε,
343 5162 449 5217 κᾶν
478 5165 557 5235 τῷ
593 5165 810 5238 Σατανᾷ
835 5166 1125 5239 ὑπούργει.
1160 5170 1312 5224 Ἐπεὶ
1341 5155 1701 5245 δὲδΧριστὸξ

146 5247 228 5301 τὸν
263 5251 402 5323 ὑπὲρ
439 5256 597 5327 ἡμῶν
629 5258 927 5326 ἀνεδέξατο
967 5258 1233 5331 πόλεμον,
1273 5263 1368 5316 καὶ
1417 5265 1708 5329 ἐκσπάσαςι

147 5340 285 5409 ἡμᾶς
324 5347 430 5400 ἀπὸ
459 5350 557 5419 τῆς
595 5352 909 5422 τυραννίδος
961 5352 1057 5408 τοῦ
1096 5354 1369 5419 διαῦδλου,
1416 5357 1707 5426 ὑπηρέταις

149 5431 284 5502 ἡμᾶς
340 5441 433 5494 καὶ
491 5442 733 5512 ἐργάτας
782 5444 891 5498 τῶν
930 5445 1171 5500 ἐντολῶν·
1197 5448 1473 5518 εποίησεν,
1508 5449 1699 5503 ἔκτοτε

146 5521 310 5581 δοῦλοι
340 5532 647 5604 γεγόναμεν
680 5536 1024 5607 εὐγνώμονες
1046 5539 1141 5592 καὶ
1177 5539 1336 5609 φύσει
1372 5541 1466 5594 καὶ
1499 5552 1697 5612 προαι-

150 5615 303 5686 ρέσει.
352 5621 425 5676 Ἡ
445 5627 679 5697 μὲνγὰρ
739 5631 881 5701 πρὶν.
919 5630 1137 5686 δουλεία·
1185 5632 1355 5701 φύσει.
1404 5635 1565 5701 μόνον
1603 5628 1691 5705 ἦν,

149 5707 421 5784 ήδευτέρα
457 5717 533 5785 δὲ,
590 5724 685 5774 καὶ
743 5723 1083 5792 προαιρέσει.
1120 5724 1299 5778 Τοῦτο
1339 5720 1433 5779 οὖν
1491 5725 1639 5780 ἐστιν
1666 5727 1695 5780 6

150 5796 283 5867 λέγει
313 5805 403 5858 νῦν
434 5809 460 5860 6
489 5810 724 5880 Κύριος,
751 5812 832 5865 ὃτι
880 5814 1067 5866 Πάντα
1122 5832 1213 5883 μοι
1268 5814 1538 5888 παρεδόθη
1588 5816 1693 5870 ὑπὸ

351 5896 617 5961 ΡΑτιιοι..
657 5902 774 5966 Gn.
837 5905 1128 5970 CXXIII.

1809 4630 2007 4694 nolim,
2038 4630 2160 4700 quia
2198 4628 2458 4689 Conditor
2493 4650 2645 4693 meus
2682 4644 2785 4695 est.
2827 4639 2925 4698 Est
2962 4655 3141 4701 autem
3185 4649 3381 4707 iterum

1810 4720 2068 4776 Dominus
2121 4732 2312 4790 meus,
2375 4728 2590 4794 quando
2635 4732 2903 4789 servando
2941 4738 3192 4793 mandata
3239 4741 3378 4811 ejus,

1808 4812 2140 4868 voluntatem
2169 4815 2287 4885 ejus
2320 4816 2539 4888 impleo,
2573 4832 2758 4891 gratus
2783 4838 2971 4882 semis
2996 4828 3193 4887 factus.
3219 4832 3379 4889 Prius

1807 4902 2023 4971 quidem
2064 4905 2295 4961 humana
2339 4916 2528 4964 natura
2570 4913 2871 4981 serviebat,
2912 4918 2967 4973 et
3007 4921 3221 4976 subdita
3258 4938 3378 4979 erat

1804 4990 2324 5063 357‘Deoetlahisi
2350 4998 2755 5067 nollet,etiamst
2780 5004 2995 5062 Satanae
3019 5009 3374 5071 ministraret.

1804 5082 2096 5157 Pestquam
2110 5099 2299 5146 autem
2320 5091 2576 5150 Christus
2600 5110 2695 5165 pro
2717 5098 2872 5155 nobis
2895 5104 3129 5171 suscepit
3153 5105 3375 5170 bellum,

1802 5184 1857 5233 et
1887 5194 1988 5236 nos
2008 5194 2038 5233 a
2068 5181 2266 5239 diaboli
2291 5187 2574 5256 tyrannide
2599 5192 2899 5259 extractos,
2923 5193 3206 5252 ministros
3248 5212 3381 5255 suos

1801 5280 1858 5327 et
1888 5274 2265 5331 mandatorum
2307 5290 2530 5333 suorum
2575 5281 2855 5349 operarios
2898 5283 3055 5351 fecit,
3090 5295 3219 5344 tunc
3247 5290 3375 5348 facti

1802 5374 1990 5419 sumus
2029 5362 2181 5420 servl‘
2214 5368 2354 5437 grati
2409 5376 2466 5422 et
2519 5378 2713 5424 natura
2768 5382 2821 5427 et
2871 5372 3167 5435 voluntate.
3220 5379 3385 5438 Prior

1801 5455 1947 5508 enim
1980 5457 2214 5513 servitus
2242 5464 2475 5515 natura:
2515 5471 2720 5516 tantum
2764 5454 2914 5534 erat,
2965 5472 3198 5526 secunda
3232 5472 3385 5529 vero

1799 5545 1963 5599 etiam
2012 5547 2326 5605 voluntatis.
2376 5548 2496 5608 IIoc'
2537 5552 2705 5619 igitur
2741 5565 2827 5611 est
2867 5561 3009 5628 quod
3047 5575 3191 5618 nunc
3238 5562 3381 5620 dicit“

1799 5636 2061 5695 Dominus
2086 5679 2103 5705 ,
2148 5640 2511 5713 quia10mnia
2550 5647 2685 5703 mihi
2721 5650 2917 5707 tradita
2961 5660 3089 5707 sunt
3130 5668 3158 5708 a
3206 5652 3379 5712 Patre

1800 5743 1944 5794 meo,
1982 5731 2087 5787 hoc
2115 5742 2222 5797 est,
2255 5737 2437 5791 omnia
2467 5739 2598 5794 mihi
2633 5741 2964 5812 subjicienda
2996 5753 3153 5811 sunt,
3184 5757 3239 5801 et
3267 5751 3369 5805 sub

1805 5830 2133 5890 potestatem
2164 5836 2337 5883 meam
2370 5828 2682 5901 redigenda.
2712 5833 2905 5893 Simite
2935 5847 3114 5893 autem
3146 5826 3367 5916 estlioc

2971 5930 3048 5991 27
