3896 6452
467 335 571 399 843
1390 321 1969 384 TI—IEOPHYLACTI
2011 315 2426 380 BULGARIAE
2465 313 2832 374 ARCHIEP.
3594 315 3678 377 ιιι

465 451 514 506 ei
545 448 685 521 quod
729 443 923 502 alicubi
967 441 1212 497 dictum:
1254 459 1269 490 ι
1312 437 1445 491 Data
1489 445 1572 490 est
1600 433 1728 489 milii
1749 432 1929 489 omnis
1957 445 2054 500 po-

2167 427 2254 482 τοῦ
2311 424 2524 497 Πατρός
2569 441 2694 495 μου,
2725 419 3008 482 τουτέστι,
3053 417 3227 472 πάντα
3271 434 3361 488 μοι
3392 418 3681 490 ὑποταγῆναι

470 554 640 600 testas
676 541 729 595 iu
771 538 909 594 cmlo
938 547 990 590 et
1019 535 1070 589 in
1099 544 1242 588 terra
1268 531 1335 587 ".
1367 548 1386 582 ι
1422 529 1558 596 Quia
1583 527 1724 582 enim
1753 523 2052 595 paciﬁcavit

2167 519 2366 591 μέλλει,
2406 518 2502 571 καὶ
2547 517 2650 570 ὑπὸ
2683 514 2782 586 τὴν
2819 513 2955 583 ἐμὴν
3007 511 3330 564 δεσποτείαν
3379 516 3680 580 μεταπεσεῖν.

468 635 652 692 omnia
685 644 791 686 tum
842 644 963 701 qua:
1010 627 1063 682 in
1107 624 1246 682 caelo
1279 639 1438 694 quam
1469 636 1590 692 qua:
1626 620 1675 674 in
1723 630 1885 683 terra,
1923 615 2049 669 talia

469 729 620 781 dicit.
647 727 712 779 Et
750 724 940 778 aliter:
967 717 1188 775 tOiunia
1215 716 1508 770 traduntur
1534 713 1670 768 Filio
1709 727 1738 764 a
1774 708 2045 771 Patre",i

471 817 654 872 omnia
692 829 854 886 Opera
890 827 1011 882 qua:
1048 810 1366 864 incarnatus
1402 820 1497 874 pro
1533 803 1690 858 nobis
1725 800 1871 855 fecit.
1911 797 2049 865 Quia

471 913 617 966 enim
655 923 834 978 neque
861 905 1027 960 Pater
1062 916 1240 972 neque
1269 899 1503 968 Spiritus
1527 912 1628 967 pro
1663 893 1818 948 nobis
1847 891 1928 945 vel
1966 890 2051 944 iu-

470 1016 729 1062 caruatus
761 1009 872 1066 est,
904 1002 988 1054 vel
1023 1010 1249 1068 passus,
1276 993 1360 1048 vel
1390 988 1722 1053 resurrexit,
1748 987 1846 1042 sed
1879 981 2053 1038 Filius

471 1101 588 1155 lucc
630 1096 815 1151 omnia
849 1093 1000 1156 tulit,
1034 1099 1089 1145 et
1123 1088 1232 1143 dux
1266 1085 1455 1142 salutis
1483 1091 1687 1138 nostrae
1726 1077 1900 1134 lactus
1937 1084 2052 1131 est:

473 1191 676 1248 idcirco
703 1186 1035 1242 dixitomuia
1066 1181 1261 1236 tradita
1290 1178 1391 1248 ipsi
1431 1190 1552 1232 esse
1577 1191 1591 1228 :
1622 1171 1786 1228 veluti
1816 1171 1860 1226 si
1887 1169 2056 1224 dixis-

474 1293 579 1350 set,
616 1281 776 1337 Pater
801 1293 953 1334 meus
980 1275 1112 1330 mibi
1145 1269 1478 1328 concredidit
1510 1266 1716 1332 omnia,
1753 1261 2052 1327 incarnari,

475 1376 606 1446 pati,
645 1387 952 1442 resurgere,
978 1368 1191 1423 salvare
1221 1372 1471 1419 naturam
1507 1356 1803 1429 repulsam.
1835 1354 1900 1408 Et
1930 1351 2054 1406 nul-

473 1473 559 1526 lus
593 1471 696 1526 scit
742 1462 941 1523 Filium
983 1462 1090 1518 nisi
1133 1460 1315 1516 Pater.
1348 1467 1398 1511 et
1437 1454 1560 1522 quis
1602 1452 1673 1507 sit
1713 1451 1908 1513 Pater,
1954 1447 2057 1502 nisi

472 1563 664 1618 Filius.
701 1559 988 1624 Postquam
1021 1562 1201 1606 autem
1229 1548 1398 1604 dicit:
1435 1544 1629 1602 Omnia
1666 1541 1794 1596 mihi
1830 1553 2057 1594 concre-

475 1649 586 1704 dita
622 1654 778 1711 sunl,
814 1642 970 1712 quasi
1011 1639 1235 1694 dubium
1279 1637 1551 1706 quoddam
1589 1648 1730 1687 nunc
1769 1629 1948 1686 solvit.
1980 1628 2057 1684 Ne

474 1741 615 1795 enim
658 1738 780 1808 quis
811 1735 1052 1795 dubitet,
1088 1732 1152 1785 Et
1182 1729 1340 1800 cujus
1380 1729 1552 1798 gratia
1580 1726 1672 1782 tibi
1708 1723 1903 1779 tradita
1933 1729 2060 1776 sunt

473 1833 676 1894 omnia,
700 1839 752 1883 et
771 1841 878 1881 non
903 1823 1078 1889 alteri,
1112 1820 1364 1876 fortassis
1387 1816 1578 1886 angelo
1595 1815 1678 1869 vel
1695 1809 2062 1881 archangelo?

475 1919 777 1989 dicit,quod
807 1915 1099 1985 Propterea
1125 1911 1256 1967 mihi
1287 1908 1528 1973 tradidit,
1551 1921 1616 1962 eo
1646 1906 1790 1976 quod
1819 1904 2058 1974 eiusdem

475 2022 686 2068 naturae
727 2019 782 2064 et
819 2004 1140 2062 substantiae
1183 2018 1302 2058 sum
1342 2015 1464 2055 cum
1506 2014 1592 2054 eo.
1634 1999 1702 2053 Et
1739 1998 1881 2052 sicut
1908 1995 2059 2050 illum

479 2105 660 2160 nullus
697 2101 838 2169 scit,
869 2099 946 2154 ita
983 2111 1158 2165 neque
1218 2108 1306 2149 me
1341 2092 1444 2148 nisi
1470 2088 1634 2146 Pater
1669 2090 1816 2146 solus
1847 2107 1862 2145 :
1896 2101 1952 2144 et
1987 2089 2061 2144 ita

479 2197 677 2252 merito
713 2193 843 2248 mihi
885 2190 1108 2246 tradidit
1150 2186 1332 2242 omnia
1362 2195 1420 2240 ut
1449 2185 1690 2256 eiusdem
1725 2193 1929 2237 natura:
1971 2195 2058 2237 se-

479 2303 626 2352 cum,
661 2297 990 2354 omnemque
1029 2281 1396 2352 cognitionem
1443 2273 1876 2339 trauscendenti,
1922 2274 2064 2329 sicut

479 2378 649 2432 etiam
683 2376 800 2445 ipse
840 2387 1002 2443 supra
1035 2386 1252 2427 omnem
1284 2367 1616 2437 cognitionis
1656 2366 1763 2420 vim
1797 2376 1900 2420 est.
1932 2365 2061 2420 Ete-

478 2471 592 2526 nim
625 2469 816 2535 Pater,
849 2465 1055 2537 inquit,
1089 2479 1118 2518 a
1155 2463 1270 2520 solo
1304 2461 1441 2517 Filio
1474 2461 1850 2531 cognoscitur,
1882 2467 1936 2514 et
1977 2458 2063 2512 cui

479 2559 652 2618 Filius
680 2559 913 2614 voluerit
942 2553 1345 2612 revelare.Vide
1368 2562 1548 2606 autem
1583 2550 1725 2622 quod
1741 2543 1912 2605 Filius
1940 2549 2064 2618 qui-

481 2654 603 2709 dem
640 2667 746 2706 non
785 2665 882 2720 per
914 2647 1296 2706 revelationem
1327 2654 1617 2716 cognoscat
1646 2643 1880 2719 Patrem,
1909 2657 2064 2698 crea-

483 2756 618 2802 tura:
651 2753 834 2800 autem
860 2757 958 2812 per
982 2741 1364 2796 revelationem
1395 2758 1409 2794 :
1435 2738 1608 2808 gratia
1626 2738 1770 2792 enim
1791 2737 2066 2806 accipiunt

479 2838 763 2894 scientiam
791 2851 805 2890 :
843 2849 950 2889 non
980 2832 1146 2902 igitur
1171 2841 1389 2888 creatus
1428 2841 1508 2886 cst
1539 2829 1729 2885 Filius.
1762 2825 2068 2884 Conversus

480 2943 612 2986 vero
653 2923 723 2982 ad
774 2925 1103 2998 discipulos,
1153 2922 1346 2980 beatos
1390 2918 1522 2979 illos
1568 2921 1734 2987 dicit,
1782 2930 1837 2976 et
1876 2935 2066 2976 omnes

483 3037 699 3096 quoque
745 3021 838 3092 qui
884 3034 1006 3075 eam
1050 3017 1156 3073 ﬁde
1201 3018 1376 3088 ipsum
1411 3014 1467 3070 in
1497 3029 1661 3071 carne
1697 3013 2064 3068 ambulantem

2161 613 2385 683 Ὅμοιον
2413 611 2470 663 δὲ
2517 611 2676 662 τοῦτο
2703 604 2782 672 τῷ
2827 603 3057 675 ἀλλαχοῦ
3092 603 3334 674 ῥηθέντι,
3361 622 3380 654 ι
3421 601 3589 672 Ἐδόθη
3611 622 3683 674 μοι

2159 707 2310 758 πᾶσα
2345 701 2566 766 ἐξουσία
2598 702 2654 753 ὲν
2688 696 2907 770 οὐρανῷ
2940 696 3036 751 καὶ
3073 696 3165 748 ἐπὶ
3208 694 3333 764 γῆς.
3379 713 3397 746 ι
3447 695 3584 748 Ἐπεὶ
3604 699 3687 768 γὰρ

2158 795 2544 868 είρηνοποίησε
2573 791 2644 846 τὰ
2698 792 2877 845 πάντα
2907 790 2976 844 τά
3020 805 3080 842 τε
3131 790 3188 842 ἐν
3243 785 3456 858 οὐρανῷ
3503 787 3587 841 καὶ
3621 791 3690 842 ἐπὶ

2158 891 2282 960 γῆς,
2322 887 2409 941 διὰ
2448 885 2608 939 τοῦτο
2635 883 2862 938 τοιαῦτα
2892 881 3062 951 λέγει.
3099 880 3209 934 Kal
3242 878 3420 941 ἄλλως
3447 878 3520 941 δὲ,
3544 879 3692 934 Πάντα

2160 980 2551 1053 παραδίδονται
2584 977 2662 1048 τῷ
2711 975 2827 1046 Υίῷ
2864 973 2971 1028 ὑπό
3023 971 3118 1027 τοῦ
3162 971 3395 1040 Πατρδς,
3447 969 3607 1023 πάντα
3644 971 3694 1023 τὰ

2159 1077 2258 1146 τῆς
2289 1073 2430 1143 ὑπὲρ
2457 1071 2617 1142 ἡμῶν
2644 1065 2960 1132 οἰκονομίας
2991 1066 3153 1136 ἔργα.
3194 1061 3419 1133 Ἐπειδὴ
3445 1061 3544 1134 γὰρ
3585 1053 3694 1132 ὑπὲρ

2165 1159 2324 1233 ἡμῶν
2363 1161 2486 1214 οὔτε
2525 1163 2553 1212 ό
2586 1158 2800 1230 Πατὴρ,
2835 1157 2962 1210 οὔτε
3002 1155 3065 1208 τὸ
3096 1153 3324 1222 Πνεῦμα
3362 1152 3396 1221 ἦ
3435 1152 3695 1222 ὲσαρκώθη,

2159 1253 2194 1324 ἢ
2233 1251 2454 1315 ἔπαθεν,
2479 1251 2512 1318 ἢ
2545 1250 2774 1318 ἀνέστη,
2809 1246 2924 1300 ἀλλ’
2947 1248 2974 1300 ὁ
3008 1245 3137 1308 Υἱὸς
3170 1244 3348 1299 ταῦτα
3380 1242 3548 1295 πάντα
3575 1243 3699 1312 ἑνήρ-

2165 1363 2328 1415 γησε,
2361 1343 2456 1397 καὶ
2489 1341 2733 1412 ἀρχηγὸς
2765 1340 2861 1409 τῆς
2906 1336 3180 1407 σωτηρίας
3209 1336 3242 1403 ἡ
3253 1333 3370 1403 μῶν
3395 1333 3609 1400 ἐγένετο,
3634 1331 3701 1388 διὰ

2163 1439 2321 1493 τοῦτο
2353 1433 2473 1490 εἷπε
2529 1436 2705 1488 πάντα
2760 1430 3156 1504 παραδεδόσθαι
3192 1425 3367 1497 αὐτῷ,
3395 1425 3568 1494 ὥσπερ
3589 1425 3642 1479 ἂν
3665 1428 3700 1477 εξ

2163 1531 2347 1600 ἔλεγεν
2369 1545 2383 1558 ’
2425 1529 2487 1582 Ὀ
2524 1528 2714 1598 Πατήρ
2757 1543 2858 1596 μου
2881 1523 3006 1593 ἐμοὶ
3029 1520 3384 1575 ὲνεπίστευσε
3423 1518 3616 1581 πάντα,
3655 1517 3701 1569 τδ

2166 1618 2545 1692 σαρκωθῆναι,
2577 1616 2639 1669 τὸ
2665 1613 2882 1677 παθεῖν,
2915 1611 2974 1666 τὸ
2997 1611 3322 1681 ἀναστῆναι,
3349 1607 3410 1662 τὸ
3441 1608 3596 1662 σῶσαι
3626 1609 3700 1677 τὴν

2177 1711 2527 1766 ἀπωσθεῖσαν
2554 1708 2736 1779 φύσιν,
2771 1707 2867 1760 καὶ
2895 1705 3069 1767 οὐδεὶς
3112 1701 3380 1773 γινώσκει
3418 1701 3504 1754 τόν
3534 1700 3642 1754 Υἱδν
3665 1703 3701 1754 εί

2093 1777 2142 1836 Β
2178 1804 2254 1878 μὴ
2285 1777 2676 1875 emungens
2706 1801 2788 1864 τίς
2835 1800 2982 1852 ἐστιν
3020 1799 3048 1850 ὁ
3084 1795 3301 1866 Πατὴρ,
3348 1795 3400 1846 εί
3435 1793 3698 1866 psmn;-

2166 1896 2356 1969 ἐπειδὴ
2390 1892 2544 1952 εἶπεν
2565 1896 2670 1960 ὅτι,
2699 1893 2886 1948 Πάντα
2919 1909 3008 1963 μοι
3044 1888 3350 1959 παρεδόθη,
3374 1886 3562 1940 ὡσανεὶ
3599 1887 3702 1938 ἀπο·

2168 1997 2293 2064 ρίαν
2322 1991 2447 2044 τινὰ
2472 1986 2726 2041 λύεινῦν.
2759 1987 2881 2040 Ἵνα
2907 1983 3016 2055 γὰρ
3043 1981 3118 2053 μὴ
3139 1983 3326 2052 ἀπορῇ
3353 1995 3459 2045 τις,
3475 1978 3576 2032 Καὶ
3592 1979 3702 2042 τίνος

2165 2085 2332 2140 ἕνεκά
2376 2101 2460 2137 σοι
2498 2081 2784 2154 παρέδωκε
2835 2079 3014 2132 πάντα
3059 2077 3154 2130 καὶ
3189 2074 3295 2144 οὐχ
3342 2072 3531 2143 ἑτέρῳ,
3578 2073 3703 2141 τυχόν

2165 2175 2404 2246 ἀγγέλῳ,
2452 2174 2486 2245 ἢ
2525 2172 2892 2244 ἀρχαγγέλῳ;
2946 2169 3133 2240 φησὶν,
3173 2169 3264 2222 ὄτι
3307 2165 3410 2221 Διά
3465 2163 3606 2219 τοῦτό
3636 2182 3702 2234 μοι

2168 2268 2482 2341 παρέδωκε,
2517 2266 2654 2319 διότι
2695 2263 2946 2335 όμοφυὴς
2976 2260 3126 2332 αὐτῷ
3156 2262 3280 2330 εἰμι
3329 2257 3424 2313 καὶ
3447 2256 3700 2328 δμοούσιος.

2166 2361 2279 2416 Kal
2309 2361 2500 2430 ὥσπερ
2555 2361 2760 2412 ἐκεῖνον
2814 2356 2988 2418 οὐδεὶς
3049 2352 3358 2423 γινώσκει,
3415 2347 3576 2413 οὕτως
3613 2349 3702 2403 οὐδὲ

2167 2457 2290 2526 ἐμὲ,
2323 2456 2371 2508 εί
2403 2454 2478 2526 μὴ
2519 2455 2548 2506 ὁ
2587 2451 2777 2523 Πατὴρ
2804 2451 2987 2522 μόνος,
3009 2449 3151 2502 ὥστε
3175 2449 3412 2510 εἰκότως
3452 2463 3536 2517 μοι
3569 2444 3704 2516 παρέ.

2165 2551 2308 2604 δωκε
2342 2546 2545 2610 πάντα,
2577 2544 2652 2609 ὼς
2677 2546 2912 2614 ὁμοφυεῖ
2938 2542 3112 2609 αὐτῷ,
3147 2543 3244 2595 καὶ
3277 2542 3460 2594 πᾶσαν
3497 2539 3703 2607 ὑπερκει-

2170 2641 2322 2715 μένίρ
2369 2639 2616 2710 γνῶσιν,
2653 2636 2844 2709 ὥσπερ
2895 2637 2986 2692 καὶ
3033 2634 3197 2698 αὐτὸς
3263 2633 3450 2704 πάσης
3501 2629 3703 2699 γνώσεως

2167 2739 2452 2790 ἐπέκεινα.
2493 2735 2606 2791 Kal
2649 2733 2760 2804 γὰρ
2793 2731 2890 2786 καὶ
2932 2732 2961 2786 ό
3015 2729 3232 2800 Πατὴρ,
3289 2726 3450 2797 φησι,
3501 2722 3594 2777 ὑπὸ
3631 2719 3700 2775 τοῦ

2169 2829 2301 2884 Υίοῦ
2337 2829 2503 2899 μόνου
2533 2829 2890 2897 γινώσκεται,
2923 2823 3016 2877 καὶ
3041 2816 3085 2890 ᾧ
3111 2820 3178 2875 ἂν
3209 2818 3461 2890 »βουληθῇ
3489 2814 3705 2872 ἀποκαλύ-

2168 2923 2270 2993 ψαι
2294 2924 2322 2979 ὁ
2351 2922 2503 2986 Υίός.
2543 2921 2688 2992 ’Ὀρα
2720 2919 2776 2972 δὲ
2799 2917 2917 2981 πῶς
2943 2917 2971 2969 ὁ
3004 2915 3105 2986 μὲν
3133 2915 3266 2976 Υἱὸς
3292 2913 3356 2966 ού
3386 2911 3451 2965 δι’
3479 2907 3702 2967 attoniti-

2168 3016 2316 3086 ψεως
2354 3015 2621 3084 γινώσκει
2651 3011 2744 3065 τὸν
2767 3010 3013 3080 Πατέρα,
3055 3009 3105 3060 οἱ
3133 3005 3192 3060 δὲ
3219 3004 3438 3058 κτιστοὶ
3455 3003 3517 3056 δι’
3545 3002 3704 3055 ἀποκα-

482 3091 672 3173 vident
722 3091 777 3170 et
818 3110 1084 3168 miracula
1128 3117 1464 3181 operantem.
1511 3099 1720 3162 Etenim
1793 3109 2065 3176 propheta:

2171 3107 2385 3178 λύψεως
2415 3124 2431 3138 ·
2481 3105 2667 3177 χάριτι
2717 3101 2828 3173 γὰρ
2864 3099 3204 3171 λαμϐάνουσι
3232 3096 3340 3168 τὴν
3389 3094 3602 3165 γνῶσιν⁸
3631 3091 3703 3144 οὐκ

483 3207 650 3280 prisci
709 3214 765 3261 et
820 3218 977 3276 reges
1024 3201 1470 3259 desideraverunt
1521 3189 1738 3269 quidem
1793 3198 1846 3254 in
1900 3212 2065 3253 carne

2175 3199 2288 3269 ἆρα
2316 3195 2536 3259 κτιστὸς
2551 3196 2580 3248 δ
2601 3193 2751 3257 Υἱός.
2783 3191 3054 3263 Στραφεὶς
3076 3189 3135 3243 δὲ
3165 3189 3308 3260 πρὸς
3329 3187 3456 3251 τοὺς
3482 3183 3702 3257 μαθητὰς,

486 3303 672 3358 videre
706 3299 996 3355 Dominum
1031 3307 1085 3354 et
1110 3294 1301 3352 audire
1325 3308 1484 3361 eum;
1517 3297 1612 3348 sed
1648 3308 1756 3348 non
1802 3292 2065 3362 contingit

2175 3289 2469 3362 μακαρίζει
2497 3288 2717 3354 αὐτοὺς,
2763 3285 2856 3339 καὶ
2890 3284 3101 3346 πάντας
3137 3281 3334 3344 ἁπλῶς
3362 3279 3485 3342 τοὺς
3530 3276 3704 3348 βλέπον-

486 3395 587 3450 eis.
618 3393 684 3448 Et
713 3390 893 3456 aliter,
928 3388 1063 3453 Quia
1118 3399 1279 3456 supra
1312 3384 1447 3439 dixit
1478 3401 1494 3439 :
1523 3383 1620 3438 Cui
1657 3382 1826 3437 Filius
1863 3382 2067 3438 revela-

488 3487 652 3552 verit,
686 3483 776 3539 ille
800 3481 904 3536 scit
928 3480 1142 3535 Patrem
1172 3494 1186 3532 :
1215 3476 1402 3531 beatos
1420 3490 1568 3530 nunc
1596 3474 1725 3529 dicit
1748 3474 2063 3544 discipulos,

489 3577 634 3648 quod
673 3591 770 3632 sua
807 3572 1136 3630 revelatione
1173 3570 1275 3626 ista
1303 3569 1384 3625 eis
1421 3569 1758 3638 contingant.
1790 3567 2066 3622 ltevelavit

489 3669 634 3726 enim
665 3667 745 3724 eis
772 3665 991 3722 Patrem
1024 3678 1120 3734 per
1152 3678 1232 3719 se.
1269 3661 1449 3732 Ipsum
1495 3660 1639 3716 enim
1673 3661 1891 3725 videns,
1929 3662 2074 3718 videt

489 3759 710 3819 Patrem
749 3775 764 3812 :
807 3755 949 3827 quod
993 3755 1194 3810 bonum
1239 3751 1420 3809 nullus
1463 3766 1528 3808 ex
1565 3752 1770 3808 sanctis
1814 3754 1904 3822 qui
1948 3760 2076 3808 ante

488 3851 922 3910 incarnationem
955 3849 1074 3919 ejus
1098 3845 1343 3912 fuerunt,
1370 3845 1625 3910 obtinuit,
1646 3846 1770 3915 quia
1798 3861 1903 3902 non
1927 3845 2075 3903 vide-

488 3953 619 3998 runt
649 3941 939 3998 Dominum
967 3939 1020 3994 in
1051 3951 1236 4002 carne,
1267 3951 1365 4007 per
1393 3949 1552 4005 quem
1586 3934 1750 3991 Pater
1778 3949 2078 4006 cognosce-

489 4045 673 4102 retur;
707 4034 849 4089 unde
878 4046 1054 4102 neque
1082 4029 1300 4085 Patrem
1337 4027 1416 4084 sic
1450 4027 1702 4082 viderunt
1731 4037 1789 4082 ut
1821 4029 2073 4098 apostoli.

2171 3402 2293 3450 τας,
2325 3381 2468 3454 μετὰ
2488 3381 2729 3442 πίστεως
2762 3377 3116 3450 δηλονότι,-ὲν
3145 3375 3317 3446 σαρκὶ
3357 3368 3704 3442 περιπατοῦντα

2172 3474 2334 3530 αὑτὸν
2381 3475 2480 3528 καὶ
2554 3469 3101 3542 θαυματουργοῦντα.
3172 3467 3286 3522 Καὶ
3326 3465 3438 3536 γὰρ
3486 3465 3531 3517 cl
3577 3461 3705 3513 παλαι

2175 3567 2456 3640 προφῆται
2510 3564 2608 3620 καὶ
2670 3563 2910 3634 βασιλεῖς
2970 3559 3337 3630 ἐπεθύμησαν
3387 3556 3483 3627 μὲν
3533 3550 3704 3607 ίδεῖνὲν

2172 3662 2340 3733 σαρκὶ⁵
2385 3659 2478 3713 τὸν
2525 3656 2754 3730 Κύριον,
2793 3655 2890 3709 καὶ
2946 3653 3181 3708 ἀκοῦσαι
3221 3649 3395 3704 αὑτοῦ
3421 3689 3437 3712 ,
3497 3644 3598 3699 ἀλλ’
3632 3640 3705 3693 οὐκ

2171 3757 2361 3828 ἔτυχον
2405 3753 2620 3808 τούτου.
2652 3753 2764 3805 Kal
2803 3750 2976 3811 ἄλλως
3002 3749 3080 3812 δὲ,
3139 3745 3298 3799 Ἐπεὶ
3330 3739 3481 3796 εἶπεν
3507 3739 3620 3828 ἄνω,
3645 3735 3704 3787 ὅτι

2171 3842 2243 3920 ᾯ
2270 3824 2347 3903 ⁷ἂν
2384 3849 2413 3902 ό
2447 3845 2577 3909 Υίδς
2605 3841 2957 3913 ἀποκαλύψῃ,
2987 3841 3191 3901 ἐκεῖνος
3217 3834 3480 3905 γινώσκει
3515 3824 3592 3882 τὸν
3620 3825 3705 3878 II:-

2172 3941 2330 4011 τέρα,
2367 3936 2667 4010 μακαρίζει
2708 3935 2898 3988 λοιπὸν
2925 3932 3054 3996 τοὺς
3092 3929 3349 4002 μαθητὰς
3378 3926 3452 3990 ὡς
3483 3923 3572 3991 τῆς
3601 3921 3703 3973 ἁπο-

2176 4030 2468 4100 καλύψεως
2491 4028 2697 4097 ταύτης
2720 4027 3004 4098 τυχόντας.
3043 4021 3424 4076 Ἀπεκάλυπτε
3444 4015 3546 4084 γὰρ
3566 4011 3706 4068 αὐτοῖς

491 4129 586 4184 τὸν
633 4127 856 4197 Πατέρα
898 4101 977 4178 δι(
1007 4120 1196 4178 αὑτοῦ.
1245 4120 1306 4174 '0
1353 4120 1463 4193 γὰρ
1500 4119 1668 4175 αὑτὸν
1712 4121 1878 4193 ὁρῶν,
1923 4122 2073 4195 ἑώρα
2111 4125 2204 4180 τὸν
2230 4125 2473 4196 Πατέρα.
2505 4121 2711 4176 Τούτου
2760 4119 2817 4173 δὲ
2858 4117 2954 4172 τοῦ
3021 4113 3229 4185 ἀγαθοῦ
3263 4110 3441 4174 οὐδεὶς
3502 4105 3598 4160 τῶν
3628 4101 3705 4170 πρὸ

491 4223 592 4291 τῆς
634 4194 903 4289 ὲνσάρκου
958 4213 1274 4284 οἰκονομίας
1335 4213 1509 4282 ἁγίων
1557 4214 1820 4284 ἐπέτυχεν
1847 4233 1860 4248 ’
1901 4194 2024 4270 ἐπεὶ
2061 4217 2172 4290 γὰρ
2203 4218 2304 4271 οὐκ
2337 4194 2480 4271 εἶδον
2550 4213 2644 4268 τὸν
2684 4211 2892 4280 Κύριον
2921 4211 2978 4264 ιν
3019 4211 3206 4280 σαρκὶ,
3235 4205 3302 4260 δι’
3370 4195 3434 4256 οὗ
3478 4203 3504 4253 ό
3560 4194 3704 4264 Πατὴρ

495 4310 848 4382 ὲγνωρίζετο,
878 4307 1066 4361 λοιπὸν
1095 4306 1221 4360 οὐδὲ
1245 4306 1340 4360 τὸν
1387 4305 1609 4377 Πατέρα
1633 4301 1773 4360 εἶδον
1801 4307 1973 4373 οὕτως
2003 4309 2079 4374 ὼς
2111 4310 2162 4364 οι
2197 4307 2506 4363 ἀπόστολοι.

571 4376 738 4457 Vsus.
773 4400 966 4455 25-28.
1001 4418 1020 4452 ι
1057 4398 1124 4453 Ει
1151 4411 1281 4454 ecce
1307 4376 1908 4469 quidamilegisperitus
1943 4416 2060 4456 sur-

2254 4420 2274 4454 ι
2337 4400 2450 4456 Kal
2515 4399 2624 4453 ίδοὺ
2677 4395 2898 4468 νομικός
2956 4409 3038 4455 τις
3100 4388 3342 4459 ἀνέστη,
3404 4376 3702 4469 incipitqu

494 4493 636 4552 rexit
689 4498 903 4545 teutans
958 4488 1141 4570 illum,
1195 4496 1253 4542 et
1307 4487 1534 4544 dicens:
1595 4487 1885 4560 Magister,
1947 4493 2076 4561 quid

495 4583 746 4641 iaciendo
806 4582 972 4636 vitam
1009 4591 1269 4635 aeternam
1319 4579 1656 4650 possidebo?
1700 4579 1770 4634 At
1810 4581 1898 4635 ille
1939 4583 2079 4638 dixit

495 4677 664 4751 358
683 4676 748 4731 ad
779 4690 904 4732 eum
932 4691 948 4729 :
982 4675 1036 4728 In
1060 4673 1178 4744 lege
1202 4674 1332 4743 quid
1362 4673 1626 4744 scriptum
1659 4673 1781 4729 est?
1805 4676 2078 4745 quomodo

458 4769 684 4852 legis?
736 4767 830 4826 Ille
885 4769 1223 4838 respondens
1277 4765 1461 4822 dixit:
1527 4765 1732 4837 Diliges
1787 4767 2076 4824 Dominum

495 4866 664 4922 Deum
697 4873 846 4918 tuum
872 4877 940 4917 ex
967 4872 1082 4918 toto
1112 4861 1276 4917 corde
1299 4869 1414 4927 tuo,
1438 4870 1494 4916 et
1519 4875 1585 4916 ex
1620 4868 1728 4917 tota
1755 4862 1934 4917 anima
1960 4871 2078 4930 tua,

498 4971 557 5020 et
592 4975 658 5018 ex
692 4960 828 5016 totis
861 4957 1073 5014 viribus
1105 4957 1246 5021 tuis,
1289 4965 1345 5012 et
1384 4969 1451 5011 ex
1489 4964 1598 5018 tata
1645 4966 1828 5012 mente
1863 4967 1988 5012 tua:
2023 4966 2079 5014 et

494 5055 804 5127 proximum
839 5061 990 5107 tuum
1020 5051 1161 5106 sicut
1192 5047 1452 5119 teipsum.
1479 5046 1737 5118 Dixitque
1767 5049 1846 5105 illi
1871 5067 1886 5104 :
1911 5049 2080 5106 Recte

499 5144 850 5216 respondisti,
893 5143 996 5198 hoc
1041 5141 1153 5207 l'ac,
1194 5147 1249 5195 et
1283 5139 1455 5194 vives.
1493 5157 1512 5190 ι
1547 5142 1825 5212 Arrogans
1857 5142 2077 5212 quidam

498 5236 848 5310 legisperitus
879 5234 1009 5300 fuit,
1056 5233 1168 5288 imo
1196 5233 1490 5302 superbus,
1543 5241 1687 5287 utex
1721 5233 1808 5288 his
1837 5249 1957 5304 quae
1987 5248 2075 5290 se-

497 5338 742 5402 quuntur
813 5326 1164 5380 mauilestum
1225 5334 1348 5390 est,
1422 5323 1644 5394 insuper
1701 5332 1758 5379 et
1833 5323 2070 5380 dolosus.

497 5418 726 5477 Accedit
788 5417 973 5487 itaque
1035 5423 1251 5471 tentans
1342 5413 1652 5470 Dominum.
1743 5413 2077 5483 Opinabatur

500 5515 648 5572 enim
701 5510 845 5581 quod
919 5523 986 5564 ex
1043 5509 1324 5577 responsis
1382 5508 1730 5579 supplantare
1787 5507 2077 5566 Dominum

500 5613 704 5680 posset.
744 5603 852 5659 Sed
883 5601 1145 5657 Dominus
1172 5599 1324 5656 illum
1355 5601 1423 5656 ad
1465 5599 1638 5672 legem
1678 5600 1848 5668 ducit,
1883 5602 1938 5657 in
1969 5617 2077 5673 qua

580 5786 630 5819 "
655 5782 844 5843 Matth.
876 5796 1070 5850 xxvtn,
1094 5779 1182 5838 l8.
1257 5781 1306 5816 “
1329 5779 1520 5839 Matth.
1563 5787 1683 5850 xui,
1729 5779 1786 5834 ὃ,

2173 4493 2370 4559 αὐτὸν,
2428 4493 2524 4547 καὶ
2575 4467 2792 4559 λέγων’
2829 4481 3166 4546 Διδάσκαλε,
3220 4480 3275 4534 τί
3331 4477 3552 4544 ποιήσας
3596 4467 3704 4566 ζωὴξν

2172 4676 2324 4748 νόμῳ
2353 4675 2408 4731 τί
2438 4675 2788 4747 γέγραπταις
2842 4669 2960 4734 πῶς
2991 4663 3426 4735 ἀναγινώσκεις;
3472 4657 3486 4677 '

2175 4740 2386 4841 κριθεὶς
2594 4781 2609 4796 ·
2653 4763 2984 4834 Ἀγαπήσεις
3020 4758 3227 4829 Κύριον
3267 4755 3360 4809 τὸν
3394 4752 3519 4806 Θεόν
3554 4762 3633 4800 σου
3661 4740 3704 4802 ἐξ

2174 4861 2306 4933 ὅλης
2340 4859 2440 4930 τῆς
2465 4857 2691 4930 καρδίας
2722 4873 2816 4910 σου
2837 4895 2855 4922 ,
2885 4854 2980 4908 καὶ
3006 4851 3067 4917 ἐξ
3095 4849 3224 4920 ὅλης
3265 4848 3370 4918 τῆς
3413 4842 3574 4915 ψυχῆς
3604 4851 3702 4933 σῆυν

2177 4927 2273 5008 καί
2301 4951 2362 5017 ἐξ
2383 4927 2510 5021 δλης
2533 4927 2633 5021 τῇς
2663 4945 2847 5020 ίσχύος
2876 4963 2991 5012 σου,
3025 4943 3122 4997 καὶ
3153 4943 3214 5006 ἐξ
3239 4939 3368 5008 ὅλης
3392 4937 3487 5006 τῆς
3513 4927 3704 5021 διανοίας

2177 5060 2270 5098 σου
2291 5081 2306 5108 ,
2337 5042 2435 5098 καὶ
2465 5017 2556 5097 τὸν
2576 5017 2814 5111 ’πλησίον
2839 5053 2935 5091 σου
2965 5034 3042 5099 ὡς
3072 5034 3288 5087 ἑαυτόν.
3311 5025 3448 5084 Elite
3471 5025 3524 5080 δὲ
3553 5017 3700 5088 αὐτῷ’

2188 5138 2392 5211 Ὀρθῶς
2422 5133 2730 5206 ἀπεκρίθης
2750 5149 2764 5163 ο
2801 5131 2959 5186 τοῦτο
2985 5129 3165 5193 ποίει,
3200 5126 3296 5180 καὶ
3325 5125 3488 5194 ζήσῃ.
3526 5137 3542 5170 ι
3579 5113 3704 5211 ’Δλιιο

2175 5201 2285 5298 {diu
2328 5245 2414 5294 τις
2444 5223 2515 5300 ἦν
2546 5201 2586 5280 ὁ.
2605 5201 2829 5297 νομικὸς
2853 5264 2868 5289 ,
2908 5222 3109 5294 μᾶλλον
3149 5219 3209 5274 δὲ
3251 5217 3610 5300 ὑπερήφανος.
3647 5201 3703 5262 ὡς

2176 5297 2240 5377 εκ
2262 5322 2373 5377 τῶν
2402 5297 2532 5391 ἑξῆς
2551 5317 2850 5380 δείκνυται,
2888 5315 2951 5368 οὐ
2985 5313 3147 5384 μόνον
3169 5310 3249 5375 δὲ,
3276 5306 3410 5362 ἀλλὰ
3435 5301 3525 5357 καὶ
3549 5297 3699 5391 δόλιος·

2180 5382 2594 5487 Πρόσεισιν-γοῦν
2618 5407 2964 5480 ἐκπειράζων
2984 5382 3076 5460 τὸν
3111 5401 3338 5476 Κύριοιπ
3371 5398 3521 5468 ᾯετο
3539 5387 3628 5487 γάρ

2180 5476 2531 5562 ὑποσκελίσει
2553 5502 2738 5568 αὐτὸν,
2770 5476 2830 5566 ἐξ
2859 5495 2934 5556 ὧν
2958 5498 3024 5554 ἂν
3050 5496 3187 5568 πρὸς
3211 5493 3374 5548 αὑτὸν
3403 5476 3697 5580 amatae-inf-

2193 5598 2333 5654 Ἀλλ’
2361 5600 2391 5653 ὁ
2436 5596 2644 5669 Κύριος
2689 5594 2784 5649 ἐπὶ
2813 5592 2906 5648 τὸν
2934 5590 3100 5663 νόμον
3125 5585 3289 5644 αὐτὸν
3319 5581 3514 5649 ἀπάγει
3534 5614 3550 5643 ,
3579 5569 3647 5640 ἐφ’
3665 5569 3699 5632 Φ
