3896 6452
195 327 286 394 845

905 315 1346 382 ΕΝΑΒΒᾹΤΙΟ
1387 323 1462 383 ιν
1506 321 1747 384 EVANG

1861 321 2003 386 lUM
2045 323 2274 386 [υμᾶς.
2315 351 2383 364 -
2422 329 2582 390 CAP.
2619 331 2691 391 Χ.

3314 331 3419 396 8-i6

208 440 332 510 μέγα
352 429 685 504 ἐῧρενθύετο.
715 431 854 504 Ὅρα
880 431 934 485 δὲ
971 433 1070 503 τὴν
1108 434 1200 486 τοῦ
1233 434 1399 504 νόμου
1434 436 1738 507 ἀκρίϐειαν,

1853 440 1982 494 mire
2021 440 2375 510 gloriabatur.
2412 441 2543 497 Vide
2577 455 2757 500 autem
2785 454 2989 516 quanto
3019 447 3204 503 studio
3228 449 3415 518 jubeit

203 529 307 591 πῶς
336 523 533 579 κελεύει
560 523 780 594 ἀγαπᾷν
811 523 902 576 τὸν
933 523 1087 578 Θεόν.
1129 526 1186 577 Ὁ
1220 524 1507 598 ἄνθρωπος
1537 527 1742 580 τελειό-

204 620 340 690 τερόν
372 618 481 670 ἐστι
532 615 748 668 πάντων
796 615 903 668 τῶν
947 617 1302 686 κτισμάτων,
1353 618 1599 688 μετέχων
1645 619 1743 688 μέν

202 717 279 766 καὶ
308 709 477 763 αὐτῶν
522 707 771 774 πάντων,
805 708 942 778 ἔχων
975 707 1034 761 δέ
1068 727 1120 762 τι
1152 710 1246 762 καὶ
1289 709 1588 781 ἐξαίρετον,
1632 705 1743 764 οἷόν

200 821 248 857 τι
283 802 436 868 λέγω
473 799 702 868 Μετέχει
744 797 838 852 καὶ
881 797 976 852 τοῦ
1004 799 1187 852 λίθου·
1227 798 1342 869 ἔχει
1373 800 1481 871 γὰρ
1515 799 1739 871 τρίχας,

196 899 394 964 ὄνυχας,
427 890 728 960 ἀναίσθητα
755 891 904 958 ὄντα,
932 891 1120 964 ὥσπερ
1147 895 1174 946 6
1195 891 1359 955 λίθος.
1385 895 1618 963 Μετέχει
1649 893 1744 947 καὶ

197 987 279 1040 τοῦ
317 984 498 1054 φυτοῦ,
549 983 686 1037 καθὸ
725 982 970 1048 αύξεται,
1006 987 1100 1038 καὶ
1136 986 1417 1055 τρέφεται,
1453 986 1547 1039 καὶ
1581 987 1744 1056 γεννᾷ

194 1078 250 1130 τὸ
292 1075 498 1144 ὅμοιον,
549 1073 737 1145 ὥσπερ
777 1075 870 1128 καὶ
905 1078 973 1130 τά
1016 1069 1178 1146 φυτά.
1213 1078 1448 1148 Μετέχει
1496 1079 1589 1130 καὶ
1637 1077 1744 1131 τῶν

194 1167 405 1232 ἀλόγων,
450 1165 586 1220 καθὸ
607 1165 720 1236 ἔχει
747 1166 847 1229 τὰς
874 1167 1177 1238 αἰσθήσεις,
1206 1168 1300 1220 καὶ
1333 1167 1621 1237 θυμοῦται,
1650 1170 1744 1223 καὶ

193 1258 450 1326 ἐπιθυμεῖ.
492 1257 730 1328 Μετὲχει
751 1257 808 1312 δέ
835 1260 929 1312 καὶ
955 1259 1090 1312 Θεοῦ
1120 1260 1273 1330 παρὰ
1299 1261 1480 1316 πάντα
1511 1263 1580 1316 τὰ
1607 1263 1743 1318 ἄλλα

192 1349 313 1413 ζῶα,
352 1347 491 1400 κατὰ
541 1348 640 1418 τὴν
689 1349 884 1420 νοερὰν
915 1350 1116 1422 ψυχήν.
1158 1351 1340 1405 Θέλων
1381 1351 1473 1406 οὖν
1500 1353 1672 1418 δεῖξαι
1717 1357 1746 1408 6

191 1443 357 1510 νόμος,
403 1441 484 1493 ὅτι
525 1439 606 1492 δεῖ
636 1440 726 1494 τὸν
769 1439 1058 1510 ἄνθρωπον
1088 1442 1211 1496 ὅλον
1239 1441 1308 1495 δι’
1355 1441 1477 1496 ὅλου
1528 1446 1742 1512 ἑαυτὸν,

188 1533 354 1586 δοῦναι
391 1532 542 1602 Θεῷ,
585 1533 680 1586 καὶ
725 1534 907 1598 πάσας
952 1535 1050 1598 τὰς
1101 1536 1340 1607 ψυχικὰς
1375 1538 1633 1610 δυνάμεις
1668 1542 1748 1602 εἰς

188 1626 276 1697 τὴν
311 1625 528 1696 ἀγάπην
557 1625 653 1679 τοῦ
675 1628 812 1681 Θεοῦ
841 1627 1140 1694 ἀναλῶσαι,
1167 1629 1257 1683 διὰ
1290 1631 1392 1700 μὲν
1421 1631 1515 1686 τοῦ
1543 1633 1742 1698 εἰπεῖν,

187 1719 240 1785 ἐξ
265 1719 386 1790 ὅλης
425 1719 528 1788 τῆς
570 1720 815 1792 καρδίας,
854 1721 954 1792 τὴν
995 1724 1462 1795 σωματικωτέραν
1510 1726 1606 1778 καὶ
1647 1728 1745 1797 τὴν

187 1817 285 1876 τοῖς
319 1814 501 1883 φυτοῖς
535 1790 746 1867 οἰκείαν
788 1790 1024 1886 ἐδήλωσε
1049 1790 1300 1886 δύναμιν.
1339 1790 1438 1871 uti
1463 1817 1520 1871 δὲ
1550 1817 1645 1872 τοῦ
1684 1790 1744 1886 ἐξ
1776 1790 1818 1847 Β

186 1905 302 1976 ὅλης
331 1905 428 1974 τῆς
473 1904 686 1976 ψυχῆς,
734 1907 834 1977 τὴν
895 1906 1068 1976 μέσην
1121 1908 1218 1962 καὶ
1255 1910 1368 1971 τοῖς
1410 1908 1746 1979 αίσθητικοϊς

171 1997 539 2072 άρμόξουσαν.
578 1999 677 2052 Διὰ
706 1999 764 2052 δέ
811 1997 904 2052 τοῦ
955 1999 1016 2064 ἐξ
1060 2000 1189 2072 ὅλης
1234 2003 1333 2072 τῆς
1371 2001 1638 2067 διανοίας,
1684 2001 1744 2056 τὸ

189 2090 460 2144 ίδιαίτατον
489 2091 588 2144 τοῦ
621 2092 911 2163 ἀνθρώπου
938 2093 1036 2164 τὴν
1069 2094 1261 2165 νοερὰν
1289 2093 1468 2166 ψυχὴν
1491 2097 1743 2167 ,κατεμήο

184 2200 317 2238 νυσε.
347 2183 418 2235 Τὸ
445 2183 504 2237 δέ
529 2183 589 2249 ἐξ
611 2183 739 2254 ὅλης
770 2185 867 2254 τῆς
909 2185 1114 2256 ἰσχύος,
1145 2187 1227 2250 εἰς
1256 2186 1434 2242 πάντα
1462 2186 1640 2242 ταῦτα
1667 2187 1747 2242 δεῖ

185 2277 314 2344 ἡμᾶς
344 2273 545 2329 ἒλκειν.
575 2277 667 2329 Δεῖ
697 2276 806 2348 γὰρ
836 2277 984 2348 ἡμᾶς
1017 2277 1112 2332 καὶ
1133 2277 1233 2350 τὴν
1259 2278 1492 2350 φυτικὴν
1518 2278 1746 2350 δύναμιν

182 2371 270 2438 τῆς
292 2369 465 2440 ψυχῆς
491 2369 818 2425 ὑποτάττειν
840 2374 905 2443 τῇ
932 2372 1120 2448 ἀγάπῃ
1145 2375 1239 2427 τοῦ
1275 2375 1319 2427 Χ
1327 2373 1535 2446 ριστοῦ.
1583 2373 1747 2429 Ἀλλά

183 2459 323 2525 πῶς;
389 2462 691 2534 ἰσχυρῶς,
738 2461 875 2516 ἀλλὰ
921 2463 996 2533 μὴ
1043 2463 1438 2535 ἐκλελυμένως.
1495 2466 1605 2520 Καὶ
1647 2465 1746 2537 τὴν

181 2553 489 2625 αἰσθητικὴν
514 2595 532 2620 ,
574 2556 672 2610 καὶ
699 2555 905 2626 ταύτην
953 2557 1189 2629 ἰσχυρῶς
1212 2598 1228 2623 ,
1262 2559 1354 2612 καὶ
1387 2559 1486 2630 τὴν
1512 2558 1708 2630 νοερὰν
1726 2601 1741 2627 ,

182 2645 266 2699 καὶ
289 2647 490 2719 ταύτην
514 2646 578 2712 ἐξ
606 2647 733 2720 ὅλης
757 2649 856 2718 τῆς
890 2649 1094 2719 ἰσχύος.
1121 2650 1285 2704 Ὥστε
1321 2650 1474 2714 ὅλους
1520 2653 1747 2716 ἑαυτοὺς

180 2738 452 2808 ὀφείλομεν
509 2739 716 2794 διδόναι
753 2739 910 2810 Θεῷ,
949 2743 1044 2794 καὶ
1093 2741 1450 2808 ὑποτάττειν,
1498 2743 1594 2796 καὶ
1649 2744 1746 2814 τὴν

181 2831 510 2902 θρεπτικὴν,
570 2834 666 2889 καὶ¹
729 2833 830 2904 τὴν
879 2835 1203 2905 αἰσθητικὴν
1264 2837 1358 2888 καὶ
1400 2835 1747 2907 διανοητικὴν

181 2925 324 2994 ἡμῶν
354 2927 590 2998 δύναμιν
617 2929 684 2999 τῇ
714 2927 905 3000 ἀγάπῃ
935 2926 1028 2980 τοῦ
1056 2927 1213 2983 Θεοῦ.
1252 2929 1364 2982 Καὶ
1392 2929 1482 2983 τὸν
1520 2929 1747 3000 πλησίον

184 3035 269 3072 σου
302 3019 377 3082 ὡς
413 3020 664 3076 σεαυτόν.
714 3019 773 3073 '0
809 3021 970 3089 νόμος
999 3018 1153 3076 ούπω
1192 3021 1263 3075 τά
1299 3021 1480 3075 τέλεια
1512 3023 1748 3093 δυνάμε-

181 3128 259 3171 νος
289 3111 563 3165 διδάσκειν
596 3111 684 3164 διά
730 3112 792 3166 τὸ
833 3112 1103 3183 νηπιῶδες
1135 3114 1245 3166 τῶν
1284 3115 1622 3179 ἀκουόντων,
1654 3114 1746 3166 τὸν
1773 3138 1817 3194 c

181 3201 392 3271 πλησίον
425 3205 654 3272 ἀγαπᾷν
684 3203 1051 3275 προτρέπεται
1077 3204 1152 3268 ὡς
1181 3206 1392 3260 ἑαυτὸν.
1437 3205 1495 3260 Ὀ
1524 3207 1581 3258 δέ
1616 3207 1748 3276 Χρι-

184 3292 294 3355 στδς
325 3295 416 3346 καὶ
449 3293 599 3364 ύπέρ
631 3294 823 3347 ἑαυτὸν
863 3296 1088 3366 ἀγαπᾷν
1125 3296 1216 3350 τὸν
1248 3297 1477 3368 πλησίον
1501 3296 1708 3361 ἐδίδαξε
1729 3314 1743 3328 ο

180 3383 407 3448 Μείζονα
437 3387 556 3455 γὰρ
603 3385 805 3456 ταύτης
857 3387 1112 3458 ἀγάπην,
1155 3389 1320 3456 φησὶ,
1363 3389 1462 3442 οὐκ
1510 3389 1626 3459 ἔχει
1663 3405 1748 3452 τις

180 3475 357 3542 δεῖξαι,
387 3479 420 3550 ἣ
469 3479 566 3532 ἵνα
601 3495 684 3542 τις
712 3480 812 3548 τὴν
838 3479 1016 3551 ψυχὴν
1050 3482 1213 3535 αὑτοῦ
1249 3483 1314 3554 θῇ
1354 3483 1494 3554 ὑπὲρ
1518 3481 1626 3537 τῶν
1656 3485 1746 3552 φί-

181 3568 279 3621 λων
309 3571 498 3625 αύτοῦ.
532 3571 694 3640 Λέγει
713 3569 807 3625 οὖν
825 3572 959 3643 πρὸς
985 3573 1074 3628 τὸν
1100 3575 1341 3644 νομικόν·
1383 3575 1588 3646 Ὀρθῶς
1619 3579 1750 3628 ἀπε.

180 3659 380 3730 κρίθης.
431 3663 594 3715 Ἐπεὶ
623 3664 754 3734 γάρ,
783 3665 968 3732 φησιν,
1016 3665 1096 3717 ἐτι
1125 3665 1204 3734 τῷ
1237 3666 1386 3736 νόμῳ
1426 3667 1739 3722 ὑπόκεισαιι

179 3752 340 3826 ὀρθῶς
370 3757 650 3828 ἀποκρίνῃ
670 3773 685 3791 ·
719 3759 860 3812 κατὰ
890 3756 980 3812 τὸν
1014 3759 1176 3830 νόμον
1202 3761 1309 3832 γὰρ
1337 3763 1568 3832 φρονεῖς.

256 3958 274 3992 ι
328 3940 386 3994 Ὀ
423 3942 483 3996 δὲ
547 3939 715 3994 θέλων
767 3939 1009 3995 δικαιοῦν
1044 3942 1276 4005 ἑαυτὸν,
1318 3937 1438 3996 εἷπε
1494 3941 1628 4011 πρὸς
1660 3941 1750 3996 τὸν

190 4033 409 4104 Ἰησοῦνσ
442 4035 562 4090 Καὶ
589 4035 670 4098 τίς
705 4035 821 4088 ἐστι
850 4052 949 4104 μου
981 4033 1245 4104 πλησίον;
1293 4033 1612 4088 ’Υπολαῦὼν
1635 4033 1690 4087 δὲ
1723 4036 1750 4088 6

190 4126 428 4199 Ἰησοῦς,
496 4123 690 4180 εἶπεν·
730 4126 1052 4196 ’Ἄνθρωπός
1109 4143 1194 4189 τις
1264 4125 1585 4180 κατέϐαινεν
1644 4126 1752 4179 ἀπὸ

188 4218 554 4291 Ἰερουσαλὴμ
587 4219 666 4284 είς
721 4217 966 4289 Ἱεριχὼ,
1001 4219 1093 4272 καὶ
1126 4217 1354 4289 λῃσταῖς
1387 4217 1749 4289 περιέπεσεν,

179 4311 225 4364 οἲ
265 4311 360 4365 καὶ⁵
393 4311 723 4375 ἐκδύσαντες
761 4311 922 4364 αὐτὸν
947 4349 962 4374 ,
1007 4311 1102 4364 καὶ
1147 4309 1362 4379 πληγάς
1396 4309 1710 4380 περιθέντες
1733 4349 1748 4377 ,

177 4405 434 4477 ἀπῆλθον,
487 4405 722 4475 ἀφέντες
755 4402 996 4474 ἡμιθανῆ
1033 4404 1392 4474 τυγχάνοντα.
1434 4403 1588 4457 Κατὰ
1615 4419 1750 4472 συγ-

1847 532 1928 586 lex
1965 531 2128 586 Deum
2158 547 2365 588 amare.
2423 534 2593 590 "Ollio
2626 545 2998 594 creaturarum
3038 541 3278 595 omnium
3337 556 3421 597 est

1847 624 2276 692 perfectissimus
2330 636 2381 680 et
2441 627 2710 697 particeps
2769 639 2977 684 naturae
3033 631 3315 697 omnium,
3365 644 3422 686 et

1844 724 2104 784 pwterea
2154 717 2407 784 quiddam
2457 717 2744 774 sublimius
2778 719 3004 775 habens.
3061 720 3132 777 Ut
3184 725 3416 791 exempli

1845 807 2016 875 gratia
2062 809 2188 878 quid
2223 809 2440 864 dicam:
2470 809 2749 879 Particeps
2794 820 2875 866 est
2929 819 3137 868 natura:
3179 814 3372 882 lapidis
3403 835 3417 868 :

1847 901 2008 955 habet
2039 903 2186 956 cnim
2219 903 2442 972 capillos
2479 913 2532 957 et
2561 918 2789 972 ungues,
2818 918 2938 974 qua:
2966 904 3242 962 insensata
3272 919 3418 976 sunt,

1847 996 2303 1063 quemadmodum
2338 996 2494 1065 lapis.
2526 995 2804 1066 Particcps
2835 1007 2918 1052 est
2951 1008 3004 1051 et
3034 1009 3241 1054 naturae
3269 1001 3423 1070 plan-

1847 1095 2045 1151 tarum,
2073 1088 2370 1140 secundum
2399 1090 2540 1156 quod
2569 1089 2765 1144 crescit
2790 1097 2846 1143 et
2877 1089 3135 1158 nutritur,
3167 1106 3231 1146 ac
3253 1092 3422 1161 gignit

1848 1177 1949 1233 sibi
1985 1179 2162 1232 simile
2203 1179 2306 1250 (α),
2354 1181 2496 1236 sicut
2553 1189 2608 1234 et
2641 1181 2853 1250 plantre.
2906 1180 3188 1252 Particeps
3235 1195 3317 1238 est
3369 1197 3426 1237 et

1849 1280 2057 1325 natura:
2091 1271 2397 1335 brutorum,
2435 1275 2732 1328 secundum
2759 1275 2900 1344 quod
2934 1274 3094 1329 habet
3128 1290 3340 1338 sensus,
3370 1286 3425 1330 et

1851 1365 2128 1432 irascitur,
2187 1374 2241 1420 et
2289 1367 2642 1436 concupiscit.
2701 1368 2976 1438 Particcps
3023 1379 3108 1424 cst
3155 1379 3334 1423 autem
3370 1378 3425 1423 et

1851 1455 1946 1511 Dei
1979 1456 2134 1526 juxta
2189 1458 2506 1512 rationalem
2556 1460 2832 1526 animam,
2871 1475 3032 1528 Supra
3085 1461 3264 1516 omnia
3317 1461 3420 1516 alia

1851 1548 2175 1604 animantia.
2207 1549 2399 1620 Itaque
2433 1551 2516 1604 lex
2549 1551 2836 1608 ostendere
2876 1553 3060 1608 volens
3089 1555 3229 1621 quod
3259 1553 3424 1608 homo

1851 1640 2044 1696 debeat
2076 1656 2199 1696 sese
2241 1650 2410 1697 totum
2441 1643 2656 1697 tradere
2688 1644 2820 1711 Deo,
2867 1655 2921 1699 et
2949 1659 3135 1699 omnes
3163 1645 3424 1699 animales

1851 1734 2078 1787 virtutes
2110 1733 2382 1788 insumere
2433 1734 2484 1786 in
2534 1733 2876 1789 dilectionem
2932 1734 3047 1801 Dei,
3097 1750 3163 1790 eo
3201 1735 3423 1805 quidem

1850 1824 1993 1900 quod
2025 1825 2185 1892 dixit,
2244 1839 2310 1879 ex
2367 1834 2481 1880 toto
2526 1826 2711 1891 corde,
2767 1827 3095 1882 crassiorem
3140 1837 3193 1881 et
3227 1829 3425 1896 plantis

1851 1921 2124 1990 propriam
2159 1919 2456 1975 declaravit
2482 1920 2762 1976 virtutem.
2824 1921 3058 1975 Dicendi)
3109 1930 3289 1976 autem
3312 1961 3326 1986 ,
3355 1938 3424 1978 ex

1851 2022 1966 2068 tcta
2001 2014 2201 2079 anima,
2228 2014 2458 2069 mediam
2489 2014 2750 2080 ostendit,
2784 2021 2837 2070 et
2861 2016 3096 2070 sensatis
3123 2031 3425 2086 congruen-

1851 2114 1979 2160 tem.
2023 2105 2128 2161 Per
2154 2112 2257 2161 hoc
2300 2116 2478 2160 autem
2529 2107 2672 2176 quod
2726 2107 2880 2170 dicit,
2936 2120 3002 2161 ex
3053 2116 3161 2161 tota
3219 2116 3421 2170 mente,

1849 2198 2057 2256 homini
2087 2197 2325 2254 maxime
2351 2199 2627 2268 pr0priam
2655 2197 2764 2253 vim
2807 2197 3154 2268 signiﬁcavit,
3185 2198 3422 2252 animam

1849 2291 2195 2349 rationalem.
2237 2290 2402 2347 Porro
2437 2290 2580 2361 quod
2612 2290 2774 2354 dicit,
2811 2304 2877 2344 cx
2921 2299 3035 2346 tota
3084 2287 3424 2354 fortitudlne,

1848 2385 1917 2441 ad
1967 2384 2150 2439 omnia
2199 2383 2314 2439 haec
2373 2381 2714 2437 trahendum.
2769 2381 2996 2452 Oportet
3050 2382 3193 2436 enim
3243 2390 3427 2436 noset

1851 2475 2152 2529 naturalem
2186 2489 2250 2530 ac
2286 2475 2646 2545 vegetativam
2674 2475 2928 2529 virtutem
2956 2473 3226 2544 subjicere
3254 2473 3426 2529 dilec-

1852 2568 1983 2623 tioni
2013 2565 2242 2624 Christi.
2279 2566 2388 2622 Sed
2415 2566 2732 2636 quomodo?
2764 2565 3002 2622 Fortiter
3030 2577 3085 2622 et
3116 2581 3220 2621 non
3256 2565 3428 2620 disso-

1849 2659 1980 2713 lute.
2013 2658 2078 2713 Et
2117 2658 2461 2721 sensizivam,
2503 2667 2670 2728 atque
2716 2658 2862 2714 illam
2911 2657 3147 2713 fortiter.
3183 2655 3426 2722 Denique

1849 2757 1908 2801 ct
1937 2745 2278 2814 rationalem,
2317 2757 2480 2815 atque
2529 2745 2676 2800 illam
2722 2760 2788 2800 ex
2826 2755 2936 2800 tota
2975 2745 3198 2800 virtute.
3251 2744 3427 2814 Atque

1849 2839 1925 2895 ita
1956 2838 2234 2908 debemus;
2262 2852 2363 2893 nos
2417 2845 2561 2892 totos
2600 2835 2734 2892 dare
2779 2834 2911 2903 Deo,
2958 2834 3333 2904 subjicereque
3371 2845 3430 2890 et

1852 2930 2189 2998 nutritivam,
2226 2939 2282 2986 et
2310 2929 2651 2995 sensitivam,
2701 2937 2758 2984 et
2808 2927 3128 2984 rationalem
3178 2937 3424 2983 nosmm

1850 3025 2111 3079 virtutem
2143 3022 2420 3078 dilectioni
2454 3020 2572 3076 Dei.
2619 3020 2684 3075 Et
2729 3020 3040 3091 proximum
3095 3030 3243 3075 tuum
3284 3020 3428 3076 sicut

1853 3115 2102 3184 teipsum.
2144 3112 2257 3169 Lex
2306 3113 2542 3168 nondum
2589 3111 2776 3168 valens
2830 3111 3072 3182 perfecta
3128 3111 3325 3166 docere
3355 3111 3427 3166 ob

1855 3207 2162 3260 auditorum
2185 3205 2571 3276 puerilitatem,
2595 3203 2909 3274 proximum
2931 3203 3157 3275 diligere
3176 3205 3428 3258 hortatur

1856 3309 1913 3354 ut
1955 3299 2212 3370 seipsum.
2265 3295 2519 3353 Christus
2561 3305 2742 3352 autem
2780 3307 2834 3351 et
2867 3295 3152 3366 plusquam
3188 3297 3425 3363 seipsum

1854 3389 2076 3459 diligere
2112 3388 2414 3458 proximum
2449 3387 2650 3443 docuit.
2678 3383 2932 3455 Majorem
2961 3385 3104 3442 enim
3137 3385 3239 3440 hac
3265 3385 3430 3440 dilec-

1853 3483 2076 3548 tionem,
2140 3481 2334 3552 inquit,
2390 3495 2550 3536 nemo
2580 3480 2837 3537 exhibere
2901 3483 3100 3550 potest,
3158 3496 3318 3551 quam
3369 3491 3429 3536 ut

1853 3575 2090 3628 animant
2138 3589 2290 3629 suam
2337 3582 2502 3644 ponat
2538 3574 2662 3642 quis
2709 3588 2805 3644 pro
2861 3574 3051 3629 amicis
3099 3574 3230 3629 suis.
3289 3574 3429 3628 Dicit

1851 3665 2016 3735 igitur
2037 3665 2101 3720 ad
2129 3666 2520 3736 legisperitum,
2541 3664 2708 3720 Recte
2733 3664 3078 3734 respondisti.
3100 3662 3233 3729 Quia
3255 3665 3428 3732 enim,

1853 3759 2036 3813 dicere
2067 3757 2202 3822 vult,
2242 3757 2343 3827 legi
2379 3757 2557 3812 adhuc
2587 3757 2863 3826 subjectus
2900 3773 2980 3822 es,
3018 3768 3164 3813 recte
3200 3747 3426 3828 reSponl

1854 3848 1978 3902 disti
2002 3865 2017 3914 ;
2045 3847 2201 3917 juxta
2234 3847 2404 3916 legem
2435 3849 2580 3902 enim
2607 3849 2774 3916 sapis.

1926 3938 2306 3996 Vsas.29-57.
2343 3958 2363 3992 ι
2405 3939 2500 3994 Ille
2545 3950 2725 3994 autem
2762 3940 3274 4010 volensjustilicare
3320 3941 3429 3994 sei—

1854 4047 2030 4104 psum,
2062 4031 2202 4087 dixit
2235 4033 2301 4087 ad
2329 4031 2555 4088 Jesum‘:
2590 4031 2655 4086 Et
2681 4033 2806 4102 quis
2835 4045 2917 4088 cst
2941 4048 3093 4088 meus
3118 4034 3383 4103 prosimu:
3405 4034 3431 4086 Υ

1853 4125 2206 4194 Respondeas
2238 4137 2416 4180 autem
2441 4123 2622 4189 Jesus,
2657 4125 2828 4180 dixit:
2855 4124 3026 4180 Homo
3057 4127 3276 4196 quidam
3307 4127 3429 4181 des-

1853 4214 2116 4271 cendebat
2165 4216 2234 4270 ab
2278 4215 2669 4288 Hierosolymis
2711 4217 2763 4270 in
2819 4215 3095 4282 lliericho,
3142 4225 3196 4271 et
3241 4218 3430 4271 incidit

1854 4307 1908 4361 in
1943 4307 2208 4371 latrones,
2229 4309 2318 4377 qui
2348 4308 2509 4362 etiam
2537 4308 2974 4377 despoliaveruut
3013 4324 3136 4364 eum
3162 4309 3426 4372 veStibus,

1857 4413 1921 4456 ac
1949 4399 2265 4454 vulneribus
2313 4397 2530 4455 inﬂictis
2563 4399 2815 4457 abierunt
2861 4401 3216 4456 scmimortuo
3265 4387 3430 4471 349

178 4497 366 4566 κυρίαν
395 4499 454 4552 δὲ
511 4497 687 4567 ἱερεύς
720 4513 803 4558 τις
846 4493 1164 4549 κατέϐαινεν
1193 4496 1252 4548 ἐν
1281 4498 1348 4567 τῇ
1384 4495 1490 4567 ὁδῷ
1523 4495 1708 4570 ἐκείνῃ
1733 4535 1747 4562 ,

1855 4491 2073 4548 delicto.
2108 4489 2323 4547 Accidit
2355 4501 2534 4546 autem
2581 4500 2639 4546 ut
2674 4493 2931 4548 sacerdos
2957 4492 3173 4562 quidam
3201 4494 3432 4546 descen‘

177 4589 265 4640 καὶ
296 4587 421 4641 ίδὼν
455 4587 623 4642 αὐτὸν
651 4585 1074 4656 ἀντιπαρῆλθεν.
1121 4585 1354 4654 ὀμοίως
1381 4585 1437 4640 δέ
1465 4584 1560 4640 καὶ
1589 4586 1754 4640 Λευί-

178 4695 271 4749 της
295 4681 598 4752 γενόμενος
623 4679 766 4733 κατὰ
789 4679 879 4733 τὸν
911 4678 1076 4732 τόπον
1101 4677 1289 4741 ἐλθὼν,
1315 4679 1410 4732 καὶ
1443 4677 1568 4732 ἰδὼν
1595 4679 1755 4734 αὐτὸν

176 4773 570 4845 ἀντιπαρῆλθε.
616 4771 962 4840 Σαμαρείτης
1000 4771 1059 4824 δέ
1106 4770 1307 4824 ὁδεύων
1339 4765 1472 4842 ἦλθε
1507 4773 1630 4824 κατ’
1657 4770 1754 4824 αύ-

175 4865 284 4930 τὸν,
324 4867 423 4921 καὶ
468 4865 596 4919 ἰδὼν
637 4863 1077 4932 ἐσπλαγχνίσθη,
1107 4864 1202 4916 καὶ
1243 4862 1560 4933 προσελθὼν
1596 4863 1757 4917 κατέ-

174 4958 300 5028 δησε
328 4960 400 5014 τὰ
428 4958 724 5029 τραύματα
752 4954 917 5009 αὐτοῦ
934 4995 948 5019 ,
980 4955 1217 5024 ἐπιχέων
1245 4955 1425 5008 ἐλαιον
1453 4955 1549 5008 καὶ
1591 4951 1752 5013 οἶνον.

188 5050 492 5114 Ἐπιϐάσας
538 5050 597 5104 δέ
645 5049 808 5104 αὐτὸν
858 5047 953 5103 ἐπὶ
994 5047 1056 5100 τὸ
1090 5046 1220 5100 ἴδιον
1269 5046 1462 5117 κτῆνος
1487 5085 1502 5112 ,
1549 5046 1758 5117 ἤγαγεν

177 5141 337 5196 αὑτὸν
362 5143 448 5205 είς
471 5140 809 5211 πανδοχεῖον,
839 5140 936 5194 καὶ
964 5135 1281 5208 ἐπεμελήθη
1307 5135 1496 5190 αὑτοῦ.
1529 5139 1640 5190 Καὶ
1666 5139 1759 5192 ἐπὶ⁵

175 5232 272 5302 τὴν
298 5233 500 5304 αὔριον
535 5232 788 5299 ἐξελθὼν,
821 5229 1065 5285 ἐκϐαλὼν
1094 5230 1186 5283 δύο
1213 5229 1445 5300 δηνάρια
1474 5229 1641 5283 ἔδωκε
1679 5228 1758 5300 τῷ

176 5325 460 5396 πανδοχεῖ,
496 5325 588 5378 καὶ
619 5320 773 5379 εἶπεν
825 5322 972 5392 αὐτῷ
995 5339 1009 5353 ο
1049 5320 1439 5392 Ἐπιμελήθητι
1471 5320 1634 5376 αὑτοῦ
1656 5322 1753 5375 καὶ

174 5411 205 5465 ὃ
257 5431 312 5466 τι
343 5415 413 5468 ἂν
460 5415 950 5487 προσδαπανήσῃς,
992 5413 1104 5482 ἐγὼ
1139 5415 1200 5466 ἐν
1237 5411 1316 5482 τῷ
1355 5412 1752 5483 ἐπανέρχεσθαί

177 5521 281 5575 με,
313 5506 586 5561 ἀποδώσω
621 5524 725 5561 σοι.
763 5506 859 5568 Τίς
884 5501 978 5558 οὖν
1012 5503 1122 5560 τῶν
1155 5503 1324 5575 τριῶν
1350 5502 1579 5573 πλησίον
1609 5503 1755 5557 δοκεί

179 5613 260 5649 σοι
306 5598 596 5666 γεγονέναι
632 5597 727 5652 τοῦ
757 5596 1090 5669 ἐμπεσόντος
1128 5597 1208 5659 εις
1232 5594 1360 5657 τοὺς
1400 5593 1645 5667 laesae;
1694 5596 1755 5648 '0

245 5780 323 5850 (ο)
355 5776 506 5836 Edit.
533 5778 655 5837 Lut.
682 5795 790 5839 non
815 5778 1000 5846 habet,
1025 5793 1086 5834 ac
1109 5774 1272 5848 gignit
1301 5772 1400 5833 sibi
1422 5772 1612 5830 simila.

1851 4582 2003 4647 deret
2033 4577 2361 4645 eadem‘via,
2409 4583 2639 4651 visoque
2686 4583 2777 4637 illo
2815 4583 3096 4652 prieteriit.
3161 4580 3430 4636 Similiter

1853 4680 1906 4726 et
1941 4671 2131 4726 Levita
2179 4686 2303 4727 cum
2339 4672 2442 4733 iret
2488 4671 2642 4742 juxta
2680 4673 2888 4739 locum,
2926 4687 2990 4727 ac
3017 4672 3240 4726 vidisset
3271 4687 3427 4734 eum,

1855 4763 2137 4834 praeteriit.
2173 4762 2548 4818 Samaritanus
2577 4772 2758 4817 autem
2788 4763 3009 4832 quidam
3056 4763 3160 4818 iter
3199 4761 3426 4823 faciens,

1855 4857 2004 4912 venit
2031 4856 2100 4910 ad
2134 4871 2293 4911 eum:
2330 4866 2384 4910 et
2419 4855 2536 4911 viso
2567 4870 2632 4911 eo
2655 4895 2670 4920 ,
2701 4856 3072 4911 misericordia
3106 4865 3286 4910 motus
3323 4867 3426 4920 est,

1855 4960 1912 5002 et
1938 4948 2203 5004 accedens
2241 4947 2480 5019 alligavit
2509 4947 2730 5002 vulnera
2763 4949 2909 5017 ejus,
2939 4947 3224 5004 infundens
3249 4948 3426 5003 oleum

1857 5054 1922 5094 ac
1949 5041 2170 5094 vinum:
2201 5050 2256 5095 et
2288 5041 2573 5110 imponens
2624 5040 2774 5094 illum
2822 5040 2876 5094 in
2914 5055 3069 5094 suum
3103 5041 3428 5108 jumentum,

1855 5130 2012 5185 duxit
2037 5128 2090 5184 in
2115 5127 2500 5193 diversorium,
2524 5139 2579 5184 et
2598 5143 2786 5184 curam
2815 5129 2934 5200 ejus
2964 5130 3093 5201 egit.
3119 5129 3185 5184 Et
3213 5141 3431 5200 postero

1857 5223 1946 5276 die
1999 5221 2314 5294 egrediens,
2383 5221 2732 5291 depromptos
2783 5223 2918 5278 duos
2973 5223 3226 5287 denarios
3285 5223 3435 5279 dedit

1865 5315 2082 5385 hospiti,
2106 5323 2160 5369 et
2184 5314 2259 5366 ait
2283 5313 2332 5366 ei
2359 5331 2372 5366 ι
2402 5312 2602 5367 Curam
2630 5311 2776 5366 illius
2803 5313 2978 5380 habe;
3003 5329 3058 5368 et
3080 5314 3439 5384 quodcunque

1863 5415 2124 5477 praeterea
2155 5406 2532 5475 insumpseris,
2562 5421 2662 5474 ego
2684 5420 2804 5460 cum
2833 5407 3044 5462 rediero
3068 5406 3289 5462 reddam
3314 5407 3433 5462 tibi.

1865 5498 1998 5566 Quis
2020 5513 2150 5570 ergo
2178 5498 2370 5552 horum
2405 5498 2568 5552 trium
2593 5498 2805 5553 videtur
2831 5499 2925 5556 tibi
2954 5502 3236 5572 proximus
3275 5497 3441 5552 fuisse

1864 5592 1943 5652 illi
1981 5593 2075 5663 qui
2102 5591 2293 5649 incidit
2319 5591 2372 5648 in
2406 5590 2694 5648 latrones?
2717 5593 2788 5650 At
2817 5591 2907 5651 ille
2938 5593 3070 5651 dixit
3097 5607 3112 5648 :
3147 5591 3249 5662 Qui
3278 5603 3440 5646 exer-
