3896 6452
475 337 530 399 i’i
543 335 575 400 7

1385 321 1962 386 THEOPUYLACTI
1995 311 2402 378 BULGARL‘E
2442 308 2798 374 ARCHIEP.
3600 305 3684 371 8ί8

478 459 586 510 .nit
617 449 1047 511 misericordiam
1083 447 1143 504 ‘in
1175 445 1343 500 illum.
1392 441 1480 497 Ait
1524 441 1689 512 igitur
1736 438 1811 493 illi
1851 436 2045 491 Jcsus:

2160 431 2206 484 δὲ
2238 425 2388 482 εἶπεν
2414 446 2427 460 ·
2471 427 2528 480 ’0
2552 427 2782 494 ποιήσας
2812 421 2873 476 τὸ
2893 420 3040 484 ἔλεος
3074 421 3188 492 μετ’
3218 419 3402 475 αὑτοῦ.
3439 413 3589 474 Εἶπεν
3611 423 3686 477 οὖν

479 548 645 614 Vade,
682 555 737 602 et
770 555 825 599 tu
860 544 944 599 fac
989 540 1262 597 similiter.
1307 556 1324 588 ι
1376 534 1652 589 Laudatus
1698 547 1727 585 a
1765 530 2046 586 Salvatorc

474 637 838 709 legiSperitus,
864 631 1098 703 prodidit
1122 626 1464 684 insolentiam
1490 625 1679 680 animi.
1704 621 2042 678 Dixitenim:

476 732 542 788 Et
566 729 690 801 quis
719 737 806 784 est
851 740 1003 782 meus
1042 723 1366 794 proximus?
1413 717 1771 776 Existimabat
1813 714 1958 770 enim
1990 730 2049 772 se

471 822 676 894 justum
736 833 893 882 esse,
951 815 1268 885 nullumque
1321 813 1521 868 habere
1566 808 1668 864 sibi
1713 807 1943 864 similem
1994 816 2050 862 et

476 914 784 984 proximum
815 909 1016 964 virtute
1043 925 1056 961 :
1087 915 1286 975 putans
1310 904 1484 961 solum
1508 901 1717 972 justum
1748 899 1894 968 justo
1926 912 2049 968 pro-

478 1007 682 1061 ximum
707 1016 848 1060 esse.
880 1000 1116 1056 Proinde
1142 997 1329 1054 volens
1365 993 1669 1065 justiﬁcare
1703 993 1964 1062 seipsum,
1995 998 2050 1044 et

477 1097 664 1152 extolli
709 1109 873 1166 super
916 1105 1106 1149 omnes
1139 1089 1408 1154 homines,
1440 1086 1791 1150 insolescens,
1824 1082 2002 1154 inquit
2032 1099 2045 1136 :

478 1193 546 1246 Et
575 1190 697 1261 quis
725 1197 808 1244 est
847 1185 1124 1258 proximus
1169 1181 1362 1239 meus?
1387 1179 1641 1236 Salvator
1670 1186 1872 1243 autem,
1915 1189 2050 1245 quo-

478 1285 621 1338 niam
653 1280 910 1339 Conditor
937 1280 1050 1349 ipse
1081 1285 1237 1341 erat,
1290 1273 1473 1330 sciens
1518 1286 1618 1327 nos
1668 1284 1858 1327 omnes
1887 1283 2048 1324 unam

478 1385 806 1441 creaturam,
855 1388 959 1429 non
1009 1371 1263 1443 operibus
1294 1382 1468 1439 neque
1515 1365 1904 1436 dignitatibus,
1957 1362 2050 1418 sed

478 1479 669 1526 natura
705 1467 893 1524 deﬁnit
930 1465 1265 1538 proximum.
1314 1461 1394 1518 Ne
1434 1460 1598 1532 igitur
1627 1469 1802 1530 putes,
1852 1456 2049 1528 inquit,

477 1562 604 1633 quia
626 1561 806 1632 justus
835 1574 915 1626 es,
964 1557 1108 1630 quod
1147 1555 1326 1612 nullus
1358 1554 1454 1609 tibi
1497 1551 1693 1609 similis
1735 1551 1828 1606 sit.
1854 1551 2051 1604 Omnes

477 1653 619 1708 enim
654 1651 746 1722 qui
781 1647 1027 1721 ejusdem
1078 1655 1287 1703 natura:
1329 1653 1475 1710 sunt,
1526 1641 1759 1714 proximi
1792 1640 1866 1695 tui
1902 1649 2047 1694 sunt.

478 1742 569 1801 Sis
597 1743 762 1814 igitur
791 1741 1030 1797 vicissim
1067 1749 1121 1794 et
1164 1747 1221 1793 tu
1269 1737 1374 1793 illis
1405 1737 1720 1807 proximus:
1768 1747 1874 1788 non
1909 1731 2047 1796 loco,

475 1835 572 1893 sed
601 1833 885 1894 aﬂectione
913 1840 970 1890 et.
995 1831 1173 1888 studio
1209 1843 1337 1900 erga
1368 1829 1508 1884 illos.
1542 1827 1751 1883 Idcirco
1782 1835 1835 1882 et
1861 1825 2053 1880 Sama-

477 1926 719 1982 ritanum
754 1923 1051 1980 introducit
1101 1923 1158 1978 in
1202 1919 1530 1996 exemplum,
1571 1928 1628 1973 ut
1661 1917 1756 1972 tibi
1790 1925 2050 1972 monstret

478 2019 622 2088 quod
660 2017 786 2072 licet
829 2016 918 2072 hic
946 2016 1053 2070 vita
1089 2015 1444 2084 discreparet,
1483 2011 1761 2081 proximus
1793 2018 1970 2064 tamen
2003 2007 2051 2078 ci

477 2116 595 2165 erat
619 2107 712 2177 qui
750 2106 1102 2162 miseratione
1127 2103 1344 2172 dignus.
1378 2101 1467 2156 Sic
1498 2109 1553 2155 et
1584 2109 1637 2155 tu
1677 2097 2054 2167 compassione

478 2200 786 2271 proximum
822 2205 873 2252 te
922 2195 997 2250 illi
1027 2193 1246 2258 exhibe,
1287 2202 1342 2247 et
1370 2203 1560 2262 sponte
1591 2205 1654 2244 ac
1689 2204 1794 2243 non
1833 2197 2052 2252 vocatus

479 2293 532 2346 in
574 2291 721 2346 illius
749 2288 1052 2346 subsidium
1090 2301 1270 2341 curre.
1322 2285 1588 2339 Docemur
1640 2283 1805 2352 igitur
1850 2290 1903 2336 et
1952 2281 2054 2336 hoc

478 2380 600 2437 loco
633 2395 728 2451 per
753 2379 1068 2450 parabolam
1119 2386 1181 2430 ut
1224 2376 1396 2445 parati
1446 2376 1613 2436 simus
1643 2375 1707 2427 ad
1743 2372 2054 2428 miscricor-

477 2475 658 2538 diam,
710 2483 766 2526 et
797 2485 1058 2526 conemur
1105 2482 1226 2524 esse
1269 2465 1501 2537 proximi
1541 2465 1626 2520 his
1664 2464 1753 2533 qui
1812 2463 2054 2530 indigent

480 2572 666 2620 nostro
697 2563 961 2620 subsidio.
1003 2559 1170 2616 Docet
1195 2568 1373 2615 autem
1402 2568 1455 2614 et
1483 2566 1683 2628 quanta
1715 2557 1808 2613 Dei
1843 2556 2056 2612 bonitas

480 2675 610 2731 erga
645 2659 915 2715 homines.
955 2655 1328 2712 Descendebat
1366 2655 1508 2710 enim
1542 2655 1775 2708 humana
1806 2661 1997 2708 natura
2025 2665 2056 2703 a

483 2749 850 2816 Hierusalem,
881 2749 984 2805 hoc
1009 2757 1114 2814 est,
1146 2762 1176 2803 a
1218 2745 1506 2815 tranquilla
1547 2757 1602 2800 et
1653 2746 1874 2816 paciﬁca
1925 2745 2053 2798 vita.

482 2843 817 2904 Hierusalem
871 2842 1016 2904 enim
1081 2841 1467 2911 interpretatur
1525 2838 1658 2894 visio
1713 2839 1881 2908 pacis.
1939 2837 2057 2904 Quo

482 2945 661 2994 autent
694 2934 1094 2991 descendebat?
1143 2933 1201 2986 ln
1241 2932 1494 2988 Hiericho
1533 2929 1814 2992 humilem,
1855 2927 2056 2984 cunea-

479 3046 626 3098 vam,
659 3037 710 3085 ct
735 3039 866 3088 resto
888 3026 1264 3091 suﬁ‘ocantcm,
1296 3025 1398 3079 hoc
1430 3033 1534 3090 est,
1567 3025 1730 3078 vitam
1763 3023 2060 3079 aﬁ‘cctioni-

2151 521 2299 594 αύτῷ
2329 525 2357 575 ὁ
2404 519 2609 591 Ἰησοῦς
2633 535 2648 550 ’
2688 515 2930 587 Πορεύου
2952 557 2967 581 ,
3027 514 3122 567 καὶ
3158 514 3219 567 σὺ
3251 513 3393 567 ποίει
3441 514 3638 582 ὁμοίως.
3669 537 3682 569 ι

2164 612 2502 676 Ἐπαινεθεὶς
2551 611 2657 666 ὑπὸ
2688 607 2782 664 τοῦ
2829 605 3080 678 Σωτῆρος
3108 607 3138 659 ό
3179 605 3425 675 νομικὸς,
3459 605 3549 676 τὴν
3584 608 3689 661 ἀλα.

2151 706 2362 772 ζονείαν
2391 703 2706 776 ἐξέρρηξεν.
2735 696 2872 754 Eine
2905 699 3035 770 γάρ·
3071 697 3180 752 Καὶ
3201 697 3285 761 τίς
3317 697 3432 749 ἐστί
3463 714 3554 766 μου
3582 698 3691 770 πλη-

2154 797 2297 863 σίον;
2325 798 2485 868 ᾭετο
2513 794 2620 866 γάρ
2655 794 2737 846 ὅτι
2773 790 2978 854 δίκαιος
3009 787 3106 853 ὢν,
3143 787 3335 841 οὐδένα
3371 787 3512 856 ἔχειν
3539 788 3690 856 ὅμοιον

2153 890 2351 962 ἑαυτῷ,
2391 890 2487 944 καὶ
2529 884 2901 958 πλησιάζοντα
2940 882 3083 937 κατά
3109 880 3206 953 τὴν
3240 881 3464 953 ἀρετήν.
3498 881 3692 951 Πλησίον

2151 985 2262 1056 γὰρ
2315 982 2478 1053 μόνον
2523 979 2750 1050 ἤλπιζεν
2801 973 2944 1032 εἶναι
2991 974 3082 1030 τὸν
3129 974 3338 1030 δίκαιον
3389 972 3468 1038 τῷ
3511 972 3690 1044 δικαίῳ.

2152 1075 2335 1129 Θέλων
2361 1068 2455 1127 οὖν
2503 1069 2748 1126 δικαιοῦν
2791 1068 2981 1122 ἑαυτὸν
3031 1063 3124 1122 καὶ
3158 1064 3484 1136 ὑπεραίρειν
3514 1063 3693 1119 πάντων

2153 1166 2458 1239 ἀνθρώπων
2478 1205 2493 1231 ,
2526 1160 2984 1231 ἀλαζονευόμενός
3014 1173 3179 1229 φησί’
3208 1156 3320 1211 Καὶ
3349 1155 3435 1219 τίς
3481 1157 3584 1208 ἐστί
3615 1173 3695 1225 μου

2153 1258 2416 1330 πλησίον;
2454 1256 2512 1310 '0
2533 1256 2590 1310 δὲ
2620 1253 2830 1326 Σωτὴρ,
2861 1253 2955 1307 ἆτε
2983 1252 3046 1323 δὴ
3075 1249 3312 1319 Ποιητὴς
3338 1247 3436 1315 ὢν,
3466 1249 3554 1300 καὶ
3573 1249 3697 1313 είδὼς

2155 1353 2363 1415 πάντας
2416 1349 2474 1405 ἓν
2523 1348 2785 1418 πλάσμα,
2819 1346 2881 1400 οὐ
2934 1347 3056 1408 ταῖς
3098 1342 3367 1415 πράξεσιν
3391 1382 3407 1406 ,
3458 1341 3572 1394 οὐδὲ
3609 1345 3698 1404 τοῖς

2154 1444 2482 1516 ἀξιώμασιν,
2513 1441 2650 1500 ἀλλὰ
2671 1444 2736 1512 τῇ
2763 1439 2924 1510 φύσει
2954 1438 3198 1510 ὁρίζεται
3239 1437 3334 1490 τὸν
3373 1434 3605 1504 πλησίον.
3627 1435 3698 1505 Μὴ

2153 1537 2262 1609 γὰρ
2291 1536 2500 1606 νόμιζε,
2531 1534 2718 1606 φησὶν,
2748 1535 2830 1589 ὅτι
2865 1531 3056 1600 ἐπειδὴ
3081 1529 3290 1592 δίκαιος
3327 1523 3400 1593 εί,
3443 1525 3602 1590 οὐδείς
3635 1528 3699 1578 σοί

2155 1629 2247 1683 ὲστ
2261 1647 2308 1683 ιν
2335 1629 2540 1699 ὅμοιος.
2589 1626 2798 1689 Πάντες
2836 1623 2947 1696 γὰρ
2979 1623 3029 1676 oi
3067 1621 3166 1692 τῆς
3201 1619 3379 1690 αὐτῆς
3405 1616 3606 1688 φύσεως
3631 1635 3702 1671 κε-

2155 1723 2550 1793 κοινωνηκότες
2597 1719 2825 1790 πλησίον
2889 1717 2984 1771 σού
3023 1717 3156 1771 είσι.
3206 1712 3378 1768 Γενοῦ
3426 1713 3592 1766 τοίνυν
3629 1714 3702 1766 καὶ

2156 1819 2319 1883 αὐτὸς
2353 1816 2583 1887 πλησίον
2613 1815 2825 1879 αὐτοῖς,
2861 1813 2923 1868 ού
2967 1810 3044 1883 τῷ
3091 1809 3264 1881 τόπῳ,
3301 1807 3446 1862 ἀλλὰ
3474 1809 3536 1878 τῇ
3563 1806 3702 1861 διαθέ-

2156 1931 2240 1968 σει
2277 1913 2375 1969 καί⁵
2396 1914 2464 1984 τῇ
2498 1912 2579 1974 είς
2608 1908 2807 1972 αὐτοὺς
2838 1905 3148 1978 ἐπιμελείᾳ.
3181 1904 3276 1958 Διὸ
3306 1904 3524 1968 καὶτὸν
3552 1903 3700 1972 rapa-

2157 2007 2342 2079 ρείτην
2384 2003 2591 2073 είσάγω
2626 2019 2708 2056 σοι
2751 1999 2888 2072 πρὸς
2915 1998 3266 2067 ὑπόδειγμα,
3307 1997 3398 2050 ἵνα
3431 2011 3512 2049 σοι
3554 1993 3696 2060 δείξω,

2154 2101 2238 2154 ὅτι
2271 2097 2461 2167 ὥσπερ
2513 2087 2670 2158 οὗτος
2711 2094 2985 2164 διαφέρων
3030 2090 3109 2162 τῷ
3143 2089 3276 2160 βίῳ,
3325 2088 3476 2160 ὅμως
3515 2087 3698 2155 πλησίον

2157 2191 2350 2258 γέγονε
2396 2185 2491 2242 τοῦ
2541 2185 2694 2250 ἀξίου
2751 2184 3081 2254 ἐλεηθῆναι,
3132 2179 3281 2234 οὕτω
3332 2179 3430 2232 καὶ
3463 2177 3524 2230 σὺ
3549 2177 3698 2248 ιδεῖξον

2158 2281 2384 2338 σεαυτὸν
2414 2279 2644 2351 πλησίον
2677 2281 2746 2350 τῇ
2778 2276 3118 2349 συμπαθείᾳ,
3158 2275 3256 2330 καὶ
3287 2271 3609 2341 αὐτόκλητος
3630 2273 3700 2326 ἐπὶ

2157 2372 2255 2444 τὴν
2294 2370 2546 2442 βοήθειαν
2601 2368 2807 2436 βάδιζε.
2857 2363 3238 2435 Διδασκόμεθα
3299 2357 3399 2416 οὖν
3437 2362 3529 2414 καὶ
3566 2358 3700 2412 ταῦτα

2157 2464 2246 2517 διὰ
2287 2464 2386 2529 τῆς
2415 2460 2734 2533 παραϐολῆς
2770 2460 2997 2529 ταύτης,
3037 2457 3099 2510 τὸ
3151 2456 3412 2526 ἑτοίμους
3441 2449 3572 2507 εἶναι
3595 2451 3700 2522 epit;

2159 2555 2342 2623 ἔλεον,
2375 2559 2469 2610 καὶ
2513 2553 2770 2608 σπεύδειν
2804 2551 3033 2623 πλησίον
3060 2549 3309 2619 γίνεσθαι
3341 2548 3449 2601 τῶν
3476 2545 3700 2615 δεομένων

2158 2649 2259 2719 τῆς
2295 2651 2427 2721 παρ’
2458 2648 2615 2720 ἡμῶν
2656 2646 2932 2718 βοηθείας.
2987 2642 3375 2714 Διδασκόμεθα
3411 2641 3468 2695 δὲ
3509 2643 3591 2694 καί
3627 2640 3701 2710 τὴν

2161 2741 2292 2812 περὶ
2315 2741 2409 2794 τὸν
2441 2740 2728 2811 ἄνθρωπον
2758 2737 3074 2808 ἀγαθότητα
3104 2735 3200 2789 τοῦ
3235 2733 3405 2789 Θεοῦ.
3437 2731 3700 2786 Κατέϐαιιίε

2159 2833 2269 2906 γὰρ
2301 2834 2336 2901 ἠ
2368 2830 2688 2904 ἀνθρωπίνη
2720 2830 2884 2900 φύσις
2913 2828 3020 2883 ἀπὺ
3061 2825 3442 2897 Ἰερουσαλὴμ,
3498 2822 3700 2876 τουτέστι

2161 2926 2260 2994 τῆς
2295 2925 2661 2979 ἀστασιάστου
2711 2923 2808 2978 καὶ
2845 2920 3127 2992 εἰρηναίας
3164 2916 3470 2988 διαγωγῆς.
3513 2917 3702 2986 Ὅραςις

2162 3021 2269 3090 γὰρ
2315 3018 2538 3088 εἰρήνης
2590 3014 2954 3087 ἑρμηνεύεται
3007 3015 3040 3084 ἡ
3093 3010 3478 3083 Ἰερουσαλήμ.
3526 3009 3618 3062 Ποῦ

479 3123 582 3180 bus
611 3122 844 3193 plenam.
895 3120 1025 3175 Vide
1057 3128 1240 3174 autem
1269 3117 1412 3188 quod
1445 3133 1549 3171 non
1582 3117 1803 3180 dixerit,
1831 3116 2056 3173 descen-

2165 3111 2520 3176 κατέϐαινεν;
2565 3110 2656 3172 Είς
2686 3110 2784 3180 τὴν
2829 3105 3076 3178 Ἰεριχὼ,
3121 3106 3220 3174 τὴν
3258 3104 3454 3173 κοίλην
3486 3103 3572 3155 καὶ
3601 3100 3701 3171 χθα-

481 3217 582 3283 dit,
616 3215 710 3272 sed
741 3213 1122 3284 descendebat.
1159 3213 1390 3283 Semper
1417 3211 1559 3268 enim
1593 3211 1826 3266 humana
1862 3219 2055 3264 natura

2165 3205 2340 3275 μαλὴν
2393 3205 2483 3258 καὶ
2532 3202 2610 3272 τῷ
2660 3202 2903 3271 καύματι
2957 3198 3264 3269 πνιγηρὰν,
3325 3198 3586 3258 τουτέστι,
3626 3197 3700 3262 τὴν

482 3312 550 3366 ad
582 3310 839 3380 inferiora
867 3307 1130 3380 proclivis
1173 3315 1278 3373 est,
1327 3321 1430 3361 non
1479 3306 1668 3372 semel,
1711 3307 1803 3360 sed
1843 3319 2058 3374 semper

482 3406 606 3460 vitae
630 3400 1006 3460 affectionibus
1050 3399 1246 3456 dedita:
1277 3413 1499 3454 vacans.
1550 3395 1744 3454 Incidit
1790 3407 1968 3453 autem
2001 3397 2055 3451 in

482 3495 740 3560 latrones,
777 3493 881 3548 hoc
915 3500 1002 3548 est
1040 3491 1334 3546 daemones.
1384 3491 1497 3548 Nisi
1544 3491 1665 3560 quis
1711 3507 1739 3544 a
1774 3490 2058 3560 cogitatio-

486 3587 643 3642 nibus
675 3584 997 3651 sublimibus
1031 3583 1394 3650 descenderit,
1428 3598 1532 3638 non
1561 3583 1752 3639 incidit
1783 3584 1835 3637 in
1861 3583 2060 3637 daemo-

483 3693 606 3744 nes,
636 3677 726 3750 qui
757 3687 922 3732 exuto
952 3677 1160 3733 homini
1207 3685 1261 3732 et
1307 3673 1534 3746 spoliato
1595 3675 1835 3730 vestibus
1883 3675 2057 3729 virtu-

487 3781 619 3835 tum,
655 3778 782 3826 tunc
812 3767 1002 3837 plagas
1045 3764 1290 3832 inferunt
1342 3764 1572 3835 peccati.
1626 3763 1867 3818 Primum
1913 3765 2056 3818 enim

483 3859 759 3914 denudant
785 3872 886 3939 nos
935 3857 1084 3914 omni
1129 3857 1272 3929 bona
1307 3856 1637 3926 cogitatione
1666 3863 1720 3912 et
1749 3855 2060 3910 visitatione

486 3948 622 4004 Dei:
653 3947 844 4008 deinde
862 3948 1050 4018 plagas
1074 3949 1282 4018 peccati
1319 3947 1583 4004 inferunt.
1615 3946 1782 4003 Porro
1807 3955 2057 4004 naturam

490 4045 783 4100 humanam
839 4043 1252 4099 semimortuam
1319 4043 1706 4112 reliquerunt:
1769 4039 1853 4095 vel
1919 4039 2060 4110 quod

488 4136 1048 4205 anima‘immortalis,
1077 4151 1276 4218 corpus
1303 4144 1483 4192 autem
1521 4134 1780 4202 mortale,
1818 4133 1984 4208 350
2008 4142 2064 4189 et

490 4226 562 4281 ita
587 4226 869 4282 dimidium
901 4227 1137 4285 hominis
1161 4228 1324 4286 morti
1345 4227 1632 4285 subditum
1668 4235 1784 4283 est:
1817 4225 1897 4280 vel
1917 4225 2066 4296 quod

492 4335 599 4375 non
653 4319 876 4375 omnino
923 4320 1204 4391 desperata
1256 4328 1374 4375 erat
1434 4321 1670 4376 humana
1724 4328 1938 4374 natura.
2003 4318 2073 4373 In.

491 4411 710 4468 Christo
738 4410 881 4466 enim
912 4411 1138 4466 salutem
1171 4425 1232 4467 se
1270 4411 1576 4472 habituram
1626 4423 1748 4470 esse
1788 4409 2060 4478 sperabat.

494 4505 682 4576 itaque
719 4519 824 4560 non
854 4511 1067 4558 mortua
1098 4513 1218 4559 erat
1248 4504 1506 4558 omnino:
1541 4501 1638 4558 sed
1682 4510 1904 4570 propter
1949 4501 2061 4555 rui-
2092 4492 2140 4546 1)

493 4612 618 4652 nam
663 4596 790 4666 Adze
822 4611 970 4653 mors
1021 4597 1079 4662 in
1131 4598 1392 4653 mundum
1438 4595 1728 4650 intravit"
1782 4611 1800 4648 :
1846 4602 2066 4662 propter

492 4689 694 4744 Christi
729 4697 914 4748 autem
951 4689 1395 4759 iustiﬁcationem
1441 4703 1588 4744 mors
1627 4688 1890 4744 abolenda
1925 4697 2063 4743 erat.

493 4781 596 4838 Per
621 4782 956 4838 sacerdotem
989 4795 1117 4838 vero
1143 4791 1197 4840 et
1225 4779 1493 4846 Levitam,
1531 4780 1699 4849 legem
1740 4779 1981 4850 intellige
2010 4788 2066 4834 et

493 4871 809 4944 prophetas.
842 4872 920 4938 Illi
949 4872 1096 4928 enim
1127 4873 1383 4928 volebant
1427 4871 1728 4941 justiticare
1772 4873 2066 4927 humanam

495 4976 766 5033 naturam,
821 4962 918 5028 sed
979 4978 1087 5018 non
1136 4970 1450 5032 potuerunt.
1503 4959 1842 5031 impossibile
1893 4959 2064 5025 enim,

497 5053 674 5121 inquit
716 5050 940 5116 Paulus,
988 5050 1309 5122 sanguinem
1367 5059 1640 5105 taurorum
1688 5057 1744 5106 et
1788 5049 2064 5106 hircorum

495 5144 687 5202 tollere
715 5154 998 5216 peccatum
1023 5144 1093 5198 ⁸⁸.
1122 5142 1329 5200 Miseni
1361 5143 1542 5213 itaque
1573 5153 1698 5198 sunt
1733 5142 1986 5204 hominis,
2012 5148 2069 5196 et

497 5234 565 5288 de
591 5232 710 5302 ejus
761 5236 994 5299 sanitate
1028 5236 1359 5307 cogitarunt.
1408 5234 1610 5290 Deinde
1645 5236 1921 5304 plagarum
1953 5247 2071 5287 ma-

496 5325 778 5396 gnitudine
809 5328 956 5397 victi,
992 5330 1058 5382 ad
1106 5329 1403 5398 posteriora
1435 5328 1629 5384 iterum
1656 5329 1892 5398 regressi
1921 5337 2068 5382 sunt.

498 5417 612 5472 Hoc
664 5418 806 5484 enim
857 5409 1132 5489 signiﬁcat
1183 5419 1622 5491 ἀντιπαρελθείν.
1683 5419 1844 5478 Venit
1897 5420 2068 5483 enim,

497 5508 696 5586 inquit,
730 5509 838 5577 lex,
886 5518 942 5565 et
991 5512 1167 5578 astitit
1204 5507 1445 5580 iacenti:
1491 5513 1682 5570 deinde
1729 5527 1840 5571 non
1885 5510 2070 5566 valens

496 5615 719 5672 sanare,
775 5617 994 5660 reversa
1025 5613 1129 5670 est,
1168 5608 1272 5661 hoc
1305 5606 1447 5662 enim
1502 5606 1771 5677 signiﬁcat
1800 5605 2067 5677 ἀντιπαρ-

569 5788 614 5820 "
666 5785 824 5842 Rom.
873 5799 926 5851 ν,
955 5783 1047 5838 12.
1120 5782 1168 5817 ⁸⁸
1199 5781 1362 5840 Hebr.
1400 5800 1456 5849 ι,
1483 5783 1538 5841 4.

2161 3296 2383 3366 ἐμπαθῆ
2412 3295 2579 3366 ζωήν.
2607 3293 2750 3363 Ὅρα
2778 3293 2855 3355 δὲ,
2878 3291 2979 3345 οὐκ
3009 3285 3163 3344 εἶπεν
3193 3289 3276 3342 ὅτι
3306 3286 3543 3356 Κατέϐη,
3573 3284 3697 3344 ἀλλὰ,

2161 3392 2517 3446 Κατέϐαινεν.
2587 3387 2700 3442 Ἀεὶ
2751 3387 2861 3456 γὰρ
2913 3388 2944 3458 ἡ
2993 3383 3311 3454 ἀνθρωπίνη
3361 3380 3517 3451 φύσις
3547 3380 3623 3432 ἐπὶ
3651 3378 3700 3427 τὰ

2163 3485 2313 3538 κάτω
2350 3481 2532 3535 ἔνευεν
2557 3522 2571 3548 ,
2603 3480 2702 3550 οὐχ
2750 3478 2919 3544 ἅπαξ,
2960 3477 3094 3531 ἀλλά
3145 3476 3212 3529 δι’
3241 3475 3370 3528 ὅλου
3396 3472 3470 3538 τῷ
3509 3469 3700 3540 ἔμπαθεί

2167 3580 2265 3651 βίῳ
2299 3578 2662 3651 προσέχουσα.
2698 3575 3000 3647 Περιέπεσε
3024 3573 3084 3628 δὲ
3106 3573 3337 3644 λῃσταῖς
3359 3611 3374 3636 ,
3413 3570 3521 3632 τοῖς
3547 3566 3698 3632 δαίμο-

2164 3692 2270 3728 σιν.
2312 3673 2374 3726 Ei
2409 3671 2488 3743 μὴ
2525 3670 2636 3742 γάρ
2670 3667 2884 3740 καταϐῇ
2914 3685 2999 3732 τις
3033 3665 3141 3721 ἀπὸ
3164 3664 3258 3720 τοῦ
3297 3663 3468 3732 ὕψους
3494 3662 3582 3729 τῆς
3609 3658 3698 3710 δισ-

2163 3765 2311 3829 νοίας
2337 3805 2353 3831 ,
2383 3764 2444 3818 ού
2495 3761 2816 3835 περιπίπτει
2851 3763 2962 3824 τοῖς
2993 3759 3244 3830 δαίμοσιν
3266 3772 3279 3784 ·
3327 3757 3377 3810 οἳ
3423 3752 3699 3810 ἐκδύσαντες

2164 3857 2254 3912 τὸν
2309 3857 2630 3928 ἄνθρωπον,
2685 3855 2781 3909 καὶ
2832 3853 3197 3923 στερήσαντες
3241 3849 3353 3901 τῶν
3405 3848 3498 3917 τῆς
3539 3844 3699 3913 ἀρετῆς

2167 3949 2397 4022 ἱματίων
2418 3987 2434 4014 ,
2466 3949 2588 4002 τότε
2613 3947 2712 4011 τὰς
2741 3943 2954 4017 πληγάς
2988 3943 3267 4012 ἐπέθηκαν
3301 3941 3403 4010 τῆς
3448 3933 3695 4008 ἁμαρτίας.

2164 4043 2438 4116 Πρότερον
2487 4041 2598 4111 γὰρ
2645 4037 3056 4109 ἀπογυμνοῦσιν
3093 4035 3244 4106 ἡμᾶς
3297 4032 3497 4093 παντὸς
3533 4023 3696 4096 ἀγαθοῦ

2162 4135 2457 4207 λογισμοῦ,
2490 4133 2584 4188 καὶ
2611 4132 2712 4203 τῆς
2747 4130 2841 4186 τοῦ
2868 4129 3004 4184 Θεοῦ
3036 4129 3266 4197 σκέπης,
3305 4121 3407 4180 εἷθ’
3431 4123 3590 4184 οὕτως
3623 4117 3697 4176 τὰς

2165 4229 2381 4303 πληγάς
2431 4229 2534 4299 τῆς
2579 4226 2850 4298 ἁμαρτίας
2907 4220 3313 4277 ἐπιϐάλλουσιν.
3380 4209 3697 4303 Ἦμιθανῆδέ

2165 4299 2496 4388 κατέλειψαν
2524 4315 2624 4387 τὴν
2652 4312 3001 4385 ἀνθρωπίνην
3040 4309 3202 4380 φύσιν
3226 4348 3241 4373 ,
3283 4308 3319 4378 ἢ
3354 4307 3486 4360 διότι
3517 4304 3547 4373 ἡ
3583 4299 3696 4371 ψυχὴ

2167 4411 2470 4476 ἀθάνατος,
2503 4408 2564 4462 τὸ
2599 4408 2658 4462 δὲ
2694 4405 2854 4477 σῶμα
2887 4404 3109 4482 θνητόνο
3144 4399 3288 4454 ὥστε
3322 4399 3386 4452 τὸ
3427 4398 3588 4468 ἥμισυ
3625 4388 3696 4444 τοῦ
3728 4447 3735 4456 1

2165 4503 2456 4575 ἀνθρώπου
2491 4502 2570 4572 τῷ
2613 4499 2831 4569 θανάτῳ
2866 4497 3192 4567 ὑπαχθῆναι·
3226 4493 3259 4564 ἢ
3299 4493 3436 4546 διότι
3464 4489 3524 4543 ού
3555 4486 3694 4575 πάντη

2166 4594 2235 4670 ἦν
2260 4571 2655 4665 άπεγνωσμένη
2681 4594 2714 4662 ἡ
2739 4589 3053 4660 ἀνθρωπίνη
3089 4586 3158 4655 φύ
3169 4598 3272 4649 σις’
3300 4586 3358 4636 ὲν
3384 4583 3489 4653 γὰρ
3514 4571 3694 4648 Χριστῷ

2167 4688 2266 4760 τὴν
2291 4686 2562 4757 σωτηρίαν
2585 4685 2726 4751 ἕξειν
2750 4683 3029 4753 ἠλπίζετο.
3057 4680 3220 4734 ’Ὥστε
3247 4678 3350 4731 οὐκ
3373 4671 3696 4730 ὲτεθανάτωτο

2171 4778 2475 4843 παντελῶς,
2513 4777 2627 4830 ἀλλ’
2661 4778 2784 4828 ὅσον
2827 4774 2924 4845 μὲν
2960 4772 3054 4825 ἐπὶ
3085 4771 3162 4841 τῷ
3199 4769 3294 4822 τοῦ
3346 4767 3511 4835 ’Δδὰμ
3549 4775 3694 4830 παρα·

2171 4871 2425 4941 πτώματι
2456 4869 2684 4932 θάνατος
2719 4869 2797 4930 είς
2828 4867 2918 4918 τὸν
2949 4864 3154 4932 κόσμον
3186 4859 3431 4929 εἰσῆλθεν
3459 4873 3473 4889 ·
3501 4857 3610 4910 ὅσον
3639 4849 3682 4903 δὲ

2169 4966 2264 5018 ἐπὶ
2309 4961 2388 5034 τῷ
2437 4961 2530 5016 τοῦ
2565 4959 2801 5030 Χριστοῦ
2837 4956 3166 5026 δικαιώματι
3198 4956 3226 5008 ὀ
3270 4953 3494 5013 θάνατος
3539 4943 3696 5016 ἔμελλε

2168 5055 2581 5127 καταργεῖσθαι.
2623 5052 2795 5124 Ἰερέα
2832 5052 2888 5104 δὲ
2916 5052 3008 5103 καὶ
3043 5046 3297 5116 Λευίτην,
3331 5044 3423 5098 τὸν
3454 5041 3600 5109 νόμον
3624 5048 3692 5127 tto!

2173 5147 2279 5200 νόει
2314 5125 2422 5198 καὶ
2447 5145 2573 5206 τοὺς
2616 5143 2924 5213 προφήτας.
2977 5134 3135 5194 Οὗτοι
3179 5139 3292 5205 γὰρ
3314 5134 3593 5206 ἠϐούλοντο,
3615 5125 3694 5192 μὲν

2169 5236 2455 5292 δικαιῶσαι
2497 5235 2596 5304 τὴν
2635 5233 2981 5306 ἀνθρωπίνην
3009 5231 3202 5300 φύσιν,
3232 5229 3350 5287 (οὐκ
3397 5220 3693 5294 ἠδυνήθησαν

2167 5330 2244 5384 δέ.
2301 5328 2586 5384 Ἀδύνατον
2617 5327 2750 5396 γὰρ,
2783 5327 2946 5395 φησιν
2997 5325 3026 5376 ὀ
3073 5320 3302 5384 Παῦλος,
3341 5312 3474 5387 αἷμα
3513 5310 3690 5396 ταύρων

2169 5423 2262 5478 καὶ
2307 5423 2527 5491 τράγων
2571 5395 2790 5488 ἀφελεῖν
2835 5415 3130 5485 ἁμαρτίας.
3188 5412 3453 5482 ’Πλέησαν
3495 5404 3582 5475 μὲν
3616 5395 3688 5491 9'3"

2166 5514 2258 5568 τὸν
2290 5487 2578 5584 ἄνθρωπον
2604 5487 2628 5580 ,ν
2677 5511 2782 5565 καί.
2813 5506 3149 5581 θεραπεῦσαι
3197 5503 3552 5575 διενοήθησαν.
3575 5487 3687 5548 Εἶτα

2166 5609 2237 5678 τῇ
2265 5606 2374 5662 τῶν
2403 5604 2631 5678 πληγῶν
2668 5604 3002 5674 ἐπικρατείᾳ.
3020 5599 3329 5670 νικηθέντες
3347 5638 3362 5665 ,
3389 5596 3467 5658 είς
3490 5585 3687 5646 τούπίσω
