3896 6452
208 418 315 484 8i!)

924 420 1372 484 ENARRATIO
1409 424 1495 514 ΙΝ
1533 420 1808 486 ΕνΑΝε]

1920 420 2034 483 UM
2063 422 2301 487 LUCAI.
2328 447 2394 460 —
2433 423 2596 488 CAP.
2638 426 2710 487 X.

3373 420 3478 484 850

192 533 376 588 «πάλιν
434 532 823 605 ὑπεχώρησαν.
858 532 1032 589 Τοῦτο
1086 534 1199 608 γὰρ
1254 535 1509 607 σημαίνει
1556 535 1618 590 τὸ
1649 534 1801 589 ἀντι-

1914 531 2086 603 ῇλοεν.
2115 534 2348 591 Attende
2376 534 2506 591 item
2534 534 2677 604 quod
2716 533 2965 599 verbum,
3006 529 3228 597 accidit,
3257 541 3477 587 sensum

210 625 527 696 παρελθεῖν.
568 621 743 680 Ἦλθε
780 626 880 697 μὲν
908 630 1018 701 γὰρ
1049 630 1078 683 6
1108 628 1272 698 νόμος
1297 671 1313 695 ,
1348 630 1440 683 καὶ
1486 627 1688 700 ἐπέστη
1717 627 1796 699 τῷ

209 718 475 790 κειμένῳ,
520 712 640 773 εἶτα
672 718 749 791 μὴ
792 720 994 791 ἰσχύων
1037 720 1399 793 θεραπεῦσαι,
1441 722 1793 793 ἀπεστράφη.

210 810 391 881 Ὅπερ
424 810 542 865 ἔστι
564 811 626 865 τὸ
666 813 1095 885 ἀντιπαρῆλθεν.
1133 814 1277 886 ’Ὀρα
1315 813 1371 867 δὲ
1402 814 1464 867 τὸ
1494 814 1635 869 κατὰ
1668 828 1798 884 συγ-

207 900 446 971 κυρίαν,
503 901 628 956 τίνα
670 902 800 957 νοῦν
850 903 987 975 ἔχει.
1031 904 1122 975 Τῷ
1159 904 1275 959 ὕντι
1324 905 1434 978 γὰρ
1461 909 1490 962 6
1528 908 1693 979 νόμος
1733 908 1795 962 οὐ

209 994 643 1063 προηγουμένως
696 996 884 1067 ἐδόθη,
950 997 1086 1053 ἀλλὰ
1144 1000 1235 1054 διὰ
1290 999 1389 1071 τὴν
1447 1000 1798 1074 ἀνθρωπίνην

208 1085 521 1154 ἀσθένειαν,
552 1088 627 1159 μὴ
654 1088 965 1162 δυναμένην
989 1089 1051 1158 ἐξ
1086 1092 1264 1164 ἀρχῆς
1286 1092 1545 1159 δέξασθαι
1568 1094 1630 1149 τὸ
1656 1096 1797 1150 κατὰ

206 1179 447 1249 Χριττὸν
480 1181 800 1252 μυστήριον.
832 1184 929 1237 Διὰ
953 1185 1111 1239 τοῦτό
1154 1202 1339 1257 φησιν,
1377 1187 1460 1240 ὅτι
1495 1188 1556 1241 '0
1594 1188 1795 1259 ἱερεὺς,

207 1271 495 1325 τουτέστιν
545 1275 572 1326 6
611 1274 808 1344 νόμος,
874 1275 1018 1330 κατὰ
1062 1278 1395 1349 συγκυρίαν,
1428 1281 1566 1351 ὅπερ
1601 1280 1795 1335 εἰώθα-

212 1380 315 1431 μεν
349 1364 530 1434 λέγειν
576 1367 721 1421 κατὰ
762 1367 1050 1440 σύμϐαμα,
1083 1370 1202 1425 ἀλλ’
1241 1372 1304 1425 οὐ
1339 1371 1795 1443 προηγουμένως,

206 1450 377 1526 ἦλθεν
428 1458 510 1522 είς
557 1459 618 1513 τὸ
673 1459 1013 1532 θεραπεῦσαι
1059 1462 1153 1518 τὸν
1205 1463 1514 1535 ἄνθρωπον.
1580 1465 1720 1520 Ἀλλ’
1771 1467 1802 1520 6

208 1548 420 1620 Κύριος
452 1553 548 1607 καὶ
586 1551 721 1616 Θεὸς
760 1554 942 1625 ἡμῶν,
971 1556 1000 1609 6
1043 1556 1111 1610 δι’
1138 1557 1288 1628 ἡμᾶς
1317 1556 1534 1630 κατάρα
1567 1560 1801 1631 γενόμε-

209 1656 301 1704 νος
324 1682 341 1708 ,
372 1643 467 1695 καὶ
504 1643 853 1715 Σαμαρείτης
890 1646 1131 1712 ἀκούσας
1152 1688 1166 1715 ,
1218 1648 1418 1705 ὁδεύων
1440 1689 1453 1715 ,
1486 1652 1765 1707 τουτέστιν
1784 1696 1798 1720 ,

210 1732 348 1786 αὐτὸ
399 1732 563 1788 τοῦτο
613 1736 894 1806 πρόφασιν
945 1738 1067 1793 ὀδοῦ
1125 1742 1529 1814 ποιησάμενος,
1571 1747 1667 1800 καὶ
1708 1736 1802 1802 τὸν

210 1827 419 1879 σκοπὸν
443 1825 690 1896 θέμενος,
727 1828 785 1882 τὸ
817 1829 964 1901 ἡμᾶς
992 1828 1349 1902 θεραπεῦσαι,
1387 1834 1503 1888 ἀλλ’
1543 1837 1604 1890 οὐ
1658 1846 1800 1907 παρ-

210 1916 456 1983 οδεύων,
506 1920 602 1972 καὶ
650 1920 714 1973 ὲκ
783 1897 1067 1993 παρέργου
1122 1897 1566 1998 ἐπισκεψάμενος
1612 1897 1795 2000 ἡμᾶς,
1835 1897 1877 1954 Β

210 2005 380 2083 ἢλθεν
414 2012 495 2076 εἰς
539 2013 688 2097 ἡμᾶς
711 2055 726 2077 ,
757 2016 1230 2087 συναναστραφεὶς
1268 2018 1435 2089 ἡμῖν,
1474 2021 1570 2075 καὶ
1606 2021 1800 2092 ὁμιλή-

214 2120 317 2166 σας
338 2104 718 2173 ἁφαντάστως.
750 2106 1060 2178 Κατέδησεν
1088 2104 1182 2164 οὖν
1207 2111 1369 2175 εὐθὺς
1391 2111 1460 2165 τὰ
1482 2112 1796 2184 τραύματα,

218 2196 296 2265 μὴ
330 2197 498 2259 ἐάσας
536 2196 635 2267 τὴν
662 2197 859 2252 κακίαν
892 2200 985 2252 ἐπὶ
1017 2200 1176 2255 πλέον
1204 2201 1395 2257 ἄνετον
1433 2198 1574 2258 εἶναι
1600 2245 1616 2272 ,
1663 2204 1799 2259 ἀλλὰ

217 2289 532 2361 καταδήσας
583 2290 787 2361 αὐτὴν,
843 2290 1073 2361 ἐπέχεεν
1121 2294 1179 2347 δὲ
1238 2295 1417 2349 ἔλαιον
1483 2298 1580 2351 καὶ
1634 2294 1797 2352 οἶνον·

214 2383 403 2436 ἔλαιον
446 2383 544 2454 μὲν
577 2384 669 2437 τὸν
723 2384 882 2453 λόγον
914 2386 1014 2455 τῆς
1049 2386 1420 2453 διδασκαλίας,
1454 2389 1543 2442 τὸν
1576 2389 1665 2443 διὰ
1694 2390 1801 2444 τῶν

218 2470 446 2536 ἀγαθῶν
475 2472 921 2545 προτρεπόμενον
944 2492 958 2507 ⁸
991 2470 1136 2529 οἶνον
1164 2476 1242 2541 δὲ,
1272 2477 1365 2530 τὸν
1389 2478 1477 2531 διὶ
1502 2478 1610 2532 τῶν
1641 2479 1801 2549 φοϐε-

223 2564 481 2635 ρωτέρων
513 2565 779 2635 ὲνάγοντα
823 2569 957 2640 πρὸς
998 2569 1219 2639 ἀρετήν.
1264 2565 1391 2624 Οἶον
1423 2571 1552 2625 ὅταν
1596 2574 1802 2647 ἀκούῃς

219 2655 316 2710 τοῦ
370 2658 575 2728 Κυρίου
612 2659 895 2728 λέγοντοςο
951 2662 1115 2715 Δεῦτε
1156 2662 1293 2733 πρὸς
1331 2663 1431 2733 μὲ,
1476 2664 1634 2731 κάγὼ
1672 2667 1803 2720 ἁνα-

224 2749 425 2804 παύσω
463 2751 640 2821 ὑμᾶς,
674 2751 830 2806 τοῦτο
878 2754 937 2808 τὸ
985 2754 1195 2808 ἔλαιον·
1229 2755 1520 2827 ῑλαρότητα
1564 2758 1673 2830 γὰρ
1713 2761 1802 2813 καὶ

223 2841 534 2895 ἀνάπαυσιν
561 2842 926 2898 ὑποδείκνυσι.
953 2844 1064 2899 Καὶ
1096 2844 1286 2898 πάλιν·
1325 2846 1512 2914 Δεῦτε,
1539 2849 1802 2920 κληρονο-

228 2933 443 3001 μήσατε
484 2933 584 3004 τὴν
628 2936 1044 3007 ἡτοιμασμένην
1098 2938 1228 3007 ὑμῖν
1283 2938 1582 3009 βασιλείαν.
1638 2942 1805 2996 Ὅταν

222 3024 280 3077 δὲ
304 3024 464 3098 λέγῃ,
494 3026 576 3080 ὅτι
610 3026 913 3098 Πορεύεσθε
944 3030 1025 3093 εἰς
1053 3030 1115 3083 τὸ
1147 3031 1365 3098 σκότος,
1406 3032 1562 3087 τοῦτο
1588 3034 1617 3087 6
1640 3031 1801 3101 οἶνος,

224 3117 258 3185 ἠ
301 3116 579 3187 στυπτικὴ
619 3117 964 3176 διδασκαλία.
1010 3122 1247 3193 Νοήσεις
1291 3125 1337 3177 δ’
1376 3124 1442 3178 ἂν
1472 3127 1567 3179 καὶ
1607 3125 1799 3189 ᾶλλωςυ

224 3207 410 3261 ἔλαιον
454 3209 552 3279 τὴν
629 3211 772 3264 κατὰ
824 3211 1113 3282 ἄνθρωπον
1163 3215 1477 3286 διαγωγὴν,
1524 3211 1666 3270 οἶνον
1706 3218 1806 3289 τὴν

200 3300 372 3373 ⁴κατὰ
409 3300 562 3365 Θεὸν,
592 3295 704 3355 οἶόν
729 3317 781 3356 τι
809 3301 970 3369 λέγω·
1019 3303 1080 3357 '0
1123 3304 1325 3374 Κύριος
1358 3307 1425 3359 τὰ
1456 3305 1555 3375 μὲν
1599 3306 1808 3376 ἀνθρω-

196 3394 402 3460 .πίνως
448 3394 692 3467 ἐνήργει,
726 3394 795 3449 τὰ
837 3394 914 3459 δὲ,
967 3394 1187 3459 θεῖκῶς.
1219 3397 1292 3451 Τὸ
1338 3398 1437 3468 μὲν
1470 3398 1580 3468 γὰρ
1609 3398 1810 3453 ἐσθίειν

222 3487 326 3542 καὶ
356 3487 536 3541 πίνειν
557 3526 574 3553 ,
606 3488 701 3541 καὶ
747 3487 842 3541 τὸν
870 3487 1065 3542 ἄνετον
1103 3490 1217 3560 βίον
1265 3491 1659 3561 μεταδιώκειν,
1694 3493 1809 3547 ἀλλ’

222 3579 353 3650 tri-xi
376 3580 798 3651 σκληραγωγίαν
816 3579 1212 3647 ἐνδείκνυσθαι,
1243 3582 1433 3654 ὥσπερ
1461 3587 1489 3639 6
1536 3586 1807 3657 Ἰωάννης,

202 3670 397 3726 ,τοῦτό
438 3672 557 3726 ἐστι
601 3672 662 3727 τὸ
705 3673 901 3728 ἔλαιον.
948 3674 1014 3728 Ἦ
1043 3675 1101 3729 δὲ
1144 3676 1272 3747 ξένη
1299 3677 1522 3741 νηστεία
1562 3680 1657 3732 καὶ⁸
1686 3681 1714 3732 6
1754 3681 1813 3733 ἐν

225 3763 481 3835 θαλάσση
514 3764 851 3833 περίπατος,
896 3766 990 3819 καὶ
1027 3767 1127 3820 ὅσα
1167 3767 1303 3821 ἄλλα
1340 3768 1444 3840 τῆς
1472 3769 1624 3834 θείας
1657 3770 1815 3825 δυνὰ-

236 3870 429 3924 μεως,
464 3853 636 3908 ταῦτά
684 3858 833 3908 ἐστιν
864 3857 892 3909 6
928 3850 1090 3921 οἶνος.
1129 3857 1276 3929 Οἶνῳ
1304 3857 1412 3929 γὰρ
1452 3859 1815 3916 ἀπεικαστέον

226 3948 332 4016 τὴν
374 3946 625 4015 θεότητα,
651 3947 718 4016 ἢν
744 3947 983 4026 ἄκρατον
1014 3949 1339 4019 ὑπενεγκεῖν
1367 3952 1544 4018 οὐδεὶς
1584 3954 1651 4008 ἂν
1684 3954 1814 4025 ἠδυ-

226 4040 396 4110 νήθη,
425 4041 475 4091 εί
508 4038 584 4109 μὴ
614 4039 794 4093 καὶτὸ
819 4039 1002 4095 ἔλαιον
1028 4035 1116 4111 ἦν,
1147 4042 1429 4097 τουτέστιν
1485 4044 1522 4115 ἡ
1552 4045 1692 4099 κατὰ
1722 4047 1816 4101 ἄν-

230 4135 457 4201 θρωπον
493 4132 765 4202 διαγωγή.
829 4130 988 4188 Ἐπεὶ
1041 4128 1134 4187 οὖν
1183 4133 1252 4187 δι’
1303 4135 1634 4208 ἀμφοτέρων
1671 4139 1820 4208 ἡμᾶς

1898 627 2187 694 quemdam
2220 626 2401 684 habet.
2447 625 2585 682 Nam
2632 638 2823 681 revera
2875 625 2958 681 lex
3006 639 3116 680 non
3164 622 3234 680 ob
3282 636 3370 678 res
3421 619 3478 676 in

1898 719 2092 789 primis
2115 718 2374 783 intentas,
2396 720 2492 775 sed
2515 727 2739 789 propter
2756 718 3050 773 humanam
3077 714 3479 776 inﬁrmitatem.

1897 826 2018 882 quae
2072 827 2176 866 non
2233 813 2409 883 potuit
2461 812 2529 869 ab
2589 811 2749 868 initio
2805 817 3206 866 sacramentum
3268 806 3480 864 Christi

1897 905 2198 975 suscipere,
2247 906 2379 960 data
2424 913 2529 962 est.
2567 904 2859 975 Propterea
2889 902 3043 968 dicit,
3085 899 3302 957 Accidit
3331 898 3477 970 quod

1898 996 2176 1063 sacerdos,
2210 999 2313 1055 hoc
2344 1006 2426 1054 est
2461 998 2567 1064 lex,
2615 998 2686 1052 ita
2731 996 2879 1052 enim
2913 994 3096 1050 dicere
3143 993 3382 1050 solemus
3411 992 3480 1047 de

1899 1089 1982 1144 bis
1998 1104 2119 1159 qua:
2140 1087 2371 1146 fortuito
2398 1088 2715 1160 obveniant,
2738 1096 2793 1145 et
2812 1088 2947 1143 citra
2968 1101 3192 1155 operam
3208 1095 3478 1151 nostram,

1900 1184 2048 1239 venit
2083 1190 2141 1238 ut
2180 1193 2405 1240 sanaret
2451 1183 2721 1240 hominem
2745 1223 2761 1251 ,
2814 1182 2909 1238 sed
2958 1179 3223 1235 Dominus
3250 1187 3305 1233 et
3338 1176 3480 1232 Deus

1901 1285 2110 1343 mster,
2141 1277 2232 1347 qui
2267 1284 2490 1348 propter
2538 1291 2637 1333 nos
2683 1277 2863 1333 factus
2895 1284 2982 1331 est
3025 1271 3399 1336 maledictum,
3424 1279 3483 1324 et

1901 1382 2126 1426 vocatus
2175 1370 2581 1435 Samaritanus,
2634 1370 2736 1425 iter
2788 1368 3016 1434 iaciens,
3055 1367 3154 1422 hoc
3201 1373 3306 1428 est,
3344 1364 3484 1417 hanc

1905 1461 2250 1531 potissimum
2281 1462 2363 1516 sui
2391 1462 2603 1518 itineris
2628 1476 2845 1517 causam
2875 1474 2994 1517 esse
3021 1458 3228 1519 volens,
3258 1464 3314 1511 et
3341 1455 3484 1509 hunc

1903 1572 2125 1627 scopqu
2154 1558 2478 1623 observans,
2514 1565 2571 1611 ut
2612 1571 2709 1612 nos
2734 1564 2990 1619 sanaret,
3021 1568 3127 1608 non
3162 1547 3485 1619 prteteriens

1904 1660 1955 1704 et
1989 1650 2170 1706 obiter
2202 1665 2299 1707 uos
2321 1650 2550 1707 visitatus
2572 1650 2720 1703 venit
2748 1650 2814 1703 ad
2848 1662 2968 1712 nos,
3000 1645 3095 1701 sed
3127 1647 3486 1699 conversatus

1907 1739 2217 1808 nobiscum,
2268 1752 2325 1797 et
2376 1742 2589 1798 locutus
2638 1756 2745 1796 non
2792 1747 3141 1810 apparenter,
3194 1732 3288 1790 sed
3336 1746 3479 1787 vero.

1908 1833 2146 1889 Proinde
2173 1836 2353 1889 statim
2386 1832 2568 1903 alligat
2596 1831 2845 1896 vulnera,
2883 1843 3056 1899 neque
3079 1823 3344 1898 permittit
3370 1838 3486 1876 ma-

1909 1926 2077 1979 litiam
2130 1926 2365 1997 antpiius
2420 1925 2612 1991 laxari,
2668 1925 2762 1978 sed
2822 1923 3007 1989 alligat
3061 1934 3202 1975 eam.
3248 1914 3489 1970 infundit

1909 2016 2084 2069 oleum
2114 2030 2179 2070 at:
2214 2017 2433 2069 vinum:
2462 2015 2642 2070 oleum
2662 2053 2678 2081 ,
2732 2014 2834 2069 hoc
2875 2023 2960 2067 est
3016 2023 3324 2066 sermonem
3354 2006 3488 2061 doc-

1909 2109 2087 2171 trinze,
2126 2107 2215 2176 qni
2243 2122 2340 2176 per
2366 2109 2552 2163 suavia
2586 2122 2685 2163 nos
2717 2108 3078 2163 adhortatur:
3115 2103 3300 2158 vinum
3339 2115 3487 2165 vero,

1909 2216 2215 2258 sermonem
2248 2201 2356 2271 qui;
2383 2214 2478 2271 per
2511 2200 2814 2254 austeriora
2860 2197 3069 2253 inducit
3112 2194 3177 2251 ad
3208 2194 3487 2249 virtutem.

1910 2295 2151 2364 Exi-mpii
2182 2295 2376 2364 gratia,
2420 2294 2638 2362 quando
2674 2292 2827 2347 audis
2861 2289 3144 2346 Dominum
3180 2285 3445 2342 dicentem
3473 2299 3488 2338 :

1913 2386 2104 2442 Venite
2135 2388 2201 2441 ad
2250 2404 2354 2451 nne,
2386 2397 2440 2443 et
2487 2401 2587 2458 ego
2631 2384 2944 2441 refecillabo
2979 2400 3075 2439 vos
3104 2402 3116 2438 :
3152 2383 3257 2438 hoc
3286 2381 3488 2442 oleum,

1911 2480 2243 2536 hilaritatem
2285 2482 2428 2536 enim
2460 2490 2513 2535 ει
2550 2483 2790 2551 quietem
2837 2478 3097 2534 ostendit.
3132 2472 3199 2531 Et
3248 2476 3442 2531 iterum
3473 2492 3486 2528 :

1914 2574 2125 2638 Venite,
2150 2574 2426 2644 possidete
2455 2583 2817 2642 praeparatum
2849 2571 3001 2625 vobis
3032 2584 3280 2640 regnum.
3310 2562 3492 2633 Quan-

1911 2667 1980 2719 do
2006 2677 2185 2719 autem
2216 2664 2389 2719 dicit:
2442 2662 2521 2717 ite
2570 2665 2623 2716 in
2675 2664 2964 2717 tenebras:
3018 2662 3208 2715 vinum
3259 2668 3364 2723 est,
3391 2659 3493 2713 hoc

1910 2768 1993 2811 est
2029 2756 2301 2812 austerior
2346 2750 2594 2811 doctrina
2634 2770 2651 2813 ι
2693 2755 2997 2824 Intelligere
3046 2755 3284 2824 potes‘ot
3312 2753 3488 2808 aliter.

1911 2852 2101 2907 Oleum
2135 2852 2430 2907 humanam
2464 2850 2740 2921 signiﬁcat
2776 2849 3277 2912 conversationem,
3304 2846 3491 2901 vinum

1914 2946 2176 3011 divinam,
2200 2952 2260 2999 ut
2292 2944 2397 2999 tale
2428 2943 2555 3014 quid
2584 2942 2760 2998 dicam
2786 2961 2800 2998 :
2830 2941 3095 2997 Dominus
3124 2940 3226 2995 alia
3254 2939 3487 2995 humane

1915 3052 2064 3090 more
2094 3038 2444 3106 operabatur,
2475 3032 2578 3089 alia
2600 3043 2785 3089 autem
2814 3034 3019 3090 divino.
3046 3031 3350 3086 Humanum
3377 3037 3494 3084 emt

1914 3131 2199 3186 comedere
2238 3138 2293 3185 et
2328 3128 2535 3193 bibere,
2570 3139 2626 3185 et
2657 3132 2822 3185 vitam
2869 3128 3130 3182 laxiorem
3174 3124 3406 3190 sectari,
3436 3132 3494 3180 et

1919 3239 2020 3280 non
2052 3225 2421 3279 austeritatem
2454 3236 2566 3293 pra:
2599 3238 2658 3278 se
2691 3222 2855 3288 ferre,
2905 3231 2961 3275 nt
3010 3220 3286 3277 Joannes:
3333 3227 3495 3288 atque

1914 3318 2019 3373 hoc
2041 3316 2204 3371 fuerit
2235 3314 2736 3386 Olenon-ieiunium
2764 3327 2893 3369 vero
2920 3312 3187 3378 mirabile,
3218 3319 3278 3367 et
3298 3311 3492 3367 ambo-

1885 3413 2045 3468 'latio
2082 3409 2133 3465 in
2169 3409 2331 3475 mari,
2367 3416 2422 3465 et
2458 3409 2577 3464 alia!
2609 3407 2812 3464 divinae
2846 3408 3093 3471 virtutes,
3127 3405 3308 3460 vinum
3346 3410 3491 3459 sunt.

1918 3502 2055 3559 Viuo
2094 3505 2237 3560 enim
2288 3502 2583 3558 assimilata
2635 3511 2721 3559 εει
2768 3500 2962 3567 deitas,
3013 3506 3173 3568 quam
3223 3508 3492 3552 meracam

1916 3596 2193 3653 sustinere
2245 3608 2309 3651 ac
2366 3593 2509 3651 ferre
2544 3593 2724 3650 nullus
2769 3596 2975 3666 posset,
3040 3591 3145 3647 nisi
3202 3596 3258 3645 et
3316 3588 3493 3645 oleum

1919 3691 2151 3755 adesset,
2184 3688 2288 3745 hoc
2335 3696 2422 3744 est
2458 3686 2747 3742 humanior
2774 3684 3135 3742 conversatio.
3171 3681 3239 3737 Et
3267 3679 3497 3751 proinde

1921 3783 2044 3853 quia
2079 3797 2176 3853 per
2197 3791 2430 3849 utraque
2468 3794 2570 3837 nos
2600 3779 2873 3843 servavit,
2906 3776 3245 3832 divinitatem
3274 3774 3493 3845 inquam

1919 3886 1971 3930 et
2007 3875 2443 3929 humanitatem:
2497 3883 2789 3944 propterea
2820 3872 2947 3927 dicit
2987 3872 3170 3925 vinum
3222 3877 3277 3925 et
3316 3868 3497 3923 oleum

1918 3964 2077 4038 35],
2128 3963 2413 4038 infudisse.
2456 3962 2523 4019 Et
2560 3964 2800 4034 quotidie
2846 3961 2939 4033 qui
2980 3961 3328 4027 baptizantur
3368 3960 3501 4016 libe-

1923 4072 2112 4116 rantur
2139 4075 2169 4115 a
2198 4060 2514 4115 vulneribus
2548 4059 2775 4123 animae,
2823 4057 2942 4111 oleo
2990 4055 3206 4125 quidem
3235 4053 3495 4123 unguenti

1923 4154 2065 4208 uncti
2093 4170 2107 4209 :
2137 4153 2325 4209 statim
2359 4142 2540 4207 aute‘m
2591 4150 3052 4207 communicantes
3082 4157 3135 4202 et
3167 4145 3339 4202 divini
3369 4160 3499 4201 san-

231 4228 437 4292 ἔεωσε,
471 4224 725 4295 θεότητός
758 4241 900 4295 φημι
945 4226 1039 4279 καὶ⁸
1072 4226 1516 4298 ἀνθρωπότητος,
1543 4228 1631 4282 διὰ
1664 4229 1808 4284 τοῦτ(

1928 4245 2105 4318 guinis
2160 4244 2451 4315 participes
2502 4244 2656 4298 ﬂttnt.
2713 4241 2884 4296 Porro
2922 4239 3184 4296 Dominus
3242 4239 3504 4311 imposuit

233 4319 460 4386 λέγεται
487 4313 628 4372 οἶνον
658 4320 753 4371 καὶ
791 4320 970 4373 ἔλαιον
999 4319 1241 4390 ὲπιχέαι.
1272 4321 1385 4374 Καὶ
1416 4321 1540 4374 καθ’
1581 4321 1808 4394 ἐκάστηι

1924 4313 2171 4391 sauciam
2200 4313 2443 4393 nostram
2476 4344 2724 4389 naturam
2768 4347 2931 4403 super
2977 4330 3255 4403 proprium
3287 4329 3502 4398 jumen-

232 4413 295 4464 δὲ
357 4414 408 4465 οι
460 4410 885 4480 βαπτιζόμενοι,
942 4410 1051 4465 τῶν
1106 4411 1440 4484 τραυμάτων
1493 4413 1592 4485 τῆς
1639 4413 1808 4486 ψυχῆς

1927 4438 2064 4494 utin,
2105 4429 2204 4484 hoc
2244 4435 2354 4493 est,
2408 4422 2573 4497 super
2615 4440 2814 4497 corpus
2844 4440 3024 4481 suum.
3068 4423 3307 4481 Membra
3357 4424 3501 4480 enim

235 4502 711 4567 ἀπαλλάττονται,
763 4502 928 4573 ἐλαίῳ
975 4503 1074 4574 μὲν
1123 4504 1219 4558 τοῦ
1273 4506 1448 4576 μύρου
1498 4506 1808 4579 χριόμενοι,

1929 4532 2022 4575 sua
2076 4534 2175 4576 nos
2220 4515 2351 4576 fecit
2405 4527 2461 4575 et
2506 4519 2795 4589 participes
2852 4518 2934 4573 sui
2972 4517 3259 4586 corporis:
3296 4531 3506 4586 nosque

236 4596 408 4660 εὐθὺς
433 4595 492 4650 δὲ
521 4595 929 4660 κοινωνοῦντες,
960 4597 1056 4650 καὶ
1090 4598 1187 4652 τοῦ
1215 4598 1361 4652 θείου
1393 4599 1626 4670 αἵματος
1657 4617 1808 4671 μετα·

1931 4606 2117 4662 intimo
2168 4608 2285 4664 loco
2315 4607 2449 4664 sitos
2475 4609 2655 4677 posuit
2686 4608 2736 4662 iu
2780 4606 3098 4678 dignitatem
3156 4607 3328 4671 illam,
3361 4617 3420 4661 ut
3452 4618 3508 4661 et

236 4689 633 4760 λαμβάνοντες.
681 4689 999 4744 ’Δνεϐίϐασε
1040 4690 1097 4744 δὲ
1133 4692 1160 4744 6
1204 4692 1407 4763 Κύριος
1438 4693 1539 4766 τὴν
1581 4710 1808 4767 τραυμα·

1928 4699 2171 4771 ejusdem
2212 4700 2460 4771 corporis
2488 4700 2680 4754 simus.
2721 4698 3088 4755 Diversorium
3117 4709 3295 4754 autem
3326 4697 3509 4753 Eccle-

238 4783 525 4837 τισθεῖσαν
564 4781 723 4854 ἡμῶν
755 4782 917 4851 φύσιν
953 4782 1049 4836 ἐπὶ
1085 4784 1146 4837 τὸ
1176 4784 1310 4839 ἴδιον
1346 4785 1671 4855 ὑποζύγιον,
1705 4804 1808 4841 του·

1927 4793 2006 4847 aia
2035 4800 2137 4855 est,
2167 4792 2288 4861 quae
2317 4804 2507 4846 omnes
2553 4790 2815 4860 suscipit;
2870 4791 2954 4844 lex
3002 4789 3146 4845 enim
3181 4803 3286 4843 non
3315 4803 3505 4843 omnes

240 4883 452 4945 τέστιν,
493 4878 588 4932 ἐπὶ
615 4879 677 4933 τὸ
718 4878 881 4946 σῶμα
922 4879 1089 4934 αὑτοῦ
1114 4895 1127 4909 ·
1171 4881 1307 4950 μέλη
1338 4880 1446 4952 γὰρ
1469 4880 1633 4937 αὑτοῦ
1677 4876 1808 4954 ἡμᾶς

1928 4883 2283 4954 suscipiebat.
2315 4880 2549 4937 Moabita
2578 4882 2744 4945 enim,
2775 4879 2929 4944 dicit,
2968 4892 3022 4936 et
3056 4880 3367 4935 Ammonita
3398 4876 3505 4933 non

240 4971 496 5041 ἐποίησε,
532 4970 625 5024 καὶ
650 4970 940 5034 κοινωνοὺς
966 4971 1062 5025 τ’σῦ
1093 4969 1344 5042 σώματος
1370 4966 1562 5039 αὐτοῦ,
1594 4974 1746 5028 κάτω
1769 4992 1829 5049 τε

242 5065 536 5135 κειμένους
567 5063 889 5119 ἀνεϐίϐασεν
930 5064 1026 5117 ὑπὸ
1053 5065 1155 5136 τὴν
1197 5060 1360 5132 ἆξίαν
1401 5066 1618 5137 ἐκείνην
1641 5109 1655 5133 ,
1688 5066 1830 5122 ὥστε

245 5156 577 5226 συσσώμους
612 5154 763 5227 αὑτῷ
791 5150 955 5210 εἶναι.
987 5156 1310 5228 Πανδοχείον
1339 5157 1397 5212 δὲ
1426 5160 1460 5229 ἠ
1509 5160 1828 5232 Ἐκκλησία,

246 5251 281 5319 ἡ
322 5250 503 5302 πάντα
529 5244 903 5319 ὑποδεχομένη
924 5262 940 5279 ο
968 5250 998 5302 6
1035 5247 1136 5321 μὲν
1167 5249 1277 5322 γὰρ
1318 5252 1505 5322 νόμος,
1532 5253 1593 5306 οὐ
1621 5253 1830 5320 πάντας

242 5339 486 5413 ἐδέχετο.
520 5340 821 5412 Μωαϐίτης
860 5338 992 5412 γὰρ,
1029 5343 1184 5413 φησι,
1223 5344 1318 5396 καὶ
1361 5345 1705 5417 Ἀμμανίτης
1730 5347 1831 5401 οὐκ

246 5432 622 5491 εῑσελεύσεται
652 5435 734 5497 είς
782 5430 1112 5504 Ἐκκλησίαν
1139 5435 1298 5491 Θεοῦ.
1342 5437 1455 5490 Νῦν
1489 5437 1547 5492 δὲ
1583 5439 1641 5492 ὲν
1669 5440 1831 5511 παντὶ

247 5528 397 5583 ἔθνει
427 5529 457 5581 6
492 5514 829 5597 φοϐούμενος
855 5526 947 5581 τὸν
976 5519 1111 5580 Θεὸν
1142 5526 1330 5593 δεκτὸς
1366 5528 1518 5599 αὖτῷ
1551 5529 1692 5595 ἔστι,
1735 5530 1828 5584 θέ-

246 5621 359 5675 λων
392 5620 713 5681 πιστεῦσαι,
742 5621 838 5674 καὶ
870 5620 1035 5693 μέρος
1060 5620 1317 5689 γενέσθαι
1344 5620 1445 5690 τῆς
1479 5620 1829 5695 Ἐκκλησίας.

253 5712 470 5774 Πάντας
497 5704 609 5783 γὰρ
648 5710 995 5781 ὑποδέχεται,
1025 5709 1122 5765 καὶ
1150 5710 1510 5782 ἁμαρτωλοὺς
1537 5712 1634 5767 καὶ
1661 5711 1823 5766 τελώ-

250 5820 371 5869 νας.
399 5804 544 5874 Ὅρα
575 5803 633 5858 et
687 5804 787 5874 τὴν
829 5802 1140 5875 ἀκρίϐειαν,
1175 5803 1295 5869 πῶς
1332 5821 1520 5877 φησιν,
1561 5806 1644 5861 ὅτι
1683 5806 1827 5861 ἀπα-

250 5894 444 5969 γαγὼν
480 5897 561 5961 είς
610 5896 673 5951 τὸ
718 5894 1072 5968 πανδοχεῖον,
1106 5896 1423 5970 ἐπεμελήθη
1452 5896 1619 5953 αὑτοῦ
1640 5912 1655 5930 ’
1698 5898 1830 5971 πρὶν

1934 4975 2216 5029 intrabunt
2249 4974 2303 5029 in
2328 4972 2627 5053 Ecclesiam
2658 4970 2777 5029 Dei.
2832 4970 2983 5026 Nune
3027 4980 3205 5026 autem
3258 4972 3311 5025 in
3358 4971 3509 5027 Omni

1931 5076 2091 5138 gente
2114 5066 2206 5137 qui
2233 5069 2388 5122 timet
2417 5064 2587 5121 Deum
2607 5109 2624 5132 ,
2663 5072 2922 5135 acceptus
2961 5072 3047 5119 est
3078 5064 3149 5128 ei,
3193 5066 3353 5119 modo
3381 5063 3514 5120 velit

1931 5160 2156 5216 credere
2178 5171 2231 5216 et
2252 5160 2378 5232 pars
2399 5159 2517 5215 ﬁeri
2546 5156 2821 5224 Ecclesiae,
2846 5170 2967 5227 quae
2987 5170 3177 5211 omnes
3197 5152 3513 5226 peccatores

1932 5259 1986 5308 et
2028 5253 2350 5325 publicanos
2396 5252 2647 5323 suscipit.
2684 5245 2819 5308 Vide
2866 5251 2995 5305 item
3048 5259 3103 5305 et
3150 5248 3510 5322 diligentiam,

1932 5348 2205 5417 quomodo
2253 5349 2480 5413 ducens,
2530 5345 2725 5415 inquit,
2780 5344 2833 5399 in
2883 5342 3267 5411 diversorium,
3325 5346 3511 5400 curain

1932 5442 2049 5511 ejus
2074 5440 2266 5511 egerit.
2293 5426 2426 5493 Nam
2452 5438 2605 5508 prius
2629 5448 2789 5508 quam
2821 5434 2876 5491 in
2917 5436 3021 5492 hoc
3052 5435 3300 5502 duceret,
3332 5435 3510 5491 solum

1933 5532 2175 5601 alligavit
2202 5531 2450 5588 volnera.
2486 5528 2624 5599 Quid
2669 5517 2833 5602 igitur
2862 5537 2949 5585 est
2995 5527 3139 5598 quod
3178 5527 3344 5583 dico?
3376 5528 3514 5595 Quia

1932 5638 2057 5678 cum
2098 5622 2393 5679 constituta
2426 5631 2509 5679 est
2536 5618 2802 5684 Ecclesia,
2838 5630 2893 5677 et
2928 5619 3128 5676 factum
3160 5629 3244 5697 est
3269 5619 3514 5675 diverso-

1935 5714 2097 5782 rium,
2122 5714 2227 5772 boc
2247 5722 2354 5782 est,
2376 5729 2442 5769 ex
2457 5712 2708 5769 omnibus
2728 5712 2901 5769 ferme
2926 5711 3177 5785 gentibus
3200 5708 3305 5767 ﬁde
3326 5706 3507 5774 aucta.

1936 5812 2064 5863 tunc
2091 5804 2312 5865 fuerunt
2337 5816 2391 5864 et
2412 5804 2647 5877 Spiritus
2674 5806 2849 5862 sancti
2883 5806 3019 5862 dbna
3040 5846 3055 5871 ,
3086 5811 3141 5860 et
3178 5792 3396 5858 dilatata
3430 5812 3516 5858 est

1935 5899 2107 5973 gratia
2145 5893 2277 5958 Dei:
2317 5899 2371 5957 id
2413 5899 2554 5971 quod
2590 5900 2655 5955 ex
2686 5898 2837 5955 Actis
2895 5890 3257 5967 apostolorum
3309 5896 3513 5955 disces.
