3896 6452
493 438 596 505 851

1381 429 1960 493 THEOPHYLACTI
1999 429 2413 492 BULGARIE
2453 429 2812 493 ARClIlEP.
3613 407 3700 503 553

491 548 664 606 Tenet
717 556 894 603 autem
931 546 1156 617 ligurum
1185 543 1414 614 hospitis
1466 543 1644 599 omnis
1687 541 1964 612 apostolus
2009 550 2058 596 et

2164 541 2273 612 γὰρ
2299 542 2332 614 ἢ
2363 542 2672 612 ἀπαγαγεῖν
2694 545 2774 610 είς
2801 543 2980 610 τοῦτο,
3007 543 3167 614 μόνον
3194 521 3452 618 κατέδησε
3476 547 3541 602 τά
3567 553 3700 622 spati.

367 672 379 690 σ
491 644 679 696 doctor
704 649 758 694 et
780 649 997 710 pastor:
1026 639 1222 709 quibus
1260 637 1406 692 dedit
1445 635 1704 690 Dominus
1729 636 1864 689 duos
1890 634 2059 689 dena-

490 733 626 795 rios,
652 733 756 786 duo
789 729 1159 796 Testamenta,
1191 729 1354 784 Vetus
1383 740 1438 784 et
1463 728 1692 783 Novum.
1719 727 1894 784 Unius
1916 725 2060 781 enim

490 828 634 894 reg's
663 823 954 894 imaginem
979 833 1207 890 utraque
1227 830 1432 887 tencnt,
1465 835 1657 891 nempe
1678 821 1824 890 quod
1848 819 2060 891 eloquia

493 917 586 968 Dei
635 915 765 969 sint.
797 913 986 982 Itaque
1015 914 1266 968 denarios
1300 913 1420 966 illos
1450 911 1710 966 Dominus
1761 909 1812 964 in
1863 911 2060 965 malum

493 1005 795 1060 ascendens
847 1004 1067 1072 reliquit
1131 1003 1390 1070 apostolis
1423 1043 1436 1062 .
1503 1012 1558 1054 et
1608 1001 1876 1070 episcopis
1942 1000 2062 1055 aliis

487 1103 654 1164 atque
684 1095 1015 1150 doctoribus.
1069 1094 1215 1148 Dixit
1263 1102 1443 1147 autem
1496 1094 1799 1162 :Quidquid
1847 1109 1914 1148 ex
1970 1103 2063 1148 tuo

487 1185 868 1256 insumpseris,
913 1201 1016 1258 ego
1065 1187 1204 1240 dabo
1256 1185 1371 1240 tibi.
1419 1183 1625 1240 Revera
1679 1185 1823 1241 enim
1857 1185 1926 1242 de
1962 1199 2062 1240 suo

488 1278 724 1346 apostoli
761 1279 925 1332 multa
960 1280 1400 1346 insumpserunt,
1447 1275 1674 1330 multum
1729 1275 2060 1341 laborantes,

489 1378 541 1421 et
574 1368 774 1438 ubique
828 1368 1131 1424 doctrinam
1180 1367 1536 1423 setninantes.
1583 1366 1693 1422 Sed
1726 1378 1781 1422 et
1812 1367 2062 1422 doctores

489 1461 580 1529 qui
610 1461 902 1528 explanant
925 1460 1091 1516 Vetus
1112 1469 1166 1516 et
1192 1459 1396 1514 Novum
1427 1459 1865 1524 Testamentum,
1893 1460 2060 1514 multa

488 1568 520 1604 e
551 1568 648 1604 suo
695 1553 1008 1615 insumunt,
1059 1565 1156 1619 pro
1207 1551 1402 1620 quibus
1439 1552 1740 1605 mercedem
1795 1550 2062 1619 accipient

491 1644 718 1699 Domino
754 1646 992 1699 redituro
1043 1645 1095 1699 in
1148 1643 1388 1699 secundo
1416 1643 1672 1698 adventu.
1715 1641 1867 1697 Tunc
1915 1641 2058 1696 enim

485 1736 680 1807 singuli
737 1736 922 1792 dicent
963 1736 1051 1792 ei:
1098 1733 1346 1798 Domine,
1397 1736 1530 1790 duos
1579 1732 1832 1788 denarios
1862 1731 2057 1786 dedisti

2170 649 2337 701 ματα.
2391 631 2457 685 Τί
2493 631 2588 686 οῦν
2621 634 2769 686 ἐστιν
2807 635 2836 688 δ
2868 652 3045 706 φημι;
3093 637 3216 691 Ὀτι
3269 639 3368 708 τῆς
3407 640 3700 713 Ἐκκλησίας

2166 725 2464 796 συστάσης.
2496 728 2591 780 καὶ
2617 727 2909 798 γενομένου
2943 727 3036 781 τοῦ
3062 730 3405 800 πανδοκείου,
3435 736 3702 805 τουτέστιν,

2164 818 2228 870 ἐκ
2272 818 2488 872 πάντων
2517 819 2704 890 σχεδὸν
2735 821 2843 874 τῶν
2887 819 3057 874 ἐθνῶν
3086 823 3185 892 τῆς
3220 823 3456 888 πίστεως
3490 826 3705 899 αὐξηθεί-

2166 925 2288 978 σης,
2321 909 2444 962 τότε
2487 909 2702 976 ἐγένετο
2733 909 2828 963 καὶ
2865 909 3188 980 Πνεύματος
3223 912 3380 980 ἀγίου
3416 913 3602 982 δωρεά,
3629 918 3705 970 καὶ

2167 1001 2200 1068 ἡ
2248 1001 2406 1070 χάρις
2446 999 2539 1053 τοῦ
2579 999 2717 1052 Θεοῦ
2767 1001 3117 1055 ἐπλατύνετο.
3155 1002 3264 1055 Καὶ
3316 1003 3474 1057 τοῦτο
3520 1005 3707 1082 μαθήσῃ

2163 1089 2271 1142 ἀπὸ
2299 1090 2404 1143 τῶν
2429 1089 2691 1161 Πράξεων
2721 1091 2829 1145 τῶν
2856 1092 3194 1146 ἀποστόλων.
3241 1091 3460 1162 Ἐπέχει
3487 1093 3542 1147 δὲ
3567 1096 3708 1150 τύπον

2164 1182 2475 1270 πανδοχέιος
2504 1184 2612 1246 πᾶς
2646 1183 2964 1250 ἀπόστολος,
2999 1186 3094 1238 καὶ
3119 1184 3462 1251 διδάσκαλος,
3495 1188 3582 1239 καὶ
3608 1171 3717 1270 ποιοξ

2167 1271 2310 1343 μὴν,
2363 1267 2443 1336 οἷς
2475 1272 2710 1326 δέδωκεν
2753 1274 2781 1326 ὀ
2816 1274 3022 1344 Κύριος
3071 1274 3166 1328 δύο
3212 1275 3483 1347 δηνάρια,
3519 1277 3609 1340 τὰς
3633 1267 3717 1332 δὼς

2164 1363 2473 1432 Διαθὴκας,
2519 1364 2619 1435 τὴν
2670 1366 2914 1420 Παλαιὰν
2953 1367 3047 1422 καὶ
3082 1367 3182 1439 τὴν
3226 1368 3395 1422 Νέαν.
3449 1368 3593 1431 Ἕνὸς
3621 1371 3706 1441 γὰρ

2164 1459 2349 1512 εἰκόνα
2402 1458 2666 1529 βασιλέως
2718 1459 2977 1532 φέρουσιν
3027 1461 3377 1533 ἀμφότεραι,
3433 1461 3525 1516 τοῦ
3573 1463 3708 1517 αύτοῦ

2162 1550 2298 1604 Θεοῦ
2329 1551 2486 1620 λόγια
2520 1551 2695 1606 οὖσαι.
2736 1553 2922 1606 Ταῦτα
2952 1552 3082 1621 γοῦν
3107 1553 3174 1607 τὰ
3203 1554 3434 1625 δηνάρια
3465 1556 3540 1618 εἰς
3569 1556 3708 1626 ούραο

2163 1643 2288 1706 νοῦς
2325 1644 2688 1714 ἀνερχόμενος
2731 1646 2759 1697 ό
2790 1643 3020 1716 Κύριος’
3045 1645 3306 1700 κατέλιπε
3346 1649 3460 1710 τοῖς
3507 1648 3707 1700 ἀποττό-

2164 1728 2301 1794 λοις,
2338 1731 2430 1782 καὶ
2473 1733 2588 1796 τοῖς
2627 1732 2769 1786 κατὰ
2811 1734 3038 1804 καιροὺς
3084 1735 3430 1800 ἐπισκόποις,
3463 1736 3554 1788 καὶ
3588 1735 3708 1789 816a-

440 1875 456 1895 ,
487 1830 646 1896 mihi,
678 1843 807 1885 ecce
833 1830 972 1886 alios
1019 1828 1153 1884 duos
1193 1837 1455 1896 praeterea
1490 1823 1752 1893 impendi.
1792 1821 1889 1878 Cui
1917 1823 2058 1878 dicet

2165 1821 2403 1885 σκάλοις.
2443 1818 2574 1876 Εῐπε
2602 1824 2677 1886 δὲ,
2714 1826 2795 1878 ὃτι
2831 1827 2896 1880 Ὃ
2930 1827 2997 1880 ἂν
3029 1828 3487 1901 προσδαπανήσῃς
3510 1826 3708 1891 οἴκοθεν,

485 1931 537 1975 et
566 1922 714 1990 ipse:
745 1921 918 1991 Euge,
942 1934 1097 1976 serve
1122 1920 1280 1983 bone,
1311 1929 1418 1973 etc.

2162 1914 2273 1984 ἐγὼ
2295 1914 2452 1968 δώσω
2484 1933 2588 1970 σοι.
2615 1916 2706 1988 Τῷ
2727 1918 2841 1972 ὄντι
2870 1919 2980 1990 γὰρ
3021 1921 3513 1992 προσεδαπάνησαν
3535 1922 3708 1975 clazost

487 2017 538 2070 oi
558 2013 878 2078 ἀπόστολοι,
912 2011 1082 2066 πολλὰ
1111 2012 1475 2074 κοπιάσαντες
1496 2051 1511 2075 ,
1539 2009 1634 2063 καὶ
1657 2007 1932 2078 πανταχοῦ
1961 2007 2059 2078 τὴν
2096 2007 2449 2064 διδασκαλίαν
2483 2011 2818 2081 σπείροντες.
2870 2012 3032 2066 Ἀλλὰ
3069 2015 3161 2066 καὶ
3193 2015 3242 2066 οἱ
3313 2015 3455 2068 κατά
3518 2015 3708 2084 καιροὺς

485 2105 796 2159 διδάσκαλοι
835 2103 1190 2174 ἐξηγούμενοι
1226 2102 1324 2173 τὴν
1351 2101 1593 2155 Παλαιὰν
1625 2102 1719 2155 καὶ
1751 2101 1850 2170 τὴν
1889 2099 2054 2164 Νέαν,
2096 2101 2266 2154 πολλά
2325 2103 2808 2175 προσεδαπάνησαν
2883 2104 3093 2158 οἴκοθεν
3117 2147 3131 2172 ,
3191 2107 3332 2176 ὑπὲρ
3402 2100 3476 2159 ὧν
3514 2108 3596 2159 τὸν
3634 2127 3706 2176 μι-

490 2198 618 2252 σθὸν
647 2197 1020 2268 ἀπολήψονται
1060 2197 1118 2249 ἐν
1151 2194 1230 2266 τῷ
1265 2195 1666 2264 ἐπανέρχεσθαι
1735 2193 1824 2246 τὸν
1867 2193 2095 2264 Κύριον,
2156 2195 2433 2250 τουτέστιν
2487 2199 2547 2251 ἐν
2617 2201 2682 2268 τῇ
2721 2198 2951 2270 δευτέρᾳ
2995 2201 3288 2269 παρουσίᾳ.
3343 2199 3479 2251 Τότε
3517 2200 3614 2270 γὰρ
3656 2201 3706 2254 ἂν

488 2293 632 2346 εἴποι
684 2289 916 2373 ἕκαστος
950 2287 1128 2342 αὐτῶν
1179 2287 1361 2357 αὐτῷ*
1428 2286 1641 2356 Κύριε,
1695 2285 1792 2339 δύο
1837 2285 2066 2356 δηνάρια
2135 2286 2376 2351 δέδωκάς
2420 2305 2544 2360 μοι,
2600 2289 2707 2344 ἰδοὺ
2743 2289 2878 2344 ἄλλα
2929 2289 3023 2344 δύο
3064 2289 3540 2361 προσεδαπάνησα.
3593 2293 3706 2362 Im;

485 2383 547 2438 δν
578 2384 696 2455 ἐρεῖ
721 2361 816 2438 διάὶ
845 2360 1044 2447 dius;-
1079 2381 1183 2446 Εὖ,
1219 2381 1372 2435 δοῦλε
1409 2380 1604 2450 ἀγαθέ.

564 2477 728 2533 Vens.
764 2474 950 2531 58-42.
994 2492 1011 2526 ι
1046 2473 1267 2529 Factum
1290 2483 1374 2528 est
1406 2483 1584 2528 autem
1631 2473 1759 2527 dum
1813 2473 1972 2538 irent,
2006 2483 2064 2528 ut

2244 2487 2257 2521 t
2303 2468 2551 2537 Ἐγένετο
2579 2467 2634 2521 δὲ
2660 2469 2719 2522 ἐν
2747 2467 2832 2540 τῷ
2861 2467 3191 2540 πορεύεσθαι
3218 2470 3436 2534 αὐτοὺς,
3467 2472 3555 2524 καὶ
3573 2471 3704 2537 αὐτὸς

484 2571 604 2642 ipse
651 2569 878 2625 intraret
940 2568 992 2621 in
1033 2566 1302 2636 quoddam
1367 2566 1703 2638 oppidulum,
1756 2580 1818 2620 ac
1875 2567 2058 2622 mulier

2163 2561 2410 2634 εἰσῆλθεν
2441 2562 2520 2626 είς
2543 2561 2737 2632 κώμην
2755 2562 2897 2628 τινὰ,
2915 2561 3052 2634 γυνὴ
3071 2563 3126 2617 δέ
3147 2581 3252 2629 τις,
3271 2565 3494 2635 ὀνόματι
3509 2565 3702 2638 Μάρθα,

489 2664 735 2734 quantum
785 2661 993 2716 Martha
1027 2661 1242 2715 nomine
1284 2658 1498 2729 excepit
1522 2659 1672 2714 illum
1731 2658 1783 2714 in
1846 2659 2064 2714 domum

488 2770 642 2812 suam
671 2772 686 2809 :
719 2764 774 2810 et
801 2753 925 2808 huic
949 2761 1066 2808 erat
1095 2766 1250 2808 soror
1281 2752 1501 2808 nomine
1521 2749 1715 2816 Maria,
1755 2765 1878 2820 qua;
1901 2751 2064 2805 etiam

488 2845 736 2902 assidens
763 2845 828 2900 ad
857 2847 1022 2914 pedes
1067 2841 1196 2901 Jesu
1236 2842 1489 2899 audiebat
1525 2857 1831 2898 sermonem
1891 2842 2060 2896 illius.

489 2937 698 2993 Martha
724 2945 902 2992 autem
937 2936 1338 2992 distrahebatur
1363 2935 1508 2992 circa
1537 2933 1794 3006 frequens
1819 2935 2063 2990 ministe-

487 3032 662 3094 rium;
733 3045 854 3100 quae
899 3029 1182 3096 assistens,
1209 3028 1286 3084 ait
1327 3043 1342 3081 :
1392 3027 1656 3096 Domine,
1692 3043 1796 3083 non
1829 3036 1912 3083 est
1968 3027 2062 3082 tibi

488 3139 635 3182 cura:
679 3121 824 3193 quod
879 3136 1036 3177 soror
1086 3135 1205 3178 mea
1261 3120 1481 3192 reliquit
1530 3134 1617 3176 me
1649 3129 1708 3175 ιιι
1744 3119 1855 3174 sola
1896 3117 2062 3174 mini-

486 3218 698 3278 strem?
733 3216 831 3272 Dic
856 3230 984 3286 ergo
1006 3213 1080 3270 illi
1120 3221 1178 3269 ut
1206 3228 1294 3270 me
1343 3212 1576 3283 adjuvet.
1613 3211 1682 3267 Et
1728 3214 2061 3283 respondens

487 3309 627 3382 dixit
655 3308 730 3362 illi
759 3306 953 3362 Jesus:
988 3303 1225 3370 Martha,
1251 3300 1492 3368 Martha,
1524 3299 1756 3357 sollicita
1783 3315 1866 3367 es,
1897 3309 1953 3353 et
1975 3305 2060 3352 tu-

487 3397 776 3456 multuaris
792 3397 940 3453 circa
961 3394 1127 3451 multa
1149 3411 1164 3450 :
1188 3392 1335 3464 atqui
1365 3407 1530 3448 unum
1553 3399 1640 3448 est
1664 3390 2060 3447 necessarium.

486 3492 658 3548 Maria
690 3500 870 3546 autem
915 3489 1108 3544 bonam
1160 3496 1370 3558 partem
1422 3483 1640 3554 delegit,
1670 3497 1791 3554 qua:
1823 3496 1931 3537 non
1962 3496 2062 3534 au-

487 3586 698 3641 teretur
723 3584 790 3638 ab
815 3597 902 3638 ea.
929 3599 949 3634 ι
987 3579 1180 3652 Magna
1207 3579 1424 3650 quidem
1459 3575 1848 3647 hospitalitatis
1886 3574 2062 3628 virtus

487 3686 596 3742 est,
629 3676 679 3730 id
707 3675 852 3743 quod
893 3670 1101 3728 Martha
1134 3669 1396 3734 ostendit,
1429 3675 1484 3723 et
1533 3680 1640 3720 non
1700 3665 1996 3735 rejicieuda
2043 3679 2058 3718 :

487 3767 666 3833 major
691 3773 873 3820 autem
905 3763 1189 3818 attendere
1217 3757 1397 3816 verbis
1432 3757 1606 3829 magis
1638 3756 2014 3828 spiritualibus
2043 3772 2058 3809 :

486 3876 584 3933 per
607 3859 770 3931 352
804 3858 948 3912 illam
967 3856 1111 3911 enim
1139 3869 1333 3923 corpus
1358 3852 1618 3922 pascitur,
1635 3866 1731 3920 per
1749 3852 1850 3907 hoc
1879 3851 2059 3904 anima

485 3953 813 4008 viviﬁcatur.
841 3949 956 4006 Non
983 3949 1126 4004 enim
1162 3956 1383 4018 propter
1412 3947 1517 4002 hoc
1551 3959 1828 4011 assumus,
1860 3943 2060 4014 inquit,

486 4063 521 4102 ο
554 4045 791 4109 Martha,
822 4052 882 4098 ut
915 4051 1159 4097 ventrem
1193 4039 1515 4110 impleamus
1558 4037 1726 4092 variis
1759 4035 1916 4103 cibis,
1965 4033 2058 4089 sed

485 4147 548 4192 ut
574 4135 858 4190 animabus
881 4133 1039 4188 utiles
1074 4131 1264 4186 simus.
1292 4127 1430 4184 Vide
1457 4129 1584 4184 item
1609 4138 1665 4183 et
1696 4127 1907 4182 Domini
1935 4141 2061 4182 seu-

491 4229 736 4285 tentiam.
788 4225 930 4279 Nihil
966 4224 1115 4292 prius
1166 4223 1304 4277 dixit
1357 4221 1600 4285 Marthae,
1656 4235 1818 4290 quam
1865 4221 1931 4274 ab
1969 4218 2057 4273 illa

485 4315 883 4388 perstringendi
915 4323 1151 4368 sumeret
1177 4313 1544 4369 occasionem.
1577 4310 1872 4378 Postquam
1913 4307 2056 4362 enim

487 4412 578 4465 illa
610 4407 838 4462 avellere
873 4406 1095 4461 tentavit
1120 4418 1364 4460 sororem
1398 4403 1466 4456 ab
1495 4401 1709 4464 auditu,
1752 4409 1862 4453 tum
1903 4397 2058 4454 deni-

487 4518 591 4571 que
615 4499 892 4563 Dominus,
920 4507 1134 4567 arrepta
1162 4493 1468 4560 occasione,
1494 4492 1641 4546 illam
1661 4489 2054 4560 verberat.LEa-

2167 2651 2464 2717 ὑπεδέξατο
2496 2651 2660 2707 αὐτὸν
2685 2653 2767 2716 είς
2798 2653 2890 2705 τὸν
2939 2647 3090 2706 οἶκον
3117 2653 3309 2724 αὐτῆς.
3364 2655 3474 2709 Καὶ
3511 2657 3628 2726 τῇδε
3648 2651 3703 2726 ἦν

2166 2745 2373 2817 ἀδελφὴ
2432 2746 2742 2818 καλουμένη
2811 2745 3018 2816 Μαρία,
3077 2748 3113 2816 ἢ
3169 2747 3266 2800 καὶ
3315 2748 3705 2819 παρακαθίσασα

2167 2837 2320 2909 παρά
2348 2838 2473 2900 τοὺς
2507 2837 2676 2901 πόδας
2708 2835 2802 2890 τοῦ
2850 2837 3048 2904 Ἰησοῦ,
3089 2837 3256 2909 ἤκουε
3283 2838 3394 2892 τῶν
3439 2839 3604 2908 λόγων
3625 2842 3704 2895 αὖ·

2171 2929 2288 2984 τοῦ.
2344 2929 2407 2983 Ἦ
2430 2929 2486 2982 δέ
2519 2928 2722 2998 Μάρθα
2772 2931 3115 3000 περιεσπᾶτο
3169 2931 3299 3003 περὶ
3328 2930 3526 3001 πολλὴν
3554 2932 3703 2986 διαιιιι⁴

2171 3022 2312 3077 νίαν.
2365 3020 2665 3076 Ἐπιστᾶσα
2696 3021 2754 3076 δέ
2795 3019 2951 3076 εἴπεο
2993 3021 3186 3095 Κύριε,
3224 3023 3287 3077 οὐ
3325 3024 3475 3096 μέλει
3506 3041 3603 3087 σοι,
3637 3027 3701 3080 δτι

2169 3116 2202 3186 ή
2250 3115 2452 3188 ἀδελφή
2497 3133 2599 3186 μου
2647 3115 2782 3187 μόνη
2837 3133 2904 3186 με
2942 3117 3205 3171 κατέλιπε
3243 3118 3545 3185 διακονεῖν;
3593 3119 3701 3172 Εἰπὲ

2168 3202 2262 3260 οῦν
2285 3208 2446 3278 αὐτῇ,
2477 3207 2568 3260 ἵνα
2610 3223 2699 3276 μοι
2762 3206 3243 3278 συναντιλάϐηται.
3293 3209 3622 3280 Ἀποκριθεὶς
3655 3209 3699 3263 δέ

2167 3297 2320 3354 εἶπεν
2345 3301 2481 3372 αὐτῇ
2517 3301 2546 3353 6
2588 3300 2833 3370 Ἰησοῦς⁶
2887 3301 3109 3372 Μάρθα,
3157 3300 3383 3372 Μάρθα,
3444 3300 3696 3373 μεριμνᾷς,

2167 3393 2262 3447 καὶ
2289 3389 2536 3464 τυρϐάζῃ
2572 3391 2702 3462 περὶ
2740 3390 2929 3446 πολλά.
2977 3391 3127 3454 Ἐνὸς
3157 3391 3215 3445 δέ
3254 3394 3370 3445 ἐστι
3401 3391 3566 3462 χρεία.
3598 3391 3697 3445 Μα-

2167 3486 2259 3556 ρία
2291 3484 2347 3538 δέ
2373 3483 2472 3554 τὴν
2497 3482 2709 3552 ἀγαθὴν
2736 3483 2930 3554 μερίδα
2970 3483 3272 3550 ἐξελέξατο,
3296 3484 3418 3556 ἦτις
3445 3483 3537 3537 οὐκ
3560 3484 3697 3551 ἀφαι-

2169 3576 2462 3648 ρεθήσεται
2492 3575 2587 3630 ἀπ’
2618 3576 2811 3646 αὐτῆς.
2853 3595 2873 3628 ι
2903 3577 3064 3643 Μέγα
3097 3577 3198 3648 μὲν
3220 3576 3280 3630 τὸ
3302 3575 3402 3646 τῆς
3428 3574 3696 3644 φιλοξενίας

2163 3668 2398 3738 ἀγαθὸν,
2432 3667 2849 3740 ὅπερὴΜάρθα
2891 3667 3260 3735 ἐπεδείκνυτο,
3300 3668 3398 3723 καὶ
3445 3668 3540 3721 οὐκ
3581 3667 3695 3721 ἀπό-

2164 3761 2382 3833 ϐλητον
2422 3760 2608 3832 μεῖζον
2653 3760 2710 3815 δέ
2740 3760 2801 3815 τὸ
2831 3762 3117 3832 προσέχειν
3142 3764 3255 3823 τοῖς
3284 3759 3696 3831 πνευματικωτέο

2167 3872 2282 3926 ροις
2309 3854 2513 3923 λόγοις.
2546 3853 2626 3907 Δι’
2651 3853 2864 3908 ἐκείνου
2894 3853 2992 3924 μὲν
3020 3854 3130 3924 γὰρ
3157 3853 3218 3906 τὸ
3258 3853 3418 3922 σῶμα
3445 3853 3691 3924 τρέφεται,

2161 3946 2250 4000 διὰ
2281 3945 2337 3998 δὲ
2369 3943 2563 3998 τούτου
2595 3945 2628 4014 ἡ
2658 3943 2804 4014 ψυχὴ
2835 3941 3089 4007 ζωοῦται.
3147 3943 3222 3996 Οὐ
3256 3943 3369 4013 γὰρ
3417 3944 3502 3997 διά
3542 3942 3692 4006 τοῦτο,

2164 4038 2322 4107 φησι,
2375 4036 2681 4108 πάρεσμεν,
2739 4029 2786 4089 ὣ
2829 4035 3050 4106 Μάρθα,
3087 4035 3173 4088 ἵνα
3209 4033 3309 4106 τὴν
3359 4036 3586 4105 γαστέρα
3612 4035 3693 4103 ἐμ-

2159 4131 2453 4198 πλήσωμεν
2482 4127 2741 4182 ποικίλων
2771 4127 3099 4198 βρωμάτων,
3119 4126 3238 4182 ἀλλ’
3270 4127 3358 4182 ἵνα
3382 4127 3549 4199 ψυχάς
3567 4126 3688 4195 ὠφε-

2159 4220 2614 4292 λήσωμεν.’⁹ὐρα
2645 4218 2702 4273 δέ
2730 4219 2829 4289 τὴν
2856 4218 2953 4272 τοῦ
2978 4219 3187 4291 Κυρίου
3219 4217 3467 4290 γνώμην.
3495 4219 3564 4271 οὐ
3583 4216 3689 4286 πρό·

2155 4332 2314 4387 τερον
2343 4309 2464 4366 εἶπέ
2504 4329 2558 4364 τι
2585 4311 2724 4383 πρὸς
2747 4310 2848 4381 τὴν
2876 4309 3132 4382 Μάρθαν,
3181 4312 3314 4382 πρὶν
3345 4311 3378 4382 ἢ
3415 4311 3539 4382 παρ’
3567 4308 3689 4362 ἐκεί·

2159 4422 2255 4472 νης
2285 4403 2470 4458 λαὸεῖν
2496 4402 2596 4466 τὰς
2626 4400 2878 4473 ἀιρορμάς
2902 4402 3000 4472 τῆς
3027 4401 3394 4473 ἐπιπλήξεως.
3441 4401 3582 4456 Ἐπεὶ
3602 4400 3690 4469 γὰρ

2159 4496 2343 4567 ἐκείνη
2376 4495 2806 4550 ἀποσπάσασθαι
2849 4495 3108 4567 ἐπειρᾶτο
3146 4496 3247 4566 τὴν
3277 4495 3512 4567 ἀδελφὴν
3551 4494 3690 4562 αὐτῆς

491 4607 650 4652 tenus
684 4594 826 4650 enim
852 4589 1194 4659 hospitalitas
1221 4585 1569 4642 veneratione
1595 4584 1756 4656 digna
1787 4591 1893 4649 est,
1921 4598 2055 4653 qua-

2163 4588 2274 4642 ἀπδ
2320 4590 2418 4659 τῆς
2472 4588 2812 4659 ἀκροάσεως,
2855 4587 2977 4640 τότε
3035 4587 3064 4640 6
3131 4586 3336 4658 Κύριος
3397 4587 3691 4656 δραξάμενος

492 4702 646 4744 tenus
680 4701 788 4742 non
817 4683 1087 4739 abstrahit
1115 4690 1170 4736 et
1205 4678 1422 4735 abducit
1452 4693 1552 4734 nos
1598 4692 1628 4733 a
1661 4677 1832 4750 magis
1863 4691 2058 4734 neces-

501 4798 560 4837 sa
570 4781 683 4834 riis.
706 4777 810 4832 Sed
827 4777 872 4830 si
899 4773 1125 4844 coeperit
1146 4787 1242 4828 nos
1259 4785 1448 4828 arcere
1465 4786 1494 4827 a
1515 4770 2055 4843 rebusgravioribus,

489 4885 618 4928 tunc
643 4871 717 4926 illi
770 4866 1141 4940 praeferendus
1187 4865 1491 4922 divinorum
1539 4867 1753 4922 auditus
1791 4884 1806 4921 :
1859 4866 1970 4921 imo
2011 4864 2058 4922 si

489 4962 797 5020 accuratius
831 4958 1146 5021 dicendum,
1197 4971 1302 5010 non
1349 4955 1769 5026 hospitalitatem
1805 4956 2058 5026 prohibet

489 5056 774 5121 Dominus,
807 5052 901 5109 sed
963 5051 1283 5106 varietatem
1316 5061 1380 5102 ac
1433 5047 1678 5117 turbam,
1730 5049 1834 5104 hoc
1870 5057 1954 5105 est
1983 5050 2059 5104 di-

489 5147 840 5201 stractionem
882 5151 936 5196 et
977 5141 1360 5195 turbatiouem.
1413 5137 1626 5193 Laudat
1665 5139 1806 5194 enim
1848 5138 2058 5212 frugale

492 5237 803 5306 hospitium.
826 5233 1022 5300 lQuare
1051 5232 1220 5296 enim,
1245 5230 1439 5300 inquit,
1464 5229 1698 5297 Martha,
1719 5231 1948 5287 sollicita
1975 5247 2054 5298 es,

490 5342 550 5386 et
584 5326 820 5382 turbaris
848 5327 990 5378 circa
1027 5323 1190 5376 multa
1231 5322 1338 5377 hoc
1364 5329 1473 5384 est,
1499 5321 1846 5387 distraheris,
1874 5322 2056 5376 turba-

491 5420 608 5475 ris?
638 5417 758 5472 Uno
796 5415 953 5476 nobis
1013 5428 1150 5484 opus
1200 5421 1305 5478 est,
1371 5426 1564 5484 nempe
1607 5423 1665 5468 ut
1711 5413 2057 5469 comedamus

491 5511 966 5582 qualitercunque,
1000 5521 1105 5560 non
1147 5506 1332 5561 variis.
1377 5505 1606 5573 Quidam
1658 5515 1839 5561 autem
1893 5521 2058 5574 expo-

493 5611 648 5668 nunt,
675 5615 782 5655 uno
808 5608 894 5654 est
914 5613 1069 5666 opus,
1099 5612 1204 5651 non
1235 5597 1302 5652 de
1325 5611 1442 5659 esu,
1492 5598 1586 5653 sed
1631 5596 1928 5652 attentione
1957 5596 2054 5650 do-

487 5697 701 5754 ctrinm.
735 5693 904 5748 Porro
925 5689 1084 5745 dictis
1115 5688 1222 5742 illis
1271 5689 1428 5744 docet
1462 5689 1716 5744 Dominus
1760 5686 2051 5757 apostolos,

493 5796 550 5843 ut
580 5801 703 5841 eum
740 5781 990 5840 venerint
1032 5780 1085 5834 in
1130 5777 1346 5834 domtuu
1405 5779 1704 5848 cujusdam,
1759 5797 1866 5836 non
1904 5782 2052 5837 varia

492 5876 796 5949 inquirant,
837 5873 930 5932 sed
970 5867 1208 5927 contenti
1259 5867 1370 5926 sint
1420 5866 1618 5938 frugali
1663 5867 2050 5941 hospitalitate,

2161 4680 2440 4754 ἀφορμῆς,
2475 4679 2799 4750 ἐπιπλήττει
2827 4679 3025 4748 αὐτὴν.
3067 4677 3246 4748 Μέχρι
3279 4678 3391 4748 γὰρ
3413 4677 3531 4731 τότε
3559 4678 3586 4746 ἠ
3623 4693 3692 4744 cpt-

2157 4773 2368 4840 λοξενία
2399 4771 2654 4843 τιμητέα,
2693 4769 2887 4842 μέχρις
2924 4769 3047 4824 ὃτου
3073 4768 3135 4822 οὐ
3163 4771 3410 4842 περισπᾷ
3431 4770 3587 4840 ἡμᾶς,
3618 4767 3692 4820 καὶ

2159 4868 2444 4937 ἀπαγάγει
2484 4865 2593 4918 τῶν
2643 4862 3109 4932 ἀναγκαιοτέρων.
3155 4861 3330 4916 Ἐπάν
3386 4862 3443 4915 δὲ
3494 4861 3690 4932 ἄρξηται

2159 4955 2391 5010 κωλύειν
2428 4954 2575 5026 ἡμᾶς
2604 4953 2713 5008 ἀπὸ
2755 4953 2866 5006 τῶν
2917 4953 3376 5025 σπουδαιοτέρων,
3423 4951 3687 5024 τηνικαῦτα

2160 5046 2367 5117 ταύτης
2403 5047 2769 5116 προτιμητέον
2795 5044 2896 5115 τὴν
2919 5045 3030 5100 τῶν
3062 5044 3226 5099 θείων
3266 5046 3546 5116 ἀκρόασιν,
3571 5043 3688 5115 μάλα

2167 5139 2259 5193 λον
2277 5137 2334 5191 δέ
2356 5137 2405 5190 εἰ
2430 5137 2514 5192 δεῖ
2545 5136 2607 5190 τὸ
2633 5135 3025 5208 ἀκριϐέστερον
3048 5137 3244 5203 εἰπεῖν,
3277 5138 3341 5190 οὑ
3385 5137 3482 5208 τὴν
3503 5135 3689 5205 φιλοξε-

2157 5230 2276 5283 νίαν
2306 5229 2504 5282 κωλύει
2539 5229 2568 5282 6
2601 5227 2828 5299 Κύριος,
2863 5227 3001 5282 ἀλλά
3022 5228 3120 5300 τὴν
3143 5228 3420 5282 ποικιλίαν
3450 5229 3538 5282 καὶ
3570 5226 3656 5296 τύρ

2157 5321 2281 5392 δην,
2310 5319 2557 5374 τουτέστι
2590 5319 2682 5374 τὸν
2712 5319 3120 5391 περισπασμὸν,
3176 5319 3272 5372 καὶ⁵
3303 5319 3405 5390 τὴν
3431 5318 3682 5388 ταραχήν

2155 5411 2280 5464 ἐπεὶ
2308 5411 2404 5480 τὴν
2444 5410 2598 5478 λιτὴν
2628 5409 2899 5482 ὑποδοχὴν
2932 5411 3164 5463 ἐπαινεῖ.
3190 5411 3310 5464 Ἵνα
3335 5412 3388 5464 τί
3409 5413 3530 5482 γάρ,
3555 5406 3681 5480 φησὶ,

2155 5501 2356 5572 Μάρθα
2393 5502 2684 5571 μεριμνᾷς,
2717 5501 2811 5553 καὶ
2836 5501 3081 5572 τυρὸἀζῃ
3106 5501 3297 5568 πολλὰ,
3330 5503 3585 5566 τουτέστι,
3607 5515 3681 5551 τεο

2159 5593 2350 5665 ρισπᾷ,
2371 5593 2650 5666 ταράττῃς
2689 5594 2840 5658 Ἐνδς
2875 5594 3074 5665 ἔχομεν
3121 5595 3314 5666 χρείαν
3341 5596 3435 5649 τοῦ
3471 5593 3680 5664 φαγεῖνὸ

2154 5703 2206 5739 τι
2237 5685 2300 5756 δή
2332 5694 2488 5750 ποτε,
2519 5685 2641 5754 οὐχὶ
2669 5685 2964 5748 ποικιλίας.
2987 5685 3160 5748 Τινὲς
3195 5686 3255 5738 δὲ
3278 5686 3360 5750 τὸ,
3401 5687 3543 5748 Ἐνός
3583 5686 3677 5736 ἐστι

2154 5781 2333 5853 χρεία,
2361 5781 2423 5835 οὐ
2459 5783 2588 5853 περὶ
2615 5779 2708 5836 τοῦ
2736 5783 2931 5854 φαγεῖν,
2953 5782 3203 5850 ἐνόησαν,
3240 5781 3376 5834 ἀλλὰ
3395 5780 3486 5834 τοῦ
3512 5775 3678 5850 προσέ-

2153 5891 2270 5944 χειν
2297 5876 2360 5946 τῇ
2401 5873 2736 5942 διδασκαλίᾳ.
2766 5873 2842 5926 Δι’
2870 5867 2944 5928 ὧν
2979 5873 3033 5926 δὲ
3064 5872 3212 5942 λέγει
3238 5915 3252 5940 ,
3313 5873 3540 5929 διδάσκει
3572 5870 3673 5928 τοὺς
