3896 6452
244 399 350 462 853

915 401 1358 465 ENARRATIO
1393 405 1477 468 IN
1515 407 2012 470 EVANGELIUM
2047 409 2281 473 LUC/E.
2319 435 2389 451 -·
2424 413 2580 491 CAP.
2621 415 2728 477 XI.

3383 417 3493 483 εει

244 515 579 580 ἀποστόλους
617 517 646 570 ό
665 515 890 588 Κύριος,
924 517 1011 572 ἵνα
1037 519 1166 572 ὅταν
1193 520 1504 574 εἰσέλθωσιν
1536 523 1617 585 είς
1641 521 1818 576 οἰκίαν

1934 521 2060 576 nihil
2089 521 2207 592 plus
2237 533 2537 592 quaerentes
2568 540 2730 595 quam
2769 535 2824 582 ut
2867 528 3152 584 attendant
3210 528 3488 586 doctrinae.

242 605 412 669 τινὸς,
455 605 624 676 μηδὲν
667 606 913 661 ποικίλον
964 608 1227 680 ζητῶσιν,
1270 610 1386 664 ἀλλ’
1419 611 1696 679 ἀρκῶνται
1745 616 1814 684 τῇ

246 697 368 770 λιτῇ
411 699 671 770 ὑποδοχῇ,
722 699 887 770 μηδὲν
912 700 1074 756 πλέον
1101 699 1412 774 ζητοῦντες,
1447 704 1482 775 ἢ
1521 703 1582 758 τὸ
1617 705 1818 776 προσέ-

247 807 366 860 χειν
395 793 460 861 τῇ
511 790 828 864 διδασκαλίᾳ
853 809 867 824 ο
905 791 1014 847 νόει
1046 792 1103 846 δέ
1139 811 1251 864 μοι,
1304 795 1535 866 Μάρθαν
1587 796 1686 866 μὲν
1719 795 1820 868 τὴν

249 883 562 954 πρακτικὴν
589 883 812 954 ἀρετὴν,
859 885 1081 956 Μαρίαν
1125 886 1183 940 δὲ
1208 885 1309 958 τὴν
1351 887 1607 958 θεωρίαν.
1628 887 1692 942 Ἡ
1718 890 1816 960 μὲν

248 973 342 1028 οὖν
375 977 651 1048 πρακτικὴ
691 979 1110 1048 περισπασμοὺς
1160 978 1272 1049 ἔχει
1331 980 1425 1033 καὶ
1467 981 1738 1052 ὀχλήσεις,
1783 983 1818 1051 ή

247 1065 305 1119 δὲ
345 1064 568 1138 θεωρία,
595 1069 760 1139 κυρία
778 1069 1046 1142 γενομένη
1071 1071 1180 1124 τῶν
1218 1071 1427 1126 παθῶν·
1463 1074 1654 1145 Μαρία
1685 1073 1816 1144 γὰρ,

250 1157 418 1226 κυρία
438 1198 452 1219 ,
502 1158 886 1229 ἑρμηνεύεται·
918 1161 1000 1224 είς
1028 1161 1126 1232 τὴν
1174 1163 1284 1216 τῶν
1331 1163 1489 1217 θείων
1521 1162 1695 1232 λόγων
1727 1165 1820 1218 καὶ

246 1249 357 1302 τῶν
384 1249 670 1320 κριμάτων
693 1250 924 1320 ὲποψίαν
946 1253 1332 1323 ὲνασχολεῖται
1347 1254 1537 1325 μόνην.
1573 1255 1817 1326 Πρόσχες

247 1340 305 1394 δὲ
337 1341 429 1394 καὶ
468 1341 547 1405 τὸ,
593 1342 1027 1413 Παρακαθίσασα
1079 1346 1230 1416 παρά
1257 1346 1384 1410 τούς
1437 1347 1603 1411 πόδας
1628 1346 1818 1415 αὐτοῦ,

248 1435 414 1502 ήκουε
443 1433 550 1486 τῶν
573 1433 747 1502 λόγων
787 1435 971 1491 αὐτοῦ.
1015 1437 1081 1491 0i
1135 1437 1234 1509 μὲν
1267 1438 1376 1510 γὰρ
1417 1439 1576 1504 πόδες
1617 1443 1818 1495 νοοῑντο

245 1523 315 1576 ἄν
345 1525 428 1588 είς
465 1524 564 1594 τὴν
618 1525 930 1598 πρακτικὴν
975 1529 1200 1599 ἀρετήν.
1252 1531 1536 1602 Κινήσεως
1577 1532 1688 1602 γὰρ
1725 1534 1819 1587 καὶ

248 1613 478 1685 πορείας
503 1615 642 1668 είσὶν
669 1616 1010 1671 ἐνδεικτικοί.
1046 1617 1121 1670 Τὸ
1147 1619 1204 1672 δὲ
1229 1620 1474 1684 καθίσαι,
1511 1623 1608 1692 τῆς
1633 1623 1817 1693 ἑδραι-

247 1707 441 1774 ότητος
464 1706 754 1777 σύμϐολον.
786 1709 977 1773 Ὅστις
1001 1709 1095 1764 οὖν
1120 1710 1336 1766 καθίσει
1365 1714 1518 1784 παρὰ
1552 1715 1681 1779 τούς
1723 1716 1822 1770 πό-

247 1795 345 1858 δας
373 1793 470 1848 τοῦ
534 1796 729 1867 Ἰησοῦ,
780 1799 1083 1866 τουτέστιν,
1131 1801 1280 1868 ὅστις
1343 1803 1611 1876 ἐδραιωθῇ
1669 1807 1727 1858 ὲν
1750 1809 1817 1877 τῇ

1923 617 2167 690 Intelligo
2193 633 2406 690 quoque
2436 635 2530 690 per
2559 621 2825 676 Martham
2865 623 3114 680 virtutem
3150 626 3441 694 practicam
3470 663 3490 692 ,

1922 725 2018 780 per
2045 710 2292 778 Mariam,
2341 713 2872 782 contemplationem.
2912 714 3155 773 Practice
3187 718 3330 772 enim
3380 717 3492 773 dis-

1924 802 2219 858 tractiones
2269 812 2322 859 et
2375 806 2709 860 turbationes
2747 805 2897 862 fert:
2948 809 3329 880 contemplatio
3364 825 3489 864 vero

1921 892 2137 947 domina
2191 893 2249 949 (lt
2303 893 2667 952 aﬂ'ectionum.
2702 895 2866 950 Maria
2906 898 3048 952 enim
3080 899 3292 954 domina
3321 901 3492 956 inter-

1920 993 2186 1054 pretatur,
2221 1001 2284 1042 ac
2313 987 2366 1042 in
2400 987 2513 1044 sola
2557 990 2867 1044 divinorum
2895 991 3235 1060 eloquiorum
3267 1001 3322 1048 et
3347 993 3491 1060 judi-

1920 1078 2126 1133 ciorum
2159 1081 2619 1150 contemplatione
2662 1093 2924 1152 occupata
2963 1093 3066 1139 est.
3112 1085 3494 1141 Animadverte

1922 1177 2101 1223 autem
2139 1178 2194 1224 et
2225 1169 2350 1233 hoc,
2383 1172 2526 1238 quod
2585 1172 2788 1228 assidet
2825 1171 2980 1240 juxta
3022 1174 3185 1242 pedes
3238 1173 3387 1240 Jesu,
3435 1182 3492 1230 et

1922 1259 2071 1314 audit
2097 1273 2378 1327 sermones
2403 1261 2539 1330 ejus.
2581 1261 2794 1316 Etenim
2839 1277 2936 1329 per
2987 1261 3150 1330 pedes
3185 1262 3494 1331 intelligunt

1923 1349 2172 1405 virtutem
2193 1352 2515 1420 practicam;
2551 1363 2752 1406 motum
2776 1353 2918 1406 enim
2942 1362 2992 1407 et
3016 1354 3286 1409 incessum
3309 1363 3495 1409 osten-

1921 1436 2076 1491 dunt.
2111 1437 2283 1492 Porro
2316 1426 2516 1504 sessio,
2539 1437 2814 1494 firmitatis
2859 1439 3163 1511 symbolum
3199 1447 3305 1496 est.
3337 1441 3496 1507 Quis

1923 1529 2044 1597 quis
2077 1529 2242 1598 igitur
2271 1530 2477 1585 sederit
2508 1529 2658 1600 juxta
2693 1530 2854 1598 pedes
2880 1529 3034 1593 Jesu.
3061 1541 3115 1586 et
3141 1533 3496 1586 conﬁrmatus

1923 1617 2092 1674 fuerit.
2119 1619 2170 1674 in
2192 1620 2452 1689 practica,
2479 1637 2541 1674 ac
2572 1621 2815 1676 imitatur
2844 1621 3006 1675 vitam
3040 1631 3094 1676 et
3129 1623 3499 1677 conversatio-

1923 1727 2046 1766 nem
2086 1711 2235 1781 Jesn,
2273 1714 2364 1771 ille
2400 1723 2586 1784 postea
2629 1714 2776 1768 venit
2805 1715 2870 1768 ad
2910 1709 3157 1768 auditum
3191 1715 3493 1769 divinorum

1925 1815 2259 1868 sermonum,
2321 1801 2573 1858 videlicet
2628 1801 3144 1871 contemplationem
3203 1818 3218 1856 :
3271 1803 3397 1874 quia
3441 1813 3496 1857 et

249 1887 554 1956 πρακτικῇ,
595 1887 689 1940 καὶ
722 1887 820 1956 τήν
849 1889 944 1942 τοῦ
996 1889 1171 1961 Ἰησοῦ
1214 1875 1442 1962 πορείαν
1482 1895 1575 1948 καὶ
1621 1875 1824 1964 διαγωέ

1934 1875 2093 1947 Maria
2127 1895 2356 1962 primum
2417 1895 2592 1959 sedet,
2635 1895 2831 1950 deinde
2865 1895 3016 1949 audit
3070 1911 3371 1952 sermones.
3418 1895 3497 1951 Tn

249 1975 354 2046 γὴν
380 1979 764 2050 μιμησάμενος
795 1980 855 2033 ἐν
892 1979 1068 2054 ταύτῃ
1098 1984 1398 2054 στερεωθῇ,
1439 1986 1649 2049 ἐκεῖνος
1679 1987 1820 2056 μετὰ

249 2067 425 2122 ταῦτα
449 2068 640 2138 φθάνει
665 2071 744 2134 είς
769 2071 868 2142 τὴν
898 2072 1068 2145 ἀκοὴν
1093 2074 1201 2127 τῶν
1229 2074 1386 2129 θείων
1409 2075 1628 2146 λογίων,
1652 2079 1825 2150 ’ήγουν

249 2159 351 2230 τὴν
388 2160 643 2232 θεωρίαν.
683 2165 838 2218 Ἐπεὶ
874 2167 971 2219 καὶ
1003 2168 1250 2239 ήΜαρία
1278 2169 1497 2239 πρῶτον
1525 2171 1822 2239 καθίσασα,

251 2242 354 2309 εἶδ’
378 2247 550 2322 odia;
579 2251 877 2328 ﬁmuaﬁw
904 2253 1098 2323 λόγων.
1126 2257 1198 2310 Σὺ
1225 2258 1426 2326 τοίνυν,
1454 2259 1516 2314 ‘el
1539 2261 1638 2332 μὲν
1663 2259 1825 2316 δύνα-

253 2363 366 2413 σαι,
392 2351 470 2413 είς
496 2350 594 2420 τήν
620 2352 718 2420 τῆς
740 2353 959 2422 Μαρίας
987 2353 1142 2420 τάξιν
1172 2352 1428 2422 ἀνάϐηθι,
1458 2353 1625 2426 κυρία
1673 2371 1827 2424 γενος

254 2441 396 2510 μένη
430 2441 536 2494 τῶν
576 2442 788 2510 παθῶν,
843 2447 938 2498 καὶ
966 2445 1048 2508 είς
1094 2444 1330 2515 θεωρίαν
1362 2445 1638 2514 φθάσασα.
1675 2447 1738 2500 El
1767 2445 1826 2500 δὲ

256 2531 332 2602 μὴ
361 2531 518 2585 τοῦτό
567 2549 650 2586 σοι
681 2533 927 2602 δυνατὸν,
976 2535 1178 2607 Μάρθα
1220 2535 1401 2604 γενοῦ,
1425 2534 1501 2606 τῷ
1540 2536 1828 2608 πρακτικῴ

257 2625 417 2695 μέρει
447 2625 850 2696 προσκειμένη,
887 2627 983 2680 καὶ
1010 2627 1100 2682 διὰ
1131 2627 1324 2682 τούτου
1355 2628 1596 2700 Χριστὸν
1627 2630 1826 2684 ὑποδε-

252 2717 484 2787 χομένη.
519 2717 661 2789 Ὀρα
677 2716 733 2771 δὲ
759 2717 854 2772 καὶ
873 2719 952 2785 τὸ,
987 2737 1006 2772 ι
1050 2719 1176 2791 ἥτις
1236 2719 1338 2774 οὐκ
1391 2720 1827 2792 ἀφαιρεθήσεται

255 2811 355 2864 ἀπ’
387 2810 578 2881 αὐτῆς.
627 2830 648 2864 ι
687 2811 745 2866 '0
778 2811 880 2883 μὲν
904 2811 1015 2883 γάρ
1059 2813 1364 2884 πρακτικὸς
1388 2812 1500 2882 ἔχει
1531 2814 1560 2867 ὂ
1593 2814 1828 2886 ἀφαιρε-

255 2905 486 2975 θήσεται
507 2905 603 2959 ἀπ’
641 2904 830 2971 αὐτοῦ,
857 2905 1160 2971 τουτέστιν,
1184 2906 1317 2960 αὐτὸ
1341 2905 1503 2960 τοῦτο
1533 2903 1632 2976 τὴν
1660 2905 1830 2976 ἀσχο-

251 2996 399 3060 λίαν,
457 2997 552 3050 καὶ
599 2997 694 3052 τὸν
741 2997 1125 3070 περισπασμόν
1157 3013 1175 3031 ο
1208 2997 1539 3069 προκόπτων
1585 2997 1694 3068 γὰρ
1732 2999 1830 3056 καὶ

252 3088 478 3157 φθάνων
501 3091 581 3153 εἰς
608 3089 860 3162 θεωρίαν,
892 3091 986 3145 τοῦ
1021 3091 1412 3164 περισπασμοῦ
1442 3091 1536 3146 καὶ
1561 3091 1658 3162 τῆς
1693 3091 1829 3162 τύρ-

252 3182 360 3248 6ης
407 3179 814 3254 ἐλευθεροῦταιο
847 3181 991 3238 ὥστε
1037 3183 1351 3256 ἀφαιρεῖταί
1392 3201 1444 3237 τι
1483 3185 1577 3237 ἀπ’
1632 3182 1822 3238 αὐτοῦ.

1927 1987 2091 2057 igitur
2118 1987 2161 2041 si
2198 1985 2416 2057 quidem
2446 1996 2620 2055 potes,
2658 1986 2709 2040 in
2752 1986 2998 2040 ordinem
3025 1985 3207 2040 Mariae
3244 1988 3496 2050 ascende.

1926 2087 1981 2130 et
2011 2077 2108 2132 tias
2136 2075 2353 2131 domina
2390 2076 2757 2144 alfectionum,
2787 2085 2842 2132 et
2882 2079 2948 2132 ad
2988 2078 3496 2148 contemplationem

1929 2169 2170 2222 veniens.
2203 2170 2272 2223 At
2301 2169 2344 2223 si
2383 2169 2484 2224 hoc
2514 2169 2608 2223 tibi
2642 2184 2748 2223 non
2785 2167 2949 2223 fuerit
2971 2170 3244 2240 possibile,
3287 2169 3497 2224 Martha

1928 2269 2064 2326 esto,
2098 2261 2353 2330 practicrc
2387 2263 2523 2331 parti
2558 2260 2832 2324 addictus,
2865 2271 2917 2314 et
2940 2275 3036 2329 per
3081 2259 3184 2316 hoc
3223 2261 3498 2317 Christum

1928 2353 2250 2422 suscipiens.
2288 2350 2423 2407 Vide
2447 2361 2624 2406 autem
2656 2351 2758 2406 hoc
2791 2370 2804 2406 :
2843 2370 2861 2404 ι
2901 2350 3032 2418 Quae
3063 2367 3167 2407 non
3221 2351 3498 2407 auferetur

1929 2445 1996 2500 ab
2027 2460 2112 2502 ea.
2158 2464 2177 2497 ι
2214 2444 2497 2500 Practicus
2529 2445 2671 2498 enim
2706 2445 2871 2498 habet
2910 2443 3054 2513 quod
3094 2460 3123 2498 a
3173 2458 3232 2498 se
3286 2444 3502 2498 aufera-

1931 2547 2040 2604 tur,
2073 2538 2176 2592 hoc
2203 2545 2306 2602 est,
2339 2535 2747 2590 distractionem
2770 2544 2822 2588 et
2845 2534 3251 2601 occupationem
3283 2551 3297 2590 :
3327 2535 3492 2604 protl-

1931 2630 2122 2686 cieudo
2148 2629 2290 2685 enim
2319 2627 2555 2682 venit'ad
2583 2627 3112 2697 contemplationem,
3133 2626 3504 2696 liberaturque

1932 2739 1960 2776 a
1998 2722 2301 2778 turbatione
2331 2729 2384 2776 et
2425 2719 2799 2784 distractione,
2825 2727 2876 2772 et
2897 2719 2968 2773 ita
2997 2718 3275 2773 auferetur
3295 2719 3502 2788 aliquid

1931 2815 2000 2870 ab
2026 2830 2111 2870 eo.
2143 2811 2555 2882 Contemplator
2606 2826 2736 2867 vero
2789 2826 2896 2866 non
2948 2810 3190 2881 privatur
3220 2812 3325 2866 hac
3364 2811 3504 2866 bona

1933 2915 2107 2976 parte,
2137 2904 2594 2975 contemplatione
2619 2902 2852 2959 scilicet.
2892 2901 2949 2956 ln
2980 2898 3122 2973 quod
3152 2902 3300 2958 enim
3326 2903 3503 2973 majus

1932 2999 2079 3054 aliud
2117 2997 2422 3069 proficeret,
2463 2997 2556 3053 ubi
2587 2997 2642 3052 in
2685 2997 2786 3052 hoc
2829 2996 3040 3051 venerit
3079 2994 3381 3066 fastigium,
3422 2996 3505 3050 di-

1933 3091 2110 3145 vinam
2146 3091 2266 3146 dico
2323 3089 2612 3153 visionem,
2649 3089 2700 3143 id
2731 3087 2876 3158 quod
2938 3096 3021 3142 est
3067 3087 3352 3143 deiﬁcari?
3397 3085 3503 3154 Qui

1933 3181 2074 3237 enim
2102 3181 2195 3237 Dei
2214 3181 2481 3236 visionem
2515 3178 2679 3251 353
2736 3179 3068 3248 assequitur,
3121 3178 3262 3235 Deus
3305 3178 3385 3234 ﬁt.
3421 3178 3509 3235 Si-

349 3271 408 3326 δὲ
463 3271 796 3346 θεωρητικὸς
841 3274 903 3328 οὐ
955 3275 1229 3346 στερεῖταί
1279 3291 1413 3330 ποτε·
1460 3275 1561 3346 τῆς
1609 3275 1821 3347 ἀγαθῆς

1934 3274 2057 3330 mile
2082 3275 2222 3330 enim
2250 3273 2411 3329 simili
2448 3271 2943 3342 comprehenditur.

249 3366 460 3439 ταύτης
485 3367 721 3440 μερίδος,
752 3369 899 3438 λέγω
917 3368 982 3442 δὴ
1003 3369 1104 3442 τῆς
1126 3368 1384 3441 θεωρίας.
1414 3367 1510 3433 El;
1537 3368 1646 3441 γὰρ
1677 3371 1830 3430 ποῖον
1868 3367 1999 3424 ἄλλο
2040 3366 2224 3439 μεῖζον
2257 3365 2546 3436 προκόψει,
2615 3364 2829 3435 φθάσας
2897 3364 2977 3429 είς
3020 3363 3154 3419 αὐτὸ
3179 3365 3242 3419 τὸ
3261 3364 3504 3438 ἀκρότα-

249 3478 370 3528 τον,
402 3461 546 3531 λέγω
567 3462 631 3534 δὴ
656 3463 716 3517 τὸ
753 3463 886 3517 Θεὸν
914 3463 1154 3534 βλέπειν,
1184 3464 1324 3535 ὅπερ
1363 3462 1500 3517 ἐστι
1551 3460 1964 3533 θεουργεῖσθαι;
2005 3458 2066 3516 Ὀ
2099 3460 2208 3530 γὰρ
2276 3458 2409 3514 Θεὸν
2478 3457 2700 3529 βλέπειν
2760 3454 3010 3524 ἀξιωθεὶς
3035 3497 3051 3525 ,
3105 3457 3226 3524 θεὸς
3251 3460 3500 3528 γίνεταιο

251 3556 348 3628 Τῷ
378 3558 549 3630 ὁμοίῳ
571 3557 682 3630 γὰρ
703 3558 765 3614 τὸ
795 3559 977 3631 ὅμοιον
1000 3558 1505 3631 καταλαμϐάνεται.

854 3701 1106 3759 ΚΕΦΔΛ.
1131 3701 1252 3762 IA'-

255 3810 402 3880 Περὶ
453 3811 826 3885 προσευχῆς.
869 3813 1008 3885 Περὶ
1063 3812 1186 3885 τοῦ,
1224 3815 1476 3882 ἔχοντος
1523 3813 1834 3885 δαιμόνιον

329 3882 552 3956 κωφόν.
581 3882 863 3956 Περὶ-τῆς
884 3883 994 3956 ea
1013 3883 1119 3938 τοῦ
1155 3883 1346 3953 ὄχλου
1368 3882 1687 3956 ἐπαράσὴς
1714 3903 1834 3956 φω-

327 3952 469 4020 νήν.
500 3953 640 4021 Περὶ
687 3952 806 4025 τῶν
833 3954 1160 4025 αίτορνῖτων
1192 3952 1476 4025 σημεῖον.
1530 3952 1672 4025 Περὶ
1715 3952 1832 4011 ῖτοῦ

326 4025 655 4095 Φαρισαίου
685 4023 792 4078 τοῦ
815 4022 1354 4095 ,κανζέσαντοςᾲτὸν
1385 4022 1656 4095 Ἰησοῦῶκ
1687 4026 1832 4095 Περὶ

327 4091 437 4147 τοῦ
465 4093 841 4164 ταλανισμοῦ
874 4091 994 4148 τῶν
1020 4093 1306 4165 νομικῶν.

333 4225 354 4258 ι
388 4205 501 4261 Καὶ
551 4206 790 4275 ἐγένετο,
835 4207 896 4261 ὲν
936 4206 1017 4279 τῷ
1059 4201 1199 4262 εἶναι
1241 4207 1408 4264 αὐτὸν
1446 4209 1504 4264 ὲν
1541 4206 1692 4280 τόπῳ
1722 4208 1833 4263 τινὶΙ

254 4299 693 4370 προσευχόμενον
717 4337 732 4364 ,
761 4297 836 4362 ὼς
863 4299 1176 4367 ἐπαύσατο,
1215 4293 1340 4353 εἶπέ
1381 4317 1464 4364 τις
1511 4299 1622 4354 τῶν
1653 4299 1835 4372 μαθη-

251 4391 366 4446 τῶν
395 4389 558 4446 αὐτοῦ
580 4391 716 4461 πρὸς
747 4390 908 4446 αὐτόν
934 4406 949 4423 ο
973 4389 1174 4462 Κύριε,
1193 4389 1404 4457 δίδαξον
1425 4392 1573 4463 ἡμᾶς
1599 4391 1835 4462 προσεύ-

2492 3698 2774 3772 ,οΑΡυτ
2819 3697 2910 3753 XL

1932 3807 2010 3864 De
2043 3810 2300 3864 oratione.
2331 3809 2404 3863 De
2429 3824 2489 3863 eo
2524 3810 2614 3880 qui
2636 3810 2859 3864 habebat
2911 3795 3506 3880 damoniumjurdunt.

2007 3880 2079 3933 De
2106 3880 2320 3934 muliere
2347 3894 2464 3946 qua:
2493 3875 2663 3933 vocem
2695 3881 2758 3933 de
2786 3881 2940 3932 turba
2983 3877 3192 3935 extulit.
3224 3875 3302 3929 De
3316 3886 3510 3946 petena

2006 3950 2143 4004 tibus
2171 3945 2400 4019 signum.
2440 3947 2515 4002 De
2565 3947 2840 4003 Pharist
2886 3947 3258 4017 interpellante
3296 3945 3504 4001 letum.

2004 4019 2082 4075 De
2115 4021 2332 4075 miseria
2355 4019 2796 4089 leglsperilorum.

2007 4205 2168 4263 Vens.
2197 4206 2315 4262 1-4.
2354 4223 2374 4257 ι
2407 4202 2474 4259 Ει
2504 4203 2704 4259 factum
2733 4209 2818 4258 est
2866 4214 2990 4256 cum
3035 4210 3220 4255 oraret
3257 4198 3493 4268 quodam

1933 4300 1988 4357 in
2017 4301 2156 4368 loco,
2211 4308 2271 4354 ut
2293 4297 2552 4361 cessavit,
2583 4294 2719 4349 dixit
2744 4292 2962 4363 quidam
2991 4306 3055 4346 ex
3087 4290 3368 4361 discipulis
3392 4288 3508 4358 ejus

1932 4392 1999 4448 ad
2030 4404 2152 4447 eum
2190 4389 2488 4453 :Domine,
2513 4387 2650 4442 doce
2688 4399 2786 4440 nos
2836 4397 3028 4449 orare,
3083 4383 3227 4437 sicut
3269 4378 3507 4436 Joannes

253 4483 468 4556 χεσθαι,
505 4483 684 4547 καθὼς
725 4483 821 4538 καὶ
874 4484 1129 4554 Ἰωάννης
1159 4482 1368 4548 ἐδίδαξε
1423 4483 1547 4544 τοὺς
1583 4483 1824 4554 μαθητὰς

1934 4483 2117 4539 docuit
2146 4482 2443 4552 discipulos
2473 4492 2621 4534 suos.
2654 4476 2717 4530 Et
2745 4476 2820 4530 ait
2847 4475 2953 4530 illis
2987 4493 3000 4530 :
3039 4476 3172 4529 Cum
3204 4473 3394 4538 oratis,
3425 4471 3507 4528 di-

253 4553 606 4648 abtoi.__Eltte
636 4575 693 4628 δὲ
715 4575 898 4638 αὐτοῖς
921 4592 934 4605 ·
967 4553 1136 4628 Ὅταν
1163 4571 1560 4643 προσεύχησθε,
1595 4553 1784 4640 λέγετε
1810 4585 1824 4602 ·

1934 4575 2040 4631 cite
2074 4593 2088 4628 :
2123 4571 2284 4628 Pater
2314 4581 2518 4637 noster,
2565 4568 2656 4639 qui
2705 4581 2764 4623 es
2812 4566 2866 4619 iu
2908 4563 3095 4629 caelis,
3135 4561 3506 4617 sanctificetur

253 4667 441 4738 Πάτερ
459 4667 639 4738 ήμῶν,
665 4667 694 4720 ὁ
720 4668 778 4721 ὲν
801 4668 915 4730 τοῖς
935 4666 1207 4736 οὐρανοῖς,
1227 4663 1545 4734 ἁγιασθήτω
1575 4663 1637 4716 τὸ
1660 4663 1831 4734 ὄνομά

256 4778 379 4826 σον,
417 4759 619 4813 ἐλθέτω
655 4760 690 4831 ἡ
736 4758 986 4830 βασιλεία
1017 4775 1132 4824 σου,
1163 4757 1451 4827 γενηθήτω
1501 4754 1563 4808 τὸ
1615 4755 1830 4825 θέλημά

256 4873 376 4917 σου,
411 4855 487 4918 ὡς
539 4855 597 4906 ὲν
643 4852 878 4924 οὐρανῷ,
936 4852 1032 4906 καὶ
1085 4852 1178 4905 ἐπὶ
1211 4851 1311 4921 τῆς
1367 4851 1489 4920 γῆς,
1539 4849 1631 4903 τὸν
1662 4848 1828 4920 ἄρτον

255 4949 288 5016 ή
299 4945 416 5016 μῶν
441 4945 534 4999 τὸν
561 4944 840 4997 ἐπιούσιον
870 4943 1010 4996 δίδου
1041 4943 1174 5012 ἡμῖν
1205 4941 1266 4994 τὸ
1296 4940 1419 4994 καθ’
1457 4939 1696 5010 ἡμέραν,
1729 4939 1828 4992 καὶ

250 5036 392 5105 ἄφες
415 5036 545 5107 ἡμῖν
566 5035 665 5099 τὰς
681 5035 955 5106 ἁμαρτίας
975 5033 1158 5104 ήμῶν,
1181 5032 1276 5086 καὶ
1294 5031 1402 5103 γὰρ
1420 5032 1572 5084 αὐτοὶ
1595 5032 1828 5101 ἀφίεμεν

254 5129 422 5183 παντὶ
465 5127 915 5197 ὀφείλοντιήμίν,
958 5128 1055 5180 καὶ
1103 5125 1179 5196 μὴ
1210 5123 1527 5196 εἰσενέγκῃς
1554 5123 1704 5194 ἡμᾶς
1746 5123 1829 5186 εἰς

252 5221 585 5294 πειρασμὸν,
640 5221 779 5274 ἀλλά
825 5221 987 5291 ῥῦσαι
1033 5220 1181 5290 ἡμᾶς
1217 5217 1327 5272 ἀπὸ
1363 5217 1458 5270 τοῦ
1490 5215 1749 5286 πονηροῦ.
1803 5233 1822 5267 ι

253 5317 472 5386 Ζηλοῖό
499 5314 748 5386 μαθητὴς
781 5312 1019 5385 Χριστοῦ
1075 5313 1204 5374 τοὺς
1261 5309 1510 5381 μαθητὰς
1554 5307 1826 5374 Ἰωάννου,

250 5409 332 5460 διδ
367 5409 461 5461 καὶ
501 5408 654 5475 ζητεῖ
681 5405 996 5476 διδαχθῆναι
1020 5405 1220 5472 τρόπον
1243 5404 1576 5474 προσευχῆς.
1619 5399 1677 5453 Ὀ
1696 5399 1829 5468 γοῦν

253 5499 458 5570 Σωτήρ
497 5499 760 5563 διδάσκει,
798 5499 871 5568 μὴ
905 5497 1303 5567 παρωσάμενος
1351 5494 1450 5564 τὴν
1474 5492 1698 5557 ἀξίωσιν
1731 5490 1826 5546 τοῦ

255 5592 530 5663 μαθητοῦ.
571 5593 754 5661 Πάτερ
794 5591 975 5662 ἡμῶν,
1009 5591 1195 5660 φησὶν,
1231 5591 1260 5642 ὁ
1289 5589 1348 5642 ὲν
1387 5589 1501 5650 τοῖς
1552 5586 1824 5656 οὐρανοῖς.

237 5684 401 5754 -Ὃρα
423 5683 521 5750 τὴν
559 5685 657 5750 τῆς
687 5683 851 5750 εὐχῆς
878 5681 1134 5751 δύναμιν.
1169 5679 1345 5743 Εὐθὺς
1379 5678 1492 5734 ἄνω
1517 5695 1576 5731 σε
1601 5677 1821 5745 ἀνάγει,

257 5778 352 5828 καὶ
382 5775 560 5829 πείθει
588 5793 669 5842 σε,
701 5775 888 5844 ἐπειδὴ
943 5775 1229 5843 ὀνομάζεις
1283 5772 1495 5840 πατέρα
1535 5771 1626 5823 τὸν
1672 5769 1824 5834 Θεὸν,

257 5870 334 5936 μὴ
364 5869 535 5927 πάντη
561 5868 657 5929 τῆς
683 5867 998 5928 ὁμοιότητος
1031 5862 1418 5920 ἀπολείπεσθαι
1446 5903 1459 5924 ,
1488 5860 1620 5915 ἀλλὰ
1658 5877 1825 5913 σπου·

1934 4679 2134 4721 nomen
2192 4673 2374 4729 tuum;
2407 4663 2589 4716 veniat
2635 4674 2860 4729 regnum
2915 4667 3095 4721 tuum;
3131 4655 3224 4708 fiat
3258 4651 3506 4707 voluntas

1936 4767 2046 4821 tua,
2079 4752 2532 4824 quemadmodum
2566 4752 2622 4804 in
2673 4749 2834 4813 cmlo,
2895 4751 2974 4803 sic
3006 4747 3168 4800 etiam
3209 4745 3262 4799 in
3315 4752 3503 4811 terra;

1933 4861 2128 4917 panem
2163 4853 2405 4899 nostrum
2436 4839 2814 4912 quotidianum
2839 4838 2903 4893 da
2938 4838 3092 4892 nobis
3119 4834 3360 4905 quotidie
3392 4849 3407 4900 ;
3449 4843 3508 4889 et

1936 4939 2172 4994 remitte.
2194 4936 2351 4992 nobis
2383 4944 2607 5004 peccata
2644 4940 2850 4997 nostra,
2898 4929 3166 5000 siquidem
3209 4936 3262 4982 et
3291 4939 3390 4982 nos
3420 4940 3507 4980 re-

1935 5029 2203 5086 mittimus
2243 5028 2390 5084 omni
2440 5026 2656 5082 debenti
2703 5022 2878 5078 nobis.
2919 5021 2982 5075 Et
3024 5035 3091 5075 ne
3149 5034 3246 5074 nos
3281 5018 3505 5072 inducas

1938 5125 1993 5179 in
2025 5121 2402 5184 tentationem,
2426 5119 2519 5175 sed
2553 5117 2723 5172 libera
2760 5129 2857 5169 nos
2914 5129 2944 5167 a
2985 5110 3145 5165 malo.
3181 5127 3200 5163 ι
3257 5108 3505 5164 Imitatur

1932 5216 2232 5284 discipulus
2261 5213 2464 5268 Christi
2514 5207 2808 5279 discipulos
2845 5204 3072 5261 Joannis
3129 5220 3144 5258 :
3204 5201 3407 5258 idcirco
3444 5211 3500 5257 et

1938 5309 2131 5378 quaerit
2157 5308 2500 5367 uttloceatur
2531 5301 2752 5356 modum
2801 5297 3084 5353 orationis.
3126 5294 3379 5351 Salvator
3407 5309 3503 5348 au-

1940 5409 2072 5462 tem,
2107 5412 2212 5452 non
2250 5394 2458 5464 repulsa
2485 5388 2734 5459 discipuli
2765 5402 2948 5457 prece,
2988 5388 3142 5441 docet
3174 5403 3187 5440 :
3219 5385 3380 5440 Pater
3405 5399 3504 5440 no-

1931 5497 2068 5551 ster,
2102 5487 2298 5556 inquit,
2335 5483 2426 5552 qui
2472 5495 2531 5536 es
2562 5480 2615 5534 in
2642 5477 2814 5534 ctelis.
2854 5476 2987 5532 Vide
3043 5475 3308 5531 orationis
3368 5473 3500 5527 vim.

1936 5578 2130 5635 Statim
2153 5591 2365 5632 sursum
2389 5585 2441 5630 te
2465 5574 2613 5628 ducit
2637 5612 2650 5638 ,
2675 5570 2880 5641 tibique
2909 5568 3217 5640 persuadet,
3245 5565 3500 5636 quoniam

1934 5672 2184 5726 nominas
2227 5668 2396 5724 Deum
2450 5677 2700 5738 patrem,
2753 5677 2823 5718 ne
2871 5664 3094 5718 omnino
3144 5657 3500 5714 similitudine
