3896 6452
421 341 529 405 855

1298 334 1878 401 THEOPHYLACTI
1921 331 2332 395 BULGARIIE
2367 324 2726 397 ABCHIEP.

3534 318 3650 386 .856

426 450 788 513 ἰιιιιρτιιὶιειίε
847 463 1090 506 amorem
1123 455 1176 504 te
1219 449 1533 513 cohortatus,
1573 457 1630 504 et
1671 445 2001 515 compellens

2110 443 2288 508 δάζειν
2306 440 2445 514 πρὸς
2474 438 2562 494 τὸν
2595 434 2817 508 Πατέρα
2838 431 3237 504 ἐξομοιοῦσθαι.
3282 431 3404 486 Ούκ
3439 422 3557 494 εἶπε
3588 433 3655 500 δέ,

425 555 616 592 omnes
652 536 877 605 diligere
926 545 1184 604 tauquam
1222 548 1542 589 communes
1567 534 1787 588 fratres.
1829 530 1998 587 Porro

428 648 548 685 c-nzu
582 629 736 691 dixit,
776 628 828 683 in
859 625 1034 692 caelis,
1083 640 1190 681 non
1234 625 1398 681 Deum
1433 625 1542 681 illic
1574 624 1998 690 circumscribit,

428 724 518 773 sed
559 720 859 775 auditorem
889 719 947 773 iu
993 715 1158 780 caelos
1185 716 1458 783 subvehit,
1489 726 1545 773 et
1578 730 1609 771 a
1640 715 1874 771 terrenis
1901 716 2000 773 ub-

429 814 596 879 ducit.
631 811 1015 869 Sanctilicetur
1040 825 1169 867 vero
1194 824 1393 866 nomen
1426 818 1601 877 tuum,
1637 825 1738 883 pro
1760 824 1833 864 eo
1859 807 2002 879 quod

429 915 536 968 est,
568 902 923 974 glorilicetur,
956 901 1059 957 hoc
1086 910 1190 965 est,
1215 901 1300 957 fac
1321 900 1484 955 vitam
1513 911 1752 957 uestram
1778 902 1831 955 in
1856 908 1999 956 tuam

396 978 554 1050 'esse
591 994 839 1066 gloriam.
871 992 1008 1049 Nam
1040 994 1183 1050 sicut
1208 1007 1402 1049 nomen
1440 992 1533 1050 Dei
1572 1002 1792 1063 prepter
1826 993 2000 1051 malos

433 1086 860 1156 blasphematur,
911 1085 984 1140 ita
1025 1096 1248 1156 propter
1315 1100 1410 1142 eos
1465 1086 1555 1157 qui
1591 1085 1787 1141 bonam
1835 1094 2003 1158 agunt

432 1178 599 1232 vitam
631 1177 986 1247 gloriﬁcatur.
1020 1175 1212 1231 Veniat
1241 1192 1463 1249 regnum
1502 1188 1675 1233 tuum.
1704 1176 1876 1233 Malus
1907 1180 2002 1234 de-

416 1279 688 1343 precatur
723 1284 944 1339 regnum
990 1267 1108 1333 Dei,
1157 1269 1349 1325 nolens
1380 1270 1509 1325 illud
1558 1272 1742 1327 venire
1782 1284 2002 1343 propter

432 1359 636 1431 judicia
688 1375 809 1431 qua:
864 1361 974 1416 illic
1012 1368 1174 1415 erunt
1218 1379 1233 1416 :
1270 1361 1452 1432 justus
1479 1376 1607 1417 vero
1631 1371 1752 1417 orat
1784 1373 1841 1417 ut
1895 1364 2004 1420 cito

434 1450 639 1517 veniat,
676 1467 782 1523 quo
808 1467 839 1508 a
874 1452 1262 1509 teutationibus
1288 1468 1410 1522 quae
1449 1455 1539 1510 hic
1571 1466 1721 1521 sunt,
1745 1456 2003 1511 liberetur

433 1552 489 1597 ct
516 1542 779 1612 quiescat.
812 1542 935 1600 Fiat
966 1554 1144 1600 autem
1198 1544 1445 1603 voluntas
1499 1554 1614 1611 tua,
1644 1547 2003 1618 quemadmo-

437 1635 561 1689 dum
595 1635 651 1689 in
685 1636 824 1691 caelo
859 1635 927 1690 ab
960 1634 1186 1707 angelis,
1228 1637 1301 1692 ita
1342 1644 1397 1693 et
1421 1651 1454 1692 a
1488 1637 1647 1695 nobis
1692 1637 2004 1693 hominibus

434 1740 601 1797 super
630 1725 1062 1799 terram.Angeli
1092 1726 1235 1785 enim
1286 1729 1510 1785 omnino
1558 1726 1713 1796 juxta
1751 1729 2001 1785 volunta-

437 1794 542 1870 tem
570 1817 663 1872 Dei
697 1794 1014 1892 operantur.
1042 1816 1209 1875 Docet
1233 1834 1449 1890 quoque
1495 1794 1873 1890 quotidianum
1907 1838 2003 1892 pa-
2034 1794 2077 1851 Β

436 1922 558 1962 nem
591 1907 765 1963 solum
796 1909 1172 1979 quaerendum,
1212 1908 1317 1966 hoc
1346 1918 1451 1975 est,
1474 1924 1596 1966 eum
1630 1913 1720 1982 qui
1753 1912 2003 1970 substan-

435 2000 521 2054 tiae
551 2007 751 2056 nostrae.
772 2010 827 2056 et
850 2000 974 2057 vitae
1003 2001 1390 2058 conservandae
1414 2004 1670 2061 conducit
1707 2020 1722 2060 :
1767 2019 1875 2063 non
1913 2020 2005 2062 su-

435 2092 722 2160 perfluum,
756 2096 850 2149 sed
885 2098 1276 2152 necessarium.
1326 2094 1498 2152 Porro
1537 2111 1663 2155 nom
1687 2096 1897 2153 intrare
1946 2098 2005 2153 in

435 2187 783 2254 tentatloues,
817 2184 1219 2257 signiﬁcatnou
1270 2196 1476 2244 temere
1534 2188 1920 2259 prosilieudum
1950 2190 2001 2244 in

437 2278 783 2335 mutationes.
819 2277 1006 2349 Neque
1035 2279 1178 2339 enim
1208 2294 1368 2337 orare
1408 2279 1667 2341 debemus
1707 2279 1898 2346 Deum,
1948 2289 2007 2335 ut

436 2370 695 2429 immittat
725 2372 778 2425 in
803 2386 903 2426 nos
930 2372 1319 2439 tentationem,
1348 2373 1444 2429 sed
1482 2371 1833 2441 deprecanda).
1854 2382 2003 2438 sunt,

434 2470 491 2515 et
515 2460 564 2518 si
595 2460 752 2518 nobis
782 2461 1104 2530 acciderint,
1143 2462 1379 2518 ferenda:
1407 2463 1646 2519 fortiter.
1680 2463 1871 2520 Dicere
1902 2480 2003 2518 au-

392 2559 400 2566 ·
439 2569 544 2611 tem
573 2568 884 2627 possumus,
910 2555 1052 2626 quod
1097 2556 1206 2613 duo
1258 2557 1372 2612 sint
1400 2555 1566 2629 355
1592 2572 1790 2628 genera
1833 2567 2007 2612 tenta-

436 2648 666 2715 tinuum.
709 2646 842 2704 Alia:
877 2648 1021 2706 enim
1072 2657 1202 2706 sunt
1249 2650 1591 2717 voluntariw,
1644 2659 1703 2705 ut
1746 2650 2005 2715 ebrietas,

422 2740 809 2809 homicidium,
834 2740 1182 2808 adulterium,
1212 2742 1440 2814 aliaeque
1465 2741 1779 2801 all'eetioues
1811 2761 1825 2798 :
1859 2743 2008 2799 hisce

435 2834 581 2889 enim
617 2834 1005 2893 tentationibus
1049 2843 1241 2906 sponte
1271 2852 1370 2893 nos
1423 2837 1814 2895 submittimus.
1856 2838 2009 2895 luro-

436 2927 692 2982 luntarim
744 2942 872 2983 vero
920 2938 1068 2996 sunt,
1106 2928 1300 2998 quibus
1356 2930 1568 3000 tyranni
1609 2940 1665 2985 et
1714 2930 2005 2987 validiores

436 3032 537 3075 nos
566 3017 885 3085 subjiciunt.
927 3019 1096 3089 Igitur
1137 3036 1167 3075 a
1224 3020 1546 3079 voluntariis
1591 3023 2004 3089 tentationibus,

2107 533 2289 603 Πάτερ
2319 548 2451 602 μου,
2499 527 2639 584 ἀλλά
2673 526 2857 595 Πάτερ
2892 523 3076 594 ἡμῶν,
3100 526 3183 587 είς
3234 521 3578 595 amatum
3608 540 3657 577 σε

2102 625 2408 695 διεγείρων,
2459 623 2555 677 καὶ
2593 615 3028 688 καταναγκάζων
3066 616 3280 681 πάντας
3316 615 3558 687 ἀγαπᾷν,
3590 616 3659 681 ὡς

2104 717 2317 779 κοινοὺς
2346 712 2633 783 ἀδελφούς.
2696 712 2782 766 Ἐν
2828 711 2947 774 τοῖς
2997 709 3255 781 οὐρανοῖς
3300 708 3360 762 δέ
3398 706 3582 771 εἰπὼν,
3607 707 3659 760 ού

2104 806 2441 879 περιγράφει
2466 806 2585 859 ἐκεῖ
2614 804 2705 859 τὸν
2737 803 2895 868 Θεὸν,
2938 802 3072 857 ἀλλά
3110 802 3204 855 τὸν
3235 797 3519 870 ἀκροατὴν
3546 800 3663 855 ἀνά-

2104 918 2188 970 γει
2216 902 2298 965 εἰς
2335 898 2626 972 οὐρανοὺς,
2664 896 2756 950 καὶ
2804 897 3013 964 ἀπάγει
3072 893 3181 948 τῶν
3228 893 3458 963 γηΐνων.
3500 891 3664 959 Ἀγια-

2105 993 2286 1062 σθὴτω
2308 992 2368 1046 τὸ
2396 990 2569 1062 ὄνομά
2591 1006 2704 1054 σου,
2735 989 2858 1043 ἀντὶ
2896 987 3014 1052 τοῦ,
3040 984 3385 1056 δοξασθήτω,
3418 982 3662 1050 τουτέστι,

2104 1083 2328 1154 ποίησον
2357 1082 2515 1154 ἡμῶν
2544 1082 2635 1139 τὸν
2667 1079 2783 1151 βίον
2812 1080 2894 1143 είς
2934 1079 3094 1144 δόξαν
3136 1075 3279 1135 εἶναι
3311 1077 3439 1147 σήν.
3476 1076 3665 1147 Ὠσπερ

2105 1175 2215 1245 γὰρ
2242 1176 2301 1229 τὸ
2334 1173 2508 1245 ὄνομα
2534 1174 2631 1228 τοῦ
2665 1170 2803 1227 Θεοῦ
2832 1171 3240 1243 βλασφημεῖται
3286 1168 3378 1223 διὰ
3426 1168 3553 1231 τοὺς
3584 1184 3669 1221 ια·

2104 1269 2255 1333 κους,
2287 1265 2431 1320 οὕτω
2459 1264 2742 1331 δοξάζεται
2772 1264 2860 1319 διὰ
2888 1264 3012 1328 τοὺς
3041 1262 3249 1333 ἀγαθὸν
3291 1262 3411 1332 βίον
3440 1260 3665 1331 ἔχοντας.

2118 1358 2354 1413 Ἐλθέτω
2384 1360 2418 1430 ή
2458 1357 2707 1428 βασιλεία
2744 1375 2861 1411 σου.
2922 1356 2981 1412 ’0
3013 1357 3114 1427 μὲν
3150 1355 3484 1427 ἁμαρτωλὸς
3512 1353 3667 1409 ἀκεύ-
3760 1378 3770 1389 ο

2104 1450 2259 1523 χέται
2285 1453 2385 1523 τὴν
2411 1451 2692 1523 βασιλείαν
2714 1451 2811 1507 τοῦ
2836 1449 2998 1517 Θεοῦ,
3029 1450 3105 1522 μὴ
3126 1449 3460 1520 βουλόμενος
3480 1446 3669 1518 ταύτην

2103 1541 2300 1608 ἐλθεῖν,
2326 1543 2413 1597 διὰ
2438 1543 2507 1597 τά
2530 1544 2646 1597 ἐκεῖ
2664 1542 3045 1612 δικαιωτήρια.
3084 1540 3142 1595 '0
3159 1540 3217 1595 δὲ
3233 1539 3441 1602 δίκαιος
3462 1538 3667 1591 cohav-

2102 1634 2216 1687 τίον
2246 1634 2432 1705 τάχιον
2451 1633 2622 1705 αὐτὴν
2650 1633 2825 1688 ἐλθεῖν
2850 1632 3096 1705 εὔχεται,
3144 1633 3220 1696 ὼς
3254 1634 3323 1688 ἂν
3347 1630 3666 1700 ἀπαλλαγείς

2101 1726 2212 1780 τῶν
2233 1724 2469 1781 ἐνταῦθα
2504 1725 2898 1795 πειρατηρίων,
2927 1724 3332 1794 ἀναπαύσηται.
3356 1721 3665 1776 Γενέσθωδέ

2103 1819 2196 1875 καὶ
2211 1820 2272 1873 τὸ
2288 1817 2499 1890 θέλημά
2513 1834 2628 1882 σου,
2646 1818 2836 1889 ὥσπερ
2853 1821 2909 1873 ὲν
2930 1817 3147 1888 οὐρανῷ
3166 1819 3275 1871 ὑπὸ
3288 1817 3397 1871 τῶν
3406 1816 3664 1884 ἀγγέλων,

2103 1911 2247 1966 οὕτω
2269 1913 2365 1966 καὶ
2402 1911 2495 1981 ὑφ’
2518 1910 2677 1982 ἡμῶν
2697 1910 2807 1965 τῶν
2840 1908 3148 1980 ἀνθρώπων
3185 1909 3283 1963 ἐπὶ
3320 1909 3425 1978 τῆς
3458 1908 3580 1977 γῆς.
3601 1908 3655 1959 οι

2104 1990 2223 2072 γὰρ
2240 1999 2466 2069 ἄγγελοι
2497 2000 2700 2065 πάντες
2722 2001 2863 2055 κατά
2892 1998 3079 2054 τὸτοῦ
3105 1998 3243 2053 Θεοῦ
3263 1998 3480 2070 θέλημα
3502 1997 3660 2052 πάντα

2103 2091 2411 2163 ἐνεργοῦσι.
2445 2091 2700 2149 Διδάσκει
2745 2091 2804 2147 δὲ
2839 2091 2933 2145 τὸν
2974 2090 3250 2146 ἐπιούσιον
3280 2090 3447 2162 ἄρτον
3496 2089 3660 2162 ζητεῖν

2108 2185 2290 2256 μόνον,
2335 2186 2609 2249 τουτέστι,
2663 2185 2759 2241 τὸν
2809 2185 2905 2239 ἐπὶ
2947 2186 3013 2257 τῇ
3064 2185 3227 2257 οὐσία
3254 2184 3437 2255 ἡμῶν,
3481 2183 3573 2238 καὶ
3600 2187 3656 2255 τῇ

2109 2275 2369 2330 συστάσει
2398 2276 2497 2347 τῆς
2523 2276 2669 2345 ζωῆς
2696 2275 3140 2347 συμϐαλλόμενον
3160 2292 3174 2307 ·
3216 2278 3279 2330 ού
3308 2275 3402 2329 τὸν
3430 2275 3661 2346 περιττὸν

2106 2370 2348 2433 πάντως,
2382 2367 2519 2422 ἀλλά
2548 2368 2638 2425 τὸν
2662 2369 2979 2436 ἀναγκαῖον.
3007 2368 3049 2423 Τ
3053 2368 3082 2421 δ
3108 2368 3186 2430 δὲ,
3216 2367 3294 2437 μὴ
3314 2367 3570 2420 εἰσελθεῖν
3589 2368 3657 2428 εἰς

2107 2460 2437 2532 πειρασμὸν,
2466 2462 2529 2517 τὸ
2569 2461 2644 2533 μὴ
2674 2461 2950 2533 ἐπιπηδᾷν
2980 2463 3094 2524 τοῖς
3116 2462 3449 2531 πειρασμοῖς
3473 2461 3654 2531 σημαί-

2106 2571 2208 2609 νει.
2251 2554 2328 2609 Οὐ
2379 2554 2488 2624 γὰρ
2531 2555 2613 2608 δεῖ
2655 2555 2802 2626 ἡμᾶς
2849 2554 3194 2624 παρακαλεῖν
3252 2555 3347 2608 τὸν
3396 2554 3548 2616 Θεὸν,
3582 2542 3654 2607 ἵνα

2107 2650 2255 2719 ἡμᾶς
2279 2651 2361 2713 είς
2392 2651 2699 2720 πειρασμὸν
2747 2650 2996 2723 ἐμϐάλῃ,
3035 2650 3149 2704 ἀλλ’
3199 2648 3530 2720 ἀπεύχεσθαι
3571 2649 3656 2718 μὲν

2106 2744 2265 2801 τοῦτο
2297 2760 2313 2777 ο
2360 2745 2501 2797 ἐπάν
2546 2743 2603 2797 δὲ
2653 2742 2805 2816 ἔλθῃ,
2853 2742 3117 2812 γενναίως
3166 2743 3381 2813 φέρειν.
3437 2741 3653 2796 Ἔστιδὲ

2079 2839 2309 2905 .εἱπεῖν,
2341 2840 2424 2892 ὃτι
2452 2838 2636 2893 διττὸν
2663 2838 2725 2891 τὸ
2754 2834 2896 2902 εἶδος
2926 2838 3039 2891 τῶν
3073 2838 3421 2910 πειρασμῶν,
3480 2840 3539 2891 Οί
3569 2836 3653 2907 μὲν

2107 2933 2218 3003 γὰρ
2244 2932 2483 2987 ἑκούσιοι
2508 2949 2522 2963 ·
2555 2928 2669 2986 οἷον
2712 2934 2876 3003 μέθη,
2911 2937 3092 3002 φόνος,
3130 2934 3368 3005 μοιχεία,
3396 2933 3485 2988 καὶ
3508 2933 3652 2988 τᾶλλα

2086 3025 2260 3094 σπάθη
2281 3042 2297 3058 ο
2330 3026 2545 3088 τούτοις
2571 3025 2682 3096 γάρ
2711 3028 2826 3089 τοῖς
2854 3027 3182 3097 πειρασμοῖς
3214 3028 3437 3088 ἑκόντες
3456 3025 3655 3087 ἑαυτοὺς

436 3111 543 3179 hoc
589 3120 675 3171 est
702 3110 1106 3180 affectionibus,
1158 3111 1347 3184 fugere
1402 3130 1502 3171 nos
1554 3124 1790 3187 oportet,
1836 3128 1889 3173 et
1914 3133 2007 3172 eas

2112 3119 2560 3190 ὑπεμδάλλομεν.
2600 3116 2871 3172 ’Δκούσιοι
2902 3116 2964 3170 ’δὲ
3015 3118 3338 3190 πειρασμοὶ,
3384 3114 3464 3183 οἷς
3490 3120 3532 3172 οί
3570 3117 3651 3172 τύ-

439 3203 750 3273 deprecari,
781 3212 838 3260 et
870 3204 1075 3270 dicere,
1109 3202 1190 3261 Ne
1243 3205 1468 3263 inducas
1509 3220 1628 3272 nos,
1664 3207 1767 3262 hoc
1809 3216 1911 3273 est,
1946 3221 2007 3263 ne

2114 3224 2300 3278 ραννοι
2345 3208 2438 3261 καὶ
2472 3206 2638 3276 βίαιοι
2690 3207 2841 3278 ἡμᾶς
2872 3206 3290 3263 ὑποϐάλλουσιν.
3342 3210 3472 3263 Ἀπὸ
3500 3211 3650 3263 τοίνυν

410 3295 721 3367 permittas
746 3311 846 3359 nos
880 3297 1123 3355 incidere
1150 3297 1204 3353 in
1235 3297 1609 3367 tentatiouem,
1639 3297 1742 3356 hoc
1779 3308 1863 3354 est
1915 3313 2007 3353 vo-

2111 3300 2220 3355 τῶν
2266 3299 2531 3355 ἑκουσίων
2586 3300 2934 3372 πειρασμῶν,
2982 3300 3229 3354 τουτέστι
3292 3301 3404 3355 τῶν
3467 3300 3647 3365 παθῶν,

436 3386 729 3443 luntariam
754 3388 1132 3460 tentationem.
1168 3388 1277 3444 Sed
1309 3389 1478 3445 libera
1514 3404 1612 3445 uos
1660 3404 1688 3443 a
1728 3390 1890 3446 malo.
1917 3390 2007 3446 llic

2112 3392 2337 3462 φεύγειν
2370 3392 2453 3446 δεῖ
2485 3394 2654 3463 ἡμᾶς,
2687 3393 2785 3446 καὶ
2810 3392 3037 3453 τούτους
3073 3392 3432 3463 ἀπεύχεσθαι,
3469 3394 3554 3446 καὶ
3576 3393 3646 3445 λέσ

437 3484 581 3538 enim
613 3491 702 3538 est
738 3483 831 3553 qui
859 3491 915 3537 et
959 3482 1295 3540 voluntarias
1326 3491 1380 3537 et
1425 3482 1819 3538 involuutarias
1853 3483 2007 3539 infert

2111 3503 2251 3554 γειν,
2288 3486 2379 3555 Μὴ
2406 3486 2725 3556 εἰσενέγκῃς
2755 3485 2927 3555 ἡμᾶς,
2976 3486 3248 3550 τουτέστι,
3288 3485 3363 3555 μὴ
3393 3486 3646 3555 συγχωρή-

438 3575 792 3632 tentatioues.
844 3574 970 3631 Ideo
1025 3574 1117 3646 qui
1166 3574 1393 3630 tentaris
1428 3574 1498 3629 ab
1550 3575 1768 3630 homine
1820 3588 1873 3631 et
1904 3578 2006 3631 vim

2115 3593 2216 3648 σῃς
2250 3578 2394 3646 ἡμᾶς
2420 3578 2685 3644 ἐμπεσεῖν
2725 3578 2806 3639 εἰς
2833 3574 3164 3645 πειρασμὸν,
3204 3576 3374 3647 ἤγουν
3400 3577 3477 3639 είς
3504 3576 3649 3637 πάθος

436 3669 664 3736 pateris,
696 3683 762 3722 ne
794 3678 954 3738 putes
976 3667 1250 3723 hominem
1281 3680 1405 3723 esse
1436 3666 1533 3722 tibi
1561 3675 1839 3721 auctorem
1881 3678 2003 3720 teu-

2118 3669 2388 3734 ἑκούσιον,
2411 3669 2547 3722 ἀλλὰ
2589 3669 2751 3740 ῥῦσαι
2802 3670 2951 3740 ἡμᾶς
2980 3669 3085 3722 ἀπὸ
3112 3668 3206 3722 τοῦ
3235 3668 3486 3742 πονηροῦ.
3509 3662 3648 3728 Οὗτος

437 3752 681 3823 ultionis,
710 3759 805 3814 sed
835 3758 1150 3830 malignum.
1178 3758 1270 3813 Illo
1292 3759 1438 3814 enim
1466 3765 1548 3814 est
1574 3759 1667 3828 qui
1694 3757 1850 3812 fratri
1886 3775 2006 3832 per-

2115 3762 2223 3832 γάρ
2265 3764 2383 3815 ἐστι
2426 3761 2519 3815 καὶ
2563 3763 2691 3825 τοὺς
2726 3760 3015 3824 ἀκουσίους
3065 3763 3162 3815 καὶ
3220 3761 3349 3824 τοὺς
3403 3759 3648 3821 ἐκουσῖους

437 3851 631 3908 suadet
656 3860 714 3907 ut
746 3850 797 3906 in
833 3861 885 3907 te
905 3852 1090 3907 serviat
1112 3860 1166 3907 et
1199 3851 1458 3907 insaniat.

2113 3850 2456 3923 πειραομοῦς
2484 3852 2727 3921 ἐπάγων.
2769 3852 2861 3905 Διὸ
2893 3850 2969 3923 μὴ
2998 3851 3267 3914 ἀκουσίως
3292 3850 3647 3922 πειραζόμενος

410 3938 542 3997 ’ὑπὸ
566 3942 874 4016 ἀνθρώπου,
901 3943 1089 4014 νόμιζε
1111 3941 1203 3997 τὸν
1227 3941 1519 4014 ἄνθρωπον
1545 3937 1688 4019 εἶναί
1726 3961 1808 3999 σοι
1870 3945 2046 4001 αἴτιον
2084 3943 2180 3998 τοῦ
2258 3943 2591 4014 πειρασμοῦ,
2625 3942 2764 3998 ἀλλά
2817 3942 2911 4003 τὸν
2968 3942 3225 4014 πονηρόν.
3286 3944 3511 4007 Ἐκεῖνος
3558 3942 3648 4011 γάρ

437 4036 857 4092 ἐστινδπείθων
880 4036 970 4090 τὸν
1002 4035 1289 4108 ἄνθρωπον
1328 4035 1470 4090 κατά
1519 4036 1616 4092 σοῦ
1658 4037 1859 4110 λυττᾷν
1906 4042 2002 4092 καὶ
2045 4038 2356 4110 μαίνεσθαι.

426 4186 431 4197 ,
512 4130 674 4187 Vsus.
702 4130 828 4187 5-8.
867 4148 886 4181 ι
922 4131 988 4186 Et
1010 4133 1086 4185 ait
1119 4131 1225 4184 illis
1256 4146 1270 4183 :
1332 4129 1464 4197 Quis
1509 4140 1750 4188 vestrum
1785 4133 2006 4188 habebit

438 4223 703 4286 amicum.
735 4232 791 4279 et
813 4224 911 4278 ibit
942 4224 1007 4277 ad
1037 4222 1181 4277 illum
1218 4225 1390 4277 media
1426 4234 1604 4291 nocte,
1630 4233 1685 4281 et
1717 4226 1859 4282 (licet
1885 4226 1959 4280 illi
1991 4245 2005 4280 ι

437 4321 484 4373 A
507 4319 651 4383 uice,
681 4316 748 4372 da
777 4317 909 4372 mihi
941 4327 1124 4371 mutuo
1150 4327 1262 4372 tres
1294 4332 1482 4387 panes,
1510 4319 1770 4389 quoniam
1803 4320 2012 4376 amicus

441 4423 597 4465 meus
625 4408 769 4464 venit
792 4408 858 4464 de
880 4409 964 4462 via
999 4410 1066 4463 ad
1102 4422 1212 4473 me,
1251 4418 1306 4464 et
1346 4424 1451 4465 non
1474 4411 1649 4467 habeo
1671 4410 1819 4481 quod
1844 4426 2011 4481 appo-

2180 4152 2203 4185 ι
2243 4134 2353 4187 Καὶ
2383 4128 2507 4187 εἷπε
2544 4132 2678 4203 πρὸς
2708 4132 2928 4196 αὐτούς’
2965 4132 3058 4196 Τίς
3090 4133 3152 4198 ἐξ
3181 4133 3337 4204 ὑμῶν
3363 4133 3467 4198 ἕξει
3498 4134 3647 4202 φίλον,

2111 4228 2206 4280 καὶ
2232 4226 2568 4295 πορεύσεται
2606 4224 2743 4294 πρὸς
2796 4223 2962 4281 αὑτὸν
3000 4226 3382 4295 μεσονυκτίου,
3415 4229 3501 4280 καὶ
3535 4226 3645 4294 είπῃ

2111 4314 2262 4387 αὐτῷ
2283 4333 2297 4346 υ
2342 4315 2488 4380 Φίλε,
2512 4315 2717 4385 χρῆσόν
2756 4332 2846 4384 μοι
2880 4318 3030 4385 τρεῖς
3060 4314 3282 4386 ἄρτους,
3310 4316 3490 4385 ἐπειδὴ
3517 4314 3646 4383 φίλος

2122 4407 2460 4479 παρεγένετο
2486 4407 2548 4472 ἐξ
2565 4406 2685 4461 ὀδοῦ
2704 4406 2838 4477 πρὸς
2862 4406 2951 4478 μὲ,
2980 4407 3073 4463 καὶ
3089 4407 3189 4461 ούκ
3206 4408 3313 4477 ἔχω
3334 4407 3363 4462 ὃ
3386 4405 3651 4476 παραθήσω

439 4518 566 4559 nam
599 4501 697 4557 illi.
727 4501 793 4556 Et
819 4500 913 4559 ille
939 4500 1084 4557 intus
1132 4503 1470 4573 respondens
1492 4504 1640 4561 dicat
1676 4521 1691 4559 :
1719 4503 1838 4563 Noli
1874 4506 2005 4561 mihi

2113 4500 2284 4573 αὐτῷ.
2316 4500 2581 4563 Κάκεῖνος
2622 4497 2826 4553 ἔσωθεν
2863 4496 3184 4569 ἀποκριθεὶς
3215 4496 3383 4571 εἴπῃ·
3448 4497 3530 4567 Μή
3573 4511 3648 4562 μοι

440 4597 707 4651 molestus
731 4608 880 4658 esse,
930 4592 1041 4664 jam
1082 4596 1280 4651 ostium
1322 4596 1569 4653 clausum
1617 4609 1729 4664 est,
1778 4605 1832 4654 et
1857 4603 2011 4668 pueri

442 4687 547 4747 mei
573 4700 783 4745 mecum
806 4696 934 4741 sunt
967 4687 1021 4739 in
1051 4688 1212 4745 cubili
1239 4706 1253 4743 :
1286 4704 1387 4743 nou
1423 4703 1648 4759 possum
1671 4704 1921 4760 surgere,
1956 4701 2010 4746 et

440 4780 573 4835 dare
617 4777 736 4833 tibi.
770 4775 901 4832 Dico
935 4778 1106 4842 vobis,
1134 4779 1298 4832 etiam
1326 4780 1371 4834 si
1420 4796 1527 4836 non
1576 4780 1806 4838 daturus
1839 4782 1910 4837 sit
1937 4782 2011 4838 illi

443 4885 672 4942 surgens
692 4884 760 4925 eo
787 4870 931 4939 quod
961 4870 1166 4925 amicus
1194 4870 1310 4938 ejus
1335 4873 1430 4935 sit,
1459 4882 1679 4943 propter
1700 4875 2016 4945 improbita-

444 4972 552 5017 tem
589 4970 768 5016 tamen
789 4960 908 5030 ejus
940 4971 1153 5032 surget,
1175 4978 1239 5018 ac
1270 4963 1424 5019 dabit
1468 4964 1544 5020 illi
1594 4975 1861 5037 quotquot
1913 4968 2013 5025 ha-

442 5049 534 5105 bet
552 5063 711 5120 opus.
753 5068 772 5102 ι
802 5049 1122 5107 Parabolatn
1161 5054 1301 5110 hanc
1323 5064 1378 5109 et
1408 5057 1715 5126 exemplum
1753 5056 1889 5114 dicit
1910 5058 2014 5115 Do-

443 5140 646 5204 minus,
689 5143 947 5199 erudiens
1015 5158 1114 5200 nos
1164 5162 1233 5200 ne
1293 5148 1533 5214 segniter
1578 5162 1817 5205 oremus.
1874 5150 2016 5217 Quid

444 5233 611 5300 igitur
640 5234 752 5289 vult
786 5236 1093 5304 parabole?
1121 5237 1351 5294 Modiam
1401 5249 1615 5295 noctem
1672 5242 1889 5310 quidem
1927 5244 2016 5298 in-

441 5327 564 5394 quit
616 5340 738 5407 esse
788 5338 1088 5386 extremum
1139 5331 1284 5398 vitae,
1322 5334 1389 5387 ad
1435 5333 1578 5404 quod
1608 5349 1731 5390 cum
1768 5336 2016 5394 homines

428 5422 792 5490 pervenerint
817 5437 1040 5478 sensum
1066 5424 1192 5480 boui
1239 5426 1533 5497 accipiunt,
1554 5436 1609 5482 et
1638 5426 1706 5482 ad
1738 5425 1907 5482 Deum
1931 5427 2014 5484 fe-

442 5513 647 5571 stinant
672 5529 686 5567 :
716 5514 809 5585 qui
832 5517 1039 5573 amicus
1082 5527 1188 5586 est,
1229 5532 1422 5575 omnes
1463 5520 1712 5589 diligens,
1742 5529 1797 5575 et
1828 5533 2018 5575 oumes

441 5606 636 5662 volens
658 5608 839 5664 salvos
857 5607 996 5663 ﬁeri.
1040 5608 1210 5680 Igitur
1240 5611 1396 5666 multi
1432 5612 1699 5666 accedunt
1745 5612 1800 5666 iu
1835 5611 2017 5667 media

443 5709 624 5767 nocte,
661 5699 763 5757 hoc
806 5708 910 5765 est,
944 5700 994 5755 in
1059 5711 1306 5758 extrema
1357 5703 1488 5768 vita,
1525 5702 1591 5756 ad
1625 5702 1812 5768 Deum,
1860 5710 1918 5757 ut
1947 5702 2014 5758 ad

446 5790 707 5862 amicum,
734 5803 788 5849 et
816 5794 1003 5851 dicunt
1024 5793 1074 5851 ei
1115 5813 1128 5850 :
1162 5793 1238 5850 Da
1268 5792 1398 5850 mihi
1427 5803 1536 5849 tres
1558 5809 1743 5864 panes,
1779 5794 1881 5851 hoc
1910 5802 2014 5860 est,

2115 4595 2321 4657 κόπους
2350 4593 2582 4663 πάρεχε,
2621 4592 2725 4662 ἤδη
2750 4592 2783 4662 ἡ
2816 4590 2961 4661 θύρα
2980 4589 3325 4656 κέκλεισται,
3350 4591 3443 4643 καὶ
3462 4590 3523 4643 τὰ
3547 4604 3651 4639 παι-

2115 4689 2205 4743 δία
2246 4705 2349 4759 μου
2388 4687 2505 4757 μετ’
2539 4686 2675 4756 ἐμοῦ
2710 4687 2791 4749 είς
2812 4686 2914 4756 τὴν
2947 4685 3137 4757 κοίτην
3169 4685 3334 4749 εἰσὶν,
3359 4687 3419 4737 οὐ
3448 4684 3649 4749 δύναμαι

2115 4782 2355 4845 ἀναστὰς
2384 4761 2566 4835 δοῦναί
2610 4794 2715 4833 σοι.
2771 4776 2935 4847 Λέγω
2961 4777 3113 4847 ὑμῖν,
3154 4779 3205 4831 εί
3252 4780 3351 4833 καὶ
3406 4778 3464 4830 οὐ
3516 4775 3649 4828 δώσει

2115 4874 2266 4945 αύτῷ
2288 4872 2526 4936 ἀναστὰς
2552 4871 2639 4925 διά
2666 4865 2908 4924 τὸεείναι
2945 4868 3113 4924 αὑτοῦ
3157 4869 3337 4938 φίλον,
3360 4868 3444 4923 διά
3478 4884 3534 4935 γε
3566 4865 3646 4935 τὴν

2117 4968 2394 5023 ἀναίδειαν
2418 4963 2584 5020 αὐτοῦ
2603 4963 2850 5039 ἐγερθεὶς
2871 4961 3034 5017 δώσει
3060 4962 3212 5030 αὐτῷ
3245 4963 3388 5017 ὅσων
3411 4960 3599 5032 χρῄζει.
3625 4975 3642 5008 ι

2118 5059 2448 5133 Παραϐολήν
2495 5074 2620 5112 τινα
2668 5057 2764 5110 καὶ
2822 5056 3132 5125 ὑπόδειγμα
3179 5054 3331 5124 λέγει
3388 5055 3417 5107 ὀ
3458 5053 3645 5122 Κύριος.

2117 5152 2393 5208 παιδεύων
2442 5151 2591 5222 ἡμᾶς
2622 5150 2834 5215 ἀόκνως
2894 5149 3321 5221 προσεύχεσθαι.
3358 5149 3421 5204 Τί
3458 5143 3542 5199 οὖν
3573 5159 3648 5211 tn;-

2123 5244 2309 5316 μαίνει
2332 5244 2365 5314 ἡ
2400 5240 2686 5313 παραϐολή
2707 5257 2724 5308 ;
2745 5239 3116 5295 Μεσονύκτιον
3146 5240 3247 5309 μέν
3271 5256 3433 5310 φασιν
3459 5232 3646 5289 εἶναιτὰ

2116 5337 2320 5409 ἔσχατα
2351 5333 2445 5390 τοῦ
2465 5334 2605 5406 βίον,
2629 5334 2688 5387 ἐν
2716 5328 2798 5397 οἷς
2832 5335 2882 5387 oi
2921 5333 3198 5405 ἄνθρωποι
3232 5333 3502 5404 γενόμενοι
3536 5324 3645 5395 πρὸς

2121 5429 2477 5499 συναίσθησιν
2511 5427 2764 5497 ἔρχονται
2805 5425 2901 5479 τοῦ
2931 5426 3121 5491 καλοῦ,
3153 5426 3249 5480 καὶ
3298 5422 3644 5497 προστρέχουσι

2119 5522 2258 5592 Θεῷ.
2302 5514 2473 5583 Οὗτος
2507 5520 2618 5591 γάρ
2648 5521 2799 5574 ἐστιν
2837 5520 2865 5571 ό
2891 5518 3069 5587 φίλος,
3096 5521 3124 5572 ὁ
3147 5520 3355 5582 πάντας
3383 5514 3554 5587 φιλῶν,
3570 5506 3642 5561 καὶ

2122 5614 2291 5668 θέλων
2329 5612 2591 5684 σωθῆναι.
2637 5610 3040 5682 Προσέρχονται
3069 5610 3250 5663 τοίνυν
3294 5606 3476 5663 πολλοὶ
3509 5605 3558 5657 ἐν
3581 5596 3642 5667 τῷ

2127 5706 2491 5777 μεσονυκτίφ,
2524 5704 2800 5759 τουτέστιν
2827 5705 2886 5756 ὲν
2918 5702 2996 5773 τῷ
3025 5702 3237 5772 ἐσχάτῳ
3271 5701 3393 5772 βίῳ,
3434 5697 3505 5767 τῷ
3527 5691 3639 5762 Θεῷ,

2123 5797 2196 5858 ὡς
2229 5795 2387 5866 φίλῳ,
2430 5797 2525 5851 καὶ
2578 5796 2797 5865 λέγουσι
2828 5812 2839 5826 ’
2881 5797 2979 5860 Δὸς
3011 5798 3158 5867 τρεῖς
3220 5796 3439 5865 ἄρτους,
3472 5789 3558 5861 τὴν
3580 5784 3641 5846 ιίς
