3896 6452
199 404 303 471 857

816 397 1261 492 ΕΝΑΗΒΑΤΑΙΟ
1300 409 1382 471 iN
1422 369 1798 473 EVANGELI

1900 413 1921 473 Ι
1958 413 2196 479 LUCIE.
2226 440 2294 452 —
2319 416 2495 480 'CAP.
2531 417 2639 482 XI.

3334 415 3460 490 ,858

200 516 405 588 Τριάιῖα
432 514 630 572 πίστιν.
674 518 830 582 Φίλος
858 519 969 589 γὰρ
1016 519 1353 591 παρεγένετο
1419 522 1723 589 τουτέστιν,
1749 525 1782 578 6

1900 526 2046 587 idem
2095 528 2150 582 in
2189 526 2535 586 Trinitatem.
2587 530 2809 588 Amicus
2845 518 2994 587 enim
3027 542 3183 586 meus
3216 527 3455 599 advenit,

202 609 438 680 ἄγγελος
464 611 496 663 6
530 610 631 681 τὴν
668 609 847 683 ψυχὴν
880 613 1349 684 παραλαμϐάνων.
1381 616 1544 681 Φίλος
1591 616 1649 671 δὲ
1684 617 1780 673 καὶ

201 704 310 768 πᾶς
338 701 594 771 ἄττελος,
620 702 767 758 καθά
797 704 862 776 δὴ
892 705 985 759 καὶΙ
1011 706 1039 758 6
1068 704 1272 777 Κύριός
1300 723 1467 777 φησι*
1512 708 1671 778 Χαρά
1699 710 1783 778 γε⁵

200 811 353 847 νεται
401 795 460 848 ἐν
519 795 735 867 ούρανῷ
784 798 877 851 ἐπὶ
930 797 1179 869 σωτηρίᾳ
1217 797 1534 869 ἀνθρώπου.
1594 799 1678 853 Τὰ
1723 801 1783 857 δὲ

201 882 396 937 παιδία
443 883 513 938 τὰ
552 884 645 939 ἐπὶ
688 886 791 959 τῆς
834 874 1025 959 κλίνης
1071 889 1488 960 ἀναπαυόμενα,
1547 892 1684 945 εἰσὶν
1734 895 1782 947 οἰ

203 973 557 1043 στραφέντες,
585 975 681 1029 καὶ
705 979 995 1045 γεγονότες
1031 980 1107 1043 ὡς
1135 979 1203 1033 τὰ
1235 981 1449 1048 παιδία,
1482 983 1578 1036 καὶ
1605 982 1778 1054 ἠξιω-

205 1063 361 1135 μένοι
389 1063 466 1136 τῷ
496 1066 690 1138 Κυρίῳ
713 1070 1221 1126 συναναπαύεσθαι.
1275 1073 1580 1130 ’Δναίδείαν
1611 1076 1668 1130 δὲ
1701 1077 1786 1130 λέ-

202 1172 292 1233 γει
330 1156 431 1227 τὴν
488 1158 610 1228 μεθ’
651 1160 934 1233 ὑπομονῆς
989 1164 1394 1236 ἐπιτεταμένην
1443 1167 1783 1239 προσευχήν.

203 1247 339 1302 Νόει
375 1248 435 1303 δέ
470 1250 566 1304 καί
600 1250 798 1320 ἄλλως,
845 1255 1202 1319 μεσονύκτιον
1261 1257 1382 1327 μὲν,
1438 1259 1540 1327 τὴν
1581 1259 1785 1331 ἀκμὴν,

205 1338 391 1392 καὶτὸ
442 1341 777 1411 μεσαίτατον
824 1344 935 1399 τῶν
976 1348 1328 1419 πειρασμῶν.
1374 1350 1493 1415 Νὺξ
1529 1350 1630 1421 μὲν
1676 1351 1787 1423 γὰρ

204 1431 317 1494 πᾶς
351 1433 683 1503 πειρασμὸς,
735 1435 1092 1506 μεσονύκτιον
1124 1439 1181 1493 δὲ
1232 1440 1452 1506 πάντως
1506 1442 1567 1497 τὸ
1620 1444 1818 1515 μέσον,

203 1522 314 1580 τῶν
351 1525 694 1595 πειρασμῶν.
727 1527 896 1583 Ὅταν
924 1529 1025 1585 οὖν
1052 1549 1135 1595 τις
1191 1535 1250 1587 ἐν
1294 1534 1479 1604 μέσοις
1509 1538 1620 1601 τοῖς
1671 1553 1791 1590 πει-

208 1619 445 1685 ρασμοῖς
499 1619 752 1689 γένηται,
801 1623 1169 1696 προσέρχεται
1221 1624 1300 1696 τῷ
1343 1626 1588 1697 φιλοῦντι
1642 1629 1791 1699 ἡμᾶς

205 1706 352 1776 θιῷ,
389 1711 484 1765 καὶ
509 1711 655 1780 λέγει
678 1730 691 1743 ·
730 1713 950 1786 Χρῆσόν
990 1734 1084 1786 μοι
1108 1720 1258 1789 τρεῖς
1286 1719 1503 1791 ἄρτους,
1537 1720 1637 1793 τὴν
1684 1739 1792 1776 σω-

205 1802 412 1872 τηρίαν
451 1804 544 1858 τοῦ
574 1804 849 1877 σώματος,
880 1808 1093 1879 καὶτῆς
1121 1802 1321 1883 ψυχῆς,
1356 1813 1453 1866 καὶ
1491 1813 1587 1867 τοῦ
1628 1803 1793 1867 πνεύ-

210 1911 410 1962 ματος.
451 1897 583 1951 Ἀπὸ
613 1897 722 1970 γὰρ
763 1907 873 1954 τῶν
917 1904 1243 1973 πειρασμῶν
1297 1904 1438 1968 δέος,
1473 1907 1548 1978 μὴ
1603 1907 1787 1961 κινδυο

211 1988 386 2061 νεύσῃ
423 1988 597 2044 ταῦτα
627 1992 697 2046 τὰ
718 1993 870 2063 τρία.
911 1993 1009 2059 Τίς
1034 1994 1091 2049 δὲ
1120 1995 1355 2065 ὸψφίλος
1393 1998 1422 2049 6
1473 1999 1788 2068 παραγενό-

210 2096 381 2147 μενος
426 2081 488 2147 ἐξ
518 2081 674 2150 όδοῦς
708 2078 787 2138 Ἦ
841 2084 1060 2150 πάντως
1092 2088 1120 2140 6
1163 2086 1374 2158 Κύριος
1413 2091 1441 2143 6
1483 2087 1796 2159 δοκιμάζων

208 2173 362 2243 ἡμᾶς
389 2174 448 2226 ἐν
470 2175 583 2238 τοῖς
605 2178 953 2247 πειρασμοῖς,
980 2178 1075 2232 καὶ
1100 2177 1272 2234 θέλων
1303 2182 1502 2249 φαγεῖν
1535 2181 1634 2252 τὴν
1665 2182 1799 2250 ήμε-

205 2262 380 2334 τέραν
415 2264 727 2336 σωτηρίανς
759 2266 876 2321 Οὐκ
914 2266 1029 2337 ἔχει
1066 2267 1125 2321 δὲ
1161 2269 1215 2323 τί
1274 2271 1585 2342 παραθήσει
1618 2270 1797 2343 τούτῳ

205 2359 236 2411 6
264 2356 330 2412 ἐν
365 2357 481 2421 τοῖς
542 2362 873 2430 πειρασμοῖς
920 2361 1206 2430 ἐμπεσὼν,
1261 2363 1360 2417 καὶ⁵
1397 2363 1642 2419 ἀσθενῶν
1699 2363 1795 2434 ἀφ’

208 2448 411 2504 ἑαυτοῦ
456 2450 774 2520 ἀντιστῆναι
824 2452 1062 2519 τούτοις,
1107 2455 1201 2509 καὶ
1235 2454 1578 2524 θεραπεῦσαι
1630 2456 1790 2511 Θεόν.

207 2538 287 2594 Τὸ
324 2541 383 2595 δὲ
422 2542 744 2612 κλεισθῆναι
785 2545 886 2615 τὴν
922 2544 1119 2616 θύραν,
1177 2546 1337 2626 τοῦτο
1384 2549 1663 2618 σημαίνει,
1713 2548 1797 2603 ὅτι

207 2635 295 2687 δεῖ
331 2634 439 2705 πρὸ
470 2634 580 2689 τῶν
609 2636 938 2708 πειρασμῶν
964 2640 1115 2709 ἡμᾶς
1141 2634 1283 2694 εἶναι
1325 2641 1793 2711 ἡτοιμασμένους,

210 2723 356 2777 ἐπὰν
391 2724 447 2778 δὲ
500 2725 860 2796 ἐμπέσωμεν,
893 2727 1207 2783 κέκλεισται
1241 2731 1274 2801 ἡ
1325 2729 1423 2800 τῆς
1478 2730 1798 2801 ἐτοιμασὶας

213 2815 384 2886 θύρα,
444 2817 540 2870 καὶ
583 2817 864 2888 ἀνέτοιμοι
924 2813 1333 2889 εὑρισκόμενοι,
1387 2821 1437 2874 εἰ
1487 2820 1564 2893 μὴ
1604 2825 1632 2876 ὁ
1667 2821 1800 2883 Θεὸς

211 2907 501 2980 βοηθήσει,
541 2911 1003 2980 κινδυνεύσωμεν.
1033 2912 1232 2968 Παιδία
1262 2912 1342 2978 δὲ,
1384 2912 1530 2967 καθά
1580 2930 1799 2984 προαπ-

213 3002 503 3073 εδόθησαν,
530 3001 640 3056 εἶεν
666 3003 733 3057 ἂν
753 3006 802 3058 οἱ
832 3005 1117 3075 γενόμενοι
1146 3006 1254 3061 υἱοὶ
1288 3005 1384 3061 τοῦ
1410 3005 1546 3060 Θεοῦ
1570 3006 1642 3061 δι’
1671 3009 1803 3078 ἀρε-

208 3095 337 3169 τῆς,
364 3095 460 3149 καὶ
494 3095 934 3167 ἀνακλινόμενοι,
980 3098 1080 3153 καὶ
1107 3098 1521 3168 ἀναπαυόμενοι
1557 3101 1615 3152 ἐν
1653 3098 1797 3169 Θεῷ.

1884 617 1987 674 hoc
2010 625 2116 683 est,
2154 620 2380 690 angelus
2416 621 2512 692 qui
2538 623 2774 679 animam
2811 621 3061 679 assumit.
3100 619 3325 675 Amicus
3354 633 3456 674 au-

1885 719 1992 771 tem
2021 719 2108 767 est
2132 711 2307 768 omnis
2328 713 2576 785 angelus,
2609 714 2752 770 sicut
2781 724 2836 769 et
2867 714 3127 769 Dominus
3154 712 3293 768 dixit
3316 709 3460 781 quod

1884 803 2140 871 gaudium
2208 805 2414 860 factum
2463 815 2546 862 est
2596 808 2648 862 in
2682 806 2826 863 coelo
2873 807 2940 861 de
2981 805 3154 861 salute
3200 802 3440 858 hominis

1885 893 2046 950 Pueri
2101 904 2287 952 autem
2324 899 2416 967 qui
2457 898 2509 955 in
2568 899 2710 954 lecto
2762 898 3074 968 quiescunt,
3103 905 3230 951 sunt
3269 895 3323 949 hi
3368 892 3460 963 qui

1887 988 2132 1044 conversi
2164 998 2312 1050 sunt,
2334 999 2389 1044 et
2412 987 2541 1045 facti
2572 996 2699 1045 sunt
2736 999 2798 1044 ut
2820 988 2999 1060 pueri,
3032 995 3087 1043 et
3114 986 3259 1056 digni
3286 982 3459 1040 habiti

1887 1091 2015 1139 sunt
2046 1083 2137 1155 qui
2181 1083 2526 1152 quiescerent
2575 1099 2699 1140 cum
2758 1081 3012 1138 Domino.
3064 1078 3459 1150 impudentiam

1888 1183 2072 1231 autem
2115 1185 2173 1229 et
2210 1174 2616 1242 improbitatem
2669 1174 2801 1231 dicit
2842 1172 3159 1229 orationem
3199 1178 3462 1224 attentam

1885 1281 2016 1321 cum
2044 1267 2392 1322 sustinentia.
2418 1265 2661 1336 Intelligo
2681 1274 2743 1321 et
2767 1263 2948 1329 aliter,
2976 1276 3077 1333 per
3092 1260 3329 1316 mediam
3362 1272 3465 1312 no-

1890 1366 2054 1426 ctem,
2093 1359 2365 1430 ingentem
2396 1359 2776 1414 tentatlonem.
2807 1354 2925 1411 Nox
2954 1355 3097 1409 enim
3142 1352 3320 1408 omnis
3346 1361 3468 1406 ten-

1894 1450 2027 1506 tatio
2061 1468 2076 1505 :
2110 1449 2289 1505 media
2313 1458 2497 1505 autem
2538 1464 2669 1514 nox,
2702 1446 2881 1507 omnis
2910 1445 3226 1503 mutationis
3261 1443 3467 1498 l’ervor.

1892 1540 2061 1612 Igitur
2088 1555 2211 1596 cum
2250 1543 2374 1612 quis
2425 1544 2478 1596 in
2515 1541 2723 1597 medias
2774 1540 3102 1595 tentatienes
3140 1534 3467 1607 pervenerit,

1893 1635 2105 1690 arcedit
2144 1635 2209 1689 ad
2237 1633 2402 1689 Deum
2436 1647 2536 1688 nos
2557 1633 2870 1704 diligentem
2900 1640 2955 1686 et
2980 1629 3113 1686 dicit
3135 1647 3149 1684 :
3169 1627 3471 1683 Commoda

1894 1727 2024 1780 mihi
2059 1736 2169 1782 tres
2190 1738 2375 1796 panes,
2394 1725 2626 1781 salutem
2648 1722 2895 1795 corporis
2919 1722 3150 1788 scilicet,
3178 1728 3233 1774 et
3251 1719 3471 1784 animae,

1898 1830 1954 1874 et
1981 1819 2228 1887 spiritus.
2257 1819 2503 1874 Timetur
2540 1816 2684 1873 enim
2737 1830 2805 1872 ne
2857 1816 2961 1871 tria
2998 1813 3113 1869 haec
3160 1825 3259 1882 per
3290 1818 3469 1866 tenta-

1904 1911 2077 1967 tiones
2106 1910 2504 1981 periclitentur.
2531 1908 2666 1976 Quis
2697 1917 2878 1963 autem
2908 1905 3119 1961 amicus
3147 1910 3229 1958 est
3259 1901 3351 1970 qui
3372 1914 3472 1956 ve-

1899 2007 1979 2061 nit
2041 2007 2107 2057 dc
2172 2004 2291 2060 via?
2342 2003 2573 2060 Omnino
2636 2002 2915 2064 Dominus,
2965 1997 3058 2066 qui
3081 1996 3276 2066 probat
3301 2005 3398 2048 nos
3421 1992 3474 2047 in

1901 2095 2314 2158 tentationibus,
2351 2104 2405 2149 et
2439 2092 2631 2146 avidus
2670 2100 2758 2145 est
2808 2089 3001 2144 edendi
3060 2087 3126 2141 de
3164 2083 3340 2139 salute
3379 2096 3478 2139 tto-

1897 2185 2045 2240 stra?
2075 2183 2237 2255 355
2267 2183 2386 2238 Non
2421 2184 2582 2237 habet
2616 2192 2795 2236 autem
2843 2178 2986 2249 quod
3020 2183 3256 2247 apponat
3278 2173 3477 2239 amico,

1900 2277 1947 2335 is
1973 2281 2064 2346 qui
2098 2279 2152 2332 in
2189 2277 2514 2330 tentationes
2552 2273 2839 2337 inciderat,
2890 2280 2945 2324 et
2994 2270 3246 2323 infirmus
3295 2279 3391 2335 per
3419 2277 3479 2320 se

1900 2378 1962 2423 ut
1987 2367 2215 2425 obsistat
2236 2367 2366 2428 illis,
2397 2374 2449 2421 et
2482 2374 2641 2420 curet
2674 2378 2737 2418 ea
2782 2376 2906 2432 quae
2942 2370 3069 2415 sunt
3095 2358 3211 2412 Dei.
3279 2354 3473 2411 Claudi

1894 2459 2118 2531 ianuam
2175 2458 2353 2527 signat
2381 2458 2522 2525 quod
2551 2463 2806 2526 Oporteat
2852 2463 2977 2508 ante
3023 2451 3350 2508 tentationes
3380 2461 3480 2503 nos

1898 2565 2018 2607 esse
2050 2560 2403 2622 praeparatos.
2436 2548 2574 2605 Cum
2634 2558 2817 2602 autem
2870 2544 3249 2606 inciderimus,
3287 2541 3477 2596 clausa

1899 2654 1984 2700 est
2016 2642 2437 2712 pra-parationis
2456 2639 2651 2707 ianua,
2681 2647 2735 2693 et
2763 2638 2852 2707 qui
2877 2636 3236 2691 inveniuntur
3265 2632 3476 2700 imprae-

1897 2737 2098 2808 parati,
2122 2734 2225 2788 nisi
2262 2732 2400 2787 Deus
2457 2731 2749 2802 adiuverit,
2801 2726 3275 2799 periclitabuntur.
3315 2720 3477 2777 Pueri

1899 2842 2103 2891 autem,
2131 2825 2443 2895 sicutpt‘itts
2461 2825 2684 2890 dictum,
2721 2824 2774 2878 hi
2800 2831 2946 2887 sunt,
2983 2820 3072 2889 qui
3101 2830 3196 2888 per
3225 2816 3479 2870 virtutem

1902 2921 2028 2976 ΐειςτιῑ
2055 2931 2181 2975 sunt
2214 2919 2305 2972 lilii
2341 2917 2456 2981 Dei,
2489 2928 2544 2973 et
2570 2920 2895 2972 recumbunt
2932 2928 2997 2970 ac
3027 2910 3318 2982 quiescunt
3356 2921 3481 2962 cum

1902 3012 2037 3071 Deo.

295 3207 316 3240 ι
353 3188 524 3258 Κάγὼ
554 3189 684 3259 ὑμῖν
719 3190 864 3258 λέγω
887 3205 903 3220 ⁸
937 3190 1172 3253 Αἰτεῖτε,
1202 3190 1298 3244 καί¹
1330 3189 1616 3262 δοθήσεται
1648 3191 1796 3261 ὑμῖν,

1982 3190 2142 3247 Vens.
2189 3190 2345 3245 945.
2374 3207 2394 3241 ι
2440 3187 2505 3242 Et
2548 3200 2649 3259 ego
2678 3186 2797 3241 dico
2830 3183 2981 3239 vobis
3021 3180 3260 3246 :Petite,
3292 3186 3347 3235 et
3375 3177 3487 3234 da-

212 3281 454 3352 ζητεῖτε,
491 3280 584 3335 καὶ
642 3282 937 3354 εὑρήσετε,
998 3283 1248 3355 κρούετε,
1307 3284 1404 3337 καὶ
1452 3287 1799 3353 ἀνοιγήσεται

212 3376 369 3445 ὑμῖν.
395 3375 511 3440 Πᾶς
541 3376 651 3446 γὰρ
681 3376 710 3429 6
740 3375 907 3432 αἰτῶν
935 3375 1230 3446 λαμϐάνει,
1260 3377 1356 3430 καί
1393 3378 1421 3430 6
1450 3376 1630 3448 ζητῶν
1656 3377 1805 3448 εὑρί-

214 3483 362 3531 σκει,
402 3468 497 3520 καὶ
535 3466 613 3537 τῷ
648 3466 897 3538 κρούοντι
930 3468 1301 3539 ἀνοιγήσεται.
1351 3469 1485 3522 Τίνα
1540 3468 1597 3522 δέ
1649 3467 1805 3539 ὑμῶν

212 3558 309 3612 τὸν
338 3558 553 3628 πατέρα
582 3559 800 3629 αἰτήσει
829 3559 859 3611 6
899 3559 1013 3623 υἱὸς
1046 3560 1233 3631 ἄρτον,
1270 3561 1346 3631 μὴ
1376 3558 1525 3613 λίθον
1550 3558 1805 3614 ἐπιδώσει

214 3648 405 3719 adtigi;
445 3650 515 3704 ’Π
544 3653 642 3709 καὶ
670 3650 844 3722 ἰχθὺν,
879 3651 957 3722 μὴ
996 3652 1119 3705 ἀντὶ
1161 3651 1341 3723 ἰχθύος
1368 3650 1492 3721 ὅφιν
1540 3652 1797 3706 ἐπιδώσει

214 3739 406 3810 aberit;
445 3741 517 3793 Ἦ
555 3743 647 3795 καὶ
693 3741 787 3796 ἐὰν
833 3742 1034 3814 αἰτήσῃ
1079 3743 1207 3810 ὠὸν,
1240 3742 1317 3814 μὴ
1347 3743 1606 3799 ἐπιδώσει
1654 3744 1805 3816 αὐτῷ

217 3832 516 3904 σκορπίονς
549 3834 611 3886 Εἰ
646 3828 740 3889 οὖν
777 3834 937 3905 ὑμεῖς
977 3835 1208 3907 πονηροί
1250 3834 1595 3906 ὑπάρχοντες
1623 3835 1803 3889 οἴδατε

216 3926 433 3997 δόματα
461 3927 642 3995 ἀγαθά
666 3926 864 3982 διδόναι
892 3930 1004 3990 τοῖς
1035 3928 1246 3992 τέκνοις
1271 3928 1452 4000 ὑμῶν,
1477 3927 1633 4000 πόσῳ
1667 3926 1806 4000 μᾶλο

216 4018 312 4071 λον
342 4019 371 4071 6
404 4019 593 4090 Πατὴρ
627 4020 655 4072 ὁ
688 4017 749 4082 ἐξ
787 4017 1022 4089 οὐρανοῦ
1050 4018 1212 4073 δώσει
1257 4018 1483 4090 Πνεῦμα
1504 4020 1665 4088 ἅγιον
1692 4022 1807 4084 τοῖς

218 4107 467 4163 αἰτοῦσιν
500 4109 694 4163 αὐτόνί
723 4128 742 4160 ι
780 4108 925 4179 ’Ὀρα
949 4109 1008 4162 τὸ
1043 4109 1271 4182 ἀκριϐὲς
1305 4110 1403 4179 τῆς
1439 4109 1660 4176 λέξεως.
1691 4110 1806 4166 Οὐκ

218 4199 402 4269 εἶπεν,
440 4202 522 4256 ὅτι
548 4201 887 4272 Αἰτήσασθε,
914 4202 1009 4256 καὶ
1046 4201 1352 4273 δοθήσεται,
1393 4203 1540 4270 ἀλλ’,
1569 4204 1805 4267 Αἰτεῖτε,

219 4296 346 4351 τεινετί⁵
369 4295 491 4360 τοῦ,
516 4294 778 4366 διηνεκῶς
811 4294 1048 4365 ζητεῖτε.
1088 4297 1205 4359 Πᾶς
1223 4294 1331 4367 γὰρ
1350 4296 1379 4349 6
1399 4294 1569 4349 αἰτῶν
1596 4294 1807 4364 λαμϐά-

220 4405 325 4445 νει.
361 4384 509 4458 ’Δρα
544 4384 637 4442 οὖν
680 4387 709 4440 6
755 4388 1054 4458 ἀσύμφορα
1096 4388 1262 4442 αἰτῶν
1299 4387 1605 4459 λαμϐάνει;
1644 4387 1799 4460 Ούχί·

223 4481 443 4553 πρῶτον
475 4481 574 4551 μὲν
611 4480 720 4551 γὰρ
742 4482 776 4552 ἡ
798 4481 909 4535 τῶν
937 4480 1273 4552 ἀσυμφόρων
1320 4480 1536 4550 αἴτησις
1565 4480 1691 4535 οὐδὲ
1719 4480 1807 4535 αῖ-

1904 3284 2050 3341 bitur
2105 3282 2293 3345 vobis;
2340 3279 2586 3350 quaerite,
2648 3284 2705 3332 et
2749 3273 3080 3339 invenietis;
3129 3270 3358 3344 pulsate,
3425 3275 3484 3323 et

1905 3375 2176 3445 aperietur
2202 3373 2373 3429 vobis.
2406 3369 2598 3426 Omnis
2627 3367 2772 3423 enim
2805 3366 2896 3436 qui
2934 3367 3090 3436 petit,
3137 3363 3335 3433 accipit
3376 3377 3390 3415 :
3429 3370 3482 3414 et

1903 3467 1994 3536 qui
2044 3463 2255 3534 quaerit,
2304 3461 2510 3516 invenit
2540 3477 2558 3541 ,ε
2613 3465 2671 3514 et
2707 3457 2941 3527 pulsanti
2996 3455 3290 3526 aperietur.
3349 3451 3483 3521 Quis

1904 3570 2088 3615 autem
2122 3572 2190 3612 ex
2230 3557 2381 3611 vobis
2422 3562 2594 3624 pater,
2631 3567 2661 3605 a
2710 3566 2820 3619 quo
2862 3549 2908 3605 si
2956 3548 3097 3604 ﬁlius
3124 3546 3344 3616 petierit
3382 3559 3479 3616 pa-

1906 3667 2049 3715 nem,
2075 3646 2453 3718 num_lapidem
2476 3644 2625 3699 dabit
2649 3642 2764 3697 illi?
2788 3643 2894 3695 Aut
2914 3641 2956 3695 si
2982 3641 3207 3710 piscem,
3228 3652 3358 3693 num
3387 3649 3487 3705 pro

1907 3744 2052 3815 pisce
2082 3750 2385 3809 serpentem
2409 3736 2556 3792 dabit
2587 3733 2889 3789 illi?Antsi
2918 3731 3133 3800 petierit
3152 3742 3337 3792 ovum,
3357 3741 3484 3782 num

1904 3834 2145 3904 porriget
2185 3829 2260 3885 illi
2291 3826 2604 3899 scorpium?
2638 3824 2693 3879 Si
2718 3838 2853 3892 ergo
2887 3837 3002 3888 vos,
3028 3837 3152 3876 cum
3183 3820 3301 3875 sitis
3334 3817 3485 3882 mali,

1907 3924 2079 3981 nostis
2110 3922 2233 3978 data
2269 3920 2412 3976 bona
2453 3918 2585 3973 dare
2634 3915 2760 3971 ﬁliis
2782 3913 2979 3969 vestris
3021 3930 3035 3967 :
3071 3919 3276 3981 quanto
3315 3906 3488 3978 magis

1903 4015 2065 4072 Pater
2093 4022 2273 4073 vester
2310 4010 2407 4082 qui
2458 4010 2513 4065 in
2546 4008 2696 4065 cadis
2724 4015 2831 4071 est,
2875 4004 3029 4059 dabit
3061 4001 3323 4073 Spiritum
3362 4014 3489 4055 san-

1906 4121 2051 4166 ctum
2091 4104 2440 4179 poscentibus
2486 4102 2583 4156 se!
2629 4118 2648 4152 ι
2690 4098 2879 4153 Videte
2923 4096 3211 4151 verborum
3254 4092 3489 4163 diligen-

1909 4205 2060 4259 tiam.
2101 4199 2220 4255 Non
2243 4197 2406 4261 dixit,
2436 4195 2651 4266 potetis,
2684 4201 2738 4246 et
2770 4190 3007 4257 dabitur,
3030 4187 3147 4254 sed,
3171 4187 3358 4258 petite,
3384 4186 3489 4241 boc

1908 4306 2015 4362 est,
2049 4293 2311 4349 continuo
2350 4287 2597 4361 quaerite.
2622 4284 2815 4343 Omnis
2852 4283 2996 4339 enim
3029 4282 3118 4351 qui
3155 4280 3309 4351 petit,
3343 4279 3489 4334 acci-

1908 4388 2009 4458 pit.
2036 4383 2291 4453 Nunquid
2320 4395 2453 4453 ergo
2481 4389 2537 4433 et
2570 4377 2660 4449 qui
2706 4375 2840 4447 petit
2881 4388 3001 4444 qua)
3035 4386 3142 4429 non
3176 4371 3489 4441 expediunt,

1910 4479 2145 4550 accipit?
2164 4476 2305 4533 Non.
2328 4473 2512 4529 Primo
2548 4471 2717 4542 igitur
2746 4478 2925 4525 rerum
2952 4464 3245 4520 noxiarum
3303 4462 3493 4533 petitio

220 4592 382 4646 τησις
430 4574 497 4633 ἂν
546 4572 771 4644 κληθείη
822 4573 959 4644 πρὸς
994 4573 1087 4625 τδν
1127 4574 1282 4628 θεόν·
1342 4574 1399 4629 ὐ
1441 4574 1549 4646 γὰρ
1578 4575 1658 4646 τῷ
1691 4571 1798 4646 θεῷ

1916 4587 2023 4629 non
2058 4578 2283 4626 vocatur
2313 4568 2504 4640 petitio
2549 4564 2690 4636 apud
2746 4562 2938 4618 Deum.
2992 4558 3129 4614 Nam
3176 4557 3269 4627 qui
3325 4555 3492 4610 Deum

222 4669 685 4743 προσευχόμενος,
710 4667 920 4737 ὀφείλει
957 4667 1245 4736 αἰτεῖσθαι,
1266 4667 1304 4722 ἃ
1336 4669 1542 4732 ἐκεῖνος
1569 4668 1803 4725 δίδωσιν.

220 4765 394 4819 Ὅταν
423 4762 479 4814 δέ
532 4779 617 4826 τις
663 4761 736 4814 τὰ
783 4762 1083 4832 ἀσύμφορα
1132 4763 1391 4827 αἰτεῖται,
1435 4761 1496 4816 ού
1534 4762 1674 4832 πρὸς
1712 4761 1805 4816 τὸν

217 4857 351 4911 Θεὸν
382 4856 617 4911 ποιεῖται
649 4855 750 4925 τὴν
785 4854 1023 4923 αἴτησιν·
1056 4844 1213 4917 οὗτος
1245 4855 1354 4925 γὰρ
1398 4851 1695 4923 ἀσύμφορα
1742 4852 1803 4906 οὐ

218 4949 458 5004 δίδωσιν.
501 4947 736 5001 Ἔπειτα
769 4945 937 5000 ἄκουε
966 4946 1062 5000 καὶ
1101 4945 1268 5000 αὑτοῦ
1299 4945 1395 5000 τοῦ
1420 4944 1648 5015 Κυρίου,
1686 4944 1804 5008 πῶς

218 5042 464 5096 διδάσκει
497 5040 645 5110 ἡμᾶς
667 5038 937 5094 αἰτεῖσθαι
969 5037 1005 5092 ἃ
1036 5039 1137 5093 δεῖ.
1174 5038 1371 5109 Ἄρτον
1399 5036 1531 5107 γὰρ,
1556 5038 1747 5109 φησιν,
1774 5037 1806 5090 6

219 5129 337 5192 υἰὸς
370 5128 466 5182 καὶ
509 5126 663 5199 ἰχθὺν
700 5128 793 5182 καὶ
840 5127 947 5182 ὠὸν
992 5129 1247 5183 αἰτεῖται.
1276 5127 1490 5198 Ὠσπερ
1515 5123 1611 5182 οὖν
1626 5126 1805 5182 ταῦτα

219 5219 516 5290 ἀνθρώπου
544 5220 663 5274 ἐστί
696 5218 924 5291 βρῶσις,
954 5218 1101 5273 οὓτω
1122 5219 1219 5274 καὶ
1241 5219 1313 5275 τὰ
1340 5219 1621 5292 αἰτήματα
1651 5220 1809 5292 ἡμῶν

219 5312 531 5380 ὀφείλουσιν
557 5305 696 5367 εἶναι
721 5311 1071 5384 συμφέροντα
1088 5312 1185 5367 καὶ
1206 5311 1629 5384 συμϐαλλόμενοι
1650 5312 1804 5384 ἡμῖν.

218 5406 354 5461 Νόει
383 5404 441 5459 δέ
486 5421 599 5476 μοι,
643 5405 728 5459 ὅτι
754 5405 921 5475 ἄρτον
958 5405 1059 5477 μὲν
1089 5407 1323 5469 αἰτεῖται
1379 5406 1488 5469 πᾶς
1533 5406 1564 5459 6
1593 5404 1695 5478 τὴν
1728 5405 1811 5469 εἰς

225 5496 436 5566 Τριάδα
457 5497 642 5550 πίστιν
656 5496 1113 5568 ἀποκαλυφθῆναι
1134 5495 1305 5569 αὐτῷ,
1320 5498 1416 5553 καὶ
1430 5496 1528 5570 τὴν
1538 5497 1809 5569 ὀρθότητα

220 5590 333 5647 τῶν
365 5589 656 5660 δογμάτων
710 5589 880 5655 αἰτῶν
904 5608 919 5622 ο
956 5590 1121 5662 ἄρτος
1171 5592 1280 5663 γὰρ
1317 5591 1494 5648 ταῦτα
1536 5592 1678 5646 εἰσιν
1729 5590 1810 5656 ὡς

225 5682 554 5752 στηρίζοντα
596 5684 849 5756 καρδίαν.
891 5683 1066 5758 ’ἰχθὺν
1102 5684 1159 5740 δὲ
1204 5685 1348 5740 αἰτεῖ
1375 5685 1406 5739 6
1436 5686 1495 5741 ἐν
1521 5683 1605 5755 τῷ
1632 5682 1802 5739 πελά-

300 5870 345 5903 δε
390 5869 532 5925 Psal.
573 5884 694 5934 cut,
738 5866 828 5923 li.

1913 4675 2056 4729 orat,
2096 4662 2259 4720 debet
2286 4670 2473 4733 petere
2497 4675 2618 4730 qua:
2644 4658 2732 4714 ille
2762 4658 2874 4712 dat.
2908 4652 3137 4722 Quando
3171 4658 3350 4704 autent
3373 4646 3496 4716 quis

1915 4759 2078 4814 noxia
2123 4755 2281 4826 petit,
2324 4767 2435 4808 non
2468 4752 2537 4807 ad
2588 4751 2763 4804 Deum
2808 4746 3129 4817 petitionem
3162 4739 3337 4796 facit:
3381 4739 3497 4805 ipse

1913 4851 2056 4907 enim
2110 4848 2270 4903 noxia
2322 4859 2430 4900 non
2479 4844 2593 4898 dat.
2656 4842 2881 4910 insuper
2935 4835 3060 4891 audi
3099 4834 3266 4888 etiam
3316 4831 3494 4899 ipsum

1914 4939 2203 4997 Dominum
2238 4935 2515 5008 quomodo
2540 4933 2735 4989 doceat
2769 4942 2869 4986 nos
2898 4935 3089 5000 petere
3114 4937 3234 4996 qua:
3256 4929 3494 4992 oportet.

1911 5032 2135 5097 Panem,
2170 5030 2365 5100 inquit,
2394 5036 2453 5083 et
2489 5026 2691 5097 piscem
2716 5028 2774 5079 et
2793 5034 2957 5078 ovum
2986 5018 3131 5075 illius
3155 5016 3311 5088 petit.
3341 5013 3499 5070 Sicut

1908 5125 2070 5196 igitur
2094 5122 2227 5179 haec
2262 5119 2501 5178 hominis
2529 5126 2656 5174 sunt
2693 5114 2850 5171 cibus
2877 5112 2949 5179 δ’,
2989 5112 3061 5166 ita
3091 5118 3148 5165 et
3202 5106 3494 5179 petitiones

1908 5226 2109 5275 nostra:
2150 5212 2311 5271 utiles
2345 5212 2503 5269 nobis
2537 5221 2663 5266 esse
2687 5207 2909 5263 debent.
2953 5202 3200 5273 intelligo
3230 5200 3320 5256 hic
3348 5198 3494 5268 quod

1908 5322 2103 5382 panem
2132 5314 2282 5380 petat
2308 5306 2489 5362 omnis
2525 5303 2620 5374 qui
2651 5300 2812 5355 tidem
2857 5298 2912 5352 in
2943 5295 3267 5351 Trinitatem
3318 5300 3374 5346 et
3410 5303 3497 5345 re-

1845 5392 1850 5397 ’
1907 5403 2228 5461 ctltudinem
2261 5400 2573 5469 dogmotunt
2603 5389 2832 5449 reveta‘ri
2859 5389 2964 5445 sibi
3006 5387 3161 5459 petit.
3193 5383 3320 5440 Haec
3346 5382 3493 5439 enim

1908 5508 2007 5553 cor
2035 5494 2178 5551 sicut
2205 5490 2363 5562 panis
2394 5486 2740 5544 conﬁrmant.
2774 5480 3075 5554 At‘piseem
3107 5478 3262 5549 petit,
3291 5474 3395 5546 equi
3437 5474 3494 5527 in

1906 5586 2046 5644 mari
2068 5587 2193 5642 vita:
2214 5583 2376 5655 hujus
2418 5588 2524 5647 est,
2553 5586 2610 5635 et
2633 5576 2832 5650 quaerit
2857 5586 2887 5631 a
2919 5573 3029 5630 Deo
3053 5572 3404 5643 adiutorium,
3435 5572 3495 5621 ut

1903 5681 1959 5739 in
1984 5679 2174 5737 mediis
2192 5675 2580 5736 tentatienibus
2594 5684 2704 5729 non
2721 5668 3123 5740 subtnergatur,
3142 5665 3237 5721 sed
3254 5662 3421 5725 vivat,
3436 5665 3498 5713 et
