3896 6452
402 371 510 435 859
1273 363 1853 427 TilEOPH'YLACTI
1889 362 2317 426 BULGARIIE'
2335 363 2693 426 ARCHIEP.
3538 356 3636 420 {60

403 482 540 535 sicut
573 476 738 546 piscis
755 473 1111 531 custodiatur.
1137 473 1308 529 Ovum
1339 481 1518 529 autem
1551 473 1706 542 petit,
1741 473 1833 542 qui
1863 472 1970 528 sibi

2096 469 2166 543 (et
2208 474 2308 544 μὲν
2335 473 2430 528 τοῦ
2466 474 2585 546 βίου
2630 473 2728 539 ῶν,
2767 470 2951 544 ζητῶν
2994 469 3050 524 δὲ
3078 461 3182 540 τὴν
3217 470 3364 539 παρά
3387 466 3481 521 τοῦ
3519 470 3638 524 Θεοῦ

406 581 764 623 νιιίυοειιιειιιιι
801 568 1101 622 animarum
1130 566 1334 621 fructus
1357 566 1469 620 dari
1509 565 1664 635 petit.
1695 563 1825 630 Qua:
1843 578 1976 620 sane

2096 565 2431 636 συνέργειαν,
2467 566 2555 619 ἵνα
2599 569 2660 620 ἐν
2709 565 2860 636 μέσῳ
2891 562 2998 616 τῶν
3025 560 3351 632 πειρασμῶν
3383 560 3640 615 ἀκαταϐάο

406 661 598 716 ιιιιὶιιιω
647 659 836 715 avibus
861 658 1234 718 conferuntur,
1267 671 1385 726 quae
1436 657 1550 710 alas
1601 663 1970 725 sumpserunt,

2096 671 2331 722 πτιστος,
2360 659 2455 710 καὶ
2485 655 2595 720 ζῶν
2623 654 2814 726 ὥσπερ
2847 653 2999 726 ἰχθὺς
3055 648 3413 721 διαφυλαχθῇ.
3461 651 3571 702 Ὠον
3594 651 3642 703 δὲ

416 758 472 804 et
501 751 688 817 spiritu
725 750 989 804 alleviata:
1014 763 1172 817 super
1203 757 1410 800 terrena
1448 761 1567 801 sese
1604 745 1931 801 extulerunt.

2096 746 2226 800 xire!
2269 750 2297 800 ὁ
2338 749 2406 802 τά
2439 750 2754 819 γεννήματα
2785 747 2898 800 τῶν
2926 745 3200 816 ἐναρέτων
3230 743 3414 813 ψυχῶν
3442 742 3642 812 δοθῆναι

407 843 556 912 αὐςῷ
594 842 794 912 ζητῶν,
837 843 1040 906 αἵτινες
1111 840 1312 912 δηλαδὴ
1350 840 1519 910 ψυχαὶ
1551 839 1759 911 ὄρνισιν
1807 837 1874 894 ἂν
1940 839 2165 906 εἰκότως
2203 842 2638 914 παραϐάλλοιντο
2693 843 2970 918 πτέρυγας
3030 838 3319 903 λαϐοῦσαι,
3373 836 3463 890 καὶ
3497 838 3645 890 πνεύ-

411 951 540 1003 ματι
567 933 959 1002 κουφισθεῖσαι,
992 933 1087 987 καὶ
1115 934 1572 1003 ὑπεραναπτᾶσαι
1603 932 1700 1004 τὴν
1724 932 1852 1002 γῆν.

482 1026 646 1081 Vens.
684 1025 871 1080 {4-20.
914 1045 932 1078 ι
991 1025 1056 1080 Et
1105 1035 1224 1080 erat
1265 1025 1486 1095 ejiciens
1537 1025 1883 1092 daemonium,
1928 1034 1985 1081 et

413 1120 559 1176 istud
613 1129 732 1174 erat
783 1126 990 1172 mutum
1023 1134 1038 1170 :
1071 1132 1306 1187 cumque
1340 1116 1589 1182 eiecisset
1636 1117 1983 1184 daemonium,

411 1211 626 1266 locutus
651 1218 734 1265 est
773 1220 953 1264 mutus
994 1226 1009 1264 :
1050 1217 1105 1265 et
1132 1209 1410 1264 admirata:
1439 1217 1564 1264 sunt
1618 1211 1807 1266 turbae.
1853 1210 1986 1277 Qui-

409 1303 534 1355 dam
581 1310 758 1355 autem
790 1315 856 1356 ex
881 1300 960 1357 eis
997 1301 1252 1357 dixerunt
1285 1318 1298 1355 :
1326 1298 1429 1354 Per
1462 1299 1743 1357 Beelzehul
1784 1302 1986 1372 princi-

411 1407 529 1460 pem
575 1393 961 1448 daemoniorum
995 1393 1144 1465 ejicit
1172 1392 1456 1448 daemonia.
1488 1391 1553 1445 Et
1575 1393 1660 1447 alii
1691 1402 1982 1456 tentantes,

407 1483 619 1554 signum
661 1485 727 1538 de
759 1484 897 1540 caelo
924 1485 1242 1555 quaerebant
1263 1486 1332 1539 ab
1374 1498 1459 1538 eo.
1496 1483 1617 1554 Ipse
1643 1496 1822 1539 autem
1862 1498 1983 1538 cum

409 1579 576 1632 sciret
602 1578 960 1649 cogitationes
990 1591 1203 1643 eorum,
1235 1575 1372 1630 dixit
1399 1577 1479 1631 cis
1510 1593 1524 1629 :
1559 1577 1728 1631 Omne
1764 1589 1987 1646 regnum

410 1667 669 1724 adversus
701 1669 938 1739 seipsum
972 1667 1200 1724 divisum
1268 1667 1560 1734 desolatur,
1595 1677 1650 1723 et
1676 1667 1864 1721 domus
1897 1681 1988 1722 su-

2161 1043 2180 1078 ι
2230 1025 2339 1078 Καὶ
2375 1019 2442 1095 ἦν
2473 1023 2754 1079 ἐκϐάλλων
2787 1024 3085 1094 δαιμόνιον,
3135 1021 3231 1076 καὶ
3276 1021 3410 1074 αὐτὸ
3452 1015 3522 1091 ἦν
3550 1038 3644 1074 κων

2086 1115 2208 1184 φάν.
2244 1114 2490 1184 Ἐγένετο
2513 1115 2592 1179 δὲ,
2619 1114 2713 1168 τοῦ
2742 1115 3020 1183 δαιμονίου
3049 1113 3380 1179 ἐξελθόντος,
3406 1111 3646 1182 ἐλάλησεν

2091 1211 2120 1262 δ
2149 1209 2351 1276 κωφὸς,
2379 1211 2474 1261 καὶ
2502 1207 2823 1278 ἐθαύμασαν
2843 1209 2891 1260 oi
2925 1206 3092 1277 δχλοι.
3123 1205 3280 1267 Τινὲς
3315 1203 3372 1256 δὲ
3405 1202 3463 1268 ἐξ
3487 1203 3645 1256 αὐτῶν

2085 1297 2238 1356 εἶπον
2255 1317 2269 1331 ⁸
2307 1301 2400 1354 Ἐν,
2427 1299 2755 1364 Βεελζεϐοὺλ
2769 1301 2991 1372 ἄρχοντι
3016 1299 3124 1353 τῶν
3156 1298 3449 1367 δαιμονίων
3476 1297 3648 1350 ἐκϐάλ-

2083 1387 2261 1442 λειτά
2303 1387 2578 1458 δαιμόνια.
2631 1389 2851 1460 Ἔτεροι
2899 1388 2957 1442 δὲ
3016 1386 3389 1460 πειράζοντες,
3443 1389 3648 1456 σημεῖον

2085 1479 2213 1547 παρ’
2249 1478 2411 1532 αὑτοῦ
2447 1479 2675 1550 ἐζήτουν
2719 1480 2784 1544 ἐξ
2807 1478 3063 1552 οὐρανοῦ.
3113 1478 3286 1541 Αὐτὸς
3323 1477 3380 1530 δὲ
3416 1477 3566 1540 εἰδὼς
3591 1480 3648 1532 τά

2084 1571 2426 1643 διανοήματα·
2476 1573 2680 1636 αὐτῶν,
2731 1568 2884 1628 εἶπεν
2932 1573 3138 1636 αὐτοῖς·
3203 1572 3361 1625 Πᾶσα
3425 1569 3651 1641 βασιλεία

2086 1662 2170 1732 ἐφ’
2201 1662 2398 1732 ἑαυτὴν
2431 1663 2845 1736 διαμερισθεῖσα
2885 1662 3211 1734 ἐρημοῦται,
3259 1663 3353 1716 καὶ
3399 1657 3544 1725 οἶκος
3570 1664 3650 1714 ἐπὶ

410 1773 511 1830 per
533 1762 752 1815 domum
784 1761 948 1816 cadit.
974 1760 1125 1828 Quod
1149 1760 1192 1816 si
1228 1760 1457 1816 Satanas
1482 1775 1701 1830 quoque
1731 1759 1990 1813 adversus

2096 1748 2234 1807 οἷκον
2265 1754 2475 1808 πίπτει.
2526 1757 2588 1807 Εἰ
2616 1755 2675 1808 δὲ
2728 1755 2824 1809 καὶ
2853 1755 3098 1819 Σατανᾶς
3129 1753 3215 1824 ἐφ’
3248 1754 3444 1830 ἑαυτὸν
3485 1753 3648 1822 διεμε·

409 1851 644 1918 seipsum
678 1851 880 1906 divisus
927 1861 1033 1914 εει,
1066 1851 1335 1919 quomodo
1369 1851 1535 1906 stabit
1571 1866 1794 1921 regnum
1845 1849 1988 1920 ejus,

2096 1845 2273 1918 ρίσθη,
2306 1847 2424 1911 πῶς
2447 1847 2773 1919 σταθήσεται
2803 1849 2836 1917 ἡ
2887 1847 3129 1918 βασιλεία
3163 1846 3350 1911 αὑτοῦ,
3374 1846 3456 1898 ὃτι
3480 1845 3648 1913 λέγετε

409 1940 536 2010 quia
560 1941 739 1995 dicitis
760 1957 842 1995 me
865 1957 960 2012 per
987 1941 1264 2005 Beelzebul
1293 1942 1489 2009 ejicere
1509 1943 1810 1996 daemonia?
1838 1940 1990 2006 Quod

409 2033 456 2086 si
490 2046 591 2102 ego
615 2033 896 2088 Beelzebul
923 2035 1168 2103 prmsidio
1200 2034 1466 2090 daanionia
1492 2034 1669 2104 ejicio,
1707 2035 1797 2089 lilii
1830 2033 1993 2106 356

411 2125 580 2178 vestri
631 2127 784 2195 cujus
835 2126 1084 2196 prwsidio
1141 2128 1410 2198 ejiciunt?
1461 2129 1586 2184 Ideo
1636 2130 1736 2198 ipsi
1783 2128 1990 2199 judices

409 2215 577 2269 Vestri
619 2225 798 2270 erunt.
835 2217 1004 2273 Porro
1046 2219 1090 2273 si
1150 2220 1318 2289 digito
1361 2218 1450 2274 Dei
1495 2220 1655 2290 ejicio
1698 2221 1988 2285 daemonia,

413 2304 655 2375 profecto
707 2309 953 2377 pervenit
1001 2309 1066 2362 ad
1126 2325 1219 2365 vos
1268 2325 1490 2380 regnum
1548 2311 1662 2365 Dei.
1705 2330 1724 2362 ι
1771 2309 1988 2380 Κωφρς,

411 2407 616 2465 mutus,
649 2401 957 2469 frequenter
986 2403 1184 2458 dicitur
1214 2404 1304 2473 qui
1335 2421 1436 2457 non
1461 2405 1697 2473 loquitur
1724 2405 1989 2475 (α);(1ιεί-

413 2498 501 2544 tnr
528 2496 708 2545 autem
732 2499 782 2546 et
808 2491 898 2561 qui
927 2507 1037 2546 non
1061 2494 1246 2547 audit:
1274 2497 1488 2563 proprie
1514 2509 1661 2560 vero,
1697 2495 1785 2562 qui
1817 2509 1990 2563 neque

412 2579 580 2644 audit,
609 2595 782 2650 neque
813 2581 1079 2651 loquitur.
1107 2583 1170 2637 Et
1200 2599 1332 2638 sane
1373 2586 1463 2653 qui
1494 2600 1522 2637 a
1570 2585 1850 2639 nativitate
1886 2600 1988 2638 non

413 2670 664 2732 audiunt,
697 2671 858 2726 iidem
885 2674 1050 2727 etiam
1076 2674 1381 2728 necessario
1409 2689 1514 2728 non
1546 2673 1858 2743 loquuntur.
1894 2674 1985 2728 Illa

414 2764 557 2817 enim
594 2763 888 2834 loquimur,
927 2781 1046 2835 quae
1097 2780 1192 2834 per
1234 2765 1473 2820 auditum
1506 2765 1648 2834 loqui
1678 2765 1986 2820 didicimus.

419 2853 647 2919 Quando
673 2861 850 2909 autem
878 2855 1000 2924 quis
1033 2869 1137 2909 non
1161 2854 1334 2917 audit,
1368 2871 1474 2909 non
1512 2857 1707 2910 mirum
1741 2857 1784 2912 si
1819 2871 1992 2927 neque

414 2945 688 3013 loquatur.
717 2943 913 2999 Verum
939 2960 1096 3001 secus
1119 2959 1198 3001 est
1220 2947 1264 3000 si
1293 2962 1421 3000 casu
1449 2947 1751 3015 cujuspiam
1777 2947 1992 3003 auditus

411 3036 738 3092 oliendatur.
764 3035 900 3093 Nam
945 3051 1067 3092 etim
1097 3038 1188 3106 qui
1229 3037 1353 3093 talis
1383 3047 1489 3103 est,
1523 3039 1666 3108 loqui
1699 3040 1827 3094 nihil
1862 3055 1989 3107 pro-

415 3126 585 3182 hibet.
623 3125 773 3183 Uude
800 3128 891 3198 qui
923 3125 991 3182 ad
1024 3126 1308 3183 Dominum
1343 3129 1606 3184 adductus
1649 3140 1757 3195 est,
1797 3139 1850 3186 et
1879 3131 1986 3185 lin-

414 3233 516 3287 gua
539 3228 601 3274 et,
620 3218 845 3278 auribus
867 3218 1161 3290 impeditus
1187 3208 1324 3274 erat.
1358 3219 1553 3291 Figura
1584 3230 1763 3276 autem
1797 3222 1885 3275 hic
1907 3235 1993 3278 est

416 3309 662 3365 humanae
681 3319 916 3377 naturae,
944 3326 1081 3378 quae,
1115 3327 1145 3365 a
1181 3311 1515 3366 daemonibus
1544 3313 1780 3378 detenta,
1807 3313 1994 3368 audire

415 3416 524 3455 non
557 3410 738 3469 potest
784 3416 1088 3457 sermonem
1123 3403 1244 3468 Dei,
1276 3403 1549 3474 multoque
1598 3406 1776 3459 minus
1812 3405 1992 3473 eloqui

423 3491 590 3544 valet.
621 3491 692 3546 At
727 3491 984 3546 Dominus
1009 3503 1293 3563 postquam
1339 3495 1568 3557 venerit,
1613 3496 1993 3567 (mulionesque

413 3581 685 3652 eﬂ‘ugarit,
709 3583 1067 3638 damoniacas
1130 3584 1352 3655 inquam
1379 3584 1692 3641 ali‘ectiones
1719 3595 1774 3641 et
1809 3603 1992 3656 opera,

416 3675 546 3729 fecit
565 3688 665 3729 nos
693 3674 877 3730 audire
898 3685 953 3730 et
975 3675 1153 3746 eloqui
1184 3676 1496 3742 veritatem;
1529 3693 1634 3732 non
1658 3678 1828 3733 solum
1853 3680 1993 3734 enim

416 3780 695 3829 sermones
730 3764 823 3821 Dei
853 3767 1038 3822 audire
1086 3777 1323 3837 oportet,
1352 3770 1445 3826 sed
1479 3771 1642 3825 etiam
1675 3771 1794 3827 aliis
1825 3773 1994 3843 loqui.

415 3859 714 3915 Audiamus
766 3859 929 3931 igitur
972 3861 1064 3929 qui
1111 3861 1371 3916 habemus
1423 3863 1474 3916 in
1525 3865 1685 3920 nobis
1729 3865 1995 3921 diabolica

417 3965 606 4021 opera,
635 3959 689 4006 et
736 3961 987 4023 putamus
1015 3967 1114 4008 nos
1155 3954 1353 4009 docere
1385 3953 1523 4011 alios
1553 3964 1610 4011 et
1652 3957 1898 4026 cupimus
1929 3959 1997 4014 ab

419 4043 732 4099 hominibus
763 4044 985 4098 salutari
1019 4044 1216 4100 Rahhi.
1265 4045 1496 4116 Egresso
1537 4048 1680 4101 enim
1708 4048 1995 4114 daemonio,

420 4150 583 4190 verus
612 4149 791 4190 sermo
843 4143 898 4189 et
931 4135 1176 4190 doctrina
1230 4137 1310 4192 fit.
1355 4136 1604 4203 Quandiu
1645 4150 1824 4195 autem
1857 4141 1995 4195 intra

421 4243 523 4282 nos
554 4227 714 4282 fuerit
744 4227 1003 4281 daemonis
1045 4228 1313 4297 operatio,
1340 4229 1553 4284 etiamsi
1587 4229 1865 4284 videamur
1913 4232 1995 4286 lo-

421 4320 538 4388 qui,
581 4334 690 4373 non
723 4319 1012 4387 loquimur.
1070 4318 1326 4374 Pharisaei
1372 4336 1505 4376 sane
1546 4323 1870 4377 miraculum
1911 4340 1997 4377 ar-

421 4419 613 4479 guunt,
657 4417 710 4463 et
744 4407 1023 4463 Dominum
1048 4416 1106 4462 ut
1130 4424 1345 4477 magum
1378 4412 1700 4468 contumelia
1736 4412 1995 4468 alliciunt.

2092 1940 2149 1991 ἐν
2198 1939 2519 2004 Βεελζεϐοὺλ
2567 1939 2849 1994 ἐκϐάλλειν
2909 1956 2977 2009 με
3025 1939 3092 1992 τά
3153 1937 3445 2008 δαιμόνια;
3492 1938 3552 1990 Ei
3603 1938 3650 1990 δὲ

2090 2031 2201 2100 ἐγὼ
2247 2033 2306 2086 ἐν
2350 2032 2680 2096 Βεελζεϐοὺλ
2731 2031 2982 2085 ἐκϐάλλω
3033 2032 3108 2085 τὰ·
3145 2031 3419 2102 δαιμόνια,
3457 2031 3509 2084 οἱ
3557 2033 3649 2084 υἱοὶ

2090 2124 2243 2195 ὑμῶν
2289 2125 2349 2178 ἐν
2386 2124 2492 2178 τίνι
2540 2123 2897 2188 ἐκϐάλλουσι;
2932 2123 3031 2177 Διά
3078 2123 3237 2177 τοῦτο
3287 2123 3468 2193 κριταὶ
3516 2122 3648 2192 ὑμῶν

2093 2215 2250 2269 αὐτοὶ
2285 2215 2525 2269 ἔσονται.
2560 2215 2621 2268 Εἰ
2659 2214 2717 2268 δὲ
2761 2216 2819 2267 ἐν
2860 2213 3106 2283 δακτύλῳ
3145 2212 3280 2266 Θεοῦ
3312 2213 3554 2266 ἐκϐάλλω
3591 2215 3647 2266 τὰ

2088 2305 2359 2376 δαιμόνια,
2417 2305 2526 2376 ἄρα
2577 2304 2812 2374 ἔφθασεν
2869 2304 2954 2372 ἐφ’
3003 2305 3146 2373 ὑμᾶς
3191 2306 3224 2375 ἡ
3276 2302 3516 2374 βασιλεία
3568 2303 3645 2355 τοῦ

2088 2395 2245 2450 Θεοῦ.
2283 2415 2302 2447 ι
2360 2396 2554 2465 Κωφὸς
2600 2395 2818 2464 λέγεται
2855 2397 2952 2466 μὲν
2985 2396 3060 2459 ὡς
3109 2395 3200 2448 ἐπὶ
3247 2395 3308 2448 τὸ
3346 2395 3476 2448 πολὺ
3518 2399 3545 2448 ὀ
3583 2395 3648 2464 μὴ

2089 2486 2288 2552 λαλῶν,
2332 2488 2540 2556 λέγοιτο
2573 2487 2618 2541 δ’
2645 2489 2710 2541 ἀν
2748 2488 2840 2540 καὶ
2883 2490 2910 2542 ὁ
2963 2488 3039 2559 μὴ
3065 2486 3300 2554 ἀκούων,
3340 2486 3647 2557 κυριώτερον

2089 2579 2146 2634 δὲ
2181 2582 2208 2633 ὁ
2238 2580 2378 2650 μήτε
2413 2579 2650 2644 ἀκούων,
2680 2580 2817 2650 μήτε
2849 2579 3044 2634 λαλῶν.
3075 2580 3184 2633 Καὶ
3207 2581 3328 2647 οἵγε.
3355 2581 3419 2631 ἐκ
3445 2579 3644 2648 γενετῆς

2094 2673 2170 2744 μὴ
2203 2671 2514 2734 ἀκούοντες,
2547 2671 2670 2725 οὐδὲ
2709 2671 2980 2725 λαλοῦσιν·
3019 2671 3080 2735 ἐξ
3105 2670 3355 2740 ἀνάγκης
3376 2669 3480 2740 γάρ
3509 2669 3644 2722 τοῦτο

2093 2763 2384 2834 συμϐαίνει
2433 2763 2638 2826 αὐτοῖς.
2685 2762 2900 2816 Ἐκεῖνα
2955 2763 3064 2834 γὰρ
3108 2761 3398 2831 λαλοῦμεν,
3437 2760 3531 2814 ὃσα
3572 2761 3644 2813 διὰ

2095 2855 2193 2908 τοῦ
2230 2854 2452 2909 ἀκούειν
2493 2854 2838 2925 μανθάνομεν
2865 2853 3087 2922 δηλαδή.
3144 2853 3314 2907 Ὅταν
3363 2851 3419 2904 δέ
3465 2870 3540 2915 τις
3561 2852 3649 2903 οὐκ

2094 2948 2290 3018 ἀκούῃ,
2315 2946 2540 3009 εἰκότως
2561 2945 2684 3000 οὐδὲ
2713 2946 2886 3011 λαλεῖ,
2924 2944 3063 3017 πλὴν
3095 2947 3142 2997 εἰ
3177 2945 3254 3015 μὴ
3276 2943 3529 3006 πολλάκις
3558 2943 3646 2996 ὗπὺ

2093 3037 2298 3100 πάθους
2350 3036 2578 3108 ὕστερον
2633 3036 2838 3105 ἐϐλάϐη
2896 3036 2994 3099 τὰς
3037 3035 3233 3098 ἀκοάς·
3289 3035 3383 3088 τὸν
3434 3034 3644 3087 τοιοῦτον

2093 3132 2204 3202 γὰρ
2257 3129 2412 3184 οὐδὲν
2462 3129 2660 3184 κωλύει
2727 3129 2930 3182 λαλεῖν.
2997 3130 3056 3181 Ὀ
3113 3128 3293 3183 τοίνυν
3350 3126 3427 3198 τῷ
3484 3126 3644 3198 Κυρίῳ

2097 3221 2428 3294 προσαχθεὶς
2472 3221 2759 3292 ἀμφότερα
2792 3216 2881 3292 ἦν,
2916 3219 3014 3274 καὶ
3067 3220 3168 3290 τὴν
3194 3219 3442 3288 γλῶτταν
3479 3221 3563 3272 καὶ
3588 3220 3646 3271 τά

2094 3308 2210 3370 ὦτα
2244 3314 2446 3384 κωφός.
2479 3313 2753 3384 Σύμϐολον
2777 3313 2835 3367 δὲ
2873 3305 3030 3376 οὗτος
3063 3313 3162 3380 τῆς
3191 3311 3532 3383 ἀνθρωπίνης
3554 3310 3632 3379 φύ-

2097 3424 2256 3472 σεως,
2288 3407 2410 3477 ἥτις
2445 3405 2549 3458 ὑπὸ
2582 3404 2868 3474 δαιμόνων
2896 3402 3259 3475 κατεχομένη,
3290 3403 3416 3456 οὔτε
3454 3402 3644 3455 ἀκούειν

2093 3497 2338 3568 ἠνείχετο
2357 3497 2532 3564 λόγων
2574 3495 2732 3561 Θεοῦ,
2791 3493 2915 3549 οὔτε
2955 3494 3131 3564 πολλῴ
3173 3495 3375 3564 μᾶλλον
3423 3495 3643 3547 ἐκλαλεῖν

2096 3589 2348 3660 ἠδύνατο.
2417 3588 2556 3642 Ἀλλ’
2593 3589 2622 3640 ὁ
2667 3587 2868 3660 Κύριος
2916 3587 3107 3652 ἐλθὼν,
3150 3587 3246 3640 καὶ¹
3296 3586 3369 3640 τὰ
3413 3584 3645 3656 δαιμόνια-

2097 3680 2376 3748 ὲξελάσας,
2408 3679 2508 3743 τὰς
2561 3679 2830 3750 ἐμπαθεῖς
2877 3678 2972 3732 καὶ
3008 3677 3388 3748 δαιμονιώδεις
3425 3677 3640 3746 πράξεις,

2097 3771 2351 3843 ἐποίησεν
2383 3771 2530 3842 ἡμᾶς
2563 3770 2768 3837 λαλεῖν,
2800 3771 2894 3823 καὶ
2928 3769 3219 3840 κηρύττειν
3247 3769 3345 3840 τὴν
3391 3767 3640 3836 ἀλήθειαν·

2097 3864 2186 3919 δεῖ
2199 3863 2314 3936 γὰρ
2337 3865 2398 3918 οὐ
2435 3864 2594 3933 μόνον
2627 3863 2848 3917 ἀκούειν
2871 3861 3002 3916 Θεοῦ
3032 3862 3247 3931 λόγους,
3276 3861 3414 3914 ἀλλά
3441 3860 3526 3914 καὶ
3548 3858 3646 3911 ἐτέ-

2100 3972 2216 4028 ροις
2258 3954 2832 4024 λαλεῖν.⁹Δκούσωμεν
2864 3952 2958 4008 οὖν
2986 3954 3036 4006 οἱ
3070 3954 3286 4025 ἔχοντες
3326 3954 3425 4023 μὲν
3455 3955 3507 4004 ἐν
3537 3952 3642 4003 ἐαυ-

2097 4051 2211 4112 τοῖς
2234 4048 2334 4114 τάς
2361 4047 2740 4118 δαιμονιὼδεις
2773 4048 3022 4118 πράξεις,
3054 4048 3294 4118 οἰόμενοι
3327 4045 3385 4098 δὲ
3421 4047 3509 4099 καὶ
3545 4041 3643 4094 ἑτέ-

2099 4157 2228 4210 ρους
2262 4138 2554 4204 διδάσκειν,
2602 4139 2699 4192 καὶ
2751 4138 3032 4209 ἐφιέμενοι
3079 4140 3183 4193 ὑπὸ
3228 4140 3338 4192 τῶν
3373 4137 3645 4209 ἀνθρώπων

2099 4230 2387 4284 καλεῖσθαι
2429 4229 2642 4284 Ῥαϐϐί.
2693 4228 3030 4295 Ἐξελθόντος
3071 4231 3178 4300 γάρ
3231 4229 3328 4283 τοῦ
3372 4229 3640 4299 δαιμονίου,

2098 4320 2218 4373 τότε
2251 4321 2284 4390 ἡ
2313 4319 2519 4390 ἀληθὴς
2552 4319 2710 4373 λαλιὰ
2738 4320 2856 4391 ἦτοι
2886 4320 3203 4374 διδασκαλία
3231 4320 3460 4383 γίνεται·
3493 4321 3583 4382 ἓως
3607 4317 3644 4369 δ’

2100 4411 2166 4466 ἂν
2205 4413 2312 4464 ἔσω
2341 4412 2498 4482 ἡμῶν
2528 4412 2614 4481 εἴη
2647 4413 2680 4483 ή
2727 4413 2820 4466 τοῦ
2850 4412 3104 4480 δαίμονος
3131 4414 3351 4483 πρᾶξις,
3382 4413 3479 4466 κᾶν
3499 4411 3641 4465 δοκὼ-

424 4503 619 4556 Dieunt
643 4500 788 4555 enim
817 4500 1016 4556 habere
1045 4515 1170 4555 eum
1203 4501 1436 4556 amicum
1465 4504 1762 4574 principem
1793 4505 1994 4562 deamo-

2103 4521 2204 4574 μεν
2226 4504 2430 4570 λαλεῖν,
2468 4505 2528 4557 ού
2559 4504 2849 4574 λαλοῦμεν.
2907 4505 2970 4558 οι
3005 4507 3291 4575 Φαρισαῖοι
3342 4506 3400 4558 δὲ
3452 4503 3643 4557 διαϐἀλ·

424 4593 660 4658 nierum,
687 4601 849 4662 atque
889 4591 1032 4646 illius
1061 4594 1440 4662 cooperatione
1483 4593 1678 4662 ejicere
1709 4595 1993 4652 darmonia.

421 4683 502 4736 Ad
535 4697 672 4752 quos
706 4681 987 4748 Dominus,
1030 4682 1331 4749 Quomodo,
1369 4684 1561 4754 inquit,
1593 4696 1768 4752 potest
1790 4691 1994 4744 daemon

422 4774 621 4844 ejicere
639 4773 800 4828 alium
843 4774 1182 4828 dannonem‘!
1207 4773 1319 4830 lloe
1349 4775 1494 4829 enim
1523 4787 1672 4832 esset
1699 4780 2001 4836 destructio

424 4867 573 4935 regni
607 4867 751 4936 ejus.
783 4865 1062 4935 Siquidem
1090 4879 1314 4936 regnum
1356 4867 1430 4922 illi
1457 4877 1724 4938 putantet
1745 4872 2003 4941 quietem,

428 4959 675 5012 habitare
720 4957 775 5012 in
828 4957 1140 5012 hominibus
1178 4976 1192 5012 :
1229 4967 1282 5014 et
1317 4959 1367 5014 si
1407 4959 1557 5028 ejicit
1604 4975 1700 5018 eos
1753 4963 2005 5034 princeps

427 5053 692 5120 ipsorum,
733 5052 1078 5108 manifestum
1121 5055 1265 5124 quod
1307 5055 1544 5124 seipsum
1582 5057 1830 5114 destruit.
1883 5059 2005 5116 Ete-

429 5146 540 5200 nim
568 5158 730 5198 omne
752 5159 972 5214 regnum
997 5143 1230 5200 divisum
1253 5155 1309 5201 et
1333 5147 1650 5203 seditiosum
1673 5149 2000 5216 destruitur,

427 5243 478 5289 et
527 5235 719 5290 domus
766 5234 940 5289 divisa
979 5234 1147 5291 cadit.
1187 5235 1418 5293 Domum
1465 5249 1644 5294 autem
1684 5239 1800 5293 sive
1829 5239 2002 5294 acditi-

428 5327 571 5382 cium
617 5326 949 5382 intellexeris
973 5328 1151 5385 bene:
1181 5343 1308 5384 nam
1333 5331 1620 5387 aedilicium
1644 5333 1883 5401 quandiu
1914 5344 2010 5386 co-

433 5416 581 5472 hibet
621 5430 703 5483 se,
739 5425 794 5471 et
827 5426 1010 5472 servat
1054 5419 1494 5487 continuitatem,
1528 5421 1818 5478 consistit:
1857 5429 2010 5492 post-

431 5525 592 5578 quam
622 5518 802 5565 autem
835 5510 996 5565 etiam
1026 5513 1166 5568 muri
1191 5513 1530 5584 dispescunt,
1567 5516 1749 5572 cadit:
1775 5517 1890 5572 sive
1916 5530 2010 5572 eos

434 5603 525 5676 ιιιιί
557 5604 773 5658 domum
803 5602 1109 5661 inhabitant
1135 5606 1489 5667 intellexeris.
1511 5609 1646 5668 Nam
1680 5611 1733 5666 hi
1767 5609 2007 5681 quandiu

507 5785 584 5858 (ιι)
620 5787 676 5844 In
707 5790 837 5846 edit.
896 5786 1020 5845 Lut.
1065 5789 1260 5847 desunt
1312 5792 1492 5860 verba,
1535 5793 1625 5862 qui
1670 5808 1770 5846 non
1818 5790 2067 5864 loquitur.

2101 4596 2251 4649 λουσι
2281 4595 2342 4649 τὸ
2372 4594 2581 4666 θαῦμα,
2613 4596 2708 4648 καὶ
2728 4596 2803 4658 ὠς
2832 4595 3004 4667 γόητα
3025 4597 3114 4650 τὸν
3139 4598 3345 4667 Κύριον
3369 4595 3642 4667 ὑϐρίζουσι.

2100 4685 2204 4737 Τὸν
2229 4684 2337 4755 γὰρ
2370 4683 2625 4756 ἄρχοντα,
2661 4688 2817 4754 φασὶ,
2851 4687 2960 4740 τῶν
3003 4688 3298 4759 δαιμονίων
3336 4690 3472 4759 ἔχων
3499 4688 3644 4757 φίλων,

2097 4781 2164 4850 τῇ
2216 4777 2476 4851 συνεργίᾳ
2531 4779 2742 4834 ἐκείνου
2795 4781 3047 4835 ἐκϐάλλει
3097 4783 3166 4836 τὰ
3213 4782 3484 4853 δαιμόνια.
3531 4781 3647 4851 Πρὸς

2097 4871 2190 4934 οὒς
2235 4871 2264 4924 ὁ
2298 4872 2524 4942 Κύριος,
2579 4872 2724 4939 Πῶς,
2777 4875 2932 4943 φησὶ,
2966 4872 3188 4926 δυνατὸν
3215 4873 3443 4945 δαίμονα
3484 4871 3649 4926 ἐκϐάλ-

2100 4961 2215 5015 λειν
2246 4961 2404 5016 ἄλλον
2455 4963 2686 5034 δαίμονα
2717 4979 2732 5028 ;
2769 4962 2938 5017 Τοῦτο
2976 4964 3084 5035 γὰρ
3130 4965 3425 5029 κατάλυσις
3472 4964 3532 5018 ἂν
3572 4964 3646 5031 εἴη

2099 5055 2204 5126 τῆς
2255 5055 2535 5126 βασιλείας
2587 5056 2773 5112 αὐτοῦ.
2806 5058 2867 5109 Ei
2916 5057 3025 5130 γάρ
3057 5057 3336 5127 βασιλείαν
3389 5059 3483 5129 μὲν
3519 5057 3647 5110 αὐτοὶ

2104 5147 2365 5218 ἡγοῦνται
2395 5149 2489 5202 καὶ⁹
2522 5149 2832 5204 ἀνάπαυσιν
2871 5149 2932 5202 τὸ
2956 5152 3230 5204 κατοικεῖν
3258 5153 3319 5203 ἐν
3349 5149 3643 5220 ἀνθρώποις,

2101 5239 2353 5294 ἐκϐάλλει
2393 5240 2450 5294 δὲ
2493 5241 2691 5304 αὐτοὺς
2731 5242 2761 5294 δ
2811 5240 2997 5311 ἄρχων
3047 5242 3250 5311 αὐτῶν,
3290 5242 3541 5314 πρόδηλον
3579 5241 3651 5291 ὅτι

2102 5333 2295 5389 ἐαυτὸν
2317 5333 2595 5388 καταλύει.
2625 5334 2732 5388 Καὶ
2760 5332 2871 5404 γάρ
2902 5335 3052 5388 πᾶσα
3085 5333 3339 5405 βασιλεία
3365 5333 3646 5406 μερισθεῖσα

2107 5425 2206 5482 καὶ
2253 5426 2620 5492 στασιάζουσα
2673 5427 3024 5490 καταλύεται,
3069 5427 3164 5481 καὶ
3204 5423 3352 5491 οἶκος
3404 5421 3643 5497 μερισθεὶς

2104 5519 2314 5576 πίπτει.
2357 5514 2521 5574 Οἶκον
2566 5519 2624 5574 δὲ
2673 5522 2783 5574 εῐτε
2824 5520 2886 5573 τὸ
2935 5519 3278 5591 οἰκοδόμημα
3314 5520 3517 5590 νοήσεις
3562 5529 3641 5568 κα·

2107 5611 2234 5676 λῶς.
2279 5612 2390 5668 Καὶ
2435 5613 2545 5685 γὰρ
2595 5613 2630 5684 ἡ
2675 5612 2936 5687 οἰκοδομὴ
2983 5613 3089 5678 ἕως
3143 5614 3244 5685 μὲν
3295 5613 3535 5684 φυλάττει
3563 5607 3643 5677 τὴν
