3896 6452
216 406 323 476 861

902 405 1349 470 ENARRATIO
1384 407 1467 470 IN
1500 408 2002 473 EVANGELIUM
2035 407 2272 471 LUC/Ii.
2319 435 2388 447 —
2423 409 2584 476 CAP.
2627 411 2736 473 XI.

3381 411 3486 478 862

219 525 529 596 συνέχειαν,
560 524 798 588 ἵσταται,
850 522 992 578 ἐπὰν
1021 524 1080 578 δὲ
1110 524 1402 579 διαστῶσιν
1425 526 1521 580 ἀπ’
1556 527 1802 600 ἀλλήλων

1907 527 2116 601 paciﬁci
2150 537 2298 592 sunt,
2349 537 2790 585 conservantur:
2826 542 2953 585 cum
2999 537 3181 586 autem
3227 529 3370 588 inter
3423 549 3487 590 se

211 621 261 673 οἱ
295 623 486 692 τοῖχοι,
513 619 727 683 πίπτει,
771 617 882 671 είτε
945 611 1094 670 οἷκον
1131 618 1349 688 νοήσεις
1386 620 1512 682 τοὺς
1535 620 1593 672 ἐν
1625 623 1690 691 τῇ
1723 621 1804 673 oi-

209 713 326 786 κίᾳ,
381 715 478 768 καὶ
522 704 670 765 οῦτοι
699 711 805 775 ἐως
845 709 947 781 μὲν
993 710 1356 781 εἰρηνεύουσι,
1405 715 1799 782 συνεστήκασι,

206 808 352 862 ἐπάν
383 806 440 860 δὲ
471 804 731 859 διαστῶσι
783 803 907 857 κατ’
953 802 1224 871 ἀλλήλων,
1268 802 1584 859 πίπτουσιν.
1624 805 1804 857 Ἔστω

209 901 289 964 δέ,
328 902 412 955 ὅτι
446 899 696 954 ἐκϐάλλω
718 896 831 966 ἐγὼ
859 896 930 951 τὰ
957 881 1216 968 δαιμόνια
1244 898 1303 949 ἐν
1340 896 1421 968 τῷ
1451 895 1800 963 Βεελζεϐοὺλ,

209 994 259 1046 οἱ
282 992 392 1045 υἱοὶ
415 990 592 1062 ὑμῶν,
628 990 910 1043 τουτέστιν
942 990 993 1048 οἱ
1043 987 1354 1053 ἀπόστολοι,
1391 990 1448 1041 ἐν
1477 987 1585 1041 τίνι
1609 987 1803 1041 ἐκϐάλ-

207 1084 430 1148 λουσιν;
472 1077 552 1136 Ἦ
591 1080 769 1150 δῆλον,
801 1080 882 1134 ὅτι
907 1081 965 1132 ἐν
989 1078 1067 1148 τῷ
1097 1078 1216 1149 ἐμῷ
1253 1079 1512 1148 ὀνόματις
1549 1078 1674 1142 Πῶς
1707 1074 1802 1131 οὖν

207 1175 311 1245 ἐμὲ
342 1173 558 1243 λέγετε,
603 1175 686 1228 ὅτι
721 1174 782 1226 ἐν
817 1171 898 1242 τῷ
933 1171 1262 1235 Βεελζεϐοὺλ
1294 1170 1542 1226 ἐκϐάλλω
1571 1169 1702 1240 ἐγὼ,
1728 1170 1804 1234 ὼς

207 1266 403 1337 χρείαν
457 1267 594 1336 έχων
643 1267 746 1335 τῆς
805 1265 1019 1319 ἐκείνου
1084 1263 1390 1335 δυνάμεως,
1449 1264 1592 1318 ὅπου
1633 1280 1699 1332 γε
1749 1265 1800 1316 oi

208 1359 470 1429 ὑμέτεροι
542 1359 670 1424 υἱοὶ,
703 1358 876 1427 ήγουν
927 1359 976 1412 οἱ
1030 1357 1339 1423 ἀπόστολοι,
1370 1358 1428 1409 ἐν
1466 1356 1545 1425 τῷ
1577 1356 1802 1428 ὀνόματί

211 1467 315 1518 μου
347 1450 744 1517 ἐκϐάλλουσινς
777 1452 920 1520 Ἀρα
967 1448 1126 1502 αὐτοὶ
1168 1448 1598 1520 κατακρινοῦσιν
1629 1450 1798 1520 ὑμᾶς.

207 1542 492 1614 Πρόδηλον
515 1543 624 1614 γὰρ
655 1543 731 1605 ὡς
765 1543 861 1596 ἐὰν
891 1542 1090 1596 ἐκεῖνοι
1120 1541 1460 1596 ἐκϐάλλωσιν
1499 1543 1557 1593 ἐν
1583 1541 1661 1612 τῷ
1687 1541 1802 1595 ὀνό-

219 1634 354 1703 ματί
382 1651 510 1705 μου,
541 1635 652 1702 ἐγὼ
679 1634 782 1702 τῆς
830 1635 1020 1703 ἐτέρου
1045 1633 1330 1704 δυνάμεως
1364 1633 1424 1686 οὐ
1460 1633 1669 1705 χρῄζω.
1709 1633 1800 1686 Ἐν

205 1726 458 1798 δακτύλῳ
501 1727 632 1794 γοῦν
683 1726 842 1792 Θεοῦ,
886 1728 1167 1781 τουτέστιν
1198 1727 1256 1778 ἐν
1296 1727 1580 1798 Πνεύματι
1629 1728 1796 1798 ἀγῖῳ,

1908 621 2193 688 dissident,
2246 620 2469 676 cadunt.
2519 619 2648 676 Esto
2701 630 2878 677 autem
2934 622 3077 693 quod
3121 638 3222 695 ego
3271 624 3484 692 ejiciam

1907 714 2170 770 dmmonia
2196 713 2248 768 in
2278 712 2588 779 Beelzebul,
2619 712 2712 768 ﬁlii
2755 714 2944 779 vestri,
2976 714 3079 770 hoc
3108 725 3192 772 est
3228 717 3482 787 apostoli,

1905 806 1959 862 in
2011 820 2119 876 quo
2151 804 2414 874 ejiciunt?
2450 802 2645 860 Nonne
2667 803 3016 860 manifestum
3068 807 3211 876 quod
3253 807 3306 860 in
3363 823 3486 863 meo

1906 899 2162 954 nomine?
2182 898 2464 966 Quomodo
2487 897 2653 968 igitur
2681 895 2862 952 dicitis
2889 899 3034 967 quod
3055 912 3155 968 ego
3188 897 3400 966 ejiciam
3426 901 3479 954 in

1902 989 2208 1054 Beelzebul.
2259 990 2417 1060 quasi
2459 1003 2594 1060 opus
2634 989 2862 1044 habeam
2912 988 3060 1045 illius
3096 989 3320 1056 virtute,
3357 1005 3480 1046 cum

1904 1081 2000 1136 ﬁlii
2043 1081 2232 1148 vestri,
2277 1081 2447 1136 sancti
2482 1080 2689 1137 scilicet
2722 1079 2978 1150 apostoli,
3022 1079 3075 1136 in
3112 1095 3232 1136 meo
3259 1081 3480 1137 nomine

1903 1174 2168 1230 daemonia
2198 1171 2462 1242 ejiciant?
2507 1172 2676 1244 Igitur
2721 1173 2823 1242 ipsi
2873 1173 3313 1229 condemnabam
3360 1189 3482 1231 vos.

1903 1266 2245 1321 Manifestum
2265 1266 2411 1320 enim
2436 1265 2579 1335 quod
2607 1265 2654 1320 si
2684 1264 2758 1320 illi
2787 1264 2840 1319 in
2871 1279 2995 1320 meo
3017 1265 3233 1320 nomine
3259 1264 3487 1334 ejiciunt

1903 1360 2189 1427 dseruouia,
2213 1359 2346 1414 mihi
2380 1373 2488 1414 non
2520 1373 2658 1429 opus
2685 1359 2754 1414 sit
2779 1358 2981 1413 virtute
3021 1357 3265 1413 alterius.
3305 1359 3366 1413 in
3397 1358 3486 1414 di-

1901 1453 2015 1521 gito
2042 1467 2170 1524 ergo
2216 1452 2335 1515 Dei,
2365 1452 2470 1507 hoc
2511 1458 2619 1515 est,
2670 1450 2724 1504 in
2752 1449 2958 1520 Spiritu
2991 1458 3184 1506 sancto
3224 1449 3403 1519 ejicio,
3429 1458 3486 1505 et

1900 1543 2066 1615 357
2105 1559 2210 1598 non
2243 1543 2295 1596 iu
2330 1543 2472 1597 malo
2495 1542 2710 1612 spiritu.
2743 1541 2982 1612 Digitum
3008 1549 3189 1598 autem
3220 1540 3482 1611 Spiritum

1902 1639 2055 1702 dicit,
2089 1645 2149 1690 ut
2169 1637 2313 1692 scias
2337 1635 2478 1706 quod
2509 1634 2650 1711 sicut
2675 1632 2872 1705 digitus
2893 1633 3140 1704 ejusdem
3169 1633 3489 1688 substantiae

1901 1739 1985 1785 est
2015 1745 2136 1782 cum
2181 1737 2294 1782 toto
2341 1743 2589 1797 corpore,
2616 1727 2690 1782 ita
2722 1736 2778 1783 et
2808 1727 3046 1798 Spiritus
3068 1727 3310 1798 ejusdem
3346 1728 3482 1782 sub-

210 1818 482 1885 ἐκϐάλλω,
526 1819 622 1872 καὶ
651 1819 753 1872 οὐκ
783 1819 841 1871 ἐν
868 1819 1141 1889 πνεύματι
1174 1817 1416 1889 πονηρῷ.
1449 1818 1722 1873 Δάκτυλον
1745 1820 1802 1874 δὲ

1905 1823 2116 1874 stantia:
2155 1829 2236 1874 est
2263 1836 2383 1874 cum
2418 1819 2578 1874 Patre
2622 1829 2678 1875 et
2718 1819 2880 1875 Filio.
2915 1817 3183 1874 Fortassis
3213 1829 3393 1874 autem
3427 1828 3483 1874 et

208 1909 272 1964 τὸ
316 1909 543 1980 Πνεῦμα
573 1908 743 1977 λέγει,
775 1909 864 1963 ἴνα
909 1909 1088 1982 μάθῃς
1129 1911 1215 1964 ὃτι
1249 1911 1442 1982 ῶσπερ
1482 1914 1512 1966 6
1539 1911 1801 1976 δάκτυλος

207 2000 499 2070 δμοούσιός
529 2003 646 2054 ἐστι
670 2001 748 2072 τῷ
773 2002 879 2072 ὅλῳ
914 2000 1152 2072 σώματι,
1179 2003 1323 2056 οὕτω
1361 2003 1455 2056 καὶ
1479 2005 1539 2057 τὸ
1576 2003 1801 2075 Πνεῦμα

207 2093 500 2162 δμοούσιον
538 2091 614 2162 τῷ
638 2092 816 2164 ιιατρὶ
844 2095 937 2146 καὶ
960 2092 1039 2163 τῷ
1081 2093 1214 2164 Υίῷ.
1261 2095 1488 2164 Μήποτε
1525 2095 1580 2149 δέ
1612 2095 1800 2166 ἐπειδὴ

208 2185 334 2256 χεὶρ
373 2183 514 2237 Θεοῦ
547 2184 766 2254 λέγεται
795 2186 825 2238 6
857 2186 996 2251 Υἱὸς,
1024 2185 1474 2240 ἐπανεπαύσαντο
1499 2188 1555 2240 δὲ
1583 2188 1670 2242 ἐπ’
1705 2188 1800 2242 αύο

207 2275 303 2326 τὸν
343 2274 402 2326 αἱ
432 2273 526 2326 τοῦ
555 2273 871 2345 Πνεύματος
907 2275 1047 2330 ἐπτά
1093 2277 1367 2346 ἐνέργειαι
1409 2278 1506 2347 οὐχ
1542 2277 1616 2341 ῶς
1649 2280 1800 2350 ἐνερ-

208 2365 505 2436 γούμενον,
530 2365 646 2420 ἀλλ’
665 2366 742 2430 ὡς
761 2368 1045 2438 ὀμοούσιον
1068 2367 1142 2439 τῷ
1162 2368 1462 2439 Πνεύματι.
1493 2371 1588 2424 Ἕν
1613 2370 1668 2424 δέ
1691 2372 1801 2425 τῶν

207 2458 307 2512 τοῦ
349 2458 666 2529 Πνεύματος
705 2461 1078 2531 ξχαρισμάτων
1121 2463 1217 2516 καὶ
1253 2463 1546 2533 ἐνεργειῶν
1590 2466 1705 2517 ἐστι
1739 2467 1801 2517 τὸ

212 2551 438 2604 ιὶσθαιο
475 2551 565 2604 διὰ
594 2552 754 2606 τοῦτο
797 2553 1017 2622 λέγεται
1061 2556 1118 2609 ἐν
1147 2553 1400 2625 δακτύλῳ
1438 2555 1573 2608 Θεοῦ
1601 2556 1800 2608 ἐκϐάλ-

208 2642 329 2696 λειν
379 2643 447 2697 τά
490 2643 765 2714 δαιμόνια,
844 2645 1094 2698 τουτέστι
1153 2644 1230 2715 τῷ
1282 2643 1644 2714 πνευματικῷ
1701 2663 1800 2715 χα-

214 2733 471 2805 ρίσματι.
505 2735 717 2805 Ὠσπερ
749 2735 860 2806 γάρ
891 2735 1200 2800 δδάκτυλος
1241 2737 1405 2807 μέρος
1450 2736 1548 2808 τῆς
1588 2738 1796 2808 χειρὸς,

209 2827 359 2879 οὕτω
405 2828 584 2880 καὶτὸ
621 2829 838 2899 πνεῦμα
876 2829 988 2882 τῶν
1025 2829 1228 2882 ίάσεων
1256 2827 1422 2899 μέρος
1455 2822 1524 2899 ἦν
1555 2821 1629 2883 ὧν
1659 2824 1806 2899 εἶχεν

210 2917 241 2971 δ
279 2919 490 2988 Ἰησοῦς
521 2921 871 2988 πνευμάτων,
898 2921 1020 2990 ἦτοι
1053 2921 1162 2974 τῶν
1189 2921 1283 2974 τοῦ
1309 2921 1624 2992 πνεύματος
1651 2925 1807 2993 ἐνερ-

212 3005 404 3080 γειῶν.
441 3012 571 3068 Ἐάν
595 3010 687 3068 οῦν
738 3013 1010 3078 ἐκϐάλλω,
1059 3015 1211 3086 φησὶ,
1263 3014 1332 3068 τά
1378 3014 1636 3085 δαιμόνια
1685 3015 1808 3088 θείᾳ

1905 1914 2046 1978 ideo,
2077 1914 2202 1984 quia
2236 1911 2406 1968 Filius
2435 1913 2635 1968 dicitur
2654 1927 2850 1968 manus
2879 1911 2998 1976 Dei,
3022 1921 3076 1966 et
3107 1911 3489 1982 requieverunt

1905 2020 2070 2076 super
2097 2021 2220 2060 eum
2259 2015 2463 2074 septem
2499 2003 2750 2060 eﬁicaciae
2787 2003 3048 2075 Spiritus,
3075 2019 3182 2059 non
3215 2005 3357 2073 quod
3387 2017 3485 2069 per

1905 2095 2167 2166 Spiritum
2209 2105 2420 2166 agatur,
2455 2095 2548 2151 sed
2579 2095 2707 2165 quia
2731 2094 3212 2150 consubstantialis
3246 2103 3330 2149 est
3360 2092 3484 2162 Spi-

1907 2190 2056 2244 ritui.
2103 2187 2280 2244 Unum
2334 2198 2514 2243 autem
2551 2203 2615 2243 ex
2667 2187 2826 2242 donis
2860 2196 2915 2241 et
2963 2186 3215 2242 eﬂicaciis
3251 2185 3487 2255 Spiritus

1902 2283 2080 2340 sancti
2123 2292 2206 2336 est
2249 2295 2445 2335 sanare
2482 2300 2495 2335 :
2532 2291 2818 2350 propterea
2857 2280 3054 2336 dicitur
3083 2280 3137 2334 in
3168 2281 3331 2350 digito
3366 2279 3484 2348 Dei,

1899 2377 2004 2432 hoc
2026 2385 2131 2442 est,
2175 2377 2233 2431 in
2281 2375 2552 2446 spirituali
2590 2375 2731 2430 dono
2779 2373 2980 2442 ejicere
3028 2373 3312 2429 daemonia.
3349 2370 3482 2426 Nam

1898 2468 2042 2522 sicut
2061 2467 2258 2536 digitus
2289 2480 2410 2536 pars
2438 2475 2521 2520 est
2551 2479 2766 2529 manus,
2792 2465 2864 2518 ita
2895 2463 3117 2533 spiritus
3142 2463 3483 2516 sanationttm

1895 2575 2023 2630 pars
2043 2559 2141 2614 fuit
2158 2559 2448 2628 spirituum
2467 2573 2604 2628 quos
2627 2556 3096 2621 habuitChristus,
3127 2557 3226 2609 hoc
3242 2563 3324 2610 est
3352 2569 3481 2624 ope-

1896 2651 2169 2706 rationum
2215 2650 2467 2719 spiritus.
2493 2648 2788 2719 Propterea
2831 2648 2877 2704 si
2920 2645 3102 2715 ejicio,
3147 2645 3339 2714 inquit,
3374 2645 3482 2699 dae-

1903 2744 2082 2798 monia
2119 2743 2358 2797 cllicacia
2409 2742 2608 2796 divina:
2642 2741 2884 2804 virtutis,
2923 2739 3170 2810 pervenit
3203 2737 3396 2807 utique
3424 2735 3482 2792 in

1905 2851 1999 2890 vos
2036 2850 2260 2904 regnum
2293 2833 2410 2888 Dei.
2457 2833 2609 2900 Quod
2646 2832 2808 2887 talem
2857 2831 3020 2886 habet
3065 2845 3285 2885 sensum
3318 2846 3332 2882 :
3383 2827 3486 2882 De-

1905 2933 2172 2981 structum
2205 2940 2344 2978 nunc
2367 2933 2450 2978 est
2484 2938 2709 2992 regnum
2755 2920 2978 2988 diaboli,
3011 2929 3307 2990 regnatque
3341 2916 3484 2971 Deus

1907 3017 1999 3085 qui
2023 3016 2298 3070 daemones
2315 3015 2537 3084 eil‘ugat.
2561 3013 2700 3068 Audi
2724 3013 2866 3068 enim
2889 3012 3016 3082 quid
3040 3011 3294 3077 deinceps
3313 3007 3482 3066 dicat.

214 3105 496 3190 ἐνεργείᾳ,
528 3107 766 3176 ἐφθασεν
791 3106 899 3177 ἄρα
927 3105 1016 3176 ἐφ’
1042 3106 1186 3176 ὑμᾶς
1211 3107 1245 3178 ἡ
1287 3105 1536 3177 βασιλεία
1565 3106 1659 3161 τοῦ
1687 3105 1846 3161 Θεοῦ.
1891 3106 2069 3177 Ὅπερ
2098 3106 2339 3160 τοιοῦτον
2393 3107 2506 3176 ἔχει
2538 3105 2630 3159 τὸν
2659 3105 2804 3170 νοῐν,
2833 3105 2915 3158 ὅτι
2947 3101 3276 3158 καταλύεται
3299 3098 3486 3154 λοιπὸν

212 3201 250 3267 ἡ
281 3195 529 3266 βασιλεία
571 3197 665 3251 τοῦ
713 3198 984 3266 διαϐόλου,
1017 3198 1112 3253 καὶ
1153 3196 1428 3269 βασιλεύει
1473 3202 1501 3253 6
1544 3199 1677 3265 Θεὸς
1727 3200 1756 3253 6
1794 3198 1922 3263 τοὺς
1981 3199 2242 3269 δαίμονας
2304 3197 2606 3253 ἐκδιώκων.
2635 3199 2834 3252 ’Λκουε
2861 3196 2970 3268 γάρ
3022 3195 3074 3250 τί
3106 3194 3193 3248 διὰ
3221 3193 3327 3248 τῶν
3355 3191 3486 3263 ἐξῆς

211 3293 390 3363 λέγει.

293 3407 313 3440 ι
349 3388 518 3442 Ὅταν
563 3390 593 3442 6
636 3388 854 3460 ἰσχυρὸς
887 3388 1340 3460 καθωπλισμένος
1393 3390 1641 3464 φυλάσσῃ
1693 3390 1793 3462 τὴν

1971 3386 2132 3443 νειιε.
2158 3386 2340 3442 Sil-26.
2373 3405 2390 3438 ι
2420 3385 2554 3441 Cum
2581 3384 2738 3439 fortis
2760 3392 3006 3439 armatus
3031 3382 3263 3437 custodit
3284 3383 3484 3460 atrium

215 3478 416 3533 ἐαυτοῦ
455 3478 646 3550 αὐλὴν,
688 3481 747 3532 ἐν
781 3478 974 3552 εἰρήνῃ
1014 3481 1129 3534 ἐστὶ
1161 3481 1228 3534 τά
1275 3481 1590 3553 ὑπάρχοντα
1627 3483 1797 3554 αὐτῷ.

204 3572 210 3610 ἶ
229 3570 402 3624 Ἐπάν
422 3571 477 3624 δέ
504 3573 532 3624 6
565 3573 910 3644 ἰσχυρότερος
933 3571 1099 3630 αὐτοῦ
1125 3572 1368 3627 ἐπελθὼν
1395 3577 1591 3646 νικήσῃ
1616 3575 1800 3643 αὐτὸν,

218 3661 323 3732 τὴν
349 3661 651 3716 πανοπλίαν
689 3661 854 3716 αὑτοῦ
883 3663 1048 3733 αῐρει,
1078 3664 1164 3732 ἐφ’
1267 3665 1568 3730 ἐπεποίθει,
1603 3667 1698 3720 καὶ
1731 3665 1801 3721 τά

219 3751 396 3806 σκύλα
437 3751 601 3806 αὐτοῦ
644 3752 969 3808 διαδίδωσιν.
1007 3753 1066 3808 Ὀ
1107 3755 1180 3823 μὴ
1225 3753 1302 3809 ὢν
1335 3753 1454 3824 μετ’
1485 3755 1644 3826 ἐμοῦ,
1680 3756 1800 3811 κατ’

219 3843 358 3914 ἐμοῦ
401 3845 537 3906 ἐστι,
569 3843 666 3897 καὶ
692 3844 722 3895 6
752 3843 826 3915 μὴ
861 3843 1112 3912 συνάγων
1142 3845 1258 3914 μετ’
1291 3846 1449 3916 ἐμοῦ,
1483 3847 1797 3916 σκορπίζει.

221 3937 395 3990 Ὅταν
432 3936 494 3988 τὸ
523 3935 834 4007 ἀκάθαρτον
866 3935 1086 4006 πνεῦμα
1115 3936 1306 4011 ἐξέλθῃ
1335 3938 1445 3991 ἀπὸ
1471 3937 1563 3991 τοῦ
1594 3939 1803 4010 ἀνθρώ·

221 4043 350 4092 που,
380 4027 648 4096 διέρχεται
677 4025 746 4078 δι’
773 4025 1018 4095 ἀνύδρων
1042 4027 1222 4080 τόπων
1245 4027 1442 4097 ζητοῦν
1471 4028 1800 4096 ἀνάπαυσιν,

220 4123 320 4174 καὶ
357 4120 432 4191 μὴ
481 4119 751 4187 εὑρίσκων
777 4118 958 4188 λέγει’
1016 4120 1385 4192 ’Υποστρέψω
1409 4124 1486 4186 είς
1519 4123 1610 4176 τὸν
1655 4121 1802 4178 οἶκόν

224 4228 331 4280 μου
362 4210 484 4263 ὅθεν
527 4209 770 4278 ἐξῆλθον.
802 4209 912 4262 Καὶ
948 4209 1117 4262 ἐλθὼν
1149 4211 1392 4282 εὑρίσκει
1425 4213 1803 4283 σεσαρωμένον

220 4303 320 4354 καὶ
346 4300 788 4370 κεκοσμημένον,
819 4299 942 4352 τότε
973 4299 1286 4371 πορεύεται,
1313 4302 1408 4355 καὶ
1440 4303 1804 4373 παραλαμϐά-

224 4409 304 4446 νει
345 4393 488 4446 έπτά
533 4392 698 4464 ἐτερα
737 4391 1025 4463 πνεύματα
1070 4393 1412 4464 πονηρότερα
1455 4393 1672 4457 ἐαυτοῦ,
1711 4393 1804 4447 καί

221 4487 536 4541 εἰσελθόντα
575 4489 818 4540 κατοικεῖ
849 4488 983 4550 ἐκεῖ,
1015 4490 1109 4540 καὶ
1141 4488 1348 4555 γίνεται
1388 4487 1456 4540 τά
1483 4487 1686 4556 ἔσχατα
1712 4486 1801 4540 τοῦ

224 4580 519 4652 ἀνθρώπου
547 4580 761 4634 ἐκείνου
796 4579 1018 4651 χείρονα
1049 4579 1158 4634 τῶν
1187 4579 1440 4651 πρώτων.
1481 4598 1500 4630 ι
1540 4575 1648 4633 Ἶίν
1680 4581 1801 4649 μὲν,

223 4677 382 4745 φησὶ,
420 4675 524 4744 πρὸ
561 4675 658 4744 τῆς
685 4674 828 4744 ἐμῆς
869 4674 1179 4746 παρουσίας
1226 4675 1447 4746 ίσχυρδς
1475 4675 1503 4727 6
1531 4675 1799 4740 Σατανᾶς,

1908 3496 2088 3544 suum,
2118 3478 2169 3532 in
2200 3492 2330 3548 pace
2359 3485 2484 3531 sunt
2510 3490 2571 3530 ea
2609 3489 2729 3544 qua:
2775 3475 3034 3544 possidet.
3075 3473 3178 3530 Ubi
3213 3489 3340 3530 vero
3371 3473 3486 3528 loro

1907 3573 2014 3627 tior
2059 3586 2125 3626 eo
2160 3569 2554 3640 superveniens
2591 3568 2782 3623 vicerit
2832 3582 2978 3632 eum,
3029 3567 3282 3648 universa
3333 3581 3484 3620 arma

1908 3664 2030 3734 ejus
2068 3662 2266 3728 aufert,
2305 3662 2357 3716 in
2389 3661 2585 3731 quibus
2612 3659 2940 3722 conﬁdebat,
2969 3669 3025 3713 et
3060 3657 3229 3727 spolia
3257 3658 3376 3726 ejus
3406 3657 3488 3712 di-

1906 3755 2146 3811 stribuit.
2175 3752 2275 3820 Qui
2303 3767 2408 3808 non
2442 3761 2524 3806 est
2551 3766 2784 3814 mecum,
2817 3760 3006 3805 contra
3037 3763 3123 3803 me
3145 3759 3225 3804 est
3255 3767 3272 3803 ι
3299 3756 3355 3802 et
3392 3749 3486 3819 qui

1909 3855 2018 3902 noti
2055 3843 2256 3914 colligit
2291 3857 2524 3906 mecum,
2554 3841 2834 3910 dispergit.
2862 3838 2994 3893 Cum
3023 3840 3336 3893 immundus
3370 3841 3486 3908 Spi-

1909 3940 2049 3992 ritus
2087 3936 2283 3991 exierit
2314 3934 2383 3988 ab
2411 3933 2653 3995 homine,
2696 3930 2939 3985 ambulat
2966 3946 3060 3997 per
3089 3929 3203 3983 lora
3250 3931 3481 3996 arentia,

1909 4044 2160 4100 quaerens
2192 4028 2454 4097 requiem,
2506 4033 2559 4079 et
2584 4040 2689 4078 non
2721 4022 3022 4088 inveniens,
3057 4023 3187 4076 dicit
3230 4039 3244 4076 :
3283 4021 3480 4076 Rever-

1911 4132 1996 4177 tar
2049 4122 2102 4176 in
2151 4120 2370 4175 domum
2416 4132 2591 4172 meam
2625 4114 2765 4170 unde
2800 4114 2964 4170 exivi.
2997 4114 3208 4169 Etcum
3257 4115 3485 4177 venerit,

1913 4214 2117 4270 invenit
2153 4227 2272 4268 eam
2297 4209 2474 4281 scopis
2502 4209 2810 4263 mundatam
2834 4215 2998 4277 atque
3026 4217 3272 4261 ornatam
3297 4222 3310 4259 :
3359 4216 3486 4260 tunc

1911 4306 2082 4374 vadit,
2127 4315 2183 4360 et
2218 4303 2450 4358 assumit
2502 4312 2710 4373 septem
2745 4300 2881 4356 alios
2929 4300 3150 4368 spiritus
3200 4299 3488 4362 nequiores

1912 4399 2052 4468 ipso,
2081 4408 2136 4452 et
2167 4396 2394 4464 ingressi
2427 4394 2674 4448 habitant
2714 4394 2806 4458 ibi,
2852 4400 2905 4445 el
2948 4391 3084 4445 ﬁunt
3110 4401 3352 4446 extrema
3389 4391 3487 4442 ho-

1913 4490 2073 4543 minis
2119 4487 2262 4542 illius
2316 4486 2501 4556 pejora
2539 4485 2747 4553 primis.
2786 4501 2806 4535 ι
2842 4481 2966 4537 Fuit
3003 4481 3242 4553 quidem,
3290 4480 3483 4547 inquit,

1910 4592 2034 4636 ante
2057 4581 2347 4636 adventum
2383 4594 2558 4632 meum
2593 4577 2748 4632 fortis
2778 4575 3040 4653 Satanas,
3063 4585 3118 4629 et
3144 4571 3488 4628 custodiebat

1912 4675 2108 4728 atrium
2139 4687 2318 4734 sumn,
2352 4671 2454 4724 hoc
2483 4677 2586 4732 est,
2617 4667 2940 4736 praevalebat
2966 4673 3018 4719 et
3057 4662 3353 4733 imperabat
3381 4661 3484 4714 hu-

223 4770 322 4822 καὶ
354 4765 627 4836 ἐφύλασσε
660 4766 760 4837 τὴν
786 4766 981 4822 ἑαυτοῦ
1012 4766 1204 4836 αὐλὴν,
1230 4768 1501 4832 τουτέστι,
1529 4767 1802 4837 κατεκρά-

1913 4780 2083 4820 mante
2123 4771 2330 4817 natura:
2379 4761 2591 4815 fortiter
2620 4768 2674 4814 et
2710 4773 2922 4814 secure.
2963 4755 3253 4824 Postquam
3301 4763 3481 4806 autem

223 4879 311 4915 τει
356 4861 456 4931 τῆς
485 4860 838 4932 ἀνθρωπίνης
886 4861 1101 4930 φύσεως
1138 4859 1373 4930 βεϐαίως
1411 4861 1504 4913 καὶ
1534 4861 1796 4929 ἀσφαλῶς

224 4953 369 5008 ἐπὰν
391 4953 446 5008 δὲ
462 4948 626 5024 ἦλθον
649 4951 760 5020 ἐγὼ
847 4953 1196 5023 ἰσχυρότερος
1218 4952 1406 5012 αὑτοῦ,
1431 4952 1522 5004 καὶ
1534 4933 1805 5022 ’νενίκηκα

224 5047 321 5101 τδν
338 5049 564 5116 κόσμον,
586 5045 682 5099 καὶ
701 5044 797 5116 τὴν
813 5044 1121 5098 πανοπλίαν
1134 5043 1324 5109 αὑτοῦ,
1342 5045 1426 5114 ἐφ’
1499 5044 1802 5107 ἐπεποίθει,

225 5143 368 5211 ὅπερ
395 5140 510 5193 ἐστι
555 5140 734 5192 πάντα
776 5140 844 5192 τὰ
877 5138 995 5209 εἴδη
1034 5139 1132 5208 τῆς
1175 5136 1474 5208 ἁμαρτίαςο
1523 5137 1662 5206 αῦτη
1699 5137 1808 5205 γὰρ

222 5232 370 5288 ὅπλα
398 5231 493 5284 τοῦ
533 5231 804 5295 διαϐόλου,
840 5230 934 5282 καὶ
969 5227 1144 5300 ταύτῃ
1173 5227 1394 5301 θαρρῶν
1419 5227 1634 5297 ἐνίσχυε
1668 5228 1809 5280 κατά

223 5323 338 5377 τῶν
383 5321 687 5393 ἀνθρώπων
714 5335 728 5349 ⁸
769 5319 977 5391 ταύτην
1022 5314 1115 5372 οῦν
1152 5318 1250 5390 τὴν
1300 5316 1602 5370 πανοπλίαν
1644 5315 1808 5368 αὑτοῦ

179 5477 182 5480 ,
224 5416 490 5488 summa
527 5413 908 5484 ἀναμάρτητος
944 5410 1209 5482 εὑρεθεὶς,
1261 5413 1357 5464 καὶ
1402 5410 1588 5464 ἔκτοτε
1637 5408 1800 5480 ἠσθέ-

199 5513 202 5516 ’
225 5525 382 5580 νησε.
411 5508 521 5562 Καὶ
545 5507 614 5559 τά
641 5505 816 5559 σκύλα
847 5503 1034 5569 αὑτοῦ,
1059 5505 1180 5574 ήτοι
1204 5504 1330 5568 τοὺς
1356 5503 1452 5556 ἀνθ
1463 5503 1695 5574 ρῴπους,
1718 5501 1812 5566 οὒς

221 5599 374 5672 εἶχεν
394 5601 468 5664 ὡς
491 5600 730 5670 λάφυρα,
755 5597 1052 5651 ἀπέσπασα
1074 5596 1171 5649 ἀπ’
1188 5596 1376 5660 αὑτοῦ,
1401 5594 1497 5650 καὶ
1522 5595 1808 5664 διαδίδωμι

225 5694 387 5751 ἄλλον
417 5693 560 5763 ἄλλῳ
591 5689 809 5760 ἀγγέλῳ
840 5687 1014 5759 πιστῷ
1042 5686 1263 5757 φύλακι,
1293 5688 1382 5741 ἵνα
1410 5689 1533 5741 ἀντὶ
1567 5687 1661 5740 τοῦ
1694 5685 1810 5740 δαί⁶

233 5803 417 5859 μονος,
445 5777 489 5854 ᾧ
514 5784 882 5855 ἐτυραννεῖτο,
919 5781 1018 5852 ἔχῃ
1049 5780 1212 5834 αὑτὸν
1239 5782 1267 5833 δ
1289 5779 1544 5849 ἄγγελος.
1577 5781 1688 5834 Καὶ
1714 5778 1806 5832 ἀλ-

229 5879 340 5944 λως
365 5877 446 5932 δέ’
475 5875 610 5933 Τίνα
639 5873 922 5930 κοινωνίαν
957 5873 1068 5944 ἔχω
1115 5871 1226 5941 ἐγὼ
1275 5873 1407 5945 πρὸς
1438 5871 1528 5928 τὸν
1576 5869 1802 5935 Βεελζε-

1912 4871 2012 4928 ego
2041 4855 2161 4910 veni
2199 4854 2290 4908 illo
2317 4853 2531 4918 fortior,
2557 4861 2613 4906 et
2645 4851 2747 4906 vici
2780 4849 3038 4904 mundum
3073 4846 3364 4916 omniaque
3392 4858 3484 4898 ar.

1913 4967 1996 5004 ma
2033 4948 2150 5019 ejus
2195 4948 2249 5002 in
2279 4947 2478 5017 quibus
2509 4945 2726 5010 ﬁdebat,
2761 4943 2944 4998 omnia
2993 4941 3201 4997 scilicet
3231 4946 3484 5008 peccato.

1913 5057 2030 5095 rom
2071 5054 2268 5111 genera
2303 5057 2315 5092 :
2349 5038 2439 5092 illa
2475 5037 2620 5091 enim
2643 5050 2796 5090 arma
2821 5042 2948 5090 sunt
2973 5031 3168 5086 diaboli
3204 5032 3256 5085 in
3287 5029 3486 5099 quibus

1911 5135 2107 5190 lidebat
2136 5143 2190 5189 et
2223 5131 2548 5203 praevalebat
2574 5129 2832 5184 adversus
2863 5126 3110 5182 homines
3147 5140 3162 5178 :
3192 5140 3341 5178 arma
3385 5123 3488 5194 igi-

1907 5236 2016 5294 tur,
2042 5227 2284 5295 inquam,
2309 5224 2399 5278 illa
2416 5223 2532 5293 ejus
2550 5221 2743 5292 diripui
2767 5235 2889 5289 ego,
2909 5219 3000 5289 qui
3021 5219 3136 5274 sine
3154 5227 3377 5287 peccato
3400 5221 3485 5271 in-

1899 5327 2130 5384 ventus,
2153 5326 2206 5371 et
2230 5331 2296 5371 ex
2330 5330 2395 5370 eo
2420 5325 2660 5384 tempore
2683 5312 2874 5368 debilis
2896 5310 3070 5366 factus
3109 5319 3213 5370 est.
3243 5316 3295 5363 et
3312 5309 3485 5380 Spolia

1909 5409 2049 5481 ejus,
2083 5408 2185 5464 hoc
2235 5413 2318 5463 est
2363 5405 2606 5460 homines
2637 5418 2774 5474 quos
2807 5401 3041 5457 habebat
3088 5401 3240 5472 quasi
3287 5400 3482 5468 spolia,

1891 5502 1980 5556 ab
2004 5515 2069 5555 eo
2096 5497 2274 5569 rapui,
2305 5507 2360 5551 et
2385 5495 2542 5550 trado
2578 5509 2665 5560 ea,
2697 5493 2843 5550 aliud
2873 5493 2964 5548 alii
2992 5491 3182 5563 angelo
3217 5490 3322 5544 ﬁdo
3383 5505 3480 5544 cu-

1907 5592 2155 5656 stodi,nt
2205 5604 2304 5659 pro
2343 5589 2606 5650 dzemone,
2655 5587 2810 5655 cujus
2862 5586 3204 5656 tyrannidem
3261 5581 3478 5642 tulerat,

1906 5687 2103 5742 habeat
2137 5682 2406 5753 angelum.
2447 5681 2539 5737 Vel
2567 5681 2723 5737 aliter
2757 5700 2770 5735 :
2806 5680 2993 5748 Egone
3037 5673 3473 5732 communionem

1904 5792 2025 5832 cum
2053 5773 2337 5831 Bcelzebul
2392 5773 2601 5828 habeo?
2640 5771 2813 5828 Meum
2849 5784 2984 5838 opus
3020 5776 3103 5822 est
3145 5775 3475 5833 congregare

1903 5869 2042 5927 ﬁlios
2073 5868 2164 5926 Dei
2195 5868 2490 5941 dispersos,
2535 5867 2678 5923 illius
2719 5879 2847 5921 vero
2878 5869 3230 5929 congregatos
3258 5857 3465 5926 dispen
