  <div class='ocr_page' id='page_1' title='image "/cluster/home/n/w/nwhite01/storage/ocr_20150623/123/hvd.32044019208198/441.png"; bbox 0 0 3896 6452; ppageno 0'>
   <div class='ocr_carea' id='block_1_1' title="bbox 405 378 542 461">
    <p class='ocr_par' dir='ltr' id='par_1_1' title="bbox 405 378 542 461">
     <span class='ocr_line' id='line_1_1' title="bbox 405 378 542 461; baseline -0.029 -19"><span class='ocrx_word' id='word_1_1' title='bbox 405 378 542 461; x_wconf 64' lang='lat' dir='ltr'><strong>sm</strong></span> 
     </span>
    </p>
   </div>
   <div class='ocr_carea' id='block_1_2' title="bbox 1359 367 3664 438">
    <p class='ocr_par' dir='ltr' id='par_1_2' title="bbox 1359 367 3664 438">
     <span class='ocr_line' id='line_1_2' title="bbox 1359 367 3664 438; baseline -0.002 -3"><span class='ocrx_word' id='word_1_2' title='bbox 1359 371 1937 437; x_wconf 79' lang='lat' dir='ltr'><strong>THEOPHYLACTI</strong></span> <span class='ocrx_word' id='word_1_3' title='bbox 1976 372 2392 438; x_wconf 75' lang='lat' dir='ltr'><strong>BULGARL’E</strong></span> <span class='ocrx_word' id='word_1_4' title='bbox 2427 367 2789 434; x_wconf 77' lang='lat' dir='ltr'><strong>ARCHIEP.</strong></span> <span class='ocrx_word' id='word_1_5' title='bbox 3578 367 3664 432; x_wconf 75' lang='grc' dir='ltr'><strong>θθί</strong></span> 
     </span>
    </p>
   </div>
   <div class='ocr_carea' id='block_1_3' title="bbox 438 471 2035 561">
    <p class='ocr_par' dir='ltr' id='par_1_3' title="bbox 438 485 2023 561">
     <span class='ocr_line' id='line_1_3' title="bbox 438 485 2023 561; baseline -0.003 -15"><span class='ocrx_word' id='word_1_6' title='bbox 438 505 586 561; x_wconf 70' lang='lat' dir='ltr'><strong>gere.</strong></span> <span class='ocrx_word' id='word_1_7' title='bbox 615 487 899 557; x_wconf 78' lang='lat' dir='ltr'><strong>Quomodo</strong></span> <span class='ocrx_word' id='word_1_8' title='bbox 924 485 1091 556; x_wconf 75' lang='lat' dir='ltr'><strong>igitur</strong></span> <span class='ocrx_word' id='word_1_9' title='bbox 1115 486 1180 540; x_wconf 88' lang='lat' dir='ltr'><strong>de</strong></span> <span class='ocrx_word' id='word_1_10' title='bbox 1202 501 1292 541; x_wconf 83' lang='lat' dir='ltr'><strong>me</strong></span> <span class='ocrx_word' id='word_1_11' title='bbox 1323 487 1580 559; x_wconf 75' lang='lat' dir='ltr'><strong>cogitatis</strong></span> <span class='ocrx_word' id='word_1_12' title='bbox 1611 488 1755 558; x_wconf 88' lang='lat' dir='ltr'><strong>quod</strong></span> <span class='ocrx_word' id='word_1_13' title='bbox 1775 502 2023 545; x_wconf 90' lang='lat' dir='ltr'><strong>commu-</strong></span> 
     </span>
    </p>
   </div>
   <div class='ocr_carea' id='block_1_4' title="bbox 2139 471 3671 561">
    <p class='ocr_par' dir='ltr' id='par_1_4' title="bbox 2139 471 3671 555">
     <span class='ocr_line' id='line_1_4' title="bbox 2139 471 3671 555; baseline -0.009 -13"><span class='ocrx_word' id='word_1_14' title='bbox 2139 484 2301 551; x_wconf 69' lang='grc' dir='ltr'>ϐούλς</span> <span class='ocrx_word' id='word_1_15' title='bbox 2347 481 2510 555; x_wconf 74' lang='grc' dir='ltr'>Ἐμὸν</span> <span class='ocrx_word' id='word_1_16' title='bbox 2539 480 2602 555; x_wconf 75' lang='grc' dir='ltr'><strong>ἐρ</strong></span> <span class='ocrx_word' id='word_1_17' title='bbox 2616 496 2702 550; x_wconf 76' lang='grc' dir='ltr'>(ον</span> <span class='ocrx_word' id='word_1_18' title='bbox 2724 475 2867 544; x_wconf 78' lang='grc' dir='ltr'>ἐστὶ,</span> <span class='ocrx_word' id='word_1_19' title='bbox 2905 474 2968 532; x_wconf 75' lang='grc' dir='ltr'>τὸ</span> <span class='ocrx_word' id='word_1_20' title='bbox 3014 474 3270 545; x_wconf 76' lang='grc' dir='ltr'><strong>συνάγειν</strong></span> <span class='ocrx_word' id='word_1_21' title='bbox 3298 471 3370 528; x_wconf 79' lang='grc' dir='ltr'><strong>τὰ</strong></span> <span class='ocrx_word' id='word_1_22' title='bbox 3408 473 3562 530; x_wconf 80' lang='grc' dir='ltr'>τέκνα</span> <span class='ocrx_word' id='word_1_23' title='bbox 3596 482 3671 533; x_wconf 66' lang='grc' dir='ltr'>τοῦ</span> 
     </span>
    </p>
   </div>
   <div class='ocr_carea' id='block_1_5' title="bbox 438 576 2024 648">
    <p class='ocr_par' dir='ltr' id='par_1_5' title="bbox 438 576 2024 648">
     <span class='ocr_line' id='line_1_5' title="bbox 438 576 2024 648; baseline -0.003 -9"><span class='ocrx_word' id='word_1_24' title='bbox 438 585 659 639; x_wconf 85' lang='lat' dir='ltr'><strong>nionem</strong></span> <span class='ocrx_word' id='word_1_25' title='bbox 703 580 930 639; x_wconf 79' lang='lat' dir='ltr'><strong>habeam</strong></span> <span class='ocrx_word' id='word_1_26' title='bbox 976 593 1099 634; x_wconf 86' lang='lat' dir='ltr'><strong>eum</strong></span> <span class='ocrx_word' id='word_1_27' title='bbox 1134 576 1382 633; x_wconf 77' lang='lat' dir='ltr'><strong>Satana?</strong></span> <span class='ocrx_word' id='word_1_28' title='bbox 1414 578 1481 633; x_wconf 82' lang='lat' dir='ltr'><strong>Et</strong></span> <span class='ocrx_word' id='word_1_29' title='bbox 1518 578 1762 648; x_wconf 78' lang='lat' dir='ltr'><strong>profecto</strong></span> <span class='ocrx_word' id='word_1_30' title='bbox 1792 580 1907 635; x_wconf 71' lang='lat' dir='ltr'><strong>lucc</strong></span> <span class='ocrx_word' id='word_1_31' title='bbox 1932 592 2024 634; x_wconf 88' lang='lat' dir='ltr'><strong>co-</strong></span> 
     </span>
    </p>
   </div>
   <div class='ocr_carea' id='block_1_6' title="bbox 436 669 2028 753">
    <p class='ocr_par' dir='ltr' id='par_1_6' title="bbox 436 669 2028 753">
     <span class='ocr_line' id='line_1_6' title="bbox 436 669 2028 753; baseline 0.001 -26"><span class='ocrx_word' id='word_1_32' title='bbox 436 672 631 744; x_wconf 77' lang='lat' dir='ltr'><strong>gitatio</strong></span> <span class='ocrx_word' id='word_1_33' title='bbox 663 671 790 753; x_wconf 59' lang='lat' dir='ltr'><strong>hinc</strong></span> <span class='ocrx_word' id='word_1_34' title='bbox 820 671 1017 736; x_wconf 88' lang='lat' dir='ltr'><strong>oritur,</strong></span> <span class='ocrx_word' id='word_1_35' title='bbox 1053 669 1198 739; x_wconf 87' lang='lat' dir='ltr'><strong>quod</strong></span> <span class='ocrx_word' id='word_1_36' title='bbox 1226 669 1502 726; x_wconf 79' lang='lat' dir='ltr'><strong>daemones</strong></span> <span class='ocrx_word' id='word_1_37' title='bbox 1549 671 1721 742; x_wconf 67' lang='lat' dir='ltr'><strong>magis</strong></span> <span class='ocrx_word' id='word_1_38' title='bbox 1757 685 1899 725; x_wconf 90' lang='lat' dir='ltr'><strong>nunc</strong></span> <span class='ocrx_word' id='word_1_39' title='bbox 1929 684 2028 728; x_wconf 76' lang='lat' dir='ltr'><strong>vos</strong></span> 
     </span>
    </p>
   </div>
   <div class='ocr_carea' id='block_1_7' title="bbox 439 758 2024 831">
    <p class='ocr_par' dir='ltr' id='par_1_7' title="bbox 439 758 2024 831">
     <span class='ocr_line' id='line_1_7' title="bbox 439 758 2024 831; baseline 0.003 -18"><span class='ocrx_word' id='word_1_40' title='bbox 439 779 598 831; x_wconf 79' lang='lat' dir='ltr'><strong>quam</strong></span> <span class='ocrx_word' id='word_1_41' title='bbox 638 762 769 823; x_wconf 75' lang='lat' dir='ltr'><strong>olim</strong></span> <span class='ocrx_word' id='word_1_42' title='bbox 804 769 1073 831; x_wconf 80' lang='lat' dir='ltr'><strong>premant.</strong></span> <span class='ocrx_word' id='word_1_43' title='bbox 1125 758 1336 814; x_wconf 82' lang='lat' dir='ltr'><strong>Etenim</strong></span> <span class='ocrx_word' id='word_1_44' title='bbox 1379 760 1646 818; x_wconf 74' lang='lat' dir='ltr'><strong>habuistis</strong></span> <span class='ocrx_word' id='word_1_45' title='bbox 1689 762 1856 819; x_wconf 85' lang='lat' dir='ltr'><strong>etiam</strong></span> <span class='ocrx_word' id='word_1_46' title='bbox 1897 763 2024 818; x_wconf 84' lang='lat' dir='ltr'><strong>olim</strong></span> 
     </span>
    </p>
   </div>
   <div class='ocr_carea' id='block_1_8' title="bbox 439 853 2027 926">
    <p class='ocr_par' dir='ltr' id='par_1_8' title="bbox 439 853 2027 926">
     <span class='ocr_line' id='line_1_8' title="bbox 439 853 2027 926; baseline 0.003 -18"><span class='ocrx_word' id='word_1_47' title='bbox 439 855 783 910; x_wconf 88' lang='lat' dir='ltr'><strong>immundum</strong></span> <span class='ocrx_word' id='word_1_48' title='bbox 816 854 1094 923; x_wconf 87' lang='lat' dir='ltr'><strong>spiritum,</strong></span> <span class='ocrx_word' id='word_1_49' title='bbox 1119 853 1211 923; x_wconf 90' lang='lat' dir='ltr'><strong>qui</strong></span> <span class='ocrx_word' id='word_1_50' title='bbox 1245 853 1524 910; x_wconf 87' lang='lat' dir='ltr'><strong>habitabat</strong></span> <span class='ocrx_word' id='word_1_51' title='bbox 1548 854 1600 909; x_wconf 93' lang='lat' dir='ltr'><strong>in</strong></span> <span class='ocrx_word' id='word_1_52' title='bbox 1631 855 1784 912; x_wconf 85' lang='lat' dir='ltr'><strong>vobis</strong></span> <span class='ocrx_word' id='word_1_53' title='bbox 1810 857 2027 926; x_wconf 82' lang='lat' dir='ltr'><strong>quando</strong></span> 
     </span>
    </p>
   </div>
   <div class='ocr_carea' id='block_1_9' title="bbox 440 944 2028 1015">
    <p class='ocr_par' dir='ltr' id='par_1_9' title="bbox 440 944 2028 1015">
     <span class='ocr_line' id='line_1_9' title="bbox 440 944 2028 1015; baseline 0.003 -14"><span class='ocrx_word' id='word_1_54' title='bbox 440 947 580 1001; x_wconf 79' lang='lat' dir='ltr'><strong>iddla</strong></span> <span class='ocrx_word' id='word_1_55' title='bbox 611 945 899 1011; x_wconf 81' lang='lat' dir='ltr'><strong>colebatis,</strong></span> <span class='ocrx_word' id='word_1_56' title='bbox 932 954 986 1000; x_wconf 85' lang='lat' dir='ltr'><strong>et</strong></span> <span class='ocrx_word' id='word_1_57' title='bbox 1018 945 1317 1015; x_wconf 73' lang='lat' dir='ltr'><strong>prophetas</strong></span> <span class='ocrx_word' id='word_1_58' title='bbox 1348 944 1724 1015; x_wconf 86' lang='lat' dir='ltr'><strong>occidebatis;</strong></span> <span class='ocrx_word' id='word_1_59' title='bbox 1774 958 1827 1005; x_wconf 91' lang='lat' dir='ltr'><strong>et</strong></span> <span class='ocrx_word' id='word_1_60' title='bbox 1878 948 2028 1006; x_wconf 77' lang='lat' dir='ltr'><strong>visus</strong></span> 
     </span>
    </p>
   </div>
   <div class='ocr_carea' id='block_1_10' title="bbox 439 1036 2031 1108">
    <p class='ocr_par' dir='ltr' id='par_1_10' title="bbox 439 1036 2031 1108">
     <span class='ocr_line' id='line_1_10' title="bbox 439 1036 2031 1108; baseline 0.004 -16"><span class='ocrx_word' id='word_1_61' title='bbox 439 1047 523 1092; x_wconf 86' lang='lat' dir='ltr'><strong>est</strong></span> <span class='ocrx_word' id='word_1_62' title='bbox 546 1046 732 1108; x_wconf 84' lang='lat' dir='ltr'><strong>postea</strong></span> <span class='ocrx_word' id='word_1_63' title='bbox 764 1036 931 1108; x_wconf 68' lang='lat'><strong>358</strong></span> <span class='ocrx_word' id='word_1_64' title='bbox 954 1039 1101 1093; x_wconf 77' lang='lat' dir='ltr'><strong>exire</strong></span> <span class='ocrx_word' id='word_1_65' title='bbox 1131 1052 1162 1091; x_wconf 88' lang='lat' dir='ltr'><strong>a</strong></span> <span class='ocrx_word' id='word_1_66' title='bbox 1186 1037 1339 1093; x_wconf 87' lang='lat' dir='ltr'><strong>vobis</strong></span> <span class='ocrx_word' id='word_1_67' title='bbox 1368 1053 1384 1092; x_wconf 90' lang='lat'><strong>:</strong></span> <span class='ocrx_word' id='word_1_68' title='bbox 1414 1046 1469 1092; x_wconf 90' lang='lat' dir='ltr'><strong>at</strong></span> <span class='ocrx_word' id='word_1_69' title='bbox 1493 1052 1635 1094; x_wconf 89' lang='lat' dir='ltr'><strong>nunc</strong></span> <span class='ocrx_word' id='word_1_70' title='bbox 1664 1040 1822 1097; x_wconf 91' lang='lat' dir='ltr'><strong>rediit</strong></span> <span class='ocrx_word' id='word_1_71' title='bbox 1851 1041 1905 1096; x_wconf 90' lang='lat' dir='ltr'><strong>in</strong></span> <span class='ocrx_word' id='word_1_72' title='bbox 1934 1041 2031 1098; x_wconf 88' lang='lat' dir='ltr'><strong>do-</strong></span> 
     </span>
    </p>
   </div>
   <div class='ocr_carea' id='block_1_11' title="bbox 444 1131 2026 1204">
    <p class='ocr_par' dir='ltr' id='par_1_11' title="bbox 444 1131 2026 1204">
     <span class='ocr_line' id='line_1_11' title="bbox 444 1131 2026 1204; baseline 0.004 -21"><span class='ocrx_word' id='word_1_73' title='bbox 444 1145 588 1191; x_wconf 80' lang='lat' dir='ltr'><strong>mum</strong></span> <span class='ocrx_word' id='word_1_74' title='bbox 636 1144 812 1195; x_wconf 81' lang='lat' dir='ltr'><strong>suam,</strong></span> <span class='ocrx_word' id='word_1_75' title='bbox 857 1132 960 1186; x_wconf 88' lang='lat' dir='ltr'><strong>hoc</strong></span> <span class='ocrx_word' id='word_1_76' title='bbox 997 1139 1082 1187; x_wconf 87' lang='lat' dir='ltr'><strong>est</strong></span> <span class='ocrx_word' id='word_1_77' title='bbox 1119 1131 1328 1186; x_wconf 86' lang='lat' dir='ltr'><strong>animas</strong></span> <span class='ocrx_word' id='word_1_78' title='bbox 1367 1138 1599 1197; x_wconf 81' lang='lat' dir='ltr'><strong>vestras,</strong></span> <span class='ocrx_word' id='word_1_79' title='bbox 1647 1146 1770 1188; x_wconf 86' lang='lat' dir='ltr'><strong>cum</strong></span> <span class='ocrx_word' id='word_1_80' title='bbox 1817 1143 2026 1204; x_wconf 81' lang='lat' dir='ltr'><strong>septem</strong></span> 
     </span>
    </p>
   </div>
   <div class='ocr_carea' id='block_1_12' title="bbox 439 1221 2028 1297">
    <p class='ocr_par' dir='ltr' id='par_1_12' title="bbox 439 1221 2028 1297">
     <span class='ocr_line' id='line_1_12' title="bbox 439 1221 2028 1297; baseline 0.001 -16"><span class='ocrx_word' id='word_1_81' title='bbox 439 1221 740 1293; x_wconf 69' lang='lat' dir='ltr'><strong>spiritibus,</strong></span> <span class='ocrx_word' id='word_1_82' title='bbox 766 1222 870 1278; x_wconf 86' lang='lat' dir='ltr'><strong>hoc</strong></span> <span class='ocrx_word' id='word_1_83' title='bbox 889 1232 974 1279; x_wconf 87' lang='lat' dir='ltr'><strong>est</strong></span> <span class='ocrx_word' id='word_1_84' title='bbox 989 1221 1208 1278; x_wconf 84' lang='lat' dir='ltr'><strong>multis:</strong></span> <span class='ocrx_word' id='word_1_85' title='bbox 1247 1222 1680 1294; x_wconf 84' lang='lat' dir='ltr'><strong>Scripturaenim</strong></span> <span class='ocrx_word' id='word_1_86' title='bbox 1700 1235 1904 1296; x_wconf 86' lang='lat' dir='ltr'><strong>septem</strong></span> <span class='ocrx_word' id='word_1_87' title='bbox 1930 1240 2028 1297; x_wconf 86' lang='lat' dir='ltr'><strong>pro</strong></span> 
     </span>
    </p>
   </div>
   <div class='ocr_carea' id='block_1_13' title="bbox 440 1312 2028 1388">
    <p class='ocr_par' dir='ltr' id='par_1_13' title="bbox 440 1312 2028 1388">
     <span class='ocr_line' id='line_1_13' title="bbox 440 1312 2028 1388; baseline 0.005 -22"><span class='ocrx_word' id='word_1_88' title='bbox 440 1313 627 1368; x_wconf 83' lang='lat' dir='ltr'><strong>multis</strong></span> <span class='ocrx_word' id='word_1_89' title='bbox 656 1322 877 1382; x_wconf 82' lang='lat' dir='ltr'><strong>usurpat</strong></span> <span class='ocrx_word' id='word_1_90' title='bbox 905 1330 922 1370; x_wconf 86' lang='lat'><strong><em>:</em></strong></span> <span class='ocrx_word' id='word_1_91' title='bbox 961 1312 1199 1384; x_wconf 77' lang='lat' dir='ltr'><strong>fecitque</strong></span> <span class='ocrx_word' id='word_1_92' title='bbox 1238 1315 1393 1371; x_wconf 83' lang='lat' dir='ltr'><strong>vobis</strong></span> <span class='ocrx_word' id='word_1_93' title='bbox 1419 1324 1663 1372; x_wconf 78' lang='lat' dir='ltr'><strong>extrema</strong></span> <span class='ocrx_word' id='word_1_94' title='bbox 1695 1317 1879 1388; x_wconf 82' lang='lat' dir='ltr'><strong>pejora</strong></span> <span class='ocrx_word' id='word_1_95' title='bbox 1912 1319 2028 1388; x_wconf 83' lang='lat' dir='ltr'><strong>pri-</strong></span> 
     </span>
    </p>
   </div>
   <div class='ocr_carea' id='block_1_14' title="bbox 443 1403 2028 1479">
    <p class='ocr_par' dir='ltr' id='par_1_14' title="bbox 443 1403 2028 1479">
     <span class='ocr_line' id='line_1_14' title="bbox 443 1403 2028 1479; baseline 0.005 -22"><span class='ocrx_word' id='word_1_96' title='bbox 443 1403 571 1458; x_wconf 84' lang='lat' dir='ltr'><strong>mis.</strong></span> <span class='ocrx_word' id='word_1_97' title='bbox 599 1403 735 1459; x_wconf 86' lang='lat' dir='ltr'><strong>Cum</strong></span> <span class='ocrx_word' id='word_1_98' title='bbox 780 1406 929 1462; x_wconf 90' lang='lat' dir='ltr'><strong>enim</strong></span> <span class='ocrx_word' id='word_1_99' title='bbox 972 1406 1109 1463; x_wconf 87' lang='lat' dir='ltr'><strong>idola</strong></span> <span class='ocrx_word' id='word_1_100' title='bbox 1154 1406 1429 1470; x_wconf 80' lang='lat' dir='ltr'><strong>coleretis,</strong></span> <span class='ocrx_word' id='word_1_101' title='bbox 1470 1410 1763 1479; x_wconf 77' lang='lat' dir='ltr'><strong>prophetas</strong></span> <span class='ocrx_word' id='word_1_102' title='bbox 1811 1411 2028 1466; x_wconf 88' lang='lat' dir='ltr'><strong>occide-</strong></span> 
     </span>
    </p>
   </div>
   <div class='ocr_carea' id='block_1_15' title="bbox 443 1493 2025 1569">
    <p class='ocr_par' dir='ltr' id='par_1_15' title="bbox 443 1493 2025 1569">
     <span class='ocr_line' id='line_1_15' title="bbox 443 1493 2025 1569; baseline 0.006 -23"><span class='ocrx_word' id='word_1_103' title='bbox 443 1493 607 1560; x_wconf 84' lang='lat' dir='ltr'><strong>batis,</strong></span> <span class='ocrx_word' id='word_1_104' title='bbox 631 1497 872 1553; x_wconf 86' lang='lat' dir='ltr'><strong>nondum</strong></span> <span class='ocrx_word' id='word_1_105' title='bbox 900 1509 1089 1569; x_wconf 86' lang='lat' dir='ltr'><strong>aperte</strong></span> <span class='ocrx_word' id='word_1_106' title='bbox 1112 1498 1306 1568; x_wconf 71' lang='lat' dir='ltr'><strong>injuria</strong></span> <span class='ocrx_word' id='word_1_107' title='bbox 1340 1498 1657 1557; x_wconf 80' lang='lat' dir='ltr'><strong>aﬂlciebatis</strong></span> <span class='ocrx_word' id='word_1_108' title='bbox 1686 1500 1880 1556; x_wconf 89' lang='lat' dir='ltr'><strong>Filium</strong></span> <span class='ocrx_word' id='word_1_109' title='bbox 1911 1501 2025 1568; x_wconf 86' lang='lat' dir='ltr'><strong>Dei,</strong></span> 
     </span>
    </p>
   </div>
   <div class='ocr_carea' id='block_1_16' title="bbox 444 1585 2028 1663">
    <p class='ocr_par' dir='ltr' id='par_1_16' title="bbox 444 1585 2028 1663">
     <span class='ocr_line' id='line_1_16' title="bbox 444 1585 2028 1663; baseline 0.006 -25"><span class='ocrx_word' id='word_1_110' title='bbox 444 1585 535 1653; x_wconf 86' lang='lat' dir='ltr'><strong>qui</strong></span> <span class='ocrx_word' id='word_1_111' title='bbox 568 1602 713 1643; x_wconf 87' lang='lat' dir='ltr'><strong>nunc</strong></span> <span class='ocrx_word' id='word_1_112' title='bbox 736 1600 958 1657; x_wconf 86' lang='lat' dir='ltr'><strong>propter</strong></span> <span class='ocrx_word' id='word_1_113' title='bbox 980 1604 1077 1645; x_wconf 89' lang='lat' dir='ltr'><strong>vos</strong></span> <span class='ocrx_word' id='word_1_114' title='bbox 1103 1589 1158 1646; x_wconf 88' lang='lat' dir='ltr'><strong>in</strong></span> <span class='ocrx_word' id='word_1_115' title='bbox 1190 1604 1355 1647; x_wconf 86' lang='lat' dir='ltr'><strong>carne</strong></span> <span class='ocrx_word' id='word_1_116' title='bbox 1376 1592 1643 1663; x_wconf 86' lang='lat' dir='ltr'><strong>apparuit.</strong></span> <span class='ocrx_word' id='word_1_117' title='bbox 1670 1589 1826 1647; x_wconf 85' lang='lat' dir='ltr'><strong>Nunc</strong></span> <span class='ocrx_word' id='word_1_118' title='bbox 1850 1599 2028 1647; x_wconf 81' lang='lat' dir='ltr'><strong>autem</strong></span> 
     </span>
    </p>
   </div>
   <div class='ocr_carea' id='block_1_17' title="bbox 443 1668 2028 1754">
    <p class='ocr_par' dir='ltr' id='par_1_17' title="bbox 443 1668 2028 1754">
     <span class='ocr_line' id='line_1_17' title="bbox 443 1668 2028 1754; baseline 0.008 -27"><span class='ocrx_word' id='word_1_119' title='bbox 443 1693 564 1744; x_wconf 77' lang='lat' dir='ltr'><strong>quae</strong></span> <span class='ocrx_word' id='word_1_120' title='bbox 588 1693 712 1747; x_wconf 86' lang='lat' dir='ltr'><strong>spes</strong></span> <span class='ocrx_word' id='word_1_121' title='bbox 738 1679 931 1735; x_wconf 87' lang='lat' dir='ltr'><strong>salutis</strong></span> <span class='ocrx_word' id='word_1_122' title='bbox 967 1681 1186 1751; x_wconf 83' lang='lat' dir='ltr'><strong>quando</strong></span> <span class='ocrx_word' id='word_1_123' title='bbox 1213 1690 1269 1737; x_wconf 93' lang='lat' dir='ltr'><strong>et</strong></span> <span class='ocrx_word' id='word_1_124' title='bbox 1302 1668 1585 1739; x_wconf 84' lang='lat' dir='ltr'><strong>incarnato</strong></span> <span class='ocrx_word' id='word_1_125' title='bbox 1610 1682 1748 1738; x_wconf 89' lang='lat' dir='ltr'><strong>Filio</strong></span> <span class='ocrx_word' id='word_1_126' title='bbox 1784 1683 1905 1747; x_wconf 88' lang='lat' dir='ltr'><strong>Dei,</strong></span> <span class='ocrx_word' id='word_1_127' title='bbox 1935 1682 2028 1754; x_wconf 85' lang='lat' dir='ltr'><strong>qui</strong></span> 
     </span>
    </p>
   </div>
   <div class='ocr_carea' id='block_1_18' title="bbox 442 1773 2029 1847">
    <p class='ocr_par' dir='ltr' id='par_1_18' title="bbox 442 1773 2029 1847">
     <span class='ocr_line' id='line_1_18' title="bbox 442 1773 2029 1847; baseline 0.003 -21"><span class='ocrx_word' id='word_1_128' title='bbox 442 1778 497 1826; x_wconf 86' lang='lat' dir='ltr'><strong>et</strong></span> <span class='ocrx_word' id='word_1_129' title='bbox 526 1780 746 1839; x_wconf 85' lang='lat' dir='ltr'><strong>propter</strong></span> <span class='ocrx_word' id='word_1_130' title='bbox 777 1787 871 1829; x_wconf 85' lang='lat' dir='ltr'><strong>vos</strong></span> <span class='ocrx_word' id='word_1_131' title='bbox 899 1773 1160 1829; x_wconf 86' lang='lat' dir='ltr'><strong>miracula</strong></span> <span class='ocrx_word' id='word_1_132' title='bbox 1197 1783 1456 1845; x_wconf 83' lang='lat' dir='ltr'><strong>operatus</strong></span> <span class='ocrx_word' id='word_1_133' title='bbox 1483 1784 1589 1842; x_wconf 88' lang='lat' dir='ltr'><strong>est,</strong></span> <span class='ocrx_word' id='word_1_134' title='bbox 1629 1776 1681 1830; x_wconf 92' lang='lat' dir='ltr'><strong>in</strong></span> <span class='ocrx_word' id='word_1_135' title='bbox 1709 1784 1911 1831; x_wconf 87' lang='lat' dir='ltr'><strong>tantam</strong></span> <span class='ocrx_word' id='word_1_136' title='bbox 1943 1776 2029 1847; x_wconf 79' lang='lat' dir='ltr'><strong>in-</strong></span> 
     </span>
    </p>
   </div>
   <div class='ocr_carea' id='block_1_19' title="bbox 444 1842 2101 1938">
    <p class='ocr_par' dir='ltr' id='par_1_19' title="bbox 444 1842 2101 1938">
     <span class='ocr_line' id='line_1_19' title="bbox 444 1842 2101 1938; baseline 0.007 -25"><span class='ocrx_word' id='word_1_137' title='bbox 444 1863 834 1932; x_wconf 60' lang='lat' dir='ltr'><strong>gratitudinem</strong></span> <span class='ocrx_word' id='word_1_138' title='bbox 887 1872 945 1920; x_wconf 80' lang='lat' dir='ltr'><strong>et</strong></span> <span class='ocrx_word' id='word_1_139' title='bbox 1010 1842 1393 1924; x_wconf 72' lang='lat' dir='ltr'><strong>contumeliam</strong></span> <span class='ocrx_word' id='word_1_140' title='bbox 1445 1868 1810 1938; x_wconf 84' lang='lat' dir='ltr'><strong>prorupistis?</strong></span> <span class='ocrx_word' id='word_1_141' title='bbox 1855 1868 2027 1924; x_wconf 88' lang='lat' dir='ltr'><strong>Porro</strong></span> <span class='ocrx_word' id='word_1_142' title='bbox 2058 1842 2101 1900; x_wconf 77' lang='grc' dir='ltr'><strong>Β</strong></span> 
     </span>
    </p>
   </div>
   <div class='ocr_carea' id='block_1_20' title="bbox 444 1953 2028 2029">
    <p class='ocr_par' dir='ltr' id='par_1_20' title="bbox 444 1953 2028 2029">
     <span class='ocr_line' id='line_1_20' title="bbox 444 1953 2028 2029; baseline 0.006 -24"><span class='ocrx_word' id='word_1_143' title='bbox 444 1953 559 2007; x_wconf 69' lang='lat' dir='ltr'><strong>loca</strong></span> <span class='ocrx_word' id='word_1_144' title='bbox 585 1968 872 2024; x_wconf 83' lang='lat' dir='ltr'><strong>tnaquosa,</strong></span> <span class='ocrx_word' id='word_1_145' title='bbox 896 1956 1093 2013; x_wconf 69' lang='lat' dir='ltr'><strong>anima</strong></span> <span class='ocrx_word' id='word_1_146' title='bbox 1114 1968 1244 2014; x_wconf 86' lang='lat' dir='ltr'><strong>sunt</strong></span> <span class='ocrx_word' id='word_1_147' title='bbox 1262 1973 1453 2015; x_wconf 89' lang='lat' dir='ltr'><strong>eorum</strong></span> <span class='ocrx_word' id='word_1_148' title='bbox 1478 1959 1571 2028; x_wconf 89' lang='lat' dir='ltr'><strong>qui</strong></span> <span class='ocrx_word' id='word_1_149' title='bbox 1600 1959 1738 2014; x_wconf 82' lang='lat' dir='ltr'><strong>nihil</strong></span> <span class='ocrx_word' id='word_1_150' title='bbox 1763 1974 2028 2029; x_wconf 77' lang='lat' dir='ltr'><strong>aquosam</strong></span> 
     </span>
    </p>
   </div>
   <div class='ocr_carea' id='block_1_21' title="bbox 442 2047 2027 2120">
    <p class='ocr_par' dir='ltr' id='par_1_21' title="bbox 442 2047 2027 2120">
     <span class='ocr_line' id='line_1_21' title="bbox 442 2047 2027 2120; baseline 0.005 -19"><span class='ocrx_word' id='word_1_151' title='bbox 442 2056 500 2101; x_wconf 88' lang='lat' dir='ltr'><strong>et</strong></span> <span class='ocrx_word' id='word_1_152' title='bbox 538 2047 856 2105; x_wconf 79' lang='lat' dir='ltr'><strong>dissolutum</strong></span> <span class='ocrx_word' id='word_1_153' title='bbox 904 2049 1132 2114; x_wconf 85' lang='lat' dir='ltr'><strong>habent,</strong></span> <span class='ocrx_word' id='word_1_154' title='bbox 1168 2052 1263 2106; x_wconf 87' lang='lat' dir='ltr'><strong>sed</strong></span> <span class='ocrx_word' id='word_1_155' title='bbox 1311 2050 1477 2107; x_wconf 75' lang='lat' dir='ltr'><strong>arida:</strong></span> <span class='ocrx_word' id='word_1_156' title='bbox 1510 2060 1565 2108; x_wconf 88' lang='lat' dir='ltr'><strong>et</strong></span> <span class='ocrx_word' id='word_1_157' title='bbox 1607 2052 1851 2109; x_wconf 76' lang='lat' dir='ltr'><strong>sollicita:</strong></span> <span class='ocrx_word' id='word_1_158' title='bbox 1881 2061 2027 2120; x_wconf 86' lang='lat' dir='ltr'><strong>sunt,</strong></span> 
     </span>
    </p>
   </div>
   <div class='ocr_carea' id='block_1_22' title="bbox 444 2134 2032 2223">
    <p class='ocr_par' dir='ltr' id='par_1_22' title="bbox 444 2134 2032 2223">
     <span class='ocr_line' id='line_1_22' title="bbox 444 2134 2032 2223; baseline 0.006 -33"><span class='ocrx_word' id='word_1_159' title='bbox 444 2134 499 2203; x_wconf 77' lang='lat' dir='ltr'><strong>in</strong></span> <span class='ocrx_word' id='word_1_160' title='bbox 536 2137 733 2206; x_wconf 86' lang='lat' dir='ltr'><strong>quibus</strong></span> <span class='ocrx_word' id='word_1_161' title='bbox 776 2139 974 2196; x_wconf 82' lang='lat' dir='ltr'><strong>nullam</strong></span> <span class='ocrx_word' id='word_1_162' title='bbox 1009 2140 1245 2211; x_wconf 86' lang='lat' dir='ltr'><strong>quietem</strong></span> <span class='ocrx_word' id='word_1_163' title='bbox 1290 2141 1495 2198; x_wconf 91' lang='lat' dir='ltr'><strong>invenit</strong></span> <span class='ocrx_word' id='word_1_164' title='bbox 1530 2144 1753 2213; x_wconf 87' lang='lat' dir='ltr'><strong>spiritus</strong></span> <span class='ocrx_word' id='word_1_165' title='bbox 1797 2144 2032 2223; x_wconf 82' lang='lat' dir='ltr'><strong>immun-</strong></span> 
     </span>
    </p>
   </div>
   <div class='ocr_carea' id='block_1_23' title="bbox 445 2226 2033 2306">
    <p class='ocr_par' dir='ltr' id='par_1_23' title="bbox 445 2226 2033 2306">
     <span class='ocr_line' id='line_1_23' title="bbox 445 2226 2033 2306; baseline 0.008 -25"><span class='ocrx_word' id='word_1_166' title='bbox 445 2226 614 2306; x_wconf 72' lang='lat' dir='ltr'><strong>ditiae.</strong></span> <span class='ocrx_word' id='word_1_167' title='bbox 667 2229 731 2284; x_wconf 87' lang='lat' dir='ltr'><strong>Et</strong></span> <span class='ocrx_word' id='word_1_168' title='bbox 770 2230 1024 2300; x_wconf 88' lang='lat' dir='ltr'><strong>quoniam</strong></span> <span class='ocrx_word' id='word_1_169' title='bbox 1079 2233 1132 2288; x_wconf 91' lang='lat' dir='ltr'><strong>in</strong></span> <span class='ocrx_word' id='word_1_170' title='bbox 1180 2233 1379 2290; x_wconf 85' lang='lat' dir='ltr'><strong>talibus</strong></span> <span class='ocrx_word' id='word_1_171' title='bbox 1423 2235 1711 2291; x_wconf 80' lang='lat' dir='ltr'><strong>animabus</strong></span> <span class='ocrx_word' id='word_1_172' title='bbox 1764 2235 2033 2306; x_wconf 68' lang='lat' dir='ltr'><strong>maiiguus</strong></span> 
     </span>
    </p>
   </div>
   <div class='ocr_carea' id='block_1_24' title="bbox 449 2320 2032 2394">
    <p class='ocr_par' dir='ltr' id='par_1_24' title="bbox 449 2320 2032 2394">
     <span class='ocr_line' id='line_1_24' title="bbox 449 2320 2032 2394; baseline 0.007 -20"><span class='ocrx_word' id='word_1_173' title='bbox 449 2320 657 2386; x_wconf 78' lang='lat' dir='ltr'><strong>nullum</strong></span> <span class='ocrx_word' id='word_1_174' title='bbox 687 2322 944 2378; x_wconf 81' lang='lat' dir='ltr'><strong>domicilii</strong></span> <span class='ocrx_word' id='word_1_175' title='bbox 976 2324 1156 2380; x_wconf 90' lang='lat' dir='ltr'><strong>locum</strong></span> <span class='ocrx_word' id='word_1_176' title='bbox 1195 2326 1422 2394; x_wconf 80' lang='lat' dir='ltr'><strong>invenit,</strong></span> <span class='ocrx_word' id='word_1_177' title='bbox 1460 2327 1527 2381; x_wconf 90' lang='lat' dir='ltr'><strong>ad</strong></span> <span class='ocrx_word' id='word_1_178' title='bbox 1558 2325 1772 2384; x_wconf 68' lang='lat' dir='ltr'><strong>Iudaeos</strong></span> <span class='ocrx_word' id='word_1_179' title='bbox 1801 2330 2032 2385; x_wconf 85' lang='lat' dir='ltr'><strong>reverti-</strong></span> 
     </span>
    </p>
   </div>
   <div class='ocr_carea' id='block_1_25' title="bbox 451 2411 2034 2491">
    <p class='ocr_par' dir='ltr' id='par_1_25' title="bbox 451 2411 2034 2491">
     <span class='ocr_line' id='line_1_25' title="bbox 451 2411 2034 2491; baseline 0.007 -25"><span class='ocrx_word' id='word_1_180' title='bbox 451 2421 561 2474; x_wconf 90' lang='lat' dir='ltr'><strong>tur,</strong></span> <span class='ocrx_word' id='word_1_181' title='bbox 579 2422 635 2467; x_wconf 92' lang='lat' dir='ltr'><strong>et</strong></span> <span class='ocrx_word' id='word_1_182' title='bbox 662 2411 796 2467; x_wconf 81' lang='lat' dir='ltr'><strong>ﬁunt</strong></span> <span class='ocrx_word' id='word_1_183' title='bbox 822 2414 954 2484; x_wconf 84' lang='lat' dir='ltr'><strong>ipsis</strong></span> <span class='ocrx_word' id='word_1_184' title='bbox 977 2417 1277 2485; x_wconf 87' lang='lat' dir='ltr'><strong>posteriora</strong></span> <span class='ocrx_word' id='word_1_185' title='bbox 1302 2417 1575 2473; x_wconf 60' lang='lat' dir='ltr'><strong>deteriora</strong></span> <span class='ocrx_word' id='word_1_186' title='bbox 1599 2420 1789 2489; x_wconf 86' lang='lat' dir='ltr'><strong>primis</strong></span> <span class='ocrx_word' id='word_1_187' title='bbox 1815 2437 1830 2474; x_wconf 88' lang='lat'><strong>:</strong></span> <span class='ocrx_word' id='word_1_188' title='bbox 1854 2436 2034 2491; x_wconf 86' lang='lat' dir='ltr'><strong>neque</strong></span> 
     </span>
    </p>
   </div>
   <div class='ocr_carea' id='block_1_26' title="bbox 446 2501 2027 2579">
    <p class='ocr_par' dir='ltr' id='par_1_26' title="bbox 446 2501 2027 2579">
     <span class='ocr_line' id='line_1_26' title="bbox 446 2501 2027 2579; baseline 0.006 -20"><span class='ocrx_word' id='word_1_189' title='bbox 446 2501 623 2559; x_wconf 82' lang='lat' dir='ltr'><strong>adhuc</strong></span> <span class='ocrx_word' id='word_1_190' title='bbox 641 2503 843 2559; x_wconf 86' lang='lat' dir='ltr'><strong>habent</strong></span> <span class='ocrx_word' id='word_1_191' title='bbox 864 2507 1194 2579; x_wconf 32' lang='lat' dir='ltr'><strong>prephetas&quot;:</strong></span> <span class='ocrx_word' id='word_1_192' title='bbox 1227 2510 1544 2566; x_wconf 83' lang='lat' dir='ltr'><strong>occiderunt</strong></span> <span class='ocrx_word' id='word_1_193' title='bbox 1567 2512 1712 2566; x_wconf 90' lang='lat' dir='ltr'><strong>enim</strong></span> <span class='ocrx_word' id='word_1_194' title='bbox 1748 2511 1986 2568; x_wconf 81' lang='lat' dir='ltr'><strong>Verbum</strong></span> <span class='ocrx_word' id='word_1_195' title='bbox 2011 2531 2027 2568; x_wconf 90' lang='lat'><strong>:</strong></span> 
     </span>
    </p>
   </div>
   <div class='ocr_carea' id='block_1_27' title="bbox 448 2598 2028 2665">
    <p class='ocr_par' dir='ltr' id='par_1_27' title="bbox 448 2598 2028 2665">
     <span class='ocr_line' id='line_1_27' title="bbox 448 2598 2028 2665; baseline 0.009 -18"><span class='ocrx_word' id='word_1_196' title='bbox 448 2608 628 2665; x_wconf 86' lang='lat' dir='ltr'><strong>neque</strong></span> <span class='ocrx_word' id='word_1_197' title='bbox 677 2598 1030 2653; x_wconf 89' lang='lat' dir='ltr'><strong>unctionem:</strong></span> <span class='ocrx_word' id='word_1_198' title='bbox 1065 2599 1347 2657; x_wconf 87' lang='lat' dir='ltr'><strong>Christum</strong></span> <span class='ocrx_word' id='word_1_199' title='bbox 1405 2604 1552 2658; x_wconf 89' lang='lat' dir='ltr'><strong>enim</strong></span> <span class='ocrx_word' id='word_1_200' title='bbox 1616 2605 2028 2662; x_wconf 79' lang='lat' dir='ltr'><strong>cruciﬁxerunt.</strong></span> 
     </span>
    </p>
   </div>
   <div class='ocr_carea' id='block_1_28' title="bbox 449 2685 2030 2766">
    <p class='ocr_par' dir='ltr' id='par_1_28' title="bbox 449 2685 2030 2766">
     <span class='ocr_line' id='line_1_28' title="bbox 449 2685 2030 2766; baseline 0.01 -27"><span class='ocrx_word' id='word_1_201' title='bbox 449 2685 575 2742; x_wconf 73' lang='lat' dir='ltr'><strong>litec</strong></span> <span class='ocrx_word' id='word_1_202' title='bbox 606 2690 751 2744; x_wconf 83' lang='lat' dir='ltr'><strong>enim</strong></span> <span class='ocrx_word' id='word_1_203' title='bbox 791 2690 842 2745; x_wconf 91' lang='lat' dir='ltr'><strong>in</strong></span> <span class='ocrx_word' id='word_1_204' title='bbox 875 2692 983 2748; x_wconf 82' lang='lat' dir='ltr'><strong>illis</strong></span> <span class='ocrx_word' id='word_1_205' title='bbox 1024 2694 1152 2748; x_wconf 91' lang='lat' dir='ltr'><strong>olim</strong></span> <span class='ocrx_word' id='word_1_206' title='bbox 1199 2697 1550 2765; x_wconf 83' lang='lat' dir='ltr'><strong>apparebant,</strong></span> <span class='ocrx_word' id='word_1_207' title='bbox 1586 2699 1843 2766; x_wconf 85' lang='lat' dir='ltr'><strong>quamvis</strong></span> <span class='ocrx_word' id='word_1_208' title='bbox 1891 2699 2030 2755; x_wconf 88' lang='lat' dir='ltr'><strong>idola</strong></span> 
     </span>
    </p>
   </div>
   <div class='ocr_carea' id='block_1_29' title="bbox 449 2778 2028 2861">
    <p class='ocr_par' dir='ltr' id='par_1_29' title="bbox 449 2778 2028 2861">
     <span class='ocr_line' id='line_1_29' title="bbox 449 2778 2028 2861; baseline 0.008 -28"><span class='ocrx_word' id='word_1_209' title='bbox 449 2778 727 2835; x_wconf 79' lang='lat' dir='ltr'><strong>tolerent:</strong></span> <span class='ocrx_word' id='word_1_210' title='bbox 758 2798 901 2837; x_wconf 90' lang='lat' dir='ltr'><strong>nunc</strong></span> <span class='ocrx_word' id='word_1_211' title='bbox 930 2793 1109 2839; x_wconf 87' lang='lat' dir='ltr'><strong>autem</strong></span> <span class='ocrx_word' id='word_1_212' title='bbox 1127 2787 1254 2857; x_wconf 88' lang='lat' dir='ltr'><strong>quia</strong></span> <span class='ocrx_word' id='word_1_213' title='bbox 1286 2790 1337 2841; x_wconf 93' lang='lat' dir='ltr'><strong>in</strong></span> <span class='ocrx_word' id='word_1_214' title='bbox 1366 2786 1563 2843; x_wconf 86' lang='lat' dir='ltr'><strong>Filium</strong></span> <span class='ocrx_word' id='word_1_215' title='bbox 1592 2791 1682 2845; x_wconf 88' lang='lat' dir='ltr'><strong>Dei</strong></span> <span class='ocrx_word' id='word_1_216' title='bbox 1708 2798 2028 2861; x_wconf 90' lang='lat' dir='ltr'><strong>peccarunt,</strong></span> 
     </span>
    </p>
   </div>
   <div class='ocr_carea' id='block_1_30' title="bbox 452 2872 1207 2945">
    <p class='ocr_par' dir='ltr' id='par_1_30' title="bbox 452 2872 1207 2945">
     <span class='ocr_line' id='line_1_30' title="bbox 452 2872 1207 2945; baseline 0.02 -25"><span class='ocrx_word' id='word_1_217' title='bbox 452 2872 705 2928; x_wconf 75' lang='lat' dir='ltr'><strong>omnibus</strong></span> <span class='ocrx_word' id='word_1_218' title='bbox 734 2875 810 2929; x_wconf 90' lang='lat' dir='ltr'><strong>illi</strong></span> <span class='ocrx_word' id='word_1_219' title='bbox 835 2878 1028 2945; x_wconf 84' lang='lat' dir='ltr'><strong>privati</strong></span> <span class='ocrx_word' id='word_1_220' title='bbox 1060 2889 1207 2935; x_wconf 86' lang='lat' dir='ltr'><strong>sunt.</strong></span> 
     </span>
    </p>
   </div>
   <div class='ocr_carea' id='block_1_31' title="bbox 2133 565 3676 644">
    <p class='ocr_par' dir='ltr' id='par_1_31' title="bbox 2133 565 3676 644">
     <span class='ocr_line' id='line_1_31' title="bbox 2133 565 3676 644; baseline -0.012 -12"><span class='ocrx_word' id='word_1_221' title='bbox 2133 575 2269 632; x_wconf 87' lang='grc' dir='ltr'><strong>Θεοῦ</strong></span> <span class='ocrx_word' id='word_1_222' title='bbox 2296 575 2365 630; x_wconf 82' lang='grc' dir='ltr'>τὰ</span> <span class='ocrx_word' id='word_1_223' title='bbox 2393 570 2876 644; x_wconf 75' lang='grc' dir='ltr'><strong>διεσκορπισμένα,</strong></span> <span class='ocrx_word' id='word_1_224' title='bbox 2903 566 3113 623; x_wconf 84' lang='grc' dir='ltr'>ἐκείνου</span> <span class='ocrx_word' id='word_1_225' title='bbox 3169 567 3357 639; x_wconf 69' lang='grc' dir='ltr'>ἔργον,</span> <span class='ocrx_word' id='word_1_226' title='bbox 3394 565 3454 619; x_wconf 78' lang='grc' dir='ltr'>τὸ</span> <span class='ocrx_word' id='word_1_227' title='bbox 3478 567 3542 621; x_wconf 74' lang='grc' dir='ltr'>τὰ</span> <span class='ocrx_word' id='word_1_228' title='bbox 3572 586 3676 624; x_wconf 77' lang='grc' dir='ltr'>συν.</span> 
     </span>
    </p>
   </div>
   <div class='ocr_carea' id='block_1_32' title="bbox 2130 653 3678 742">
    <p class='ocr_par' dir='ltr' id='par_1_32' title="bbox 2130 653 3678 742">
     <span class='ocr_line' id='line_1_32' title="bbox 2130 653 3678 742; baseline -0.012 -18"><span class='ocrx_word' id='word_1_229' title='bbox 2130 668 2348 742; x_wconf 80' lang='grc' dir='ltr'>ηγμένα</span> <span class='ocrx_word' id='word_1_230' title='bbox 2382 661 2877 736; x_wconf 77' lang='grc' dir='ltr'>σκορπίζειν.·Πῶς</span> <span class='ocrx_word' id='word_1_231' title='bbox 2898 653 2992 715; x_wconf 76' lang='grc' dir='ltr'>οὖν</span> <span class='ocrx_word' id='word_1_232' title='bbox 3008 658 3238 714; x_wconf 80' lang='grc' dir='ltr'>τοιαῦτα</span> <span class='ocrx_word' id='word_1_233' title='bbox 3286 658 3417 729; x_wconf 81' lang='grc' dir='ltr'>περὶ</span> <span class='ocrx_word' id='word_1_234' title='bbox 3457 659 3577 730; x_wconf 76' lang='grc' dir='ltr'>ἐμοῦ</span> <span class='ocrx_word' id='word_1_235' title='bbox 3610 664 3678 716; x_wconf 79' lang='grc' dir='ltr'><strong>λο.</strong></span> 
     </span>
    </p>
   </div>
   <div class='ocr_carea' id='block_1_33' title="bbox 2130 754 3677 831">
    <p class='ocr_par' dir='ltr' id='par_1_33' title="bbox 2130 754 3677 831">
     <span class='ocr_line' id='line_1_33' title="bbox 2130 754 3677 831; baseline -0.003 -16"><span class='ocrx_word' id='word_1_236' title='bbox 2130 760 2377 831; x_wconf 77' lang='grc' dir='ltr'>γίζεσθε,</span> <span class='ocrx_word' id='word_1_237' title='bbox 2400 761 2484 816; x_wconf 84' lang='grc' dir='ltr'>ὄτι</span> <span class='ocrx_word' id='word_1_238' title='bbox 2517 757 2805 815; x_wconf 73' lang='grc' dir='ltr'>κοινωνίαν</span> <span class='ocrx_word' id='word_1_239' title='bbox 2828 754 2938 828; x_wconf 78' lang='grc' dir='ltr'>ἔχω</span> <span class='ocrx_word' id='word_1_240' title='bbox 2959 754 3096 827; x_wconf 76' lang='grc' dir='ltr'>πρὸς</span> <span class='ocrx_word' id='word_1_241' title='bbox 3128 754 3222 810; x_wconf 77' lang='grc' dir='ltr'>τὸν</span> <span class='ocrx_word' id='word_1_242' title='bbox 3252 754 3527 822; x_wconf 81' lang='grc' dir='ltr'>Σατανᾶν;</span> <span class='ocrx_word' id='word_1_243' title='bbox 3565 756 3677 813; x_wconf 78' lang='grc' dir='ltr'>Ἀλλ’</span> 
     </span>
    </p>
   </div>
   <div class='ocr_carea' id='block_1_34' title="bbox 2129 848 3678 922">
    <p class='ocr_par' dir='ltr' id='par_1_34' title="bbox 2129 848 3678 922">
     <span class='ocr_line' id='line_1_34' title="bbox 2129 848 3678 922; baseline -0.003 -11"><span class='ocrx_word' id='word_1_244' title='bbox 2129 856 2299 919; x_wconf 77' lang='grc' dir='ltr'>ὅντως</span> <span class='ocrx_word' id='word_1_245' title='bbox 2347 856 2376 910; x_wconf 84' lang='grc' dir='ltr'>ὁ</span> <span class='ocrx_word' id='word_1_246' title='bbox 2423 853 2668 917; x_wconf 82' lang='grc' dir='ltr'>τοιοῦτος</span> <span class='ocrx_word' id='word_1_247' title='bbox 2717 850 2982 922; x_wconf 74' lang='grc' dir='ltr'>λογισμὸς</span> <span class='ocrx_word' id='word_1_248' title='bbox 3028 850 3158 920; x_wconf 84' lang='grc' dir='ltr'>ὑμῖν</span> <span class='ocrx_word' id='word_1_249' title='bbox 3208 848 3417 920; x_wconf 86' lang='grc' dir='ltr'>συνέϐη</span> <span class='ocrx_word' id='word_1_250' title='bbox 3458 849 3558 904; x_wconf 82' lang='grc' dir='ltr'>ἀπὺ</span> <span class='ocrx_word' id='word_1_251' title='bbox 3601 853 3678 907; x_wconf 79' lang='grc' dir='ltr'>τοῦ</span> 
     </span>
    </p>
   </div>
   <div class='ocr_carea' id='block_1_35' title="bbox 2134 942 3680 1021">
    <p class='ocr_par' dir='ltr' id='par_1_35' title="bbox 2134 942 3680 1021">
     <span class='ocr_line' id='line_1_35' title="bbox 2134 942 3680 1021; baseline -0.006 -17"><span class='ocrx_word' id='word_1_252' title='bbox 2134 947 2338 1021; x_wconf 74' lang='grc' dir='ltr'>μᾶλλον</span> <span class='ocrx_word' id='word_1_253' title='bbox 2390 948 2536 1018; x_wconf 79' lang='grc' dir='ltr'>ὑμᾶς</span> <span class='ocrx_word' id='word_1_254' title='bbox 2587 946 2871 1017; x_wconf 77' lang='grc' dir='ltr'>δαιμονᾷν.</span> <span class='ocrx_word' id='word_1_255' title='bbox 2922 942 3035 998; x_wconf 77' lang='grc' dir='ltr'><strong>Καὶ</strong></span> <span class='ocrx_word' id='word_1_256' title='bbox 3072 943 3180 1013; x_wconf 73' lang='grc' dir='ltr'><strong>γὰρ</strong></span> <span class='ocrx_word' id='word_1_257' title='bbox 3229 942 3413 1012; x_wconf 83' lang='grc' dir='ltr'>εῐχετε</span> <span class='ocrx_word' id='word_1_258' title='bbox 3469 942 3560 1011; x_wconf 76' lang='grc' dir='ltr'>μὲν</span> <span class='ocrx_word' id='word_1_259' title='bbox 3603 947 3680 1001; x_wconf 78' lang='grc' dir='ltr'>καὶ</span> 
     </span>
    </p>
   </div>
   <div class='ocr_carea' id='block_1_36' title="bbox 2131 1031 3678 1112">
    <p class='ocr_par' dir='ltr' id='par_1_36' title="bbox 2131 1031 3678 1112">
     <span class='ocr_line' id='line_1_36' title="bbox 2131 1031 3678 1112; baseline -0.003 -16"><span class='ocrx_word' id='word_1_260' title='bbox 2131 1039 2325 1112; x_wconf 78' lang='grc' dir='ltr'>πρώην</span> <span class='ocrx_word' id='word_1_261' title='bbox 2363 1039 2425 1095; x_wconf 73' lang='grc' dir='ltr'>τὸ</span> <span class='ocrx_word' id='word_1_262' title='bbox 2458 1037 2767 1112; x_wconf 76' lang='grc' dir='ltr'><strong>ἀκάθαρτον</strong></span> <span class='ocrx_word' id='word_1_263' title='bbox 2810 1034 3030 1104; x_wconf 82' lang='grc' dir='ltr'>πνεῦμα</span> <span class='ocrx_word' id='word_1_264' title='bbox 3060 1031 3313 1089; x_wconf 79' lang='grc' dir='ltr'>ἐνοικοῦν</span> <span class='ocrx_word' id='word_1_265' title='bbox 3346 1034 3408 1086; x_wconf 83' lang='grc' dir='ltr'><strong>ἐν</strong></span> <span class='ocrx_word' id='word_1_266' title='bbox 3434 1031 3571 1104; x_wconf 80' lang='grc' dir='ltr'>ὑμῖν,</span> <span class='ocrx_word' id='word_1_267' title='bbox 3608 1038 3678 1091; x_wconf 81' lang='grc' dir='ltr'>ὅτε</span> 
     </span>
    </p>
   </div>
   <div class='ocr_carea' id='block_1_37' title="bbox 2131 1123 3681 1202">
    <p class='ocr_par' dir='ltr' id='par_1_37' title="bbox 2131 1123 3681 1202">
     <span class='ocr_line' id='line_1_37' title="bbox 2131 1123 3681 1202; baseline -0.003 -15"><span class='ocrx_word' id='word_1_268' title='bbox 2131 1131 2597 1202; x_wconf 80' lang='grc' dir='ltr'>εἰδωλολατρεῐτε,</span> <span class='ocrx_word' id='word_1_269' title='bbox 2644 1128 2743 1182; x_wconf 78' lang='grc' dir='ltr'>καὶ</span> <span class='ocrx_word' id='word_1_270' title='bbox 2771 1129 2901 1191; x_wconf 83' lang='grc' dir='ltr'>τοὺς</span> <span class='ocrx_word' id='word_1_271' title='bbox 2931 1127 3216 1199; x_wconf 76' lang='grc' dir='ltr'>προφήτας</span> <span class='ocrx_word' id='word_1_272' title='bbox 3244 1123 3549 1195; x_wconf 83' lang='grc' dir='ltr'>ἐφονεύετε·</span> <span class='ocrx_word' id='word_1_273' title='bbox 3587 1123 3681 1182; x_wconf 79' lang='grc' dir='ltr'>εἶτα</span> 
     </span>
    </p>
   </div>
   <div class='ocr_carea' id='block_1_38' title="bbox 2131 1214 3680 1294">
    <p class='ocr_par' dir='ltr' id='par_1_38' title="bbox 2131 1214 3680 1294">
     <span class='ocr_line' id='line_1_38' title="bbox 2131 1214 3680 1294; baseline -0.003 -14"><span class='ocrx_word' id='word_1_274' title='bbox 2131 1224 2308 1290; x_wconf 75' lang='grc' dir='ltr'>ἔδοξεν</span> <span class='ocrx_word' id='word_1_275' title='bbox 2336 1222 2574 1290; x_wconf 81' lang='grc' dir='ltr'>ἐξελθεῖν</span> <span class='ocrx_word' id='word_1_276' title='bbox 2603 1221 2848 1294; x_wconf 80' lang='grc' dir='ltr'>ἐξύμῶν,</span> <span class='ocrx_word' id='word_1_277' title='bbox 2872 1214 2994 1274; x_wconf 83' lang='grc' dir='ltr'>εῐτα</span> <span class='ocrx_word' id='word_1_278' title='bbox 3014 1216 3109 1274; x_wconf 81' lang='grc' dir='ltr'>νῦν</span> <span class='ocrx_word' id='word_1_279' title='bbox 3132 1215 3493 1287; x_wconf 74' lang='grc' dir='ltr'>ὑποστρέψαν</span> <span class='ocrx_word' id='word_1_280' title='bbox 3520 1218 3590 1283; x_wconf 87' lang='grc' dir='ltr'><strong>είς</strong></span> <span class='ocrx_word' id='word_1_281' title='bbox 3609 1220 3680 1275; x_wconf 65' lang='grc' dir='ltr'>τὸν</span> 
     </span>
    </p>
   </div>
   <div class='ocr_carea' id='block_1_39' title="bbox 2130 1309 3681 1383">
    <p class='ocr_par' dir='ltr' id='par_1_39' title="bbox 2130 1309 3681 1383">
     <span class='ocr_line' id='line_1_39' title="bbox 2130 1309 3681 1383; baseline -0.005 -10"><span class='ocrx_word' id='word_1_282' title='bbox 2130 1315 2325 1373; x_wconf 78' lang='grc' dir='ltr'>ἑαυτοῦ</span> <span class='ocrx_word' id='word_1_283' title='bbox 2369 1312 2540 1379; x_wconf 77' lang='grc' dir='ltr'>οἷκον,</span> <span class='ocrx_word' id='word_1_284' title='bbox 2575 1314 2826 1370; x_wconf 75' lang='grc' dir='ltr'><strong>τουτέστι</strong></span> <span class='ocrx_word' id='word_1_285' title='bbox 2866 1312 2965 1379; x_wconf 82' lang='grc' dir='ltr'>τὰς</span> <span class='ocrx_word' id='word_1_286' title='bbox 2993 1310 3270 1383; x_wconf 75' lang='grc' dir='ltr'><strong>ὑμετέρας</strong></span> <span class='ocrx_word' id='word_1_287' title='bbox 3318 1309 3516 1381; x_wconf 77' lang='grc' dir='ltr'>ψυχὰς,</span> <span class='ocrx_word' id='word_1_288' title='bbox 3568 1313 3681 1382; x_wconf 61' lang='grc' dir='ltr'>μετὰ</span> 
     </span>
    </p>
   </div>
   <div class='ocr_carea' id='block_1_40' title="bbox 2132 1402 3684 1480">
    <p class='ocr_par' dir='ltr' id='par_1_40' title="bbox 2132 1402 3684 1480">
     <span class='ocr_line' id='line_1_40' title="bbox 2132 1402 3684 1480; baseline -0.004 -16"><span class='ocrx_word' id='word_1_289' title='bbox 2132 1406 2462 1480; x_wconf 77' lang='grc' dir='ltr'>πνευμάτων</span> <span class='ocrx_word' id='word_1_290' title='bbox 2491 1405 2656 1475; x_wconf 86' lang='grc' dir='ltr'>ἐπτὰ,</span> <span class='ocrx_word' id='word_1_291' title='bbox 2690 1406 2857 1479; x_wconf 81' lang='grc' dir='ltr'>ήγουν</span> <span class='ocrx_word' id='word_1_292' title='bbox 2888 1404 3123 1460; x_wconf 84' lang='grc' dir='ltr'>πολλῶν·</span> <span class='ocrx_word' id='word_1_293' title='bbox 3169 1403 3231 1456; x_wconf 80' lang='grc' dir='ltr'>τὸ</span> <span class='ocrx_word' id='word_1_294' title='bbox 3259 1402 3373 1473; x_wconf 76' lang='grc' dir='ltr'>γὰρ</span> <span class='ocrx_word' id='word_1_295' title='bbox 3401 1402 3554 1469; x_wconf 74' lang='grc' dir='ltr'>ἑπτὰ,</span> <span class='ocrx_word' id='word_1_296' title='bbox 3586 1404 3684 1458; x_wconf 80' lang='grc' dir='ltr'>ἀντὶ</span> 
     </span>
    </p>
   </div>
   <div class='ocr_carea' id='block_1_41' title="bbox 2131 1494 3682 1570">
    <p class='ocr_par' dir='ltr' id='par_1_41' title="bbox 2131 1494 3682 1570">
     <span class='ocr_line' id='line_1_41' title="bbox 2131 1494 3682 1570; baseline -0.003 -17"><span class='ocrx_word' id='word_1_297' title='bbox 2131 1500 2249 1567; x_wconf 83' lang='grc' dir='ltr'>τοῦ,</span> <span class='ocrx_word' id='word_1_298' title='bbox 2274 1499 2467 1566; x_wconf 80' lang='grc' dir='ltr'>πολλὰ,</span> <span class='ocrx_word' id='word_1_299' title='bbox 2498 1501 2701 1554; x_wconf 79' lang='grc' dir='ltr'>νοεῖται</span> <span class='ocrx_word' id='word_1_300' title='bbox 2740 1496 2894 1570; x_wconf 78' lang='grc' dir='ltr'>παρὰ</span> <span class='ocrx_word' id='word_1_301' title='bbox 2925 1499 2990 1569; x_wconf 75' lang='grc' dir='ltr'>τῇ</span> <span class='ocrx_word' id='word_1_302' title='bbox 3032 1498 3250 1568; x_wconf 75' lang='grc' dir='ltr'>Γραφῇ·</span> <span class='ocrx_word' id='word_1_303' title='bbox 3298 1494 3550 1564; x_wconf 77' lang='grc' dir='ltr'>ἐποίησεν</span> <span class='ocrx_word' id='word_1_304' title='bbox 3578 1495 3682 1564; x_wconf 78' lang='grc' dir='ltr'>ὑμῖν</span> 
     </span>
    </p>
   </div>
   <div class='ocr_carea' id='block_1_42' title="bbox 2129 1587 3682 1665">
    <p class='ocr_par' dir='ltr' id='par_1_42' title="bbox 2129 1587 3682 1665">
     <span class='ocr_line' id='line_1_42' title="bbox 2129 1587 3682 1665; baseline -0.002 -18"><span class='ocrx_word' id='word_1_305' title='bbox 2129 1594 2201 1648; x_wconf 81' lang='grc' dir='ltr'>τὰ</span> <span class='ocrx_word' id='word_1_306' title='bbox 2218 1592 2431 1665; x_wconf 68' lang='grc' dir='ltr'>ἔσχατα</span> <span class='ocrx_word' id='word_1_307' title='bbox 2463 1591 2687 1664; x_wconf 78' lang='grc' dir='ltr'>χείρονα</span> <span class='ocrx_word' id='word_1_308' title='bbox 2706 1590 2816 1647; x_wconf 84' lang='grc' dir='ltr'><strong>τῶν</strong></span> <span class='ocrx_word' id='word_1_309' title='bbox 2848 1589 3100 1663; x_wconf 82' lang='grc' dir='ltr'>πρώτων.</span> <span class='ocrx_word' id='word_1_310' title='bbox 3126 1590 3285 1660; x_wconf 80' lang='grc' dir='ltr'><strong>Ὅσῳ</strong></span> <span class='ocrx_word' id='word_1_311' title='bbox 3308 1588 3433 1642; x_wconf 79' lang='grc' dir='ltr'>τότε</span> <span class='ocrx_word' id='word_1_312' title='bbox 3461 1588 3554 1659; x_wconf 81' lang='grc' dir='ltr'>μὲν</span> <span class='ocrx_word' id='word_1_313' title='bbox 3579 1587 3682 1644; x_wconf 79' lang='grc' dir='ltr'>ὅταν</span> 
     </span>
    </p>
   </div>
   <div class='ocr_carea' id='block_1_43' title="bbox 2133 1679 3682 1757">
    <p class='ocr_par' dir='ltr' id='par_1_43' title="bbox 2133 1679 3682 1757">
     <span class='ocr_line' id='line_1_43' title="bbox 2133 1679 3682 1757; baseline -0.005 -17"><span class='ocrx_word' id='word_1_314' title='bbox 2133 1684 2376 1749; x_wconf 77' lang='grc' dir='ltr'>σίδώλοις</span> <span class='ocrx_word' id='word_1_315' title='bbox 2416 1683 2763 1757; x_wconf 85' lang='grc' dir='ltr'>ἐλατρεῦετε,</span> <span class='ocrx_word' id='word_1_316' title='bbox 2807 1682 2934 1746; x_wconf 81' lang='grc' dir='ltr'>τοὺς</span> <span class='ocrx_word' id='word_1_317' title='bbox 2978 1682 3267 1754; x_wconf 84' lang='grc' dir='ltr'>προφήτας</span> <span class='ocrx_word' id='word_1_318' title='bbox 3309 1679 3682 1746; x_wconf 78' lang='grc' dir='ltr'>ἁπεκτιννύετε,</span> 
     </span>
    </p>
   </div>
   <div class='ocr_carea' id='block_1_44' title="bbox 2135 1773 3681 1847">
    <p class='ocr_par' dir='ltr' id='par_1_44' title="bbox 2135 1773 3681 1847">
     <span class='ocr_line' id='line_1_44' title="bbox 2135 1773 3681 1847; baseline -0.003 -13"><span class='ocrx_word' id='word_1_319' title='bbox 2135 1778 2234 1834; x_wconf 71' lang='grc' dir='ltr'>καὶ</span> <span class='ocrx_word' id='word_1_320' title='bbox 2264 1777 2421 1833; x_wconf 74' lang='grc' dir='ltr'>οὔπω</span> <span class='ocrx_word' id='word_1_321' title='bbox 2447 1777 2602 1833; x_wconf 82' lang='grc' dir='ltr'>οὐδὲν</span> <span class='ocrx_word' id='word_1_322' title='bbox 2634 1778 2715 1842; x_wconf 82' lang='grc' dir='ltr'><strong>είς</strong></span> <span class='ocrx_word' id='word_1_323' title='bbox 2745 1776 2835 1831; x_wconf 76' lang='grc' dir='ltr'>τὸν</span> <span class='ocrx_word' id='word_1_324' title='bbox 2861 1775 2960 1830; x_wconf 80' lang='grc' dir='ltr'>τοῦ</span> <span class='ocrx_word' id='word_1_325' title='bbox 2998 1773 3135 1829; x_wconf 84' lang='grc' dir='ltr'><strong>Θεοῦ</strong></span> <span class='ocrx_word' id='word_1_326' title='bbox 3175 1774 3311 1828; x_wconf 75' lang='grc' dir='ltr'>Υίὸν</span> <span class='ocrx_word' id='word_1_327' title='bbox 3340 1774 3605 1847; x_wconf 80' lang='grc' dir='ltr'>προδήλως</span> <span class='ocrx_word' id='word_1_328' title='bbox 3626 1775 3681 1829; x_wconf 80' lang='grc' dir='ltr'>δι’</span> 
     </span>
    </p>
   </div>
   <div class='ocr_carea' id='block_1_45' title="bbox 2131 1866 3680 1945">
    <p class='ocr_par' dir='ltr' id='par_1_45' title="bbox 2131 1866 3680 1945">
     <span class='ocr_line' id='line_1_45' title="bbox 2131 1866 3680 1945; baseline -0.005 -19"><span class='ocrx_word' id='word_1_329' title='bbox 2131 1872 2276 1941; x_wconf 73' lang='grc' dir='ltr'>ὑμᾶς</span> <span class='ocrx_word' id='word_1_330' title='bbox 2305 1872 2364 1925; x_wconf 82' lang='grc' dir='ltr'><strong>ἐν</strong></span> <span class='ocrx_word' id='word_1_331' title='bbox 2387 1870 2555 1945; x_wconf 58' lang='grc' dir='ltr'>σαρκὶ</span> <span class='ocrx_word' id='word_1_332' title='bbox 2583 1870 2823 1940; x_wconf 82' lang='grc' dir='ltr'>φανέντα</span> <span class='ocrx_word' id='word_1_333' title='bbox 2861 1867 3139 1941; x_wconf 77' lang='grc' dir='ltr'>ὑϐρίζετε.</span> <span class='ocrx_word' id='word_1_334' title='bbox 3173 1866 3294 1921; x_wconf 85' lang='grc' dir='ltr'><strong>Νῦν</strong></span> <span class='ocrx_word' id='word_1_335' title='bbox 3329 1866 3388 1921; x_wconf 87' lang='grc' dir='ltr'><strong>δέ</strong></span> <span class='ocrx_word' id='word_1_336' title='bbox 3412 1866 3533 1920; x_wconf 87' lang='grc' dir='ltr'>ποία</span> <span class='ocrx_word' id='word_1_337' title='bbox 3557 1867 3680 1931; x_wconf 76' lang='grc' dir='ltr'>ἐλπὶς</span> 
     </span>
    </p>
   </div>
   <div class='ocr_carea' id='block_1_46' title="bbox 2137 1957 3681 2035">
    <p class='ocr_par' dir='ltr' id='par_1_46' title="bbox 2137 1957 3681 2035">
     <span class='ocr_line' id='line_1_46' title="bbox 2137 1957 3681 2035; baseline -0.005 -17"><span class='ocrx_word' id='word_1_338' title='bbox 2137 1962 2440 2035; x_wconf 78' lang='grc' dir='ltr'>σωτηρίας,</span> <span class='ocrx_word' id='word_1_339' title='bbox 2488 1964 2578 2017; x_wconf 78' lang='grc' dir='ltr'>ὅτε</span> <span class='ocrx_word' id='word_1_340' title='bbox 2620 1962 2717 2016; x_wconf 67' lang='grc' dir='ltr'><strong>κα)⁵</strong></span> <span class='ocrx_word' id='word_1_341' title='bbox 2768 1960 3145 2032; x_wconf 82' lang='grc' dir='ltr'>σαρκωθέντος</span> <span class='ocrx_word' id='word_1_342' title='bbox 3185 1957 3283 2013; x_wconf 84' lang='grc' dir='ltr'>τοῦ</span> <span class='ocrx_word' id='word_1_343' title='bbox 3334 1957 3487 2025; x_wconf 84' lang='grc' dir='ltr'><strong>Υίοῦ,</strong></span> <span class='ocrx_word' id='word_1_344' title='bbox 3517 1958 3598 2011; x_wconf 80' lang='grc' dir='ltr'><strong>καὶ</strong></span> <span class='ocrx_word' id='word_1_345' title='bbox 3626 1957 3681 2019; x_wconf 72' lang='grc' dir='ltr'><strong>δι’</strong></span> 
     </span>
    </p>
   </div>
   <div class='ocr_carea' id='block_1_47' title="bbox 2129 2051 3678 2127">
    <p class='ocr_par' dir='ltr' id='par_1_47' title="bbox 2129 2051 3678 2127">
     <span class='ocr_line' id='line_1_47' title="bbox 2129 2051 3678 2127; baseline -0.003 -19"><span class='ocrx_word' id='word_1_346' title='bbox 2129 2056 2276 2127; x_wconf 77' lang='grc' dir='ltr'>ὑμᾶς</span> <span class='ocrx_word' id='word_1_347' title='bbox 2300 2053 2870 2125; x_wconf 82' lang='grc' dir='ltr'>θαυματουργοῦντος,</span> <span class='ocrx_word' id='word_1_348' title='bbox 2893 2053 2986 2107; x_wconf 75' lang='grc' dir='ltr'>ἐπὶ</span> <span class='ocrx_word' id='word_1_349' title='bbox 3008 2052 3107 2121; x_wconf 76' lang='grc' dir='ltr'>τῆς</span> <span class='ocrx_word' id='word_1_350' title='bbox 3130 2052 3308 2122; x_wconf 79' lang='grc' dir='ltr'>αὐτῆς</span> <span class='ocrx_word' id='word_1_351' title='bbox 3327 2051 3678 2120; x_wconf 75' lang='grc' dir='ltr'>ἀγνωμοσύνης</span> 
     </span>
    </p>
   </div>
   <div class='ocr_carea' id='block_1_48' title="bbox 2129 2141 3680 2218">
    <p class='ocr_par' dir='ltr' id='par_1_48' title="bbox 2129 2141 3680 2218">
     <span class='ocr_line' id='line_1_48' title="bbox 2129 2141 3680 2218; baseline -0.005 -17"><span class='ocrx_word' id='word_1_352' title='bbox 2129 2144 2480 2218; x_wconf 58' lang='grc' dir='ltr'>καὶθϐρεως</span> <span class='ocrx_word' id='word_1_353' title='bbox 2525 2146 2830 2215; x_wconf 60' lang='lat' dir='ltr'><strong>inﬁxus;</strong></span> <span class='ocrx_word' id='word_1_354' title='bbox 2881 2143 3135 2215; x_wconf 83' lang='grc' dir='ltr'>Ἀνυδροι</span> <span class='ocrx_word' id='word_1_355' title='bbox 3183 2143 3243 2197; x_wconf 77' lang='grc' dir='ltr'>δὲ</span> <span class='ocrx_word' id='word_1_356' title='bbox 3293 2143 3472 2206; x_wconf 81' lang='grc' dir='ltr'>τόποι,</span> <span class='ocrx_word' id='word_1_357' title='bbox 3505 2142 3555 2194; x_wconf 86' lang='grc' dir='ltr'><strong>αί</strong></span> <span class='ocrx_word' id='word_1_358' title='bbox 3596 2141 3680 2194; x_wconf 80' lang='grc' dir='ltr'><strong>τῶν</strong></span> 
     </span>
    </p>
   </div>
   <div class='ocr_carea' id='block_1_49' title="bbox 2134 2234 3682 2311">
    <p class='ocr_par' dir='ltr' id='par_1_49' title="bbox 2134 2234 3682 2311">
     <span class='ocr_line' id='line_1_49' title="bbox 2134 2234 3682 2311; baseline -0.003 -19"><span class='ocrx_word' id='word_1_359' title='bbox 2134 2238 2301 2311; x_wconf 73' lang='grc' dir='ltr'>μηδὲν</span> <span class='ocrx_word' id='word_1_360' title='bbox 2359 2238 2554 2310; x_wconf 78' lang='grc' dir='ltr'>ὑδαρὲς</span> <span class='ocrx_word' id='word_1_361' title='bbox 2607 2238 2840 2309; x_wconf 84' lang='grc' dir='ltr'>ἐχόντων</span> <span class='ocrx_word' id='word_1_362' title='bbox 2878 2237 3049 2309; x_wconf 75' lang='grc' dir='ltr'>ψυχαὶ</span> <span class='ocrx_word' id='word_1_363' title='bbox 3118 2236 3257 2308; x_wconf 76' lang='grc' dir='ltr'>μηδὲ</span> <span class='ocrx_word' id='word_1_364' title='bbox 3301 2234 3538 2298; x_wconf 73' lang='grc' dir='ltr'>ἔκλυτον,</span> <span class='ocrx_word' id='word_1_365' title='bbox 3573 2234 3682 2289; x_wconf 60' lang='lat' dir='ltr'><strong>alii</strong></span> 
     </span>
    </p>
   </div>
   <div class='ocr_carea' id='block_1_50' title="bbox 2131 2322 3683 2403">
    <p class='ocr_par' dir='ltr' id='par_1_50' title="bbox 2131 2322 3683 2403">
     <span class='ocr_line' id='line_1_50' title="bbox 2131 2322 3683 2403; baseline -0.002 -19"><span class='ocrx_word' id='word_1_366' title='bbox 2131 2332 2231 2386; x_wconf 78' lang='grc' dir='ltr'>καὶ</span> <span class='ocrx_word' id='word_1_367' title='bbox 2274 2330 2457 2403; x_wconf 72' lang='grc' dir='ltr'>ξηραὶ,</span> <span class='ocrx_word' id='word_1_368' title='bbox 2511 2330 2609 2386; x_wconf 78' lang='grc' dir='ltr'>καὶ</span> <span class='ocrx_word' id='word_1_369' title='bbox 2658 2331 3163 2401; x_wconf 77' lang='grc' dir='ltr'>μεμεριμνημέναι,</span> <span class='ocrx_word' id='word_1_370' title='bbox 3220 2330 3281 2382; x_wconf 88' lang='grc' dir='ltr'><strong>ἐν</strong></span> <span class='ocrx_word' id='word_1_371' title='bbox 3328 2322 3414 2393; x_wconf 75' lang='grc' dir='ltr'>αἶς</span> <span class='ocrx_word' id='word_1_372' title='bbox 3465 2327 3683 2399; x_wconf 73' lang='grc' dir='ltr'>οὐδεμίαν</span> 
     </span>
    </p>
   </div>
   <div class='ocr_carea' id='block_1_51' title="bbox 2131 2418 3678 2494">
    <p class='ocr_par' dir='ltr' id='par_1_51' title="bbox 2131 2418 3678 2494">
     <span class='ocr_line' id='line_1_51' title="bbox 2131 2418 3678 2494; baseline -0.001 -18"><span class='ocrx_word' id='word_1_373' title='bbox 2131 2423 2379 2494; x_wconf 77' lang='grc' dir='ltr'>εὑρίσκει</span> <span class='ocrx_word' id='word_1_374' title='bbox 2436 2423 2497 2477; x_wconf 79' lang='grc' dir='ltr'>τὸ</span> <span class='ocrx_word' id='word_1_375' title='bbox 2555 2421 2776 2493; x_wconf 76' lang='grc' dir='ltr'>πνεῦμα</span> <span class='ocrx_word' id='word_1_376' title='bbox 2825 2422 2924 2490; x_wconf 79' lang='grc' dir='ltr'>τῆς</span> <span class='ocrx_word' id='word_1_377' title='bbox 2992 2419 3343 2491; x_wconf 74' lang='grc' dir='ltr'>ἀκαθαρσίας</span> <span class='ocrx_word' id='word_1_378' title='bbox 3396 2418 3678 2474; x_wconf 73' lang='grc' dir='ltr'>ἀνάπαυσιν.</span> 
     </span>
    </p>
   </div>
   <div class='ocr_carea' id='block_1_52' title="bbox 2146 2509 3680 2583">
    <p class='ocr_par' dir='ltr' id='par_1_52' title="bbox 2146 2509 3680 2583">
     <span class='ocr_line' id='line_1_52' title="bbox 2146 2509 3680 2583; baseline -0.005 -14"><span class='ocrx_word' id='word_1_379' title='bbox 2146 2516 2303 2571; x_wconf 76' lang='grc' dir='ltr'>Ἐπεὶ</span> <span class='ocrx_word' id='word_1_380' title='bbox 2347 2515 2527 2570; x_wconf 88' lang='grc' dir='ltr'>τοίνυν</span> <span class='ocrx_word' id='word_1_381' title='bbox 2582 2516 2639 2568; x_wconf 85' lang='grc' dir='ltr'><strong>ἐν</strong></span> <span class='ocrx_word' id='word_1_382' title='bbox 2693 2516 2816 2578; x_wconf 84' lang='grc' dir='ltr'>ταῖς</span> <span class='ocrx_word' id='word_1_383' title='bbox 2865 2513 3144 2578; x_wconf 81' lang='grc' dir='ltr'>τοιαύταις</span> <span class='ocrx_word' id='word_1_384' title='bbox 3192 2512 3404 2583; x_wconf 78' lang='grc' dir='ltr'>ψυχαῖς</span> <span class='ocrx_word' id='word_1_385' title='bbox 3462 2509 3680 2575; x_wconf 77' lang='grc' dir='ltr'>οὐδεμίαν</span> 
     </span>
    </p>
   </div>
   <div class='ocr_carea' id='block_1_53' title="bbox 2136 2602 3807 2680">
    <p class='ocr_par' dir='ltr' id='par_1_53' title="bbox 2136 2602 3807 2680">
     <span class='ocr_line' id='line_1_53' title="bbox 2136 2602 3807 2680; baseline -0.005 -19"><span class='ocrx_word' id='word_1_386' title='bbox 2136 2606 2465 2680; x_wconf 69' lang='grc' dir='ltr'>ἐνοικήσεως</span> <span class='ocrx_word' id='word_1_387' title='bbox 2492 2605 2676 2679; x_wconf 83' lang='grc' dir='ltr'>χώραν</span> <span class='ocrx_word' id='word_1_388' title='bbox 2693 2606 2804 2676; x_wconf 69' lang='grc' dir='ltr'>ἔχει</span> <span class='ocrx_word' id='word_1_389' title='bbox 2826 2608 2855 2660; x_wconf 87' lang='grc' dir='ltr'>ὁ</span> <span class='ocrx_word' id='word_1_390' title='bbox 2875 2606 3131 2677; x_wconf 78' lang='grc' dir='ltr'>πονηρὸς,</span> <span class='ocrx_word' id='word_1_391' title='bbox 3157 2605 3254 2657; x_wconf 78' lang='grc' dir='ltr'>ἐπὶ</span> <span class='ocrx_word' id='word_1_392' title='bbox 3276 2604 3405 2667; x_wconf 77' lang='grc' dir='ltr'>τοὺς</span> <span class='ocrx_word' id='word_1_393' title='bbox 3438 2602 3676 2665; x_wconf 72' lang='grc' dir='ltr'>Ἰουδαίους</span> <span class='ocrx_word' id='word_1_394' title='bbox 3787 2622 3807 2641; x_wconf 75' lang='lat'><strong><em>~</em></strong></span> 
     </span>
    </p>
   </div>
   <div class='ocr_carea' id='block_1_54' title="bbox 2135 2694 3677 2771">
    <p class='ocr_par' dir='ltr' id='par_1_54' title="bbox 2135 2694 3677 2771">
     <span class='ocr_line' id='line_1_54' title="bbox 2135 2694 3677 2771; baseline -0.004 -16"><span class='ocrx_word' id='word_1_395' title='bbox 2135 2701 2421 2771; x_wconf 82' lang='grc' dir='ltr'>τρέπεται,</span> <span class='ocrx_word' id='word_1_396' title='bbox 2456 2702 2551 2755; x_wconf 68' lang='grc' dir='ltr'>καὶ</span> <span class='ocrx_word' id='word_1_397' title='bbox 2578 2701 2791 2770; x_wconf 86' lang='grc' dir='ltr'>γίνεται</span> <span class='ocrx_word' id='word_1_398' title='bbox 2811 2700 2992 2754; x_wconf 80' lang='grc' dir='ltr'>αὐτῶν</span> <span class='ocrx_word' id='word_1_399' title='bbox 3018 2698 3088 2753; x_wconf 80' lang='grc' dir='ltr'>τὰ</span> <span class='ocrx_word' id='word_1_400' title='bbox 3119 2698 3329 2768; x_wconf 73' lang='grc' dir='ltr'>ἔσχατα</span> <span class='ocrx_word' id='word_1_401' title='bbox 3370 2698 3573 2768; x_wconf 79' lang='grc' dir='ltr'>χείρονα</span> <span class='ocrx_word' id='word_1_402' title='bbox 3595 2694 3677 2749; x_wconf 79' lang='grc' dir='ltr'><strong>τῶν</strong></span> 
     </span>
    </p>
   </div>
   <div class='ocr_carea' id='block_1_55' title="bbox 2133 2787 3676 2864">
    <p class='ocr_par' dir='ltr' id='par_1_55' title="bbox 2133 2787 3676 2864">
     <span class='ocr_line' id='line_1_55' title="bbox 2133 2787 3676 2864; baseline -0.006 -18"><span class='ocrx_word' id='word_1_403' title='bbox 2133 2791 2387 2863; x_wconf 79' lang='grc' dir='ltr'>πρώτων’</span> <span class='ocrx_word' id='word_1_404' title='bbox 2415 2792 2602 2846; x_wconf 79' lang='grc' dir='ltr'>οὐκέτι</span> <span class='ocrx_word' id='word_1_405' title='bbox 2630 2792 2736 2864; x_wconf 82' lang='grc' dir='ltr'><strong>γὰρ</strong></span> <span class='ocrx_word' id='word_1_406' title='bbox 2766 2791 2897 2863; x_wconf 73' lang='grc' dir='ltr'>παρ’</span> <span class='ocrx_word' id='word_1_407' title='bbox 2926 2793 3111 2854; x_wconf 80' lang='grc' dir='ltr'>αὐτοῖς</span> <span class='ocrx_word' id='word_1_408' title='bbox 3134 2789 3439 2861; x_wconf 81' lang='grc' dir='ltr'>προφῆται·</span> <span class='ocrx_word' id='word_1_409' title='bbox 3462 2787 3676 2841; x_wconf 73' lang='grc' dir='ltr'>ἀπέκτει-</span> 
     </span>
    </p>
   </div>
   <div class='ocr_carea' id='block_1_56' title="bbox 2134 2877 3678 2958">
    <p class='ocr_par' dir='ltr' id='par_1_56' title="bbox 2134 2877 3678 2958">
     <span class='ocr_line' id='line_1_56' title="bbox 2134 2877 3678 2958; baseline -0.008 -16"><span class='ocrx_word' id='word_1_410' title='bbox 2134 2905 2233 2942; x_wconf 82' lang='grc' dir='ltr'><strong>ναν</strong></span> <span class='ocrx_word' id='word_1_411' title='bbox 2265 2887 2374 2958; x_wconf 82' lang='grc' dir='ltr'>γὰρ</span> <span class='ocrx_word' id='word_1_412' title='bbox 2397 2890 2490 2942; x_wconf 81' lang='grc' dir='ltr'><strong>τδν</strong></span> <span class='ocrx_word' id='word_1_413' title='bbox 2519 2887 2698 2956; x_wconf 78' lang='grc' dir='ltr'>λόγον’</span> <span class='ocrx_word' id='word_1_414' title='bbox 2734 2887 2919 2940; x_wconf 77' lang='grc' dir='ltr'>οὐκέτι</span> <span class='ocrx_word' id='word_1_415' title='bbox 2955 2884 3188 2957; x_wconf 77' lang='grc' dir='ltr'>χρίσμα”</span> <span class='ocrx_word' id='word_1_416' title='bbox 3219 2882 3316 2937; x_wconf 78' lang='grc' dir='ltr'>τὸν</span> <span class='ocrx_word' id='word_1_417' title='bbox 3348 2881 3456 2952; x_wconf 82' lang='grc' dir='ltr'><strong>γὰρ</strong></span> <span class='ocrx_word' id='word_1_418' title='bbox 3483 2877 3678 2951; x_wconf 67' lang='grc' dir='ltr'>Χριστὸν</span> 
     </span>
    </p>
   </div>
   <div class='ocr_carea' id='block_1_57' title="bbox 448 2964 3674 3051">
    <p class='ocr_par' dir='ltr' id='par_1_57' title="bbox 448 2964 3674 3051">
     <span class='ocr_line' id='line_1_57' title="bbox 448 2964 3674 3051; baseline 0.002 -35"><span class='ocrx_word' id='word_1_419' title='bbox 448 2964 826 3035; x_wconf 82' lang='grc' dir='ltr'>ἐσταύρωσαν.</span> <span class='ocrx_word' id='word_1_420' title='bbox 865 2967 1049 3025; x_wconf 78' lang='grc' dir='ltr'>Ταῦτα</span> <span class='ocrx_word' id='word_1_421' title='bbox 1074 2970 1133 3026; x_wconf 78' lang='grc' dir='ltr'>δὲ</span> <span class='ocrx_word' id='word_1_422' title='bbox 1164 2974 1224 3026; x_wconf 87' lang='grc' dir='ltr'><strong>ἐν</strong></span> <span class='ocrx_word' id='word_1_423' title='bbox 1262 2973 1445 3038; x_wconf 84' lang='grc' dir='ltr'>αὐτοῖς</span> <span class='ocrx_word' id='word_1_424' title='bbox 1480 2973 1706 3044; x_wconf 85' lang='grc' dir='ltr'>ὡρῶντο</span> <span class='ocrx_word' id='word_1_425' title='bbox 1772 2974 1985 3047; x_wconf 84' lang='grc' dir='ltr'>πρώην,</span> <span class='ocrx_word' id='word_1_426' title='bbox 2020 2980 2071 3033; x_wconf 86' lang='grc' dir='ltr'><strong>εί</strong></span> <span class='ocrx_word' id='word_1_427' title='bbox 2110 2980 2205 3035; x_wconf 60' lang='grc' dir='ltr'><strong>καὶ⁷</strong></span> <span class='ocrx_word' id='word_1_428' title='bbox 2255 2980 2697 3051; x_wconf 82' lang='grc' dir='ltr'>είδωλολὰτρουν,</span> <span class='ocrx_word' id='word_1_429' title='bbox 2754 2978 2848 3032; x_wconf 79' lang='grc' dir='ltr'>νῦν</span> <span class='ocrx_word' id='word_1_430' title='bbox 2892 2978 2947 3032; x_wconf 80' lang='grc' dir='ltr'>δὲ</span> <span class='ocrx_word' id='word_1_431' title='bbox 2994 2979 3120 3030; x_wconf 77' lang='grc' dir='ltr'>ἐπεὶ</span> <span class='ocrx_word' id='word_1_432' title='bbox 3186 2976 3269 3039; x_wconf 81' lang='grc' dir='ltr'><strong>είς</strong></span> <span class='ocrx_word' id='word_1_433' title='bbox 3316 2973 3407 3027; x_wconf 71' lang='grc' dir='ltr'>τὸν</span> <span class='ocrx_word' id='word_1_434' title='bbox 3454 2972 3568 3027; x_wconf 77' lang='grc' dir='ltr'>λ’ἱὺν</span> <span class='ocrx_word' id='word_1_435' title='bbox 3602 2970 3674 3024; x_wconf 75' lang='grc' dir='ltr'><strong>τοῦ</strong></span> 
     </span>
    </p>
   </div>
   <div class='ocr_carea' id='block_1_58' title="bbox 448 3057 1516 3136">
    <p class='ocr_par' dir='ltr' id='par_1_58' title="bbox 448 3057 1516 3136">
     <span class='ocr_line' id='line_1_58' title="bbox 448 3057 1516 3136; baseline 0.012 -27"><span class='ocrx_word' id='word_1_436' title='bbox 448 3057 585 3115; x_wconf 68' lang='grc' dir='ltr'>θεοῦ</span> <span class='ocrx_word' id='word_1_437' title='bbox 615 3058 885 3130; x_wconf 75' lang='grc' dir='ltr'>ἥμαρτον,</span> <span class='ocrx_word' id='word_1_438' title='bbox 917 3064 1134 3120; x_wconf 76' lang='grc' dir='ltr'>πάντων</span> <span class='ocrx_word' id='word_1_439' title='bbox 1168 3065 1516 3136; x_wconf 84' lang='grc' dir='ltr'>ἐστέρηνται.</span> 
     </span>
    </p>
   </div>
   <div class='ocr_carea' id='block_1_59' title="bbox 454 3149 2107 3233">
    <p class='ocr_par' dir='ltr' id='par_1_59' title="bbox 454 3149 2107 3233">
     <span class='ocr_line' id='line_1_59' title="bbox 454 3149 2107 3233; baseline 0.009 -29"><span class='ocrx_word' id='word_1_440' title='bbox 454 3206 459 3219; x_wconf 35' lang='grc' dir='ltr'><strong>ε</strong></span> <span class='ocrx_word' id='word_1_441' title='bbox 531 3149 898 3209; x_wconf 74' lang='lat' dir='ltr'><strong>Vsus.27-52.</strong></span> <span class='ocrx_word' id='word_1_442' title='bbox 929 3174 947 3206; x_wconf 81' lang='grc' dir='ltr'><strong>ι</strong></span> <span class='ocrx_word' id='word_1_443' title='bbox 974 3155 1200 3212; x_wconf 84' lang='lat' dir='ltr'><strong>Factum</strong></span> <span class='ocrx_word' id='word_1_444' title='bbox 1223 3170 1306 3214; x_wconf 83' lang='lat' dir='ltr'><strong>est</strong></span> <span class='ocrx_word' id='word_1_445' title='bbox 1325 3170 1528 3226; x_wconf 87' lang='lat' dir='ltr'><strong>autem,</strong></span> <span class='ocrx_word' id='word_1_446' title='bbox 1549 3176 1671 3217; x_wconf 89' lang='lat' dir='ltr'><strong>cum</strong></span> <span class='ocrx_word' id='word_1_447' title='bbox 1690 3163 1806 3220; x_wconf 65' lang='lat' dir='ltr'><strong>base</strong></span> <span class='ocrx_word' id='word_1_448' title='bbox 1826 3164 2031 3220; x_wconf 88' lang='lat' dir='ltr'><strong>diceret</strong></span> <span class='ocrx_word' id='word_1_449' title='bbox 2060 3169 2107 3233; x_wconf 76' lang='grc' dir='ltr'><strong>ο</strong></span> 
     </span>
    </p>
   </div>
   <div class='ocr_carea' id='block_1_60' title="bbox 451 3243 2033 3322">
    <p class='ocr_par' dir='ltr' id='par_1_60' title="bbox 451 3243 2033 3322">
     <span class='ocr_line' id='line_1_60' title="bbox 451 3243 2033 3322; baseline 0.013 -31"><span class='ocrx_word' id='word_1_450' title='bbox 451 3243 716 3300; x_wconf 69' lang='grc' dir='ltr'>σ-χιοιιεηε</span> <span class='ocrx_word' id='word_1_451' title='bbox 740 3259 922 3302; x_wconf 89' lang='lat' dir='ltr'><strong>vocem</strong></span> <span class='ocrx_word' id='word_1_452' title='bbox 947 3251 1191 3319; x_wconf 68' lang='lat' dir='ltr'><strong>qua-dam</strong></span> <span class='ocrx_word' id='word_1_453' title='bbox 1220 3253 1413 3308; x_wconf 89' lang='lat' dir='ltr'><strong>mulier</strong></span> <span class='ocrx_word' id='word_1_454' title='bbox 1433 3252 1500 3308; x_wconf 90' lang='lat' dir='ltr'><strong>de</strong></span> <span class='ocrx_word' id='word_1_455' title='bbox 1529 3257 1706 3322; x_wconf 90' lang='lat' dir='ltr'><strong>turba,</strong></span> <span class='ocrx_word' id='word_1_456' title='bbox 1731 3256 1870 3311; x_wconf 79' lang='lat' dir='ltr'><strong>dixit</strong></span> <span class='ocrx_word' id='word_1_457' title='bbox 1911 3257 1986 3312; x_wconf 92' lang='lat' dir='ltr'><strong>illi</strong></span> <span class='ocrx_word' id='word_1_458' title='bbox 2019 3275 2033 3312; x_wconf 89' lang='lat'><strong>:</strong></span> 
     </span>
    </p>
   </div>
   <div class='ocr_carea' id='block_1_61' title="bbox 451 3331 2033 3417">
    <p class='ocr_par' dir='ltr' id='par_1_61' title="bbox 451 3331 2033 3417">
     <span class='ocr_line' id='line_1_61' title="bbox 451 3331 2033 3417; baseline 0.011 -30"><span class='ocrx_word' id='word_1_459' title='bbox 451 3331 648 3398; x_wconf 79' lang='lat' dir='ltr'><strong>Beatus</strong></span> <span class='ocrx_word' id='word_1_460' title='bbox 674 3348 861 3394; x_wconf 85' lang='lat' dir='ltr'><strong>venter</strong></span> <span class='ocrx_word' id='word_1_461' title='bbox 895 3339 985 3408; x_wconf 90' lang='lat' dir='ltr'><strong>qui</strong></span> <span class='ocrx_word' id='word_1_462' title='bbox 1013 3348 1063 3396; x_wconf 91' lang='lat' dir='ltr'><strong>te</strong></span> <span class='ocrx_word' id='word_1_463' title='bbox 1096 3345 1351 3412; x_wconf 84' lang='lat' dir='ltr'><strong>portavit,</strong></span> <span class='ocrx_word' id='word_1_464' title='bbox 1394 3354 1449 3400; x_wconf 92' lang='lat' dir='ltr'><strong>et</strong></span> <span class='ocrx_word' id='word_1_465' title='bbox 1478 3345 1643 3401; x_wconf 89' lang='lat' dir='ltr'><strong>ubera</strong></span> <span class='ocrx_word' id='word_1_466' title='bbox 1670 3362 1791 3417; x_wconf 68' lang='lat' dir='ltr'><strong>qua:</strong></span> <span class='ocrx_word' id='word_1_467' title='bbox 1817 3349 2033 3405; x_wconf 72' lang='lat' dir='ltr'><strong>suxisti.</strong></span> 
     </span>
    </p>
   </div>
   <div class='ocr_carea' id='block_1_62' title="bbox 452 3426 2036 3505">
    <p class='ocr_par' dir='ltr' id='par_1_62' title="bbox 452 3426 2036 3505">
     <span class='ocr_line' id='line_1_62' title="bbox 452 3426 2036 3505; baseline 0.009 -25"><span class='ocrx_word' id='word_1_468' title='bbox 452 3431 528 3481; x_wconf 75' lang='lat' dir='ltr'><strong>At</strong></span> <span class='ocrx_word' id='word_1_469' title='bbox 554 3426 644 3484; x_wconf 90' lang='lat' dir='ltr'><strong>ille</strong></span> <span class='ocrx_word' id='word_1_470' title='bbox 673 3429 810 3484; x_wconf 83' lang='lat' dir='ltr'><strong>dixit</strong></span> <span class='ocrx_word' id='word_1_471' title='bbox 835 3446 849 3485; x_wconf 88' lang='lat'><strong>:</strong></span> <span class='ocrx_word' id='word_1_472' title='bbox 876 3429 1154 3499; x_wconf 83' lang='lat' dir='ltr'><strong>Quinimo,</strong></span> <span class='ocrx_word' id='word_1_473' title='bbox 1182 3436 1328 3491; x_wconf 89' lang='lat' dir='ltr'><strong>beati</strong></span> <span class='ocrx_word' id='word_1_474' title='bbox 1360 3435 1446 3505; x_wconf 86' lang='lat' dir='ltr'><strong>qui</strong></span> <span class='ocrx_word' id='word_1_475' title='bbox 1476 3439 1705 3494; x_wconf 89' lang='lat' dir='ltr'><strong>audiunt</strong></span> <span class='ocrx_word' id='word_1_476' title='bbox 1729 3454 2036 3496; x_wconf 81' lang='lat' dir='ltr'><strong>sermonem</strong></span> 
     </span>
    </p>
   </div>
   <div class='ocr_carea' id='block_1_63' title="bbox 458 3522 2041 3591">
    <p class='ocr_par' dir='ltr' id='par_1_63' title="bbox 458 3522 2041 3591">
     <span class='ocr_line' id='line_1_63' title="bbox 458 3522 2041 3591; baseline 0.012 -19"><span class='ocrx_word' id='word_1_477' title='bbox 458 3522 575 3588; x_wconf 81' lang='lat' dir='ltr'><strong>Dei,</strong></span> <span class='ocrx_word' id='word_1_478' title='bbox 609 3533 661 3579; x_wconf 90' lang='lat' dir='ltr'><strong>et</strong></span> <span class='ocrx_word' id='word_1_479' title='bbox 702 3528 1014 3582; x_wconf 88' lang='lat' dir='ltr'><strong>custodiunt</strong></span> <span class='ocrx_word' id='word_1_480' title='bbox 1048 3528 1218 3583; x_wconf 85' lang='lat' dir='ltr'><strong>illum.</strong></span> <span class='ocrx_word' id='word_1_481' title='bbox 1248 3530 1449 3586; x_wconf 86' lang='lat' dir='ltr'><strong>Turbis</strong></span> <span class='ocrx_word' id='word_1_482' title='bbox 1484 3543 1664 3587; x_wconf 90' lang='lat' dir='ltr'><strong>autem</strong></span> <span class='ocrx_word' id='word_1_483' title='bbox 1701 3534 2041 3591; x_wconf 85' lang='lat' dir='ltr'><strong>condensan—</strong></span> 
     </span>
    </p>
   </div>
   <div class='ocr_carea' id='block_1_64' title="bbox 458 3615 2038 3697">
    <p class='ocr_par' dir='ltr' id='par_1_64' title="bbox 458 3615 2038 3697">
     <span class='ocr_line' id='line_1_64' title="bbox 458 3615 2038 3697; baseline 0.01 -31"><span class='ocrx_word' id='word_1_484' title='bbox 458 3615 603 3668; x_wconf 84' lang='lat' dir='ltr'><strong>tibus</strong></span> <span class='ocrx_word' id='word_1_485' title='bbox 627 3628 685 3668; x_wconf 88' lang='lat' dir='ltr'><strong>se</strong></span> <span class='ocrx_word' id='word_1_486' title='bbox 709 3618 869 3683; x_wconf 74' lang='lat' dir='ltr'><strong>cmpit</strong></span> <span class='ocrx_word' id='word_1_487' title='bbox 900 3617 1085 3674; x_wconf 90' lang='lat' dir='ltr'><strong>dicere</strong></span> <span class='ocrx_word' id='word_1_488' title='bbox 1114 3637 1127 3674; x_wconf 89' lang='lat'><strong>:</strong></span> <span class='ocrx_word' id='word_1_489' title='bbox 1161 3618 1321 3676; x_wconf 84' lang='lat' dir='ltr'><strong>Natio</strong></span> <span class='ocrx_word' id='word_1_490' title='bbox 1347 3622 1464 3678; x_wconf 72' lang='lat' dir='ltr'><strong>haec</strong></span> <span class='ocrx_word' id='word_1_491' title='bbox 1498 3624 1638 3678; x_wconf 89' lang='lat' dir='ltr'><strong>mala</strong></span> <span class='ocrx_word' id='word_1_492' title='bbox 1664 3636 1750 3681; x_wconf 89' lang='lat' dir='ltr'><strong>est</strong></span> <span class='ocrx_word' id='word_1_493' title='bbox 1774 3644 1789 3682; x_wconf 85' lang='lat'><strong>:</strong></span> <span class='ocrx_word' id='word_1_494' title='bbox 1824 3627 2038 3697; x_wconf 75' lang='lat' dir='ltr'><strong>signum</strong></span> 
     </span>
    </p>
   </div>
   <div class='ocr_carea' id='block_1_65' title="bbox 456 3708 2040 3787">
    <p class='ocr_par' dir='ltr' id='par_1_65' title="bbox 456 3708 2040 3787">
     <span class='ocr_line' id='line_1_65' title="bbox 456 3708 2040 3787; baseline 0.011 -29"><span class='ocrx_word' id='word_1_495' title='bbox 456 3708 675 3775; x_wconf 76' lang='lat' dir='ltr'><strong>quaerit,</strong></span> <span class='ocrx_word' id='word_1_496' title='bbox 704 3718 759 3762; x_wconf 86' lang='lat' dir='ltr'><strong>et</strong></span> <span class='ocrx_word' id='word_1_497' title='bbox 785 3709 1000 3779; x_wconf 79' lang='lat' dir='ltr'><strong>signum</strong></span> <span class='ocrx_word' id='word_1_498' title='bbox 1034 3728 1138 3766; x_wconf 92' lang='lat' dir='ltr'><strong>non</strong></span> <span class='ocrx_word' id='word_1_499' title='bbox 1164 3712 1384 3769; x_wconf 82' lang='lat' dir='ltr'><strong>dabitur</strong></span> <span class='ocrx_word' id='word_1_500' title='bbox 1404 3716 1477 3784; x_wconf 88' lang='lat' dir='ltr'><strong>ei,</strong></span> <span class='ocrx_word' id='word_1_501' title='bbox 1506 3717 1610 3772; x_wconf 88' lang='lat' dir='ltr'><strong>nisi</strong></span> <span class='ocrx_word' id='word_1_502' title='bbox 1648 3717 1859 3787; x_wconf 81' lang='lat' dir='ltr'><strong>signum</strong></span> <span class='ocrx_word' id='word_1_503' title='bbox 1889 3717 2040 3775; x_wconf 67' lang='lat' dir='ltr'><strong>Jonas</strong></span> 
     </span>
    </p>
   </div>
   <div class='ocr_carea' id='block_1_66' title="bbox 457 3799 2037 3880">
    <p class='ocr_par' dir='ltr' id='par_1_66' title="bbox 457 3799 2037 3880">
     <span class='ocr_line' id='line_1_66' title="bbox 457 3799 2037 3880; baseline 0.008 -28"><span class='ocrx_word' id='word_1_504' title='bbox 457 3800 757 3869; x_wconf 78' lang='lat' dir='ltr'><strong>prapbetac.</strong></span> <span class='ocrx_word' id='word_1_505' title='bbox 800 3799 936 3856; x_wconf 79' lang='lat' dir='ltr'><strong>Nam</strong></span> <span class='ocrx_word' id='word_1_506' title='bbox 967 3803 1107 3858; x_wconf 85' lang='lat' dir='ltr'><strong>sicut</strong></span> <span class='ocrx_word' id='word_1_507' title='bbox 1149 3804 1319 3863; x_wconf 84' lang='lat' dir='ltr'><strong>Jonas</strong></span> <span class='ocrx_word' id='word_1_508' title='bbox 1355 3808 1569 3880; x_wconf 78' lang='lat' dir='ltr'><strong>signum</strong></span> <span class='ocrx_word' id='word_1_509' title='bbox 1622 3808 1722 3864; x_wconf 77' lang='lat' dir='ltr'><strong>fuit</strong></span> <span class='ocrx_word' id='word_1_510' title='bbox 1763 3809 2037 3879; x_wconf 81' lang='lat' dir='ltr'><strong>Ninivitia,</strong></span> 
     </span>
    </p>
   </div>
   <div class='ocr_carea' id='block_1_67' title="bbox 456 3891 2039 3973">
    <p class='ocr_par' dir='ltr' id='par_1_67' title="bbox 456 3891 2039 3973">
     <span class='ocr_line' id='line_1_67' title="bbox 456 3891 2039 3973; baseline 0.006 -26"><span class='ocrx_word' id='word_1_511' title='bbox 456 3891 533 3947; x_wconf 83' lang='lat' dir='ltr'><strong>ita</strong></span> <span class='ocrx_word' id='word_1_512' title='bbox 588 3893 748 3947; x_wconf 88' lang='lat' dir='ltr'><strong>etiam</strong></span> <span class='ocrx_word' id='word_1_513' title='bbox 782 3892 953 3950; x_wconf 86' lang='lat' dir='ltr'><strong>Filius</strong></span> <span class='ocrx_word' id='word_1_514' title='bbox 1001 3897 1237 3952; x_wconf 85' lang='lat' dir='ltr'><strong>hominis</strong></span> <span class='ocrx_word' id='word_1_515' title='bbox 1274 3899 1381 3954; x_wconf 89' lang='lat' dir='ltr'><strong>erit</strong></span> <span class='ocrx_word' id='word_1_516' title='bbox 1431 3900 1636 3955; x_wconf 86' lang='lat' dir='ltr'><strong>nationi</strong></span> <span class='ocrx_word' id='word_1_517' title='bbox 1679 3901 1790 3956; x_wconf 84' lang='lat' dir='ltr'><strong>isti.</strong></span> <span class='ocrx_word' id='word_1_518' title='bbox 1832 3902 2039 3973; x_wconf 73' lang='lat' dir='ltr'><strong>Regina</strong></span> 
     </span>
    </p>
   </div>
   <div class='ocr_carea' id='block_1_68' title="bbox 456 3985 2042 4065">
    <p class='ocr_par' dir='ltr' id='par_1_68' title="bbox 456 3985 2042 4065">
     <span class='ocr_line' id='line_1_68' title="bbox 456 3985 2042 4065; baseline 0.008 -29"><span class='ocrx_word' id='word_1_519' title='bbox 456 3985 629 4039; x_wconf 84' lang='lat' dir='ltr'><strong>austri</strong></span> <span class='ocrx_word' id='word_1_520' title='bbox 657 3995 843 4055; x_wconf 78' lang='lat' dir='ltr'><strong>surget</strong></span> <span class='ocrx_word' id='word_1_521' title='bbox 886 3988 939 4041; x_wconf 92' lang='lat' dir='ltr'><strong>in</strong></span> <span class='ocrx_word' id='word_1_522' title='bbox 967 3987 1171 4057; x_wconf 86' lang='lat' dir='ltr'><strong>judicio</strong></span> <span class='ocrx_word' id='word_1_523' title='bbox 1200 4003 1324 4044; x_wconf 83' lang='lat' dir='ltr'><strong>cum</strong></span> <span class='ocrx_word' id='word_1_524' title='bbox 1349 3991 1480 4045; x_wconf 89' lang='lat' dir='ltr'><strong>viris</strong></span> <span class='ocrx_word' id='word_1_525' title='bbox 1509 3992 1743 4048; x_wconf 86' lang='lat' dir='ltr'><strong>nationis</strong></span> <span class='ocrx_word' id='word_1_526' title='bbox 1775 3994 1954 4065; x_wconf 86' lang='lat' dir='ltr'><strong>hujus,</strong></span> <span class='ocrx_word' id='word_1_527' title='bbox 1987 4004 2042 4049; x_wconf 89' lang='lat' dir='ltr'><strong>et</strong></span> 
     </span>
    </p>
   </div>
   <div class='ocr_carea' id='block_1_69' title="bbox 459 4078 2042 4150">
    <p class='ocr_par' dir='ltr' id='par_1_69' title="bbox 459 4078 2042 4150">
     <span class='ocr_line' id='line_1_69' title="bbox 459 4078 2042 4150; baseline 0.007 -20"><span class='ocrx_word' id='word_1_528' title='bbox 459 4078 844 4133; x_wconf 85' lang='lat' dir='ltr'><strong>condemnabit</strong></span> <span class='ocrx_word' id='word_1_529' title='bbox 865 4079 985 4134; x_wconf 86' lang='lat' dir='ltr'><strong>illos</strong></span> <span class='ocrx_word' id='word_1_530' title='bbox 1013 4097 1028 4134; x_wconf 90' lang='lat'><strong>:</strong></span> <span class='ocrx_word' id='word_1_531' title='bbox 1062 4080 1185 4150; x_wconf 87' lang='lat' dir='ltr'><strong>quia</strong></span> <span class='ocrx_word' id='word_1_532' title='bbox 1222 4082 1372 4136; x_wconf 92' lang='lat' dir='ltr'><strong>venit</strong></span> <span class='ocrx_word' id='word_1_533' title='bbox 1396 4097 1426 4136; x_wconf 91' lang='lat' dir='ltr'><strong>a</strong></span> <span class='ocrx_word' id='word_1_534' title='bbox 1452 4080 1649 4139; x_wconf 81' lang='lat' dir='ltr'><strong>ﬁnibus</strong></span> <span class='ocrx_word' id='word_1_535' title='bbox 1681 4093 1839 4139; x_wconf 77' lang='lat' dir='ltr'><strong>terra:</strong></span> <span class='ocrx_word' id='word_1_536' title='bbox 1863 4095 1921 4141; x_wconf 92' lang='lat' dir='ltr'><strong>ut</strong></span> <span class='ocrx_word' id='word_1_537' title='bbox 1948 4100 2042 4141; x_wconf 90' lang='lat' dir='ltr'><strong>au-</strong></span> 
     </span>
    </p>
   </div>
   <div class='ocr_carea' id='block_1_70' title="bbox 461 4167 2045 4249">
    <p class='ocr_par' dir='ltr' id='par_1_70' title="bbox 461 4167 2045 4249">
     <span class='ocr_line' id='line_1_70' title="bbox 461 4167 2045 4249; baseline 0.008 -28"><span class='ocrx_word' id='word_1_538' title='bbox 461 4167 603 4222; x_wconf 87' lang='lat' dir='ltr'><strong>diret</strong></span> <span class='ocrx_word' id='word_1_539' title='bbox 637 4170 959 4239; x_wconf 86' lang='lat' dir='ltr'><strong>sapientiam</strong></span> <span class='ocrx_word' id='word_1_540' title='bbox 990 4171 1320 4240; x_wconf 83' lang='lat' dir='ltr'><strong>Solomonis,</strong></span> <span class='ocrx_word' id='word_1_541' title='bbox 1350 4184 1406 4230; x_wconf 91' lang='lat' dir='ltr'><strong>et</strong></span> <span class='ocrx_word' id='word_1_542' title='bbox 1430 4189 1558 4232; x_wconf 87' lang='lat' dir='ltr'><strong>ecce</strong></span> <span class='ocrx_word' id='word_1_543' title='bbox 1584 4176 1704 4246; x_wconf 87' lang='lat' dir='ltr'><strong>plus</strong></span> <span class='ocrx_word' id='word_1_544' title='bbox 1740 4193 1902 4249; x_wconf 87' lang='lat' dir='ltr'><strong>quam</strong></span> <span class='ocrx_word' id='word_1_545' title='bbox 1943 4178 2045 4235; x_wconf 91' lang='lat' dir='ltr'><strong>So-</strong></span> 
     </span>
    </p>
   </div>
   <div class='ocr_carea' id='block_1_71' title="bbox 455 4259 2042 4340">
    <p class='ocr_par' dir='ltr' id='par_1_71' title="bbox 455 4259 2042 4340">
     <span class='ocr_line' id='line_1_71' title="bbox 455 4259 2042 4340; baseline 0.008 -28"><span class='ocrx_word' id='word_1_546' title='bbox 455 4259 638 4314; x_wconf 88' lang='lat' dir='ltr'><strong>lomon</strong></span> <span class='ocrx_word' id='word_1_547' title='bbox 675 4259 779 4316; x_wconf 86' lang='lat' dir='ltr'><strong>hoc</strong></span> <span class='ocrx_word' id='word_1_548' title='bbox 812 4261 863 4315; x_wconf 89' lang='lat' dir='ltr'><strong>in</strong></span> <span class='ocrx_word' id='word_1_549' title='bbox 893 4260 1034 4318; x_wconf 89' lang='lat' dir='ltr'><strong>loco.</strong></span> <span class='ocrx_word' id='word_1_550' title='bbox 1068 4263 1181 4319; x_wconf 84' lang='lat' dir='ltr'><strong>Viri</strong></span> <span class='ocrx_word' id='word_1_551' title='bbox 1207 4262 1459 4321; x_wconf 76' lang='lat' dir='ltr'><strong>Ninivita:</strong></span> <span class='ocrx_word' id='word_1_552' title='bbox 1495 4278 1719 4340; x_wconf 84' lang='lat' dir='ltr'><strong>surgent</strong></span> <span class='ocrx_word' id='word_1_553' title='bbox 1759 4269 1811 4325; x_wconf 89' lang='lat' dir='ltr'><strong>iu</strong></span> <span class='ocrx_word' id='word_1_554' title='bbox 1838 4269 2042 4338; x_wconf 82' lang='lat' dir='ltr'><strong>judicio</strong></span> 
     </span>
    </p>
   </div>
   <div class='ocr_carea' id='block_1_72' title="bbox 451 4353 2042 4431">
    <p class='ocr_par' dir='ltr' id='par_1_72' title="bbox 451 4353 2042 4431">
     <span class='ocr_line' id='line_1_72' title="bbox 451 4353 2042 4431; baseline 0.009 -26"><span class='ocrx_word' id='word_1_555' title='bbox 451 4366 581 4405; x_wconf 85' lang='lat' dir='ltr'><strong>cum</strong></span> <span class='ocrx_word' id='word_1_556' title='bbox 614 4353 835 4409; x_wconf 88' lang='lat' dir='ltr'><strong>natione</strong></span> <span class='ocrx_word' id='word_1_557' title='bbox 862 4353 987 4421; x_wconf 88' lang='lat' dir='ltr'><strong>bac,</strong></span> <span class='ocrx_word' id='word_1_558' title='bbox 1019 4364 1075 4411; x_wconf 88' lang='lat' dir='ltr'><strong>et</strong></span> <span class='ocrx_word' id='word_1_559' title='bbox 1121 4357 1560 4415; x_wconf 89' lang='lat' dir='ltr'><strong>condemnabunt</strong></span> <span class='ocrx_word' id='word_1_560' title='bbox 1602 4362 1773 4429; x_wconf 88' lang='lat' dir='ltr'><strong>illam,</strong></span> <span class='ocrx_word' id='word_1_561' title='bbox 1821 4364 1947 4431; x_wconf 87' lang='lat' dir='ltr'><strong>quia</strong></span> <span class='ocrx_word' id='word_1_562' title='bbox 1973 4363 2042 4419; x_wconf 89' lang='lat' dir='ltr'><strong>ad</strong></span> 
     </span>
    </p>
   </div>
   <div class='ocr_carea' id='block_1_73' title="bbox 457 4444 2044 4521">
    <p class='ocr_par' dir='ltr' id='par_1_73' title="bbox 457 4444 2044 4521">
     <span class='ocr_line' id='line_1_73' title="bbox 457 4444 2044 4521; baseline 0.008 -23"><span class='ocrx_word' id='word_1_563' title='bbox 457 4444 830 4513; x_wconf 60' lang='lat' dir='ltr'><strong>pu&#39;nitentiam</strong></span> <span class='ocrx_word' id='word_1_564' title='bbox 873 4447 1093 4504; x_wconf 86' lang='lat' dir='ltr'><strong>adducti</strong></span> <span class='ocrx_word' id='word_1_565' title='bbox 1143 4461 1272 4505; x_wconf 90' lang='lat' dir='ltr'><strong>sunt</strong></span> <span class='ocrx_word' id='word_1_566' title='bbox 1316 4452 1705 4521; x_wconf 67' lang='lat' dir='ltr'><strong>prwdicatione</strong></span> <span class='ocrx_word' id='word_1_567' title='bbox 1748 4453 1900 4511; x_wconf 55' lang='lat' dir='ltr'><strong>Jonas</strong></span> <span class='ocrx_word' id='word_1_568' title='bbox 1938 4474 1954 4511; x_wconf 88' lang='lat'><strong>:</strong></span> <span class='ocrx_word' id='word_1_569' title='bbox 1988 4466 2044 4511; x_wconf 91' lang='lat' dir='ltr'><strong>et</strong></span> 
     </span>
    </p>
   </div>
   <div class='ocr_carea' id='block_1_74' title="bbox 2218 3150 3676 3232">
    <p class='ocr_par' dir='ltr' id='par_1_74' title="bbox 2218 3150 3676 3232">
     <span class='ocr_line' id='line_1_74' title="bbox 2218 3150 3676 3232; baseline -0.008 -15"><span class='ocrx_word' id='word_1_570' title='bbox 2218 3160 2469 3232; x_wconf 81' lang='grc' dir='ltr'>Ἐγένετο</span> <span class='ocrx_word' id='word_1_571' title='bbox 2498 3159 2554 3213; x_wconf 88' lang='grc' dir='ltr'><strong>δέ</strong></span> <span class='ocrx_word' id='word_1_572' title='bbox 2594 3159 2653 3211; x_wconf 85' lang='grc' dir='ltr'>ὲν</span> <span class='ocrx_word' id='word_1_573' title='bbox 2695 3156 2774 3228; x_wconf 82' lang='grc' dir='ltr'>τῷ</span> <span class='ocrx_word' id='word_1_574' title='bbox 2822 3156 3001 3223; x_wconf 81' lang='grc' dir='ltr'>λέγειν</span> <span class='ocrx_word' id='word_1_575' title='bbox 3030 3154 3193 3208; x_wconf 82' lang='grc' dir='ltr'>αὑτὸν</span> <span class='ocrx_word' id='word_1_576' title='bbox 3236 3152 3428 3222; x_wconf 75' lang='grc' dir='ltr'>ταῦτα,</span> <span class='ocrx_word' id='word_1_577' title='bbox 3466 3150 3676 3221; x_wconf 78' lang='grc' dir='ltr'>ἐπάρασά</span> 
     </span>
    </p>
   </div>
   <div class='ocr_carea' id='block_1_75' title="bbox 2139 3239 3677 3323">
    <p class='ocr_par' dir='ltr' id='par_1_75' title="bbox 2139 3239 3677 3323">
     <span class='ocr_line' id='line_1_75' title="bbox 2139 3239 3677 3323; baseline -0.008 -15"><span class='ocrx_word' id='word_1_578' title='bbox 2139 3272 2224 3318; x_wconf 87' lang='grc' dir='ltr'><strong>τις</strong></span> <span class='ocrx_word' id='word_1_579' title='bbox 2251 3252 2389 3323; x_wconf 85' lang='grc' dir='ltr'>γυνὴ</span> <span class='ocrx_word' id='word_1_580' title='bbox 2415 3251 2599 3322; x_wconf 84' lang='grc' dir='ltr'>φωνὴν</span> <span class='ocrx_word' id='word_1_581' title='bbox 2626 3253 2688 3303; x_wconf 85' lang='grc' dir='ltr'><strong>ἐκ</strong></span> <span class='ocrx_word' id='word_1_582' title='bbox 2716 3248 2807 3302; x_wconf 73' lang='grc' dir='ltr'>τοῦ</span> <span class='ocrx_word' id='word_1_583' title='bbox 2843 3247 3024 3318; x_wconf 73' lang='grc' dir='ltr'>ὄχλου,</span> <span class='ocrx_word' id='word_1_584' title='bbox 3048 3239 3203 3299; x_wconf 76' lang='grc' dir='ltr'>εἶπεν</span> <span class='ocrx_word' id='word_1_585' title='bbox 3223 3244 3377 3316; x_wconf 81' lang='grc' dir='ltr'><strong>αὑτῷ</strong></span> <span class='ocrx_word' id='word_1_586' title='bbox 3404 3262 3417 3275; x_wconf 93' lang='grc'><strong>·</strong></span> <span class='ocrx_word' id='word_1_587' title='bbox 3457 3242 3677 3313; x_wconf 69' lang='grc' dir='ltr'>Μακαρία</span> 
     </span>
    </p>
   </div>
   <div class='ocr_carea' id='block_1_76' title="bbox 2142 3338 3670 3417">
    <p class='ocr_par' dir='ltr' id='par_1_76' title="bbox 2142 3338 3670 3417">
     <span class='ocr_line' id='line_1_76' title="bbox 2142 3338 3670 3417; baseline -0.008 -15"><span class='ocrx_word' id='word_1_588' title='bbox 2142 3349 2176 3417; x_wconf 89' lang='grc' dir='ltr'><strong>ή</strong></span> <span class='ocrx_word' id='word_1_589' title='bbox 2205 3347 2382 3401; x_wconf 83' lang='grc' dir='ltr'>κοιλία</span> <span class='ocrx_word' id='word_1_590' title='bbox 2414 3347 2447 3416; x_wconf 88' lang='grc' dir='ltr'><strong>ή</strong></span> <span class='ocrx_word' id='word_1_591' title='bbox 2475 3342 2792 3414; x_wconf 76' lang='grc' dir='ltr'>βαστάσασά</span> <span class='ocrx_word' id='word_1_592' title='bbox 2821 3358 2903 3406; x_wconf 84' lang='grc' dir='ltr'><strong>σε,</strong></span> <span class='ocrx_word' id='word_1_593' title='bbox 2932 3343 3028 3396; x_wconf 75' lang='grc' dir='ltr'>καὶ</span> <span class='ocrx_word' id='word_1_594' title='bbox 3060 3340 3285 3411; x_wconf 73' lang='grc' dir='ltr'>μαστοὶ,</span> <span class='ocrx_word' id='word_1_595' title='bbox 3310 3338 3404 3403; x_wconf 82' lang='grc' dir='ltr'>οὓς</span> <span class='ocrx_word' id='word_1_596' title='bbox 3430 3338 3670 3407; x_wconf 77' lang='grc' dir='ltr'>ἐθήλασας.</span> 
     </span>
    </p>
   </div>
   <div class='ocr_carea' id='block_1_77' title="bbox 2137 3431 3672 3504">
    <p class='ocr_par' dir='ltr' id='par_1_77' title="bbox 2137 3431 3672 3504">
     <span class='ocr_line' id='line_1_77' title="bbox 2137 3431 3672 3504; baseline -0.007 -11"><span class='ocrx_word' id='word_1_597' title='bbox 2137 3440 2309 3502; x_wconf 71' lang='grc' dir='ltr'>Αὐτὸς</span> <span class='ocrx_word' id='word_1_598' title='bbox 2355 3438 2412 3491; x_wconf 84' lang='grc' dir='ltr'><strong>δέ</strong></span> <span class='ocrx_word' id='word_1_599' title='bbox 2469 3432 2623 3490; x_wconf 84' lang='grc' dir='ltr'>εἷπε·</span> <span class='ocrx_word' id='word_1_600' title='bbox 2662 3434 2967 3502; x_wconf 83' lang='grc' dir='ltr'>Μενοῢνγε,</span> <span class='ocrx_word' id='word_1_601' title='bbox 3018 3434 3282 3504; x_wconf 86' lang='grc' dir='ltr'>μακάριοι</span> <span class='ocrx_word' id='word_1_602' title='bbox 3333 3433 3385 3486; x_wconf 78' lang='grc' dir='ltr'>οἱ</span> <span class='ocrx_word' id='word_1_603' title='bbox 3430 3431 3672 3493; x_wconf 80' lang='grc' dir='ltr'>ἀκούοντες</span> 
     </span>
    </p>
   </div>
   <div class='ocr_carea' id='block_1_78' title="bbox 2139 3519 3671 3596">
    <p class='ocr_par' dir='ltr' id='par_1_78' title="bbox 2139 3519 3671 3596">
     <span class='ocr_line' id='line_1_78' title="bbox 2139 3519 3671 3596; baseline -0.008 -12"><span class='ocrx_word' id='word_1_604' title='bbox 2139 3531 2229 3585; x_wconf 84' lang='grc' dir='ltr'>τὸν</span> <span class='ocrx_word' id='word_1_605' title='bbox 2280 3529 2437 3596; x_wconf 82' lang='grc' dir='ltr'>λόγον</span> <span class='ocrx_word' id='word_1_606' title='bbox 2476 3525 2569 3580; x_wconf 79' lang='grc' dir='ltr'>τοῦ</span> <span class='ocrx_word' id='word_1_607' title='bbox 2605 3525 2772 3588; x_wconf 84' lang='grc' dir='ltr'>Θεοῦ,</span> <span class='ocrx_word' id='word_1_608' title='bbox 2810 3526 2906 3578; x_wconf 79' lang='grc' dir='ltr'><strong>καὶ</strong></span> <span class='ocrx_word' id='word_1_609' title='bbox 2951 3523 3326 3594; x_wconf 79' lang='grc' dir='ltr'>φυλάσσοντες</span> <span class='ocrx_word' id='word_1_610' title='bbox 3368 3521 3541 3578; x_wconf 78' lang='grc' dir='ltr'>αὐτόν.</span> <span class='ocrx_word' id='word_1_611' title='bbox 3580 3519 3671 3574; x_wconf 81' lang='grc' dir='ltr'>Τῶν</span> 
     </span>
    </p>
   </div>
   <div class='ocr_carea' id='block_1_79' title="bbox 2138 3612 3673 3692">
    <p class='ocr_par' dir='ltr' id='par_1_79' title="bbox 2138 3612 3673 3692">
     <span class='ocr_line' id='line_1_79' title="bbox 2138 3612 3673 3692; baseline -0.008 -16"><span class='ocrx_word' id='word_1_612' title='bbox 2138 3623 2196 3677; x_wconf 80' lang='grc' dir='ltr'><strong>δέ</strong></span> <span class='ocrx_word' id='word_1_613' title='bbox 2224 3621 2393 3692; x_wconf 73' lang='grc' dir='ltr'>ὄχλων</span> <span class='ocrx_word' id='word_1_614' title='bbox 2426 3617 2923 3690; x_wconf 78' lang='grc' dir='ltr'>ἐπαθροιζομένων,</span> <span class='ocrx_word' id='word_1_615' title='bbox 2961 3618 3164 3687; x_wconf 75' lang='grc' dir='ltr'>ἤρξατο</span> <span class='ocrx_word' id='word_1_616' title='bbox 3201 3615 3415 3683; x_wconf 79' lang='grc' dir='ltr'>λέγειν·</span> <span class='ocrx_word' id='word_1_617' title='bbox 3455 3613 3515 3667; x_wconf 86' lang='grc' dir='ltr'><strong>Ἠ</strong></span> <span class='ocrx_word' id='word_1_618' title='bbox 3549 3612 3673 3681; x_wconf 72' lang='grc' dir='ltr'>γενεὰ</span> 
     </span>
    </p>
   </div>
   <div class='ocr_carea' id='block_1_80' title="bbox 2141 3704 3670 3781">
    <p class='ocr_par' dir='ltr' id='par_1_80' title="bbox 2141 3704 3670 3781">
     <span class='ocr_line' id='line_1_80' title="bbox 2141 3704 3670 3781; baseline -0.005 -16"><span class='ocrx_word' id='word_1_619' title='bbox 2141 3712 2280 3781; x_wconf 79' lang='grc' dir='ltr'>αὕτη</span> <span class='ocrx_word' id='word_1_620' title='bbox 2303 3709 2516 3779; x_wconf 87' lang='grc' dir='ltr'>πονηρά</span> <span class='ocrx_word' id='word_1_621' title='bbox 2545 3710 2690 3775; x_wconf 88' lang='grc' dir='ltr'>ἐστι,</span> <span class='ocrx_word' id='word_1_622' title='bbox 2718 3711 2943 3779; x_wconf 83' lang='grc' dir='ltr'>σημεῖον</span> <span class='ocrx_word' id='word_1_623' title='bbox 2969 3706 3240 3776; x_wconf 76' lang='grc' dir='ltr'>ἐπιζητεῖ,</span> <span class='ocrx_word' id='word_1_624' title='bbox 3270 3708 3366 3760; x_wconf 75' lang='grc' dir='ltr'>καὶ</span> <span class='ocrx_word' id='word_1_625' title='bbox 3404 3705 3601 3777; x_wconf 80' lang='grc' dir='ltr'>σημεῖον</span> <span class='ocrx_word' id='word_1_626' title='bbox 3624 3704 3670 3757; x_wconf 73' lang='grc' dir='ltr'>οὐ</span> 
     </span>
    </p>
   </div>
   <div class='ocr_carea' id='block_1_81' title="bbox 2140 3794 3671 3872">
    <p class='ocr_par' dir='ltr' id='par_1_81' title="bbox 2140 3794 3671 3872">
     <span class='ocr_line' id='line_1_81' title="bbox 2140 3794 3671 3872; baseline -0.007 -17"><span class='ocrx_word' id='word_1_627' title='bbox 2140 3801 2428 3872; x_wconf 80' lang='grc' dir='ltr'>δοθήσεται</span> <span class='ocrx_word' id='word_1_628' title='bbox 2459 3800 2621 3869; x_wconf 73' lang='grc' dir='ltr'>αὐτῇ,</span> <span class='ocrx_word' id='word_1_629' title='bbox 2660 3798 2710 3849; x_wconf 87' lang='grc' dir='ltr'><strong>εί</strong></span> <span class='ocrx_word' id='word_1_630' title='bbox 2743 3798 2818 3868; x_wconf 81' lang='grc' dir='ltr'>μὴ</span> <span class='ocrx_word' id='word_1_631' title='bbox 2840 3798 2902 3849; x_wconf 75' lang='grc' dir='ltr'>τὸ</span> <span class='ocrx_word' id='word_1_632' title='bbox 2937 3798 3163 3867; x_wconf 85' lang='grc' dir='ltr'>σημεῖον</span> <span class='ocrx_word' id='word_1_633' title='bbox 3197 3795 3357 3851; x_wconf 81' lang='grc' dir='ltr'>Ἰωνᾶ</span> <span class='ocrx_word' id='word_1_634' title='bbox 3387 3795 3477 3849; x_wconf 78' lang='grc' dir='ltr'>τοῦ</span> <span class='ocrx_word' id='word_1_635' title='bbox 3501 3794 3671 3866; x_wconf 66' lang='grc' dir='ltr'>προφήο</span> 
     </span>
    </p>
   </div>
   <div class='ocr_carea' id='block_1_82' title="bbox 2140 3884 3670 3960">
    <p class='ocr_par' dir='ltr' id='par_1_82' title="bbox 2140 3884 3670 3960">
     <span class='ocr_line' id='line_1_82' title="bbox 2140 3884 3670 3960; baseline -0.008 -11"><span class='ocrx_word' id='word_1_636' title='bbox 2140 3912 2256 3951; x_wconf 82' lang='grc' dir='ltr'>του.</span> <span class='ocrx_word' id='word_1_637' title='bbox 2314 3889 2512 3956; x_wconf 83' lang='grc' dir='ltr'>Καθὼς</span> <span class='ocrx_word' id='word_1_638' title='bbox 2540 3891 2652 3960; x_wconf 87' lang='grc' dir='ltr'>γὰρ</span> <span class='ocrx_word' id='word_1_639' title='bbox 2701 3890 2917 3958; x_wconf 85' lang='grc' dir='ltr'>ἐγένετο</span> <span class='ocrx_word' id='word_1_640' title='bbox 2964 3888 3146 3951; x_wconf 80' lang='grc' dir='ltr'>Ἰωνᾶς</span> <span class='ocrx_word' id='word_1_641' title='bbox 3178 3891 3413 3959; x_wconf 85' lang='grc' dir='ltr'>σημεῖον</span> <span class='ocrx_word' id='word_1_642' title='bbox 3455 3887 3555 3951; x_wconf 83' lang='grc' dir='ltr'>τοῖς</span> <span class='ocrx_word' id='word_1_643' title='bbox 3593 3884 3670 3938; x_wconf 81' lang='grc' dir='ltr'><strong>Νι-</strong></span> 
     </span>
    </p>
   </div>
   <div class='ocr_carea' id='block_1_83' title="bbox 2141 3979 3670 4052">
    <p class='ocr_par' dir='ltr' id='par_1_83' title="bbox 2141 3979 3670 4052">
     <span class='ocr_line' id='line_1_83' title="bbox 2141 3979 3670 4052; baseline -0.009 -10"><span class='ocrx_word' id='word_1_644' title='bbox 2141 3987 2403 4049; x_wconf 82' lang='grc' dir='ltr'>νευίταις,</span> <span class='ocrx_word' id='word_1_645' title='bbox 2433 3985 2605 4048; x_wconf 76' lang='grc' dir='ltr'>οὕτως</span> <span class='ocrx_word' id='word_1_646' title='bbox 2642 3983 2796 4037; x_wconf 79' lang='grc' dir='ltr'>ἕσται</span> <span class='ocrx_word' id='word_1_647' title='bbox 2834 3983 2928 4036; x_wconf 72' lang='grc' dir='ltr'>καὶ</span> <span class='ocrx_word' id='word_1_648' title='bbox 2948 3982 2979 4035; x_wconf 86' lang='grc' dir='ltr'>ὀ</span> <span class='ocrx_word' id='word_1_649' title='bbox 3007 3982 3135 4044; x_wconf 79' lang='grc' dir='ltr'>Υἱὸς</span> <span class='ocrx_word' id='word_1_650' title='bbox 3186 3981 3285 4036; x_wconf 81' lang='grc' dir='ltr'><strong>τοῦ</strong></span> <span class='ocrx_word' id='word_1_651' title='bbox 3333 3979 3591 4052; x_wconf 82' lang='grc' dir='ltr'>ἀνθρώπου</span> <span class='ocrx_word' id='word_1_652' title='bbox 3619 3979 3670 4047; x_wconf 72' lang='grc' dir='ltr'>τῇ</span> 
     </span>
    </p>
   </div>
   <div class='ocr_carea' id='block_1_84' title="bbox 2142 4072 3667 4151">
    <p class='ocr_par' dir='ltr' id='par_1_84' title="bbox 2142 4072 3667 4151">
     <span class='ocr_line' id='line_1_84' title="bbox 2142 4072 3667 4151; baseline -0.007 -16"><span class='ocrx_word' id='word_1_653' title='bbox 2142 4082 2306 4151; x_wconf 80' lang='grc' dir='ltr'>γενεᾷ</span> <span class='ocrx_word' id='word_1_654' title='bbox 2337 4079 2531 4150; x_wconf 82' lang='grc' dir='ltr'>ταύτῃ.</span> <span class='ocrx_word' id='word_1_655' title='bbox 2573 4076 2874 4132; x_wconf 87' lang='grc' dir='ltr'>Βασίλισσα</span> <span class='ocrx_word' id='word_1_656' title='bbox 2926 4076 3083 4129; x_wconf 85' lang='grc' dir='ltr'>νότου</span> <span class='ocrx_word' id='word_1_657' title='bbox 3142 4076 3502 4149; x_wconf 82' lang='grc' dir='ltr'>ἐγερθήσεται</span> <span class='ocrx_word' id='word_1_658' title='bbox 3548 4072 3667 4141; x_wconf 77' lang='grc' dir='ltr'>ἐνςῇ</span> 
     </span>
    </p>
   </div>
   <div class='ocr_carea' id='block_1_85' title="bbox 2144 4166 3669 4245">
    <p class='ocr_par' dir='ltr' id='par_1_85' title="bbox 2144 4166 3669 4245">
     <span class='ocr_line' id='line_1_85' title="bbox 2144 4166 3669 4245; baseline -0.008 -18"><span class='ocrx_word' id='word_1_659' title='bbox 2144 4175 2324 4245; x_wconf 82' lang='grc' dir='ltr'>κρίσει</span> <span class='ocrx_word' id='word_1_660' title='bbox 2357 4173 2496 4244; x_wconf 79' lang='grc' dir='ltr'>μετὰ</span> <span class='ocrx_word' id='word_1_661' title='bbox 2520 4171 2628 4225; x_wconf 79' lang='grc' dir='ltr'><strong>τῶν</strong></span> <span class='ocrx_word' id='word_1_662' title='bbox 2658 4170 2870 4240; x_wconf 79' lang='grc' dir='ltr'>ἀνδρῶν</span> <span class='ocrx_word' id='word_1_663' title='bbox 2894 4168 2995 4238; x_wconf 82' lang='grc' dir='ltr'>τῆς</span> <span class='ocrx_word' id='word_1_664' title='bbox 3022 4170 3217 4237; x_wconf 73' lang='grc' dir='ltr'>γενεᾶς</span> <span class='ocrx_word' id='word_1_665' title='bbox 3241 4169 3466 4238; x_wconf 84' lang='grc' dir='ltr'>ταύτης,</span> <span class='ocrx_word' id='word_1_666' title='bbox 3490 4166 3571 4220; x_wconf 73' lang='grc' dir='ltr'>καὶ</span> <span class='ocrx_word' id='word_1_667' title='bbox 3593 4178 3669 4215; x_wconf 82' lang='grc' dir='ltr'>κα-</span> 
     </span>
    </p>
   </div>
   <div class='ocr_carea' id='block_1_86' title="bbox 2142 4256 3671 4338">
    <p class='ocr_par' dir='ltr' id='par_1_86' title="bbox 2142 4256 3671 4338">
     <span class='ocr_line' id='line_1_86' title="bbox 2142 4256 3671 4338; baseline -0.003 -19"><span class='ocrx_word' id='word_1_668' title='bbox 2142 4269 2388 4338; x_wconf 81' lang='grc' dir='ltr'>τακρινεῖ</span> <span class='ocrx_word' id='word_1_669' title='bbox 2415 4265 2632 4328; x_wconf 71' lang='grc' dir='ltr'>αὐτοὺς,</span> <span class='ocrx_word' id='word_1_670' title='bbox 2664 4264 2748 4317; x_wconf 78' lang='grc' dir='ltr'>ὅτι</span> <span class='ocrx_word' id='word_1_671' title='bbox 2773 4258 2939 4334; x_wconf 80' lang='grc' dir='ltr'>ἦλθεν</span> <span class='ocrx_word' id='word_1_672' title='bbox 2969 4262 3033 4314; x_wconf 83' lang='grc' dir='ltr'><strong>ἐκ</strong></span> <span class='ocrx_word' id='word_1_673' title='bbox 3059 4260 3170 4315; x_wconf 81' lang='grc' dir='ltr'><strong>τῶν</strong></span> <span class='ocrx_word' id='word_1_674' title='bbox 3200 4262 3454 4332; x_wconf 77' lang='grc' dir='ltr'>περάτων</span> <span class='ocrx_word' id='word_1_675' title='bbox 3488 4258 3572 4328; x_wconf 82' lang='grc' dir='ltr'><strong>τῆς</strong></span> <span class='ocrx_word' id='word_1_676' title='bbox 3594 4256 3671 4325; x_wconf 74' lang='grc' dir='ltr'><strong>γῆς</strong></span> 
     </span>
    </p>
   </div>
   <div class='ocr_carea' id='block_1_87' title="bbox 2143 4349 3670 4428">
    <p class='ocr_par' dir='ltr' id='par_1_87' title="bbox 2143 4349 3670 4428">
     <span class='ocr_line' id='line_1_87' title="bbox 2143 4349 3670 4428; baseline -0.01 -15"><span class='ocrx_word' id='word_1_677' title='bbox 2143 4358 2375 4413; x_wconf 83' lang='grc' dir='ltr'>ἀκοῦσαι</span> <span class='ocrx_word' id='word_1_678' title='bbox 2416 4358 2514 4428; x_wconf 85' lang='grc' dir='ltr'>τὴν</span> <span class='ocrx_word' id='word_1_679' title='bbox 2568 4358 2761 4425; x_wconf 85' lang='grc' dir='ltr'>σοφίαν</span> <span class='ocrx_word' id='word_1_680' title='bbox 2808 4355 3178 4425; x_wconf 76' lang='grc' dir='ltr'>Σολομῶντος,</span> <span class='ocrx_word' id='word_1_681' title='bbox 3226 4356 3326 4409; x_wconf 75' lang='grc' dir='ltr'>καὶ</span> <span class='ocrx_word' id='word_1_682' title='bbox 3376 4354 3479 4409; x_wconf 83' lang='grc' dir='ltr'>ίδοὺ</span> <span class='ocrx_word' id='word_1_683' title='bbox 3528 4349 3670 4402; x_wconf 83' lang='grc' dir='ltr'>πλεῖον</span> 
     </span>
    </p>
   </div>
   <div class='ocr_carea' id='block_1_88' title="bbox 2145 4442 3670 4523">
    <p class='ocr_par' dir='ltr' id='par_1_88' title="bbox 2145 4442 3670 4523">
     <span class='ocr_line' id='line_1_88' title="bbox 2145 4442 3670 4523; baseline -0.008 -18"><span class='ocrx_word' id='word_1_684' title='bbox 2145 4443 2490 4523; x_wconf 73' lang='grc' dir='ltr'>Σολομῶντος</span> <span class='ocrx_word' id='word_1_685' title='bbox 2520 4445 2644 4505; x_wconf 80' lang='grc' dir='ltr'>ὧδε.</span> <span class='ocrx_word' id='word_1_686' title='bbox 2678 4449 3219 4520; x_wconf 73' lang='grc' dir='ltr'>ἈνδρεςοΝινευῖται</span> <span class='ocrx_word' id='word_1_687' title='bbox 3250 4448 3611 4517; x_wconf 83' lang='grc' dir='ltr'>ἀναστήσονται</span> <span class='ocrx_word' id='word_1_688' title='bbox 3627 4442 3670 4493; x_wconf 81' lang='grc' dir='ltr'><strong>ἐν</strong></span> 
     </span>
    </p>
   </div>
   <div class='ocr_carea' id='block_1_89' title="bbox 457 4530 2035 4615">
    <p class='ocr_par' dir='ltr' id='par_1_89' title="bbox 457 4535 2035 4607">
     <span class='ocr_line' id='line_1_89' title="bbox 457 4535 2035 4607; baseline 0.01 -19"><span class='ocrx_word' id='word_1_689' title='bbox 457 4549 588 4591; x_wconf 88' lang='lat' dir='ltr'><strong>ecce</strong></span> <span class='ocrx_word' id='word_1_690' title='bbox 637 4535 758 4606; x_wconf 90' lang='lat' dir='ltr'><strong>plus</strong></span> <span class='ocrx_word' id='word_1_691' title='bbox 786 4552 950 4607; x_wconf 86' lang='lat' dir='ltr'><strong>quam</strong></span> <span class='ocrx_word' id='word_1_692' title='bbox 993 4538 1127 4594; x_wconf 81' lang='lat' dir='ltr'><strong>Jona</strong></span> <span class='ocrx_word' id='word_1_693' title='bbox 1162 4540 1267 4596; x_wconf 87' lang='lat' dir='ltr'><strong>hoc</strong></span> <span class='ocrx_word' id='word_1_694' title='bbox 1306 4544 1358 4598; x_wconf 89' lang='lat' dir='ltr'><strong>in</strong></span> <span class='ocrx_word' id='word_1_695' title='bbox 1412 4543 1553 4601; x_wconf 88' lang='lat' dir='ltr'><strong>loco.</strong></span> <span class='ocrx_word' id='word_1_696' title='bbox 1592 4564 1613 4599; x_wconf 73' lang='grc' dir='ltr'><strong>ι</strong></span> <span class='ocrx_word' id='word_1_697' title='bbox 1657 4546 1948 4603; x_wconf 68' lang='grc' dir='ltr'>Ριιατίεωίε</span> <span class='ocrx_word' id='word_1_698' title='bbox 1985 4558 2035 4603; x_wconf 90' lang='lat' dir='ltr'><strong>et</strong></span> 
     </span>
    </p>
   </div>
   <div class='ocr_carea' id='block_1_90' title="bbox 2139 4530 3667 4615">
    <p class='ocr_par' dir='ltr' id='par_1_90' title="bbox 2141 4531 3667 4615">
     <span class='ocr_line' id='line_1_90' title="bbox 2141 4531 3667 4615; baseline -0.022 1"><span class='ocrx_word' id='word_1_699' title='bbox 2141 4547 2206 4615; x_wconf 74' lang='grc' dir='ltr'><strong>τῇ</strong></span> <span class='ocrx_word' id='word_1_700' title='bbox 2230 4544 2408 4613; x_wconf 78' lang='grc' dir='ltr'><strong>κρίσει</strong></span> <span class='ocrx_word' id='word_1_701' title='bbox 2439 4543 2577 4612; x_wconf 65' lang='grc' dir='ltr'>μετὰ</span> <span class='ocrx_word' id='word_1_702' title='bbox 2597 4542 2695 4610; x_wconf 78' lang='grc' dir='ltr'><strong>τῆς</strong></span> <span class='ocrx_word' id='word_1_703' title='bbox 2716 4541 2909 4609; x_wconf 70' lang='grc' dir='ltr'>γενεᾶς</span> <span class='ocrx_word' id='word_1_704' title='bbox 2922 4541 3149 4609; x_wconf 70' lang='grc' dir='ltr'>ταύτης,</span> <span class='ocrx_word' id='word_1_705' title='bbox 3176 4540 3273 4592; x_wconf 83' lang='grc' dir='ltr'>καὶ</span> <span class='ocrx_word' id='word_1_706' title='bbox 3298 4531 3667 4606; x_wconf 82' lang='grc' dir='ltr'>κατακρινοῦσιν</span> 
     </span>
    </p>
   </div>
   <div class='ocr_carea' id='block_1_91' title="bbox 452 4626 2037 4712">
    <p class='ocr_par' dir='ltr' id='par_1_91' title="bbox 452 4626 2037 4712">
     <span class='ocr_line' id='line_1_91' title="bbox 452 4626 2037 4712; baseline 0.009 -30"><span class='ocrx_word' id='word_1_707' title='bbox 452 4626 671 4684; x_wconf 81' lang='lat' dir='ltr'><strong>Scribis</strong></span> <span class='ocrx_word' id='word_1_708' title='bbox 694 4629 955 4686; x_wconf 80' lang='lat' dir='ltr'><strong>miracula</strong></span> <span class='ocrx_word' id='word_1_709' title='bbox 978 4634 1312 4703; x_wconf 78' lang='lat' dir='ltr'><strong>laxantibus,</strong></span> <span class='ocrx_word' id='word_1_710' title='bbox 1339 4636 1533 4693; x_wconf 89' lang='lat' dir='ltr'><strong>mulier</strong></span> <span class='ocrx_word' id='word_1_711' title='bbox 1552 4638 1783 4709; x_wconf 82' lang='lat' dir='ltr'><strong>simplex</strong></span> <span class='ocrx_word' id='word_1_712' title='bbox 1803 4640 2037 4712; x_wconf 90' lang='lat' dir='ltr'><strong>doloque</strong></span> 
     </span>
    </p>
   </div>
   <div class='ocr_carea' id='block_1_92' title="bbox 454 4725 2038 4803">
    <p class='ocr_par' dir='ltr' id='par_1_92' title="bbox 454 4725 2038 4803">
     <span class='ocr_line' id='line_1_92' title="bbox 454 4725 2038 4803; baseline 0.006 -22"><span class='ocrx_word' id='word_1_713' title='bbox 454 4738 653 4781; x_wconf 81' lang='lat' dir='ltr'><strong>carens</strong></span> <span class='ocrx_word' id='word_1_714' title='bbox 686 4725 779 4781; x_wconf 87' lang='lat' dir='ltr'><strong>illa</strong></span> <span class='ocrx_word' id='word_1_715' title='bbox 817 4725 1082 4783; x_wconf 88' lang='lat' dir='ltr'><strong>celebrat.</strong></span> <span class='ocrx_word' id='word_1_716' title='bbox 1144 4728 1246 4784; x_wconf 86' lang='lat' dir='ltr'><strong>Ubi</strong></span> <span class='ocrx_word' id='word_1_717' title='bbox 1298 4741 1479 4787; x_wconf 90' lang='lat' dir='ltr'><strong>autem</strong></span> <span class='ocrx_word' id='word_1_718' title='bbox 1530 4743 1660 4788; x_wconf 86' lang='lat' dir='ltr'><strong>sunt</strong></span> <span class='ocrx_word' id='word_1_719' title='bbox 1709 4733 1800 4803; x_wconf 90' lang='lat' dir='ltr'><strong>qui</strong></span> <span class='ocrx_word' id='word_1_720' title='bbox 1850 4733 2038 4791; x_wconf 89' lang='lat' dir='ltr'><strong>dicunt</strong></span> 
     </span>
    </p>
   </div>
   <div class='ocr_carea' id='block_1_93' title="bbox 452 4817 2038 4897">
    <p class='ocr_par' dir='ltr' id='par_1_93' title="bbox 452 4817 2038 4897">
     <span class='ocr_line' id='line_1_93' title="bbox 452 4817 2038 4897; baseline 0.006 -24"><span class='ocrx_word' id='word_1_721' title='bbox 452 4817 746 4875; x_wconf 80' lang='lat' dir='ltr'><strong>Dominum</strong></span> <span class='ocrx_word' id='word_1_722' title='bbox 771 4829 1095 4890; x_wconf 81' lang='lat' dir='ltr'><strong>apparenter</strong></span> <span class='ocrx_word' id='word_1_723' title='bbox 1119 4831 1325 4879; x_wconf 83' lang='lat' dir='ltr'><strong>tantum</strong></span> <span class='ocrx_word' id='word_1_724' title='bbox 1350 4826 1703 4895; x_wconf 81' lang='lat' dir='ltr'><strong>apparuisse?</strong></span> <span class='ocrx_word' id='word_1_725' title='bbox 1727 4825 1853 4883; x_wconf 65' lang='lat' dir='ltr'><strong>Haec</strong></span> <span class='ocrx_word' id='word_1_726' title='bbox 1875 4827 2038 4897; x_wconf 78' lang='lat' dir='ltr'><strong>igitur</strong></span> 
     </span>
    </p>
   </div>
   <div class='ocr_carea' id='block_1_94' title="bbox 458 4913 2039 4987">
    <p class='ocr_par' dir='ltr' id='par_1_94' title="bbox 458 4913 2039 4987">
     <span class='ocr_line' id='line_1_94' title="bbox 458 4913 2039 4987; baseline 0.004 -21"><span class='ocrx_word' id='word_1_727' title='bbox 458 4913 616 4969; x_wconf 83' lang='lat' dir='ltr'><strong>testis</strong></span> <span class='ocrx_word' id='word_1_728' title='bbox 638 4913 710 4969; x_wconf 89' lang='lat' dir='ltr'><strong>sit</strong></span> <span class='ocrx_word' id='word_1_729' title='bbox 739 4913 881 4984; x_wconf 88' lang='lat' dir='ltr'><strong>quod</strong></span> <span class='ocrx_word' id='word_1_730' title='bbox 908 4921 963 4968; x_wconf 91' lang='lat' dir='ltr'><strong>et</strong></span> <span class='ocrx_word' id='word_1_731' title='bbox 989 4914 1157 4970; x_wconf 86' lang='lat' dir='ltr'><strong>ubera</strong></span> <span class='ocrx_word' id='word_1_732' title='bbox 1183 4916 1415 4972; x_wconf 78' lang='lat' dir='ltr'><strong>suxerit.</strong></span> <span class='ocrx_word' id='word_1_733' title='bbox 1437 4917 1557 4987; x_wconf 84' lang='lat' dir='ltr'><strong>Ipse</strong></span> <span class='ocrx_word' id='word_1_734' title='bbox 1582 4933 1712 4975; x_wconf 88' lang='lat' dir='ltr'><strong>vero</strong></span> <span class='ocrx_word' id='word_1_735' title='bbox 1741 4918 1931 4975; x_wconf 89' lang='lat' dir='ltr'><strong>beatos</strong></span> <span class='ocrx_word' id='word_1_736' title='bbox 1952 4917 2039 4973; x_wconf 87' lang='lat' dir='ltr'><strong>di-</strong></span> 
     </span>
    </p>
   </div>
   <div class='ocr_carea' id='block_1_95' title="bbox 461 5005 2039 5077">
    <p class='ocr_par' dir='ltr' id='par_1_95' title="bbox 461 5005 2039 5077">
     <span class='ocr_line' id='line_1_95' title="bbox 461 5005 2039 5077; baseline 0.002 -16"><span class='ocrx_word' id='word_1_737' title='bbox 461 5007 537 5061; x_wconf 88' lang='lat' dir='ltr'><strong>cit</strong></span> <span class='ocrx_word' id='word_1_738' title='bbox 575 5005 702 5062; x_wconf 89' lang='lat' dir='ltr'><strong>illos</strong></span> <span class='ocrx_word' id='word_1_739' title='bbox 746 5005 838 5076; x_wconf 90' lang='lat' dir='ltr'><strong>qui</strong></span> <span class='ocrx_word' id='word_1_740' title='bbox 866 5005 1184 5062; x_wconf 82' lang='lat' dir='ltr'><strong>custodiunt</strong></span> <span class='ocrx_word' id='word_1_741' title='bbox 1218 5022 1526 5064; x_wconf 87' lang='lat' dir='ltr'><strong>sermonem</strong></span> <span class='ocrx_word' id='word_1_742' title='bbox 1572 5008 1690 5077; x_wconf 85' lang='lat' dir='ltr'><strong>Dei,</strong></span> <span class='ocrx_word' id='word_1_743' title='bbox 1733 5023 1840 5064; x_wconf 93' lang='lat' dir='ltr'><strong>non</strong></span> <span class='ocrx_word' id='word_1_744' title='bbox 1872 5007 2039 5065; x_wconf 87' lang='lat' dir='ltr'><strong>desti-</strong></span> 
     </span>
    </p>
   </div>
   <div class='ocr_carea' id='block_1_96' title="bbox 462 5096 2043 5169">
    <p class='ocr_par' dir='ltr' id='par_1_96' title="bbox 462 5096 2043 5169">
     <span class='ocr_line' id='line_1_96' title="bbox 462 5096 2043 5169; baseline 0.004 -16"><span class='ocrx_word' id='word_1_745' title='bbox 462 5108 620 5155; x_wconf 83' lang='lat' dir='ltr'><strong>tuens</strong></span> <span class='ocrx_word' id='word_1_746' title='bbox 649 5101 987 5158; x_wconf 86' lang='lat' dir='ltr'><strong>beatitudine</strong></span> <span class='ocrx_word' id='word_1_747' title='bbox 1013 5096 1241 5159; x_wconf 72' lang='lat' dir='ltr'><strong>Matrem</strong></span> <span class='ocrx_word' id='word_1_748' title='bbox 1266 5117 1444 5169; x_wconf 85' lang='lat' dir='ltr'><strong>suam,</strong></span> <span class='ocrx_word' id='word_1_749' title='bbox 1466 5101 1611 5158; x_wconf 86' lang='lat' dir='ltr'><strong>absit</strong></span> <span class='ocrx_word' id='word_1_750' title='bbox 1639 5121 1655 5157; x_wconf 88' lang='lat'><strong>:</strong></span> <span class='ocrx_word' id='word_1_751' title='bbox 1684 5103 1781 5159; x_wconf 84' lang='lat' dir='ltr'><strong>sed</strong></span> <span class='ocrx_word' id='word_1_752' title='bbox 1803 5105 2043 5160; x_wconf 90' lang='lat' dir='ltr'><strong>ostendit</strong></span> 
     </span>
    </p>
   </div>
   <div class='ocr_carea' id='block_1_97' title="bbox 462 5193 2039 5266">
    <p class='ocr_par' dir='ltr' id='par_1_97' title="bbox 462 5193 2039 5266">
     <span class='ocr_line' id='line_1_97' title="bbox 462 5193 2039 5266; baseline 0.005 -22"><span class='ocrx_word' id='word_1_753' title='bbox 462 5194 605 5259; x_wconf 90' lang='lat' dir='ltr'><strong>quod</strong></span> <span class='ocrx_word' id='word_1_754' title='bbox 641 5193 804 5247; x_wconf 88' lang='lat' dir='ltr'><strong>etiam</strong></span> <span class='ocrx_word' id='word_1_755' title='bbox 836 5194 914 5250; x_wconf 85' lang='lat' dir='ltr'><strong>illi</strong></span> <span class='ocrx_word' id='word_1_756' title='bbox 959 5195 1106 5250; x_wconf 85' lang='lat' dir='ltr'><strong>nulla</strong></span> <span class='ocrx_word' id='word_1_757' title='bbox 1139 5195 1349 5251; x_wconf 89' lang='lat' dir='ltr'><strong>utilitas</strong></span> <span class='ocrx_word' id='word_1_758' title='bbox 1378 5193 1557 5251; x_wconf 81' lang='lat' dir='ltr'><strong>futura</strong></span> <span class='ocrx_word' id='word_1_759' title='bbox 1603 5194 1675 5249; x_wconf 74' lang='lat' dir='ltr'><strong>sit</strong></span> <span class='ocrx_word' id='word_1_760' title='bbox 1704 5209 1770 5250; x_wconf 79' lang='lat' dir='ltr'><strong>ex</strong></span> <span class='ocrx_word' id='word_1_761' title='bbox 1796 5210 1862 5251; x_wconf 88' lang='lat' dir='ltr'><strong>eo</strong></span> <span class='ocrx_word' id='word_1_762' title='bbox 1895 5196 2039 5266; x_wconf 80' lang='lat' dir='ltr'><strong>quod</strong></span> 
     </span>
    </p>
   </div>
   <div class='ocr_carea' id='block_1_98' title="bbox 463 5282 2041 5356">
    <p class='ocr_par' dir='ltr' id='par_1_98' title="bbox 463 5282 2041 5356">
     <span class='ocr_line' id='line_1_98' title="bbox 463 5282 2041 5356; baseline 0.008 -23"><span class='ocrx_word' id='word_1_763' title='bbox 463 5282 671 5353; x_wconf 76' lang='lat' dir='ltr'><strong>peperit</strong></span> <span class='ocrx_word' id='word_1_764' title='bbox 694 5295 748 5338; x_wconf 88' lang='lat' dir='ltr'><strong>et</strong></span> <span class='ocrx_word' id='word_1_765' title='bbox 776 5285 1055 5341; x_wconf 88' lang='lat' dir='ltr'><strong>lactaverit</strong></span> <span class='ocrx_word' id='word_1_766' title='bbox 1077 5286 1278 5356; x_wconf 81' lang='lat' dir='ltr'><strong>ipsum,</strong></span> <span class='ocrx_word' id='word_1_767' title='bbox 1304 5287 1412 5343; x_wconf 88' lang='lat' dir='ltr'><strong>nisi</strong></span> <span class='ocrx_word' id='word_1_768' title='bbox 1434 5286 1665 5343; x_wconf 80' lang='lat' dir='ltr'><strong>virtutes</strong></span> <span class='ocrx_word' id='word_1_769' title='bbox 1688 5286 1825 5342; x_wconf 81' lang='lat' dir='ltr'><strong>alias</strong></span> <span class='ocrx_word' id='word_1_770' title='bbox 1847 5301 2041 5345; x_wconf 86' lang='lat' dir='ltr'><strong>omnes</strong></span> 
     </span>
    </p>
   </div>
   <div class='ocr_carea' id='block_1_99' title="bbox 454 5363 2041 5448">
    <p class='ocr_par' dir='ltr' id='par_1_99' title="bbox 454 5363 2041 5448">
     <span class='ocr_line' id='line_1_99' title="bbox 454 5363 2041 5448; baseline 0.006 -23"><span class='ocrx_word' id='word_1_771' title='bbox 454 5372 684 5428; x_wconf 71' lang='lat' dir='ltr'><strong>habeat.</strong></span> <span class='ocrx_word' id='word_1_772' title='bbox 717 5373 943 5446; x_wconf 88' lang='lat' dir='ltr'><strong>Insuper</strong></span> <span class='ocrx_word' id='word_1_773' title='bbox 972 5385 1028 5433; x_wconf 90' lang='lat' dir='ltr'><strong>et</strong></span> <span class='ocrx_word' id='word_1_774' title='bbox 1060 5377 1176 5434; x_wconf 66' lang='lat' dir='ltr'><strong>haec</strong></span> <span class='ocrx_word' id='word_1_775' title='bbox 1199 5363 1519 5448; x_wconf 79' lang='lat' dir='ltr'><strong>tempestive</strong></span> <span class='ocrx_word' id='word_1_776' title='bbox 1547 5378 1699 5434; x_wconf 85' lang='lat' dir='ltr'><strong>dicit.</strong></span> <span class='ocrx_word' id='word_1_777' title='bbox 1730 5376 1867 5445; x_wconf 84' lang='lat' dir='ltr'><strong>Quia</strong></span> <span class='ocrx_word' id='word_1_778' title='bbox 1896 5378 2041 5435; x_wconf 87' lang='lat' dir='ltr'><strong>enim</strong></span> 
     </span>
    </p>
   </div>
   <div class='ocr_carea' id='block_1_100' title="bbox 462 5464 2042 5542">
    <p class='ocr_par' dir='ltr' id='par_1_100' title="bbox 462 5464 2042 5542">
     <span class='ocr_line' id='line_1_100' title="bbox 462 5464 2042 5542; baseline 0.006 -23"><span class='ocrx_word' id='word_1_779' title='bbox 462 5464 633 5519; x_wconf 85' lang='lat' dir='ltr'><strong>invidi</strong></span> <span class='ocrx_word' id='word_1_780' title='bbox 667 5473 720 5519; x_wconf 87' lang='lat' dir='ltr'><strong>et</strong></span> <span class='ocrx_word' id='word_1_781' title='bbox 763 5466 1136 5525; x_wconf 85' lang='lat' dir='ltr'><strong>inobcdientes</strong></span> <span class='ocrx_word' id='word_1_782' title='bbox 1184 5472 1488 5540; x_wconf 77' lang='lat' dir='ltr'><strong>arguebant</strong></span> <span class='ocrx_word' id='word_1_783' title='bbox 1528 5470 1801 5542; x_wconf 66' lang='lat' dir='ltr'><strong>atiosfqui</strong></span> <span class='ocrx_word' id='word_1_784' title='bbox 1830 5486 2042 5528; x_wconf 87' lang='lat' dir='ltr'><strong>sermo-</strong></span> 
     </span>
    </p>
   </div>
   <div class='ocr_carea' id='block_1_101' title="bbox 468 5556 2044 5625">
    <p class='ocr_par' dir='ltr' id='par_1_101' title="bbox 468 5556 2044 5625">
     <span class='ocr_line' id='line_1_101' title="bbox 468 5556 2044 5625; baseline 0.008 -16"><span class='ocrx_word' id='word_1_785' title='bbox 468 5570 591 5611; x_wconf 80' lang='lat' dir='ltr'><strong>ues&#39;</strong></span> <span class='ocrx_word' id='word_1_786' title='bbox 635 5556 751 5625; x_wconf 76' lang='lat' dir='ltr'><strong>eius</strong></span> <span class='ocrx_word' id='word_1_787' title='bbox 804 5560 1115 5624; x_wconf 87' lang='lat' dir='ltr'><strong>audiebant,</strong></span> <span class='ocrx_word' id='word_1_788' title='bbox 1154 5558 1273 5618; x_wconf 90' lang='lat' dir='ltr'><strong>ideo</strong></span> <span class='ocrx_word' id='word_1_789' title='bbox 1320 5562 1573 5619; x_wconf 87' lang='lat' dir='ltr'><strong>Christus</strong></span> <span class='ocrx_word' id='word_1_790' title='bbox 1618 5572 1808 5619; x_wconf 78' lang='lat' dir='ltr'><strong>contra</strong></span> <span class='ocrx_word' id='word_1_791' title='bbox 1856 5564 2044 5621; x_wconf 83' lang='lat' dir='ltr'><strong>beatos</strong></span> 
     </span>
    </p>
   </div>
   <div class='ocr_carea' id='block_1_102' title="bbox 470 5650 2044 5727">
    <p class='ocr_par' dir='ltr' id='par_1_102' title="bbox 470 5650 2044 5727">
     <span class='ocr_line' id='line_1_102' title="bbox 470 5650 2044 5727; baseline 0.003 -20"><span class='ocrx_word' id='word_1_792' title='bbox 470 5663 567 5707; x_wconf 79' lang='lat' dir='ltr'><strong>eos</strong></span> <span class='ocrx_word' id='word_1_793' title='bbox 604 5651 739 5706; x_wconf 90' lang='lat' dir='ltr'><strong>dicit</strong></span> <span class='ocrx_word' id='word_1_794' title='bbox 792 5650 883 5722; x_wconf 89' lang='lat' dir='ltr'><strong>qui</strong></span> <span class='ocrx_word' id='word_1_795' title='bbox 948 5651 1192 5708; x_wconf 85' lang='lat' dir='ltr'><strong>audiunt.</strong></span> <span class='ocrx_word' id='word_1_796' title='bbox 1244 5652 1517 5710; x_wconf 85' lang='lat' dir='ltr'><strong>Fortassis</strong></span> <span class='ocrx_word' id='word_1_797' title='bbox 1573 5665 1759 5711; x_wconf 87' lang='lat' dir='ltr'><strong>autem</strong></span> <span class='ocrx_word' id='word_1_798' title='bbox 1817 5664 1872 5711; x_wconf 92' lang='lat' dir='ltr'><strong>et</strong></span> <span class='ocrx_word' id='word_1_799' title='bbox 1913 5672 2044 5727; x_wconf 81' lang='lat' dir='ltr'><strong>pro-</strong></span> 
     </span>
    </p>
   </div>
   <div class='ocr_carea' id='block_1_103' title="bbox 472 5745 2044 5819">
    <p class='ocr_par' dir='ltr' id='par_1_103' title="bbox 472 5745 2044 5819">
     <span class='ocr_line' id='line_1_103' title="bbox 472 5745 2044 5819; baseline 0.004 -20"><span class='ocrx_word' id='word_1_800' title='bbox 472 5754 597 5817; x_wconf 90' lang='lat' dir='ltr'><strong>pter</strong></span> <span class='ocrx_word' id='word_1_801' title='bbox 647 5753 898 5801; x_wconf 87' lang='lat' dir='ltr'><strong>sanatum</strong></span> <span class='ocrx_word' id='word_1_802' title='bbox 945 5746 1169 5803; x_wconf 90' lang='lat' dir='ltr'><strong>surdum</strong></span> <span class='ocrx_word' id='word_1_803' title='bbox 1218 5748 1333 5804; x_wconf 69' lang='lat' dir='ltr'><strong>haec</strong></span> <span class='ocrx_word' id='word_1_804' title='bbox 1365 5748 1499 5805; x_wconf 89' lang='lat' dir='ltr'><strong>dicit</strong></span> <span class='ocrx_word' id='word_1_805' title='bbox 1533 5765 1549 5805; x_wconf 90' lang='lat'><strong>:</strong></span> <span class='ocrx_word' id='word_1_806' title='bbox 1583 5756 1643 5804; x_wconf 87' lang='lat' dir='ltr'><strong>ut</strong></span> <span class='ocrx_word' id='word_1_807' title='bbox 1682 5756 1737 5804; x_wconf 86' lang='lat' dir='ltr'><strong>et</strong></span> <span class='ocrx_word' id='word_1_808' title='bbox 1767 5748 1883 5819; x_wconf 80' lang='lat' dir='ltr'><strong>ipse</strong></span> <span class='ocrx_word' id='word_1_809' title='bbox 1920 5745 2044 5805; x_wconf 87' lang='lat' dir='ltr'><strong>cum</strong></span> 
     </span>
    </p>
   </div>
   <div class='ocr_carea' id='block_1_104' title="bbox 470 5830 2069 5939">
    <p class='ocr_par' dir='ltr' id='par_1_104' title="bbox 470 5830 2069 5939">
     <span class='ocr_line' id='line_1_104' title="bbox 470 5830 2069 5939; baseline 0.001 -47"><span class='ocrx_word' id='word_1_810' title='bbox 470 5837 730 5907; x_wconf 80' lang='lat' dir='ltr'><strong>audierit,</strong></span> <span class='ocrx_word' id='word_1_811' title='bbox 792 5830 957 5895; x_wconf 80' lang='lat' dir='ltr'><strong>faciat</strong></span> <span class='ocrx_word' id='word_1_812' title='bbox 1023 5853 1354 5909; x_wconf 83' lang='lat' dir='ltr'><strong>sermonem,</strong></span> <span class='ocrx_word' id='word_1_813' title='bbox 1420 5847 1475 5897; x_wconf 92' lang='lat' dir='ltr'><strong>et</strong></span> <span class='ocrx_word' id='word_1_814' title='bbox 1544 5854 1652 5905; x_wconf 83' lang='lat' dir='ltr'><strong>non</strong></span> <span class='ocrx_word' id='word_1_815' title='bbox 1720 5838 1814 5894; x_wconf 82' lang='lat' dir='ltr'><strong>iiat</strong></span> <span class='ocrx_word' id='word_1_816' title='bbox 1878 5839 1929 5895; x_wconf 85' lang='lat' dir='ltr'><strong>ei</strong></span> <span class='ocrx_word' id='word_1_817' title='bbox 1992 5838 2069 5939; x_wconf 55' lang='lat' dir='ltr'><strong>in.</strong></span> 
     </span>
    </p>
   </div>
   <div class='ocr_carea' id='block_1_105' title="bbox 2146 4621 3668 4705">
    <p class='ocr_par' dir='ltr' id='par_1_105' title="bbox 2146 4621 3668 4705">
     <span class='ocr_line' id='line_1_105' title="bbox 2146 4621 3668 4705; baseline -0.009 -16"><span class='ocrx_word' id='word_1_818' title='bbox 2146 4636 2339 4705; x_wconf 80' lang='grc' dir='ltr'>αὐτὴν,</span> <span class='ocrx_word' id='word_1_819' title='bbox 2365 4634 2447 4688; x_wconf 75' lang='grc' dir='ltr'>ὅτι</span> <span class='ocrx_word' id='word_1_820' title='bbox 2470 4634 2804 4704; x_wconf 82' lang='grc' dir='ltr'>μετενόησαν</span> <span class='ocrx_word' id='word_1_821' title='bbox 2827 4633 2905 4695; x_wconf 88' lang='grc' dir='ltr'><strong>εἰς</strong></span> <span class='ocrx_word' id='word_1_822' title='bbox 2922 4631 2983 4685; x_wconf 80' lang='grc' dir='ltr'>τὸ</span> <span class='ocrx_word' id='word_1_823' title='bbox 3010 4632 3278 4700; x_wconf 86' lang='grc' dir='ltr'>κήρυγμα</span> <span class='ocrx_word' id='word_1_824' title='bbox 3306 4629 3471 4693; x_wconf 75' lang='grc' dir='ltr'>Ἰωνᾶ,</span> <span class='ocrx_word' id='word_1_825' title='bbox 3491 4625 3568 4678; x_wconf 71' lang='grc' dir='ltr'>καὶ</span> <span class='ocrx_word' id='word_1_826' title='bbox 3588 4621 3668 4676; x_wconf 78' lang='grc' dir='ltr'>ἰδοὺ</span> 
     </span>
    </p>
   </div>
   <div class='ocr_carea' id='block_1_106' title="bbox 2146 4714 3668 4796">
    <p class='ocr_par' dir='ltr' id='par_1_106' title="bbox 2146 4714 3668 4796">
     <span class='ocr_line' id='line_1_106' title="bbox 2146 4714 3668 4796; baseline -0.011 -14"><span class='ocrx_word' id='word_1_827' title='bbox 2146 4728 2331 4783; x_wconf 84' lang='grc' dir='ltr'>πλεῖον</span> <span class='ocrx_word' id='word_1_828' title='bbox 2368 4726 2521 4781; x_wconf 78' lang='grc' dir='ltr'>Ἰωνᾶ</span> <span class='ocrx_word' id='word_1_829' title='bbox 2542 4720 2664 4781; x_wconf 81' lang='grc' dir='ltr'>ὧδε.</span> <span class='ocrx_word' id='word_1_830' title='bbox 2701 4744 2720 4778; x_wconf 83' lang='grc' dir='ltr'><strong>ι</strong></span> <span class='ocrx_word' id='word_1_831' title='bbox 2748 4723 2869 4779; x_wconf 84' lang='grc' dir='ltr'>Τῶν</span> <span class='ocrx_word' id='word_1_832' title='bbox 2890 4722 3201 4796; x_wconf 75' lang='grc' dir='ltr'>Φαρισαίων</span> <span class='ocrx_word' id='word_1_833' title='bbox 3224 4723 3324 4776; x_wconf 60' lang='grc' dir='ltr'><strong>καὶ⁸</strong></span> <span class='ocrx_word' id='word_1_834' title='bbox 3349 4714 3668 4791; x_wconf 80' lang='grc' dir='ltr'>Γραμματὲων</span> 
     </span>
    </p>
   </div>
   <div class='ocr_carea' id='block_1_107' title="bbox 2145 4808 3668 4889">
    <p class='ocr_par' dir='ltr' id='par_1_107' title="bbox 2145 4808 3668 4889">
     <span class='ocr_line' id='line_1_107' title="bbox 2145 4808 3668 4889; baseline -0.009 -13"><span class='ocrx_word' id='word_1_835' title='bbox 2145 4820 2539 4877; x_wconf 78' lang='grc' dir='ltr'>διαϐαλλόντων</span> <span class='ocrx_word' id='word_1_836' title='bbox 2566 4819 2638 4872; x_wconf 68' lang='grc' dir='ltr'><strong>τὰ</strong></span> <span class='ocrx_word' id='word_1_837' title='bbox 2681 4817 2958 4889; x_wconf 83' lang='grc' dir='ltr'>θαύματα,</span> <span class='ocrx_word' id='word_1_838' title='bbox 2993 4818 3027 4887; x_wconf 84' lang='grc' dir='ltr'><strong>ή</strong></span> <span class='ocrx_word' id='word_1_839' title='bbox 3064 4815 3203 4885; x_wconf 81' lang='grc' dir='ltr'>γυνὴ</span> <span class='ocrx_word' id='word_1_840' title='bbox 3230 4814 3294 4869; x_wconf 85' lang='grc' dir='ltr'>τὸ</span> <span class='ocrx_word' id='word_1_841' title='bbox 3320 4813 3495 4869; x_wconf 71' lang='grc' dir='ltr'>ἄδολον</span> <span class='ocrx_word' id='word_1_842' title='bbox 3521 4808 3668 4878; x_wconf 75' lang='grc' dir='ltr'>χρῆμα</span> 
     </span>
    </p>
   </div>
   <div class='ocr_carea' id='block_1_108' title="bbox 2146 4905 3667 4981">
    <p class='ocr_par' dir='ltr' id='par_1_108' title="bbox 2146 4905 3667 4981">
     <span class='ocr_line' id='line_1_108' title="bbox 2146 4905 3667 4981; baseline -0.014 -12"><span class='ocrx_word' id='word_1_843' title='bbox 2146 4914 2241 4969; x_wconf 72' lang='grc' dir='ltr'>καὶ</span> <span class='ocrx_word' id='word_1_844' title='bbox 2279 4910 2484 4967; x_wconf 82' lang='grc' dir='ltr'>ἁπλοῦν</span> <span class='ocrx_word' id='word_1_845' title='bbox 2521 4911 2781 4981; x_wconf 78' lang='grc' dir='ltr'>εὐφημεῖ.</span> <span class='ocrx_word' id='word_1_846' title='bbox 2816 4908 2927 4961; x_wconf 83' lang='grc' dir='ltr'><strong>Ποῦ</strong></span> <span class='ocrx_word' id='word_1_847' title='bbox 2952 4908 3010 4961; x_wconf 85' lang='grc' dir='ltr'><strong>δέ</strong></span> <span class='ocrx_word' id='word_1_848' title='bbox 3042 4908 3183 4960; x_wconf 75' lang='grc' dir='ltr'>εἰσιν</span> <span class='ocrx_word' id='word_1_849' title='bbox 3229 4907 3280 4959; x_wconf 89' lang='grc' dir='ltr'><strong>οί</strong></span> <span class='ocrx_word' id='word_1_850' title='bbox 3316 4905 3546 4973; x_wconf 83' lang='grc' dir='ltr'>λέγοντες</span> <span class='ocrx_word' id='word_1_851' title='bbox 3566 4914 3667 4972; x_wconf 80' lang='grc' dir='ltr'>φαν-</span> 
     </span>
    </p>
   </div>
   <div class='ocr_carea' id='block_1_109' title="bbox 2145 4990 3667 5077">
    <p class='ocr_par' dir='ltr' id='par_1_109' title="bbox 2145 4990 3667 5077">
     <span class='ocr_line' id='line_1_109' title="bbox 2145 4990 3667 5077; baseline -0.008 -16"><span class='ocrx_word' id='word_1_852' title='bbox 2145 5005 2310 5077; x_wconf 81' lang='grc' dir='ltr'>τασίᾳ</span> <span class='ocrx_word' id='word_1_853' title='bbox 2343 5004 2577 5075; x_wconf 78' lang='grc' dir='ltr'>φανῆναι</span> <span class='ocrx_word' id='word_1_854' title='bbox 2619 5002 2710 5056; x_wconf 81' lang='grc' dir='ltr'>τὸν</span> <span class='ocrx_word' id='word_1_855' title='bbox 2739 4999 2974 5071; x_wconf 74' lang='grc' dir='ltr'>Κύριονς</span> <span class='ocrx_word' id='word_1_856' title='bbox 3033 4999 3168 5055; x_wconf 73' lang='grc' dir='ltr'>Ἰδοὺ</span> <span class='ocrx_word' id='word_1_857' title='bbox 3209 5000 3320 5070; x_wconf 79' lang='grc' dir='ltr'>γὰρ</span> <span class='ocrx_word' id='word_1_858' title='bbox 3352 4997 3442 5051; x_wconf 77' lang='grc' dir='ltr'>καὶ</span> <span class='ocrx_word' id='word_1_859' title='bbox 3471 4990 3667 5065; x_wconf 70' lang='grc' dir='ltr'>μαστοὺς</span> 
     </span>
    </p>
   </div>
   <div class='ocr_carea' id='block_1_110' title="bbox 2148 5083 3666 5170">
    <p class='ocr_par' dir='ltr' id='par_1_110' title="bbox 2148 5083 3666 5170">
     <span class='ocr_line' id='line_1_110' title="bbox 2148 5083 3666 5170; baseline -0.012 -17"><span class='ocrx_word' id='word_1_860' title='bbox 2148 5098 2378 5170; x_wconf 79' lang='grc' dir='ltr'>θηλάσαι</span> <span class='ocrx_word' id='word_1_861' title='bbox 2400 5097 2779 5169; x_wconf 83' lang='grc' dir='ltr'>μαρτυρεῖται.</span> <span class='ocrx_word' id='word_1_862' title='bbox 2797 5094 2969 5158; x_wconf 79' lang='grc' dir='ltr'>Αὐτὸς</span> <span class='ocrx_word' id='word_1_863' title='bbox 2988 5093 3047 5147; x_wconf 82' lang='grc' dir='ltr'>δὲ</span> <span class='ocrx_word' id='word_1_864' title='bbox 3065 5091 3361 5164; x_wconf 81' lang='grc' dir='ltr'>μακαρίζει</span> <span class='ocrx_word' id='word_1_865' title='bbox 3384 5090 3496 5152; x_wconf 80' lang='grc' dir='ltr'>τοὺς</span> <span class='ocrx_word' id='word_1_866' title='bbox 3515 5083 3666 5157; x_wconf 77' lang='grc' dir='ltr'>φυλάσ-</span> 
     </span>
    </p>
   </div>
   <div class='ocr_carea' id='block_1_111' title="bbox 2150 5181 3667 5259">
    <p class='ocr_par' dir='ltr' id='par_1_111' title="bbox 2150 5181 3667 5259">
     <span class='ocr_line' id='line_1_111' title="bbox 2150 5181 3667 5259; baseline -0.011 -14"><span class='ocrx_word' id='word_1_867' title='bbox 2150 5207 2341 5255; x_wconf 89' lang='grc' dir='ltr'>σοντας</span> <span class='ocrx_word' id='word_1_868' title='bbox 2365 5190 2458 5245; x_wconf 84' lang='grc' dir='ltr'><strong>τδν</strong></span> <span class='ocrx_word' id='word_1_869' title='bbox 2484 5188 2641 5259; x_wconf 75' lang='grc' dir='ltr'>λόγον</span> <span class='ocrx_word' id='word_1_870' title='bbox 2674 5187 2767 5243; x_wconf 83' lang='grc' dir='ltr'><strong>τοῦ</strong></span> <span class='ocrx_word' id='word_1_871' title='bbox 2806 5187 2964 5254; x_wconf 78' lang='grc' dir='ltr'>Θεοῦ,</span> <span class='ocrx_word' id='word_1_872' title='bbox 2992 5186 3092 5241; x_wconf 62' lang='grc' dir='ltr'>οὐκ</span> <span class='ocrx_word' id='word_1_873' title='bbox 3123 5185 3399 5240; x_wconf 80' lang='grc' dir='ltr'>ἐκϐάλλων</span> <span class='ocrx_word' id='word_1_874' title='bbox 3421 5181 3507 5236; x_wconf 78' lang='grc' dir='ltr'><strong>τοῦ</strong></span> <span class='ocrx_word' id='word_1_875' title='bbox 3529 5190 3667 5251; x_wconf 77' lang='grc' dir='ltr'>μακαο</span> 
     </span>
    </p>
   </div>
   <div class='ocr_carea' id='block_1_112' title="bbox 2152 5269 3661 5355">
    <p class='ocr_par' dir='ltr' id='par_1_112' title="bbox 2152 5269 3661 5355">
     <span class='ocr_line' id='line_1_112' title="bbox 2152 5269 3661 5355; baseline -0.005 -18"><span class='ocrx_word' id='word_1_876' title='bbox 2152 5282 2351 5354; x_wconf 84' lang='grc' dir='ltr'>ρισμοΰ</span> <span class='ocrx_word' id='word_1_877' title='bbox 2389 5283 2489 5355; x_wconf 78' lang='grc' dir='ltr'>τὴν</span> <span class='ocrx_word' id='word_1_878' title='bbox 2525 5282 2758 5353; x_wconf 79' lang='grc' dir='ltr'>Μητέρα</span> <span class='ocrx_word' id='word_1_879' title='bbox 2792 5280 2982 5348; x_wconf 81' lang='grc' dir='ltr'>αὐτοῦ,</span> <span class='ocrx_word' id='word_1_880' title='bbox 3026 5279 3230 5349; x_wconf 76' lang='grc' dir='ltr'>ἄπαγε,</span> <span class='ocrx_word' id='word_1_881' title='bbox 3272 5278 3409 5335; x_wconf 78' lang='grc' dir='ltr'>ἀλλὰ</span> <span class='ocrx_word' id='word_1_882' title='bbox 3434 5269 3661 5329; x_wconf 63' lang='grc' dir='ltr'>δεικνύων,</span> 
     </span>
    </p>
   </div>
   <div class='ocr_carea' id='block_1_113' title="bbox 2149 5359 3663 5444">
    <p class='ocr_par' dir='ltr' id='par_1_113' title="bbox 2149 5359 3663 5444">
     <span class='ocr_line' id='line_1_113' title="bbox 2149 5359 3663 5444; baseline -0.014 -14"><span class='ocrx_word' id='word_1_883' title='bbox 2149 5376 2233 5430; x_wconf 83' lang='grc' dir='ltr'>ὅτι</span> <span class='ocrx_word' id='word_1_884' title='bbox 2275 5374 2429 5429; x_wconf 77' lang='grc' dir='ltr'>οὐδὲν</span> <span class='ocrx_word' id='word_1_885' title='bbox 2457 5374 2579 5429; x_wconf 83' lang='grc' dir='ltr'>οὐδέ</span> <span class='ocrx_word' id='word_1_886' title='bbox 2622 5373 2807 5444; x_wconf 84' lang='grc' dir='ltr'>ἐκείνη</span> <span class='ocrx_word' id='word_1_887' title='bbox 2833 5372 3252 5443; x_wconf 78' lang='grc' dir='ltr'>ὠφεληθήσεται</span> <span class='ocrx_word' id='word_1_888' title='bbox 3281 5371 3388 5426; x_wconf 78' lang='grc' dir='ltr'><strong>ἀπὸ</strong></span> <span class='ocrx_word' id='word_1_889' title='bbox 3412 5366 3495 5422; x_wconf 81' lang='grc' dir='ltr'>τοῦ</span> <span class='ocrx_word' id='word_1_890' title='bbox 3525 5359 3663 5417; x_wconf 76' lang='grc' dir='ltr'>τεκεῖύ</span> 
     </span>
    </p>
   </div>
   <div class='ocr_carea' id='block_1_114' title="bbox 2153 5458 3661 5540">
    <p class='ocr_par' dir='ltr' id='par_1_114' title="bbox 2153 5458 3661 5540">
     <span class='ocr_line' id='line_1_114' title="bbox 2153 5458 3661 5540; baseline -0.009 -17"><span class='ocrx_word' id='word_1_891' title='bbox 2153 5469 2317 5524; x_wconf 80' lang='grc' dir='ltr'>αὑτὸν</span> <span class='ocrx_word' id='word_1_892' title='bbox 2366 5468 2462 5523; x_wconf 78' lang='grc' dir='ltr'><strong>καὶ</strong></span> <span class='ocrx_word' id='word_1_893' title='bbox 2519 5468 2776 5540; x_wconf 82' lang='grc' dir='ltr'>θηλὰσαι,</span> <span class='ocrx_word' id='word_1_894' title='bbox 2826 5467 2875 5521; x_wconf 90' lang='grc' dir='ltr'><strong>εί</strong></span> <span class='ocrx_word' id='word_1_895' title='bbox 2927 5467 3003 5538; x_wconf 81' lang='grc' dir='ltr'>μὴ</span> <span class='ocrx_word' id='word_1_896' title='bbox 3043 5467 3139 5521; x_wconf 72' lang='grc' dir='ltr'>καὶ</span> <span class='ocrx_word' id='word_1_897' title='bbox 3165 5466 3267 5537; x_wconf 76' lang='grc' dir='ltr'>τὴν</span> <span class='ocrx_word' id='word_1_898' title='bbox 3312 5463 3467 5535; x_wconf 72' lang='grc' dir='ltr'>ἄλλην</span> <span class='ocrx_word' id='word_1_899' title='bbox 3489 5458 3661 5540; x_wconf 58' lang='grc' dir='ltr'>ἃπασαν</span> 
     </span>
    </p>
   </div>
   <div class='ocr_carea' id='block_1_115' title="bbox 2153 5537 3661 5634">
    <p class='ocr_par' dir='ltr' id='par_1_115' title="bbox 2153 5537 3661 5634">
     <span class='ocr_line' id='line_1_115' title="bbox 2153 5537 3661 5634; baseline -0.008 -19"><span class='ocrx_word' id='word_1_900' title='bbox 2153 5560 2357 5634; x_wconf 70' lang='grc' dir='ltr'>ἀρετήν</span> <span class='ocrx_word' id='word_1_901' title='bbox 2402 5560 2538 5630; x_wconf 81' lang='grc' dir='ltr'>ἐχοι.</span> <span class='ocrx_word' id='word_1_902' title='bbox 2572 5537 2723 5629; x_wconf 49' lang='grc' dir='ltr'>ίἈμα</span> <span class='ocrx_word' id='word_1_903' title='bbox 2771 5558 2828 5613; x_wconf 84' lang='grc' dir='ltr'><strong>δέ</strong></span> <span class='ocrx_word' id='word_1_904' title='bbox 2993 5537 3148 5629; x_wconf 80' lang='grc' dir='ltr'>πρὸς</span> <span class='ocrx_word' id='word_1_905' title='bbox 3193 5558 3285 5613; x_wconf 69' lang='grc' dir='ltr'><strong>τὸν</strong></span> <span class='ocrx_word' id='word_1_906' title='bbox 3323 5553 3497 5625; x_wconf 76' lang='grc' dir='ltr'>καιρὸν</span> <span class='ocrx_word' id='word_1_907' title='bbox 3528 5537 3661 5601; x_wconf 76' lang='grc' dir='ltr'>ταῦτά</span> 
     </span>
    </p>
   </div>
   <div class='ocr_carea' id='block_1_116' title="bbox 2156 5637 3729 5723">
    <p class='ocr_par' dir='ltr' id='par_1_116' title="bbox 2156 5637 3729 5723">
     <span class='ocr_line' id='line_1_116' title="bbox 2156 5637 3729 5723; baseline 0 -19"><span class='ocrx_word' id='word_1_908' title='bbox 2156 5669 2344 5723; x_wconf 82' lang='grc' dir='ltr'>φησιν.</span> <span class='ocrx_word' id='word_1_909' title='bbox 2381 5650 2534 5704; x_wconf 74' lang='grc' dir='ltr'>Ἐπεὶ</span> <span class='ocrx_word' id='word_1_910' title='bbox 2558 5650 2667 5722; x_wconf 66' lang='grc' dir='ltr'>γὰρ</span> <span class='ocrx_word' id='word_1_911' title='bbox 2693 5653 2740 5704; x_wconf 85' lang='grc' dir='ltr'>οἱ</span> <span class='ocrx_word' id='word_1_912' title='bbox 2766 5648 3026 5720; x_wconf 80' lang='grc' dir='ltr'>βάσκανοι</span> <span class='ocrx_word' id='word_1_913' title='bbox 3048 5649 3144 5702; x_wconf 76' lang='grc' dir='ltr'>καὶ</span> <span class='ocrx_word' id='word_1_914' title='bbox 3172 5648 3392 5719; x_wconf 80' lang='grc' dir='ltr'>ἀνήκοοι</span> <span class='ocrx_word' id='word_1_915' title='bbox 3414 5642 3506 5698; x_wconf 83' lang='grc' dir='ltr'><strong>τῶν</strong></span> <span class='ocrx_word' id='word_1_916' title='bbox 3527 5637 3657 5703; x_wconf 72' lang='grc' dir='ltr'>λόγων</span> <span class='ocrx_word' id='word_1_917' title='bbox 3722 5698 3729 5703; x_wconf 89' lang='grc'><strong>.</strong></span> 
     </span>
    </p>
   </div>
   <div class='ocr_carea' id='block_1_117' title="bbox 2157 5726 3657 5808">
    <p class='ocr_par' dir='ltr' id='par_1_117' title="bbox 2157 5726 3657 5808">
     <span class='ocr_line' id='line_1_117' title="bbox 2157 5726 3657 5808; baseline -0.009 -9"><span class='ocrx_word' id='word_1_918' title='bbox 2157 5744 2325 5799; x_wconf 78' lang='grc' dir='ltr'>αὑτοῦ</span> <span class='ocrx_word' id='word_1_919' title='bbox 2363 5743 2641 5798; x_wconf 78' lang='grc' dir='ltr'>διέϐαλλον</span> <span class='ocrx_word' id='word_1_920' title='bbox 2678 5743 2805 5807; x_wconf 81' lang='grc' dir='ltr'>τοὺς</span> <span class='ocrx_word' id='word_1_921' title='bbox 2845 5742 3167 5808; x_wconf 74' lang='grc' dir='ltr'>ἀκούοντας,</span> <span class='ocrx_word' id='word_1_922' title='bbox 3195 5740 3359 5805; x_wconf 68' lang='grc' dir='ltr'>αὐτὸς</span> <span class='ocrx_word' id='word_1_923' title='bbox 3387 5737 3441 5792; x_wconf 81' lang='grc' dir='ltr'>τὸ</span> <span class='ocrx_word' id='word_1_924' title='bbox 3470 5726 3657 5786; x_wconf 76' lang='grc' dir='ltr'>ἐναντίον</span> 
     </span>
    </p>
   </div>
   <div class='ocr_carea' id='block_1_118' title="bbox 2163 5816 3652 5910">
    <p class='ocr_par' dir='ltr' id='par_1_118' title="bbox 2163 5816 3652 5910">
     <span class='ocr_line' id='line_1_118' title="bbox 2163 5816 3652 5910; baseline 0.001 -17"><span class='ocrx_word' id='word_1_925' title='bbox 2163 5835 2349 5908; x_wconf 84' lang='grc' dir='ltr'>ποιῶν,</span> <span class='ocrx_word' id='word_1_926' title='bbox 2386 5836 2585 5910; x_wconf 82' lang='grc' dir='ltr'>μᾶλλον</span> <span class='ocrx_word' id='word_1_927' title='bbox 2627 5836 2920 5909; x_wconf 79' lang='grc' dir='ltr'>μακαρίζει</span> <span class='ocrx_word' id='word_1_928' title='bbox 2973 5838 3097 5902; x_wconf 65' lang='grc' dir='ltr'>τοὺς</span> <span class='ocrx_word' id='word_1_929' title='bbox 3141 5834 3445 5897; x_wconf 81' lang='grc' dir='ltr'>ἀκούοντας.</span> <span class='ocrx_word' id='word_1_930' title='bbox 3470 5827 3591 5895; x_wconf 72' lang='grc' dir='ltr'>Τάχα</span> <span class='ocrx_word' id='word_1_931' title='bbox 3610 5816 3652 5871; x_wconf 68' lang='grc' dir='ltr'>δδ</span> 
     </span>
    </p>
   </div>
  </div>
