3826 6588
427 403 430 410 ⁵
449 403 558 468 867

1377 382 1962 453 THEOPHYLACTI
2004 380 2414 446 BULGARUE
2444 372 2802 439 ARCHIEP.

3514 393 3588 458 868

457 523 593 585 Deo,
623 514 926 573 intellectus
955 509 1166 566 scilicet
1205 523 1272 562 ac
1317 506 1516 563 mentis
1559 503 1903 567 beneﬁcium,
1941 514 2038 569 per

2153 499 2235 552 ιοῦ
2284 497 2404 561 νοὸς
2430 495 2612 568 χάριν,
2651 495 2721 548 δι’
2749 487 2816 564 ἧς
2871 491 3142 564 βλέπομεν
3178 490 3350 548 ὡσανεὶ
3379 501 3590 567 erutheo.

455 629 616 684 quam
657 607 919 671 videmus,
955 601 1120 658 veluti
1160 600 1206 656 sl
1237 597 1392 654 nobis
1433 597 1616 652 datum
1647 603 1794 650 esset
1828 591 2031 656 lumen,

456 683 704 761 homines
731 695 1065 756 abscondunt
1093 693 1290 750 mentis
1310 691 1596 763 judicium,
1618 695 1672 743 et
1699 701 1808 757 prae
1835 683 2034 739 invidia

454 791 832 859 obtenebrati,
894 785 1155 844 miracula
1214 793 1270 840 et
1329 781 1591 840 beneﬁcia
1655 793 1766 835 non
1827 777 2033 840 vident,

457 887 704 960 quamvis
728 886 782 940 in
813 884 917 938 hoc
944 878 1318 949 acceperimus
1340 884 1599 938 mentem,
1628 881 1688 928 ut
1716 884 1881 942 super
1909 883 2039 924 can-

459 979 735 1035 delubrum
781 989 1066 1046 ponamus,
1113 979 1174 1025 ut
1222 970 1389 1026 etiam
1443 964 1535 1022 alii
1578 965 1764 1020 lumen
1797 961 2033 1016 videant.

466 1071 690 1128 Videtur
716 1079 896 1125 autem
934 1066 1066 1122 mihi
1097 1065 1200 1120 hoc
1230 1063 1410 1117 dicere
1434 1056 1516 1114 :0
1537 1057 1834 1118 Pharisaze.
1869 1053 2039 1110 habes

463 1162 769 1225 scientiam,
821 1158 967 1214 istud
1011 1164 1094 1212 est
1136 1155 1358 1210 lucerna
1407 1166 1422 1205 :
1478 1155 1694 1218 oportet
1724 1157 1777 1201 te
1810 1143 2039 1200 scientia

464 1256 552 1310 illa
583 1254 680 1318 uti,
715 1235 780 1306 ut.
805 1266 900 1320 per
924 1264 1040 1303 eam
1071 1259 1334 1316 agnoscas
1360 1240 1642 1306 miracula,
1673 1247 1729 1294 et
1753 1237 1875 1291 aliis
1905 1251 2038 1304 quo-

465 1362 570 1415 que
611 1344 896 1400 ostendere
925 1351 978 1396 et
1011 1346 1313 1393 monstrare
1343 1334 1521 1404 possis
1559 1331 1704 1403 quod
1735 1331 1846 1385 sint
1873 1341 2040 1398 opera

405 1489 409 1494 .
464 1439 584 1495 Filii
613 1436 729 1503 Dei,
754 1445 809 1490 et
835 1448 939 1488 non
963 1427 1243 1486 Beelzebul
1273 1444 1289 1481 :
1319 1437 1377 1481 ιιι
1409 1424 1464 1480 hi
1498 1424 1594 1494 qui
1629 1421 2033 1493 ingrediuntur,

469 1533 572 1585 hoc
605 1538 690 1583 est
721 1524 930 1588 novitii,
961 1533 1016 1578 et
1067 1521 1158 1591 qui
1189 1521 1550 1583 instruuntur,
1581 1516 1762 1570 lumen
1800 1513 2040 1567 videant.

466 1614 600 1670 Nam
629 1614 718 1683 qui
750 1612 968 1681 sapiens
997 1619 1099 1676 est,
1129 1608 1239 1678 jam
1271 1608 1550 1676 ingressus
1572 1614 1657 1659 est
1691 1619 1706 1656 :
1733 1602 1823 1672 qui
1856 1611 2039 1654 autem

465 1707 646 1771 discit,
677 1705 857 1760 adhuc
883 1703 1202 1772 ingreditur.
1232 1701 1301 1753 At
1332 1697 1588 1753 Pharisaei
1612 1711 1706 1751 vos
1737 1695 1839 1750 hoc
1860 1692 2043 1748 facere

468 1815 574 1854 non
601 1796 780 1862 vultis,
817 1795 910 1850 sed
952 1795 1168 1848 oculum
1196 1791 1392 1847 mentis
1436 1801 1651 1854 vestrae,
1693 1789 1782 1858 qui
1814 1783 2041 1855 simplex

467 1901 607 1956 erat,
645 1890 852 1946 fecistis
893 1887 1173 1957 obliquum
1210 1895 1266 1940 et
1292 1886 1607 1940 obscurum.
1653 1881 1860 1937 Etenim
1905 1879 2047 1934 sicut

467 1985 662 2039 oculus
691 1980 937 2050 corporis
961 1980 1005 2034 si
1034 1977 1163 2049 quid
1194 1976 1377 2041 habet,
1406 1977 1509 2030 hoc
1537 1984 1592 2029 et
1619 1988 1818 2043 corpus
1847 1971 2047 2027 habere

473 2077 600 2132 facit
633 2093 647 2130 :
677 2075 723 2130 si
755 2073 972 2142 quidem
1006 2071 1182 2125 lucem
1202 2069 1361 2124 habet
1389 2082 1453 2123 ac
1488 2066 1700 2122 lucidus
1734 2065 1912 2129 fuerit,
1942 2063 2048 2118 erit

471 2177 528 2223 et
553 2180 751 2234 corpus
779 2167 830 2219 in
852 2162 1010 2217 luce:
1043 2162 1129 2217 sin
1159 2161 1485 2216 tenebrosus
1509 2158 1689 2223 fuerit,
1721 2158 1824 2212 erit
1849 2156 2048 2214 etillud

476 2260 528 2311 in
561 2254 842 2311 tenebris:
892 2253 1055 2308 simili
1106 2252 1264 2307 modo
1291 2250 1542 2307 eumdem
1589 2247 1841 2303 allectum
1888 2249 2050 2302 habet

475 2353 678 2415 anima,
713 2364 872 2419 quem
918 2348 1078 2404 habet
1126 2362 1300 2402 mens.
1327 2346 1394 2400 Et
1425 2347 1469 2399 si
1517 2343 1783 2400 invenerit
1832 2342 2049 2399 oculum

445 2473 448 2476 «
473 2457 636 2512 quem
658 2440 863 2508 accepit
894 2453 924 2492 a
955 2438 1083 2503 Deo,
1112 2446 1167 2492 et
1189 2437 1360 2491 lucem
1389 2434 1734 2491 obtenebrari
1760 2431 1842 2489 vel
1873 2433 1942 2490 ab
1969 2433 2055 2488 in'-

477 2531 641 2594 vidia,
665 2531 750 2584 vel
779 2529 846 2584 ab
876 2528 1128 2592 avaritia,
1160 2526 1318 2580 velut
1348 2526 1401 2581 in
1432 2538 1666 2591 summa,
1692 2525 1894 2590 dicam,
1931 2539 2053 2579 car-

410 2643 417 2654 ι
476 2623 718 2688 nalitate,
746 2620 1137 2675 obtenebratur
1170 2630 1226 2674 et
1257 2620 1393 2689 ipsa.

547 2713 714 2769 Vens.
749 2712 941 2768 37-“.
979 2731 996 2764 ι
1052 2711 1117 2767 Ει
1146 2726 1267 2768 cum
1301 2711 1639 2781 loqueretur,
1669 2708 1882 2778 rogavit
1904 2707 2054 2764 illum

476 2811 694 2881 quidam
728 2808 1033 2863 Pharismus
1061 2815 1114 2861 ut
1143 2805 1434 2876 pranderet
1464 2803 1603 2873 apud
1643 2817 1722 2858 se.
1753 2799 1911 2858 Jesus
1959 2815 2058 2856 au-

479 2913 586 2957 tem
619 2899 893 2970 ingressus
921 2897 1200 2954 accubuit.
1243 2894 1552 2952 Phariszeus
1580 2903 1762 2950 autem
1791 2907 1917 2949 cum
1962 2891 2056 2947 vi-

478 2995 668 3058 disset,
701 2993 1000 3046 admiratus
1033 2995 1118 3046 est
1170 2989 1316 3058 quod
1344 3002 1453 3043 non
1483 2989 1634 3058 prius
1662 2987 1899 3042 lavasset
1931 2993 2058 3040 ante

479 3083 801 3154 prandium;
834 3089 888 3137 et
908 3083 984 3136 ait
1012 3079 1272 3136 Dominus
1305 3080 1371 3134 ad
1402 3079 1550 3134 illum
1578 3095 1594 3133 :
1622 3077 1776 3134 Nunc
1799 3091 1895 3133 vos
1919 3075 2056 3131 Pha-

479 3175 621 3231 risaei
649 3175 918 3230 exteriora
968 3171 1143 3244 poculi
1173 3173 1448 3243 catinique
1485 3168 1783 3234 mundatis,
1830 3167 2058 3242 etquod

482 3271 628 3324 intus
679 3277 762 3324 est
805 3267 996 3333 vestri,
1056 3266 1271 3338 plenum
1325 3275 1411 3322 est
1460 3266 1648 3337 rapina
1705 3276 1763 3322 et
1810 3265 2052 3321 malitia:

482 3362 653 3430 stulti,
682 3375 860 3416 nonne
888 3362 980 3431 qui
1008 3359 1139 3416 fecit
1166 3358 1309 3430 quod
1331 3357 1466 3414 [oris
1492 3369 1597 3425 est,
1629 3357 1794 3414 etiam
1825 3357 1878 3414 id
1910 3354 2059 3428 quod

483 3456 628 3509 intus
675 3465 755 3508 est
817 3451 980 3507 fecit?
1010 3451 1396 3506 Verumtamen
1442 3451 1586 3522 quod
1627 3460 1898 3521 superest,
1935 3435 2060 3504 date

481 3553 904 3621 eleemosynam,
945 3559 999 3603 et
1030 3561 1157 3602 ecce
1196 3547 1380 3602 omnia
1430 3545 1628 3601 munda
1661 3553 1786 3602 sunt
1817 3544 1992 3598 vobis.
2029 3560 2050 3595 ι

484 3644 704 3699 Sciebat
741 3643 958 3710 quidem
1005 3639 1404 3695 Phariszeorum
1434 3637 1657 3692 livorem
1690 3635 1972 3702 Dominus,
2005 3641 2062 3690 et

485 3735 835 3792 nihilominus
870 3732 1104 3789 comedit
1129 3746 1251 3787 cum
1280 3731 1362 3785 eis
1401 3738 1618 3800 propter
1661 3728 1806 3784 istud
1860 3728 2060 3799 ipsum,

483 3829 627 3902 quod
647 3829 770 3885 mali
801 3836 976 3891 erant,
1002 3835 1054 3880 et
1080 3825 1422 3882 correctione
1445 3839 1581 3894 opus
1607 3821 1898 3878 habebant.
1924 3821 2058 3876 Nam

485 3921 830 3994 proptervhoc
861 3919 1237 3976 comeditcum
1259 3917 1360 3982 eis,
1391 3925 1452 3971 ut
1479 3915 1823 3972 occasionem
1855 3928 2056 3984 appre-

487 4016 703 4080 hendat,
737 4023 1002 4069 eteorum
1045 4024 1225 4065 mores
1267 4007 1538 4064 emendet.
1572 4007 1807 4064 Proinde
1835 4017 1891 4062 et
1919 4019 2063 4060 nunc

484 4107 703 4162 stultam
741 4120 931 4160 eorum
973 4101 1418 4158 consuetudinem
1469 4108 1637 4165 taxat,
1684 4113 1878 4168 nempe
1904 4097 2062 4154 lotio-

485 4217 608 4255 nem
643 4209 934 4267 antequam
987 4196 1277 4252 comedant
1319 4212 1331 4249 :
1373 4194 1576 4249 docens
1622 4193 1766 4261 quod
1817 4198 2064 4261 oporteat

485 4290 722 4344 animam
745 4303 841 4357 per
863 4287 1001 4341 bona
1021 4299 1185 4356 opera
1209 4283 1528 4355 puriﬁcare;
1557 4298 1680 4338 nam
1702 4281 1869 4335 lavari
1899 4295 2058 4349 aqua,

488 4395 594 4436 non
635 4379 898 4443 animam,
930 4379 1025 4432 sed
1050 4391 1251 4448 corpus
1274 4375 1545 4446 puriﬁcat.
1577 4375 1645 4428 At
1676 4372 1824 4428 stulti
1856 4371 1932 4426 illi
1964 4387 2063 4442 pu-

489 4473 678 4528 tabant
716 4470 857 4540 quod
903 4485 1028 4524 cum
1061 4483 1288 4539 corpore
1326 4467 1543 4538 quando
1583 4464 1960 4534 baptizabatur
2010 4472 2061 4518 et

487 4567 790 4630 lavabatur,
817 4563 979 4621 simul
1017 4564 1265 4620 etanima
1295 4566 1639 4631 purgaretur.
1667 4557 1925 4612 Dominus
1956 4556 2056 4626 igi-

491 4670 579 4717 tur
621 4657 850 4731 pulchro
890 4656 1080 4712 calicis
1126 4653 1372 4720 exemplo
1427 4666 1558 4708 usus
1607 4660 1710 4706 est.
1739 4649 1875 4716 Quia
1919 4650 2063 4704 enim

489 4761 701 4823 tempus
746 4760 866 4806 erat
912 4761 1137 4813 mensae,
1180 4744 1366 4801 calieis
1411 4755 1466 4799 et
1500 4743 1665 4798 catini
1702 4742 1967 4808 meminit,
1999 4741 2068 4795 ab

489 4844 576 4900 bis
602 4856 722 4914 quae
749 4840 819 4894 ob
841 4838 1033 4914 oculos
1066 4837 1168 4892 sita
1196 4844 1374 4899 erant,
1413 4833 1780 4890 testimonium
1807 4829 2063 4898 atterens,

489 4946 544 4990 et
583 4929 922 5004 persuadens
953 4927 1244 4983 Pharisaeis
1287 4925 1430 4996 quod
1459 4924 1600 4979 sicut
1651 4922 1796 4977 nulla
1846 4921 2064 4992 quidem

489 5027 696 5083 utilitas
713 5035 798 5082 est
821 5021 1165 5078 extrinsecus
1194 5017 1449 5073 mundum
1473 5030 1593 5071 esse
1610 5015 1768 5087 361
1794 5012 2063 5084 poculum,

489 5119 820 5176 intrinsecus
850 5124 1030 5170 autem
1063 5112 1340 5183 impletum
1384 5122 1508 5164 esse
1537 5108 1790 5164 sordibus
1821 5124 1837 5161 :
1864 5106 1944 5162 sic
1973 5119 2066 5160 ne-

489 5228 596 5283 que
624 5215 668 5268 si
697 5223 897 5281 corpus
927 5207 1253 5278 baptizetur,
1293 5202 1475 5258 anima
1527 5209 1706 5255 autem
1737 5200 1880 5254 omni
1910 5198 2066 5269 plena

490 5307 564 5364 sit
595 5304 958 5368 immunditia,
992 5309 1173 5371 utpote
1205 5298 1391 5366 rapina
1428 5303 1482 5351 et
1509 5293 1736 5349 malitia.
1770 5289 2068 5347 lnsiuuavit

489 5409 668 5454 autem
721 5397 856 5452 duas
906 5393 1224 5450 aﬂectiones
1273 5389 1470 5459 quibus
1512 5383 1832 5440 laborabant
1872 5380 2064 5449 Judaei,

488 5491 776 5546 avaritiam
806 5502 904 5558 per
923 5485 1177 5556 rapinam
1196 5524 1212 5548 ,
1257 5480 1514 5536 invidiam
1566 5485 1746 5532 autem
1776 5484 1829 5531 et
1855 5490 1975 5548 qua:
2000 5489 2067 5530 ex

489 5584 690 5642 invidia
713 5579 1058 5654 proveniunt,
1084 5591 1183 5647 per
1225 5575 1507 5630 malitiam.
1547 5569 1701 5626 Nulla
1729 5570 1892 5642 igitur
1921 5568 2068 5624 utili-

493 5685 576 5734 tas
603 5686 685 5730 est
709 5675 925 5743 quando
967 5670 1048 5726 sic
1083 5669 1249 5724 habet
1272 5668 1476 5724 anima.
1519 5663 1705 5730 Stulti,
1764 5677 1942 5720 nonne
1972 5661 2066 5731 qui

490 5771 616 5827 fecit
642 5785 861 5838 corpus,
887 5765 1028 5836 quod
1065 5763 1234 5819 multa
1276 5777 1408 5819 cura
1455 5761 1718 5833 dignaris,
1753 5758 1917 5814 etiam
1946 5755 2066 5809 ani-

493 5878 638 5920 mam
681 5860 847 5918 fecit?
877 5858 1093 5917 Debetis
1123 5857 1290 5928 igitur
1316 5864 1371 5913 et
1399 5854 1544 5911 illam
1577 5865 1828 5926 purgare.
1867 5848 2075 5934 Deinde

2135 590 2322 654 θέντος
2359 590 2512 660 ἡμῖν,
2545 587 2899 658 κατέκρυψαν
2938 584 3142 654 ταύτην
3166 587 3254 655 τὴν
3292 588 3512 664 διάκρισιν
3529 603 3593 654 τοῦ

2137 683 2254 749 νοῦ,
2287 683 2382 736 καὶ
2429 681 2537 736 ἀπὸ
2584 680 2885 752 βασκανίας
2937 676 3309 744 σκοτισθέντες,
3333 683 3389 735 τὰ
3412 684 3596 758 θαύματα

2137 777 2234 831 καὶ
2254 774 2352 838 τάς
2377 772 2696 844 εὐεργεσίας
2721 771 2820 841 οὺχ
2845 770 3036 842 ὁρῶσι.
3056 767 3238 822 Καίτοι
3263 772 3342 824 ἐπὶ
3367 776 3503 848 τούτῳ
3517 782 3598 834 ἐλά.

2138 869 2310 940 ϐομεν
2338 866 2430 920 τὸν
2457 866 2604 931 νοῦν,
2633 863 2721 918 ἵνα
2749 862 2843 917 ἐπὶ
2865 862 2964 933 τὴν
3008 860 3224 931 λυχνίαν
3246 863 3460 934 τιθῶμεν,
3485 871 3538 932 ὼς
3558 873 3600 925 ειν

2139 962 2235 1017 καὶ
2260 961 2408 1017 ἄλλοι
2442 957 2681 1032 βλέπωσι
2705 956 2765 1010 τὸ
2791 955 2926 1027 φῶς.
2955 955 3114 1007 Δοκεῖ
3136 951 3192 1005 δέ
3218 971 3296 1023 μοι
3313 956 3442 1010 τοῦτο
3461 960 3602 1030 λέγειν,

2139 1055 2243 1121 ὃτι,
2270 1049 2344 1106 Ὦ
2362 1052 2644 1124 Φαρισαῖε,
2683 1047 2826 1120 ἔχεις
2859 1047 3082 1117 γνῶσιν,
3100 1044 3249 1098 τοῦτο
3265 1049 3291 1100 ὁ
3313 1047 3486 1118 λύχνος,
3503 1055 3604 1110 Ἔδει

2143 1164 2202 1201 σε
2236 1149 2303 1217 τῇ
2338 1145 2540 1214 γνώσει
2576 1142 2748 1213 ταύτῃ
2781 1138 3085 1210 κεχρῆσθαι
3122 1138 3251 1207 πρὸς
3284 1140 3369 1210 τὴν
3395 1142 3480 1195 τῶν
3517 1147 3607 1200 θιυ.

2145 1241 2332 1312 μάτων
2383 1238 2702 1306 ἐπίγνωσιν,
2737 1233 2834 1288 καὶ
2884 1235 2995 1295 τοῖς
3043 1229 3218 1293 ἄλλοις
3263 1230 3313 1284 δὲ
3360 1234 3526 1301 φαίνειν
3549 1242 3610 1292 καὶ

2141 1331 2408 1387 δεικνύειν
2438 1327 2634 1391 ταῦτα,
2680 1327 2762 1380 ὅτι
2796 1323 2932 1394 ἔργα
2965 1325 3071 1375 eici
3117 1320 3209 1374 τοῦ
3239 1321 3355 1375 Υίοῦ
3403 1323 3476 1378 τοῦ
3501 1325 3611 1395 Θεοῦ,

2142 1425 2239 1480 καὶ
2267 1422 2393 1494 οὐχὶ
2437 1421 2530 1477 τοῦ
2569 1418 2920 1484 Βεελζεὼὺλ,
2955 1417 3032 1479 ὡς
3067 1415 3134 1468 ἂν
3170 1414 3217 1467 οἱ
3245 1415 3612 1488 εἰσπορευόμενοι,

2142 1517 2420 1572 τουτέστιν
2450 1515 2499 1569 ai
2533 1511 2887 1581 είσαγωγικοὶ
2931 1509 3027 1562 καὶ
3051 1508 3314 1580 ἀρχάριοι,
3353 1509 3405 1560 τὸ
3424 1509 3514 1577 φῶς
3538 1511 3617 1580 βλέ.

2144 1625 2342 1662 πωσιν.
2377 1607 2436 1660 '0
2488 1605 2586 1678 μὲν
2631 1605 2740 1675 γὰρ
2794 1601 2956 1670 σοφὸς
2988 1599 3088 1670 ήδη
3126 1599 3400 1670 ἐπορεύθη,
3443 1601 3533 1652 ὁδὲ
3568 1601 3619 1656 ἔτι

2151 1699 2438 1772 μανθάνων
2502 1696 2816 1769 πορεύεται.
2877 1691 3017 1746 Ἀλλ’
3064 1691 3126 1743 οὐ
3176 1689 3322 1742 τοῦτο
3370 1691 3619 1762 ὴῆουλήῦητι

2151 1796 2307 1866 ὑμεῖς
2333 1795 2381 1848 οἱ
2403 1793 2706 1864 Φαρισαῖοι,
2737 1787 2874 1843 ἀλλά
2893 1785 2986 1840 τὸν
3013 1783 3284 1855 ὀφθαλμὸν
3307 1784 3393 1852 τῆς
3414 1786 3550 1854 ψυχῆς
3566 1786 3624 1837 τὸν

2080 1858 2122 1912 Β
2151 1858 2298 1943 νοῦν
2322 1858 2526 1940 ἀπλούν
2577 1883 2728 1949 ὄντα,
2778 1879 3077 1950 ἐποιήσατε
3133 1875 3283 1941 λοξὸν
3329 1877 3414 1929 καὶ
3463 1877 3622 1933 σκολιόν.

2151 1977 2368 2048 Ὥσπερ
2397 1974 2506 2046 γὰρ
2533 1975 2560 2028 ὁ
2588 1971 2865 2042 ὀφθαλμὸς
2892 1968 2986 2023 τοῦ
3019 1966 3292 2038 σώματος,
3323 1966 3450 2029 ὅπως
3477 1967 3527 2020 ἂν
3547 1969 3624 2040 ἔχῃ,

2148 2069 2292 2124 οὕτω
2325 2069 2419 2123 καὶ
2446 2071 2506 2120 τὸ
2549 2064 2710 2136 σῶμα
2741 2065 2905 2126 ποιεῖ,
2937 2063 2986 2115 εί
3015 2061 3115 2131 μὲν
3144 2058 3389 2128 φωτεινὸς
3414 2059 3500 2128 εἴη,
3526 2060 3625 2114 ἔσται

2152 2160 2245 2214 καὶ
2271 2160 2332 2212 τὸ
2359 2160 2522 2228 σῶμα
2554 2157 2612 2210 ὲν
2636 2154 2774 2226 φωτί
2793 2170 2807 2186 ’
2837 2155 2886 2207 εί
2915 2153 2972 2207 δὲ
2999 2149 3294 2214 σκοτεινὸς,
3320 2149 3454 2203 ἔσται
3478 2151 3631 2204 κάκεῖνο

2154 2253 2209 2304 ἐν
2235 2249 2440 2306 σκότει.
2469 2249 2574 2301 Τὸν
2621 2247 2783 2300 αὐτὸν
2813 2243 3015 2315 τρόπον
3042 2240 3140 2296 καὶ
3166 2240 3242 2312 τῷ
3272 2239 3346 2294 νοῒ
3370 2241 3398 2311 ἡ
3418 2240 3532 2310 ψυχὴ
3551 2258 3632 2293 σνν-

2151 2343 2471 2398 διατίοεται.
2509 2339 2622 2393 Καὶ
2676 2337 2735 2391 ὃν
2784 2335 2978 2390 εὶαϐεν
3020 2335 3086 2387 ὲκ
3136 2333 3272 2387 Θεοῦ
3325 2331 3554 2403 ὀφθαλμὸν
3574 2332 3635 2384 καὶ

2153 2435 2290 2505 φῶς,
2320 2431 2512 2487 τοῦτον
2538 2433 2586 2484 εἰ
2617 2430 2769 2501 ε’ύροι
2792 2427 3178 2499 σκοτιζόμενον
3203 2425 3236 2497 ἢ
3271 2425 3368 2478 ὑπὸ
3396 2424 3634 2494 βασκανίας,

2153 2527 2187 2598 ἢ
2221 2523 2676 2596 φιλοχρηματίας,
2714 2522 2810 2574 καὶ
2838 2519 3026 2584 ἁπλῶς
3053 2519 3228 2572 εἰπεῖν
3266 2515 3526 2586 etiamin,
3557 2533 3638 2568 σκο·
3750 2507 3751 2550 Ῑ

2153 2621 2361 2685 τίζεται
2394 2619 2488 2672 καὶ
2519 2616 2685 2686 αὐτή.
3750 2629 3751 2686 ξ

2231 2731 2251 2764 ι
2298 2711 2388 2765 Ἐν
2418 2710 2476 2765 δὲ
2507 2707 2585 2780 τῷ
2618 2707 2872 2779 λαλῆσαι,
2893 2703 3088 2778 ἠρώτα
3117 2703 3281 2758 αὐτὸν
3301 2703 3550 2774 Φαρισαῖος
3571 2717 3639 2764 τις,

2156 2809 2302 2870 ὅπως
2332 2804 2604 2876 ἀριστήσῃ
2635 2799 2766 2873 παρ’
2801 2798 2969 2870 αὐτῷ’
3001 2795 3263 2851 εἰσελθὼν
3283 2795 3337 2849 δὲ
3355 2795 3584 2848 ἀνέπεσεν.
3605 2792 3640 2844 '0

2157 2899 2216 2953 δὲ
2251 2899 2543 2970 Φαρισαῖος
2583 2893 2707 2948 ἰδὼν
2743 2893 3077 2964 ἐθαύμασεν,
3111 2891 3197 2944 ὅτι
3251 2889 3311 2942 οὔ
3351 2886 3532 2960 πρῶτον
3560 2884 3643 2938 i61-

2160 2985 2364 3060 πτίσθη
2401 2988 2507 3058 πρὸ
2545 2985 2640 3039 τοῦ
2693 2985 2940 3056 ἀρίστου.
2976 2977 3116 3036 Εἷπε
3177 2979 3236 3034 δὲ
3273 2981 3302 3032 ὁ
3348 2977 3520 3048 Κύριος
3556 2973 3644 3044 πρὸς

2163 3081 2326 3137 αὐτόν
2346 3097 2361 3112 ·
2386 3080 2500 3135 Νῦν
2545 3081 2702 3151 ὑμεῖς
2727 3079 2777 3130 οἱ
2803 3075 3091 3148 Φαρισαῖοι
3129 3072 3191 3126 τὸ
3223 3069 3411 3135 ἔξωθεν
3436 3066 3515 3120 τοῦ
3539 3081 3649 3132 more;

2087 3207 2131 3270 c
2164 3174 2280 3245 ρίου
2307 3171 2402 3228 καὶ
2429 3170 2522 3225 τοῦ
2549 3171 2779 3233 πίνακος
2801 3165 3156 3238 καθαρίζετε,
3189 3162 3250 3215 τδ
3278 3160 3334 3214 δὲ
3357 3157 3531 3264 ἔσωθεν
3549 3154 3650 3262 dum

2161 3266 2324 3338 γέμει
2354 3263 2611 3337 ἁρπαγῆς
2642 3263 2738 3316 καὶ
2770 3260 3069 3332 πονηρίας·
3104 3257 3365 3327 ἄφρονες,
3394 3252 3480 3322 οὐχ
3503 3250 3524 3301 ὁ
3551 3249 3654 3314 ποιῇ·

2161 3374 2262 3422 σας
2304 3357 2365 3409 τὸ
2412 3355 2636 3420 ἔξωθεν,
2675 3354 2771 3408 καὶ
2818 3351 2879 3406 τὸ
2928 3350 3132 3404 ἔσωθεν
3168 3348 3448 3418 ὲποίησεν;
3482 3338 3654 3410 mntiri

2159 3451 2348 3504 ἐνόντα
2395 3448 2516 3502 δότε
2549 3445 2944 3516 ἐλεημοσύνην,
2986 3443 3082 3496 καὶ
3133 3441 3252 3496 ἰδοὺ
3304 3439 3468 3493 πάντα
3505 3431 3656 3500 καθαρὰ

2164 3542 2296 3612 ὑμῖν
2324 3541 2493 3593 ἐστιν.
2552 3558 2570 3592 ι
2605 3539 2761 3611 ’ῌδει
2795 3537 2894 3608 μὲν
2925 3537 3022 3608 τὴν
3053 3535 3170 3588 τῶν
3217 3531 3504 3603 Φαρισαίων
3535 3525 3657 3579 and»

2156 3646 2293 3699 τητα
2341 3630 2368 3682 ὁ
2406 3627 2632 3697 Κύριος,
2669 3626 2784 3680 ἀλλ’
2838 3627 2989 3697 ὅμως
3045 3625 3398 3679 συνεστιᾶται
3443 3621 3586 3681 αὐτοῖς
3617 3615 3649 3668 δι

2162 3719 2294 3773 αὐτὸ
2319 3717 2498 3785 τοῦτο,
2524 3717 2606 3770 ὅτι
2629 3710 3035 3786 πονηροὶῆταν,
3073 3713 3175 3767 καὶ
3216 3710 3526 3782 διορθώσεως
3558 3705 3660 3774 ἔχρῃ-

2164 3814 2274 3878 ζον.
2311 3811 2411 3868 Διά
2444 3809 2602 3866 τοῦτο
2632 3809 2740 3881 γάρ
2785 3826 2868 3861 τοι
2902 3806 3201 3872 συνεσθίει,
3252 3804 3327 3867 ὼς
3377 3801 3436 3856 ἂν
3473 3796 3660 3870 egeat-.1;

2163 3903 2441 3974 ἀφορμῆς,
2468 3902 2562 3956 καὶ
2593 3899 2858 3973 βελτιώση
2899 3899 2965 3953 τὰ
3013 3898 3118 3971 ἢθη
3176 3896 3379 3953 αὐτῶν.
3412 3893 3582 3960 Ὠσπερ
3604 3884 3662 3937 οὗ)
3750 3931 3751 3974 1

2164 3996 2256 4049 καὶ
2283 3993 2377 4049 νῦν
2418 3995 2476 4047 τὸ
2509 3994 2736 4064 ἀνόητον
2771 3991 2950 4047 αὐτῶν
3001 3990 3121 4055 ἔθος
3176 3985 3540 4045 ἐπισκώπτων,
3568 3974 3663 4048 φημὶ
3750 3974 3751 4034 Σ

2162 4088 2226 4156 δὴ
2249 4088 2310 4141 τὸ
2337 4086 2442 4158 πρὸ
2467 4085 2558 4140 τοῦ
2590 4087 2786 4155 φαγεῖν
2808 4083 3212 4155 καθαρίζεσθαι
3246 4080 3456 4144 αὐτοὺς,
3475 4075 3662 4131 διδάσκει,
3750 4097 3751 4158 ρ

2162 4181 2244 4234 ὅτι
2283 4179 2362 4232 δεῖ
2391 4179 2490 4248 τὴν
2533 4177 2711 4249 ψυχὴν
2762 4175 3105 4247 κεκαθάρθαι
3158 4173 3230 4230 δι’
3281 4173 3448 4244 ἔργων
3494 4163 3664 4236 ἀγαθῶν,
3750 4163 3751 4192 ³

2163 4269 2237 4333 ὡς
2267 4270 2394 4338 τόγε
2425 4268 2712 4323 νίπτεσθαι
2744 4268 2813 4322 δι’
2844 4266 3059 4332 ὓδατος,
3092 4266 3156 4319 οὐ
3192 4264 3396 4335 ψυχὴν,
3425 4258 3540 4313 ἀλλὰ
3562 4254 3668 4320 σῶμα

2164 4363 2436 4434 καθαίρει.
2483 4363 2710 4416 Ἐκεῖνοι
2743 4359 2852 4431 γὰρ
2881 4358 3135 4431 ἐνόμιζον
3169 4358 3223 4412 οἱ
3257 4355 3488 4424 ἀνόητοι,
3507 4350 3570 4404 ὅτι
3595 4347 3668 4412 ἅμα

2163 4456 2241 4529 τῷ
2270 4456 2486 4528 σώματι
2530 4456 2625 4509 καὶ
2662 4456 2691 4526 ἡ
2739 4452 2889 4524 ψυχὴ
2927 4453 3108 4508 αὐτῶν
3159 4449 3481 4519 καθαίρεται
3523 4440 3589 4493 διὰ
3612 4434 3667 4488 τοῦ
3750 4507 3751 4529 3

2087 4525 2524 4635 υβαπτίζεσθαι
2585 4525 2686 4602 και
2735 4546 3021 4602 νίπτεσθαι
3087 4547 3152 4599 eo
3221 4541 3406 4612 σῶμα.
3455 4537 3507 4592 ’0
3551 4532 3668 4586 τοίννν
3750 4525 3751 4554 ῖ

2166 4642 2369 4712 Κύριος
2400 4639 2644 4713 χαρίεντι
2670 4638 3083 4709 παραδείγματι
3115 4636 3392 4708 κέχρηται
3414 4630 3485 4702 τῷ
3511 4625 3584 4682 τοῦ

2165 4709 2378 4806 τηρίου.
2401 4709 2565 4786 -Ἒπεὶ
2590 4732 2697 4802 γὰρ
2730 4731 2919 4802 καιρὸς
2939 4725 3008 4800 ἦν
3033 4728 3349 4799 τραπέζης,
3378 4717 3599 4791 ποτηρίου
3613 4709 3671 4762 tui
3750 4719 3751 4744 ‘

2165 4827 2392 4890 πίνακος
2420 4823 2767 4896 μνημονεύει,
2796 4823 2904 4877 ἀπὸ
2930 4821 3041 4876 τῶν
3072 4821 3130 4873 ὲν
3159 4819 3288 4889 ὄψει
3313 4816 3560 4887 κειμένων
3582 4821 3672 4880 ιυρ-

2167 4918 2357 4991 τυρίαν
2388 4917 2677 4986 παράγων,
2714 4914 2809 4968 καὶ
2844 4913 3165 4984 συμπείθων
3197 4911 3298 4965 τὸν
3332 4909 3608 4978 Φαρισαῖον,
3623 4901 3674 4951 ὅτι

2167 4990 2357 5081 ὥσπερ
2412 5009 2567 5063 οὐδὲν
2609 5007 2800 5076 ὄφελος
2847 5005 3048 5071 ἔξωθεν
3097 5005 3199 5075 μὲν
3246 5002 3483 5072 καθαρὸν
3518 4990 3677 5050 εἶναιτὸ

2171 5105 2452 5177 ποτήριον,
2505 5103 2708 5156 ἔσωθεν
2743 5101 2798 5154 δὲ
2847 5101 3020 5170 ῥύπου
3063 5099 3271 5162 παντὸς
3304 5086 3676 5164 πεπληρωμένον.

2168 5198 2340 5262 οὕτως
2369 5196 2489 5251 οὐδὲ
2524 5195 2774 5266 σώματος
2809 5192 3243 5264 βαπτιζομένου,
3271 5189 3447 5261 ψυχῆς
3469 5187 3517 5240 δὲ
3543 5176 3680 5252 γεμιρύ⁸

2171 5308 2270 5362 σης
2301 5289 2480 5360 πάσης
2509 5287 2870 5357 ἀκαθαρσίας,
2904 5281 3016 5339 οἷον
3040 5284 3307 5357 ἁρπαγῆς
3339 5282 3430 5335 καὶ
3462 5273 3677 5343 πονηρίας-

2179 5381 2430 5454 ᾞνίξατο
2459 5381 2516 5434 δὲ
2545 5380 2612 5432 τὰ
2637 5379 2730 5435 δύο
2755 5377 2899 5448 πάθη
2929 5377 2999 5431 τὰ
3032 5374 3446 5446 ἐπικρατοῦντα
3479 5369 3569 5422 τῶν
3598 5365 3681 5454 Ἰονξ

2168 5452 2353 5548 δαίων,
2402 5469 2716 5536 πλεονεξίαν
2755 5470 2844 5524 διὰ
2876 5470 2975 5538 τῆς
3008 5468 3298 5540 ἁρπαγῆς,
3332 5464 3514 5534 φθόνον
3553 5452 3681 5548 δεξιοὶ

2167 5568 2236 5623 τὰ
2277 5546 2341 5621 ἐκ
2371 5565 2567 5637 φθόνου
2613 5563 2702 5618 διὰ
2737 5563 2837 5632 τῆς
2884 5561 3169 5633 πονηρίας.
3214 5559 3389 5614 Οὐδὲν
3419 5555 3505 5610 οὖν
3530 5546 3681 5637 basiat.

2169 5660 2298 5715 ὅταν
2327 5633 2501 5721 ούτως
2527 5656 2627 5730 ἔχῃ
2651 5658 2686 5726 ἠ
2709 5654 2876 5727 ψυχή.
2913 5655 3213 5726 Ἀφρονες,
3246 5653 3350 5722 οὐχ
3377 5650 3406 5702 ὁ
3437 5633 3682 5730 ποιήσαςῷ

2172 5755 2357 5826 σῶμα,
2385 5751 2415 5805 ὃ
2453 5728 2654 5821 πολλῆς
2697 5748 3019 5820 ἐπιμελείας
3064 5747 3266 5814 ἀξιοῖς,
3318 5743 3414 5798 καὶ
3445 5741 3534 5808 τὴν
3556 5728 3686 5826 ψνξὴν

2172 5816 2466 5920 εποίησινς
2507 5816 2781 5932 ὐφείλετε
2798 5816 2892 5900 οὖν
2924 5841 3020 5900 καὶ
3047 5839 3260 5914 ταύτην
3291 5833 3572 5905 καθαίρειν.
3593 5816 3681 5876 Εἶτα
