3896 6452
189 340 303 403 869

934 339 1380 404 ENARRATIO
1417 342 1503 406 IN
1542 337 2045 406 EVANGELIUM
2094 344 2307 405 LUCXE
2358 370 2427 381 -
2456 346 2622 410 CAP.
2662 349 2770 410 XI.

3376 351 3481 416 870

194 455 444 509 διδάσκει
475 452 697 519 αὐτοὺς,
735 452 853 520 πῶς
899 455 1260 527 καθαρίζεται
1305 456 1366 510 τὸ
1397 455 1527 512 ἔσω.
1567 456 1666 510 Διά
1693 454 1788 525 τῆς

1897 455 2055 513 docet
2080 471 2177 514 eos
2221 459 2491 528 quomodo
2517 461 2859 531 purgandum
2902 462 2972 518 sit
3015 465 3159 535 quod
3208 464 3478 523 interius:

197 547 594 619 ἐλεημοσύνης,
622 547 808 619 φησίν.
841 548 984 620 Ὅρα
1010 549 1069 603 δέ
1116 565 1209 619 μοι
1243 548 1359 614 πῶς
1401 548 1470 603 τά
1508 549 1603 603 δύο
1640 548 1788 620 πάθη

196 641 383 695 αὐτῶν
412 639 730 711 θεραπεύει,
764 641 856 693 τὸν
891 640 1087 709 φθόνον
1124 640 1290 709 λέγω,
1344 642 1442 697 καὶ
1469 640 1572 712 τὴν
1609 642 1791 712 ἁρπα-

195 730 326 801 γὴν,
374 731 461 784 διὰ
510 729 604 785 τοῦ
638 730 939 787 ὑποθέσθαι
985 736 1087 805 τὴν
1134 733 1528 805 ἐλεημοσύνην.
1576 733 1635 788 '0
1682 733 1792 805 γὰρ

199 823 370 877 ἐλεῶν
415 822 655 894 ἀληθῶς,
682 823 782 895 οὐχ
810 825 1053 896 ἁρπάσει
1087 823 1158 878 τά
1188 824 1280 878 τοῦ
1327 824 1651 895 ὲλεουμένου
1687 825 1788 897 (4),

199 918 262 970 ού
298 916 557 986 φθονήσει
584 915 662 987 τῷ
693 917 1021 989 ὲλεουμένῳ.
1072 917 1227 971 Ἐπεὶ
1253 917 1434 971 τοίνυν
1458 918 1552 972 δύο
1579 918 1792 983 τούτοις

196 1003 351 1073 πάθη
386 1004 651 1070 ὠνείδισε,
684 1005 752 1058 δι’
781 1006 898 1069 ἐνὸς
922 1008 1222 1078 φαρμάκου
1247 1007 1421 1061 ταῦτα
1443 1008 1789 1080 ὲκμοχλεύει,

199 1096 302 1164 τῆς
348 1095 743 1168 ἐλεημοσύνης,
777 1098 899 1167 ἣτις
944 1098 1138 1170 πρώτη
1193 1098 1334 1171 θύρα
1386 1100 1486 1170 τῆς
1534 1099 1787 1154 θεοποιοῦ

198 1187 465 1258 ἀγάπης’
516 1188 739 1259 ἀγάπης
788 1190 844 1242 δὲ
904 1192 1186 1262 παρούσης
1233 1191 1336 1246 ποῦ
1368 1193 1653 1259 πλεονεξία
1696 1195 1791 1249 καὶ

201 1279 429 1348 φθόνος;
450 1281 532 1334 Τά
555 1282 744 1336 ἐνόντα
766 1283 880 1346 οῦν,
904 1284 1173 1353 τουτέστι,
1193 1286 1262 1341 τὰ
1290 1287 1602 1358 ὑπάρχοντα
1627 1289 1756 1359 ὑμῖν
1774 1305 1789 1318 ·

202 1375 387 1437 καλῶς
418 1373 472 1428 δὲ
500 1371 622 1429 εἷπε
652 1377 721 1429 τὰ
756 1377 965 1443 ἐνόντα,
1008 1380 1101 1432 καὶ
1135 1380 1235 1434 ούκ
1267 1378 1444 1449 εἶπεν,
1474 1382 1625 1449 ὄντα,
1656 1384 1790 1436 διότι

197 1467 266 1519 τά
298 1468 559 1539 χρήματα
588 1466 783 1522 ἔνεισιν
816 1469 872 1521 ὲν
909 1472 974 1540 τῇ
1002 1470 1201 1541 καρδίᾳ
1232 1470 1324 1524 τοῦ
1349 1472 1788 1542 φιλοχρημάτου,

199 1559 297 1612 καὶ
318 1558 656 1629 ἐγκάθηνται
679 1561 841 1631 αὐτῇ,
870 1560 951 1613 διὸ
980 1561 1075 1614 καὶ
1108 1561 1454 1631 Δαυῖδ,φησι,
1519 1564 1593 1635 μὴ
1620 1581 1789 1634 προσ-

199 1649 451 1704 τίθεσθαι
510 1651 609 1723 τὴν
668 1652 897 1723 καρδίαν
954 1651 1032 1723 τῷ
1088 1653 1325 1725 πλούτῳ,
1388 1653 1657 1721 τουτέστι,
1714 1654 1789 1726 μὴ

201 1746 509 1815 προσηλοῦν
543 1746 713 1819 αὐτὴν
749 1749 847 1799 καὶ
878 1747 1218 1816 συνδεσμεῖν.

1896 545 2005 604 Per
2025 548 2453 619 eleemosynam,
2482 551 2673 621 inquit.
2700 553 2835 609 Vide
2858 564 3040 610 autem
3060 561 3330 627 quomodo
3347 558 3482 613 duas

1896 639 2114 697 illorum
2140 640 2458 698 aﬂ‘ectioues
2487 654 2662 711 sanet,
2685 644 2945 701 invidiam
2976 647 3099 704 dico
3120 660 3175 703 et
3205 650 3478 719 rapinam,

1893 746 1990 803 per
2015 731 2118 788 hoc
2150 734 2292 803 quod
2336 734 2555 804 subjicit
2586 736 3011 807 eleemosynam.
3040 737 3178 794 Nam
3218 742 3323 811 qui
3352 758 3481 797 vere

1892 824 2203 890 miseretur,
2258 840 2365 878 non
2406 824 2579 895 rapiet
2623 826 2740 897 ejus
2775 826 2912 881 bona
2962 829 3118 899 cujus
3166 832 3478 896 miseretur,

1894 928 2069 983 neque
2093 914 2168 968 illi
2198 914 2479 971 invidebit.
2505 916 2569 970 Et
2596 916 2723 985 quia
2754 917 2892 972 duos
2929 920 3146 975 mOl'DOS
3176 922 3257 978 eis
3287 936 3479 992 expro-

1891 1006 2090 1071 bravit,
2129 1022 2237 1062 uno
2284 1007 2523 1063 remedio
2566 1008 2930 1080 elecmosynaz
2973 1022 3264 1083 utrumque
3297 1022 3475 1080 sanat,

1894 1112 2013 1167 qua:
2044 1097 2216 1165 prima
2251 1107 2335 1152 est
2359 1097 2526 1168 janua
2579 1098 2885 1154 deiﬁcantis
2915 1098 3223 1155 cbaritatis.
3249 1100 3303 1155 Si
3333 1103 3477 1156 enim

1893 1193 2105 1249 aﬂ‘uerit
2132 1195 2375 1260 dilectio,
2409 1195 2499 1250 ubi
2535 1194 2772 1249 manebit
2795 1195 3025 1249 avaritia
3058 1204 3112 1249 et
3141 1194 3379 1248 invidia?
3406 1194 3480 1247 Ea

1892 1284 2057 1357 igitur
2083 1299 2205 1353 quae
2234 1285 2437 1349 insunt,
2465 1284 2568 1340 hoc
2615 1294 2719 1346 est,
2755 1283 3045 1340 facultates
3072 1293 3288 1339 vestrm.
3336 1283 3481 1338 Bene

1893 1376 2050 1442 dixit,
2079 1391 2141 1431 ea
2168 1392 2289 1445 quae
2315 1376 2527 1445 insunt,
2551 1386 2605 1431 et
2640 1394 2745 1434 nou
2777 1378 2938 1442 dixit,
2985 1392 3045 1432 ea
3075 1392 3195 1448 quae
3223 1387 3376 1441 sunt,
3417 1392 3482 1431 eo

1891 1470 2032 1537 quod
2062 1468 2264 1522 divitia:
2290 1469 2474 1523 insunt
2502 1470 2554 1523 in
2581 1471 2743 1526 corde
2787 1471 2935 1525 avari
2986 1480 3040 1524 et
3084 1471 3279 1524 sedent
3310 1470 3361 1524 in
3392 1484 3476 1524 eo.

1890 1563 2016 1619 Ideo
2052 1572 2107 1618 et
2155 1563 2323 1616 David
2371 1562 2503 1617 dicit
2548 1578 2658 1617 non
2705 1564 3082 1632 appouendum
3124 1577 3219 1618 cor
3253 1562 3477 1627 divitiis,

1893 1656 1996 1711 hoc
2024 1664 2131 1721 cst,
2168 1670 2236 1710 ne
2261 1654 2625 1725 agglutinetur
2657 1670 2755 1711 nec
2781 1655 3088 1726 colligetur.

279 1854 299 1887 ι
342 1837 480 1889 Ἀλλ’
520 1839 643 1898 οὒαὶ
687 1840 818 1910 ύμῖν
843 1841 956 1902 τοῖς
999 1839 1343 1910 Φαρισαίοις,
1391 1841 1474 1893 ὅτι
1507 1839 1783 1893 ἀποδεκα-

1963 1834 2128 1890 Vens.
2165 1834 2359 1889 lii-Si.
2392 1854 2410 1886 ι
2452 1834 2559 1889 Sed
2594 1848 2674 1888 νει)
2700 1833 2855 1889 vobis
2885 1832 3200 1900 Pharisaais,
3230 1833 3358 1904 quia
3386 1831 3481 1887 de-

202 1926 361 1981 τοῦτε
388 1928 448 1981 τὸ
478 1929 768 2001 ἡδύοσμον,
819 1931 913 1985 καὶ
945 1930 1006 1984 τὸ
1034 1934 1298 2003 πήγανον,
1344 1932 1440 1987 καὶ
1463 1934 1573 1987 πᾶν
1616 1931 1786 2001 λάχα-

210 2036 318 2085 νον,
343 2019 437 2072 καὶ
467 2021 809 2091 παρέρχεσθε
838 2020 938 2094 τὴν
964 2022 1168 2093 κρίσιν,
1194 2022 1289 2076 καὶ
1314 2023 1414 2093 τὴν
1443 2021 1663 2093 ἀγάπην
1688 2020 1783 2075 τοῦ

202 2110 363 2164 Θεοῦ·
396 2112 572 2167 ταῦτα
596 2113 703 2167 ἔδει
734 2113 978 2183 ποιῆσαι,
1013 2114 1242 2168 κάκεῖνα
1277 2114 1353 2185 μὴ
1385 2113 1625 2184 ἀφιέναι.
1650 2113 1787 2167 Ούαὶ

206 2200 339 2271 ὖμίν
367 2206 481 2268 τοῖς
515 2206 852 2276 Φαρισαίοις,
886 2207 970 2260 ὅτι
999 2206 1254 2277 ἀγαπᾶτε
1295 2206 1394 2277 τὴν
1436 2206 1790 2278 πρωτοκαθε-

207 2293 367 2365 δρίαν
403 2297 461 2349 ὲν
498 2300 618 2361 ταῖς
652 2301 1019 2368 συναγωγαῖς,
1061 2299 1156 2352 καὶ
1196 2300 1322 2362 τοὺς
1358 2300 1683 2370 ἀσπασμοὺς
1729 2301 1785 2353 ὲν

201 2390 323 2451 ταῖς
358 2389 607 2460 ἀγοραῖς.
638 2391 771 2446 Οὐαὶ
799 2393 949 2462 ύμῖν,
999 2392 1039 2444 Γ
1043 2394 1355 2463 ραμματεῖς
1387 2393 1479 2446 κα)⁵
1502 2394 1787 2464 Φαρισαῖοι

203 2479 520 2550 ὑποκριταὶ,
554 2482 635 2534 ὅτι
667 2483 789 2537 ἐστὲ
824 2484 899 2547 ὡς
929 2482 996 2537 τὰ
1022 2484 1263 2554 μνημεῖα
1295 2483 1364 2536 τά
1388 2483 1581 2554 ἀδηλα,
1618 2485 1714 2537 καὶ
1737 2486 1785 2538 οἱ

202 2569 484 2641 ἄνθρωποι
520 2573 951 2643 περιπατοῦντες
982 2572 1171 2628 ἐπάνω
1198 2575 1299 2628 οὐκ
1350 2576 1577 2630 οἴδασιν.
1625 2576 1787 2629 Ἀπο-

202 2659 418 2731 κριθεὶς
444 2660 501 2713 δέ
532 2678 614 2725 τις
643 2661 749 2715 τῶν
774 2662 1038 2733 νομικῶν,
1072 2663 1223 2733 λέγει
1250 2663 1398 2736 αὐτῷ
1418 2683 1432 2697 ’
1465 2665 1786 2735 Διδάσκαλε,

202 2750 375 2804 ταῦτα
432 2751 606 2821 λέγων
660 2754 754 2807 καὶ
809 2755 956 2825 ἡμᾶς
990 2755 1251 2827 ὑϐρίζεις.
1295 2756 1355 2811 Ὀ
1385 2757 1442 2811 δὲ
1467 2754 1626 2813 εἴπεο
1673 2760 1788 2814 Καὶ

205 2842 335 2912 ὑμῖν
374 2844 485 2907 τοῖς
517 2846 760 2915 νομικοῖς
793 2847 936 2913 οὐαὶ,
978 2847 1059 2901 ὅτι
1091 2848 1376 2919 φορτίζετε
1402 2853 1531 2915 τοὺς
1578 2852 1790 2924 ἀνθρώ-

205 2949 343 2997 πους
385 2936 582 3004 φορτία
611 2935 1013 3001 δυσϐάστακτα,
1048 2941 1140 2992 καὶ
1166 2940 1321 2994 αὐτοὶ
1347 2940 1427 2994 ἑνὶ
1455 2941 1561 2995 τῶν
1584 2941 1788 2996 δακτύ-

202 3023 313 3078 λων
344 3024 500 3096 ὐμῶν
540 3026 603 3081 ού
633 3028 978 3099 προσψαύετε
1015 3033 1126 3095 τοῖς
1158 3033 1421 3103 φορτίοις.
1466 3034 1605 3089 Οὐαὶ
1636 3024 1789 3106 ὑμῖν,

204 3117 289 3172 δτι
335 3120 673 3191 οἰκοδομεῖτε
706 3122 776 3177 τά
820 3126 1061 3194 μνημεῖα
1112 3125 1222 3179 τῶν
1272 3127 1593 3200 προφητῶν,
1637 3129 1689 3181 οἱ
1730 3129 1788 3183 δὲ

206 3213 447 3283 πατέρες
468 3214 625 3294 ὑμῶν
668 3217 994 3273 ἀπέκτειναν
1024 3218 1246 3283 αὐτούς·
1288 3220 1395 3292 ἄρα
1433 3223 1785 3292 μαρτυρεῖτε,

200 3306 297 3360 καὶ
324 3306 695 3361 συνευδοκεῖτε
721 3311 835 3374 τοῖς
860 3309 1043 3382 ἔργοις
1066 3311 1177 3366 τῶν
1200 3312 1455 3384 πατέρων
1489 3314 1518 3367 ύ
1527 3315 1667 3385 μῶν,
1701 3316 1785 3369 ὅτι

202 3397 364 3450 αὐτοὶ
399 3397 501 3469 μὲν
532 3400 864 3455 ἀπέκτειναν
910 3403 1131 3470 αὐτοὺς,
1177 3404 1337 3474 ὑμεῖς
1368 3404 1427 3458 δὲ
1455 3406 1787 3478 οἰκοδομεῖτε

200 3489 386 3543 αὐτῶν
412 3490 479 3543 τὰ
521 3495 782 3563 μνημεῖα.
816 3493 914 3546 Διά
942 3492 1104 3548 τοῦτο
1129 3495 1275 3566 καὶὴ
1312 3497 1475 3566 σοφία
1517 3498 1610 3552 τοῦ
1650 3499 1786 3553 Θεοῦ

202 3577 386 3633 εἶπεν·
429 3580 741 3636 ’Δποστελῶ
776 3586 854 3648 είς
880 3585 1075 3649 αὐτοὺς
1103 3587 1385 3658 προφήτας
1426 3589 1520 3642 καὶ
1551 3590 1788 3646 ἀποστό-

200 3674 351 3741 λους,
386 3674 483 3729 καὶ
524 3675 583 3742 ἐξ
615 3676 795 3731 αὐτῶν
832 3677 1196 3732 ἀποκτενοῦσι
1231 3678 1327 3732 καὶ
1355 3679 1661 3748 διώξουσιν,
1698 3681 1787 3736 ἵνα

197 3764 481 3837 ἐκζητηθῇ
510 3764 572 3819 τὸ
603 3760 743 3837 αἷμα
778 3768 997 3822 πάντων
1018 3768 1126 3822 τῶν
1157 3770 1479 3840 προφητῶν,
1524 3772 1585 3825 τὸ
1627 3774 1790 3843 ἐκχυ-

196 3859 430 3928 νόμενον
458 3857 568 3912 ἀπὸ
597 3860 905 3930 καταϐολῆς
934 3860 1142 3932 κόσμου
1173 3861 1282 3914 ἀπὸ
1304 3861 1406 3932 τῆς
1432 3864 1627 3932 γενεᾶς
1657 3864 1789 3918 ταύ-

197 3964 322 4015 της,
352 3948 460 4002 ἀπὸ
483 3950 577 4003 τοῦ
612 3950 844 4021 αἵματος
871 3950 1037 4005 Ἄδα).
1066 3952 1171 4017 ἓως
1206 3951 1301 4006 τοῦ
1348 3954 1582 4025 αἵματος
1609 3959 1792 4027 Ζαχα-

199 4040 346 4112 ρίου,
378 4039 471 4094 τοῦ
520 4043 862 4112 ἀπολομένου
913 4044 1115 4113 μεταξὺ
1153 4046 1248 4099 τοῦ
1281 4046 1667 4120 θυσιαστηρίου
1697 4053 1790 4105 καὶ

196 4132 299 4187 τοῦ
338 4132 511 4189 οἴκου.
543 4135 652 4189 Ναὶ
692 4136 836 4205 λέγω
883 4137 1034 4207 ὑμῖν,
1070 4138 1508 4213 ἐκζητηθήσεται
1554 4144 1663 4197 ἀπὸ
1691 4146 1789 4214 τῆς

196 4228 397 4295 γενεᾶς
427 4226 652 4299 ταύτης.
692 4247 711 4280 ι
753 4230 815 4283 Οί
842 4230 1126 4302 Φαρισαῖοι
1153 4232 1240 4285 ἵνα
1266 4233 1342 4305 μὴ
1371 4234 1662 4303 παραδῶσι
1691 4236 1784 4307 δῆ-

197 4319 296 4373 θεν
333 4320 426 4374 τδν
452 4320 639 4392 νόμον,
683 4321 1055 4377 ἀπεδεκάτουν
1099 4324 1193 4378 καὶ
1227 4325 1296 4379 τὰ
1341 4326 1621 4397 ἐλάχιστα,
1654 4329 1702 4380 εἰ
1730 4328 1788 4381 δέ

193 4427 287 4474 τις
332 4411 516 4475 αὐτοῖς
562 4413 853 4484 ἐμέμψατο
903 4415 1068 4485 τυχὸν
1122 4415 1199 4479 ὠς
1247 4417 1786 4488 μικρολογουμένοις,

1889 1927 2101 1983 cimatis
2139 1936 2378 1981 mentam
2415 1936 2470 1983 ct
2500 1938 2701 1988 rutam,
2733 1936 2788 1981 et
2821 1925 3050 1994 quodvis
3087 1925 3229 1985 olus.
3259 1934 3315 1979 et
3342 1940 3483 1995 prte-

1889 2014 2345 2085 teritisjudiciuut
2388 2025 2442 2072 et
2460 2017 2779 2071 charitatem
2811 2015 2939 2070 Dei:
2966 2016 3071 2071 imo
3095 2016 3209 2071 haec
3240 2018 3482 2086 oportuit

1890 2107 2092 2177 facere,
2144 2118 2199 2163 et
2232 2108 2321 2163 illa
2372 2124 2477 2165 non
2519 2110 2793 2164 omittere.
2842 2107 2936 2164 Vae
2975 2108 3127 2163 vobis
3161 2108 3477 2174 Pharisaeis,

1889 2201 2014 2271 quia
2048 2201 2273 2273 diligitis
2300 2202 2505 2271 primas
2542 2202 2832 2256 cathedras
2866 2200 2920 2255 in
2957 2202 3271 2273 synagogis,
3297 2211 3352 2257 et
3385 2217 3479 2257 sa-

1897 2293 2193 2349 lutationes
2229 2293 2281 2347 in
2326 2293 2468 2349 foro.
2499 2293 2594 2348 Va:
2642 2292 2815 2356 vobis,
2863 2292 3070 2348 Scriba:
3116 2304 3172 2348 et
3217 2293 3477 2349 Pharisaei

1889 2385 2207 2457 hypocrita,
2244 2385 2369 2455 quia
2397 2385 2529 2441 estis
2552 2393 2610 2438 ut
2643 2392 2992 2438 monumenta
3024 2398 3144 2453 quae
3173 2399 3278 2438 non
3310 2399 3475 2452 apptto

1891 2490 2043 2547 rent,
2092 2490 2145 2535 et
2189 2480 2437 2536 homines
2467 2479 2807 2536 ambulantes
2878 2492 3043 2546 super
3073 2477 3342 2533 nesciunt.
3373 2476 3481 2532 Rc-

1895 2574 2167 2641 spondens
2217 2581 2394 2627 autem
2442 2571 2663 2642 quidam
2720 2585 2787 2626 ex
2820 2569 3177 2641 legisperitis,
3211 2571 3285 2623 ait
3338 2569 3412 2622 illi
3461 2587 3477 2625 :

1891 2663 2170 2733 Magister,
2216 2663 2329 2719 haec
2362 2664 2549 2719 dicens
2590 2662 2753 2718 etiam
2791 2676 2893 2717 nos
2922 2660 3092 2718 alIicis
3121 2660 3476 2716 contumelia.

1890 2756 1961 2811 At
1994 2755 2081 2809 ille
2114 2756 2190 2809 ait
2219 2773 2231 2809 :
2269 2754 2336 2809 Et
2379 2755 2532 2810 vobis
2578 2753 2906 2823 legiSperitis
2940 2768 3040 2816 ναι.
3077 2752 3203 2822 quia
3237 2755 3481 2809 oneratis

1896 2850 2142 2905 homines
2172 2849 2432 2905 oneribus
2463 2864 2584 2920 quae
2618 2857 2839 2918 portare
2874 2863 2980 2904 non
3009 2856 3260 2918 possunt,
3293 2857 3345 2901 et
3375 2846 3478 2914 ipsi

1897 2956 2004 2994 uno
2032 2941 2199 3012 digito
2229 2952 2412 2998 vestro
2440 2957 2545 2998 non
2577 2941 2844 3013 attingitis
2872 2942 3140 2998 sarcinas.
3170 2939 3265 2996 Vae
3302 2940 3477 3003 vobis.

1894 3033 2020 3104 quia
2074 3033 2355 3091 aediﬁcatis
2401 3042 2752 3089 monumenta
2816 3034 3203 3106 prophetarum
3242 3052 3256 3089 :
3297 3042 3480 3103 patr.-s

1895 3138 2074 3183 autem
2125 3128 2288 3183 vestri
2344 3128 2661 3183 occiderunt
2711 3128 2855 3183 illos.
2916 3127 3169 3183 Profecto
3204 3127 3478 3183 testamiui

1892 3221 2035 3290 quod
2060 3220 2423 3291 comprobatis
2458 3219 2599 3277 facta
2631 3230 2846 3290 patrum
2876 3231 3199 3297 vestrorum,
3218 3221 3477 3293 quoniam

1891 3313 1965 3369 illi
2002 3314 2219 3383 quidem
2265 3327 2359 3368 eos
2405 3313 2761 3378 occiderunt;
2815 3327 2911 3369 vos
2964 3322 3142 3369 autem
3196 3308 3478 3372 aediﬁcetis

1890 3421 2077 3461 eorum
2119 3404 2388 3475 sepulcra.
2426 3404 2719 3473 Propterea
2761 3413 2816 3461 et
2853 3406 3119 3477 sapientia
3163 3406 3256 3461 Dei
3289 3407 3473 3462 dixit:

1891 3497 2098 3554 Mittam
2132 3498 2201 3553 ad
2248 3497 2367 3553 illos
2410 3498 2702 3568 prophetas
2732 3504 2790 3553 et
2819 3499 3116 3567 apostolos,
3144 3508 3199 3553 et
3261 3514 3327 3554 ex
3372 3498 3479 3554 illis

1889 3587 2137 3643 occident
2161 3597 2214 3642 et
2235 3596 2649 3656 persequentur,
2680 3596 2738 3643 ut
2769 3587 3082 3657 requiratur
3105 3587 3328 3657 sanguis
3355 3602 3475 3642 om-

1890 3678 2036 3734 n‘tum
2078 3679 2457 3749 prophetarum
2515 3680 2605 3748 qui
2664 3678 2961 3734 etfunditur
3006 3694 3036 3734 a
3088 3680 3475 3736 constitutione

1891 3772 2075 3826 mundi
2119 3786 2148 3825 a
2189 3773 2409 3826 natione
2468 3771 2596 3835 ista,
2638 3788 2667 3824 a
2718 3772 2986 3841 sanguine
3023 3771 3158 3826 Abel
3206 3787 3377 3841 usque
3409 3774 3474 3824 ad

1888 3864 2203 3931 sanguinem
2263 3862 2574 3929 Zachariae,
2641 3863 2733 3931 qui
2791 3862 2955 3931 periit
3010 3862 3155 3917 inter
3202 3862 3373 3915 altare
3421 3870 3475 3914 et

1889 3957 2095 4022 tndem;
2132 3955 2375 4023 profecto
2410 3955 2530 4010 dico
2566 3953 2739 4019 vobis,
2790 3951 3100 4022 requiretur
3134 3952 3201 4006 ab
3248 3952 3349 4006 hac
3380 3966 3475 4005 na-

1891 4051 2058 4101 tione.
2097 4064 2117 4098 ι
2148 4044 2431 4113 Pharisaei,
2465 4061 2531 4100 ne
2552 4044 3061 4115 transgrederentur
3086 4043 3257 4115 legem
3286 4043 3479 4098 videli-

1889 4148 1995 4204 cet,
2042 4138 2284 4193 decimas
2322 4139 2487 4193 etiam
2521 4154 2587 4193 ex
2619 4137 2859 4192 minimis
2896 4137 3102 4192 dabant
3134 4154 3148 4191 :
3196 4146 3250 4191 et
3279 4136 3322 4191 si
3355 4140 3478 4206 quis

1892 4232 2010 4287 illos
2040 4231 2466 4302 reprehendebat
2512 4241 2618 4284 tam
2669 4244 2959 4299 parvarum
2986 4242 3171 4284 rerum
3210 4230 3475 4283 rationem

1892 4324 2174 4388 habentes,
2221 4322 2394 4393 legem
2423 4318 2797 4391 proferebant,
2838 4336 2959 4391 qua:
2987 4321 3057 4375 de
3101 4320 3357 4376 omnibus
3385 4320 3479 4373 de-

1890 4417 2061 4472 cimas
2088 4414 2272 4470 offerri
2303 4412 2681 4470 sacerdotibus
2732 4413 3106 4483 prmcipiebat.
3148 4411 3337 4482 Itaque
3368 4411 3479 4465 Do-

191 4502 292 4557 τὺν
326 4504 489 4573 νόμον
515 4503 846 4575 προύφερον,
881 4505 940 4570 ὃς
964 4507 1074 4560 ἀπὸ
1110 4508 1328 4561 πάντων
1361 4508 1591 4573 δεκάτας
1616 4527 1788 4581 προσ-

1897 4508 2074 4562 minus
2102 4506 2235 4561 dicit
2269 4524 2282 4562 :
2331 4506 2483 4561 Sicut
2521 4504 2609 4558 illa
2660 4520 2768 4560 non
2812 4503 3106 4572 negligitis,
3157 4503 3232 4558 ita
3267 4512 3482 4573 oportet

199 4594 469 4667 φέρεσθαι
524 4599 639 4660 τοῖς
674 4597 912 4670 ἱερεῦσιν
969 4598 1240 4653 ἐκέλευεν.
1303 4601 1362 4653 '0
1401 4602 1532 4670 γοῦν
1587 4603 1792 4673 Κύριός

197 4706 393 4761 φησιν,
458 4691 541 4746 ὅτι
577 4692 793 4764 Ὠσπερ
821 4691 1028 4745 τούτων
1069 4692 1171 4747 οὐκ
1196 4691 1469 4761 ἀμελεῖτε,
1511 4692 1619 4747 ἔδει
1650 4697 1794 4765 ὑμᾶς

194 4784 301 4836 καὶ
323 4784 424 4854 τὴν
456 4784 643 4855 κρίσιν
678 4786 774 4838 καὶ
796 4784 898 4855 τὴν
927 4783 1152 4855 ἀγάπην
1181 4782 1275 4836 τοῦ
1315 4783 1452 4839 Θεοῦ
1485 4790 1788 4857 περιποιεῖ-

147 4869 355 4927 .σθαι.
416 4873 633 4944 Ἐπειδὴ
681 4872 791 4944 γὰρ
850 4874 1025 4929 ἄδικοι
1102 4869 1267 4944 ἦσαν,
1328 4873 1424 4926 καὶ
1462 4875 1641 4946 χήραν
1692 4878 1789 4930 καὶ

198 4958 441 5031 ὀρφανὸν
468 4961 847 5029 ἀπεκτίννυον,
894 4964 1083 5036 φησὶν,
1118 4965 1204 5018 ὅτι
1229 4966 1321 5017 Δεῖ
1346 4964 1491 5034 ὑμᾶς
1520 4964 1664 5036 ἔχειν
1688 4967 1788 5039 τὴν

196 5051 407 5122 κρίσιν,
437 5052 605 5122 ῆγουν
632 5053 732 5125 τὴν
758 5053 1179 5125 δικαιοκρισίαν.
1222 5053 1377 5107 Ἐπεὶ
1404 5054 1461 5110 δὲ
1488 5057 1584 5109 καὶ
1613 5074 1786 5111 κατα-

200 5144 477 5213 φρονητιῇ⁵
506 5139 672 5215 ἦσαν
717 5142 811 5197 τοῦ
866 5144 1024 5211 Θεοῦ,
1081 5144 1392 5217 ἀδιαφόρως
1453 5148 1567 5210 τοῖς
1621 5148 1787 5218 ἱεροῖς

200 5233 390 5304 ἔργοις
421 5234 849 5307 ἐπιχειροῦντες,
877 5236 967 5290 διὰ
1003 5236 1162 5290 τοῦτο
1195 5238 1376 5303 αὐτοῖς
1401 5238 1499 5309 τὴν
1522 5239 1614 5293 τοῦ
1649 5240 1785 5295 Θεοῦ

200 5325 429 5395 ἀγάπην
453 5326 600 5396 ἔχειν
625 5325 952 5380 ἐντέλλεται.
992 5325 1054 5380 'U
1097 5327 1207 5397 γὰρ
1236 5326 1472 5397 ἀγαπῶν
1515 5328 1607 5381 τὸν
1633 5328 1788 5396 Θεὸν,

1894 4614 1993 4654 vos
2038 4608 2092 4653 ct
2136 4597 2398 4669 judicium
2433 4596 2597 4668 362
2638 4606 2693 4651 et
2751 4594 3093 4650 dilectionem
3144 4594 3237 4648 Dei
3276 4592 3476 4648 facere.

1894 4691 2161 4759 Quoniam
2196 4688 2383 4758 injusti
2414 4700 2591 4755 erant,
2636 4689 2939 4757 viduasque
2964 4696 3021 4742 et
3048 4686 3321 4756 orphanos
3349 4701 3479 4755 pes-

1895 4783 2240 4849 sumdabant,
2264 4780 2395 4836 dicit
2420 4780 2563 4848 quod
2581 4788 2830 4850 oporteat
2855 4792 2950 4834 eos
2969 4777 3167 4834 habere
3182 4777 3474 4847 judicium,

1896 4874 2001 4929 hoc
2026 4883 2130 4939 est,
2149 4872 2354 4941 justum
2379 4870 2668 4941 judicium.
2705 4869 2771 4924 Et
2795 4871 2919 4940 quia
2949 4879 3356 4939 contemptores
3381 4870 3478 4925 Dei

1898 4976 2073 5030 erant,
2112 4975 2315 5021 temere
2353 4978 2508 5020 sacra
2536 4978 2701 5034 opera
2751 4971 3073 5030 tractantes,
3109 4964 3310 5018 idcirco
3338 4978 3478 5031 pra:-

1900 5058 2033 5127 cipit
2063 5056 2142 5112 eis
2174 5066 2232 5111 ut
2261 5057 2584 5113 charitatem
2622 5056 2713 5111 Dei
2741 5055 2993 5111 habeant.
3024 5054 3160 5112 Nam
3183 5056 3274 5125 qui
3308 5055 3481 5126 diligit

1900 5149 2093 5213 Deum,
2127 5163 2235 5205 non
2281 5148 2632 5218 contemptim
2676 5146 2808 5203 facit
2844 5162 3006 5217 opera
3038 5146 3175 5217 ejus.
3211 5144 3481 5203 Fortassis

1901 5250 2102 5307 autem,
2134 5252 2193 5297 ut
2222 5241 2352 5296 mihi
2376 5241 2613 5302 videtur,
2639 5238 2899 5310 quoniam
2928 5239 3045 5293 dua:
3076 5246 3202 5292 sunt
3234 5237 3482 5293 dilectio-

1896 5335 1983 5389 nis
2009 5333 2240 5403 species,
2263 5348 2369 5387 una
2404 5348 2531 5404 erga
2565 5332 2756 5396 Deum,
2788 5331 2957 5387 altera
2989 5346 3117 5402 erga
3150 5332 3479 5401 proximum,

201 5417 268 5472 οὐ
310 5418 798 5490 καταφρονητικῶς
848 5419 1062 5490 μέτεισι
1110 5417 1182 5471 τὰ
1214 5418 1355 5491 ἔργα
1401 5419 1587 5475 αὑτοῦ.
1634 5421 1788 5492 Τάχα

1899 5427 2033 5483 duas
2066 5424 2185 5480 illas
2216 5424 2476 5480 insinuat.
2510 5423 2751 5481 Dicendo
2775 5423 2922 5479 enim
2946 5422 3238 5493 judicium,
3275 5423 3483 5478 indicat

201 5508 264 5565 δέ
288 5526 384 5581 μοι
399 5510 566 5579 δοκεῖ,
586 5512 776 5584 ἐπειδὴ
802 5511 896 5565 δύο
924 5511 1040 5583 εῖδη
1067 5510 1171 5582 τῆς
1192 5512 1439 5585 ἀγάπης,
1468 5515 1530 5567 τό
1560 5531 1622 5568 τι
1652 5517 1788 5587 πρὸς

1900 5517 2245 5573 dilectionem
2283 5530 2413 5586 erga
2467 5515 2794 5586 proximum.
2844 5514 3005 5573 Juste
3056 5517 3202 5573 enim
3239 5517 3484 5587 judicare

1167 5632 1265 5693 Ex
1304 5630 1651 5694 collatione
1684 5632 1873 5696 codd.
1924 5635 2159 5695 Venet.
2195 5634 2257 5694 S.
2302 5633 2523 5697 Marci.

278 5731 386 5806 (ιη
414 5729 575 5806 ϐοά.Δ
598 5729 692 5806 26,
736 5730 833 5806 τοῦ
885 5731 1211 5806 ὲλεουμένου
1264 5732 1407 5806 (πῶς
1448 5734 1553 5806 γάρ
1578 5736 1607 5806 ό
1635 5733 1801 5789 ἐλεῶν
1911 5734 2081 5790 ἐλεῶν
2107 5734 2329 5805 ἀληθῶς
2347 5776 2362 5801 ,
2392 5737 2492 5806 οὐχ
2519 5735 2757 5805 ἁρπάσει
2778 5734 2969 5806 τὰίτοῦ
2992 5734 3332 5804 ὲλεουμένου.
3362 5734 3483 5798 Γῖῶς

203 5799 426 5873 ἀληθῶς
447 5802 492 5872 ;)
525 5801 585 5857 ού
621 5802 901 5875 φθονήσει,
931 5820 989 5862 κ.
1011 5799 1066 5858 τ.
1100 5803 1150 5859 λ.
1192 5799 1424 5862 -Ὁοιῂ
1457 5799 1548 5873 52,
1592 5805 1650 5860 '0
1677 5808 1790 5876 γὰρ
1897 5806 2008 5878 γὰρ
2033 5808 2062 5861 ὁ
2084 5799 2255 5863 ἐλεῶν
2280 5799 2500 5878 ἀληθῶς
2529 5799 2785 5878 φθονήσει
2808 5805 2886 5878 τῷ
2910 5799 3247 5876 ὲλεουμένῳ;
3277 5821 3334 5858 κ.
3353 5823 3403 5859 τ.
3434 5824 3481 5859 Α.
