3896 6452
183 413 283 475 επ

857 416 1297 476 ENARRAT-IO
1337 417 1409 476 IN
1447 413 1937 475 EVAN‘GELIUM
1981 414 2212 474 LUC.‘E.
2255 441 2320 453 -ο
2352 415 2509 476 CAP.
2553 419 2692 476 ΧΠ.

3319 418 3424 482 878

181 524 330 574 πᾶσα
353 520 664 591 ὑπόκρισις,
690 522 817 576 ἄλλο
846 524 943 592 μὲν
967 523 1333 594 πλαττομένη,
1357 523 1484 578 ἄλλο
1505 523 1559 575 δὲ
1597 516 1750 574 οὖσα.

1868 520 1980 574 ιίθιιι
1999 530 2104 589 est,
2125 532 2176 576 et
2197 523 2338 578 aliud
2365 526 2533 595 ﬁngit.
2553 523 2804 578 Pharisaei
2825 524 3026 594 itaque,
3048 526 3240 597 inquit,
3260 527 3427 584 latere

179 613 240 664 Ol
273 610 372 680 μὲν
404 610 496 663 οὖν
526 613 832 680 Φαρισαῖοι,
865 616 1048 685 φησὶν,
1097 616 1300 668 οἴονται
1347 613 1628 667 λανθάνειν
1657 613 1751 665 διὰ

175 703 271 771 τῆς
302 703 663 774 ὑποκρίσεως,
690 705 748 756 το
779 705 1113 776 χρηστόηοες
1144 707 1324 770 αὐτοῖς
1363 706 1754 779 περιποιούμε-

174 810 274 846 νοι.
314 793 459 864 Πλὴν
502 794 654 846 οὐδὲν
690 797 1208 866 συγκεκαλυμμένον
1241 799 1388 850 ἐστὶν
1431 798 1458 852 ὃ
1489 798 1588 851 οὐκ
1616 798 1754 850 ἁπο-

175 883 604 955 καλυφθὴσεται.
655 887 838 940 Πάντα
869 887 976 958 γὰρ
1012 889 1108 942 καὶ
1152 890 1372 958 ῥήματα
1403 891 1495 942 καὶ
1541 889 1754 959 διανοή-

176 993 326 1046 ματα
358 977 542 1047 γυμνὰ
575 979 1120 1049 παραστήσονταιτῴ
1155 979 1453 1050 τελευταίῳ
1485 980 1584 1050 μὲν
1617 979 1755 1032 πάν-

172 1083 281 1128 τως
303 1069 591 1139 κριτηρίῳ,
622 1070 760 1139 πλὴν
791 1075 893 1122 κήν
923 1071 1002 1136 τῷ
1037 1072 1262 1142 παρόντι
1291 1071 1390 1142 βίῳ
1423 1071 1594 1126 πολλὰ
1645 1071 1754 1124 τῶν

173 1160 568 1230 κρυπτομένων
600 1161 942 1230 γυμνοῦσθαι
979 1163 1153 1230 φιλεῖ·
1204 1163 1305 1216 ὅσα
1343 1162 1436 1215 οὖν
1465 1164 1655 1217 εἴπατε
1698 1164 1754 1216 ἐν

171 1251 241 1318 τῇ
298 1249 489 1319 σκοτίᾳ
523 1252 616 1303 καὶ
661 1252 718 1303 ἐν
752 1255 862 1315 τοῖς
910 1252 1178 1322 ταμείοις,
1216 1254 1312 1305 καὶ
1336 1253 1580 1323 κρυφίως
1630 1253 1753 1306 ἐλα-

173 1339 402 1408 λήσατε,
429 1341 835 1411 κηρυχθήσεται
869 1343 963 1394 ἐπὶ
993 1342 1072 1413 τῷ
1099 1346 1240 1412 φωτὶ
1268 1344 1357 1397 καὶ
1389 1344 1481 1397 ἐπὶ
1519 1344 1625 1398 τῶν
1654 1344 1754 1396 δω-

176 1432 385 1500 μάτων.
421 1431 607 1484 Ταῦτα
633 1432 688 1486 δὲ
730 1433 980 1501 φαίνεται
1029 1436 1128 1504 μὲν
1166 1435 1304 1505 πρὸς
1343 1435 1468 1498 τοὺς
1503 1434 1752 1504 μαθητὰς

172 1521 374 1592 λέγων,
413 1525 548 1594 πρὸς
603 1523 659 1576 δὲ
694 1527 818 1588 τοὺς
855 1526 1188 1598 Φαρισαίους
1236 1526 1606 1589 ἀποτείνεται,
1656 1527 1755 1589 τὰς

173 1613 360 1668 αύτῶν
392 1615 685 1677 ἐπιϐουλὰς
726 1617 1117 1686 αἰνιττόμενος,
1145 1618 1240 1672 καὶ
1275 1618 1558 1689 μονονουχὶ
1595 1616 1754 1670 τοῦτο

173 1706 354 1768 δηλῶν
392 1707 599 1770 αὐτοῖς,
633 1706 733 1760 κᾶν
774 1709 903 1778 δοκῇ
941 1709 1076 1778 πρὸς
1127 1711 1254 1774 τοὺς
1301 1709 1549 1779 μαθητὰς
1578 1709 1754 1762 ταῦτα

175 1795 383 1865 λέγειν.
418 1797 564 1862 Ὅτι,
615 1791 659 1852 ὦ
692 1800 998 1869 Φαρισαῖοι,
1037 1800 1136 1852 ὃσα
1175 1800 1231 1853 ὲν
1260 1803 1325 1870 τῇ
1361 1801 1570 1871 σκοτίᾳ,
1603 1817 1756 1853 τουτ-

177 1888 332 1940 έστιν
360 1889 416 1939 ὲν
443 1892 561 1952 ταῖς
587 1892 887 1953 σκοτειναῖς
919 1889 1071 1958 ὑμῶν
1092 1891 1364 1959 καρδίαις,
1388 1891 1754 1960 ὲμελετὴσατε

179 1975 510 2044 παγιδεῦσαί
558 1995 625 2048 με
655 1977 920 2041 θέλοντες,
949 1979 1006 2031 ὲν
1035 1978 1112 2047 τῷ
1177 1979 1318 2046 φωτὶ
1357 1978 1758 2048 ἀκουσθήσεται

1860 627 1918 666 se
1956 623 2148 677 putant
2194 629 2290 683 per
2336 614 2671 684 hypocrisin,
2699 617 2876 668 bonos
2924 630 3101 672 mores
3142 615 3243 671 sibi
3271 615 3416 671 ellin-

1859 717 2068 774 gcntes.
2104 706 2266 776 Atqui
2325 706 2458 761 nihil
2506 706 2776 761 occultum
2819 716 2923 772 est,
2952 709 3094 777 quod
3130 722 3235 762 non
3275 721 3430 762 reve-

1861 795 2081 850 labitur.
2113 796 2303 852 Omnia
2354 799 2497 853 enim
2532 807 2585 853 et
2614 798 2777 852 verba
2805 808 2860 854 ct
2887 801 3242 869 cogitationes
3273 804 3430 856 nuda:

1860 896 1985 941 ante
2010 887 2276 955 judicium
2302 889 2522 943 omnino
2545 889 2762 956 quidem
2781 889 2833 944 in
2854 891 3212 958 supremoillo
3228 892 3312 947 die
3335 908 3430 962 ap-

1862 981 2131 1050 parebunt
2166 981 2335 1051 :qnin
2373 992 2426 1036 et
2467 983 2520 1036 in
2574 981 2828 1051 praesenti
2872 983 2978 1036 vita
3021 985 3188 1038 multa
3236 999 3428 1040 eorum

1860 1088 1980 1142 qua:
2022 1074 2386 1139 occultantur,
2435 1075 2776 1130 manilestari
2847 1075 3046 1131 solent.
3083 1077 3433 1146 Quaecunque

1862 1167 2025 1235 igitur
2085 1167 2137 1221 in
2207 1169 2450 1224 tenebris
2491 1167 2728 1235 dixistis,
2778 1179 2832 1224 et
2877 1170 2930 1222 in
2954 1169 3341 1240 promptuariis
3381 1179 3434 1222 et

1860 1257 2074 1312 occulte
2124 1258 2290 1313 locuti
2330 1262 2481 1322 estis,
2550 1261 2986 1329 praadicabuntnr
3035 1261 3085 1314 in
3132 1261 3338 1314 lumine
3380 1271 3434 1314 et

1863 1349 1916 1402 in
1956 1349 2132 1406 tectis.
2161 1350 2228 1406 Et
2253 1353 2370 1406 haec
2409 1343 2628 1421 quidem
2660 1353 2885 1407 videtur
2914 1352 2979 1406 ad
3007 1352 3303 1422 discipulos
3355 1353 3435 1406 di-

1861 1455 2005 1509 cere,
2053 1443 2144 1498 scd
2212 1447 2277 1498 ad
2336 1439 2640 1500 Pharisacos
2678 1446 2883 1512 dirigit,
2935 1445 3162 1500 insidias
3219 1445 3432 1500 illorum

1862 1534 2146 1589 insinuans
2183 1552 2195 1588 :
2227 1545 2280 1590 et
2310 1537 2463 1606 quasi
2493 1538 2591 1592 hoc
2621 1538 2702 1594 eis
2728 1538 3062 1602 manifestat,
3093 1536 3340 1607 quamvis
3365 1537 3430 1590 ad

1862 1625 2156 1695 discipulos
2204 1627 2452 1683 videatur
2500 1630 2668 1698 loqui.
2715 1630 3003 1697 Quoniam,
3054 1645 3086 1683 o
3146 1628 3429 1692 Pharisaei,

1862 1731 2197 1788 quacunque
2260 1720 2312 1774 in
2376 1720 2634 1784 tenebris,
2718 1721 2818 1776 hoc
2881 1729 2967 1776 est
3011 1722 3065 1776 in
3130 1718 3433 1775 tenebrosis

1862 1809 2061 1864 vestris
2090 1811 2364 1874 cordibus,
2395 1811 2664 1880 cogitatis,
2699 1819 2967 1866 tentantes
3007 1825 3094 1865 me
3115 1809 3429 1878 illaqueare,

1793 1877 1840 1940 Β
1867 1899 1921 1952 in
1974 1898 2093 1952 luce
2145 1899 2437 1953 andientur
2467 1911 2519 1952 ct
2549 1907 2963 1968 cognoscentur.
2996 1899 3106 1969 Ego
3134 1899 3278 1953 enim
3313 1913 3432 1953 sum

1861 1989 1982 2050 lux,
2007 1998 2060 2042 et
2091 2003 2195 2042 non
2231 1988 2459 2056 potestis
2489 2005 2519 2043 a
2552 2005 2636 2044 me
2667 1990 2951 2054 occultari,
2977 1990 3072 2045 sed
3105 1990 3158 2043 in
3196 2005 3315 2045 meo
3343 1989 3433 2043 lu-

1860 2079 2006 2133 mine
2043 2080 2226 2133 omnia
2264 2079 2609 2136 tcncbrarum
2660 2090 2965 2136 vestrarum
3008 2081 3236 2138 consilia
3265 2081 3434 2136 inter-

1860 2181 2176 2226 noscuntur.
2218 2172 2282 2226 Et
2327 2173 2466 2242 quod
2502 2174 2642 2227 inter
2671 2188 2764 2228 vos
2797 2174 2846 2228 in
2878 2189 3037 2229 aures
3088 2172 3433 2238 consultatis,

1860 2257 1936 2311 ita
1969 2258 2099 2312 mihi
2130 2260 2406 2328 cognitum
2437 2270 2600 2316 estet
2627 2261 2894 2328 auditum,
2926 2262 3151 2332 perinde
3183 2277 3247 2317 ac
3271 2275 3436 2331 super

1860 2364 2068 2406 summa
2101 2359 2238 2406 tecta
2274 2352 2623 2420 praedicatum
2661 2352 2870 2408 fuisset.
2898 2352 3109 2409 Poteris
3137 2363 3318 2408 autem
3344 2353 3433 2408 illa

1857 2445 2020 2500 etiam
2050 2444 2132 2499 sic
2163 2444 2480 2514 intelligere,
2514 2444 2656 2514 quod
2687 2445 2778 2499 lux
2828 2445 2900 2499 sit
2945 2443 3318 2516 Evangelium,
3380 2454 3436 2500 et
3506 2467 3536 2486 δ

1861 2546 2001 2592 tecta
2041 2552 2252 2592 summa
2289 2537 2654 2607 apostolorum
2683 2552 2910 2592 summa:
2927 2537 3141 2592 animm.
3169 2535 3436 2604 Qiiaacun-

1861 2642 1964 2697 que
1997 2636 2176 2682 autem
2213 2628 2474 2683 Pharisaei
2523 2627 2923 2693 consultarunt,
2959 2632 3251 2698 praedicata
3307 2638 3434 2685 sunt

178 2068 277 2120 καί
312 2067 719 2136 γνωσθήσεταιο
769 2067 879 2135 ἐγὼ
904 2068 1013 2138 γάρ
1050 2069 1164 2139 ειμι
1192 2068 1251 2121 τὸ
1279 2069 1415 2138 φῶς,
1451 2071 1546 2122 καὶ
1573 2070 1633 2120 ού
1665 2069 1759 2121 δύο

175 2158 349 2211 νασθέ
390 2176 459 2229 με
497 2158 702 2225 λαθεῖν,
741 2159 855 2212 ἀλλ’
905 2161 964 2212 ὲν
1011 2161 1135 2227 ἐμοὶ
1193 2159 1272 2231 τῷ
1303 2161 1442 2230 φωτὶ
1499 2162 1608 2215 πᾶν
1649 2160 1678 2213 ὃ
1722 2162 1754 2231 ἡ

179 2247 430 2318 ὑμετέρα
475 2251 664 2303 σκοτία
717 2249 1050 2320 βουλεύεται,
1091 2250 1530 2318 διαγινώσκεται.
1577 2252 1688 2306 Καὶ
1733 2250 1762 2304 δ

178 2339 324 2408 πρὸς
361 2339 424 2392 τὸ
477 2335 569 2403 οὖς
613 2340 876 2411 ἀλλήλους
933 2339 1446 2406 συνεϐουλεύσασθε,
1501 2341 1764 2395 ἀκουστόν

183 2448 278 2501 μοι
327 2432 550 2499 γέγονεν
582 2432 775 2496 οὕτως,
830 2431 1019 2502 ὥσπερ
1064 2430 1130 2485 ἂν
1165 2432 1212 2483 εἰ
1253 2432 1344 2484 ἐπὶ
1387 2432 1494 2484 τῶν
1541 2432 1761 2502 ὑψηλῶν

179 2521 452 2592 δωμάτων
486 2522 788 2594 ἐκηρύχθη.
837 2522 1025 2576 Ταῦτα
1067 2521 1123 2574 δὲ
1172 2521 1398 2577 δύνασαι
1432 2525 1642 2593 νοῆσαι,
1670 2526 1764 2578 καὶ

182 2614 266 2668 ὃτι
298 2615 413 2682 φῶς
459 2616 557 2685 μέν
587 2618 702 2668 ἐστι
741 2616 802 2668 τὸ
828 2614 1179 2684 Εὑαγγὲλιον,
1204 2613 1295 2667 καὶ
1318 2614 1544 2684 δώματα
1562 2615 1763 2686 ὑψηλὰ,

183 2707 244 2758 αί
295 2707 408 2760 τῶν
443 2707 754 2761 ἀποστόλων
791 2707 996 2778 ὑψηλαὶ
1031 2705 1222 2776 ψυχαί.
1253 2707 1394 2760 ”Οσα
1427 2707 1484 2760 δὲ
1517 2710 1565 2761 oi
1593 2710 1762 2780 Φαρι-

1868 2730 2048 2789 postea
2081 2729 2134 2774 et
2163 2719 2343 2774 audita
2376 2720 2430 2775 in
2465 2719 2667 2776 lumine
2703 2719 3004 2790 Evangelii,
3040 2730 3221 2776 stante
3269 2736 3432 2792 super

187 2799 331 2850 σαῖοι
364 2796 731 2863 ἐϐουλεύοντο,
769 2797 1152 2869 ἐκηρύχθησαν
1183 2796 1430 2867 ὕστερον,
1468 2801 1562 2852 καὶ
1597 2801 1763 2871 ἡκού-

1869 2811 2199 2882 apostolicas
2227 2812 2438 2869 animas
2465 2829 2666 2882 magno
2699 2813 3050 2881 praedicatore
3084 2814 3312 2885 Spiritu.

187 2892 401 2961 σθησαν
465 2894 521 2945 ὲν
583 2891 662 2962 τῷ
697 2891 836 2947 φωτὶ
877 2889 971 2944 τοῦ
1043 2889 1416 2959 Εύαγγελίου,
1467 2892 1707 2952 ἐπὶτῶν
1770 2902 2140 2960 ἀποστολικῶν
2186 2907 2374 2979 ψυχῶν
2421 2908 2710 2980 ἱσταμένου
2766 2907 2859 2962 τοῦ
2905 2909 3141 2979 μεγάλου
3197 2912 3437 2984 κήρυκος

185 2987 284 3042 τοῦ
315 2987 454 3040 Πνεύ
465 3004 656 3056 ματος.

265 3120 286 3153 ι
321 3099 482 3167 Λέγω
511 3099 568 3153 δὲ
594 3098 722 3167 ὑμῖν
748 3099 857 3160 τοῖς
877 3095 1048 3166 φίλοις
1079 3113 1204 3165 μου,
1255 3099 1330 3171 μὴ
1361 3099 1636 3173 φοϐηθῆτε
1661 3104 1763 3158 ἀπὸ

1947 3092 2106 3148 Vsus.
2132 3093 2253 3147 4-7.
2297 3111 2314 3145 ι
2351 3091 2482 3147 Dico
2515 3102 2696 3148 autem
2735 3092 2886 3148 vobis
2933 3094 3124 3150 amicis
3158 3099 3325 3163 meis,
3368 3113 3438 3154 ne

185 3195 299 3248 τῶν
334 3191 763 3246 ἀποκτεινόντων
803 3190 864 3242 τὸ
904 3189 1086 3260 σῶμα,
1145 3191 1239 3242 καὶ
1288 3190 1430 3260 μετὰ
1475 3194 1650 3248 ταῦτα
1691 3196 1768 3268 μὴ

186 3288 425 3359 ἑχόντων
453 3281 834 3355 περισσότερόν
867 3298 922 3335 τι
955 3267 1200 3352 ποιῆσαι.
1247 3282 1534 3351 Ὑποδείξω
1559 3287 1615 3340 δὲ
1639 3267 1768 3358 ὑμῖν

188 3383 316 3435 τίνα
355 3378 652 3448 φοϐηθῆτε.
684 3374 961 3446 Φοϐηθῆτε
1003 3377 1091 3429 τὸν
1140 3376 1278 3446 μετὰ
1318 3377 1376 3430 τὸ
1423 3379 1768 3449 ἀποκτεῖναι,

187 3475 443 3542 ἐξουσίαν
483 3473 674 3544 ἔχοντα
707 3471 962 3540 ἐμϐαλεῖν
991 3472 1070 3534 είς
1092 3469 1191 3541 τὴν
1217 3472 1460 3539 γέενναν.
1493 3473 1601 3527 Ναὶ
1626 3473 1772 3543 λέγω

187 3571 345 3638 υμῖν,
374 3566 558 3621 τοῦτον
583 3563 874 3634 φοϐηθῆτε.
894 3562 1027 3632 Οὐχὶ
1049 3563 1209 3616 πέντε
1234 3563 1490 3632 στρουθία
1509 3564 1770 3620 πωλεῖται

187 3659 476 3731 ἀσσαρίων
509 3657 634 3722 δύος
665 3657 772 3710 Καὶ
801 3653 860 3708 ἓν
904 3653 964 3719 ἐξ
991 3653 1170 3707 αὐτῶν
1201 3653 1302 3708 οὐκ
1345 3654 1490 3708 ἔστιν
1520 3657 1773 3728 ἐπιλελη-

190 3749 395 3822 σμένον
427 3748 656 3802 ἐνώπιον
707 3747 802 3800 τοῦ
855 3745 1010 3810 Θεοῦ,
1045 3744 1183 3800 ἀλλά
1223 3745 1317 3799 καὶ
1355 3747 1409 3798 αί
1437 3747 1621 3817 τρίχες
1671 3747 1772 3815 τῆς

190 3839 441 3909 κεφαλῆς
471 3838 624 3909 ύμῶν
651 3839 820 3891 πᾶσαι
850 3835 1208 3906 ἠρίθμηνται.
1244 3835 1336 3905 Μὴ
1367 3831 1461 3889 οὖν
1492 3836 1769 3905 φοϐεῖσθε,

191 3930 410 3983 πολλῶν
442 3928 737 3998 στρουθίων
769 3927 1075 3997 διαφέρετε.
1113 3944 1130 3978 ›
1169 3925 1390 3998 Ἐπειδὴ
1411 3927 1511 3996 τῆς
1546 3927 1774 3996 ύποκρί·

194 4039 339 4086 σεως
385 4021 494 4074 τῶν
538 4018 845 4088 Φαρισαίων
899 4018 1277 4089 κατηγόρησεν
1321 4020 1350 4071 ὀ
1402 4017 1628 4088 Κύριος,
1682 4019 1774 4071 καὶ

192 4115 503 4185 ἀπέστησεν
555 4113 725 4182 αὐτῆς
762 4111 887 4174 τοὺς
932 4109 1094 4163 αὑτοῦ
1143 4111 1412 4182 μαθητὰς,
1450 4111 1544 4163 καὶ
1580 4112 1639 4164 ὲν
1695 4111 1774 4182 τῷ

1874 3184 2182 3237 terreamini
2205 3183 2369 3254 366
2390 3183 2565 3239 abhis
2593 3183 2685 3254 qui
2714 3185 2968 3239 occidunt
2994 3201 3214 3257 corpus,
3236 3196 3289 3242 et
3314 3199 3438 3258 post

1873 3273 1986 3329 haec
2013 3289 2117 3328 non
2151 3275 2368 3339 habent,
2397 3275 2540 3345 quod
2587 3274 2817 3344 amplius
2879 3274 3098 3332 faciant.
3145 3277 3436 3334 Ostendam

1867 3374 2055 3420 autem
2088 3365 2242 3420 vobis
2272 3380 2434 3434 quem
2470 3365 2726 3420 timeatis.
2759 3365 2967 3422 Timete
2997 3383 3118 3424 eum
3146 3371 3238 3440 qui
3271 3378 3440 3440 post-

1875 3470 2034 3526 quam
2081 3455 2363 3522 occiderit,
2421 3455 2585 3512 habet
2638 3465 2956 3526 potestatem
3001 3459 3319 3529 conjiciendi
3385 3461 3437 3516 it:

1875 3548 2196 3618 gehennam.
2247 3547 2406 3604 Certe
2439 3548 2562 3603 dico
2595 3549 2768 3616 vobis,
2800 3550 2942 3607 hunc
2993 3552 3200 3608 timete.
3249 3552 3442 3610 Nonne

1875 3640 2114 3710 quinque
2161 3639 2459 3710 passerculi
2517 3650 2755 3696 veneunt
2813 3642 3033 3698 minutis
3064 3645 3279 3699 assibus
3311 3644 3443 3698 duu-

1876 3731 2010 3786 bus?
2049 3739 2102 3785 et
2143 3747 2282 3786 unus
2327 3746 2391 3786 ex
2427 3731 2531 3785 illis
2563 3745 2668 3785 non
2699 3741 2785 3786 est
2829 3733 2885 3786 in
2935 3732 3205 3788 oblivione
3255 3749 3438 3788 coram

1879 3824 2009 3878 Deo.
2043 3822 2184 3888 Quin
2210 3833 2263 3876 et
2291 3823 2468 3892 capilli
2516 3821 2708 3890 capitis
2746 3823 2910 3877 vestri
2957 3836 3146 3878 omnes
3175 3822 3442 3877 numerati

1878 3925 2008 3973 sunt
2038 3933 2051 3968 :
2089 3916 2254 3971 nolite
2282 3930 2410 3986 ergo
2441 3914 2635 3969 timere
2667 3932 2681 3968 :
2709 3915 2890 3968 multis
2922 3915 3238 3982 passeribus
3271 3915 3444 3984 pluris

1877 4008 2033 4064 eStis.
2066 4027 2084 4060 ι
2112 4007 2406 4078 Postquam
2435 4006 2691 4062 Dominus
2718 4007 3023 4083 hypocrisin
3049 4006 3443 4062 Pharisaeorum

1879 4094 2176 4161 accusavit,
2217 4103 2270 4150 et
2295 4094 2592 4165 discipulos
2613 4109 2741 4150 suos
2768 4093 2940 4148 abilla
2955 4095 3235 4162 deterruit,
3282 4095 3443 4153 etin-

197 4210 356 4282 μέσῳ
383 4183 456 4262 δὲ’
476 4209 635 4263 πάλιν
660 4208 784 4270 τοὺς
821 4205 1147 4276 Φαρισαίους
1181 4205 1412 4277 ἔπληττε
1445 4204 1534 4259 διὰ
1563 4206 1667 4282 τοῦ,
1688 4206 1763 4259 λέ-

1879 4187 2035 4240 terim
2053 4183 2355 4241 Pharisaeos
2385 4186 2582 4241 iterum
2604 4185 2915 4255 perstrinxit
2937 4201 3034 4254 per
3050 4185 3154 4240 hoc
3183 4187 3327 4256 quod
3363 4186 3448 4241 di-

194 4274 354 4372 Ῑγεινί
387 4319 405 4352 ι
435 4301 500 4353 Ὃ
515 4300 708 4354 εἴπατε
741 4299 798 4350 ὲν
835 4274 916 4370 τῇῖ
937 4299 1150 4370 σκοτίᾳ,
1182 4274 1581 4369 ἀκουσθήσεται
1606 4281 1668 4350 ὲν
1697 4296 1763 4368 τῷ

1879 4276 1990 4330 xit:
2018 4294 2036 4328 ι
2066 4275 2216 4343 Quod
2235 4275 2448 4330 dixistis
2464 4274 2518 4329 in
2541 4276 2797 4341 tenebris,
2817 4276 3064 4336 audietur
3080 4275 3132 4330 in
3153 4275 3353 4332 lumine
3377 4292 3394 4332 :
3420 4292 3445 4331 ι

198 4369 363 4462 φωτὶ,
404 4410 423 4445 ι
455 4391 550 4445 νῦν
582 4391 714 4463 πρὸς
761 4369 897 4454 τοὺς
941 4390 1127 4460 φίλους
1164 4389 1330 4444 αὑτοῦ
1363 4390 1431 4443 τὰ
1464 4389 1763 4461 τελειότερα

1882 4385 2025 4426 nunc
2084 4371 2151 4424 ad
2206 4370 2408 4425 amicos
2468 4384 2596 4424 suos
2652 4370 2972 4438 pertectiora
3037 4369 3294 4440 loquitur.
3345 4369 3452 4428 Ubi

197 4447 529 4553 διαλέγεται.
567 4447 840 4555 Τάςνγὰρ
867 4447 1120 4546 ⁷ἀκίάνθας
1159 4482 1359 4548 ἐξελὼν
1397 4482 1520 4556 ἤδη,
1561 4447 1763 4552 σπείρει

1879 4463 2026 4517 enim
2051 4463 2236 4532 spinas
2263 4461 2528 4528 exsecuit,
2547 4462 2730 4532 jamet
2756 4463 2956 4518 bonum
2986 4477 3172 4518 semen
3193 4463 3448 4519 seminat.

199 4577 266 4629 το
298 4575 502 4644 ἀγαθὸν
544 4575 788 4648 σπέρμα.
825 4575 982 4644 Λέγω
1011 4575 1069 4629 δὲ
1102 4575 1232 4645 ὑμῖν
1269 4576 1378 4637 τοῖς
1423 4574 1599 4642 φίλοις
1640 4591 1741 4643 μου

1879 4555 2008 4610 Dico
2042 4565 2222 4610 autem
2261 4555 2414 4610 vobis
2439 4555 2630 4610 amicis
2657 4555 2813 4610 meis.
2847 4555 2924 4609 Ea
2953 4555 3100 4608 enim
3137 4570 3257 4624 quae
3295 4556 3446 4624 prius

201 4668 276 4722 τὰ
321 4669 430 4739 γὰρ
471 4646 738 4739 πρότερον
789 4667 1057 4738 λεγόμενα
1105 4667 1164 4720 ού
1212 4666 1347 4737 πρὸς
1375 4666 1572 4728 αὐτοὺς
1619 4660 1758 4736 ἦσαν

1881 4647 2112 4712 dixerat,
2138 4662 2243 4702 non
2257 4648 2324 4701 ad
2347 4647 2512 4716 ipsos,
2535 4648 2628 4702 sed
2647 4648 2714 4700 ad
2735 4646 3038 4701 Pharisaeos
3054 4646 3196 4701 dicta
3216 4647 3450 4704 fuerant.

203 4759 346 4814 ἀλλὰ
368 4735 659 4827 ’τοὺς
682 4735 1034 4830 Φαρισαίουςθ
1068 4758 1196 4827 ὑμῖν
1228 4735 1322 4810 οὖν
1368 4755 1513 4822 λέγω
1550 4735 1662 4817 τοῖς
1694 4755 1763 4824 φίι

1871 4739 2050 4802 ,V’obis
2079 4739 2242 4811 igitur
2273 4738 2400 4793 dico
2451 4737 2640 4794 amicis
2689 4738 2846 4793 meis.
2883 4735 2996 4792 Non
3027 4737 3173 4791 enim
3202 4736 3452 4794 onmibus

205 4852 322 4912 λοις
352 4867 472 4920 μου·
499 4852 559 4904 ού
591 4854 723 4905 πᾶσι
754 4854 862 4922 γὰρ
887 4848 1117 4922 ἁρμόζει
1147 4852 1176 4903 ὁ
1199 4849 1354 4917 λόγος
1385 4841 1561 4912 οὗτος,
1592 4846 1706 4900 ἀλλ’
1733 4864 1761 4899 ο

1885 4846 2064 4889 sermo
2082 4833 2171 4888 ille
2185 4832 2459 4902 congruit,
2476 4833 2567 4886 sed
2591 4831 2674 4886 his
2689 4832 2779 4901 qui
2797 4847 2862 4888 ex
2881 4839 2993 4886 toto
3014 4832 3180 4887 corde
3199 4832 3432 4899 diligunt

205 4941 268 5006 ἐξ
296 4919 426 5010 ὅλης
448 4941 626 5012 ψυχῆς
650 4919 948 5011 ἠγάπησαν
966 4919 1158 5000 αὐτὸν,
1193 4940 1286 4992 καὶ
1323 4938 1373 4992 οἳ
1418 4937 1670 4991 δύνανται
1694 4937 1763 4991 is

1884 4935 1938 4979 et
1969 4924 2152 4979 dicere
2181 4933 2402 4993 possunt
2436 4939 2451 4976 :
2484 4922 2615 4988 Quis
2645 4938 2742 4978 nos
2767 4922 3038 4992 separabit
3086 4937 3114 4976 a
3164 4919 3454 4975 dilectione

206 5048 362 5102 γεινο
395 5032 488 5093 Τίς
518 5011 662 5101 ἡμᾶς
701 5032 926 5103 χωρίσει
953 5031 1062 5085 ἀπὸ
1101 5031 1199 5100 τῆς
1226 5030 1447 5100 ἀγάπης
1479 5027 1576 5082 τοῦ
1611 5027 1746 5081 Θεοῦ

1885 5015 2088 5071 Christi
2111 5015 2201 5069 “?
2228 5015 2449 5070 Talibus
2477 5015 2619 5069 enim
2650 5012 2944 5068 admonitio
2966 5015 3053 5067 illa
3081 5016 3352 5070 cenvenit.
3377 5011 3455 5068 Ne

210 5124 342 5186 Τοῖς
367 5122 623 5183 τοιούτοις
651 5123 884 5194 ἁρμόζει
921 5121 1061 5192 αὕτη
1104 5124 1138 5192 η
1169 5123 1513 5192 παραίνεσις.
1552 5119 1644 5191 Μὴ
1689 5136 1788 5188 φοι

211 5215 441 5287 ϐηθῆτε,
470 5213 656 5284 φησὶν,
680 5214 789 5267 ἀπὸ
815 5213 924 5268 τῶν
953 5213 1385 5266 ἀποκτεινόντων
1414 5211 1472 5264 τὸ
1495 5211 1676 5282 σῶμα,
1695 5213 1791 5265 καὶ

216 5307 391 5380 μηδὲν
417 5306 608 5362 τούτου
646 5305 808 5361 πλέον
841 5305 1098 5376 βλάπτειν
1132 5305 1384 5375 ἑχόντων.
1427 5303 1519 5364 Et;
1547 5303 1656 5374 γὰρ
1700 5319 1790 5372 μι-

210 5399 350 5471 κρὸν
371 5401 404 5468 ή
429 5399 520 5452 ἀπ’
544 5397 722 5454 αὐτῶν
739 5397 911 5468 ζημία
933 5395 1304 5469 περιίσταται,
1335 5395 1494 5464 σῶμα
1517 5392 1782 5463 βλαπτόν-

213 5509 349 5556 των,
376 5490 406 5543 ὃ
433 5489 491 5544 τὸ
521 5492 718 5545 οἰκεῖον
753 5489 1019 5554 πείσεται,
1056 5489 1158 5542 κᾶν
1185 5488 1339 5542 αὐτοὶ
1379 5485 1454 5558 μὴ
1489 5485 1763 5557 βλάψωσιν

1891 5486 2069 5532 autem
2109 5476 2302 5546 dignus
2341 5475 2431 5544 qui
2476 5475 2752 5540 timeatur,
2782 5472 2874 5545 qui
2909 5488 3016 5529 non
3057 5475 3232 5528 solum
3261 5486 3459 5542 corpus

227 5583 472 5636 Ἐκεῖνον
495 5582 552 5636 δὲ
573 5581 722 5647 ἀξιον
743 5581 1021 5650 φοϐεῖσθαι
1053 5580 1145 5632 τὸν
1169 5580 1230 5633 ού
1264 5579 1423 5650 μόνον
1452 5577 1612 5649 σῶμα
1637 5576 1763 5632 κολά

1892 5568 2068 5639 punit,
2081 5568 2174 5624 sed
2191 5575 2247 5622 et
2261 5566 2516 5632 animam,
2533 5567 2896 5623 immortalem
2915 5566 3332 5639 possessionem,
3355 5563 3458 5618 im-

215 5676 404 5740 ζοντα,
429 5673 565 5727 ἀλλὰ
586 5675 674 5728 καὶ
701 5672 900 5744 ψυχὴν,
921 5672 980 5726 τὸ
1006 5671 1269 5726 ἀθάνατον
1293 5673 1396 5741 χρῆ
1407 5687 1482 5740 μα
1506 5669 1763 5724 ἀθανάτοι

1868 5689 1870 5695 ›
1896 5659 2207 5715 mortalibus
2237 5658 2453 5729 subjicit
2482 5661 2680 5729 pinnis,
2703 5661 2879 5732 iisque
2913 5660 3246 5717 ardentibus.
3274 5656 3462 5727 Itaque

1891 5107 2148 5174 timeatis,
2183 5107 2377 5177 inquit,
2417 5108 2484 5162 ab
2537 5106 2621 5160 his
2677 5105 2769 5174 qui
2837 5105 3094 5159 occidunt
3153 5120 3373 5176 corpus,
3400 5117 3455 5162 et

1890 5199 2021 5254 nihil
2064 5199 2295 5270 amplius
2345 5213 2540 5254 nocere
2579 5205 2827 5267 possunt.
2855 5195 3086 5251 Parvum
3119 5197 3265 5253 etaim
3300 5200 3454 5251 dam-

1891 5307 2016 5346 num
2045 5295 2125 5366 ab.
2141 5291 2246 5347 illis
2270 5291 2506 5354 eveniat,
2533 5291 2622 5360 qui
2657 5291 2869 5360 corpori
2902 5298 3122 5356 nocent,
3149 5289 3292 5360 quod
3323 5289 3455 5345 alio-

1890 5385 1979 5454 qui
2008 5398 2295 5454 passurum
2328 5393 2495 5446 esset,
2530 5383 2693 5438 etiam
2725 5381 2829 5437 illis
2855 5396 2964 5437 non
2993 5381 3334 5437 laedentibus.
3365 5379 3460 5436 llle

292 5856 335 5886 "
365 5853 520 5908 Rom.
559 5869 673 5917 vut,
699 5853 788 5906 55.
