3896 6452
459 297 566 359 883

1379 289 1955 355 TIIEOPl-I-YLACTI
2004 289 2417 357 BULGARIE
2451 297 2808 360 ARCHIEP.
3560 305 3641 368 εει

461 411 763 489 pbeutanti,
814 410 1024 481 absque
1052 404 1370 479 paenitentia
1402 412 1685 476 peccatum
1719 417 1823 458 non
1859 401 2044 459 remit-

2154 401 2386 475 μεγίστη
2419 394 2828 477 λογισθήσεται.
2878 406 3050 462 Ὅταν
3082 407 3135 461 δὲ
3168 408 3513 480 προσφέρωσιν
3534 414 3645 484 ὑμᾶς

463 518 642 563 tetur:
708 509 987 574 peccatum
1042 499 1185 555 enim
1233 495 1529 552 maximum
1594 495 1846 551 habetur.
1906 493 2041 551 Cum

463 607 641 654 autem
681 593 1005 650 adduxerim
1033 605 1128 646 vos
1152 591 1220 645 ad
1257 589 1611 665 magistratus
1639 597 1691 643 et
1724 593 2038 656 potestates,

461 700 568 743 etc.
604 687 740 755 Quia
771 687 1060 742 infirmitas
1100 690 1289 743 nostra
1328 680 1526 749 duplex
1563 689 1666 744 est,
1708 688 1764 734 et
1788 678 1874 735 vel
1916 693 2044 750 pro-

462 789 582 850 pter
641 781 891 833 timorem
943 790 1227 846 poenarum
1274 770 1510 842 fugimus
1565 771 1905 842 martyrium,
1959 771 2042 826 vel

467 880 681 941 propter
714 869 1140 939 simplicitatem.
1171 882 1237 924 co
1274 866 1419 936 quod
1453 881 1558 921 non
1598 879 1883 934 possumus
1923 864 2043 919 red-

464 965 592 1019 dere
639 964 904 1019 rationem
958 971 1155 1017 nostra:
1196 960 1363 1015 ﬁdei:
1409 957 1620 1015 sanavit
1655 956 1871 1026 quidem
1927 972 2041 1011 me-

466 1067 577 1109 tum
616 1054 706 1125 qui
750 1068 814 1108 es
870 1053 1068 1123 pmnis,
1096 1051 1219 1122 quia
1253 1050 1430 1105 dixit:
1491 1047 1567 1104 Ne
1616 1048 1851 1104 timeatis
1884 1063 1977 1103 eos
2010 1063 2041 1103 a

464 1147 660 1217 quibus
687 1144 953 1200 occiditur
977 1158 1192 1213 c0rpus.
1220 1143 1388 1198 Sanat
1415 1155 1629 1211 quoque
1655 1155 1798 1196 nunc
1838 1148 2042 1194 metum

466 1236 555 1304 qui
586 1251 655 1291 ex
687 1234 1066 1305 simplicitate;
1101 1248 1222 1287 nam
1251 1231 1501 1302 quoniam
1536 1246 1643 1286 non
1694 1229 1849 1285 multi
1899 1230 2044 1298 sapi-

468 1337 623 1382 entes
672 1327 967 1383 secundum
1009 1339 1229 1380 carnem
1281 1324 1667 1388 crediderunt,
1715 1323 1809 1378 sed
1862 1324 2045 1393 plures

468 1420 631 1477 laici:
663 1418 741 1474 Ne
781 1421 993 1488 timeas,
1030 1418 1226 1489 inquit,
1252 1418 1344 1487 qui
1397 1417 1623 1488 simplex
1660 1432 1742 1483 es,
1788 1425 1841 1471 et
1889 1432 2045 1487 agre-

468 1513 570 1568 stis
611 1528 677 1569 ac
732 1513 920 1578 idiota,
979 1526 1156 1580 neque
1207 1509 1472 1567 sollicitus
1515 1508 1593 1564 sis
1641 1509 1913 1579 quomodo
1961 1508 2042 1563 vel

470 1605 597 1675 quid
626 1603 951 1675 restiondeas
987 1615 1236 1675 tyranno,
1277 1618 1397 1657 cum
1435 1602 1803 1673 iuterrogattts
1849 1602 2038 1666 fueris‘,

466 1697 552 1752 vel
584 1697 710 1768 quid
742 1697 924 1755 dicas:
961 1696 1098 1752 alius
1122 1696 1474 1753 concionandi
1505 1694 1695 1750 modus
1745 1696 1865 1750 erit.
1918 1693 2042 1763 Spi-

2156 492 2251 547 ὲπὶ
2297 494 2396 560 τὰς
2435 497 2611 569 ἀρχὰς
2669 500 2764 554 καὶ
2814 497 2915 560 τὰς
2971 497 3237 564 ἐξουσίας,
3276 500 3378 559 ,καὶ
3434 501 3496 554 τὰ
3530 504 3643 574 ἑξῆς,

2168 586 2390 660 Ἐπειδὴ
2421 590 2454 659 ἡ
2492 590 2751 645 ἀσθένεια
2810 590 2970 662 ἡμῶν
3024 590 3196 662 διττὴ.
3245 591 3336 644 καὶ
3363 593 3494 663 ἢδιὰ
3519 597 3643 663 φόϐον

2159 678 2437 735 κολάσεων
2464 682 2857 752 ἀποφεύγομεν
2903 683 2967 736 τὸ
3020 683 3389 753 μαρτύριον,ἢ
3422 684 3479 738 δι’
3503 686 3651 757 ἀγροι-

2158 769 2305 834 κίαν,
2335 772 2427 825 καὶ
2454 772 2515 826 τὸ
2554 773 2916 844 μὴδύνασθαι
2946 773 3133 827 δοῦναι
3163 774 3435 843 λόγον-τῆς
3482 777 3530 828 ἐν
3550 779 3648 845 ἡμῖν

2158 862 2396 927 πίστεως
2418 879 2433 894 ·
2471 866 2658 919 ίὰσατο
2686 865 2788 934 μὲν
2834 866 2924 920 τὸν
2953 866 3046 918 ἐπὶ
3097 867 3218 927 ταῖς
3267 863 3498 918 κολάσεσι
3522 867 3648 935 φόϐον

2157 955 2245 1010 διὰ
2274 957 2369 1010 τοῦ
2403 958 2602 1022 είπεῖν,
2661 958 2754 1026 Μὴ
2795 958 3071 1028 φοϐηθῆτε
3101 957 3207 1012 ἀπὸ
3224 957 3330 1009 τῶν
3368 958 3649 1012 ἀποκτεινόν-

2155 1065 2266 1102 των
2297 1049 2360 1103 τὸ
2402 1050 2582 1120 σῶμα,
2620 1051 2765 1107 litat
2808 1051 2867 1104 δὲ
2917 1050 3015 1104 νῦν
3048 1048 3257 1104 καὶτὸν
3287 1049 3372 1102 ἐπὶ
3412 1051 3472 1118 τῇ
3510 1051 3654 1120 ἀγροι-

2156 1141 2272 1213 κίᾳ.
2310 1142 2462 1197 Ἐπεὶ
2493 1146 2602 1212 γὰρ
2649 1144 2712 1197 οὐ
2752 1144 2939 1198 πολλοὶ
2988 1145 3144 1214 σοφοὶ
3190 1143 3329 1198 κατά
3370 1129 3528 1213 σάρκα
3568 1145 3658 1197 ἐπί-

2157 1251 2407 1302 στευσαν,
2444 1236 2558 1290 ἀλλ’
2581 1239 2633 1292 οἱ
2652 1238 2871 1301 πλείους
2906 1237 3135 1301 ίδιῶται,
3162 1237 3253 1307 Μὴ
3285 1236 3460 1306 φοϐοῦ.
3488 1238 3611 1307 φησὶ,
3636 1241 3658 1290 ὁ

2153 1327 2411 1400 ἄγροικος
2466 1329 2560 1384 καὶ⁸
2602 1328 2842 1401 ἰδιώτης,
2896 1330 3031 1401 μηδὲ
3084 1330 3323 1401 μερίμνα
3379 1327 3485 1393 πῶς
3536 1329 3564 1398 ἢ
3615 1331 3655 1383 τί

2156 1420 2479 1493 ἀπολογήσῃ
2532 1421 2610 1493 τῷ
2662 1424 2915 1493 τυράννῳ
2971 1422 3384 1492 ὶρωτώμενοςῆ
3425 1421 3474 1474 τί
3510 1420 3650 1494 εἴπῃς·

2100 1520 2105 1526 ‘
2155 1505 2314 1559 ἄλλον
2378 1507 2578 1576 τρόπον
2619 1508 2990 1580 δημηγορῶν*
3027 1510 3087 1562 τὸ
3126 1510 3236 1579 γὰρ
3281 1508 3427 1578 ἅγιον
3481 1511 3659 1581 Πνεῦμα

2157 1598 2359 1664 διδάξει
2394 1602 2539 1671 ὑμᾶς
2573 1601 2631 1655 ὲν
2671 1600 2811 1672 αὐτῇ
2848 1604 2915 1673 τῇ
2941 1600 3091 1673 ὥρᾳ,
3112 1601 3149 1656 ἃ.
3201 1601 3281 1655 δεῖ
3312 1603 3489 1658 εἰπεῖν.
3519 1603 3659 1666 Ὥστε,

2154 1692 2241 1757 τίς
2286 1693 2445 1764 χρεία
2496 1693 2593 1748 τοῦ
2646 1695 2981 1765 φροντίζειν,
3032 1693 3149 1762 εῖγε
3203 1694 3259 1747 ὲν
3300 1695 3431 1765 αὐτῇ
3478 1697 3535 1765 τῇ
3571 1693 3661 1765 ὥρᾳ

469 1792 608 1848 ritus
664 1792 809 1846 enim
860 1800 1081 1847 sanctus
1139 1790 1350 1846 docebit
1392 1805 1487 1845 vos
1509 1791 1561 1845 in
1617 1790 1703 1845 illa
1752 1788 1883 1843 liora
1929 1803 2046 1858 qum

2155 1785 2367 1856 μέλλεις
2423 1786 2528 1840 ὑπὸ
2569 1786 2663 1840 τοῦ
2708 1785 3033 1855 Πνεῦματος
3098 1785 3469 1850 διδάσκεσθαις
3530 1783 3660 1849 οὕτως

468 1882 806 1955 36910αυὶ
838 1891 1122 1952 oporteat:
1170 1891 1334 1951 atque
1385 1881 1461 1936 ita
1516 1881 1646 1951 quid
1703 1881 1866 1935 fuerit
1914 1895 2049 1950 opus

470 1970 851 2035 sollicitudine,
901 1970 946 2025 si
976 1970 1191 2038 quidem
1232 1971 1284 2023 in
1316 1970 1405 2023 illa
1468 1970 1599 2024 hora
1631 1970 1881 2039 aSpiritu
1919 1984 2043 2023 san-

471 2067 560 2113 cto
588 2058 861 2115 docendus
892 2058 1035 2113 eris?
1066 2056 1158 2112 Sic
1188 2058 1351 2129 igitur
1379 2068 1608 2128 utroque
1663 2060 1823 2113 modo
1854 2074 1950 2114 nos
1980 2059 2046 2114 ad

474 2149 790 2222 martyrium
827 2148 1043 2210 instruit
1071 2167 1084 2204 :
1115 2158 1269 2204 sanat
1300 2157 1498 2203 metum
1532 2149 1620 2218 qui
1651 2158 1734 2205 est
1762 2164 1825 2205 ex
1857 2163 2048 2219 corpo-

472 2240 572 2295 rali
608 2239 948 2306 infirmitate,
975 2250 1027 2295 et
1060 2240 1148 2309 qui
1179 2256 1243 2296 ex
1275 2241 1650 2310 simplicitate.

549 2334 713 2391 Vsus.
770 2334 957 2389 13-15.
1010 2353 1030 2387 ι
1078 2334 1168 2389 Ait
1215 2342 1393 2389 autem
1425 2334 1472 2389 ei
1512 2334 1730 2404 quidam
1757 2335 1821 2390 tle
1854 2334 2042 2390 turba:

474 2429 752 2498 Magister,
807 2427 893 2482 die
920 2426 1072 2480 fratri
1123 2441 1246 2481 meo
1290 2436 1347 2480 ut
1381 2425 1585 2481 dividat
1627 2442 1837 2482 mecum
1870 2427 2046 2482 btere-

472 2523 719 2577 ditatem.
761 2521 941 2575 Atille
976 2519 1107 2573 dixit
1142 2521 1190 2574 ei
1229 2538 1242 2573 :
1281 2519 1473 2586 Homo,
1510 2520 1632 2589 quis
1656 2533 1742 2575 me
1763 2520 2047 2575 constituit

465 2613 699 2679 judicent
733 2624 824 2667 aut
848 2612 1134 2667 divisorem
1168 2628 1328 2680 super
1353 2627 1447 2667 vos
1472 2613 1495 2666 ?
1517 2611 1768 2683 Dixitque
1794 2614 1861 2668 ad
1884 2613 2037 2669 illos:

474 2704 665 2760 Videte
695 2715 751 2760 et
803 2716 990 2762 cavete
1018 2705 1089 2760 ab
1120 2706 1368 2768 avaritia,
1405 2706 1532 2775 quia
1573 2720 1676 2759 non
1725 2706 1777 2760 in
1805 2704 2048 2760 abunda-

476 2800 548 2855 tia
589 2796 910 2866 cujusquam
950 2798 1054 2852 vita
1085 2798 1203 2867 ejus
1252 2806 1333 2853 cst
1367 2812 1433 2852 ex
1477 2798 1543 2853 iis
1570 2813 1689 2867 quae
1722 2799 1979 2868 possidet.
2020 2816 2040 2851 ι

477 2888 685 2945 Docens
715 2904 814 2945 nos
849 2890 1106 2945 Dominus
1134 2889 1402 2958 quomodo
1426 2898 1674 2959 Oporteat
1700 2897 2047 2944 contemnere

475 2978 812 3049 temporalia,
865 2989 919 3036 et
948 2980 1089 3049 quod
1117 2995 1222 3034 non
1249 2993 1384 3049 opus
1417 2979 1489 3034 sit
1514 2979 1737 3033 multum
1791 2977 2046 3047 occupari

2151 1874 2246 1933 οὖν
2273 1878 2669 1949 ἀμφοτέρωθεν
2702 1880 2783 1942 είς
2823 1877 2885 1931 τὸ
2914 1877 3216 1948 μαρτύριον
3244 1878 3387 1947 ἡμᾶς
3411 1875 3659 1944 ἐπιλείψει,

2150 1970 2241 2023 τόν
2275 1987 2336 2022 τε
2370 1970 2465 2023 ἐπὶ
2494 1971 2559 2040 τῇ
2587 1971 2876 2040 σωματικῇ
2909 1967 3170 2039 ἀσθενείᾳ
3212 1967 3395 2037 φόΰον,
3418 1967 3499 2021 τόν
3521 1985 3569 2020 τε
3588 1967 3657 2019 ἐπὶ

2149 2063 2217 2132 τῇ
2244 2060 2508 2131 ἀγροικίᾳ
2540 2058 2791 2130 ἰώμενος.

2225 2348 2246 2381 ι
2284 2326 2416 2383 Eius
2436 2327 2494 2382 δέ
2527 2345 2611 2392 τις
2634 2327 2782 2398 αὐτῷ
2806 2326 2869 2380 ἐκ
2897 2326 2992 2382 τοῦ
3023 2326 3183 2400 ὄχλου
3204 2342 3221 2359 ⁸
3252 2326 3545 2392 Διδάσκαλε,
3566 2326 3656 2380 eis!

2154 2420 2232 2491 τῷ
2255 2418 2471 2490 ἀδελφῷ
2500 2436 2603 2490 μου
2646 2418 2981 2490 μερίσασθαι
3023 2418 3141 2489 μετ’
3168 2417 3305 2491 ἐμοῦ
3342 2420 3434 2490 τὴν
3458 2420 3663 2489 κληρονο-

2152 2512 2379 2585 μίαν.⁹0
2410 2512 2465 2566 δὲ
2487 2506 2643 2586 εἶπεν
2678 2509 2848 2581 αὐτῷ·
2880 2510 3195 2579 Ἄνθρωπε,
3219 2511 3303 2575 τίς
3335 2527 3399 2580 με
3423 2511 3662 2578 κατέστησε

2150 2605 2413 2675 δικαστὴν
2468 2604 2501 2674 ἢ
2540 2601 2808 2674 μεριστὴν
2848 2602 2933 2673 ἐφ’
2965 2604 3140 2673 ὑμᾶ;;
3197 2599 3332 2658 Εἷπε
3385 2603 3438 2657 δὲ
3461 2602 3576 2673 πρὸς
3592 2603 3664 2655 au-

2147 2695 2295 2761 τούς
2334 2694 2527 2768 Ὁρᾶτε
2579 2695 2673 2749 καὶ
2734 2694 3071 2764 φυλάσσεσθε
3124 2695 3237 2748 ἀπὸ
3265 2695 3361 2764 τῆς
3390 2692 3663 2758 πλεονεξίας,

2148 2788 2232 2842 ὅτι
2264 2789 2365 2841 οὐκ
2398 2789 2456 2841 ὲν
2489 2787 2567 2856 τῷ
2621 2787 2971 2856 περισσεύειν
3001 2787 3108 2839 τινὶ
3147 2788 3183 2856 ἡ
3217 2786 3332 2856 ζωὴ
3360 2786 3511 2841 αὐτοῦ
3557 2789 3664 2838 ἐστιν

2150 2882 2214 2934 ὲκ
2229 2880 2339 2934 τῶν
2359 2878 2714 2950 ὑπαρχόντων
2733 2879 2902 2950 αὐτῷ.
2939 2898 2958 2931 ι
2987 2880 3270 2932 Διδάσκων
3291 2880 3430 2950 ἡμᾶς
3451 2880 3477 2931 ὁ
3492 2878 3663 2947 Κύριος,

2149 2973 2265 3036 πῶς
2292 2974 2373 3027 δεῖ
2413 2974 2779 3045 καταφρονεῖν
2811 2973 2919 3025 τῶν
2960 2972 3260 3041 βιωτικῶν,
3302 2973 3394 3026 καὶ
3419 2972 3493 3024 ὅτι
3523 2970 3573 3023 οὔ
3610 2968 3666 3020 δεῖ

475 3072 527 3131 in
583 3072 833 3136 terrenis,
883 3072 1106 3126 dimittit
1133 3086 1162 3125 a
1200 3086 1259 3126 se
1305 3086 1427 3126 eum
1455 3070 1546 3141 qui
1577 3080 1863 3126 vocaverat
1889 3085 1950 3125 se
1989 3079 2046 3124 ut

2154 3066 2528 3137 περισπᾶσθαι
2564 3064 2695 3136 περὶ
2720 3064 2785 3119 τὰ
2814 3065 2999 3135 γήϊνα,
3021 3064 3411 3134 ἀποπέμπεται
3437 3064 3517 3116 τὸν
3541 3076 3667 3130 προσ-

478 3161 777 3228 partiretur
828 3162 1195 3217 btereditatem
1228 3171 1551 3232 paternam;
1612 3162 1730 3216 ideo
1789 3170 1846 3217 et
1872 3162 2048 3216 dicit:

477 3252 609 3320 Quis
633 3267 721 3307 me
745 3254 1028 3309 constituit
1051 3253 1284 3325 judich
1312 3253 1699 3309 veldlvisorem
1725 3269 1887 3326 super
1917 3252 2052 3308 vos?

476 3346 739 3415 Quoniam
772 3347 916 3401 enim
947 3347 1034 3402 ille
1068 3349 1324 3402 omiserat
1358 3358 1539 3415 petere
1567 3347 1738 3416 utilia,
1763 3359 1818 3404 et
1857 3348 2053 3404 anima

475 3438 633 3491 saluti
703 3438 1060 3503 conferentia,
1119 3439 1172 3492 in
1245 3442 1475 3494 terrenis
1555 3449 1607 3494 et
1666 3439 2051 3510 temporalibus

478 3526 706 3595 negotiis
753 3529 1029 3596 quazrebat
1087 3529 1260 3599 ipsum
1317 3530 1495 3585 facere
1525 3531 1816 3587 divisorem
1852 3550 1865 3587 :
1900 3531 2051 3599 cujus

477 3618 652 3691 gratia
714 3623 871 3691 quasi
928 3621 1327 3691 ob~treperum,
1377 3632 1432 3676 et
1461 3623 1594 3679 nihil
1624 3639 1690 3679 ex
1722 3624 1943 3680 utilibus
1975 3625 2055 3680 di-

475 3723 629 3764 scere
684 3710 974 3774 volentem,
1043 3710 1286 3776 dimittit,
1338 3712 1499 3783 idque
1547 3723 1827 3769 mansuete
1860 3723 2049 3768 etnon

475 3813 693 3857 austere
741 3802 970 3859 faciens.
1007 3804 1171 3859 Docet
1206 3815 1383 3861 autem
1414 3806 1638 3861 omnino
1671 3820 1767 3874 per
1794 3805 1895 3860 hoc
1917 3816 2054 3858 'om-

475 3906 573 3946 nes
597 3899 650 3946 et
679 3892 769 3962 qui
804 3901 931 3947 tunc
954 3900 1009 3947 et
1035 3893 1128 3962 qui
1164 3909 1305 3947 nunc
1339 3894 1585 3960 audiunt,
1615 3893 1795 3949 omnia
1837 3893 2050 3963 quidem

473 3988 686 4034 terrena
742 3980 1079 4051 negligenda,
1126 3991 1177 4037 et
1216 3983 1285 4037 ob
1333 3984 1648 4053 temporalia
1690 3987 1903 4055 negotia
1942 3999 2051 4039 non

472 4072 907 4127 contendendum
966 4088 1088 4130 cum
1145 4074 1452 4143 fratribus,
1517 4076 1814 4131 cedendum
1870 4085 2052 4130 autem

474 4157 647 4229 magis
713 4159 839 4224 illis,
885 4161 1102 4218 etiamsi
1131 4161 1291 4217 velint
1324 4163 1475 4219 avari
1503 4177 1644 4220 esse.
1680 4161 1762 4219 Ab
1787 4178 1853 4221 eo
1883 4164 2052 4230 enim,

474 4248 673 4318 inquit,
700 4250 791 4319 qui
827 4250 1004 4305 aufert
1040 4259 1154 4318 tua,
1189 4268 1256 4309 ne
1278 4262 1510 4324 repetas.
1552 4254 1859 4322 Qua-renda
1890 4254 2056 4323 igitur

472 4356 813 4412 quaecunque
871 4342 1022 4398 utilia
1063 4352 1117 4399 et
1174 4346 1484 4401 necesSaria
1531 4356 1656 4400 sunt
1702 4347 1770 4401 ad
1822 4344 2052 4402 salutem

2154 3157 2492 3228 καλούμενον
2549 3156 2713 3211 αὑτὸν
2751 3159 2832 3221 εἰς
2863 3157 2923 3210 τὸ
2966 3156 3305 3227 μερίσασθαι
3332 3155 3427 3227 τὴν
3459 3154 3664 3225 πατρῴαν

2136 3248 2542 3320 κληρονομίαν.
2572 3249 2659 3302 Διὸ
2687 3249 2779 3303 καί
2805 3265 2938 3318 φησι
2964 3266 2978 3280 ·
3009 3249 3106 3310 Τίς
3134 3265 3207 3317 με
3241 3251 3523 3318 κατέστησε
3550 3246 3666 3298 δικα-

2156 3342 2286 3410 στὴν
2332 3341 2365 3412 ἢ
2430 3341 2693 3412 μεριστὴν
2729 3341 2814 3411 ἐφ’
2847 3341 3025 3413 ὐμᾶςς
3073 3337 3298 3411 Ἐπειδὴ
3349 3339 3453 3411 γὰρ
3487 3340 3663 3402 iusim,

2154 3434 2475 3489 καταλιπὼν
2514 3436 2687 3488 αἰτεῖν
2737 3433 2806 3488 τά
2845 3438 3092 3506 χρήσιμα
3148 3434 3250 3488 καὶ
3304 3434 3433 3504 πρὸς
3480 3429 3667 3501 ψυχικὴν

2158 3523 2433 3596 σωτηρίαν
2467 3526 2839 3597 συμφέροντα,
2875 3526 3004 3595 περὶ
3030 3525 3235 3595 γηΐνων
3263 3526 3354 3578 καὶ
3384 3521 3668 3593 προσκαίρων

2155 3620 2509 3690 πραγμάτων.
2537 3619 2802 3690 μεριστὴν
2832 3618 2994 3672 αὑτὸν
3023 3617 3288 3686 γενέσθαι
3320 3619 3504 3687 ᾐτεῖτο,
3525 3614 3668 3668 τούτου

2155 3711 2314 3783 χάριν
2371 3711 2448 3776 ὡς
2493 3709 2725 3782 ὀχληρὸν
2779 3711 2873 3763 καὶ
2905 3708 3056 3764 οὐδὲν
3101 3709 3359 3763 ἐθέλοντα
3393 3708 3562 3778 μαθεῖν
3590 3703 3669 3756 τῶν

2154 3803 2385 3856 δεόντων
2408 3800 2818 3874 ἀποπέμπεται,
2854 3801 2949 3855 κα)⁵
2985 3799 3147 3854 τοῦτο
3194 3800 3388 3873 πράως
3430 3798 3577 3851 ποιῶν
3596 3795 3666 3848 καὶ

2155 3896 2256 3949 οὐκ
2289 3893 2724 3965 ὲπιπληκτικῶς.
2774 3892 2959 3949 Πείθει
3028 3892 3086 3947 δὲ
3131 3894 3352 3955 πάντως
3395 3890 3476 3945 διὰ
3524 3885 3668 3941 τούτου

2156 3986 2364 4051 πάντας
2387 3987 2515 4049 τοὺς
2545 3985 2639 4040 καὶ
2662 3985 2781 4038 τότε
2820 3985 2915 4038 καὶ
2949 3983 3043 4037 νῦν
3066 3984 3367 4047 ἀκούοντας
3401 3979 3576 4042 παντὸς
3597 3977 3668 4048 μὲν

2155 4078 2378 4149 ἀμελεῖν
2428 4077 2764 4149 προσκαίρου
2828 4077 2922 4130 καὶ
2979 4077 3170 4147 γηῒνου
3241 4075 3566 4145 πράγματος.
3608 4066 3664 4137 μὴ

2156 4168 2597 4242 φιλονεικοῦντας
2634 4169 2905 4240 ἀδελφοῖς,
2928 4167 3178 4232 εἴκοντας
3211 4168 3271 4221 δὲ
3299 4166 3489 4238 μᾶλλον
3511 4160 3668 4219 αὐτοῖς,

2156 4263 2259 4320 κάν
2292 4263 2585 4334 βούλωνται
2613 4263 2978 4319 πλεονεκτεῖν.
3025 4264 3160 4317 Ἀπὸ
3197 4261 3311 4335 γὰρ
3337 4260 3429 4316 τοῦ
3458 4259 3668 4329 clpam.

2156 4356 2313 4427 φησὶ,
2342 4355 2411 4410 τὰ
2471 4356 2539 4410 σά
2572 4356 2647 4428 μὴ
2693 4356 2941 4423 ἀπαίτει,
2978 4354 3273 4426 ζητοῦντας
3305 4357 3404 4410 ὅσα
3456 4353 3551 4422 πέρ
3584 4351 3669 4403 ἐστι

472 4434 703 4501 animae;
746 4433 865 4489 ideo
914 4444 967 4489 et
1005 4436 1244 4492 subdidit
1302 4436 1537 4493 dicens:
1584 4434 1770 4493 Videte
1841 4449 1896 4494 et
1950 4453 2046 4495 cu-

2154 4449 2400 4519 χρήσιμα
2433 4448 2529 4503 καὶ
2578 4449 2858 4518 ἀναγκαῖα
2908 4447 3048 4519 πρὸς
3086 4447 3366 4518 σωτηρίαν
3396 4444 3572 4516 ψυχῆς.
3602 4436 3670 4491 Διὸ

471 4528 672 4585 stodite
694 4541 791 4582 vos
820 4526 890 4582 ab
920 4529 1170 4595 avaritia,
1198 4537 1254 4582 ιιι
1277 4529 1588 4586 adiabolica
1625 4530 1855 4601 quadam
1896 4530 2050 4588 fovea

472 4620 729 4676 admouet
781 4635 878 4677 nos
925 4630 983 4675 ut
1019 4619 1306 4692 fugiamus.
1348 4621 1427 4675 Ad
1476 4636 1615 4692 quos
1645 4632 1825 4677 autem
1854 4622 1991 4685 dixit
2027 4639 2041 4677 :

471 4710 664 4769 Videte
692 4720 746 4768 et
784 4712 1053 4768 custodite
1079 4727 1176 4769 vos
1219 4713 1287 4769 ab
1332 4714 1603 4770 avaritia?
1630 4713 1715 4773 Ad
1740 4716 1873 4771 duos
1916 4714 2051 4771 illos

470 4804 688 4869 fratres,
737 4805 992 4877 quoniam
1040 4808 1106 4861 de
1165 4806 1480 4864 ltmreditate
1508 4808 1583 4863 illi
1628 4810 2047 4866 contendebant.

474 4897 778 4955 Verisimile
827 4906 1009 4952 autem
1069 4906 1209 4964 erat,
1249 4914 1415 4953 unum
1436 4914 1503 4954 ex
1535 4899 1642 4955 illis
1674 4900 1882 4955 duobus
1909 4901 2048 4957 alte-

471 5007 591 5046 rum
636 4991 831 5063 injuria
881 4991 1145 5056 affecisse.
1173 5000 1226 5047 et
1252 5001 1536 5063 propterea
1567 4994 1633 5048 de
1659 4993 1886 5049 avaritia
1926 5008 2049 5049 cum

473 5082 584 5138 illis
612 5082 871 5151 loquitur.
923 5082 1175 5155 Magnum
1209 5085 1351 5139 enim
1393 5086 1493 5141 hoc
1552 5085 1750 5141 malum
1786 5100 1803 5142 :
1847 5086 2049 5143 idcirco

472 5185 529 5232 et
560 5175 763 5231 Paulus
793 5177 1155 5233 idololatriam
1212 5178 1383 5250 ipsam
1410 5188 1566 5236 vocat
1594 5199 1608 5235 :
1639 5179 1777 5235 forte
1802 5182 1946 5253 quod
1978 5182 2048 5236 ad

473 5267 617 5325 solos
676 5268 940 5338 pertineat
987 5270 1078 5338 qui
1117 5270 1283 5326 Deum
1320 5269 1573 5343 ignorant
1605 5271 1747 5337 :vel,
1803 5273 1854 5328 id
1904 5273 2048 5343 quod

473 5359 641 5415 etiam
685 5356 890 5421 verius,
925 5359 1052 5428 quia
1080 5359 1221 5415 idola
1242 5361 1508 5430 gentium,
1546 5372 1827 5431 argentum
1854 5371 1909 5417 et
1954 5376 2048 5415 au-

475 5466 619 5506 rum.
651 5448 816 5521 igitur
848 5452 941 5523 qui
975 5452 1403 5524 colitargentum
1432 5463 1486 5510 et
1505 5469 1718 5521 aurum,
1742 5455 1941 5511 similis
1964 5464 2049 5512 est

472 5541 740 5598 idolorum
774 5544 1089 5601 cultoribus.
1120 5544 1374 5603 Eamdetn
1436 5548 1580 5602 enim
1616 5549 1898 5604 materiam
1954 5550 2050 5603 ad-

470 5642 632 5691 orant
674 5645 727 5691 et
780 5636 1159 5708 amplexantur
1207 5649 1453 5711 uterque.
1479 5639 1825 5712 Supervacua
1866 5642 2045 5711 itaque

475 5725 744 5800 fugienda.
810 5728 1033 5799 Quare?
1068 5731 1203 5801 Quia
1259 5748 1365 5790 non
1407 5732 1461 5791 in
1491 5732 1786 5792 abundanti
1816 5735 2043 5806 quodam

1332 6026 1367 6041 Ψ

2157 4541 2251 4595 καὶ
2283 4541 2529 4612 ἐπήγαγε
2554 4539 2748 4609 λέγων’
2782 4539 2976 4612 Ὁρᾶτε
3001 4541 3093 4594 καὶ
3124 4536 3458 4607 φυλάσσεσθε
3490 4532 3581 4588 ἀπὸ
3598 4530 3671 4596 τῆς

2159 4634 2495 4702 πλεονεξίας,
2545 4634 2623 4698 ὡς
2671 4634 2865 4705 βόθρον
2926 4633 3051 4688 τινὰ
3100 4630 3403 4686 διαδολικὸν
3446 4621 3670 4698 παραινῶν

2157 4729 2291 4800 ἡμῖν
2323 4727 2527 4798 ταύτην
2562 4726 2919 4795 ἀποφεύγειν.
2963 4725 3107 4795 Πρὸς
3135 4724 3290 4788 τίνας
3321 4723 3379 4777 δὲ
3400 4720 3543 4774 τοῦτο
3561 4713 3670 4775 εἶπεν

2172 4822 2364 4893 Ὁρᾶτε
2405 4820 2500 4874 καὶ
2545 4816 2886 4889 φυλάσσεσθε
2935 4817 3043 4871 ἀπὸ
3072 4817 3169 4885 τῆς
3203 4812 3533 4891 πλεονεξίαςς
3567 4803 3671 4874 Πρὸς

2155 4912 2283 4976 τοὺς
2308 4910 2405 4965 δύο
2455 4910 2680 4974 τούτους
2724 4909 3005 4979 ἀδελφούς·
3038 4910 3159 4964 ἐπεὶ
3197 4908 3308 4980 γὰρ
3365 4906 3483 4977 περὶ
3522 4901 3673 4968 κληρο-

2156 5003 2354 5075 νομίας
2384 4999 2454 5075 ἦν
2491 5004 2729 5073 αὐτοῖςὴ
2758 5002 3081 5073 ἀμφιϐολία,
3113 5001 3262 5065 aluo;
3311 5001 3371 5055 δὲ
3401 4996 3465 5070 ἦν
3489 4994 3582 5050 τῶν
3602 4989 3671 5044 δύο

2157 5096 2361 5151 τούτων
2393 5095 2485 5150 τὸν
2513 5095 2609 5149 ἕνα
2637 5097 2845 5149 ἀδικεῖν
2896 5095 2987 5149 τὸν
3031 5095 3235 5164 ἕτερον,
3268 5094 3358 5148 διὰ
3412 5090 3556 5144 τοῦτο)
3577 5081 3672 5152 περὶ

2157 5186 2468 5254 πλεονεξίας
2500 5187 2684 5250 αὐτοῖς
2729 5186 3055 5256 διαλέγεται.
3092 5186 3253 5253 Μέγα
3280 5184 3391 5256 γὰρ
3434 5181 3572 5235 τοῦτο
3593 5191 3670 5228 κιο

2155 5278 2273 5333 κόνο
2307 5277 2390 5333 διὸ
2436 5281 2532 5334 καὶ
2565 5278 2799 5343 Παῦλος,
2854 5277 3297 5349 είδωλολατρείαν
3343 5274 3491 5330 τοῦτο
3535 5268 3668 5328 καλεῖ.

2153 5366 2296 5438 τάχα
2318 5367 2395 5431 ὡς
2425 5367 2611 5439 μόνοις
2640 5367 2850 5440 πρέπον
2877 5369 2991 5431 τοῖς
3024 5367 3099 5438 μὴ
3120 5368 3285 5421 εἰδόσι
3315 5366 3443 5420 Θεόν
3469 5381 3483 5394 ο
3509 5362 3538 5431 ἢ
3565 5360 3669 5420 ὅπερ

2156 5460 2251 5514 καὶ
2279 5458 2661 5530 ἀληθέστερον,
2703 5458 2827 5511 ἐπεὶ
2863 5457 2931 5512 τὰ
2961 5457 3154 5511 ετδωλα
3192 5456 3299 5509 τῶν
3330 5454 3509 5517 ἐθνῶν,
3533 5443 3668 5518 ἀργεῖ·

2158 5568 2276 5622 ριον
2306 5552 2402 5605 καὶ
2437 5551 2681 5621 χρυσίον.
2711 5550 2939 5622 Ὅμοιος
2967 5551 3082 5612 τοῖς
3132 5547 3527 5617 εἰδωλολάτραις
3557 5542 3580 5592 ὀ
3607 5551 3670 5588 τι·

2158 5645 2276 5717 μῶν
2318 5645 2379 5699 τὸ
2416 5645 2680 5718 ἀργύριον
2723 5645 2817 5698 καὶ
2871 5643 2932 5696 τὸ
2961 5641 3185 5714 χρυσίον
3213 5659 3228 5673 ·
3258 5641 3354 5711 τὴν
3392 5639 3493 5709 γὰρ
3535 5629 3667 5696 αὐτὴν

2158 5736 2293 5810 om
2332 5736 2701 5809 προσκυνοῦσι
2752 5735 2844 5792 καὶ
2888 5737 3241 5806 περιέπουσιν
3268 5734 3560 5808 ἀμφότεροι·
3598 5721 3668 5776 Δεῖ
