3896 6452
211 314 312 384 885

868 308 1312 372 ENARRATIO
1350 309 1429 371 ΙΝ
1465 305 1968 371 EVANGELIUM
2008 310 2245 372 LUC:E.
2279 338 2346 348 --
2384 314 2540 375 CAP.
2588 314 2728 376 XII.

3364 308 3473 374 885

213 424 303 483 οὖν
335 425 555 495 φεύγειν
583 426 647 480 τδ
686 427 960 498 περιττόν.
1003 427 1190 494 Διατί;
1245 428 1391 482 Διότι
1443 428 1543 482 οὐκ
1598 429 1656 481 ὲν
1707 424 1816 496 τῷ.

1927 428 1999 481 ita
2053 428 2159 483 illis
2183 436 2260 483 est
2294 448 2307 484 :
2347 429 2397 484 id
2428 442 2532 495 est,
2569 429 2690 485 vita:
2742 442 2992 485 mensura
3044 442 3150 485 non
3186 426 3347 482 simul
3377 441 3474 482 ex-

215 518 551 591 περισσεύειν
581 521 753 590 τινὶή
810 510 1140 590 ςωὴάὖτοῦ
1192 523 1329 588 ἔστι,
1385 523 1687 587 τουτέστιν,
1721 523 1783 576 οὐ

216 610 607 667 συνεκτείνεται
636 611 698 664 τὺ
730 611 829 681 τῆς
852 609 996 682 ζωῆς
1022 613 1221 683 μέτρον
1251 616 1322 686 τῇ
1367 613 1679 686 περιουσίᾳ·
1721 614 1784 668 οὐ

215 706 320 777 τὰρ
355 703 418 776 δὴ
443 705 473 757 6
506 704 649 775 ἔχων
684 703 879 773 πολλὰ,
907 705 1008 776 ήδη
1054 723 1159 759 που
1189 706 1286 760 καὶ
1320 707 1381 770 ἐς
1418 707 1632 777 μακρὸν
1682 704 1786 775 ζή-

217 811 386 855 σεται,
413 793 535 847 οὖδὲ
562 793 851 848 ἀκολουθεῖ
887 794 966 866 τῷ
991 795 1187 867 πλήθει
1216 795 1310 851 τοῦ
1338 796 1574 850 πλούτου
1608 798 1640 868 ή
1680 814 1789 867 μα-

216 888 469 959 κροζωῖα.
504 887 676 943 Τοῦτο
700 888 756 943 δὲ
797 888 948 960 λέγει
973 892 1002 943 6
1025 891 1251 963 Κύριος,
1302 890 1634 963 ἀνατρέπων
1660 891 1789 956 τοὺς

216 980 318 1033 τῶν
355 979 730 1047 φιλοπλούτων
781 980 1079 1050 λογισμούς
1102 999 1116 1012 ·
1177 982 1366 1056 ἐπειδὴ
1394 982 1504 1054 γὰρ
1539 983 1589 1037 οί
1641 982 1794 1051 φιλό-

218 1069 435 1122 πλουτοι
448 1069 700 1123 δοκοῦσιν
732 1069 808 1133 ὡς
839 1071 1095 1139 φιλόζῳοι
1121 1072 1407 1143 περιέπειν
1423 1073 1515 1127 τὸν
1537 1070 1789 1138 πλοῦτον,

218 1161 308 1215 καὶ
338 1161 414 1223 ὡς
461 1162 554 1215 ἐπὶ
616 1163 829 1234 μακρὸν
881 1165 1169 1233 μέλλοντες
1214 1164 1530 1235 βιώσεσθαι,
1592 1183 1798 1219 παντα·⁵

216 1252 371 1322 χόθεν
400 1253 677 1320 συνάγειν,
718 1254 886 1324 φησίν
915 1272 929 1286 ⁸
975 1256 1162 1310 ’Λθλιε
1196 1257 1292 1311 καὶ
1336 1256 1674 1330 ταλαίπωρε,
1718 1259 1795 1330 μὴ

217 1343 321 1412 γὰρ
357 1347 421 1396 ἐκ
454 1343 548 1396 τοῦ
582 1342 727 1413 ἔχειν
777 1344 950 1399 πολλά
981 1347 1418 1418 προσγενήσεταί
1473 1364 1557 1401 σοι
1592 1347 1686 1401 καὶ
1735 1347 1797 1402 τὸ

221 1435 548 1505 μακρόθιον;
607 1437 662 1489 τί
693 1436 876 1490 τοίνυν
935 1437 1271 1503 κακοπαθεῖς
1317 1440 1602 1512 προδήλως
1652 1439 1795 1512 ὑπὲρ

216 1527 312 1597 τῆς
368 1527 567 1598 ἀδήλου
628 1527 1021 1595 ἀναπαύσεως;
1061 1530 1289 1602 Ἀδηλον
1343 1532 1442 1602 μὲν
1494 1532 1626 1604 γὰρ,
1670 1534 1787 1602 εἴγε

218 1618 441 1685 φθάσεις
464 1620 544 1684 είς
564 1620 760 1691 γῆρας,
790 1614 852 1676 οὗ
875 1622 1062 1676 εἵνεκα
1090 1623 1463 1695 θησαυρίζεις.
1508 1625 1783 1696 Πρόδηλον

228 1711 282 1764 δὲ
305 1711 391 1765 ὅτι
421 1711 515 1764 νῦν
541 1713 758 1784 δαπανᾷ
780 1714 909 1782 περὶ
927 1714 1021 1768 τὸν
1041 1716 1306 1787 πορισμὸν
1340 1718 1451 1769 τῶν
1467 1734 1569 1787 χρη
1580 1719 1784 1788 μάτων.

1889 519 2131 576 tenditur
2187 536 2314 576 cum
2372 522 2487 592 ipsa
2551 521 2902 587 abundantia,
2958 536 3131 592 neque
3181 520 3326 580 enim
3377 517 3473 588 qui

1888 616 2053 670 multa
2130 614 2392 685 possidet,
2477 615 2683 670 diutius
2737 615 2907 670 vivit:
2951 631 3128 686 neque
3180 614 3473 670 comitatur

1888 707 2202 762 divitiarum
2268 707 2668 762 multitudinem
2724 706 2849 761 vita:
2878 705 3215 775 longzevitas.
3246 703 3357 761 Hoc
3376 717 3475 757 au-

1892 812 1996 855 tem
2023 800 2152 857 dicit
2180 801 2439 857 Dominus
2479 801 2764 858 confutans
2796 803 3149 873 cogitationes
3177 799 3474 855 amantium

1891 896 2129 952 divitias.
2147 896 2415 965 Quoniam
2467 895 2614 951 enim
2655 894 2965 951 divitiarum
2991 906 3260 949 amatores
3288 890 3474 946 existi-
3573 926 3580 933 -

1892 998 2042 1043 mant
2062 989 2202 1059 quod
2224 989 2390 1044 multo
2417 998 2661 1057 tempore
2686 987 2901 1042 divitias
2934 984 3382 1056 possessurisint,
3422 989 3478 1039 et

1892 1082 2051 1149 quasi
2086 1080 2176 1135 diu
2207 1079 2797 1149 victuri,undequaque
2841 1092 2972 1145 opes
3003 1077 3285 1146 colligunt,
3306 1076 3437 1132 dicit
3458 1094 3476 1131 ι

1893 1171 2123 1229 Miseret
2135 1188 2462 1237 :erumnose,
2482 1171 2723 1242 nunquid
2742 1185 2807 1226 ex
2826 1169 3115 1224 multorum
3135 1167 3478 1237 possessione

1896 1266 2004 1321 vita
2031 1268 2129 1320 tua"
2160 1265 2469 1335 productior
2502 1264 2600 1320 erit
2626 1263 2651 1318 ’ἰ
2683 1278 2779 1318 cur
2809 1262 2972 1333 igitur
3002 1259 3256 1330 atiligcris
3306 1257 3481 1313 mani-

1897 1357 2033 1413 feste
2072 1372 2173 1428 pro
2217 1356 2383 1428 37o
2434 1356 2636 1412 incerta
2699 1354 2936 1425 quiete?
3003 1351 3272 1408 incertum
3335 1350 3480 1405 enim

1900 1464 2028 1503 num
2060 1451 2127 1502 ad
2177 1457 2513 1503 senectutem
2579 1446 2873 1517 pertingas,
2938 1442 3091 1512 cujus
3136 1441 3309 1511 gratia
3363 1441 3482 1494 the-

1902 1538 2146 1594 saurizas
2177 1555 2190 1592 :
2221 1534 2565 1591 manifestum
2599 1531 2946 1604 autemquod
2982 1543 3123 1585 nunc
3157 1527 3385 1583 insnmis
3428 1524 3483 1579 in

1903 1642 2032 1699 opes
2061 1628 2486 1699 conquirendas.

292 1824 311 1854 ι
345 1800 479 1857 Eine
495 1803 551 1857 δὲ
576 1782 890 1877 παραϐολὴν
909 1807 1046 1877 πρὸς
1077 1782 1275 1872 absab;
1304 1782 1516 1877 λέγων-ί
1560 1782 1800 1881 ίλνθρώ-

1973 1811 2140 1867 Vens.
2202 1810 2390 1867 16-21.
2436 1829 2455 1862 ι
2494 1809 2639 1864 Dixit
2696 1818 2876 1865 autem
2950 1804 3363 1863 similitudinem
3419 1802 3487 1855 ad

225 1914 321 1950 που
374 1898 521 1961 τινος
566 1899 831 1976 ’πλουσίου
862 1899 1167 1971 εὐφόρησεν
1198 1901 1233 1968 ἡ
1282 1899 1456 1971 χώρα,
1498 1900 1592 1954 καὶ
1624 1898 1797 1954 διελο-

219 1989 408 2059 γίζετο
445 1991 504 2043 ὲν
553 1989 732 2060 ἑαυτῷ
765 1990 944 2058 λέγων
974 2006 990 2019 ⁸
1028 1989 1095 2043 Τί
1147 1990 1376 2060 ποιήσω,
1422 1989 1506 2043 ὅτι
1538 1989 1641 2043 οὐκ
1692 1987 1802 2059 ἔχω

221 2081 325 2134 ποῦ
358 2082 572 2149 συνάξω
615 2083 744 2146 τοὺς
805 2081 1056 2153 καρπούς
1088 2098 1224 2153 μου;
1267 2082 1376 2135 Καὶ
1407 2076 1531 2135 εἷπε
1556 2097 1572 2115 ο
1631 2081 1802 2136 Τοῦτο

222 2174 460 2242 ποιήσω,
504 2171 719 2225 καθελῶ
778 2187 881 2242 μου
929 2171 1029 2235 τάς
1054 2171 1364 2242 ἀποθήκας,
1399 2171 1495 2226 καὶ
1549 2172 1804 2243 μείζονας

222 2262 591 2335 οἰκοδομήσω,
625 2264 722 2317 καὶ
754 2263 967 2330 συνάξω
1005 2265 1122 2317 ἐκεῖ
1155 2264 1333 2318 πάντα
1368 2263 1437 2318 τὰ
1488 2264 1806 2337 γεννήματά

226 2372 353 2426 μου,
409 2357 504 2409 καί
535 2356 603 2409 τὰ
659 2355 842 2423 ἀγαθά
898 2373 1023 2424 μου,
1057 2357 1152 2410 καὶ
1186 2356 1298 2426 ἐρῶ
1355 2358 1422 2427 τῇ
1453 2356 1601 2429 ψυχῇ
1640 2374 1746 2428 μου
1785 2372 1800 2387 ⁶

227 2445 417 2519 Ψυχὴ,
465 2447 609 2518 ἔχεις
647 2447 818 2501 πολλὰ
856 2448 1040 2517 ἀγαθά
1081 2448 1312 2519 κείμενα
1361 2451 1442 2512 εἰς
1488 2449 1583 2518 ἐτη
1612 2449 1804 2517 πολλὰ,

224 2540 538 2604 ἀναπαύου,
588 2541 755 2609 φάγε,
785 2539 899 2605 πίε,
937 2540 1255 2612 εὐφραίνου.
1308 2537 1446 2594 Εῐπε
1489 2541 1545 2594 δὲ
1587 2539 1738 2611 αὐτῷ
1780 2542 1809 2594 6

226 2632 385 2697 Θεός⁴
428 2632 655 2703 Ἀφρον,
679 2633 851 2707 ταύτῃ
881 2637 947 2705 τῇ
977 2634 1134 2686 νυκτὶ
1161 2632 1261 2704 τὴν
1298 2633 1482 2705 ψυχήν
1519 2650 1612 2686 σου
1641 2634 1811 2686 ἀπαι-

223 2725 417 2778 τοῦσιν
444 2725 552 2778 ἀπὸ
590 2724 709 2778 σοῦ·
744 2724 780 2779 ἂ
813 2726 869 2779 δὲ
898 2727 1223 2797 ἡτοίμασας,
1250 2725 1356 2779 τίνι
1389 2726 1573 2791 ἔσταις
1622 2723 1810 2789 Οὕτως

223 2818 255 2871 6
285 2817 640 2888 θησαυρίζων
673 2819 876 2889 ἑαυτῷ,
911 2818 1110 2889 καὶμὴ
1167 2820 1249 2883 είς
1307 2818 1444 2873 Θεὸν
1483 2819 1746 2875 πλουτῶν.
1788 2837 1808 2869 ι

226 2908 423 2964 Εἰπὼν
455 2912 537 2964 δτι
565 2910 628 2963 οὐ
661 2912 728 2982 τῇ
762 2912 1049 2983 περισσεία
1077 2909 1189 2985 τῶν
1208 2911 1508 2984 χρημάτων
1533 2912 1629 2965 καὶ
1652 2912 1686 2981 ή
1714 2909 1812 2964 τοῦ

226 3001 529 3071 ἀνθρώπου
561 3000 679 3072 ζωὴ
730 3002 1293 3074 συμπαρεκτείνεται,
1349 3002 1488 3075 πρὸς
1523 3001 1816 3073 βεϐαίωσιν

1905 1904 2048 1971 illos,
2113 1904 2341 1960 dicens:
2399 1901 2648 1958 Hominis
2703 1901 2986 1972 cujusdam
3051 1896 3236 1953 divitis
3295 1894 3488 1948 uberes

1906 1999 2115 2056 fructus
2168 2013 2297 2069 ager
2335 1998 2538 2063 attulit,
2575 2006 2629 2054 et
2676 1996 2952 2067 cogitabat
2980 1993 3120 2048 intra
3144 2005 3223 2053 se,
3254 1989 3437 2043 ditens
3471 2003 3486 2040 :

1904 2090 2045 2160 Quid
2081 2093 2303 2157 faciam,
2363 2094 2510 2164 quod
2579 2105 2685 2147 non
2744 2090 2975 2146 habeam
3009 2101 3115 2156 quo
3168 2096 3490 2154 congregem

1907 2183 2113 2241 fructus
2179 2183 2378 2241 meos?
2440 2182 2508 2237 Et
2569 2181 2745 2237 dixit:
2813 2179 2924 2235 lloc
2949 2176 3168 2242 faciam,
3215 2173 3492 2229 destruant

1909 2278 2099 2333 horrea
2125 2292 2265 2344 mea,
2286 2285 2341 2333 et
2362 2277 2566 2347 majora
2587 2284 2885 2340 exstruam,
2913 2279 2969 2328 et
2997 2269 3337 2342 congregabo
3365 2265 3492 2320 illnc

1908 2370 2090 2428 omnia
2127 2372 2263 2427 bona
2284 2384 2403 2425 mea
2427 2382 2548 2439 qua:
2573 2367 2703 2422 mihi
2736 2374 2860 2421 nata
2894 2372 3038 2430 sunt,
3076 2369 3131 2416 et
3175 2359 3350 2414 dicam
3382 2354 3496 2409 ani-

1911 2480 2012 2521 mae
2033 2479 2133 2519 mae
2173 2480 2188 2518 :
2222 2461 2439 2526 Anima,
2484 2458 2650 2515 habes
2689 2454 2855 2511 multa
2894 2455 3034 2510 bona
3071 2448 3374 2521 repositain
3400 2462 3498 2500 an-

1912 2573 2010 2613 nos
2040 2558 2259 2621 multos,
2318 2554 2621 2624 requiesce,
2669 2547 2913 2614 comede,
2946 2544 3090 2611 bibe,
3128 2543 3318 2614 gaude.
3351 2539 3498 2594 Dixit

1912 2658 2094 2705 autem
2140 2649 2217 2703 illi
2250 2648 2431 2703 Deus:
2472 2643 2668 2709 Stulte,
2723 2643 2825 2697 hac
2874 2646 3036 2695 nocte
3076 2637 3310 2692 animam
3351 2641 3496 2686 lnam

1914 2748 2160 2810 repetent
2186 2737 2283 2792 abs
2337 2746 2429 2792 te:
2462 2748 2583 2806 quae
2617 2747 2747 2789 vero
2771 2731 2995 2794 parasti,
3026 2727 3112 2782 cui
3144 2722 3381 2780 cedent?
3407 2719 3502 2775 Sic

1917 2835 2007 2905 qui
2039 2831 2284 2890 recondit
2313 2829 2437 2897 sibi,
2468 2842 2569 2884 nec
2595 2833 2680 2882 est
2717 2838 2845 2895 erga
2875 2822 3047 2877 Deum
3078 2818 3252 2873 dives.
3290 2833 3308 2867 ι
3345 2814 3502 2905 Post-

1915 2902 2077 2996 quam
2138 2922 2278 2979 dixit
2309 2921 2478 2977 vitam
2526 2916 2768 2974 hominis
2806 2927 2910 2968 non
2954 2909 3176 2980 produci
3204 2920 3327 2961 cum
3363 2902 3503 2958 divi-

1920 2995 2118 3073 tiarum
2175 3011 2528 3079 abundantia,
2566 3010 2633 3065 ad
2683 3005 3156 3063 conﬁrmationem
3189 2998 3308 3069 ejus
3345 2995 3504 3051 affert

226 3092 430 3147 τούτου
459 3094 712 3165 ἐπιφέρει
743 3094 1208 3166 καὶπαραὸολήν.
1248 3097 1359 3150 Καὶ
1395 3096 1498 3166 ὅρα
1529 3095 1648 3160 πῶς
1685 3096 1816 3149 ὐπο-

1928 3111 2091 3168 etiam
2143 3106 2451 3180 parabolam
2487 3122 2500 3160 :
2533 3112 2586 3158 et
2628 3102 2747 3157 vide
2768 3099 3041 3170 quomodo
3063 3091 3321 3149 describit
3347 3088 3504 3145 nobis

226 3187 442 3257 γράφει
462 3188 597 3257 ήμϊν
623 3188 856 3257 ἀνοήτου
875 3186 1134 3241 πλουσίου
1162 3187 1474 3260 ἀπλήστους
1498 3187 1816 3258 λογισμούς.

239 3278 302 3333 ὐ
333 3280 439 3349 μὲν
466 3279 576 3349 γὰρ
611 3278 744 3344 Θεὸς
788 3278 856 3332 τὰ
885 3278 1080 3333 ἑαυτοῦ
1108 3279 1305 3346 ἐποίει,
1340 3281 1433 3334 καὶ
1462 3280 1563 3352 τὴν
1615 3281 1819 3336 οἰκείαν

225 3371 639 3443 εὐσπλαγχνίαν
695 3371 1043 3426 ἐπεδείκνυτο
1077 3388 1093 3403 ·
1129 3373 1190 3425 οὐ
1243 3372 1354 3444 γὰρ
1388 3372 1446 3428 ἓν
1492 3374 1679 3445 γήδιον
1726 3373 1821 3427 τοῦ

228 3462 523 3527 πλουσίου,
554 3462 670 3516 ἀλλ’
700 3463 797 3535 ὅλη
832 3463 866 3534 ή
894 3463 1050 3535 χώρα
1076 3463 1403 3536 εὐφόρησεν.
1470 3462 1532 3520 Ὀ
1560 3465 1617 3518 δὲ
1650 3464 1825 3532 οὕτως

232 3552 304 3628 ἦν
336 3542 594 3627 ἄκαρπος
638 3557 769 3627 περὶ
802 3556 904 3628 τὴν
945 3556 1377 3629 εὐσπλαγχνίαν,
1431 3557 1573 3612 ὥστε
1608 3558 1740 3630 πρὶν
1788 3559 1822 3631 ἢ

229 3648 451 3716 Μσείν,
507 3651 776 3720 συνεῖχεν.
819 3650 962 3723 Ὅρα
1008 3650 1066 3705 δὲ
1110 3651 1207 3705 καὶ
1256 3651 1354 3715 τὰς
1402 3649 1497 3704 τοῦ
1564 3649 1824 3704 πλουσίου

231 3740 461 3811 ¹ήδιονάς,
502 3742 569 3795 Τί
616 3742 863 3812 ποιήσω;
932 3742 1200 3808 Τοιαύτας
1236 3743 1423 3814 φωνάς
1474 3742 1596 3813 οὐχὶ
1657 3744 1752 3798 καὶ
1799 3745 1831 3797 6

234 3829 414 3900 πένης
451 3830 624 3899 λέγει,
653 3831 706 3886 τί
747 3833 1100 3904 ποιήσω,ὂτι
1148 3834 1251 3888 οὐκ
1292 3833 1403 3905 ἔχω
1447 3832 1564 3897 πῶς
1616 3834 1828 3905 τραφή-

235 3941 446 3996 σομαι,
472 3923 589 3987 πῶς
632 3924 958 3996 ὲνδύσομαις
1001 3925 1106 3980 Ἴδε
1141 3942 1232 3997 μοι
1263 3928 1362 3981 καὶ⁵
1405 3926 1504 3990 τὰς
1532 3926 1626 3980 τοῦ
1662 3926 1828 3981 πλου-

238 4018 369 4072 σίου
398 4018 581 4087 φωνάς
604 4033 619 4048 ·
650 4018 716 4071 Τί
746 4019 983 4089 ποιήσω,
1013 4019 1096 4072 δτι
1117 4019 1230 4073 ὀὐκ
1286 4019 1397 4090 ἔχω
1448 4019 1553 4075 ποῦ
1615 4019 1829 4087 συνάξω

235 4111 376 4172 τοὺς
405 4109 652 4179 καρπούς
681 4126 821 4182 μου;
855 4110 1010 4180 Καλή
1031 4128 1096 4180 γε
1127 4111 1456 4175 ἀνάπαυσις.
1486 4110 1618 4180 Εῐγε
1672 4114 1767 4165 καὶ
1802 4113 1832 4166 6

237 4204 423 4273 πένης
444 4203 598 4272 φησί’
624 4203 688 4257 Τί
713 4205 948 4275 ποιήσω,
978 4205 1062 4258 ὅτι
1091 4204 1189 4258 οὐκ
1209 4202 1352 4274 exuo;
1387 4203 1483 4258 καὶ
1499 4206 1526 4258 6
1548 4203 1828 4269 πλούσιος,

238 4296 308 4350 Τί
345 4298 586 4366 ποιήσω,
611 4297 692 4352 ὅτι
713 4296 814 4351 οὐκ
838 4297 984 4368 Exeo;
1014 4297 1066 4351 τί
1090 4297 1272 4351 τοίνυν
1299 4296 1607 4369 συνάγομεν
1639 4298 1705 4350 ὲκ
1734 4296 1831 4351 τοῦ

242 4386 428 4442 πλείω
452 4390 708 4455 συνάγειν
728 4406 743 4453 ;
766 4388 1076 4442 ἀνάπαυσιν
1102 4389 1201 4459 μὲν
1224 4387 1334 4460 γὰρ
1364 4388 1426 4442 οὐ
1449 4386 1829 4459 κερδαίνομεν.

1929 3202 2266 3261 insatiabiles
2284 3189 2432 3257 stulti
2459 3195 2640 3254 divitis
2671 3192 3047 3264 cOgitationes.
3081 3188 3222 3244 Deus
3244 3184 3386 3242 enim
3407 3196 3505 3239 sua

1928 3295 2183 3361 faciebat,
2242 3302 2297 3350 et
2352 3291 2565 3349 solitam
2600 3285 2920 3345 ostendebat
2962 3277 3412 3342 misericordiam,
3442 3279 3506 3330 ut

1929 3403 2038 3443 non
2094 3401 2236 3442 unus
2295 3393 2504 3439 tantum
2572 3380 2755 3437 divitis
2804 3376 3027 3449 agellus,
3078 3373 3172 3430 sed
3206 3378 3316 3427 tota
3356 3368 3506 3440 regio

1929 3479 2124 3535 uberes
2147 3477 2222 3532 illi
2255 3476 2466 3532 fructus
2514 3472 2731 3530 afferret
2765 3488 2779 3526 :
2813 3483 3004 3525 verum
3059 3466 3148 3521 hic
3183 3473 3292 3519 tam
3330 3459 3510 3516 immi-

1927 3571 2162 3627 sericors
2197 3577 2334 3636 erat,
2364 3578 2423 3623 ut
2457 3575 2746 3636 antequam
2782 3563 3046 3632 reciperet
3075 3573 3162 3623 ea,
3202 3555 3507 3611 clauderet.

1929 3663 2063 3719 Vide
2092 3663 2221 3718 item
2274 3670 2331 3717 et
2359 3659 2541 3716 divitis
2584 3658 2905 3727 voluptates.
2938 3652 3076 3720 Quid
3109 3648 3344 3706 faciant?
3366 3645 3510 3702 Neu-

1931 3757 2133 3826 tiquam
2192 3769 2395 3825 pauper
2442 3754 2516 3809 ita
2562 3752 2897 3821 loqueretur,
2932 3744 3064 3816 quid
3110 3742 3330 3805 faciam,
3382 3739 3509 3808 quia

1931 3865 2038 3904 non
2097 3848 2271 3904 habeo
2305 3846 2574 3917 quomodo
2618 3843 2835 3908 induar,
2883 3838 3154 3912 quomodo
3197 3835 3350 3892 alar?
3381 3834 3512 3889 Vide

1932 3944 2114 3997 autem
2136 3949 2192 3996 et
2220 3939 2405 3995 divitis
2425 3953 2582 3994 voces
2609 3954 2622 3991 :
2646 3935 2786 4002 Quid
2816 3934 3034 3996 faciam,
3058 3930 3184 4003 quia
3211 3945 3317 3985 non
3340 3927 3513 3983 habeo

1933 4034 2023 4088 ubi
2074 4044 2393 4102 congregem
2447 4028 2657 4084 fructus
2713 4025 2909 4082 meos!
2962 4022 3107 4078 Bona
3157 4019 3373 4092 quidem
3428 4025 3513 4074 est

1934 4125 2109 4195 quies.
2143 4122 2421 4193 Siquidem
2456 4131 2510 4176 et
2531 4134 2736 4191 pauper
2764 4117 2931 4172 dicit:
2965 4114 3104 4183 Quid
3133 4112 3353 4177 faciam,
3383 4106 3512 4180 quia

1936 4231 2042 4271 non
2074 4215 2247 4270 habeo
2276 4213 2299 4267 ?
2340 4221 2398 4268 et
2443 4212 2595 4265 dives
2625 4209 2755 4265 dicit
2784 4226 2798 4263 :
2832 4206 2972 4274 Quid
3015 4202 3210 4259 faciam
3245 4200 3370 4271 quia
3405 4213 3511 4253 non

1938 4309 2110 4362 habeo
2141 4306 2163 4360 ‘l
2194 4303 2330 4373 Quid
2388 4304 2557 4376 igitur
2611 4301 2885 4356 lucramur
2936 4314 3004 4354 ex
3065 4312 3130 4351 eo
3174 4294 3316 4365 quod
3361 4290 3514 4361 plura.

1940 4395 2376 4470 congregamns?
2428 4393 2677 4462 Quietem
2731 4391 2875 4447 enim
2939 4402 3044 4443 non
3095 4386 3401 4450 lucramur,
3459 4387 3516 4435 et

241 4479 366 4533 Καὶ
393 4479 556 4548 δῆλον
580 4479 688 4533 άπὸ
724 4478 835 4534 τῶν
889 4480 1207 4551 φροντίδων,
1237 4480 1521 4552 ἁμαρτιῶν
1563 4480 1619 4533 δὲ
1672 4479 1816 4550 μόνοι

1945 4487 2290 4542 manifestum
2336 4485 2413 4548 id,
2446 4484 2590 4553 quod
2621 4499 2650 4537 a
2700 4482 2889 4538 curis:
2933 4490 3138 4565 tantum
3173 4487 3351 4532 autem
3389 4489 3515 4545 pec-

244 4571 462 4643 πλῆθος
509 4573 724 4636 ἑαυτοῖς
775 4571 1208 4644 ὲπισωρεύομεν.
1275 4571 1503 4626 Καθελῶ
1568 4588 1671 4642 μου
1734 4571 1835 4636 τὰς

245 4667 567 4737 ἀποθήκας,
602 4667 698 4720 καὶ
726 4667 981 4739 μείζονας
1008 4669 1371 4740 οἰκοδομήσω.
1435 4668 1560 4723 Ἐὰν
1583 4669 1641 4722 δὲ
1672 4668 1835 4722 πλέον

246 4759 540 4833 εὐφορήσῃ
570 4760 650 4822 είς
669 4759 730 4813 τὸ
771 4760 970 4830 μέλλον
992 4762 1025 4830 ή
1057 4758 1233 4833 χώρα,
1265 4760 1429 4814 πάλιν
1457 4760 1833 4833 καθαιρήσεις,

251 4852 358 4904 καὶ
394 4849 558 4905 πάλιν
592 4851 990 4923 οίκοδομήσεις·
1018 4856 1113 4906 καὶ
1143 4853 1227 4917 τίς
1250 4854 1408 4925 χρεία
1430 4853 1714 4923 καθαιρεῖν
1742 4854 1838 4907 καὶ

248 4941 599 5014 οίκοδομείν;
645 4944 831 5015 Ἔχεις
873 4944 1160 5016 ἀποθήκας
1189 4945 1303 4999 τῶν
1343 4944 1575 5017 πτωχῶν
1603 4945 1700 5008 τάς
1735 4960 1839 5013 γα-

254 5036 485 5106 στέρας,
513 5035 684 5091 πολλά
714 5037 1019 5108 δυναμένας
1073 5039 1291 5108 χωρεῖν,
1333 5038 1428 5091 καὶ
1466 5035 1840 5099 ἀκαταλύτους

253 5130 361 5183 καὶ
384 5129 728 5201 ἀφθάρτους·
759 5131 1004 5201 οὐράνιοι
1062 5129 1171 5200 γάρ
1201 5116 1308 5183 είσι
1340 5130 1437 5182 καὶ
1481 5129 1646 5188 θεῖαι,
1682 5126 1843 5199 εῐπερ

253 5223 287 5275 6
317 5221 534 5292 τρέφων
557 5223 789 5293 πένητα,
814 5224 946 5277 Θεὸν
974 5223 1187 5295 τρέφει.
1242 5222 1386 5292 Ὅρα
1415 5220 1475 5273 δὲ
1527 5221 1619 5274 καὶ
1656 5219 1845 5291 ἕτερον

254 5316 514 5386 ἀνόητον.
545 5316 627 5369 Τά
656 5318 978 5389 γεννήματά
1007 5335 1134 5388 μου,
1163 5315 1258 5370 καί
1307 5314 1376 5369 τὰ
1405 5314 1587 5382 ἀγαθά
1614 5330 1737 5384 μου.
1769 5314 1844 5366 Οὐ

255 5411 376 5477 γὰρ
396 5409 614 5478 ἐνόμιζε
641 5411 813 5466 ταῦτα
838 5411 983 5483 ἔχειν
1005 5413 1070 5465 ἐκ
1096 5412 1257 5478 Θεοῦ,
1281 5411 1314 5482 ἢ
1343 5413 1452 5480 γάρ
1476 5409 1564 5473 ἂν,
1605 5409 1679 5472 ὡς
1709 5408 1846 5462 Θεοῦ

262 5505 576 5575 οἰκονόμος,
611 5505 742 5574 περὶ
763 5504 937 5558 ταῦτα
966 5504 1220 5559 διέκειτο.
1255 5503 1394 5557 Ἀλλ’
1419 5504 1637 5556 οἰκείων
1673 5500 1849 5554 πόνων

262 5598 587 5668 γεννήματα
605 5596 778 5651 ταῦτα
800 5596 959 5668 ᾤετο,
1005 5597 1087 5651 διὸ
1116 5596 1210 5651 καὶ
1244 5596 1425 5667 ἑαυτῷ
1458 5595 1631 5648 ταῦτα
1659 5610 1850 5663 σφετε-

269 5689 578 5762 ριζόμενος,
611 5691 692 5744 Τά
742 5689 1058 5760 γεννήματά
1090 5707 1190 5760 μου
1236 5689 1331 5743 καὶ
1359 5688 1428 5742 τά
1485 5687 1664 5758 ἀγαθά
1720 5704 1849 5757 μου,

271 5782 461 5851 ιλεγεν
497 5800 512 5815 ο
564 5783 751 5840 οὐδένα
780 5782 911 5853 γάρ,
949 5783 1135 5853 φησιν,
1181 5779 1290 5852 ἔχω
1337 5780 1612 5845 κοινωνὸν,
1661 5777 1849 5834 οὐδένα

1940 4585 2185 4636 catorum
2248 4575 2642 4631 multitudinem
2716 4572 2870 4626 nobis
2927 4558 3350 4625 accumulamus.
3409 4563 3512 4619 De-

1942 4681 2148 4727 strnam
2198 4669 2389 4725 horrea
2411 4680 2552 4731 mea,
2602 4674 2658 4721 et
2692 4663 2895 4729 majora
2929 4671 3204 4716 exstruam
3240 4675 3253 4710 :
3287 4655 3427 4727 quod
3459 4655 3507 4711 si

1942 4762 2093 4833 regio
2137 4759 2319 4830 plures
2369 4758 2421 4813 in
2467 4765 2742 4826 posterum
2793 4753 3003 4809 fructus
3030 4749 3290 4814 attulerit,
3321 4748 3515 4802 iterum

1940 4853 2035 4911 illa
2076 4855 2346 4917 destrues,
2375 4859 2430 4905 et
2475 4848 2578 4904 alia
2617 4847 2927 4904 mdiﬁcabis.
2958 4846 3021 4900 Et
3046 4859 3166 4914 quae
3192 4841 3395 4897 utilitas
3423 4839 3519 4893 de-

1941 4946 2185 5006 struendi
2243 4955 2295 5001 et
2320 4940 2685 5001 exstruendi?
2726 4938 2906 4993 Habes
2955 4937 3172 5000 horrea,
3218 4944 3516 5003 pauperum

1943 5048 2181 5107 ventres,
2212 5053 2331 5109 quae
2363 5035 2529 5091 multa
2576 5046 2771 5103 capere
2813 5036 3054 5100 possunt.
3080 5038 3306 5096 quaeque
3338 5021 3522 5077 incor-

1945 5131 2219 5205 ruptibilia
2275 5136 2449 5185 sunt:
2484 5123 2727 5182 coelestia
2792 5120 2937 5176 enim
2995 5127 3142 5181 sunt,
3175 5125 3231 5171 et
3284 5112 3465 5169 divina
3499 5151 3516 5167 .

1945 5203 2391 5296 quandoquidem
2440 5216 2532 5287 qui
2586 5212 2757 5283 pascit
2781 5224 3093 5280 pauperem,
3125 5205 3292 5260 Deum
3323 5203 3517 5274 pascit.

1946 5315 2084 5371 Vide
2121 5315 2249 5370 item
2279 5319 2335 5366 et
2366 5309 2525 5363 aliam
2577 5303 2963 5372 insipientiam.
3014 5298 3314 5354 Proventus
3342 5309 3520 5361 meos,

1949 5405 2052 5460 hoc
2115 5413 2201 5457 est
2245 5414 2366 5471 quae
2437 5395 2567 5451 mihi
2627 5401 2751 5448 nata
2799 5399 2945 5458 sunt,
2978 5398 3035 5445 et
3062 5390 3202 5444 bona
3235 5401 3373 5442 mea.
3403 5382 3523 5440 Non

1948 5497 2091 5553 enim
2155 5493 2377 5563 putabat
2426 5488 2545 5543 haec
2592 5498 2652 5542 se
2694 5485 2894 5539 habere
2918 5496 2983 5539 ex
3020 5481 3151 5546 Deo,
3183 5478 3418 5548 alioquin
3463 5482 3525 5532 ut

1951 5588 2289 5657 dispensator
2338 5581 2430 5637 Dei
2478 5578 2637 5634 aliter
2684 5577 2799 5633 hac
2839 5573 3196 5645 disposuisset
3229 5588 3242 5625 :
3280 5579 3374 5626 sed
3408 5566 3526 5623 suis

1951 5678 2227 5736 laboribus
2270 5682 2422 5746 parta
2480 5671 2722 5743 putabat,
2761 5668 2964 5725 idcirco
2998 5673 3050 5722 et
3075 5663 3175 5721 silli
3204 5662 3316 5718 hazc
3346 5659 3526 5715 tribu-

1953 5790 2072 5843 cus,
2112 5770 2247 5827 bona
2280 5783 2377 5824 sua
2408 5774 2457 5822 ct
2511 5764 2611 5820 sibi
2648 5772 2770 5819 nata
2807 5760 3041 5824 diccbat,
3076 5755 3230 5827 quasi
3260 5753 3460 5810 diceret
3501 5766 3523 5806 :
