3896 6452
161 431 264 496 897

872 431 1317 492 ENARRATIO
1357 431 1439 493 IN
1467 429 1969 493 EVANGELIUM
2014 429 2254 492 LUC.E.
2281 453 2349 463 -·
2386 429 2545 490 (ΑΡ.
2590 431 2725 490 XII.

3335 427 3439 491 838

163 542 402 608 Παῦλον,
456 539 762 612 παρθένους
801 541 992 609 ἁγνάς.
1049 543 1298 596 ’Δναλύει
1333 544 1390 597 δὲ
1435 545 1498 596 ὲκ
1544 543 1653 596 τῶν
1693 544 1751 596 ἑν

1857 543 1979 613 quis
2007 543 2201 598 similis
2232 541 2414 606 Paulo,
2456 544 2690 613 virgines
2753 550 2936 598 castas
2959 544 3025 599 ³⁸.
3076 542 3234 598 Redit
3261 553 3437 598 autem

157 637 416 706 οὐρανοῖς
453 635 670 703 γάμων,
698 634 841 705 τάχα
876 635 976 704 μὲν
1005 635 1310 700 καθολικῶς
1339 639 1398 691 ὲν
1425 640 1490 709 τῇ
1519 637 1747 690 καθόλου

163 729 472 797 συντελείᾳ,
508 728 596 778 ὅτε
621 728 714 780 ἀπ’
744 726 976 798 ούρανοῦ
1013 727 1294 782 ἐλεύσεται
1321 731 1378 782 ἐν
1407 732 1471 800 τῇ
1503 729 1630 803 δόξῃ
1653 729 1748 781 τοῦ

158 819 409 888 Πατρός.
441 818 594 886 Τάχα
624 818 678 872 δὲ
724 819 818 871 καὶ
851 817 974 870 καθ’
1010 818 1248 888 ἑκάστην
1287 817 1435 888 ὥραν
1461 821 1518 869 ἐν
1543 823 1609 888 τῇ
1653 835 1751 888 με-

164 915 300 982 ρικῇ
327 910 420 967 τοῦ
450 910 571 966 καθ’
599 911 698 965 ἕνα
743 911 1024 981 συντελείᾳ
1056 912 1307 981 ἀοράτως
1358 909 1452 963 καὶ
1481 911 1750 980 ἀπροσδο-

159 1005 347 1074 κήτως
383 1005 751 1072 ἐφιστάμενος
773 1019 788 1034 ο
829 1006 1101 1072 μακάριος
1130 1002 1224 1055 οὖν
1247 1004 1476 1066 ἐκεῖνος,
1502 1002 1560 1055 ὃν
1587 1003 1752 1072 εὑρή-

154 1113 248 1172 σει
271 1095 706 1165 περιεζωσμένον
735 1094 833 1163 μὲν
849 1095 944 1164 τὴν
967 1095 1156 1162 ὀσφὺν,
1181 1089 1270 1147 οἷα
1291 1093 1355 1164 δὴ
1374 1094 1447 1164 τῷ
1466 1093 1751 1165 πρακτικῷ

161 1189 328 1258 μέρει
361 1189 459 1256 τῆς
493 1188 636 1240 κατὰ
663 1187 899 1257 Χριστὸν
937 1187 1256 1255 φιλοσοφίας
1294 1185 1622 1254 θεραπεύειν
1657 1185 1748 1238 τὸν

157 1283 303 1335 Θεὸν
337 1280 757 1352 ἑτοιμασθέντα,
797 1279 995 1348 ἔχοντα
1033 1280 1089 1332 δὲ
1114 1279 1207 1331 τὸν
1241 1277 1430 1348 λύχνον
1465 1277 1559 1330 τοῦ
1591 1277 1750 1345 λόγου

155 1375 260 1426 καὶ
292 1374 391 1443 τῆς
420 1373 750 1442 διακρίσεως
787 1371 1098 1440 καιόμενον,
1130 1371 1223 1423 καὶ
1261 1371 1336 1440 μὴ
1373 1369 1534 1438 μόνον
1573 1371 1748 1440 «psit-

153 1483 328 1518 τοντα
355 1465 416 1518 τὸ
450 1466 635 1530 καλὸν,
683 1464 819 1518 ἀλλὰ
853 1465 950 1518 καὶ
993 1463 1172 1526 καλῶς
1193 1481 1208 1498 ο
1237 1465 1302 1516 οὐ
1335 1462 1440 1534 μὴν
1492 1462 1627 1516 ἀλλὰ
1659 1464 1752 1515 καὶ

155 1557 264 1626 τὴν
304 1557 558 1626 θεωρίαν,
610 1551 720 1608 οἷόν
760 1574 843 1612 τιν
866 1573 900 1609 α
925 1557 1116 1626 λύχνον
1161 1555 1454 1626 δεξάμενον
1479 1573 1490 1585 ’
1521 1555 1609 1609 διὰ
1645 1554 1752 1625 γὰρ

153 1647 258 1700 τοῦ
299 1647 398 1717 τὴν
426 1648 600 1716 ὀσφὺν
629 1648 991 1717 περιεζῶσθαι
1035 1649 1375 1718 περιγίνεται
1440 1649 1570 1718 ἡμῖν
1604 1649 1696 1701 καὶ
1723 1648 1753 1699 6

158 1739 460 1809 καιόμενος
509 1739 702 1809 λύχνος
750 1741 850 1809 τῆς
901 1739 1156 1811 θεωρίας,
1216 1740 1414 1808 μᾶλλον
1462 1740 1520 1792 δὲ
1565 1740 1614 1792 oi
1657 1739 1752 1791 δύο

156 1829 372 1900 λύχνοι,
395 1831 423 1882 ὃ
439 1847 495 1887 τε
523 1830 823 1894 ἐνδιάθετος
876 1831 968 1884 καὶ
987 1831 1016 1882 6
1042 1832 1373 1901 προφορικός
1395 1847 1408 1862 ·
1428 1831 1506 1901 τῷ
1527 1831 1752 1900 τοιούτῳ

159 1916 258 1973 οὖν
289 1920 585 1992 θεράποντι
633 1919 892 1991 Θεράπων
921 1921 950 1973 6
986 1921 1190 1991 Κύριος
1223 1921 1453 1990 γίνεται.
1504 1923 1748 1992 Περιζώ-
1779 1913 1827 1972 Β

167 2029 324 2066 σεται
351 2013 481 2082 γὰρ,
506 2012 664 2083 φησὶ,
683 2013 776 2065 κοιλ⁵
796 2012 1076 2067 ἀνακλινεῖ
1094 2015 1314 2078 αὐτούς.
1337 2015 1448 2069 Καὶ
1466 2014 1750 2085 παρελθὼν

161 2105 476 2176 διακονήσει
531 2107 757 2169 αὐτοῖς·
821 2106 1226 2177 περιζώννυται
1286 2109 1384 2178 μὲν
1433 2104 1526 2161 οὖν
1559 2108 1586 2159 6
1619 2107 1750 2170 Θεὸς

158 2198 302 2250 καθὸ
325 2199 426 2269 οὐχ
455 2197 671 2252 ἃπασαν
710 2198 816 2270 τὴν
856 2200 966 2254 τῶν
995 2198 1216 2268 ἀγαθῶν
1269 2199 1423 2270 χύσιν
1467 2203 1600 2272 ἡμῖν
1627 2202 1751 2252 ἐπι-

157 2294 418 2361 χορηγεῖ,
472 2291 589 2344 ἀλλ’
627 2291 948 2346 ἀναστέλλει
998 2291 1200 2362 ταύτην
1227 2307 1241 2322 ’
1276 2291 1359 2354 τίς
1389 2293 1500 2362 γάρ
1527 2292 1750 2346 δύναται

155 2380 421 2450 χωρῆσαι
454 2380 608 2444 Θεὸν,
635 2381 760 2444 ὅσος
789 2381 943 2447 ﬁeri;
968 2381 1076 2434 Καὶ
1097 2381 1252 2451 δῆλον
1275 2381 1339 2433 hc
1359 2382 1467 2434 τῶν
1497 2383 1750 2453 Σεραιρὶμ

156 2473 599 2542 καλυπτομένων
622 2473 711 2526 διὰ
739 2473 837 2544 τὴν
877 2473 1186 2543 ὑπερϐολὴν
1226 2471 1322 2526 τοῦ
1359 2472 1506 2526 θείου
1541 2474 1748 2542 φωτός⁹

155 2565 448 2620 ἀνακλίνει
491 2566 548 2618 δὲ
591 2567 718 2628 τοὺς
773 2568 970 2629 καλοὺς
1009 2567 1228 2631 δούλους
1265 2581 1279 2597 ·
1322 2566 1478 2630 ὅλους
1522 2568 1631 2638 γὰρ
1683 2566 1752 2620 δι’

157 2658 306 2712 ὅλων
367 2659 668 2711 ἀναπαύει·
720 2659 796 2723 ὼς
845 2663 1009 2730 γάρὸ
1040 2659 1468 2730 ἀνακεκλιμὲνος
1521 2661 1642 2712 ὅλον
1679 2660 1742 2712 τὸ

161 2749 332 2819 σῶμα
365 2750 658 2812 ἀναπαύει,
693 2749 838 2804 οὕτω
875 2759 968 2804 καὶ
994 2754 1052 2804 ἐν
1074 2755 1141 2822 τῇ
1173 2752 1444 2823 μελλούσῃ
1475 2750 1752 2821 παρουσίᾳ

159 2842 282 2896 ὅλοι
311 2843 379 2895 δι’
412 2844 548 2897 ὅλων
579 2844 628 2896 οἱ
675 2843 820 2912 ἅγιοι
869 2845 1263 2900 ἀναπαύονται.
1337 2845 1604 2900 Ἐνταῦθα
1649 2845 1749 2916 μὲν

163 2931 286 3000 γὰρ
327 2930 402 2999 τῷ
434 2932 645 3001 σώματι
684 2931 870 2986 ἄνεσιν
931 2935 1030 3003 οὐχ
1067 2934 1437 3003 εὑρίσκουσιν,
1485 2936 1665 2987 ἐκεῖσε
1693 2934 1750 2987 δὲ

163 3018 273 3071 σὺν
331 3022 451 3082 ταῖς
503 3021 702 3090 ψυχαῖς
733 3023 827 3074 καὶ
854 3021 922 3074 τὰ
955 3024 1304 3092 πνευματικὰ
1335 3022 1510 3076 αὐτῶν
1559 3023 1654 3076 καὶ
1683 3023 1752 3077 τὰ

164 3105 294 3159 θεῖα
350 3105 581 3177 σώματα
630 3109 940 3180 ἀφθαρσίαν
998 3109 1518 3181 κληρονομήσαντα,
1573 3112 1752 3182 πάσης

162 3199 534 3264 ἀναπαύσεως
561 3201 946 3265 ἀπολαύουσιν,
975 3205 1068 3256 καὶ
1097 3203 1252 3257 ἔσται
1273 3207 1301 3257 6
1329 3203 1462 3268 Θεὸς
1482 3205 1548 3257 τὰ
1577 3206 1754 3259 πάντα

164 3293 231 3346 ὲν
249 3294 414 3345 πᾶσιν
447 3295 630 3357 αὐτοῖς
647 3311 662 3324 ·
686 3295 923 3347 διακονεῖ
946 3294 1002 3347 δὲ
1032 3296 1144 3358 τοῖς
1166 3295 1358 3361 ἀξίοις,
1387 3296 1753 3365 ἀμειϐόμενος

166 3383 374 3447 αὐτοὺς
403 3387 512 3446 τοῖς
537 3384 671 3447 [σοις
690 3401 704 3416 ’
734 3388 828 3438 καὶ
845 3384 1033 3457 ῶσπερ
1054 3387 1209 3440 αὐτοὶ
1233 3387 1382 3458 αὐτῷ
1405 3387 1754 3460 διηκόνησαν,

167 3474 320 3530 οὕτω
350 3479 444 3529 καὶ
477 3477 640 3539 αὐτὸς
672 3478 852 3542 αὐτοῖς
875 3479 1168 3549 ὑπηρετῶν
1219 3481 1314 3533 καὶ
1355 3479 1550 3549 δαψιλῆ
1573 3479 1754 3543 αὐτοῖς

170 3571 435 3638 παρέχων
467 3571 766 3640 τράπεζαν,
816 3573 906 3627 καὶ
937 3573 1035 3641 τὴν
1082 3574 1192 3626 τῶν
1237 3574 1628 3644 πνευματικῶν
1658 3589 1756 3644 χα-

172 3659 456 3730 ρισμάτων
485 3663 701 3732 τρυφὴν
730 3662 1110 3733 χαριζόμενος.
1133 3663 1380 3733 Φυλάκην
1405 3664 1462 3716 δὲ
1488 3664 1752 3736 δευτέραν

172 3753 271 3807 καὶ
309 3752 499 3822 τρίτην
523 3757 745 3823 νοήσαις
773 3754 838 3809 ἂν
862 3756 958 3816 τὰς
989 3754 1283 3824 διαφόρους
1315 3753 1464 3826 ὥρας
1487 3757 1583 3825 τῆς
1610 3755 1756 3824 ζωῆς

168 3842 358 3910 ἡμῶν.
399 3839 527 3898 Οἷόν
559 3863 612 3898 τι
654 3845 827 3914 λέγωο
854 3847 1064 3917 Ὠσπερ
1089 3849 1116 3899 6
1137 3848 1434 3918 ἀγρυπνῶν
1457 3850 1514 3900 ἐν
1540 3851 1606 3918 τῇ
1636 3849 1757 3900 δευ-

171 3933 312 4003 τέρᾳ
342 3937 437 3988 καὶ⁹
459 3937 619 4008 τρίτῃ
647 3938 884 4009 φυλακῇ,
917 3938 1066 3990 δοκεῖ
1106 3937 1564 4009 ἐγρηγορώτατος
1617 3933 1755 3991 εἶναι

178 4016 366 4092 (αὗται
399 4025 509 4095 γάρ
539 4027 596 4078 αἱ
627 4019 767 4094 ὧραι
797 4028 895 4097 τῆς
923 4028 1116 4089 νυκτὸς
1144 4027 1376 4096 μάλιστα
1410 4026 1580 4078 ὕπνου
1609 4043 1754 4098 παρ-

171 4117 394 4171 εκτικαὶ
440 4119 551 4181 τοῖς
585 4119 894 4189 ἀνθρώποις
938 4122 1032 4176 καὶ
1060 4119 1281 4191 πρώτου
1348 4118 1564 4190 ὕπνου),
1613 4117 1757 4173 οὕτω

172 4207 288 4261 νόει
336 4225 427 4278 μοι
469 4211 564 4262 καὶ
596 4212 653 4264 ὲν
702 4215 768 4282 τῇ
815 4211 1061 4283 διαφόρῳ
1105 4211 1438 4265 καταστάσει
1477 4212 1578 4281 τῆς
1611 4211 1757 4283 ζωῆς

171 4298 333 4367 ἡμῶν
388 4295 528 4353 εἶναι
576 4299 724 4372 ὧρας
771 4302 870 4366 τὰς
919 4303 1226 4374 μακαρίους
1278 4304 1424 4374 ἡμᾶς
1475 4301 1753 4368 ποιούσας,

171 4390 273 4443 ἐὰν
311 4390 629 4461 εὐρεθῶμεν
679 4393 1102 4465 γρηγοροῦντες.
1140 4395 1398 4465 Ἤρπασέ
1429 4411 1511 4459 τις
1534 4393 1598 4447 τὰ
1623 4395 1758 4466 χρή-

175 4482 326 4549 ματά
368 4497 494 4547 σου,
531 4480 827 4552 τεθνήκασι
884 4501 967 4536 σοι
1015 4485 1236 4549 παῖδες,
1287 4486 1753 4557 ὲσυκοφαντήθηςο

1859 653 1925 690 ex
1956 635 2266 690 ca-lestibus
2308 635 2532 703 nuptiis,
2579 633 2826 689 fortassis
2856 635 2906 688 in
2958 636 3246 690 universali
3301 650 3436 689 cun-

1859 729 2218 784 summatione
2274 727 2476 791 ntttndi,
2536 726 2749 792 quando
2799 727 2864 778 de
2917 728 3070 780 caelis
3127 729 3303 781 veniet
3365 725 3420 780 iu

1866 821 2033 893 gloria
2116 820 2312 873 Patris.
2371 817 2642 872 Fortassis
2707 829 2884 869 autem
2935 825 2991 870 et
3051 817 3102 870 in
3163 821 3426 870 uniuscu-

1854 914 2050 982 jusque
2114 913 2328 981 Propria
2405 920 2577 965 morte
2632 910 3037 978 inexspectatus
3122 911 3433 964 adveniens.

1857 1003 2054 1058 Beatus
2102 1003 2264 1073 igitur
2287 1003 2376 1057 ille
2415 1019 2574 1067 quem
2613 1003 2875 1056 invenerit
2907 1005 3193 1056 suc-tinctis
3221 1003 3433 1070 lumbis,

1861 1097 1961 1151 hoc
2005 1105 2107 1160 est,
2133 1111 2321 1150 vt-rum
2359 1095 2724 1151 Christianum
2759 1095 3134 1165 philosophum
3164 1105 3432 1163 agentem,

1857 1201 1912 1244 et
1970 1191 2036 1243 ad
2096 1192 2454 1244 ministerium
2509 1189 2600 1244 Dei
2657 1200 3114 1258 pt‘teparatum,et
3150 1188 3434 1242 habentem

1857 1282 2136 1336 lucernam
2172 1283 2397 1337 rationis
2436 1292 2490 1335 et
2524 1283 2712 1351 judicii
2751 1283 3028 1334 ardentem
3061 1299 3074 1334 :
3110 1291 3166 1332 et
3205 1296 3308 1333 non
3341 1293 3429 1333 so-

1858 1373 1968 1428 lum
2014 1373 2296 1428 facientem
2331 1374 2472 1442 quod
2519 1375 2739 1436 bonum,
2787 1372 2880 1426 sed
2937 1375 3071 1425 bene
3102 1372 3263 1425 etiam
3296 1388 3311 1424 :
3341 1384 3432 1422 ac-

1859 1464 2260 1535 cipienlemqne
2294 1475 2348 1520 et
2373 1465 2839 1533 contemplationis
2892 1463 3187 1518 lucernam.
3222 1461 3433 1514 Haben-

1859 1561 1929 1613 do
1960 1559 2105 1611 enim
2162 1558 2373 1611 lumbos
2425 1559 2745 1626 praecinctos
2777 1556 2879 1626 (α),
2905 1556 3060 1610 nobis
3110 1555 3322 1606 advenit
3355 1552 3435 1604 lu-

1861 1665 2022 1704 cerna
2070 1649 2543 1718 contemplationis
2577 1668 2590 1704 :
2623 1650 2731 1702 imo
2778 1649 2956 1715 potius
3012 1647 3247 1699 Iuvernae
3294 1645 3432 1708 duae,

1860 1758 1966 1796 una
2011 1757 2132 1810 qua:
2159 1751 2241 1795 est
2269 1742 2320 1794 in
2348 1743 2531 1804 corde,
2559 1748 2613 1793 et
2658 1739 2824 1794 altera
2879 1737 3161 1790 sermonis.
3190 1733 3440 1800 Ejusmo-

1862 1836 1916 1890 di
1963 1834 2196 1890 ministri
2241 1835 2400 1887 etiam
2452 1833 2708 1887 Dominus
2765 1831 3008 1884 minister
3052 1825 3433 1882 erit.Prziecin-

1855 1937 2010 1999 getur
2062 1927 2230 1992 enim,
2279 1925 2476 1994 inquit,
2513 1935 2568 1978 et
2619 1922 2941 1978 recumbere
2993 1921 3112 1973 illos
3163 1919 3432 1982 fat:iet,et

1853 2019 2170 2089 praeteriens
2244 2016 2574 2070 ministrabit
2651 2015 2779 2068 illis.
2828 2013 3185 2080 Prmcingitur
3251 2015 3433 2078 itaque

1856 2111 1996 2166 Deus
2027 2109 2326 2165 secundum
2363 2108 2507 2177 quod
2541 2122 2648 2160 non
2677 2106 2918 2160 omnium
2971 2104 3238 2158 bonorum
3290 2098 3433 2154 ell‘u-

1855 2203 2060 2258 sionem
2094 2203 2249 2255 nobis
2279 2201 2610 2270 suppeditat,
2641 2199 2733 2252 sed
2781 2195 2925 2248 illam
2980 2193 3272 2261 restringit.
3301 2191 3436 2257 Quis

1852 2296 1996 2352 enim
2033 2301 2208 2364 potest
2232 2307 2422 2362 capere
2443 2300 2675 2360 quantus
2702 2289 2772 2344 sit
2803 2287 2982 2342 Deus?
3005 2297 3055 2339 et
3088 2283 3432 2338 manifestum

1853 2397 1934 2442 est
1965 2401 2031 2440 ex
2065 2383 2372 2451 Serapltim,
2396 2382 2488 2452 qui
2527 2397 2586 2436 se
2628 2381 2881 2449 obtegunt
2917 2386 3136 2446 propter
3167 2374 3438 2428 excellen-

1855 2480 1982 2534 tiam
2035 2476 2200 2530 divini
2253 2475 2494 2528 luminis.
2539 2471 2711 2526 Porro
2752 2469 3068 2525 recumbere
3101 2467 3230 2521 facit
3266 2467 3442 2520 bonos

1854 2583 2041 2623 servos
2073 2585 2086 2622 :
2136 2577 2277 2620 totos
2307 2568 2453 2620 enim
2485 2580 2580 2636 per
2607 2563 2786 2618 omnia
2814 2564 3092 2630 quiescere
3135 2557 3437 2616 faciLNa‘ut

1856 2662 2002 2716 sicut
2048 2659 2141 2727 qui
2193 2659 2485 2722 recumbit,
2513 2665 2625 2712 toto
2675 2669 2902 2724 corpore
2952 2653 3182 2724 quiescit
3217 2669 3232 2706 :
3264 2652 3337 2704 ita
3380 2652 3436 2706 in

1854 2756 2090 2810 secundo
2148 2754 2378 2808 adventu
2437 2766 2628 2806 omnes
2673 2749 2844 2804 sancti
2897 2763 2991 2816 per
3055 2745 3237 2800 omnia
3277 2745 3436 2813 quie-

1855 2849 2030 2906 s't'ettt.
2072 2847 2279 2902 Etenim
2317 2847 2368 2899 in
2405 2845 2502 2899 ltac
2529 2845 2638 2895 vita
2672 2842 2906 2910 quietem
2956 2839 3199 2908 corporis
3226 2850 3329 2890 n0u
3357 2834 3440 2888 in-

1855 2941 2098 2996 veniunt.
2128 2939 2267 2991 Alibi
2301 2947 2478 2990 autem
2532 2951 2652 2988 cum
2705 2934 2989 2988 animabus
3036 2928 3333 3000 spiritualia
3385 2936 3440 2982 et

1856 3031 2034 3084 divina
2064 3046 2248 3084 eorum
2281 3042 2506 3096 corpora
2533 3026 2992 3094 incorruptiotn-m
3020 3022 3434 3084 ltscreditabunt,

1855 3125 1910 3169 et
1961 3117 2109 3170 omni
2163 3128 2344 3184 quiete
2402 3112 2671 3178 fruentur,
2701 3123 2754 3167 et
2800 3114 2904 3167 erit
2963 3111 3101 3164 Deus
3153 3110 3332 3164 omnia
3385 3111 3437 3162 in

1857 3206 2111 3260 omnibus
2144 3205 2251 3262 illis
2271 3204 2341 3260 ".
2361 3203 2632 3259 Ministrat
2663 3220 2789 3258 vero
2814 3204 3012 3272 dignis,
3040 3219 3136 3273 par
3165 3203 3244 3257 eis
3271 3201 3432 3256 retri-

1858 3297 2032 3352 buens
2067 3307 2165 3352 :et
2204 3299 2350 3352 sicut
2403 3297 2501 3364 ipsi
2550 3297 2597 3351 ei
2650 3295 3225 3358 ministraverunt,ita
3272 3294 3435 3346 etiam

1859 3391 1973 3460 ipse
2004 3389 2082 3444 eis
2123 3388 2362 3444 vicissim
2393 3388 2685 3452 ministrat,
2712 3398 2764 3442 et
2801 3387 3063 3457 dapsilem
3085 3386 3164 3440 eis
3191 3398 3432 3439 mensam

1858 3489 2098 3552 prmstat,
2141 3481 2405 3536 exhibens
2456 3479 2814 3550 spiritualium
2867 3479 3130 3532 donorum
3181 3476 3437 3530 lautitias.

1861 3575 1932 3628 At
1987 3590 2083 3643 per
2147 3573 2440 3629 secundam
2493 3579 2549 3627 et
2600 3572 2816 3626 tertiam
2875 3570 3110 3640 vigiliam
3167 3570 3430 3638 intelligas

1856 3667 2004 3722 varia
2043 3667 2166 3721 vitae
2202 3678 2402 3721 nostrae
2442 3676 2683 3734 tempora
2721 3683 2734 3718 :
2772 3675 2832 3718 ut
2861 3664 3096 3733 exetnpli
3135 3663 3302 3734 gratia
3336 3662 3440 3714 ali-

1859 3756 1987 3825 quid
2041 3755 2218 3810 dicam
2256 3773 2269 3809 :
2303 3755 2770 3824 Quemadmodum
2805 3755 2894 3823 qui
2935 3755 2986 3808 in
3019 3755 3307 3809 secundam
3340 3760 3433 3804 aut

1859 3847 2072 3901 tertiam
2123 3846 2356 3918 vigiliam
2393 3844 2598 3916 vigilat,
2641 3845 3084 3918 vigilantissimus
3122 3858 3242 3897 esse
3283 3843 3436 3898 vide~

1860 3935 2097 4008 tur(istis
2122 3937 2265 3991 enim
2295 3937 2442 3992 ltoris
2471 3937 2715 3991 homines
2749 3937 2985 3990 maximo
3016 3945 3068 3988 et
3094 3936 3266 4003 primo
3292 3948 3439 3987 som-

1857 4043 1928 4082 no
1963 4031 2234 4098 tenentur)
2262 4031 2362 4093 sic,
2401 4029 2648 4090 obsecro,
2676 4031 2839 4082 etiam
2874 4026 3141 4096 intelligas
3176 4025 3433 4080 in'diver-

1857 4123 1932 4177 sis
1967 4123 2088 4176 vita:
2117 4132 2313 4176 nostra:
2344 4121 2576 4175 statibus
2607 4136 2728 4175 esse
2753 4120 2936 4184 horas,
2958 4134 3075 4187 mne
3104 4121 3291 4172 beatos
3329 4133 3429 4170 nos

1858 4214 2078 4280 faciant,
2105 4213 2150 4268 si
2182 4212 2464 4284 vigilantes
2495 4212 2697 4265 inventi
2733 4211 3019 4264 fuerimus.
3065 4207 3265 4276 ltapuit
3313 4207 3434 4278 quis

1860 4306 2100 4362 divititas
2119 4312 2260 4371 tuas,
2287 4303 2482 4360 mortui
2502 4315 2630 4358 sunt
2657 4302 2819 4375 377
2849 4302 2942 4355 tibi
2966 4299 3080 4366 filii,
3107 4299 3442 4356 calumniam

1857 4412 2053 4469 passus
2080 4411 2140 4453 es
2172 4413 2186 4449 :
2222 4396 2266 4452 si
2300 4396 2354 4451 in
2388 4397 2679 4452 illiusmodi
2719 4393 3049 4464 temporibus
3101 4408 3206 4446 non
3259 4391 3428 4447 fueris

1861 4490 2062 4559 lapsus,
2086 4490 2178 4544 sed
2205 4489 2432 4561 vigilans
2467 4489 2716 4544 inventus
2763 4501 2792 4541 a
2830 4486 2942 4540 Deo
2985 4495 3042 4542 et
3086 4484 3338 4549 Domino,
3380 4494 3437 4538 et

172 4573 274 4626 ἐὰν
304 4574 362 4626 ἐν
401 4574 512 4634 τοῖς
559 4573 823 4637 τοιούτοις
880 4578 1097 4647 καιροῖς
1138 4576 1199 4628 οὐ
1248 4578 1589 4648 καταπέσῃς,
1638 4577 1753 4631 ἀλλ’

1863 4580 1994 4634 nihil
2029 4579 2175 4634 aliud
2215 4589 2412 4648 praeter
2447 4579 2693 4632 mandata
2730 4575 2941 4632 Domini
2978 4574 3172 4630 feceris
3208 4591 3220 4628 :
3254 4575 3439 4640 utique

173 4659 496 4732 ἐγρηγορὼς
525 4661 767 4733 εὑρεθεὶς
800 4663 879 4734 τῷ
905 4665 1023 4735 Θεῷ
1047 4666 1142 4719 καὶ
1163 4667 1432 4740 Δεσπότῃ,
1465 4669 1563 4722 καὶ
1588 4669 1753 4740 μηδὲν

171 4753 282 4819 ἔξω
311 4753 418 4808 τῶν
449 4753 616 4808 αὑτοῦ
649 4756 883 4809 ἐντολῶν
932 4757 1287 4830 ἀναγκασθῇς
1328 4759 1556 4828 πρᾶξαι,
1586 4761 1755 4826 ὄντως

171 4845 520 4915 ἐγρηγορότα
551 4863 610 4898 σε
641 4841 802 4918 εὗρεν
829 4849 888 4901 ἐν
914 4848 1144 4919 δευτέρα
1174 4850 1268 4902 καὶ
1311 4849 1470 4921 τρίτῃ
1509 4851 1750 4922 φυλακῇ,

169 4938 480 5002 τουτέστιν,
514 4940 574 4992 ὲν
603 4939 780 5010 καιρῷ
804 4939 983 5011 δεινῷ,
1009 4941 1106 4995 καὶ
1138 4941 1306 4995 ὕπνον
1332 4941 1635 5016 θανατώδη,
1662 4945 1758 4998 καὶ

172 5030 532 5089 κατάπτωσιν
562 5035 682 5096 ταῖς
712 5035 939 5103 χαύναις
973 5033 1172 5105 ψυχαῖς
1201 5035 1498 5106 παρέχοντι
1522 5052 1534 5064 ·
1557 5037 1638 5091 δεῖ
1663 5036 1758 5092 οὖν

170 5122 590 5193 ἐγρηγόρσεως⁸
618 5125 970 5197 οἰκοδεσπότῃ
1002 5126 1111 5198 γὰρ
1139 5127 1422 5197 ἐοίκαμεν,
1455 5127 1515 5192 ὃς
1560 5129 1607 5181 εί
1655 5128 1757 5200 μὲν

171 5217 472 5285 ἀγρυπνεῖ,
497 5217 558 5269 οὐ
583 5216 805 5273 δύναται
841 5218 997 5274 οὐδὲν
1025 5219 1171 5274 κατὰ
1199 5219 1308 5274 τῶν
1337 5219 1502 5275 αὑτοῦ
1541 5221 1764 5293 χρημά-

171 5323 286 5362 των
308 5308 342 5360 6
363 5307 623 5379 κλέπτηςο
650 5312 698 5367 εί
721 5310 779 5364 δὲ
805 5310 1057 5382 ὑπνώδης
1081 5313 1224 5379 ἐστὶ,
1247 5313 1424 5368 πάντα
1451 5314 1587 5386 ἄρας
1613 5315 1762 5388 οίχῆο

175 5415 361 5454 σεται.
397 5399 651 5472 Κλέπτην
681 5401 740 5455 δὲ
764 5403 1002 5457 ἐνταῦθα
1025 5403 1205 5459 νοοῦσι
1238 5403 1340 5473 μέν
1369 5423 1513 5470 τινες
1543 5408 1636 5462 καὶ
1668 5408 1760 5462 τὸν

170 5489 449 5556 διάϐολον,
489 5491 684 5564 ὥσπερ
710 5495 806 5548 καὶ
837 5491 985 5551 οἶκον
1017 5497 1117 5568 τὴν
1145 5497 1343 5567 ψυχὴν,
1373 5499 1760 5570 οἰκοδεσπότην

168 5580 271 5636 τὸν
325 5582 644 5654 ἄνθρωπον·
689 5585 750 5639 ού
786 5586 892 5662 μὴν
935 5588 1081 5642 ἔοικε
1141 5589 1458 5660 πρόσφορος
1514 5587 1653 5646 εἶναι
1692 5595 1760 5665 τῇ

253 5717 328 5754 ⁸⁸⁸
361 5720 405 5777 ll
439 5720 567 5779 Cor.
602 5737 684 5789 ιι,
717 5721 775 5778 2.
849 5722 895 5754 ⁸⁷
924 5722 1093 5778 lCor.
1123 5737 1215 5787 xv,
1247 5721 1338 5777 28.

1863 4667 2169 4744 vigilantem
2201 4680 2252 4726 te
2287 4671 2340 4726 itt
2387 4669 2620 4726 secunda
2650 4678 2705 4723 et
2737 4669 2901 4722 tertia
2931 4666 3110 4735 vigilia
3146 4663 3435 4728 invenerit,

1868 4762 1970 4818 boc
1997 4772 2082 4818 est
2132 4761 2186 4817 in
2218 4761 2522 4832 periculoso
2550 4771 2604 4815 et
2647 4761 2797 4829 gravi
2829 4769 3092 4828 tempore,
3119 4758 3258 4826 quod
3296 4771 3442 4810 mor-

1858 4858 2076 4914 tiferum
2153 4871 2404 4912 somnum
2454 4863 2510 4911 et
2544 4851 2745 4910 casum
2819 4852 3098 4909 dissolutis
3156 4851 3438 4905 animabus

1856 4952 2082 5020 praebet.
2111 4946 2262 5018 Opus
2315 4948 2494 5018 itaque
2525 4946 2692 5001 fuerit
2726 4943 3028 5016 vigilantia.
3049 4941 3436 4997 Patrifamilias

1857 5043 2002 5097 enim
2051 5039 2541 5111 assimilamur,qui
2577 5039 2622 5095 si
2655 5035 3137 5108 vigilaverit,niltil
3172 5049 3238 5089 ex
3268 5033 3431 5088 rebus

1859 5133 1979 5205 ejus
2023 5132 2240 5190 auferre
2271 5142 2524 5204 poterunt
2560 5131 2746 5200 fures;
2781 5131 2866 5186 sin
2907 5139 3087 5186 autem
3110 5125 3438 5183 somniculo-

1861 5242 1955 5282 sus
1985 5225 2166 5290 fuerit,
2205 5225 2402 5282 ablatis
2460 5226 2710 5281 omnibus
2743 5223 2828 5278 fur
2863 5223 3062 5278 evadit.
3103 5219 3208 5276 Per
3261 5219 3436 5274 furem

1857 5319 2080 5390 quidam
2117 5319 2219 5374 hoc
2251 5319 2366 5374 loco
2415 5317 2714 5385 intelligunt
2764 5315 3067 5380 diabolum,
3086 5315 3226 5369 sicut
3251 5323 3304 5368 et
3341 5325 3438 5381 per

1859 5414 2076 5469 domum
2133 5412 2395 5475 animam,
2425 5418 2478 5464 et
2501 5407 2972 5478 patremfamilias,
2993 5406 3296 5472 hominem;
3343 5403 3436 5459 sed

1860 5519 1967 5557 non
2001 5509 2227 5572 apparet
2283 5496 2551 5570 expositio
2603 5499 2738 5554 satis
2786 5494 3194 5553 accommodata
3245 5491 3432 5550 textui.

1856 5593 1985 5649 Furi
2011 5593 2154 5650 enim
2178 5593 2279 5648 hoc
2301 5589 2422 5648 loco
2441 5587 2756 5648 Dominicus
2782 5588 3045 5648 adventus
3069 5592 3434 5658 comparatur,

255 5863 334 5939 ta)
369 5864 512 5921 Edit.
551 5863 675 5920 Lul.
705 5864 923 5933 omittit,
963 5861 1200 5920 habendo
1233 5865 1368 5920 enim
1392 5859 1592 5917 lumbos
1617 5861 1948 5930 pra'cinctos.
