3896 6452
150 395 253 459 om

860 400 1302 466 ENABRATIO
1334 407 1415 468 IN
1458 408 1958 472 EVANGELIUM
1995 413 2232 477 LUC/E.
2255 441 2324 452 —
2362 419 2521 481 CAP.
2546 423 2684 483 XII.

3309 433 3414 496 902

148 509 357 581 εὑρεθῇ
433 509 530 565 καὶ
585 511 847 583 φρόνιμος
879 550 895 578 ,
958 517 1432 587 κατασταθήσεται
1489 521 1584 573 ἐπὶ
1629 520 1706 590 τῆς

1810 560 1816 584 ,
1850 522 2088 589 Domini,
2117 525 2221 582 hoc
2244 538 2326 584 est
2374 545 2537 601 super
2563 548 2752 589 omnes
2784 550 2992 607 servos,
3035 548 3092 594 ut
3126 541 3414 611 unicuique

152 600 458 670 θεραπείας
492 602 586 655 τοῦ
645 604 880 680 Κυρίου,
927 606 1207 659 τουτέστιν
1267 609 1452 662 ἐπάνω
1504 610 1725 664 πάντων

146 692 266 743 τῶν
301 691 524 755 δούλων,
561 693 700 747 ὥστε
751 696 966 767 ἑκάστῳ
995 698 1053 750 ἐν
1084 697 1259 769 καιρῷ
1296 698 1497 753 διδόναι
1539 699 1600 754 τδ
1654 718 1739 754 σι-

145 785 468 854 τομέτρον,
495 787 607 839 εἴτε
649 786 980 858 δογματικδς
1011 784 1187 860 ’λόγος
1217 791 1388 856 ἐστὶν,
1421 785 1465 859 ᾧ
1495 792 1733 863 τρέφον-

143 892 245 928 ται
275 878 331 928 at
361 878 553 948 ψυχαὶ,
584 881 693 932 εἴτε
737 881 989 951 πράξεων
1023 882 1394 949 ὑποτύπωσις,
1430 885 1526 939 καὶ
1543 886 1732 940 διατα-

144 967 226 1038 γὴ
270 969 388 1032 πῶς
432 970 514 1022 δεῖ
558 970 738 1041 βιοῦνο
777 974 805 1026 6
850 973 1111 1037 τοιοῦτος,
1162 977 1212 1027 εί
1258 974 1435 1040 οὕτως
1478 977 1730 1050 εὑρεθείη

146 1057 355 1121 ποιῶν,
415 1060 706 1131 μακάριος,
763 1063 855 1116 καὶ¹
898 1062 993 1115 ἐπὶ
1041 1064 1177 1116 πᾶσι
1224 1068 1338 1129 τοῖς
1385 1065 1728 1137 ὑπάρχουσιν

141 1148 305 1218 αὑτῷ
338 1152 669 1222 καταστήσει
701 1154 863 1205 αὑτὸν
901 1153 929 1206 6
973 1154 1196 1225 Κύριος,
1234 1156 1294 1208 οὑ
1326 1156 1484 1225 μόνον
1505 1158 1597 1210 ἐπὶ
1618 1160 1729 1221 τοῖς

139 1238 387 1305 δούλοις,
421 1242 538 1295 ἀλλ’
566 1243 666 1314 ἤδη
697 1244 793 1297 καὶ
824 1244 1160 1315 ὑψηλοτέρου
1217 1245 1431 1318 βαθμοῦ
1466 1248 1735 1317 ἀξιώσας,-

138 1334 243 1385 ὲπὶ
276 1335 442 1386 πᾶσιν
476 1334 636 1387 αὑτὸν
672 1337 1025 1408 καταστήσει,
1082 1335 1222 1390 ὥστε
1268 1339 1363 1392 καὶ
1405 1339 1474 1392 τά
1506 1341 1727 1408 ἐπίγεια

136 1425 299 1494 ἔχειν
331 1427 677 1480 ὑπακούοντα
708 1428 803 1482 καὶ
862 1430 930 1482 τὰ
977 1429 1225 1500 οὐράνια,
1262 1424 1374 1494 οἷος
1440 1431 1647 1501 Ἰησοῦς
1694 1432 1723 1485 6

133 1517 239 1571 τοῦ
280 1519 461 1589 Ναυῆ,
496 1513 605 1580 οἷος
668 1519 875 1584 Ἠλίας,
909 1522 937 1572 6
965 1520 1062 1590 μὲν
1114 1521 1270 1592 ἡλίῳ,
1301 1524 1330 1576 6
1376 1523 1432 1575 δὲ
1473 1523 1722 1592 νεφέλαις

131 1611 407 1681 οὐρανοῦ
437 1612 840 1675 ἐπιτάττοντες,
885 1614 980 1665 καὶ
1007 1615 1212 1677 πάντες
1264 1615 1450 1679 ἁπλῶς
1493 1615 1543 1669 οί
1575 1616 1719 1684 άγιοι

133 1702 216 1767 ὡς
254 1702 393 1756 Θεοῦ
432 1705 574 1773 φίλοι
605 1709 717 1768 τοῖς
746 1704 841 1757 τοῦ
877 1704 1035 1773 φίλου
1084 1707 1383 1778 χρώμενον
1425 1708 1582 1763 κοινά
1609 1709 1718 1779 γὰρ

128 1796 206 1847 τά
238 1796 353 1847 τῶν
399 1795 567 1864 φίλων
593 1813 607 1826 ο
667 1798 759 1849 καὶ
809 1797 917 1860 πᾶς
948 1796 977 1849 6
1015 1797 1114 1869 τὴν
1166 1801 1477 1871 πρακτικὴν
1515 1799 1715 1871 μετιὼν

130 1886 349 1956 ἀρετὴν
375 1888 432 1938 ἐν
462 1886 538 1956 τῷ
563 1886 748 1958 ἡσύχῳ
769 1887 891 1959 βίῳ,
927 1888 1023 1942 καὶ
1056 1892 1125 1944 τά
1144 1889 1306 1944 δ)ὖλα
1334 1891 1512 1962 πάθη,
1550 1892 1722 1963 θυμὸν
1754 1873 1798 1928 Β

128 1979 238 2031 καὶ
270 1979 590 2048 ἐπιθυμίαν,
629 1979 948 2051 οἰκονομῶν,
975 1981 1077 2036 καὶ
1106 1981 1322 2053 ἑκάστῳ
1355 1984 1415 2036 ὲν
1444 1984 1621 2055 καιρῷ
1657 1985 1719 2038 τὸ

131 2070 491 2142 σιτομέτριον
522 2073 801 2142 παρέχων,
828 2072 985 2144 θυμῷ
1019 2073 1139 2145 μὲν,
1195 2072 1337 2128 ὥστε
1372 2077 1553 2145 μισεῖν
1586 2076 1715 2140 τοὺς

130 2160 443 2230 μισοῦντας
494 2163 585 2215 τὸν
615 2163 840 2235 Κύριον,
875 2165 971 2218 καὶ
1023 2164 1116 2219 ἐπὶ
1145 2169 1258 2231 τοῖς
1297 2167 1511 2237 ἐχθροῖς
1549 2168 1716 2222 αὑτοῦ

124 2253 494 2324 ἐκτήκεσθαι,
538 2255 805 2328 ἐπιθυμίᾳ
832 2255 909 2322 δὲ,
935 2256 1075 2310 ὥστε
1102 2257 1358 2328 πρόνοιαν
1384 2260 1482 2329 τῆς
1515 2261 1718 2330 σαρκὸς

124 2346 314 2398 ποιεῖν
351 2346 674 2415 ἀναγκαίαν,
717 2346 813 2401 καὶ
863 2348 993 2417 ὃλην
1027 2348 1200 2420 αὑτὴν
1246 2348 1382 2420 πρὸς
1417 2349 1550 2423 Θεὸν
1576 2352 1713 2404 άναο

122 2437 410 2508 πέμπειν·
456 2442 564 2504 πᾶς
636 2435 731 2495 οὖν
782 2441 810 2492 6
869 2441 1110 2504 τοιοῦτος
1151 2441 1440 2513 μακάριος,
1504 2444 1599 2497 καὶ
1647 2444 1711 2516 δὴ

121 2531 481 2596 ἐπιτεύξεται
533 2531 626 2585 καὶ
684 2530 940 2603 θεωρίας,
994 2532 1088 2586 καὶ
1138 2532 1229 2585 ἐπὶ
1282 2535 1417 2586 πᾶσι
1462 2537 1576 2599 τοῖς
1612 2535 1708 2590 τοῦ

125 2618 351 2688 Κυρίου
386 2620 690 2691 ὑπάρχουσι
719 2621 1217 2691 κατασταθήσεται,
1250 2621 1430 2674 πάντα
1462 2622 1541 2692 τῷ
1569 2622 1705 2676 θεω-

126 2712 352 2785 ρητικῷ
377 2712 453 2784 νῷ
482 2713 729 2780 ἀξιωθεὶς
756 2714 976 2785 βλέπειν
1018 2714 1113 2768 καὶ
1138 2716 1459 2767 ἐπισκοπεῖν
1479 2731 1495 2745 ·
1529 2715 1624 2768 καὶ
1646 2715 1708 2768 οὑ

1841 615 1931 671 det
1970 631 2278 674 mensuram
2317 620 2578 679 fru‘menti
2623 626 2675 679 in
2719 636 2960 699 tempore
2994 647 3116 701 suo,
3168 635 3281 689 sive
3311 635 3412 690 hoc

1838 716 1925 761 est
1954 722 2134 762 sermo
2178 710 2438 767 doctrina:
2460 730 2567 784 quo
2621 715 2840 772 aluntur
2869 722 3085 789 animae,
3136 725 3249 780 sive
3278 743 3408 794 ope-

1837 813 1958 852 rum
2023 804 2353 872 exemplum,
2410 816 2464 860 et
2511 809 2824 863 mandatum
2892 821 3161 881 quomodo
3224 818 3408 872 vivere

1835 903 2100 960 Oporteat.
2136 892 2334 950 Beatus
2363 897 2454 967 qui
2491 900 2616 955 talis
2646 899 2809 956 fuerit
2846 902 3117 969 iuventus,
3158 915 3212 961 et
3239 923 3403 974 super

1832 985 2015 1039 omnia
2063 1001 2158 1041 sua
2191 988 2484 1044 constituet
2536 992 2685 1047 illum
2719 992 2997 1049 Dominus.
3054 997 3171 1052 Non
3228 1002 3400 1055 solum

1831 1074 1976 1131 inter
2010 1093 2218 1147 servos,
2264 1080 2360 1136 sed
2412 1091 2467 1137 et
2510 1084 2811 1139 sublimiori
2842 1089 3015 1156 gradu
3070 1091 3397 1157 proveltens,

1829 1183 1994 1239 super
2027 1170 2209 1225 omnia
2241 1175 2549 1238 constituet.
2588 1185 2647 1231 ut
2676 1179 2725 1231 ei
2772 1189 2825 1231 et
2861 1187 3072 1232 terrena
3108 1173 3320 1235 subsint
3349 1193 3405 1237 et

1828 1262 2091 1315 caelestia.
2139 1262 2287 1320 Talis
2340 1274 2458 1321 erat
2496 1264 2656 1323 Jesus
2704 1267 2871 1334 Nave,
2920 1271 3043 1326 talis
3098 1271 3266 1334 Elius.
3305 1271 3398 1329 llle

1827 1352 1970 1433 enim
2003 1352 2128 1416 soli,
2180 1354 2269 1409 hic
2311 1366 2492 1410 autem
2547 1357 2782 1414 nubibus
2816 1359 2939 1414 caeli
2974 1360 3297 1430 imperabat.
3332 1364 3398 1418 Et

1808 1457 2011 1499 .omues
2031 1445 2350 1516 simpliciter
2369 1449 2560 1517 sancti,
2587 1461 2643 1504 ut
2668 1451 2825 1506 amici
2853 1452 2968 1519 Dei,
2994 1453 3079 1509 bis
3104 1469 3222 1524 quae
3240 1456 3405 1512 amici

1823 1545 1950 1592 sunt
1989 1548 2233 1593 utuntur.
2265 1537 2584 1595 Communia
2621 1542 2763 1596 enim
2789 1554 2918 1597 sunt
2967 1546 3149 1599 omnia
3190 1546 3399 1602 amico-

1821 1645 1963 1685 rum.
1998 1632 2064 1685 Et
2099 1633 2274 1688 omnis
2323 1633 2414 1703 qui
2447 1634 2499 1688 in
2530 1633 2776 1689 solitaria
2807 1636 2913 1690 vita
2963 1637 3193 1691 activam
3229 1639 3395 1693 vitam

1820 1723 1948 1792 agit,
1977 1725 2268 1781 etserviles
2292 1725 2623 1794 atl‘ectiones,
2654 1727 2787 1782 iram
2809 1738 2864 1783 et
2882 1730 3398 1798 concupiscentiam,

1826 1814 2118 1885 gubernat,
2142 1826 2194 1869 et
2223 1831 2374 1872 suam
2408 1817 2603 1885 cuique
2636 1832 2939 1873 mensuram
2976 1819 3136 1873 tritici
3185 1818 3237 1872 in
3261 1825 3401 1873 tem-

1830 1919 1964 1975 pore
1988 1906 2285 1975 distribuit,
2343 1909 2476 1963 iram
2519 1909 2732 1978 quidem
2768 1912 2866 1975 ita,
2904 1921 2962 1964 ut
3013 1911 3136 1965 odio
3194 1910 3396 1966 habeat

1827 1998 1953 2051 odio
1992 1997 2251 2054 habentes
2283 1997 2591 2066 Dominum,
2643 2009 2700 2055 et
2751 2017 2918 2072 super
2963 2001 3215 2058 inimicos
3270 2016 3401 2058 suos

1830 2088 2093 2155 tabescat,
2147 2092 2643 2162 concupiscentiam
2679 2093 2924 2159 veroita,
2953 2103 3011 2148 ut
3034 2094 3398 2150 necessariam

1796 2181 2010 2237 .carnis
2041 2192 2418 2250 geratcuram,
2451 2193 2504 2238 et
2537 2199 2658 2238 eam
2685 2194 2850 2239 totam
2882 2186 2934 2239 in
2961 2184 3128 2241 Deum
3157 2187 3391 2254 dirigat:

1821 2270 2022 2337 omnis,
2052 2272 2296 2343 inquam,
2315 2273 2437 2328 talis
2455 2273 2650 2329 beatus
2676 2284 2781 2341 est,
2812 2283 3204 2346 ctassequetur
3231 2278 3396 2331 etiam

1820 2362 2335 2432 contemplationem
2368 2403 2384 2429 ,
2458 2375 2514 2420 et
2592 2380 2759 2436 Super
2831 2368 3015 2421 omnia
3099 2382 3221 2438 quae
3290 2366 3399 2421 Do-

1820 2454 1950 2507 mini
1991 2454 2073 2508 sui
2108 2464 2255 2520 sunt,
2288 2457 2679 2521 constituetur,
2712 2458 3120 2528 merebiturque
3146 2467 3397 2513 contem-

1818 2542 2019 2612 plativo
2056 2544 2213 2599 oculo
2264 2545 2572 2613 perspicere
2629 2554 2682 2601 et
2729 2560 2825 2602 eas
2864 2563 2983 2618 qua:
3025 2563 3127 2602 non
3179 2547 3396 2617 proprie

1814 2633 2067 2690 dicuntur
2121 2634 2435 2704 facultates,
2484 2646 2540 2693 et
2595 2651 2692 2693 eas
2724 2654 2843 2709 quae
2890 2640 3130 2712 proprie,
3163 2648 3393 2694 aeternas

1815 2723 1960 2783 dico.

122 2809 300 2880 μόνον
330 2808 501 2862 ταῦτα
526 2810 594 2863 τὰ
628 2811 704 2882 μὴ
732 2808 949 2882 Κυρίως
981 2808 1315 2879 ὑπάρχοντα,
1350 2808 1484 2865 ἀλλὰ
1513 2809 1608 2862 καὶ
1639 2810 1706 2864 τὰ
1736 2820 1942 2887 κυρίως
1976 2822 2310 2895 ὑπάρχοντα,
2349 2810 2578 2898 λέγωδὴ
2616 2826 2685 2881 τά
2722 2798 2931 2881 αἰώνια.

204 2920 227 2953 ι
274 2900 404 2953 Ἐάν
455 2901 512 2954 δὲ
562 2902 692 2975 εἴπῃ
742 2899 770 2953 6
823 2900 1008 2966 δοῦλος
1047 2900 1255 2964 ἐκεῖνος
1295 2902 1354 2955 ἐν
1397 2903 1463 2972 τῇ
1515 2902 1712 2974 καρδίᾳ

118 2992 301 3047 αὑτοῦ
331 3009 348 3026 ο
380 2994 630 3067 Χρονίζει
658 2996 685 3047 6
717 2992 923 3065 Κύριός
965 3009 1067 3065 μου
1109 2992 1307 3060 ἐλθεῖν,
1337 2994 1430 3048 καὶ
1474 2993 1708 3066 ἄρξηται

1887 2914 2054 2974 Vsus.
2088 2917 2178 2982 45,
2226 2917 2316 2973 46.
2356 2935 2376 2970 ι
2412 2918 2565 2986 Quod
2596 2919 2639 2974 si
2667 2935 2857 2975 servus
2882 2919 2978 3003 ille
3016 2917 3068 2973 in
3108 2917 3273 2973 corde
3292 2931 3391 2973 suo

1815 3003 2013 3060 dixerit
2038 3005 2270 3064 :‘Diti‘crt
2303 3008 2563 3064 Dominus
2590 3025 2741 3065 meus
2782 3010 3032 3075 reditum,
3054 3009 3390 3080 cmperitque

119 3086 372 3140 τύπτειν
401 3088 527 3150 τοὺς
558 3086 749 3150 παῖδας
789 3087 884 3140 καὶ
917 3085 1018 3149 τὰς
1042 3085 1355 3152 παιδίσκας,
1393 3087 1598 3140 ἐσθίειν
1647 3105 1705 3142 τε

1810 3107 2090 3164 percutere
2115 3112 2302 3155 servos
2329 3109 2384 3154 et
2417 3099 2662 3166 ancillas,
2697 3107 2751 3154 et
2781 3100 2945 3156 edere
2981 3102 3302 3167 bibereque,
3328 3113 3383 3157 et

119 3182 227 3233 καὶ
254 3180 454 3245 πίνειν,
484 3181 576 3235 καὶ
610 3179 1001 3251 μεθύσκεσθαι,
1034 3179 1155 3252 ἥξει
1186 3182 1215 3233 6
1253 3178 1447 3252 κύριος
1468 3179 1563 3234 τοῦ
1588 3180 1710 3234 δού-

118 3272 225 3328 λου
265 3272 476 3326 ἐκείνου
512 3274 569 3326 ἐν
592 3274 774 3345 ἡμέρᾳ
873 3273 934 3327 οὑ
973 3273 1269 3344 προσδοκᾷ,
1304 3273 1398 3326 καὶ
1429 3275 1486 3327 ἐν
1520 3272 1641 3346 ὥρᾳ

117 3368 185 3420 οὑ
225 3366 508 3435 γινώσκει,
560 3368 654 3420 καλ⁹
683 3367 1028 3438 διχοτομήσει
1073 3367 1257 3432 αὑτὸν,
1298 3367 1393 3420 καὶ
1435 3366 1498 3421 τὸ
1542 3369 1709 3439 μέρος

117 3456 297 3511 αὑτοῦ
327 3458 467 3527 μετὰ
504 3458 611 3511 τῶν
646 3458 889 3512 ἀπίστων
928 3458 1107 3531 θήσει.
1152 3477 1171 3511 ι
1206 3458 1342 3512 Οὑαὶ
1375 3461 1487 3523 τοῖς
1523 3460 1702 3514 τοιού-

116 3566 245 3613 τοις
305 3548 533 3615 δούλοις,
593 3549 642 3602 οἳ
694 3550 940 3620 χάρισμα
1007 3548 1264 3614 λαϐόντες
1324 3553 1704 3622 πνευματικῆς

118 3641 477 3704 ἐπιστασίας,
509 3638 883 3712 διαφθείρουσι
903 3639 1001 3711 τὴν
1031 3640 1490 3711 ἐμπιστευθεῖσαν
1518 3641 1703 3705 αὑτοῖς

116 3732 469 3801 οἰκονομίαν,
497 3731 593 3784 καὶ
623 3730 835 3784 πίνουσι
883 3731 1002 3800 μὲν,
1041 3733 1135 3785 καὶ
1168 3730 1557 3802 μεθύσκονται,
1585 3731 1697 3784 εἴτε

117 3822 406 3892 αἰσθητῶς
435 3821 608 3876 ταῦτα
641 3820 850 3892 βούλοιο
908 3825 1068 3876 νοεῖνο
1127 3821 1416 3892 συμϐαίνει
1458 3823 1568 3893 γάρ
1601 3823 1696 3875 καὶ

118 3916 290 3972 τοῦτο
317 3920 428 3981 τοῖς
463 3920 652 3980 κακοῖ;
700 3919 808 3971 τῶν
850 3916 1190 3989 Ἐκκλησιῶν
1236 3916 1490 3988 ἡγεμόσι,
1525 3933 1700 3972 κατα·

119 4007 451 4063 σπαταλῶσι
480 4008 588 4061 τῶν
606 4008 895 4080 πτωχικῶν
917 4026 1022 4080 χρη
1032 4008 1242 4077 μάτωνο
1262 4009 1372 4062 εἴτε
1410 4007 1503 4061 καὶ
1530 4007 1702 4079 μέθην

118 4104 270 4154 νοεῖν
294 4100 467 4163 θέλεις
517 4101 616 4172 τὴν
639 4100 967 4172 παραφορὰν
989 4098 1083 4153 τοῦ
1118 4098 1233 4166 νοῦ,
1255 4101 1349 4153 καὶ
1384 4101 1442 4153 ἐν
1466 4100 1701 4170 δόγμασι

116 4196 222 4246 καὶ
251 4194 312 4246 ἐν
342 4193 611 4263 χρήμασι.
646 4192 921 4247 Τύπτουσι
947 4192 1004 4245 δέ
1030 4193 1079 4246 oi
1133 4190 1365 4246 τοιοῦτοι
1397 4191 1700 4265 προστάται

116 4286 252 4348 τοὺς
291 4288 483 4347 παῖδας
508 4286 601 4339 καὶ
621 4284 718 4349 τὰς
752 4284 1065 4350 παιδίσκας,
1093 4284 1235 4354 φημὶ
1269 4284 1356 4354 δὴ.
1384 4283 1512 4348 τοὺς
1536 4285 1597 4336 ἐν
1630 4285 1696 4355 τῇ

127 4374 434 4445 Ἐκκλησία
464 4374 887 4446 ἀσθενεστέρους
938 4374 1408 4443 σκανδαλίζοντες,
1461 4374 1695 4430 τύπτου-

1809 3186 2112 3244 iuebriari:
2162 3190 2343 3245 veniet
2394 3191 2647 3247 dominus
2689 3192 2833 3248 servi
2883 3191 3029 3247 illius
3072 3193 3124 3247 in
3157 3192 3245 3248 die
3277 3207 3385 3262 quo

1808 3294 1917 3334 non
1948 3290 2151 3351 sperat,
2183 3290 2239 3336 et
2281 3282 2414 3337 hora
2446 3298 2550 3353 qua
2585 3283 2782 3349 nescit,
2823 3291 2878 3337 et
2907 3282 3199 3339 dissecabit
3232 3298 3377 3349 eum,

1806 3380 2119 3442 partemque
2159 3372 2276 3441 ejus
2316 3388 2436 3428 cum
2497 3374 2678 3430 inﬁdis
2740 3384 2924 3445 ponet.
2966 3393 2986 3427 ι
3045 3375 3134 3431 Va:
3186 3376 3382 3431 talibus

1806 3462 2001 3527 servis,
2038 3463 2128 3532 qui
2182 3465 2383 3519 donum
2432 3466 2728 3535 spiritualis
2767 3466 3126 3536 praesidentia‘
3153 3481 3381 3534 accepe-

1805 3561 1952 3615 runt,
1983 3561 2037 3607 et
2063 3554 2522 3623 dispensationem
2554 3554 2655 3610 sibi
2699 3555 3047 3610 commissam
3083 3554 3380 3610 inﬁdeliter

1801 3652 2021 3712 gerunt,
2046 3655 2099 3699 et
2137 3646 2330 3701 bibunt
2377 3662 2440 3702 ac
2469 3646 2847 3701 inebriautur:
2907 3647 3023 3702 sive
3054 3647 3374 3701 ebrietatem

1803 3735 2140 3791 sensibiliter
2183 3736 2485 3808 intelligere
2539 3738 2779 3793 volueris
2812 3755 2826 3793 :
2860 3737 3124 3807 contingit
3154 3737 3296 3791 enim
3325 3745 3381 3791 et

1802 3827 1905 3882 hoc
1936 3827 2090 3882 malis
2140 3827 2505 3890 Ecclesiarum
2534 3827 2876 3898 praesidibus,
2921 3827 3088 3898 3'79
3113 3827 3209 3897 qui
3238 3826 3377 3883 deli-

1800 3919 1950 3974 ciose
2002 3919 2194 3974 vivunt
2227 3919 2293 3974 de
2343 3919 2499 3975 bouis
2537 3934 2831 3990 pauperum
2864 3935 2878 3972 :
2906 3920 3021 3973 sive
3073 3919 3236 3972 etiam
3278 3933 3376 3989 per

1799 4012 2117 4067 ebrietatem
2172 4010 2472 4080 intelligere
2528 4009 2708 4081 placet
2745 4009 3148 4079 pet-versionem
3191 4018 3368 4065 status

1798 4104 1999 4160 mentis
2020 4117 2117 4175 per
2141 4101 2307 4159 falsas
2331 4102 2628 4165 doctrinas,
2656 4100 2737 4156 vel
2761 4115 3002 4156 amorem
3032 4099 3367 4155 divitiarum.

1796 4192 2104 4250 Verberant
2137 4193 2282 4248 enim
2336 4192 2472 4248 tales
2512 4192 2771 4263 praesides
2817 4205 3010 4248 servos
3042 4200 3095 4247 et
3124 4191 3372 4255 ancillas,

1798 4282 1903 4339 hoc
1945 4291 2051 4349 est,
2116 4280 2438 4337 otl'endiculo
2487 4290 2616 4335 sunt
2669 4279 3064 4336 inﬁrmioribus
3096 4279 3373 4348 Ecclesiae,

1805 4388 2036 4443 quorum
2074 4373 2383 4441 percutiunt
2408 4371 2822 4429 conscientiam.
2861 4370 3074 4427 Etenim
3119 4372 3374 4427 tntirmus

116 4482 210 4518 σιν
239 4464 421 4517 αὑτῶν
446 4465 893 4537 τὴνσυνείδησιν.
939 4464 999 4519 '0
1040 4466 1151 4537 γὰρ
1183 4466 1415 4538 ἀσθενὴς
1473 4467 1568 4520 καὶ
1608 4483 1700 4538 μι-

1810 4474 1861 4522 ct
1909 4465 2290 4536 pusillanimis,
2331 4479 2456 4522 cum
2500 4462 2698 4519 viderit
2730 4479 2817 4519 me
2841 4465 3152 4535 episcopum
3204 4465 3371 4519 vitam

116 4553 395 4625 κρόψυχος
422 4555 545 4609 ἰδὼν
577 4557 676 4626 ἐμὲ
704 4557 797 4608 τὸν
850 4555 1120 4627 ἀρχιερέα
1165 4556 1349 4621 κακῶς
1378 4556 1696 4624 δ;εξάγοντα

113 4650 216 4717 τὴν
252 4647 422 4717 ζωὴν,
462 4647 724 4701 τύπτεται
758 4647 857 4719 τὴν
902 4648 1208 4718 συνείδησιν
1259 4649 1691 4720 σκανδαλιζόμε·

114 4757 231 4802 νος,
258 4739 358 4792 καὶ
391 4737 605 4810 πληγάς
636 4739 852 4808 δέχεται
879 4740 939 4792 ἐν
967 4741 1032 4811 τῇ
1065 4738 1283 4811 καρδίᾳ,
1338 4739 1434 4791 καὶ
1466 4739 1692 4791 ἀσθενέ-

115 4848 313 4901 στερος
373 4830 601 4900 γίνεται.
672 4830 861 4886 Ταῦτα
922 4831 981 4884 δὲ
1037 4830 1216 4884 πάντα
1270 4829 1563 4901 συμϐαίνει
1617 4829 1695 4900 τῷ

113 4923 348 4992 πονηρῷ
399 4922 571 4991 δούλῳ
600 4924 664 4976 ἐκ
700 4921 795 4976 τοῦ
857 4924 1052 4990 είπεῖν,
1098 4924 1204 4986 ὄτι,
1250 4921 1310 4974 '0
1351 4921 1554 4991 Κύριός
1589 4938 1692 4992 μου

113 5015 362 5085 χρονίζει
412 5013 607 5067 ἐλθεῖν·
664 5014 775 5069 άπὸ
823 5013 1094 5086 ῥᾳθυμίας
1126 5012 1258 5084 γάρ,
1308 5012 1402 5066 καὶ
1451 5012 1546 5065 τοῦ
1605 5011 1681 5084 μὴ

114 5104 477 5176 ἐνθυμεῖσθαι
513 5106 612 5180 τὴν
637 5106 788 5179 ὥραν
821 5108 922 5179 τῆς
945 5106 1228 5178 τελευτῆς,
1254 5106 1322 5160 τά
1349 5104 1578 5160 τοιαῦτα
1606 5105 1692 5174 γί-

114 5216 324 5253 νονται.
365 5199 428 5253 Ei
455 5200 562 5273 γάρ
604 5201 945 5271 ἐνενοοῦμεν,
987 5200 1071 5254 ὅτι
1107 5200 1285 5271 ἥκειὸ
1324 5198 1550 5268 Κύριος,
1592 5199 1689 5254 καὶ

114 5290 210 5344 ἐπὶ
229 5290 429 5363 θύραις
452 5292 486 5363 ἡ
509 5291 737 5364 τελευτὴ
785 5293 883 5346 καὶ
906 5291 1191 5346 συντέλεια
1215 5291 1315 5360 τῆς
1338 5288 1486 5360 ζωῆς
1508 5291 1687 5360 ἡμῶν,

112 5378 280 5454 ἦττον
342 5382 409 5435 ἂν
450 5382 862 5454 ἡμαρτάνομεν.
913 5382 1055 5436 Ἀλλ’
1105 5383 1209 5453 ὅρα
1247 5377 1342 5436 καὶ
1385 5380 1484 5453 τὴν
1520 5398 1689 5452 τιμω-

118 5472 268 5542 ρίαντ
303 5472 683 5541 Διχοτομήσει,
711 5472 896 5538 φησὶν,
924 5471 1108 5537 αὑτὸν,
1138 5471 1410 5536 τουτέστι,
1433 5473 1688 5541 στερήσει

112 5559 208 5611 τοῦ
242 5559 585 5629 χαρίσματος
609 5557 704 5612 τοῦ
728 5557 1129 5614 διδασκαλικοῦ.
1196 5560 1316 5615 Ἵνα
1360 5561 1469 5632 γάρ
1498 5562 1571 5631 μή
1604 5577 1688 5623 τις

114 5653 319 5725 νομίσῃ
346 5653 428 5706 ὅτι
466 5651 826 5723 ωμόαλεῖται
851 5651 1001 5721 αὑτῷ
1032 5653 1092 5706 τὸ
1123 5655 1392 5724 χάρισμα,
1438 5653 1574 5722 πρὸς
1623 5651 1684 5703 τὸ

118 5744 195 5812 μὴ
236 5743 593 5816 σφοδρότερον
644 5742 995 5815 κολασθῆναι,
1034 5743 1177 5806 Πῶς,
1257 5743 1415 5813 φησι,
1474 5741 1685 5813 συμϐα-

115 5830 295 5888 λεῖται
322 5832 472 5890 αὑτῶ
516 5834 580 5888 τδ
628 5833 896 5905 χάρισμα,
948 5832 1081 5886 ὅπου
1121 5848 1183 5902 γε
1229 5832 1431 5902 γυμνὸς
1482 5834 1673 5885 τούτου

1801 4558 1945 4613 male
1975 4558 2299 4629 transigere,
2328 4556 2999 4628 percutitur'couscientia
3026 4554 3288 4619 offensus,
3318 4563 3375 4610 et

1796 4647 2010 4719 plagam
2069 4648 2269 4718 accipit
2324 4648 2381 4702 in
2437 4648 2624 4713 corde,
2673 4645 2843 4713 ﬁtque
2902 4645 3193 4699 inﬁrmior.
3245 4642 3371 4700 llaec

1794 4747 1974 4793 autem
1999 4736 2184 4792 omnia
2217 4735 2542 4804 contingunt
2581 4734 2789 4790 inﬁdeli
2827 4748 2986 4790 servo
3033 4747 3100 4787 ex
3124 4747 3188 4788 eo
3222 4734 3367 4801 quod

1794 4830 1927 4885 dicit
1958 4847 1974 4885 ι
2009 4826 2197 4883 Diﬂert
2218 4826 2472 4883 dominus
2493 4840 2649 4882 meus
2690 4826 2919 4882 reditum
2947 4843 2961 4881 :
3003 4839 3113 4896 prae
3156 4823 3367 4895 ignavia

1793 4921 1938 4978 enim
1982 4920 2084 4975 boc
2121 4917 2279 4985 facit,
2313 4932 2424 4974 non
2451 4917 2699 4987 cogitans
2726 4916 2919 4971 horam
2962 4916 3175 4971 mortis.
3224 4916 3365 4970 Nam

1791 5015 1838 5069 si
1876 5014 2242 5084 cogitaremus
2293 5019 2579 5067 venturum
2627 5009 2936 5073 Dominum,
2971 5018 3025 5063 et
3057 5008 3114 5063 in
3157 5007 3365 5065 toribus

1791 5105 1952 5160 tinem
1983 5111 2038 5159 ct
2066 5101 2592 5159 consummationem
2642 5100 2767 5157 vitae
2797 5108 2998 5154 nostra:
3014 5113 3159 5162 esse,
3185 5098 3362 5153 minus

1793 5195 1977 5265 utique
2031 5207 2401 5262 peccaremus.
2476 5189 2674 5246 Verum
2724 5190 2845 5244 vide
2904 5199 2960 5243 et
3014 5188 3358 5259 supplicium.

1790 5284 2116 5352 Dissecabit,
2185 5283 2382 5355 inquit,
2441 5282 2617 5347 illum,
2663 5281 2764 5335 hoc
2811 5287 2917 5342 est,
2948 5280 3184 5351 privabit
3213 5279 3361 5333 illum

1790 5375 2015 5431 docendi
2044 5376 2236 5446 gratia.
2260 5373 2353 5437 Ne
2376 5372 2500 5443 quis
2533 5370 2677 5425 enim
2712 5377 2863 5439 putet
2898 5370 3041 5440 quod
3077 5370 3177 5440 ipsi
3223 5385 3355 5424 cou-

1789 5468 1930 5524 ferat
1963 5469 2163 5523 donum
2189 5468 2255 5523 ad
2284 5467 2386 5521 hoc
2420 5479 2487 5519 ne
2518 5465 2736 5535 gravius
2754 5463 3027 5532 puniatur,
3056 5463 3360 5531 Quomodo,

1791 5560 1991 5628 inquit,
2019 5556 2266 5625 conterat
2299 5556 2348 5610 ei
2379 5554 2581 5610 donum
2614 5568 2739 5608 cum
2784 5551 2877 5608 illo
2935 5568 3081 5609 nunc
3120 5554 3360 5607 nudatus

1791 5642 2135 5700 iuven'atur?
2165 5643 2427 5697 dissecari
2460 5642 2604 5696 enim
2636 5641 2902 5712 signiﬁcat
2926 5642 3098 5712 gratia
3129 5641 3358 5709 privari.

1790 5735 2084 5790 Enimvero
2134 5734 2225 5790 ille
2267 5744 2397 5789 tunc
2431 5733 2756 5789 miserabilis
2793 5732 3086 5797 invenitur,
3112 5730 3253 5799 quod
3291 5730 3361 5783 sit

1785 5843 1914 5885 caro
1945 5836 2000 5884 et
2030 5842 2139 5884 non
2196 5826 2593 5899 spiritus,quia
2645 5836 2772 5882 tunc
2799 5838 2992 5885 sumus
3039 5825 3092 5879 tu
3140 5822 3354 5895 spiritu,
