3896 6452
123 364 244 428 905

813 365 1254 427 ENARRATIO
1295 365 1374 426 IN
1415 359 1916 427 EVANGELIUM
1947 360 2184 422 LUC.‘E.
2213 386 2281 395 -
2318 361 2477 422 CAP.
2513 362 2649 423 XII.

3259 365 3364 429 906

122 471 263 534 πῶς
291 471 584 542 συνέχομαι
622 469 725 535 ἕως
746 465 808 525 οῦ
857 473 1125 544 τελεσθῇ;
1169 492 1186 524 ι
1224 473 1343 542 Πῦρ
1381 475 1580 526 νοεῖται
1607 470 1703 539 μὲν

1811 467 1982 523 habeo
2026 468 2316 538 baptizari,
2359 479 2412 524 et
2469 469 2741 538 quomodo
2809 473 3153 544 constringor
3205 475 3380 534 donec

114 564 227 614 καὶ
254 561 315 614 τὸ
339 562 626 633 κήρυγμα,
685 565 714 616 6
756 563 914 633 λόγος
943 565 1054 637 γάρ
1099 565 1212 638 πῦρ
1263 564 1567 619 κατεσθίων
1596 563 1706 616 πᾶν

116 652 334 717 ὑλῶδες
390 655 485 708 καὶ
535 655 877 724 συρφετῶδες
909 656 1107 728 νόημα,
1155 658 1249 712 καὶ
1293 656 1360 710 τά
1401 654 1593 708 εῐδωλα
1624 651 1707 718 ἐξ·

116 746 410 813 ἀφανίζων
435 747 622 810 ὁποίας
648 749 714 800 ἂν
737 748 868 819 ῦλης
898 746 1030 805 εἷεν.
1058 751 1279 804 Νοείται
1301 749 1356 802 δὲ
1377 749 1473 802 καὶ
1499 749 1526 801 6
1546 745 1708 816 ζῆλος

114 842 146 891 6
203 840 349 910 ὑπὲρ
377 841 469 895 τοῦ
510 841 678 896 καλοῦ
713 844 773 895 ἐν
823 845 1038 915 ἑκάστῳ
1089 845 1244 914 ἡμῶν
1294 844 1705 913 ἀναπτόμενος’

111 931 269 1001 τάχα
293 933 348 986 δὲ
383 935 477 987 καὶ
511 928 667 995 οὗτος
691 935 782 990 διὰ
840 937 933 991 τὸν
987 937 1143 1005 λόγον
1173 935 1268 990 τοῦ
1316 935 1451 989 Θεοῦ
1485 934 1708 1005 γινόμε-

113 1042 240 1089 νος,
280 1026 383 1080 οὐκ
413 1028 637 1082 ἀπέοικε
667 1029 763 1083 τοῦ
828 1030 1099 1102 προτέρου
1123 1044 1136 1058 ·
1169 1029 1346 1098 τούτῳ
1370 1029 1436 1099 δὴ
1467 1026 1546 1097 τῷ
1575 1025 1706 1094 πυρὶ

115 1116 379 1183 βούλεται
431 1122 459 1172 6
495 1119 698 1188 Κύριος
749 1121 1085 1176 ἀνάπτεσθαι
1137 1121 1235 1185 τὰς
1270 1120 1496 1191 καρδίας
1522 1117 1702 1188 ἡμῶνο

112 1209 204 1260 δεῖ
239 1211 350 1278 γὰρ
380 1212 524 1282 ἡμᾶς
556 1210 717 1282 ζῆλον
750 1212 1014 1283 διάπυρον
1043 1212 1184 1282 ὑπὲρ
1204 1213 1298 1265 τοῦ
1327 1209 1492 1263 καλοῦ
1527 1209 1704 1278 ἔχειν’

113 1302 178 1353 τδι
215 1302 418 1374 γάρ,τί
440 1304 596 1371 θέλω,
615 1307 734 1359 ἀντὶ
756 1306 872 1370 τοῦ,
895 1307 1059 1360 πόσον
1082 1306 1241 1372 θέλω,
1264 1306 1311 1358 εί
1336 1304 1434 1376 ήδη
1459 1301 1704 1374 ἀνήφθη;

127 1391 495 1446 Ἐπισπεύδει
565 1396 674 1466 γὰρ
709 1395 808 1466 τὴν
841 1397 1038 1466 ἄναψιν
1105 1395 1298 1449 τούτου
1353 1393 1445 1448 τοῦ
1513 1392 1704 1464 πυρὸς,

117 1483 318 1547 καθὼς
351 1486 444 1538 καὶ
477 1487 504 1538 6
551 1487 762 1550 Παῦλος
816 1489 964 1556 λέγει
995 1506 1010 1521 ο
1034 1489 1124 1559 Τῷ
1159 1487 1436 1556 πνεύματι
1463 1487 1700 1551 ζέοντες.

115 1577 236 1630 Καὶ
274 1579 472 1633 πάλινο
510 1581 666 1651 Ζηλῶ
693 1582 803 1653 γάρ
833 1583 978 1652 ὑμᾶς
1003 1582 1139 1636 Θεοῦ
1182 1582 1352 1653 ζήλῳ.
1407 1580 1701 1648 Βάπτισμα

113 1670 174 1723 δὲ
230 1671 329 1724 τὸν
377 1671 606 1726 θάνατον
656 1674 850 1728 ἑαυτοῦ
891 1675 1061 1744 λέγει.
1119 1675 1337 1744 Ἐπειδὴ
1368 1675 1476 1743 γάρ
1515 1672 1575 1725 τὸ
1595 1671 1706 1741 πῦρ

121 1764 295 1818 τοῦτο
349 1768 451 1819 οὐκ
497 1766 672 1830 ἄλλως
709 1767 932 1840 ἔμελλεν
993 1770 1320 1840 ἀναφθῆναι,
1357 1772 1404 1822 εί
1448 1770 1522 1840 μὴ
1569 1768 1706 1839 μετά

113 1857 212 1909 τὸν
254 1858 488 1920 θάνατον
519 1858 685 1914 αὐτοῦ
726 1877 740 1891 ⁸
778 1864 871 1915 καὶ
926 1862 1034 1934 γὰρ
1083 1863 1270 1916 ἔκτοτε
1331 1863 1392 1916 τὸ
1449 1865 1707 1935 κήρυγμα

118 1949 219 2001 καὶ
260 1951 289 2003 6
317 1949 479 2019 ζῆλος
499 1952 708 2022 ηὐξήθη
732 1970 746 1984 ·
791 1953 877 2006 διὰ
905 1953 1062 2007 τοῦτο
1099 1955 1293 2022 ἐπάγει
1333 1955 1427 2008 καὶ
1460 1955 1586 2024 περὶ
1612 1951 1706 2006 τοῦ

114 2042 388 2109 θανάτου,
425 2045 708 2115 ὀνομάζων
739 2045 903 2100 αὐτὸν
953 2047 1260 2118 βάπτισμα.
1312 2046 1626 2118 Ἐπιθυμῶν
1651 2047 1707 2100 δὲ

113 2133 316 2188 τούτου
358 2135 580 2207 σφόδρα,
622 2137 754 2208 φησί
776 2153 788 2167 ⁶
817 2139 926 2192 Καὶ
955 2139 1072 2202 πῶς
1103 2140 1417 2210 συνέχομαι,
1443 2141 1562 2192 ἀντὶ
1587 2138 1704 2205 τοῦ,

113 2225 296 2279 πόσον
368 2225 638 2298 φροντίζω
708 2229 801 2281 καλ.
857 2228 1134 2301 θλίϐομαι,
1185 2230 1290 2294 ἕως
1341 2224 1402 2284 οὗ
1444 2229 1706 2302 τελεσθῇς

112 2317 278 2387 Διψῶ
310 2319 417 2390 γὰρ
451 2320 542 2374 τὸν
571 2321 708 2394 ὑπὲρ
739 2323 839 2392 τῆς
869 2322 1088 2376 πάντων
1114 2323 1388 2394 σωτηρίας
1427 2323 1692 2392 θάνατον.

114 2411 245 2483 Πῦρ
275 2413 336 2467 δὲ
379 2410 510 2486 ἦλθε
551 2415 734 2486 βαλεῖν
784 2418 813 2470 6
842 2415 1062 2488 Κύριος,
1101 2417 1163 2470 οὐ
1200 2419 1360 2486 μόνον
1405 2417 1496 2469 ἐπὶ
1525 2417 1709 2469 πᾶσαν

115 2506 223 2576 τὴν
254 2507 386 2575 γῆν,
415 2509 493 2571 εἰς
524 2509 590 2578 ἣν
623 2510 650 2561 6
681 2508 842 2578 λόγος
869 2508 963 2562 καὶ
1011 2509 1045 2580 ἡ
1083 2509 1266 2572 πίστις
1295 2506 1546 2577 ἠπλώθη,
1572 2506 1709 2560 ἀλλὰ

114 2600 215 2655 καὶ
251 2601 347 2651 ἐπὶ
367 2600 464 2671 τὴν
515 2601 750 2654 ἑκάστου
796 2600 998 2672 ψυχὴν,
1029 2601 1134 2671 γῆν
1165 2600 1274 2671 μὲν
1321 2597 1486 2652 οὖσαν
1536 2599 1708 2652 ἀκαν-

120 2691 374 2762 θηφόρον
397 2694 490 2746 καὶ
513 2692 785 2764 ἄκαρπον,
814 2693 918 2757 ὑπὸ
947 2692 1003 2744 δὲ
1034 2691 1128 2746 τοῦ
1157 2691 1300 2746 θείου
1319 2692 1482 2760 λόγου
1512 2689 1703 2759 ὥσπερ

117 2786 307 2856 πυρὶς
347 2785 756 2857 διακαιομένην,
810 2784 907 2838 καὶ
944 2784 1201 2856 δεκτικὴν
1255 2785 1550 2855 γινομένην
1596 2782 1708 2836 τῶν

117 2875 292 2930 θείων
324 2878 680 2948 σπερμάτων,
701 2877 796 2931 καὶ
817 2873 1274 2947 καρποφοροῦσαν
1297 2873 1705 2945 πνευματικῶς.

115 2969 300 3023 Ὅταν
357 2969 465 3042 γὰρ
511 2969 713 3040 ἅψηταί
767 2986 912 3033 τινος
964 2968 1142 3040 ψυχῆς
1207 2969 1457 3042 ἀοράτως
1508 2969 1542 3039 ή
1587 2967 1708 3022 θεία

116 3064 315 3135 χάρις,
340 3063 488 3115 δοκεῖ
511 3061 807 3130 φλέγεσθαι
831 3059 908 3131 τῷ
937 3059 1074 3114 Θεοῦ
1108 3061 1281 3131 πόθῳ,
1325 3060 1400 3124 ὼς
1433 3061 1533 3114 οὐκ
1559 3059 1706 3114 ἐστιν

117 3157 325 3219 εἰπεῖν,
354 3152 542 3226 ὥσπερ
565 3153 758 3223 ἀμέλει
783 3153 878 3207 καὶ
912 3154 962 3206 oi
990 3152 1121 3224 περὶ
1149 3152 1403 3206 Κλεόπαν
1424 3152 1504 3225 τῷ
1523 3153 1704 3206 τοιούο

115 3264 195 3319 τῳ
227 3265 308 3300 πυ
317 3248 372 3317 ρί
399 3250 497 3317 τῆς
532 3245 626 3299 τοῦ
654 3246 789 3298 Θεοῦ
813 3245 1248 3316 ὑπο-,φλεγόμενοι
1271 3245 1520 3316 ἀοράτως
1543 3246 1706 3318 χάρι-

117 3359 233 3406 ¹τος,
285 3342 423 3412 Οὐχὶ
479 3344 512 3412 ή
561 3342 756 3412 καρδία
792 3344 949 3413 ήμῶν
1004 3341 1270 3411 καιομένη
1321 3335 1390 3411 ἦν
1441 3340 1502 3392 ὲν
1543 3339 1702 3408 ήμῖν;

117 3438 336 3506 ἔλεγον.
365 3438 512 3500 Είτις
550 3436 644 3491 οῦν
673 3437 842 3490 ἔπαθε
877 3437 936 3490 τὸ
967 3434 1206 3489 τοιοῦτον
1261 3433 1457 3497 πάθος,
1498 3431 1707 3485 εἴσεται

120 3528 182 3582 τὸ
243 3529 569 3598 λεγόμενον.
625 3529 900 3597 Πάσχουσι
965 3528 1022 3581 δὲ
1066 3526 1254 3580 πολλοὶ
1292 3525 1389 3580 καὶ
1447 3525 1708 3586 πολλάκις

119 3620 655 3690 ἀναγινωσκομένων
713 3619 874 3673 θείων
946 3619 1202 3690 Γραφῶν,
1249 3616 1283 3687 ἢ
1347 3616 1476 3687 βίων
1533 3616 1707 3685 ἁγίων

119 3711 415 3782 Πατέρων,
447 3711 479 3781 ἢ
515 3711 926 3782 παραινούντων
958 3711 1121 3765 τινῶν
1166 3711 1262 3764 καὶ
1317 3709 1702 3774 διδασκόντων,

113 3803 501 3874 διακαιόμενον.
536 3805 671 3876 πρὸς
710 3806 770 3858 τὸ
809 3805 970 3858 καλὸν
1017 3804 1117 3868 τάς
1161 3802 1360 3874 ψυχὰς,
1395 3801 1488 3855 καὶ
1512 3803 1559 3854 οἱ
1606 3799 1704 3871 μὲν

117 3899 252 3968 ἄχρι
288 3898 498 3963 τέλους,
533 3898 582 3951 οἱ
607 3897 663 3951 δὲ
703 3898 1015 3969 παραυτίκα
1040 3895 1558 3966 ἀποψυχραίνονται.

195 4009 216 4040 ι
259 3991 503 4052 Δοκεῖτε,
535 3991 616 4043 ὅτι
651 3990 872 4061 εἰρήνην
910 3989 1294 4059 παρεγενόμην
1327 3987 1511 4041 δοῦναι
1547 3987 1604 4038 ὲν
1636 3986 1702 4056 τῇ

117 4080 227 4149 γῇς
268 4079 428 4147 Οὐχὶ,
459 4078 610 4147 λέγω
653 4078 801 4145 ὑμῖν,
834 4077 1004 4148 ἀλλ’ἢ
1041 4077 1440 4148 διαμερισμόν·
1491 4075 1703 4129 ἔσονται

119 4177 228 4243 γὰρ
260 4171 372 4223 ἀπὸ
399 4171 492 4223 τοῦ
517 4170 611 4224 νῦν
641 4171 803 4224 πέντε
835 4171 891 4223 ὲν
917 4172 1050 4242 οῐκῳ
1079 4170 1160 4223 ἑνὶ
1184 4169 1699 4240 διαμεμερισμένοι,

119 4259 274 4326 τρεῖς
309 4261 402 4313 ἐπὶ
449 4261 591 4326 δυσὶ,
632 4260 848 4315 καὶδύο
885 4261 976 4314 ἐπὶ
1019 4260 1196 4333 τρισὶν
1249 4261 1703 4331 διαμερισθήσον-

121 4366 236 4413 ται,
273 4354 452 4418 πατὴρ
485 4355 577 4408 ἐπὶ
597 4355 716 4425 υἱῷ,
751 4355 844 4408 καὶ
870 4353 984 4417 υίὸς
1014 4355 1110 4407 ἐπὶ
1139 4355 1343 4425 πατρί’
1385 4355 1567 4424 μήτηρ
1611 4355 1704 4407 ἐπὶ

123 4441 387 4511 θυγατρὶ.
420 4441 514 4493 καὶ
543 4448 790 4517 θυγάτηρ
835 4448 926 4499 ἐπὶ
959 4447 1158 4518 μητρί“
1215 4447 1451 4518 πενθερὰ
1479 4445 1570 4498 ἐπὶ
1603 4445 1702 4516 τὴν

1731 3201 1779 3266 C

1812 562 2159 632 perficiatur?
2206 581 2223 612 ι
2282 561 2382 617 Per
2440 562 2619 633 ignem
2671 565 2886 633 quidem
2940 576 2991 621 et
3063 570 3379 638 praedicatio

1812 655 2149 726 intelligitur.
2203 654 2394 709 Sermo
2451 656 2593 709 enim
2633 655 2772 727 ignis
2811 666 2916 724 est,
2965 661 3058 728 qui
3105 666 3379 718 consumit

1811 762 2026 802 omnem
2064 748 2405 802 materialcm
2450 757 2505 802 et
2555 747 2927 816 imperfectam
2971 756 3379 824 cogitationem.

1810 851 1864 895 et
1895 841 2182 896 simulacra
2215 841 2395 895 abolet
2442 839 2814 912 cujuscunque
2860 843 3066 900 fuerint
3118 849 3378 905 materia.

1809 932 2128 1002 lntelligitur
2153 935 2316 988 etiam
2344 942 2398 988 et
2431 934 2580 988 zelus
2610 948 2708 1002 pro
2739 935 2939 992 virtute
2973 937 3025 993 in
3059 956 3383 1012 unoquoque

1811 1036 2058 1082 nostrum
2105 1042 2412 1083 accensus:
2454 1028 2705 1086 fortassis
2758 1041 2938 1087 autem
2985 1042 3040 1088 et
3087 1034 3137 1090 is
3158 1045 3241 1090 est
3291 1037 3382 1104 qui

1811 1129 2034 1188 propter
2064 1119 2287 1174 verbum
2318 1122 2407 1176 Dei
2442 1123 2521 1188 fit,
2565 1139 2671 1178 non
2701 1124 2982 1180 dissimilis
3021 1135 3201 1180 autem
3232 1136 3318 1183 est
3343 1144 3371 1180 a

1811 1210 2032 1280 priore:
2065 1210 2168 1264 hoc
2212 1211 2357 1265 enim
2409 1213 2533 1283 igne
2573 1215 2685 1268 vult
2740 1215 2879 1270 Deus
2938 1217 3161 1271 accendi
3200 1220 3380 1272 'corda

1813 1311 2017 1356 nostra.
2059 1301 2572 1374 Debemusignitum
2612 1322 2709 1376 pro
2731 1307 2931 1362 virtute
2955 1309 3128 1363 zelum
3163 1309 3385 1365 habere.

1810 1393 1987 1459 Unde,
2020 1395 2148 1464 quid
2184 1395 2325 1458 volo,
2382 1395 2430 1450 id
2460 1405 2564 1463 est,
2596 1408 2859 1466 quantum
2907 1398 3048 1464 volo,
3085 1399 3130 1453 si
3152 1399 3263 1469 jam
3292 1415 3386 1454 ac—

1809 1502 2006 1542 census
2055 1487 2170 1542 est?
2209 1486 2374 1559 Urget
2416 1489 2560 1543 enim
2601 1499 2657 1542 ut
2712 1491 3043 1545 accendatur
3097 1492 3237 1562 ignis
3272 1492 3384 1551 ille.

1810 1580 1949 1635 sicut
1985 1590 2040 1636 et
2083 1580 2286 1638 Paulus
2321 1582 2454 1636 dicit
2507 1602 2521 1637 :
2563 1581 2768 1653 Spiritu
2811 1582 3109 1640 ferventes.
3163 1585 3227 1638 Et
3266 1601 3386 1638 rur~

1811 1687 1930 1726 sum
1966 1691 1978 1726 :
2008 1672 2256 1728 Ᾱίιηυιον
2283 1675 2429 1729 enim
2462 1689 2556 1730 vos
2583 1675 2928 1732 aemulatione
2961 1675 3076 1732 Dei.
3110 1677 3383 1747 Buplisma

1812 1776 1992 1819 autem
2017 1774 2248 1820 mortem
2281 1782 2431 1822 suam
2451 1768 2602 1822 dicit.
2640 1769 2906 1835 Quoniam
2945 1770 3090 1824 enim
3123 1771 3262 1841 ignis
3294 1770 3384 1825 ille

1813 1872 1916 1912 non
1967 1857 2126 1912 aliter
2180 1860 2557 1914 accendendus
2597 1872 2738 1926 erat,
2790 1877 2951 1931 quam
3001 1873 3120 1932 post
3155 1873 3382 1917 mortem

1810 1949 1965 2018 ejus:
1998 1964 2119 2001 nam
2152 1960 2215 2004 ex
2245 1965 2310 2003 eo
2332 1960 2569 2019 tempore
2590 1951 2900 2018 praedicatio
2939 1961 2992 2007 et
3019 1953 3168 2007 zelus
3199 1969 3391 2009 creve-

1812 2055 1955 2107 runt,
1991 2055 2272 2112 propterea
2306 2043 2490 2097 subdit
2525 2043 2685 2097 etiam
2719 2044 2784 2098 de
2814 2054 3008 2107 morte,
3048 2045 3373 2114 baptismum

1811 2135 1954 2189 illam
1988 2151 2211 2189 vocans.
2238 2133 2388 2190 IIanc
2417 2143 2594 2189 autem
2626 2134 2782 2189 valde
2804 2136 3140 2202 desiderans,
3166 2136 3380 2206 inquit:

1811 2228 1876 2282 Et
1921 2228 2196 2298 quomodo
2223 2229 2578 2299 constringor,
2614 2230 2715 2282 hoc
2754 2237 2859 2291 est,
2913 2244 3075 2299 quam
3117 2229 3386 2286 sollicitus

1810 2339 1926 2378 sum
1965 2337 2030 2377 ac
2098 2337 2337 2392 premor,
2400 2324 2571 2376 donec
2620 2321 2980 2391 perficiatur?
3039 2319 3176 2376 Sitio
3237 2323 3384 2376 enim

1813 2425 2040 2470 mortem
2097 2429 2198 2486 pro
2224 2414 2465 2468 omnium
2501 2413 2696 2469 salute.
2728 2412 2906 2482 Ignem
2931 2413 3077 2468 venit
3119 2414 3388 2468 missurus

1811 2528 1914 2568 non
1948 2510 2119 2566 solum
2155 2511 2206 2563 in
2244 2523 2461 2563 omnem
2501 2517 2725 2574 terram,
2780 2507 2832 2562 in
2865 2521 3027 2576 quam
3075 2508 3388 2576 praedicatio

1811 2615 1862 2659 et
1889 2603 2023 2659 fides
2051 2601 2338 2672 explanata
2372 2609 2520 2664 sunt,
2554 2603 2647 2655 sed
2673 2598 3098 2667 uniuscujusque
3120 2599 3384 2660 animam,

1811 2709 1930 2766 quae
1959 2703 2107 2749 terra
2160 2692 2376 2762 quidem
2430 2691 2648 2760 spinosa
2683 2699 2766 2746 est
2804 2699 2857 2746 et
2905 2691 3127 2756 sterilis,
3165 2705 3194 2743 a
3223 2692 3389 2746 verbo

1810 2797 1991 2843 autem
2026 2786 2119 2841 Dei
2148 2785 2304 2856 quasi
2332 2785 2453 2857 igne
2485 2797 2770 2848 succensa,
2808 2791 2862 2838 et
2895 2783 3199 2836 divinorum
3224 2784 3390 2840 semi-

1814 2899 1938 2937 num
1965 2895 2158 2952 capax,
2189 2888 2241 2933 et
2264 2876 2628 2948 spiritualiqu
2662 2875 2874 2943 frugum
2900 2875 3049 2929 ferax
3081 2874 3244 2930 facta.
3276 2875 3378 2930 Ubi

1809 2977 1954 3033 enim
2013 2974 2240 3042 alicujus
2292 2972 2486 3027 animae
2537 2970 2882 3026 invisibiliter
2956 2970 3137 3025 divina
3214 2971 3386 3038 gratia

1810 3069 2121 3136 contigerit,
2145 3065 2357 3120 videtur
2385 3063 2658 3120 desiderio
2687 3062 2779 3117 Dei
2827 3077 2988 3132 supra
3028 3077 3191 3130 quam
3222 3061 3385 3132 381

1811 3159 1914 3213 dici
1942 3167 2106 3227 queat
2134 3157 2383 3227 ﬂagrare,
2417 3153 2872 3225 quemadmodum
2920 3163 2975 3208 et
3011 3153 3241 3224 Cleopas
3294 3154 3391 3208 fla-

1811 3251 2005 3322 grabat
2033 3248 2216 3303 divino
2237 3248 2358 3317 igne
2387 3262 2508 3302 cum
2529 3246 2770 3300 diceret:
2807 3243 2995 3301 Nonne
3020 3260 3116 3300 cor
3137 3257 3386 3300 nostrum

1810 3357 2102 3398 accensum
2146 3350 2260 3396 crat
2308 3341 2362 3394 in
2423 3339 2580 3394 nobis
2611 3339 2696 3392 συί
2731 3337 2990 3409 Quisquis
3037 3338 3206 3410 igitur
3249 3339 3391 3392 hanc

1811 3432 2159 3488 affectionem
2185 3439 2445 3501 expertus
2471 3439 2578 3495 εει,
2619 3428 2723 3484 scit
2749 3429 2877 3498 quid
2913 3430 3178 3483 dicamus.
3210 3426 3390 3496 Expe-

1812 3527 2028 3579 riuntur
2050 3534 2232 3578 autem
2282 3522 2437 3577 multi
2461 3523 2624 3577 etiam
2660 3522 2881 3591 quando
2903 3520 3155 3590 leguntur
3185 3518 3387 3574 divinae

1810 3617 2129 3687 Scriptum,
2171 3615 2258 3671 vel
2282 3615 2406 3670 vita:
2484 3623 2798 3670 sanctorum
2876 3613 3118 3679 Patrum,
3175 3613 3258 3666 vel
3336 3613 3387 3666 si

1807 3714 2205 3766 admoneantur
2228 3708 2309 3764 vel
2341 3709 2658 3772 doceantur,
2690 3707 2964 3776 quomodo
3019 3703 3391 3759 accendantur

1808 3806 2003 3860 animae
2025 3805 2090 3857 ad
2119 3802 2426 3858 faciendum
2468 3802 2691 3856 bouum.
2736 3799 2802 3852 Et
2827 3800 2916 3852 alii
2943 3799 3166 3868 quidem
3217 3811 3390 3866 usque

1807 3899 1873 3952 ad
1904 3898 2064 3950 finem
2096 3894 2344 3964 flagrant,
2375 3892 2464 3946 alii
2491 3907 2620 3947 vero
2648 3893 2831 3946 statim
2876 3891 3198 3960 frigescunt.

1878 3990 2039 4045 Vens.
2076 3985 2264 4041 51-55.
2293 4003 2312 4036 ι
2344 3983 2549 4038 Putatis
2577 3983 2716 4052 quod
2749 3995 2935 4050 pacem
2979 3979 3217 4034 venerim
3247 3977 3385 4031 mis-

1806 4097 1966 4136 surus
2010 4080 2062 4133 in
2106 4076 2350 4132 terram?
2382 4076 2524 4140 Non,
2558 4074 2679 4128 dico
2724 4073 2899 4136 vobis,
2940 4072 3051 4125 imo
3082 4070 3390 4140 separatio-

1806 4188 1954 4228 nem.
1984 4171 2155 4224 Erunt
2192 4169 2334 4223 enim
2390 4181 2457 4222 ex
2511 4165 2613 4220 hoc
2652 4163 2896 4234 quinque
2951 4161 3004 4216 in
3061 4162 3225 4216 domo
3279 4176 3388 4215 una

1806 4267 1988 4330 divisi,
2026 4273 2136 4318 tres
2165 4263 2426 4316 adversus
2464 4261 2622 4324 duos,
2658 4265 2712 4313 et
2742 4257 2848 4312 duo
2878 4265 3067 4312 contra
3101 4263 3213 4310 tres
3242 4253 3386 4308 divi-

1806 4360 2024 4422 dentur,
2069 4364 2224 4424 pater
2277 4352 2538 4406 adversus
2594 4349 2786 4415 filium,
2823 4357 2877 4402 et
2937 4347 3079 4402 Illius
3129 4349 3390 4400 adversus

1806 4461 2013 4521 patrem
2046 4463 2061 4509 :
2110 4454 2284 4502 mater
2324 4445 2588 4500 adversus
2624 4442 2812 4506 tiliam,
2846 4450 2900 4495 et
2959 4439 3067 4493 filia
3121 4428 3387 4493 adversus

122 4536 349 4608 νύμφην
401 4535 594 4604 αὐτῆς.
622 4541 715 4588 κώ⁵
773 4543 959 4612 νύμφη
998 4541 1089 4594 ἐπὶ
1135 4539 1234 4610 τὴν
1294 4539 1564 4612 πενθερὰν
1605 4540 1703 4594 αὐ-

1812 4553 2036 4599 matrem
2077 4554 2307 4597 ιεςιετυε
2340 4539 2602 4592 adversus
2653 4549 2845 4588 nurum
2905 4547 3086 4596 suam,
3125 4539 3179 4586 θῑ
3220 4544 3388 4584 nurus

119 4629 246 4698 τῆς.
289 4646 308 4679 ι
350 4627 581 4696 Χριστὸς
623 4627 722 4696 μέν
771 4628 914 4682 ἐστιν
955 4635 988 4706 ή
1050 4635 1239 4704 εἰρήνη
1298 4635 1474 4704 ήμῶν,
1542 4633 1698 4704 πλὴν,

124 4723 242 4774 Οὐκ
291 4716 456 4790 ἦλθδν
485 4761 500 4786 ,
557 4721 722 4791 φησὶν
754 4761 768 4782 ,
806 4722 1028 4794 εἰρήνην
1079 4727 1282 4780 δοῦναι.
1335 4725 1498 4778 Ὅθεν
1565 4726 1702 4779 alvi-

124 4830 304 4884 γματι
364 4814 510 4866 ἔοικε
563 4814 625 4867 τὸ
666 4813 978 4883 λεγόμενον.
1041 4817 1287 4886 Λέγομεν
1338 4817 1450 4885 οῦν,
1509 4818 1586 4881 ὡς
1636 4818 1699 4870 οὐ

120 4908 278 4960 πᾶσα
309 4906 501 4977 εἰρήνη
559 4904 764 4973 ἀψογος
798 4904 892 4958 καὶ
927 4906 1087 4978 καλὴ,
1115 4907 1231 4961 ἀλλ’
1273 4907 1420 4960 ἐστιν
1465 4909 1701 4976 ἐπισφα-

117 4999 217 5070 λὴς
274 4999 556 5064 πολλάκις,
579 5001 676 5052 καὶ
719 4999 911 5071 πόρῤω
965 5003 1065 5071 τῆς
1110 4999 1259 5065 θείας
1297 5003 1518 5071 ἀγάπης
1571 5001 1698 5072 βάλ-

121 5091 291 5145 λουσα
322 5109 335 5122 ’
360 5086 469 5145 οἷον
494 5094 621 5147 ὅταν
650 5091 1045 5163 εἰρηνεύωμεν,
1080 5093 1174 5145 καὶ
1214 5095 1592 5163 συμφωνῶμεν
1611 5093 1704 5146 ἐπὶ

123 5184 422 5236 καταλύσει
451 5187 548 5256 τῆς
575 5184 864 5254 ἀληθείας·
890 5185 1094 5254 ταύτην
1120 5185 1326 5256 οῦνρτὴν
1352 5187 1572 5257 εἰρήνην
1603 5187 1703 5239 οὐκ

121 5270 256 5344 ἧλοε
296 5275 478 5328 δοῦναι
520 5277 776 5347 Χριστὸς,
822 5277 1130 5330 τουναντίον
1165 5277 1264 5347 μὲν
1313 5276 1407 5331 οῦν
1452 5277 1703 5348 βούλεται

125 5361 275 5430 ἡμᾶς
321 5361 676 5434 διαφέρεσθαι
707 5367 845 5436 πρὸς
876 5368 1140 5436 ἀλλήλους
1161 5369 1301 5440 ὑπὲρ
1329 5369 1424 5422 τοῦ
1458 5371 1646 5436 καλοῦ,
1675 5369 1704 5422 ὃ

120 5453 214 5503 καὶ
243 5454 303 5504 ἐν
337 5455 415 5524 τῷ
456 5455 685 5527 διωγμῷ
716 5457 937 5525 γέγονεν
962 5477 976 5492 ·
1009 5462 1067 5512 ἐν
1101 5461 1182 5513 ἑνὶ
1207 5460 1315 5532 γὰρ
1348 5462 1482 5532 οἴκῳ
1512 5462 1694 5533 πατὴρ

117 5541 325 5618 Ἕλλην
377 5548 476 5620 υἱῷ
533 5549 709 5620 πιστῷ
738 5550 1036 5622 διεφέρετο,
1078 5555 1170 5606 καὶ
1203 5553 1386 5625 μήτηρ
1441 5555 1693 5626 θυγατρὶ,

114 5639 216 5692 καὶ
250 5640 311 5694 τὸ
365 5640 624 5711 ἔμπαλιν.
675 5642 797 5708 Πῶς
838 5645 895 5698 δὲ
944 5644 1116 5699 είπὼν
1167 5644 1330 5699 πέντε
1361 5647 1418 5702 ὲν
1448 5647 1528 5700 ἐνὶ
1561 5648 1695 5718 οἴκῳ

131 5829 134 5832 ’
194 5821 240 5852 ⁸⁸
271 5819 397 5878 Luc.
441 5839 590 5886 XXIV,
631 5824 717 5878 5‘2.

439 5922 704 5982 PA'DROL.
755 5922 869 5982 Gn.
923 5923 1185 5988 CXXIII.

1815 4637 2074 4692 adversus
2096 4647 2311 4688 socrum
2352 4645 2528 4685 suam.
2576 4648 2595 4680 ι
2630 4627 2881 4684 Christus
2915 4625 3129 4696 quidem
3170 4630 3251 4677 est
3279 4636 3388 4690 pax

1813 4735 2021 4790 nostra,
2083 4725 2198 4784 sed,
2243 4721 2360 4776 Non
2388 4720 2536 4783 veni,
2593 4719 2788 4786 inquit,
2837 4716 3104 4771 missurus
3146 4727 3332 4782 pacem
3369 4729 3385 4764 :

1810 4819 1952 4872 unde
1983 4813 2323 4885 aenigmatiee
2373 4813 2476 4866 hoc
2530 4809 2736 4863 dictum
2791 4817 2894 4862 est.
2927 4806 3168 4860 Dicimus
3220 4802 3388 4874 igitur

1808 4907 1948 4978 quod
1989 4921 2093 4962 non
2133 4904 2316 4961 omnis
2357 4917 2458 4973 pax
2501 4899 2771 4969 vituperio
2801 4905 2970 4963 caret,
3001 4905 3058 4951 et
3103 4895 3244 4949 bona
3275 4901 3384 4954 est,

1807 5002 1901 5058 sed
1950 5009 2033 5054 est
2071 5013 2212 5068 saepe
2253 5012 2356 5066 pax
2397 4992 2720 5065 periculosa,
2753 5000 2810 5045 et
2875 4988 3063 5060 procul
3124 5001 3153 5040 a
3203 4983 3385 5038 divina

1809 5092 2074 5147 charitate
2114 5089 2382 5156 rejiciens,
2411 5094 2598 5155 utpote
2641 5084 2860 5152 quando
2897 5095 3081 5150 pacem
3124 5079 3385 5133 habemus

1805 5191 1860 5238 et
1919 5180 2300 5249 cuuspiramus
2354 5181 2408 5232 in
2462 5175 2886 5232 deStructioncm
2935 5171 3198 5225 veritatis.
3236 5168 3386 5222 Hanc

1805 5273 1948 5328 enim
1997 5286 2183 5342 pacem
2219 5286 2324 5325 non
2350 5270 2496 5324 venit
2533 5267 2781 5326 Christus
2815 5275 2872 5319 ut
2919 5264 3095 5326 daret,
3126 5264 3218 5317 sed
3248 5276 3386 5316 cou-

1809 5365 2035 5421 trarium
2087 5363 2200 5417 vult
2239 5382 2253 5416 :
2287 5375 2479 5432 nempe
2521 5366 2576 5413 ut
2607 5358 2968 5413 dissideamus
3010 5365 3232 5426 propter
3283 5353 3383 5408 bo-

1807 5474 1958 5522 num,
1995 5457 2138 5524 quod
2175 5462 2231 5510 et
2270 5455 2322 5508 iu
2372 5449 2748 5523 persecutione
2799 5447 3001 5503 factum
3036 5455 3141 5501 est.
3174 5445 3233 5500 In
3275 5457 3381 5498 una

1803 5552 1950 5605 enim
1980 5552 2140 5603 domo
2191 5554 2344 5615 pater
2389 5544 2606 5616 gentilis
2656 5558 2685 5596 a
2741 5541 2852 5596 ﬁlio
2898 5539 3045 5595 fideli
3075 5538 3380 5599 differebat,

1805 5655 1858 5700 et
1914 5651 2086 5697 mater
2131 5655 2162 5694 a
2205 5637 2336 5705 filia,
2367 5647 2421 5693 et
2479 5645 2691 5710 contra.
2733 5633 3016 5702 Quomodo
3070 5639 3252 5687 autem
3296 5625 3380 5679 di-

2996 5912 3075 5974 29
