3896 6452
530 303 635 366 907

1423 294 1994 360 THEOPHYLACTI
2035 290 2449 353 BULGARI/E
2489 292 2843 354 ARCHIEP.

3605 300 3684 366 908

529 412 1001 482 cendn,Quinquc
1083 409 1137 465 in
1201 409 1362 466 domo
1415 427 1518 465 una
1582 411 1738 465 divisi
1815 417 2000 474 erunt,
2048 405 2091 457 in

2204 405 2732 476 διαμεμερισμένους
2799 404 3043 469 ἔσεσθαι,
3087 404 3143 458 ἐν
3191 407 3271 494 sit.
3289 407 3613 482 ἀπαριθμήσει
3647 419 3690 482 ἐξ

524 503 935 561 enumeratione
982 517 1074 558 sex
1129 517 1390 572 personas
1447 502 1661 572 posuit?
1696 501 1939 557 Dicimus
1990 499 2092 568 igi-

527 604 614 648 tur
666 594 808 664 quod
870 608 972 648 una
1014 607 1243 664 persona
1291 592 1374 649 bis
1410 602 1682 664 assumpta
1728 603 1828 649 est.
1862 592 1995 647 Filia
2043 599 2098 646 ct

527 701 692 740 nurus
748 685 936 740 eadem
995 695 1076 741 est
1122 699 1371 756 persona.
1430 682 1563 738 Filia
1595 686 1738 740 enim
1785 684 2003 749 dicitur,
2051 682 2095 738 si

525 778 596 832 ad
641 788 866 833 matrem
924 777 1194 832 referatur
1230 793 1244 831 :
1275 791 1442 831 nurus
1482 791 1629 842 vero,
1655 778 1698 831 si
1731 777 1796 831 ad
1853 791 2093 832 socrum.

525 874 658 930 Tres
685 876 846 948 igitur
878 875 1241 941 eruntdivlsl,
1279 885 1432 945 pater
1467 885 1519 930 et
1572 883 1743 929 mater
1789 882 1844 929 et
1883 889 2095 940 socrus,

524 970 781 1024 adversus
839 971 994 1033 duos,
1034 969 1203 1024 tilium
1258 978 1310 1024 et
1364 965 1548 1024 ﬁliam.
1584 967 1718 1022 Filia
1782 968 1925 1023 enim
1975 982 2095 1022 cum

524 1076 629 1116 una
672 1075 898 1131 persona
929 1063 1019 1122 sit.
1047 1063 1183 1117 duas
1214 1061 1502 1116 relationes
1539 1061 1788 1129 suscipit.
1811 1070 1864 1115 et
1899 1075 2095 1115 secun-

523 1155 648 1207 dum
705 1158 808 1209 hoc
850 1152 1062 1208 videtur
1095 1152 1286 1223 duplex
1326 1169 1559 1222 persona
1608 1153 1765 1206 matri
1811 1161 1865 1208 et
1920 1167 2076 1206 socru

523 1243 736 1299 collata.
772 1242 1016 1314 lntellige
1059 1255 1236 1298 autem
1294 1245 1611 1314 simpliciter
1651 1259 1744 1313 per
1789 1252 1998 1314 patrem
2048 1258 2102 1298 et

524 1343 750 1390 matrem
814 1343 869 1392 et
932 1351 1169 1400 socrum,
1219 1345 1400 1392 vetera
1453 1337 1634 1391 Omnia
1699 1355 1712 1392 :
1778 1351 1875 1404 per
1926 1336 2094 1390 ﬁlium

526 1436 790 1482 autemet
836 1428 1020 1493 tiliam,
1043 1428 1228 1483 omnia
1277 1445 1434 1486 nova.
1472 1432 1659 1498 Itaque
1703 1429 1960 1485 Dominus
1989 1429 2101 1483 vult

523 1528 582 1574 ut
608 1531 702 1574 sua
729 1533 865 1573 nova
887 1530 940 1572 et
966 1519 1146 1573 divina
1180 1531 1445 1589 prmcepta
1488 1530 1540 1575 et
1563 1520 1813 1590 dogmata
1860 1531 2101 1591 pugnent

521 1625 644 1665 cum
695 1609 934 1680 antiquis
957 1609 1157 1665 nostris
1183 1610 1464 1666 sceleratis
1491 1612 1730 1666 moribus
1780 1621 1836 1666 et
1877 1613 2102 1681 dogma-

523 1701 614 1756 tis.
687 1699 928 1771 lntellige
1015 1711 1195 1756 autem
1247 1701 1408 1755 etiam
1476 1703 1558 1756 sic
1601 1719 1615 1755 :
1669 1699 1832 1755 Pater
1883 1701 2099 1770 quidem

522 1807 697 1859 mens,
732 1792 878 1848 ﬁlius
923 1807 1050 1847 vero
1098 1793 1256 1847 ratio.
1288 1791 1489 1848 Divisio
1536 1794 1728 1847 horutn
1767 1793 1825 1847 fit
1869 1792 1921 1846 in
1968 1807 2100 1846 una-

522 1897 738 1952 quaque
762 1881 948 1948 domo,
981 1882 1217 1938 hominis
1249 1883 1494 1950 inquam,
1529 1895 1585 1939 ut
1639 1884 1978 1939 manifestius
2011 1884 2098 1939 di-

523 1989 668 2037 cam,
707 1973 974 2028 illustrata
1021 1972 1121 2026 fuit
1173 1989 1324 2028 mens
1361 1974 1600 2045 Dionysii
1650 1975 2008 2045 Areopagitae,
2046 1984 2101 2030 et

523 2067 960 2138 przedicationem
1020 2068 1254 2136 suscepit
1289 2105 1305 2131 ,
1361 2067 1682 2136 repugnavit
1731 2075 1912 2122 autem
1983 2067 2102 2138 ejus

523 2159 860 2228 menti,qu:e
922 2167 1028 2214 tam
1077 2157 1328 2214 alacriter
1371 2160 1530 2215 tidem
1577 2161 1835 2230 suscepit,
1885 2161 2101 2231 gentilis

522 2251 680 2316 ratio,
713 2257 926 2306 tentans
969 2249 1258 2306 ostendere
1314 2251 1615 2307 dialecticis
1669 2253 1980 2318 tendiculis,
2041 2263 2099 2307 ut

523 2342 644 2397 illas
697 2355 1041 2411 Sequeretur.
1080 2342 1241 2399 Vides
1268 2343 1584 2399 divisionem
1617 2345 1786 2414 patris
1810 2356 1862 2400 et
1890 2344 1981 2399 ﬁlii
2019 2346 2098 2401 in-

522 2446 604 2492 ter
647 2452 704 2491 se
735 2439 1151 2509 rrpugnantium
1195 2447 1414 2508 propter
1450 2439 1723 2495 Christum
1756 2451 1810 2494 et
1837 2441 2100 2510 praedica-

519 2530 1012 2585 tionem?Matrem
1069 2545 1282 2602 quoque
1330 2541 1386 2587 et
1441 2545 1654 2586 socrum
1682 2531 1898 2586 vocabis
1948 2548 2101 2587 men-

521 2633 652 2690 tem,
675 2623 840 2677 tilium
863 2638 994 2678 vero
1022 2635 1077 2677 et
1112 2638 1302 2677 nurum
1337 2639 1554 2679 sensum
1589 2641 1601 2678 :
1669 2623 1833 2694 382
1873 2634 1925 2680 et
1959 2628 2100 2681 inter

521 2713 618 2768 has
653 2725 730 2769 est
761 2729 934 2784 pugna
964 2723 1183 2784 prepter
1216 2714 1517 2780 Christum,
1554 2715 1867 2784 insurgente
1917 2727 2098 2772 mente

476 2813 706 2861 -contra
762 2819 1026 2861 sensum:
1063 2805 1276 2874 quando
1321 2820 1473 2862 mens
1511 2807 1701 2862 suadet
1763 2809 2095 2876 praeferenda

519 2907 627 2948 non
658 2893 1002 2960 tiuxatiuxis,
1047 2895 1448 2964 iuvisibiliaque
1474 2896 1804 2962 visibilibus,
1830 2899 2097 2968 habetque

520 2987 586 3038 ad
621 2986 722 3040 hoc
749 2986 1244 3042 demonstrationes
1271 2987 1472 3042 multas
1496 2987 1809 3056 adjutrices.
1841 2989 2099 3044 Commit-

520 3078 652 3131 titur
681 3087 858 3132 autem
888 3087 944 3133 et
975 3078 1169 3133 bellum
1205 3092 1399 3134 sensus
1430 3090 1619 3133 contra
1653 3089 1912 3134 mentem.
1950 3081 2093 3135 Sen-
2121 3111 2165 3171 ο

519 3182 612 3223 sus
638 3168 780 3223 enim
817 3181 915 3239 per
946 3170 1205 3225 miracula
1234 3179 1289 3225 et
1319 3170 1473 3241 signa
1530 3186 1649 3240 qua:
1684 3170 1936 3226 videntur
1971 3189 2094 3242 pcr-

518 3258 712 3312 ductus
745 3259 811 3313 ad
844 3260 1034 3325 tidem,
1069 3275 1176 3314 non
1218 3261 1391 3316 credit
1423 3261 1619 3317 mentis
1649 3262 2100 3334 cogitationibus:

519 3364 694 3418 neque
725 3351 868 3405 enim
915 3352 1192 3420 gentilium
1223 3353 1712 3408 demonstrationes
1761 3356 1875 3409 vult
1921 3357 2098 3425 sequi,

521 3457 642 3510 quae
665 3443 994 3512 compellunt
1021 3444 1130 3498 illis
1172 3448 1516 3502 attendentes
1545 3462 1648 3501 non
1704 3449 1924 3503 credere
1958 3451 2101 3519 quod

523 3533 663 3589 Deus
692 3534 866 3590 factus
918 3536 990 3590 sit
1035 3535 1218 3599 homo,
1261 3539 1344 3592 vel
1404 3539 1548 3608 quod
1607 3541 1756 3610 virgo
1809 3543 2098 3610 pepererit.

519 3625 834 3696 liujusmodi
865 3638 989 3684 sunt
1015 3629 1299 3700 gentilium
1334 3631 1704 3696 deliramenta,
1747 3643 1953 3688 natura:
1985 3649 2102 3689 ser-

520 3719 742 3773 vientia.
772 3720 842 3772 At
877 3734 1073 3774 sensus
1098 3735 1193 3790 per
1221 3721 1481 3776 miracula
1507 3738 1626 3792 qua:
1661 3723 1931 3790 videntur,
1970 3739 2100 3793 pra:-

513 3811 748 3865 stantior
777 3812 922 3866 omni
951 3812 1424 3868 demonstratione
1454 3824 1560 3879 est,
1597 3816 1664 3868 ad
1700 3815 1790 3870 Dei
1827 3819 2096 3886 cognitio-

514 3917 635 3957 nem
657 3905 1048 3959 manuducens.
1075 3904 1188 3960 Non
1211 3907 1386 3962 omnis
1410 3907 1571 3975 igitur
1600 3923 1704 3980 pax
1729 3917 1782 3963 et
1805 3911 2093 3965 concordia

514 3995 654 4048 bona
713 4001 818 4061 est,
847 3995 940 4050 sed
986 4006 1071 4052 est
1109 3999 1324 4066 quando
1373 4008 1427 4052 et
1477 4013 1655 4070 pugna
1703 4009 1753 4055 et
1808 4001 2090 4056 dissidium

511 4083 694 4141 divina
754 4088 997 4155 quantam
1058 4101 1145 4142 res
1209 4088 1439 4143 videtur.
1477 4087 1665 4143 Nullus
1713 4089 1874 4160 igitur
1948 4101 2090 4146 amet

514 4177 705 4243 malos,
727 4188 782 4234 et
815 4180 1061 4249 quamvis
1091 4187 1247 4250 pater
1271 4192 1326 4237 et
1378 4195 1553 4236 mater
1591 4183 1950 4238 adversentur
1984 4185 2087 4255 legi

511 4267 737 4333 Christi,
771 4274 1174 4341 repugnandum
1229 4280 1311 4327 est
1361 4272 1440 4327 eis
1474 4271 1704 4344 perinde
1734 4288 1797 4328 ac
1843 4274 2088 4332 hostibus

513 4361 782 4414 veritatis.

2200 498 2464 567 πρόσωπα
2493 498 2700 550 τέθεικε
2732 515 2745 564 ;
2772 498 3018 568 Λέγομεν
3048 493 3144 552 οὖν
3175 493 3266 551 ὃτι
3291 500 3346 552 ἓν
3374 501 3618 570 πρόσωπον
3634 509 3691 576 δὶς

2201 587 2433 660 ἐλήφθη.
2481 591 2544 642 Ἦ
2575 589 2820 661 θυγάτηρ
2851 591 2959 662 γὰρ
2977 591 3072 644 καὶ
3100 591 3134 660 ἡ
3151 591 3334 662 νύμφη
3358 595 3414 646 τὸ
3438 596 3548 648 αὐτὸ
3567 601 3691 670 πρός.

2199 683 2350 737 ωπόν
2399 685 2570 750 ἐστιν,
2607 685 2681 748 ὡς
2728 685 2865 755 πρὸς
2911 684 3014 756 μὲν
3057 681 3150 739 οῦν
3205 685 3300 757 τὴν
3353 689 3539 759 μητέρα
3571 708 3694 762 προσ-

2197 775 2632 844 λαμϐανόμενον,
2668 777 2917 847 θυγάτηρ
2948 775 3260 847 ὠνομάσθη,
3307 777 3379 840 ὡς
3403 777 3462 847 δὲ
3493 779 3602 848 πρὸς
3624 783 3692 853 τὴν

2199 864 2502 935 πενθερὰν,
2557 864 2765 936 νύμφη.
2818 867 2979 936 Τρεῖς
3032 867 3126 921 οὖν
3184 867 3393 922 ἔσονται
3447 869 3698 943 διαμεμεριο

2203 956 2410 1026 σμένοι,
2443 957 2473 1010 ὁ
2503 959 2707 1029 πατὴρ,
2755 961 2906 1030 καὶὴ
2952 959 3155 1030 μήτηρ,
3197 961 3289 1013 καὶ
3317 961 3350 1030 ἡ
3387 962 3608 1034 πενθερὰ,
3631 966 3693 1017 ἐπὶ

2201 1049 2338 1115 δυσὶ,
2372 1049 2620 1104 τουτέστι
2648 1050 2724 1122 τῷ
2770 1049 2870 1120 υἱῷ
2916 1053 3013 1105 καὶ
3048 1054 3112 1122 τῆ
3146 1051 3389 1121 Θυγατρί.
3429 1051 3485 1104 'll
3509 1053 3598 1121 γὰρ
3631 1055 3677 1107 θυ

2201 1140 2400 1210 γάτηρ,
2433 1141 2508 1205 ὡς
2565 1141 2798 1214 ἔφαμεν,
2855 1142 2912 1196 ἓν
2950 1143 3237 1214 πρόσωπον
3283 1138 3431 1206 οὖσα⁹
3477 1146 3591 1197 καθὸ
3634 1147 3698 1199 δίο

2203 1232 2416 1302 σχέσεις
2433 1234 2775 1305 ἀναδέχεται,
2816 1237 2955 1288 κατά
2979 1233 3138 1288 τοῦτο
3166 1235 3311 1288 δοκεῖ
3333 1229 3464 1287 εἶναι
3485 1234 3564 1288 δύο
3581 1239 3701 1306 πρὸσ-

2201 1343 2346 1388 ωπα,
2373 1327 2438 1397 τῇ
2483 1332 2650 1398 μητρὶ
2677 1327 3094 1399 προστεθημένη
3117 1329 3212 1382 καὶ
3254 1330 3321 1400 τῇ
3348 1330 3576 1400 πενθερᾷ.
3611 1331 3700 1385 Mn

2206 1417 2262 1470 δέ
2318 1437 2408 1488 μοι
2444 1421 2628 1483 ἁπλῶς
2665 1421 2878 1491 πατέρα
2933 1421 3028 1474 καὶ
3088 1422 3301 1493 μητέρα
3351 1423 3440 1476 καὶ
3494 1422 3702 1494 πενθερὰν

2210 1513 2389 1565 πάντα
2418 1513 2488 1566 τά
2530 1513 2760 1578 παλαιὰ,
2786 1514 2901 1566 υἱὸν
2930 1513 2990 1567 δὲ
3035 1514 3130 1568 καὶ
3175 1513 3464 1585 θυγατέρα,
3495 1515 3639 1568 πάντα
3657 1516 3703 1568 τὰ

2205 1601 2298 1653 νέα
2334 1617 2346 1630 ·
2379 1601 2406 1654 δ
2428 1601 2608 1655 τοίνυν
2636 1603 2840 1671 Κύριος
2888 1606 3020 1659 πᾶσι
3066 1607 3178 1669 τοῖς
3207 1608 3435 1670 παλαοίς
3462 1606 3600 1677 ἡμῶν
3639 1610 3704 1660 καὶ

2208 1693 2551 1764 ἁμαρτωλοῖς
2580 1695 2726 1748 ἔθεσι
2750 1697 2845 1748 καὶ
2866 1696 3102 1766 δόγμασι
3145 1695 3417 1767 μάχεσθαι
3443 1699 3504 1750 τὰ
3519 1699 3600 1750 νέα
3638 1699 3704 1750 καὶ

2206 1786 2326 1840 θεῖα
2367 1786 2534 1840 αὑτοῦ
2583 1788 2894 1858 ἐντάλματα
2931 1791 3025 1840 καὶ
3078 1788 3326 1858 δόγματα
3354 1789 3594 1858 βούλεται.
3614 1789 3705 1843 Mat

2201 1877 2258 1932 δὲ
2290 1882 2382 1932 καὶ
2427 1879 2632 1944 οὕτως’
2673 1881 2862 1952 Πατὴρ
2911 1882 3010 1951 μὲν
3038 1883 3066 1935 ό
3112 1881 3257 1947 νοῦς,
3290 1883 3402 1945 υἱὸς
3431 1882 3483 1935 δὲ
3517 1883 3541 1934 ό
3573 1883 3702 1950 λόγος,

2205 1972 2469 2043 μερισμὸς
2501 1971 2596 2027 οῦν
2629 1975 2835 2028 τούτων
2856 1977 3075 2045 ἐγένετο
3101 1976 3160 2030 ἐν
3181 1975 3261 2047 τῷ
3281 1977 3360 2028 ἐνὶ
3393 1973 3534 2046 οἴκῳ,
3557 1976 3618 2046 τῷ
3642 1978 3705 2028 ἀν·

2203 2061 2408 2134 θρώπῳ
2441 2064 2604 2135 φημὶ,
2634 2059 2746 2118 οἷον
2769 2066 2856 2120 ἵνα
2903 2066 3237 2137 σαφέστερον
3273 2068 3430 2129 εῐπω,
3467 2065 3705 2137 ἐνελάμφθτι

2201 2154 2229 2206 ό
2259 2153 2383 2217 νοῦς
2406 2155 2500 2208 τοῦ
2531 2157 2923 2226 Ἀρεοπαγίτου
2952 2157 3255 2220 Διονυσίου,
3285 2157 3382 2210 καὶ
3409 2154 3465 2208 τὸ
3506 2156 3706 2226 κήρυγμα

2202 2247 2423 2314 ἐδέξατο
2454 2265 2467 2280 ·
2494 2247 2788 2303 ἀνθίστατο
2840 2249 2900 2303 δὲ
2930 2248 3125 2303 τούτου
3149 2250 3229 2320 τῷ
3265 2247 3346 2301 νοῒ
3372 2247 3447 2316 τῷ
3481 2247 3704 2300 ἀναποδεί-

2201 2357 2344 2404 κτως
2391 2338 2672 2411 δεξαμένῳ
2700 2342 2799 2411 τὴν
2846 2342 3030 2395 πίστιν
3083 2343 3112 2394 ό
3165 2341 3325 2408 λόγος
3360 2340 3387 2393 ό
3439 2338 3702 2408 Ἐλληιιικὸ·.

2199 2431 2576 2484 ἀποδεικνύειν
2617 2431 2984 2502 πειρώμενος,
3020 2433 3115 2486 καὶ
3155 2432 3518 2496 διαλεκτικαίς
3554 2432 3708 2498 ἐφόδοις

2199 2521 2514 2575 ἀκολουθεῖν
2539 2521 2887 2590 ἀναγκάζων.
2937 2523 3100 2594 Ὁρᾷς
3126 2522 3396 2592 μερισμὸν
3437 2522 3612 2590 natiue;
3643 2523 3707 2571 καὶ

2199 2614 2314 2668 υίοῦ
2347 2616 2671 2686 μαχομένων
2701 2615 2950 2686 ἀλλήλοις
2998 2615 3090 2668 διὰ
3120 2617 3360 2684 Χριστὸν
3386 2617 3474 2669 κα)⁸
3508 2617 3557 2666 τὸ
3583 2615 3707 2684 κήρυ-

2199 2723 2314 2774 γμα
2338 2723 2354 2772 ;
2386 2707 2497 2760 Καὶ
2525 2708 2737 2777 μητέρα
2763 2705 2819 2759 δὲ
2848 2708 2940 2760 καὶ
2971 2706 3241 2776 πενθερὰν
3293 2706 3538 2768 καλέσαις
3568 2704 3619 2757 ἂν
3643 2703 3706 2771 τὴν

2197 2793 2459 2861 διάνοιαν,
2490 2795 2768 2865 θυγατέρα
2815 2796 2873 2849 δὲ
2922 2795 3018 2849 καὶ
3065 2796 3291 2866 νύμφην
3345 2796 3442 2868 τὴν
3495 2795 3706 2863 αἴσθησιν.

2199 2887 2310 2940 Καὶ
2355 2886 2581 2951 ταύταις
2645 2884 2738 2942 οὖν
2790 2888 2938 2960 μάχη
3007 2888 3223 2942 ἵσταται
3280 2886 3373 2941 διὰ
3418 2885 3707 2959 Χριστὸν,τῇ

2201 2977 2300 3048 μὲν
2355 2978 2568 3050 διανοίᾳ
2618 2980 2760 3033 κατά
2815 2981 2915 3050 τῆς
2968 2979 3258 3051 αίθήσεως,
3302 2982 3431 3034 ὅταν
3484 2981 3514 3050 ἡ
3561 2977 3711 3030 διάνοια

2202 3071 2364 3144 πείθῃ
2425 3074 2701 3144 προτιμᾷν
2755 3072 2822 3126 τὰ
2868 3073 2943 3144 μὴ
3004 3073 3206 3144 ρευστά
3258 3071 3373 3125 τῶν
3429 3068 3712 3143 ρευστῶν,τὰ

2204 3165 2414 3234 ἀόρατα
2455 3165 2563 3217 τῶν
2611 3165 2848 3236 ὁρατῶν,
2879 3166 2973 3218 καὶ
3025 3163 3126 3237 ἔχῃ
3166 3163 3308 3234 πρὸς
3367 3161 3519 3216 τοῦτο
3564 3160 3712 3220 πολλὰς

2202 3257 2506 3324 ἀποδείξεις
2548 3256 2864 3329 συνεργούς.
2901 3258 3058 3312 Ἐστι
3085 3257 3142 3310 δὲ
3165 3258 3254 3310 ὅτε
3302 3259 3398 3311 καὶ
3430 3259 3492 3327 τῇ
3525 3251 3712 3322 αἰσθήςςι

2204 3349 2346 3403 κατά
2393 3352 2491 3419 τῆς
2551 3349 2788 3412 διανοίας
2838 3348 3074 3420 πόλεμος
3134 3346 3596 3419 συγκροτεῖταιοή
3637 3345 3714 3411 γὰρ

2203 3443 2456 3513 αἴσθησις
2507 3442 2597 3496 διά
2663 3443 2772 3495 τῶν
2823 3442 3120 3512 θαυμάτων
3177 3444 3270 3495 καὶ
3330 3441 3437 3494 τῶν
3486 3439 3713 3510 ὁρωμένον

2204 3535 2447 3604 σημείων
2499 3537 2987 3605 χειραγωγουμένη
3037 3535 3172 3604 πρὸς
3204 3533 3416 3601 πίστιν,
3440 3532 3496 3586 ού
3528 3528 3713 3583 nciam:

2199 3629 2314 3690 τοῖς
2347 3627 2446 3696 τῆς
2495 3626 2734 3689 διανοίας
2779 3626 3081 3696 λογισμοῖς,
3119 3627 3237 3680 ούδέ
3274 3629 3400 3690 ταῖς
3441 3623 3710 3695 Ἑλληνικαῖς

2198 3721 2534 3787 ἀποδείξεσιν
2553 3719 2650 3772 ἐπε
2660 3721 2782 3774 σθαι
2802 3719 3068 3791 βούλεται,
3092 3719 3610 3790 συναναγκαζούσαις
3627 3718 3713 3776 τοῖς

2198 3813 2568 3885 προσέχοντας
2595 3813 2790 3877 αὑταῖς
2819 3812 2895 3884 μὴ
2923 3812 3226 3876 πιστεύειν,
3253 3813 3340 3866 ὅτι
3370 3813 3498 3876 Θεὸς
3543 3809 3712 3878 γέγονεν

2194 3907 2501 3976 ἄνθρωπος,
2531 3906 2565 3977 ἢ
2619 3907 2701 3959 ὅτι
2736 3905 3004 3976 παρθένος
3048 3904 3223 3958 ἔτεκε.
3259 3903 3500 3958 Τοιαῦτα
3542 3900 3631 3973 γάρ
3665 3894 3704 3949 τε

2192 3999 2303 4052 τῶν
2335 3999 2496 4068 φύσει
2543 3996 2907 4052 δουλεύοντων
2966 3998 3301 4069 Ἑλληνικῶν
3367 3995 3617 4067 λογισμῶν
3641 3993 3711 4058 λη-

2193 4094 2435 4163 ρήματα.
2482 4092 2545 4144 Ἢ
2593 4091 2778 4162 μέντοι
2838 4091 3093 4160 αἴσθησις
3154 4091 3241 4145 διὰ
3316 4089 3426 4145 τῶν
3482 4086 3713 4162 ὁρωμένων

2191 4186 2486 4257 θαυμάτων
2545 4186 2808 4257 κρείττων
2858 4185 3041 4254 πάσης
3087 4185 3420 4253 ἀποδείξεώς
3457 4187 3562 4238 ἐστι
3612 4178 3709 4246 πρός

2189 4277 2520 4348 θεογνωσίαν
2567 4277 2904 4348 χειραγωγός
2931 4293 2944 4306 ·
2983 4277 3043 4330 ού
3091 4278 3240 4330 πᾶσα
3293 4274 3388 4332 οὖν
3445 4278 3611 4344 εἰρήνη
3643 4268 3710 4320 καὶ

2191 4370 2482 4446 συμφωνία
2521 4369 2711 4435 καλὸν,
2762 4369 2876 4422 ἀλλ’
2917 4367 3065 4422 ἐστιν
3098 4369 3185 4422 ὅτε
3227 4371 3321 4422 καὶ
3359 4371 3500 4440 μάχη
3530 4363 3606 4414 καὶ
3629 4357 3710 4410 διά-

511 4470 700 4519 στασις
719 4455 860 4512 θεῖόν
885 4473 939 4512 τι
981 4459 1169 4530 χρῆμα
1210 4460 1374 4514 δοκεῖ·
1405 4463 1595 4532 μηδεὶς
1644 4464 1822 4520 τοίνυν
1861 4469 2156 4537 φιλιαζέτω
2190 4477 2302 4538 τοῖς
2334 4469 2614 4542 πονηροῖς,
2639 4465 2774 4520 ἀλλὰ
2801 4465 2903 4521 κᾶν
2935 4466 3138 4537 πατὴρ,
3181 4466 3281 4518 κᾶν
3317 4461 3498 4532 μήτηρ
3531 4453 3707 4510 ἐναντίοι

507 4551 866 4624 εὐρίσκωνται
907 4553 985 4625 τῷ
1035 4555 1273 4627 Χριστοῦ
1329 4558 1501 4629 νόμῳ,
1529 4560 1868 4632 πολεμητέον
1899 4568 2084 4636 αὐτοῖς
2131 4575 2206 4638 ὡς
2258 4570 2357 4638 τῆς
2386 4563 2641 4636 ἀληθείας
2673 4563 2906 4636 ἐχθροῖςο

584 4644 742 4699 Vsus.
778 4645 965 4701 54-59.
1015 4666 1036 4699 ι
1070 4648 1290 4704 Dicebat
1335 4661 1513 4704 autem
1549 4652 1614 4705 ad
1663 4657 1850 4712 turbas
1900 4676 1915 4712 :
1949 4660 2083 4716 Cum

2272 4679 2290 4714 ι
2321 4659 2514 4728 Ἔλεγε
2553 4657 2609 4710 δὲ
2657 4657 2886 4717 καὶτοῖς
2925 4650 3123 4722 ὄχλοις,
3163 4649 3333 4704 Ὅταν
3365 4650 3508 4722 ἴδητε
3531 4647 3708 4717 νεφέλην

503 4738 750 4791 videritis
779 4740 976 4792 nubem
1001 4741 1266 4796 orientem
1294 4744 1362 4796 ab
1404 4758 1624 4809 occasu,
1653 4750 1835 4802 statim
1872 4752 2078 4820 dicitis,

507 4829 679 4883 imber
716 4830 884 4896 venit,
913 4840 968 4885 et
1015 4833 1087 4886 ita
1137 4833 1195 4887 tit
1231 4852 1246 4889 :
1283 4845 1336 4890 et
1371 4847 1490 4890 eum
1548 4849 1790 4894 austrum
1841 4843 2078 4916 ﬂantem,

503 4921 686 4976 dicitis
729 4924 872 4991 quod
925 4929 1093 4978 aestus
1141 4925 1269 4990 erit,
1305 4937 1360 4979 et
1415 4929 1494 4983 lit.
1522 4927 1851 5002 Hypocritee,
1889 4938 2080 4994 laciem

502 5014 625 5068 caeli
665 5025 718 5068 et
759 5023 917 5070 terra:
969 5016 1142 5072 nostis
1189 5019 1439 5087 probare,
1469 5020 1570 5076 hoc
1631 5035 1813 5078 autem
1873 5037 2082 5100 tempus

504 5108 593 5174 qui
637 5106 695 5159 tit
749 5115 807 5160 ut
843 5118 948 5162 non
1004 5108 1409 5178 probetis?Cur
1453 5124 1632 5168 autem
1673 5129 1738 5169 ex
1792 5118 2081 5190 vobisipsis

503 5211 608 5250 non
637 5197 888 5263 iudicatis
910 5201 1267 5270 quodjustum
1293 5203 1416 5256 est?
1446 5202 1580 5257 Cum
1615 5207 1758 5259 enim
1779 5209 1930 5264 vadis
1953 5225 2075 5266 cum

503 5287 814 5342 adversario
849 5298 940 5343 tuo
972 5291 1038 5345 ad
1084 5292 1490 5362 magistratum,
1519 5293 1572 5348 in
1606 5297 1693 5350 via
1721 5295 1791 5351 da
1829 5312 2071 5368 operam,

501 5388 560 5432 ut
605 5377 854 5435 libereris
888 5383 954 5437 ab
1009 5382 1120 5448 illo,
1144 5399 1210 5440 ne
1262 5384 1402 5440 forte
1435 5389 1714 5456 pertrahat
1747 5399 1797 5444 to
1843 5393 1907 5446 ad
1935 5393 2074 5463 judi-

498 5479 642 5530 cem,
677 5475 732 5520 et
754 5467 918 5536 judex
972 5472 1151 5526 tradat
1183 5483 1233 5529 te
1259 5476 1522 5542 exactori,
1557 5487 1612 5531 et
1649 5489 1872 5535 exactor
1902 5482 2074 5554 conji-

499 5558 606 5614 ciat
651 5565 704 5614 te
768 5560 821 5614 in
870 5575 1168 5620 carcerem.
1205 5565 1340 5622 Dico
1387 5569 1504 5636 tibi,
1539 5586 1642 5626 non
1689 5573 1866 5628 exibis
1927 5574 2072 5642 inde,

497 5651 668 5706 donec
723 5650 970 5707 ultimum
1039 5657 1202 5711 etiam
1259 5660 1522 5716 minutum
1591 5664 1802 5719 reddas.
1845 5685 1863 5718 ι
1915 5665 2074 5722 Post-

496 5758 656 5814 quam
710 5743 778 5801 de
859 5746 1265 5823 przedicationc.
1303 5753 1602 5823 disseruit,
1660 5756 1948 5830 ignemque
2017 5772 2070 5817 et

2185 4750 2586 4807 ἀνατέλλουσαν
2616 4749 2724 4801 ἀπὸ
2747 4743 2992 4815 δυσμῶν,
3024 4742 3226 4806 εὐθέως
3260 4744 3471 4813 λέγετε,
3504 4743 3577 4796 ὅτι
3604 4742 3708 4806 ’ομ-

2187 4845 2315 4917 6ρος
2356 4843 2596 4916 ἔρχεται,
2641 4840 2738 4894 καὶ
2793 4839 3004 4908 γίνεται
3060 4836 3265 4902 οὕτως’
3297 4839 3393 4892 καὶ
3441 4838 3559 4891 ὅταν
3597 4835 3708 4888 νότον

2188 4936 2438 4996 πνέοντα,
2504 4934 2690 5002 λέγετε
2755 4932 2840 4984 ὅτι
2870 4929 3110 4984 Καύσων
3160 4930 3336 4998 ἔσται,
3391 4929 3482 4983 καὶ
3525 4928 3708 4996 γίνεται.

2197 5027 2541 5098 ’Υποκριταὶ,
2579 5026 2639 5078 τὸ
2669 5025 2964 5097 πρόσωπον
2991 5023 3091 5093 τῆς
3135 5024 3238 5095 γῆς
3286 5024 3381 5076 καὶ
3407 5021 3498 5075 τοῦ
3525 5011 3709 5090 ούρανοῦ

2185 5121 2361 5175 οἴδατε
2420 5119 2758 5185 δοκιμάζειν,
2792 5119 2884 5170 τὸν
2934 5116 2992 5170 δὲ
3046 5116 3238 5188 καιρὸν
3293 5116 3480 5169 τοῦτον
3525 5112 3626 5174 πῶς
3666 5106 3708 5158 οὗ

2184 5213 2508 5282 δοκιμάζετε
2538 5227 2553 5278 ;
2579 5211 2643 5262 Τί
2688 5210 2745 5262 δέ
2777 5210 2873 5262 καὶ
2917 5207 3011 5278 ἀφ’
3063 5209 3272 5262 ἑαυτῶν
3334 5207 3396 5261 ού
3435 5207 3626 5278 κρίνετε
3665 5198 3708 5248 τὸ

2181 5306 2426 5373 δίκαιον;
2477 5305 2570 5370 Ὠς
2600 5304 2711 5376 γάρ
2746 5303 2980 5372 ὑπάγεις
3033 5302 3173 5374 μετά
3228 5300 3320 5358 τοῦ
3353 5301 3613 5356 ἀντιδίκου
3638 5309 3706 5345 σου

2179 5397 2264 5450 ἐπ’
2308 5396 2566 5468 ἀρχοντα,
2600 5398 2658 5450 ἐν
2700 5398 2768 5466 τῇ
2827 5395 2931 5467 ὁδῷ
2981 5395 3069 5459 δὸς
3105 5397 3365 5466 ἐργασίαν
3410 5384 3707 5461 ἀπηλλάχθαι

2181 5490 2276 5542 ἀπ’
2308 5489 2496 5554 αὑτοῦ,
2531 5490 2605 5561 μή
2659 5505 2790 5544 ποτε
2813 5488 3102 5559 κατασύρῃ
3131 5505 3192 5541 σε
3227 5487 3361 5562 πρὸς
3411 5487 3500 5538 τὸν
3530 5480 3704 5562 κριτὴνι

2179 5581 2274 5632 καὶ
2316 5581 2344 5631 ὁ
2391 5580 2584 5652 κριτὴς
2660 5595 2721 5632 σε
2786 5577 3016 5648 παραδῷ
3066 5577 3144 5648 τῷ
3199 5561 3469 5648 πράκτορι
3500 5609 3517 5636 ,
3561 5566 3640 5622 καὶ
3683 5561 3705 5612 ὁ

2181 5670 2448 5742 πράκτωρ
2495 5689 2552 5724 σε
2603 5670 2738 5742 βάλῃ
2784 5671 2864 5732 είς
2894 5669 3141 5740 φυλακήν
3171 5684 3185 5698 ·
3217 5669 3354 5736 λέγω
3407 5681 3504 5726 σοι,
3537 5661 3591 5714 οὐ
3645 5654 3704 5724 μὴ

2179 5763 2401 5833 ἐξέλθῃς
2444 5765 2691 5830 ἐκεῖθεν,
2752 5763 2855 5828 ἕως
2907 5757 2969 5816 οὗ
3017 5762 3110 5816 καὶ
3160 5760 3220 5814 τὸ
3278 5760 3498 5830 ἔσχατον
3543 5751 3702 5806 λεπτὸν
