  <div class='ocr_page' id='page_1' title='image "/cluster/home/n/w/nwhite01/storage/ocr_20150623/123/hvd.32044019208198/465.png"; bbox 0 0 3896 6452; ppageno 0'>
   <div class='ocr_carea' id='block_1_1' title="bbox 428 302 528 370">
    <p class='ocr_par' dir='ltr' id='par_1_1' title="bbox 428 302 528 370">
     <span class='ocr_line' id='line_1_1' title="bbox 428 302 528 370; baseline -0.04 0"><span class='ocrx_word' id='word_1_1' title='bbox 428 302 528 370; x_wconf 73' lang='lat' dir='ltr'><strong>Cll</strong></span> 
     </span>
    </p>
   </div>
   <div class='ocr_carea' id='block_1_2' title="bbox 1311 297 3643 368">
    <p class='ocr_par' dir='ltr' id='par_1_2' title="bbox 1311 297 3643 368">
     <span class='ocr_line' id='line_1_2' title="bbox 1311 297 3643 368; baseline 0.003 -8"><span class='ocrx_word' id='word_1_2' title='bbox 1311 298 1888 361; x_wconf 75' lang='lat' dir='ltr'>THEOPIIYLACTI</span> <span class='ocrx_word' id='word_1_3' title='bbox 1933 297 2128 358; x_wconf 83' lang='lat' dir='ltr'>BULG</span> <span class='ocrx_word' id='word_1_4' title='bbox 2141 298 2344 359; x_wconf 73' lang='grc' dir='ltr'><strong>ΛΒΙίΕ</strong></span> <span class='ocrx_word' id='word_1_5' title='bbox 2384 301 2530 361; x_wconf 81' lang='lat' dir='ltr'>ARC</span> <span class='ocrx_word' id='word_1_6' title='bbox 2541 302 2616 364; x_wconf 71' lang='lat' dir='ltr'>ill</span> <span class='ocrx_word' id='word_1_7' title='bbox 2629 302 2740 364; x_wconf 89' lang='lat' dir='ltr'>EP.</span> <span class='ocrx_word' id='word_1_8' title='bbox 3559 300 3643 368; x_wconf 74' lang='lat'>912</span> 
     </span>
    </p>
   </div>
   <div class='ocr_carea' id='block_1_3' title="bbox 418 397 2001 492">
    <p class='ocr_par' dir='ltr' id='par_1_3' title="bbox 418 397 1995 490">
     <span class='ocr_line' id='line_1_3' title="bbox 418 397 1995 490; baseline -0.002 -20"><span class='ocrx_word' id='word_1_9' title='bbox 418 397 572 490; x_wconf 65' lang='lat' dir='ltr'><strong>pore,</strong></span> <span class='ocrx_word' id='word_1_10' title='bbox 599 417 912 473; x_wconf 72' lang='lat' dir='ltr'>nuntiantes</span> <span class='ocrx_word' id='word_1_11' title='bbox 940 413 1015 471; x_wconf 91' lang='lat' dir='ltr'><strong>illi</strong></span> <span class='ocrx_word' id='word_1_12' title='bbox 1040 415 1106 472; x_wconf 88' lang='lat' dir='ltr'><strong>de</strong></span> <span class='ocrx_word' id='word_1_13' title='bbox 1154 413 1392 470; x_wconf 80' lang='lat' dir='ltr'><strong>Galilaeis</strong></span> <span class='ocrx_word' id='word_1_14' title='bbox 1417 430 1647 485; x_wconf 89' lang='lat' dir='ltr'><strong>quorum</strong></span> <span class='ocrx_word' id='word_1_15' title='bbox 1675 414 1995 483; x_wconf 73' lang='lat' dir='ltr'><strong>sanguinem</strong></span> 
     </span>
    </p>
   </div>
   <div class='ocr_carea' id='block_1_4' title="bbox 2107 397 3644 492">
    <p class='ocr_par' dir='ltr' id='par_1_4' title="bbox 2107 412 3644 492">
     <span class='ocr_line' id='line_1_4' title="bbox 2107 412 3644 492; baseline 0.006 -26"><span class='ocrx_word' id='word_1_16' title='bbox 2107 414 2285 479; x_wconf 84' lang='grc' dir='ltr'>λοντες</span> <span class='ocrx_word' id='word_1_17' title='bbox 2323 415 2472 487; x_wconf 77' lang='grc' dir='ltr'>αὐτῷ</span> <span class='ocrx_word' id='word_1_18' title='bbox 2499 417 2630 488; x_wconf 77' lang='grc' dir='ltr'>περὶ</span> <span class='ocrx_word' id='word_1_19' title='bbox 2679 419 2788 472; x_wconf 82' lang='grc' dir='ltr'>τῶν</span> <span class='ocrx_word' id='word_1_20' title='bbox 2823 419 3141 486; x_wconf 71' lang='grc' dir='ltr'>Γαλιλαίων,</span> <span class='ocrx_word' id='word_1_21' title='bbox 3173 412 3251 478; x_wconf 77' lang='grc' dir='ltr'>ὧν</span> <span class='ocrx_word' id='word_1_22' title='bbox 3280 421 3340 475; x_wconf 76' lang='grc' dir='ltr'>τὸ</span> <span class='ocrx_word' id='word_1_23' title='bbox 3369 413 3505 492; x_wconf 70' lang='grc' dir='ltr'>αἷμα</span> <span class='ocrx_word' id='word_1_24' title='bbox 3547 418 3644 475; x_wconf 85' lang='grc' dir='ltr'>Πι-</span> 
     </span>
    </p>
   </div>
   <div class='ocr_carea' id='block_1_5' title="bbox 419 506 1994 578">
    <p class='ocr_par' dir='ltr' id='par_1_5' title="bbox 419 506 1994 578">
     <span class='ocr_line' id='line_1_5' title="bbox 419 506 1994 578; baseline -0.003 -13"><span class='ocrx_word' id='word_1_25' title='bbox 419 511 621 565; x_wconf 78' lang='lat' dir='ltr'><strong>Pilatus</strong></span> <span class='ocrx_word' id='word_1_26' title='bbox 641 511 929 565; x_wconf 88' lang='lat' dir='ltr'><strong>miscuerat</strong></span> <span class='ocrx_word' id='word_1_27' title='bbox 949 523 1070 564; x_wconf 91' lang='lat' dir='ltr'>cum</span> <span class='ocrx_word' id='word_1_28' title='bbox 1087 508 1371 564; x_wconf 88' lang='lat' dir='ltr'><strong>sacriliciis</strong></span> <span class='ocrx_word' id='word_1_29' title='bbox 1389 507 1655 578; x_wconf 86' lang='lat' dir='ltr'><strong>ipsorum.</strong></span> <span class='ocrx_word' id='word_1_30' title='bbox 1691 506 1755 559; x_wconf 87' lang='lat' dir='ltr'>Et</span> <span class='ocrx_word' id='word_1_31' title='bbox 1773 522 1994 576; x_wconf 88' lang='lat' dir='ltr'><strong>respou-</strong></span> 
     </span>
    </p>
   </div>
   <div class='ocr_carea' id='block_1_6' title="bbox 417 593 1997 668">
    <p class='ocr_par' dir='ltr' id='par_1_6' title="bbox 417 593 1997 668">
     <span class='ocr_line' id='line_1_6' title="bbox 417 593 1997 668; baseline -0.004 -12"><span class='ocrx_word' id='word_1_32' title='bbox 417 603 550 656; x_wconf 77' lang='lat' dir='ltr'><strong>dens</strong></span> <span class='ocrx_word' id='word_1_33' title='bbox 574 601 731 658; x_wconf 80' lang='lat' dir='ltr'><strong>Jesus</strong></span> <span class='ocrx_word' id='word_1_34' title='bbox 763 601 902 654; x_wconf 78' lang='lat' dir='ltr'><strong>dixit</strong></span> <span class='ocrx_word' id='word_1_35' title='bbox 932 599 1036 654; x_wconf 88' lang='lat' dir='ltr'><strong>illis</strong></span> <span class='ocrx_word' id='word_1_36' title='bbox 1068 614 1081 650; x_wconf 90' lang='lat'><strong>:</strong></span> <span class='ocrx_word' id='word_1_37' title='bbox 1143 598 1352 653; x_wconf 83' lang='lat' dir='ltr'><strong>Putatis</strong></span> <span class='ocrx_word' id='word_1_38' title='bbox 1400 603 1545 668; x_wconf 83' lang='lat' dir='ltr'><strong>quod</strong></span> <span class='ocrx_word' id='word_1_39' title='bbox 1574 597 1626 652; x_wconf 90' lang='lat' dir='ltr'><strong>bi</strong></span> <span class='ocrx_word' id='word_1_40' title='bbox 1648 593 1854 652; x_wconf 67' lang='lat' dir='ltr'><strong>Galilaei</strong></span> <span class='ocrx_word' id='word_1_41' title='bbox 1885 610 1997 667; x_wconf 70' lang='lat' dir='ltr'><strong>pra:</strong></span> 
     </span>
    </p>
   </div>
   <div class='ocr_carea' id='block_1_7' title="bbox 421 688 1995 763">
    <p class='ocr_par' dir='ltr' id='par_1_7' title="bbox 421 688 1995 763">
     <span class='ocr_line' id='line_1_7' title="bbox 421 688 1995 763; baseline -0.006 -12"><span class='ocrx_word' id='word_1_42' title='bbox 421 695 628 751; x_wconf 79' lang='lat' dir='ltr'><strong>cunctis</strong></span> <span class='ocrx_word' id='word_1_43' title='bbox 643 694 893 749; x_wconf 73' lang='lat' dir='ltr'><strong>Gaelilzris</strong></span> <span class='ocrx_word' id='word_1_44' title='bbox 918 699 1235 763; x_wconf 81' lang='lat' dir='ltr'><strong>peccatores</strong></span> <span class='ocrx_word' id='word_1_45' title='bbox 1271 689 1499 757; x_wconf 81' lang='lat' dir='ltr'><strong>fuerint,</strong></span> <span class='ocrx_word' id='word_1_46' title='bbox 1525 689 1651 760; x_wconf 85' lang='lat' dir='ltr'>quia</span> <span class='ocrx_word' id='word_1_47' title='bbox 1685 688 1813 744; x_wconf 90' lang='lat' dir='ltr'><strong>talia</strong></span> <span class='ocrx_word' id='word_1_48' title='bbox 1851 688 1995 760; x_wconf 82' lang='lat' dir='ltr'><strong>passi</strong></span> 
     </span>
    </p>
   </div>
   <div class='ocr_carea' id='block_1_8' title="bbox 419 783 1998 852">
    <p class='ocr_par' dir='ltr' id='par_1_8' title="bbox 419 783 1998 852">
     <span class='ocr_line' id='line_1_8' title="bbox 419 783 1998 852; baseline -0.006 -9"><span class='ocrx_word' id='word_1_49' title='bbox 419 786 579 843; x_wconf 85' lang='lat' dir='ltr'><strong>sunt?</strong></span> <span class='ocrx_word' id='word_1_50' title='bbox 600 785 738 848; x_wconf 73' lang='lat' dir='ltr'><strong>Non,</strong></span> <span class='ocrx_word' id='word_1_51' title='bbox 775 785 898 840; x_wconf 92' lang='lat' dir='ltr'>dico</span> <span class='ocrx_word' id='word_1_52' title='bbox 923 785 1075 839; x_wconf 85' lang='lat' dir='ltr'>vobis</span> <span class='ocrx_word' id='word_1_53' title='bbox 1103 798 1117 836; x_wconf 88' lang='lat'><strong>:</strong></span> <span class='ocrx_word' id='word_1_54' title='bbox 1153 784 1260 837; x_wconf 90' lang='lat' dir='ltr'>imo</span> <span class='ocrx_word' id='word_1_55' title='bbox 1288 783 1390 838; x_wconf 85' lang='lat' dir='ltr'>nisi</span> <span class='ocrx_word' id='word_1_56' title='bbox 1421 783 1779 852; x_wconf 85' lang='lat' dir='ltr'><strong>resipueritis,</strong></span> <span class='ocrx_word' id='word_1_57' title='bbox 1810 795 1998 836; x_wconf 86' lang='lat' dir='ltr'><strong>omnes</strong></span> 
     </span>
    </p>
   </div>
   <div class='ocr_carea' id='block_1_9' title="bbox 419 878 1998 950">
    <p class='ocr_par' dir='ltr' id='par_1_9' title="bbox 419 878 1998 950">
     <span class='ocr_line' id='line_1_9' title="bbox 419 878 1998 950; baseline -0.008 -11"><span class='ocrx_word' id='word_1_58' title='bbox 419 883 668 939; x_wconf 77' lang='lat' dir='ltr'>similiter</span> <span class='ocrx_word' id='word_1_59' title='bbox 688 881 952 950; x_wconf 86' lang='lat' dir='ltr'><strong>peribilis.</strong></span> <span class='ocrx_word' id='word_1_60' title='bbox 980 880 1086 932; x_wconf 85' lang='lat' dir='ltr'>Aut</span> <span class='ocrx_word' id='word_1_61' title='bbox 1121 878 1195 933; x_wconf 87' lang='lat' dir='ltr'><strong>illi</strong></span> <span class='ocrx_word' id='word_1_62' title='bbox 1232 879 1416 932; x_wconf 86' lang='lat' dir='ltr'><strong>decem</strong></span> <span class='ocrx_word' id='word_1_63' title='bbox 1443 887 1497 930; x_wconf 87' lang='lat' dir='ltr'><strong>et</strong></span> <span class='ocrx_word' id='word_1_64' title='bbox 1527 887 1651 931; x_wconf 90' lang='lat' dir='ltr'><strong>octo</strong></span> <span class='ocrx_word' id='word_1_65' title='bbox 1674 889 1835 945; x_wconf 78' lang='lat' dir='ltr'><strong>supra</strong></span> <span class='ocrx_word' id='word_1_66' title='bbox 1867 887 1998 944; x_wconf 90' lang='lat' dir='ltr'><strong>quos</strong></span> 
     </span>
    </p>
   </div>
   <div class='ocr_carea' id='block_1_10' title="bbox 419 966 1996 1038">
    <p class='ocr_par' dir='ltr' id='par_1_10' title="bbox 419 966 1996 1038">
     <span class='ocr_line' id='line_1_10' title="bbox 419 966 1996 1038; baseline -0.008 -7"><span class='ocrx_word' id='word_1_67' title='bbox 419 975 614 1031; x_wconf 88' lang='lat' dir='ltr'><strong>cecidit</strong></span> <span class='ocrx_word' id='word_1_68' title='bbox 647 975 811 1029; x_wconf 89' lang='lat' dir='ltr'><strong>turris</strong></span> <span class='ocrx_word' id='word_1_69' title='bbox 847 974 898 1027; x_wconf 93' lang='lat' dir='ltr'><strong>iu</strong></span> <span class='ocrx_word' id='word_1_70' title='bbox 937 970 1104 1038; x_wconf 80' lang='lat' dir='ltr'><strong>Siloe,</strong></span> <span class='ocrx_word' id='word_1_71' title='bbox 1130 980 1182 1026; x_wconf 87' lang='lat' dir='ltr'>et</span> <span class='ocrx_word' id='word_1_72' title='bbox 1210 971 1408 1026; x_wconf 85' lang='lat' dir='ltr'><strong>occidit</strong></span> <span class='ocrx_word' id='word_1_73' title='bbox 1457 985 1580 1032; x_wconf 85' lang='lat' dir='ltr'><strong>eos,</strong></span> <span class='ocrx_word' id='word_1_74' title='bbox 1618 969 1820 1038; x_wconf 94' lang='lat' dir='ltr'><strong>putatis</strong></span> <span class='ocrx_word' id='word_1_75' title='bbox 1855 966 1996 1036; x_wconf 89' lang='lat' dir='ltr'><strong>quod</strong></span> 
     </span>
    </p>
   </div>
   <div class='ocr_carea' id='block_1_11' title="bbox 419 1060 1998 1120">
    <p class='ocr_par' dir='ltr' id='par_1_11' title="bbox 419 1060 1998 1120">
     <span class='ocr_line' id='line_1_11' title="bbox 419 1060 1998 1120; baseline -0.004 -2"><span class='ocrx_word' id='word_1_76' title='bbox 419 1067 690 1120; x_wconf 75' lang='lat' dir='ltr'>debitores</span> <span class='ocrx_word' id='word_1_77' title='bbox 714 1064 916 1119; x_wconf 84' lang='lat' dir='ltr'><strong>fuerint</strong></span> <span class='ocrx_word' id='word_1_78' title='bbox 957 1065 1092 1118; x_wconf 88' lang='lat' dir='ltr'><strong>ultra</strong></span> <span class='ocrx_word' id='word_1_79' title='bbox 1140 1073 1365 1118; x_wconf 88' lang='lat' dir='ltr'><strong>cunctos</strong></span> <span class='ocrx_word' id='word_1_80' title='bbox 1414 1063 1657 1116; x_wconf 77' lang='lat' dir='ltr'>homines</span> <span class='ocrx_word' id='word_1_81' title='bbox 1696 1060 1998 1114; x_wconf 73' lang='lat' dir='ltr'><strong>habitantes</strong></span> 
     </span>
    </p>
   </div>
   <div class='ocr_carea' id='block_1_12' title="bbox 417 1149 1995 1226">
    <p class='ocr_par' dir='ltr' id='par_1_12' title="bbox 417 1149 1995 1226">
     <span class='ocr_line' id='line_1_12' title="bbox 417 1149 1995 1226; baseline -0.006 -16"><span class='ocrx_word' id='word_1_82' title='bbox 417 1155 805 1226; x_wconf 78' lang='lat' dir='ltr'><strong>Jerosnlymis‘l</strong></span> <span class='ocrx_word' id='word_1_83' title='bbox 835 1154 975 1220; x_wconf 86' lang='lat' dir='ltr'><strong>Non,</strong></span> <span class='ocrx_word' id='word_1_84' title='bbox 1009 1156 1130 1208; x_wconf 83' lang='lat' dir='ltr'>dico</span> <span class='ocrx_word' id='word_1_85' title='bbox 1163 1155 1337 1215; x_wconf 84' lang='lat' dir='ltr'><strong>vobis,</strong></span> <span class='ocrx_word' id='word_1_86' title='bbox 1369 1153 1475 1206; x_wconf 84' lang='lat' dir='ltr'><strong>imo</strong></span> <span class='ocrx_word' id='word_1_87' title='bbox 1501 1152 1600 1205; x_wconf 85' lang='lat' dir='ltr'><strong>nisi</strong></span> <span class='ocrx_word' id='word_1_88' title='bbox 1638 1149 1995 1219; x_wconf 79' lang='lat' dir='ltr'><strong>resipueritis,</strong></span> 
     </span>
    </p>
   </div>
   <div class='ocr_carea' id='block_1_13' title="bbox 419 1240 2000 1317">
    <p class='ocr_par' dir='ltr' id='par_1_13' title="bbox 419 1240 2000 1317">
     <span class='ocr_line' id='line_1_13' title="bbox 419 1240 2000 1317; baseline -0.006 -13"><span class='ocrx_word' id='word_1_89' title='bbox 419 1265 610 1304; x_wconf 84' lang='lat' dir='ltr'><strong>omnes</strong></span> <span class='ocrx_word' id='word_1_90' title='bbox 657 1249 909 1302; x_wconf 69' lang='lat' dir='ltr'><strong>similiter</strong></span> <span class='ocrx_word' id='word_1_91' title='bbox 943 1248 1210 1317; x_wconf 88' lang='lat' dir='ltr'><strong>peribitis.</strong></span> <span class='ocrx_word' id='word_1_92' title='bbox 1255 1264 1272 1297; x_wconf 76' lang='grc' dir='ltr'>ι</span> <span class='ocrx_word' id='word_1_93' title='bbox 1329 1243 1495 1299; x_wconf 84' lang='lat' dir='ltr'><strong>Judas</strong></span> <span class='ocrx_word' id='word_1_94' title='bbox 1539 1240 1812 1304; x_wconf 69' lang='lat' dir='ltr'><strong>Galilactts,</strong></span> <span class='ocrx_word' id='word_1_95' title='bbox 1846 1240 2000 1310; x_wconf 82' lang='lat' dir='ltr'><strong>cujus</strong></span> 
     </span>
    </p>
   </div>
   <div class='ocr_carea' id='block_1_14' title="bbox 419 1334 1997 1410">
    <p class='ocr_par' dir='ltr' id='par_1_14' title="bbox 419 1334 1997 1410">
     <span class='ocr_line' id='line_1_14' title="bbox 419 1334 1997 1410; baseline -0.006 -17"><span class='ocrx_word' id='word_1_96' title='bbox 419 1352 474 1394; x_wconf 92' lang='lat' dir='ltr'>et</span> <span class='ocrx_word' id='word_1_97' title='bbox 516 1342 568 1393; x_wconf 92' lang='lat' dir='ltr'><strong>in</strong></span> <span class='ocrx_word' id='word_1_98' title='bbox 597 1339 746 1393; x_wconf 83' lang='lat' dir='ltr'><strong>Actis</strong></span> <span class='ocrx_word' id='word_1_99' title='bbox 789 1339 902 1410; x_wconf 89' lang='lat' dir='ltr'><strong>ipse</strong></span> <span class='ocrx_word' id='word_1_100' title='bbox 946 1337 1282 1407; x_wconf 74' lang='lat' dir='ltr'><strong>evangelista</strong></span> <span class='ocrx_word' id='word_1_101' title='bbox 1334 1344 1517 1389; x_wconf 82' lang='lat' dir='ltr'><strong>noster</strong></span> <span class='ocrx_word' id='word_1_102' title='bbox 1570 1334 1833 1396; x_wconf 86' lang='lat' dir='ltr'>meminit,</span> <span class='ocrx_word' id='word_1_103' title='bbox 1878 1346 1997 1385; x_wconf 90' lang='lat' dir='ltr'>cum</span> 
     </span>
    </p>
   </div>
   <div class='ocr_carea' id='block_1_15' title="bbox 420 1425 1995 1501">
    <p class='ocr_par' dir='ltr' id='par_1_15' title="bbox 420 1425 1995 1501">
     <span class='ocr_line' id='line_1_15' title="bbox 420 1425 1995 1501; baseline -0.006 -15"><span class='ocrx_word' id='word_1_104' title='bbox 420 1444 469 1486; x_wconf 87' lang='lat' dir='ltr'>et</span> <span class='ocrx_word' id='word_1_105' title='bbox 504 1432 620 1501; x_wconf 89' lang='lat' dir='ltr'><strong>ipse</strong></span> <span class='ocrx_word' id='word_1_106' title='bbox 642 1431 972 1500; x_wconf 87' lang='lat' dir='ltr'><strong>aliquantum</strong></span> <span class='ocrx_word' id='word_1_107' title='bbox 1002 1430 1192 1484; x_wconf 86' lang='lat' dir='ltr'><strong>doctus</strong></span> <span class='ocrx_word' id='word_1_108' title='bbox 1222 1436 1366 1482; x_wconf 78' lang='lat' dir='ltr'><strong>esset</strong></span> <span class='ocrx_word' id='word_1_109' title='bbox 1401 1428 1449 1480; x_wconf 92' lang='lat' dir='ltr'>in</span> <span class='ocrx_word' id='word_1_110' title='bbox 1469 1426 1605 1496; x_wconf 81' lang='lat' dir='ltr'><strong>lege,</strong></span> <span class='ocrx_word' id='word_1_111' title='bbox 1629 1426 1813 1480; x_wconf 81' lang='lat' dir='ltr'>docuit</span> <span class='ocrx_word' id='word_1_112' title='bbox 1834 1425 1995 1477; x_wconf 79' lang='lat' dir='ltr'><strong>etiam</strong></span> 
     </span>
    </p>
   </div>
   <div class='ocr_carea' id='block_1_16' title="bbox 420 1516 2004 1590">
    <p class='ocr_par' dir='ltr' id='par_1_16' title="bbox 420 1516 2004 1590">
     <span class='ocr_line' id='line_1_16' title="bbox 420 1516 2004 1590; baseline -0.005 -12"><span class='ocrx_word' id='word_1_113' title='bbox 420 1526 555 1578; x_wconf 89' lang='lat' dir='ltr'><strong>alios</strong></span> <span class='ocrx_word' id='word_1_114' title='bbox 616 1522 869 1578; x_wconf 67' lang='lat' dir='ltr'><strong>Galilaeos</strong></span> <span class='ocrx_word' id='word_1_115' title='bbox 941 1537 1041 1576; x_wconf 82' lang='lat' dir='ltr'>suo</span> <span class='ocrx_word' id='word_1_116' title='bbox 1100 1519 1336 1590; x_wconf 86' lang='lat' dir='ltr'><strong>dogmati</strong></span> <span class='ocrx_word' id='word_1_117' title='bbox 1403 1519 1702 1573; x_wconf 64' lang='lat' dir='ltr'><strong>adhaerere.</strong></span> <span class='ocrx_word' id='word_1_118' title='bbox 1767 1516 2004 1572; x_wconf 72' lang='lat' dir='ltr'><strong>Docebat</strong></span> 
     </span>
    </p>
   </div>
   <div class='ocr_carea' id='block_1_17' title="bbox 420 1609 2004 1683">
    <p class='ocr_par' dir='ltr' id='par_1_17' title="bbox 420 1609 2004 1683">
     <span class='ocr_line' id='line_1_17' title="bbox 420 1609 2004 1683; baseline -0.004 -13"><span class='ocrx_word' id='word_1_119' title='bbox 420 1627 598 1672; x_wconf 86' lang='lat' dir='ltr'><strong>autem</strong></span> <span class='ocrx_word' id='word_1_120' title='bbox 657 1629 831 1683; x_wconf 84' lang='lat' dir='ltr'><strong>neque</strong></span> <span class='ocrx_word' id='word_1_121' title='bbox 893 1628 988 1667; x_wconf 91' lang='lat' dir='ltr'>ore</span> <span class='ocrx_word' id='word_1_122' title='bbox 1041 1623 1192 1667; x_wconf 90' lang='lat' dir='ltr'><strong>tenus</strong></span> <span class='ocrx_word' id='word_1_123' title='bbox 1243 1610 1523 1666; x_wconf 80' lang='lat' dir='ltr'><strong>ferendum</strong></span> <span class='ocrx_word' id='word_1_124' title='bbox 1583 1610 1746 1664; x_wconf 90' lang='lat' dir='ltr'><strong>ullum</strong></span> <span class='ocrx_word' id='word_1_125' title='bbox 1785 1609 2004 1664; x_wconf 90' lang='lat' dir='ltr'><strong>omnino</strong></span> 
     </span>
    </p>
   </div>
   <div class='ocr_carea' id='block_1_18' title="bbox 421 1699 2003 1778">
    <p class='ocr_par' dir='ltr' id='par_1_18' title="bbox 421 1699 2003 1778">
     <span class='ocr_line' id='line_1_18' title="bbox 421 1699 2003 1778; baseline -0.007 -15"><span class='ocrx_word' id='word_1_126' title='bbox 421 1709 692 1763; x_wconf 80' lang='lat' dir='ltr'><strong>hominem</strong></span> <span class='ocrx_word' id='word_1_127' title='bbox 742 1704 908 1778; x_wconf 67' lang='lat'>384</span> <span class='ocrx_word' id='word_1_128' title='bbox 962 1705 1237 1759; x_wconf 91' lang='lat' dir='ltr'><strong>dominum</strong></span> <span class='ocrx_word' id='word_1_129' title='bbox 1273 1704 1401 1769; x_wconf 83' lang='lat' dir='ltr'><strong>dici,</strong></span> <span class='ocrx_word' id='word_1_130' title='bbox 1431 1717 1606 1772; x_wconf 80' lang='lat' dir='ltr'><strong>neque</strong></span> <span class='ocrx_word' id='word_1_131' title='bbox 1673 1701 1893 1756; x_wconf 81' lang='lat' dir='ltr'><strong>honoris</strong></span> <span class='ocrx_word' id='word_1_132' title='bbox 1924 1699 2003 1753; x_wconf 87' lang='lat' dir='ltr'>vel</span> 
     </span>
    </p>
   </div>
   <div class='ocr_carea' id='block_1_19' title="bbox 2105 507 3648 581">
    <p class='ocr_par' dir='ltr' id='par_1_19' title="bbox 2105 507 3648 581">
     <span class='ocr_line' id='line_1_19' title="bbox 2105 507 3648 581; baseline 0.012 -22"><span class='ocrx_word' id='word_1_133' title='bbox 2105 507 2264 571; x_wconf 87' lang='grc' dir='ltr'>λάτος</span> <span class='ocrx_word' id='word_1_134' title='bbox 2285 507 2439 579; x_wconf 73' lang='grc' dir='ltr'>ἔμιξε</span> <span class='ocrx_word' id='word_1_135' title='bbox 2469 509 2608 580; x_wconf 88' lang='grc' dir='ltr'>μετά</span> <span class='ocrx_word' id='word_1_136' title='bbox 2629 511 2738 564; x_wconf 86' lang='grc' dir='ltr'>τῶν</span> <span class='ocrx_word' id='word_1_137' title='bbox 2763 511 2964 566; x_wconf 82' lang='grc' dir='ltr'>θυσιῶν</span> <span class='ocrx_word' id='word_1_138' title='bbox 2987 515 3172 569; x_wconf 72' lang='grc' dir='ltr'>αὐτῶν</span> <span class='ocrx_word' id='word_1_139' title='bbox 3201 531 3214 544; x_wconf 85' lang='grc'><strong>”</strong></span> <span class='ocrx_word' id='word_1_140' title='bbox 3241 513 3334 563; x_wconf 65' lang='grc' dir='ltr'>καὶ</span> <span class='ocrx_word' id='word_1_141' title='bbox 3359 512 3648 581; x_wconf 71' lang='grc' dir='ltr'>ἀποκριθεὶς</span> 
     </span>
    </p>
   </div>
   <div class='ocr_carea' id='block_1_20' title="bbox 2101 597 3649 678">
    <p class='ocr_par' dir='ltr' id='par_1_20' title="bbox 2101 597 3649 678">
     <span class='ocr_line' id='line_1_20' title="bbox 2101 597 3649 678; baseline 0.004 -25"><span class='ocrx_word' id='word_1_142' title='bbox 2101 601 2130 653; x_wconf 87' lang='grc' dir='ltr'>ό</span> <span class='ocrx_word' id='word_1_143' title='bbox 2196 601 2403 670; x_wconf 77' lang='grc' dir='ltr'>Ἰησοῦς</span> <span class='ocrx_word' id='word_1_144' title='bbox 2462 597 2615 678; x_wconf 56' lang='grc' dir='ltr'>εἷπεν</span> <span class='ocrx_word' id='word_1_145' title='bbox 2677 604 2880 668; x_wconf 76' lang='grc' dir='ltr'>αὐτοῖς·</span> <span class='ocrx_word' id='word_1_146' title='bbox 2931 608 3147 660; x_wconf 75' lang='grc' dir='ltr'>Δοκεῖτε</span> <span class='ocrx_word' id='word_1_147' title='bbox 3184 606 3268 660; x_wconf 80' lang='grc' dir='ltr'>ὃτι</span> <span class='ocrx_word' id='word_1_148' title='bbox 3322 604 3370 657; x_wconf 88' lang='grc' dir='ltr'>οἱ</span> <span class='ocrx_word' id='word_1_149' title='bbox 3411 603 3649 659; x_wconf 81' lang='grc' dir='ltr'>Γαλιλαῖοι</span> 
     </span>
    </p>
   </div>
   <div class='ocr_carea' id='block_1_21' title="bbox 2103 688 3648 764">
    <p class='ocr_par' dir='ltr' id='par_1_21' title="bbox 2103 688 3648 764">
     <span class='ocr_line' id='line_1_21' title="bbox 2103 688 3648 764; baseline 0.002 -18"><span class='ocrx_word' id='word_1_150' title='bbox 2103 688 2248 747; x_wconf 73' lang='grc' dir='ltr'>οὗτοι</span> <span class='ocrx_word' id='word_1_151' title='bbox 2284 693 2602 764; x_wconf 79' lang='grc' dir='ltr'>ἁμαρτωλοὶ</span> <span class='ocrx_word' id='word_1_152' title='bbox 2637 696 2786 762; x_wconf 79' lang='grc' dir='ltr'>παρὰ</span> <span class='ocrx_word' id='word_1_153' title='bbox 2811 696 3020 756; x_wconf 65' lang='grc' dir='ltr'>πάντας</span> <span class='ocrx_word' id='word_1_154' title='bbox 3050 698 3176 758; x_wconf 76' lang='grc' dir='ltr'>τοὺς</span> <span class='ocrx_word' id='word_1_155' title='bbox 3205 693 3514 757; x_wconf 75' lang='grc' dir='ltr'>Γαλιλαίους</span> <span class='ocrx_word' id='word_1_156' title='bbox 3546 697 3648 763; x_wconf 75' lang='grc' dir='ltr'>ὲτέο</span> 
     </span>
    </p>
   </div>
   <div class='ocr_carea' id='block_1_22' title="bbox 2104 768 3647 857">
    <p class='ocr_par' dir='ltr' id='par_1_22' title="bbox 2104 768 3647 857">
     <span class='ocr_line' id='line_1_22' title="bbox 2104 768 3647 857; baseline -0.002 -16"><span class='ocrx_word' id='word_1_157' title='bbox 2104 788 2377 854; x_wconf 85' lang='grc' dir='ltr'>νοντο,ὃτι</span> <span class='ocrx_word' id='word_1_158' title='bbox 2435 787 2658 841; x_wconf 84' lang='grc' dir='ltr'>τοιαῦτα</span> <span class='ocrx_word' id='word_1_159' title='bbox 2715 787 3049 844; x_wconf 80' lang='grc' dir='ltr'>πεπόνθασιν</span> <span class='ocrx_word' id='word_1_160' title='bbox 3075 805 3094 856; x_wconf 80' lang='lat'><strong>°,</strong></span> <span class='ocrx_word' id='word_1_161' title='bbox 3124 786 3294 854; x_wconf 73' lang='grc' dir='ltr'>Οὐχί,</span> <span class='ocrx_word' id='word_1_162' title='bbox 3335 785 3474 852; x_wconf 87' lang='grc' dir='ltr'>λέγω</span> <span class='ocrx_word' id='word_1_163' title='bbox 3521 768 3647 857; x_wconf 61' lang='grc' dir='ltr'>ὑμῖν,</span> 
     </span>
    </p>
   </div>
   <div class='ocr_carea' id='block_1_23' title="bbox 2103 875 3646 950">
    <p class='ocr_par' dir='ltr' id='par_1_23' title="bbox 2103 875 3646 950">
     <span class='ocr_line' id='line_1_23' title="bbox 2103 875 3646 950; baseline -0.002 -18"><span class='ocrx_word' id='word_1_164' title='bbox 2103 877 2220 933; x_wconf 83' lang='grc' dir='ltr'>ἀλλ’</span> <span class='ocrx_word' id='word_1_165' title='bbox 2252 878 2347 931; x_wconf 81' lang='grc' dir='ltr'>ὲάν</span> <span class='ocrx_word' id='word_1_166' title='bbox 2381 877 2457 950; x_wconf 78' lang='grc' dir='ltr'>μὴ</span> <span class='ocrx_word' id='word_1_167' title='bbox 2496 877 2816 948; x_wconf 79' lang='grc' dir='ltr'>μετανοῆτε,</span> <span class='ocrx_word' id='word_1_168' title='bbox 2851 877 3053 944; x_wconf 85' lang='grc' dir='ltr'>πάντες</span> <span class='ocrx_word' id='word_1_169' title='bbox 3082 876 3344 937; x_wconf 75' lang='grc' dir='ltr'>ὡσαύτως</span> <span class='ocrx_word' id='word_1_170' title='bbox 3366 875 3646 929; x_wconf 72' lang='grc' dir='ltr'>ἀπολεῖσθε.</span> 
     </span>
    </p>
   </div>
   <div class='ocr_carea' id='block_1_24' title="bbox 2108 967 3651 1039">
    <p class='ocr_par' dir='ltr' id='par_1_24' title="bbox 2108 967 3651 1039">
     <span class='ocr_line' id='line_1_24' title="bbox 2108 967 3651 1039; baseline -0.003 -14"><span class='ocrx_word' id='word_1_171' title='bbox 2108 973 2176 1025; x_wconf 88' lang='grc' dir='ltr'><em>Ἢ</em></span> <span class='ocrx_word' id='word_1_172' title='bbox 2203 973 2401 1025; x_wconf 74' lang='grc' dir='ltr'>ἐκεῖνοι</span> <span class='ocrx_word' id='word_1_173' title='bbox 2425 973 2474 1024; x_wconf 86' lang='lat' dir='ltr'>oi.</span> <span class='ocrx_word' id='word_1_174' title='bbox 2500 973 2632 1026; x_wconf 88' lang='grc' dir='ltr'>δέκα</span> <span class='ocrx_word' id='word_1_175' title='bbox 2663 972 2757 1025; x_wconf 81' lang='grc' dir='ltr'>καὶ</span> <span class='ocrx_word' id='word_1_176' title='bbox 2772 971 2937 1030; x_wconf 84' lang='grc' dir='ltr'>όκτὼ,</span> <span class='ocrx_word' id='word_1_177' title='bbox 2965 971 3049 1039; x_wconf 81' lang='grc' dir='ltr'>ἐφ’</span> <span class='ocrx_word' id='word_1_178' title='bbox 3077 968 3169 1031; x_wconf 78' lang='grc' dir='ltr'>οὓς</span> <span class='ocrx_word' id='word_1_179' title='bbox 3205 967 3400 1020; x_wconf 76' lang='grc' dir='ltr'>ἔπεσεν</span> <span class='ocrx_word' id='word_1_180' title='bbox 3422 970 3448 1019; x_wconf 85' lang='grc' dir='ltr'>ὁ</span> <span class='ocrx_word' id='word_1_181' title='bbox 3475 968 3651 1038; x_wconf 76' lang='grc' dir='ltr'>πύργος</span> 
     </span>
    </p>
   </div>
   <div class='ocr_carea' id='block_1_25' title="bbox 2104 1049 3652 1133">
    <p class='ocr_par' dir='ltr' id='par_1_25' title="bbox 2104 1049 3652 1133">
     <span class='ocr_line' id='line_1_25' title="bbox 2104 1049 3652 1133; baseline -0.003 -16"><span class='ocrx_word' id='word_1_182' title='bbox 2104 1065 2162 1119; x_wconf 84' lang='grc' dir='ltr'>ὲν</span> <span class='ocrx_word' id='word_1_183' title='bbox 2202 1063 2279 1133; x_wconf 86' lang='grc' dir='ltr'>τῷ</span> <span class='ocrx_word' id='word_1_184' title='bbox 2313 1062 2557 1130; x_wconf 74' lang='grc' dir='ltr'>Σιλωὰμ,</span> <span class='ocrx_word' id='word_1_185' title='bbox 2588 1063 2682 1115; x_wconf 75' lang='grc' dir='ltr'>καὶ</span> <span class='ocrx_word' id='word_1_186' title='bbox 2729 1063 3052 1114; x_wconf 83' lang='grc' dir='ltr'>ἀπέκτεινεν</span> <span class='ocrx_word' id='word_1_187' title='bbox 3099 1059 3296 1123; x_wconf 82' lang='grc' dir='ltr'>αὐτούς</span> <span class='ocrx_word' id='word_1_188' title='bbox 3317 1077 3330 1091; x_wconf 88' lang='grc'><strong>·</strong></span> <span class='ocrx_word' id='word_1_189' title='bbox 3363 1060 3555 1112; x_wconf 81' lang='grc' dir='ltr'>δοκεῖτε</span> <span class='ocrx_word' id='word_1_190' title='bbox 3585 1049 3652 1114; x_wconf 70' lang='grc' dir='ltr'>ὂῗςι</span> 
     </span>
    </p>
   </div>
   <div class='ocr_carea' id='block_1_26' title="bbox 2105 1151 3653 1226">
    <p class='ocr_par' dir='ltr' id='par_1_26' title="bbox 2105 1151 3653 1226">
     <span class='ocr_line' id='line_1_26' title="bbox 2105 1151 3653 1226; baseline -0.005 -16"><span class='ocrx_word' id='word_1_191' title='bbox 2105 1152 2248 1212; x_wconf 72' lang='grc' dir='ltr'>οὗτοι</span> <span class='ocrx_word' id='word_1_192' title='bbox 2286 1153 2564 1224; x_wconf 75' lang='grc' dir='ltr'>ὀφειλέται</span> <span class='ocrx_word' id='word_1_193' title='bbox 2597 1155 2849 1224; x_wconf 70' lang='grc' dir='ltr'>ἐγένοντο</span> <span class='ocrx_word' id='word_1_194' title='bbox 2898 1154 3048 1226; x_wconf 84' lang='grc' dir='ltr'>παρά</span> <span class='ocrx_word' id='word_1_195' title='bbox 3101 1153 3311 1213; x_wconf 84' lang='grc' dir='ltr'>πάντας</span> <span class='ocrx_word' id='word_1_196' title='bbox 3366 1151 3653 1222; x_wconf 74' lang='grc' dir='ltr'>ἀνθρώπους</span> 
     </span>
    </p>
   </div>
   <div class='ocr_carea' id='block_1_27' title="bbox 2105 1244 3651 1320">
    <p class='ocr_par' dir='ltr' id='par_1_27' title="bbox 2105 1244 3651 1320">
     <span class='ocr_line' id='line_1_27' title="bbox 2105 1244 3651 1320; baseline -0.005 -17"><span class='ocrx_word' id='word_1_197' title='bbox 2105 1251 2230 1312; x_wconf 76' lang='grc' dir='ltr'>τοὺς</span> <span class='ocrx_word' id='word_1_198' title='bbox 2257 1247 2648 1311; x_wconf 77' lang='grc' dir='ltr'>κατοικοῦντας</span> <span class='ocrx_word' id='word_1_199' title='bbox 2677 1251 2734 1302; x_wconf 81' lang='grc' dir='ltr'>ὲν</span> <span class='ocrx_word' id='word_1_200' title='bbox 2764 1248 3151 1320; x_wconf 80' lang='grc' dir='ltr'>Ἰερουσαλήμ;</span> <span class='ocrx_word' id='word_1_201' title='bbox 3181 1244 3340 1316; x_wconf 66' lang='grc' dir='ltr'>Οὓχὶ,</span> <span class='ocrx_word' id='word_1_202' title='bbox 3365 1245 3505 1310; x_wconf 80' lang='grc' dir='ltr'>λέγω</span> <span class='ocrx_word' id='word_1_203' title='bbox 3528 1248 3651 1315; x_wconf 71' lang='grc' dir='ltr'>ὑμῖν,</span> 
     </span>
    </p>
   </div>
   <div class='ocr_carea' id='block_1_28' title="bbox 2106 1336 3644 1410">
    <p class='ocr_par' dir='ltr' id='par_1_28' title="bbox 2106 1336 3644 1410">
     <span class='ocr_line' id='line_1_28' title="bbox 2106 1336 3644 1410; baseline -0.006 -15"><span class='ocrx_word' id='word_1_204' title='bbox 2106 1339 2220 1395; x_wconf 84' lang='grc' dir='ltr'>ἀλλ’</span> <span class='ocrx_word' id='word_1_205' title='bbox 2241 1341 2337 1394; x_wconf 84' lang='grc' dir='ltr'>ὲάν</span> <span class='ocrx_word' id='word_1_206' title='bbox 2373 1339 2448 1410; x_wconf 81' lang='grc' dir='ltr'>μὴ</span> <span class='ocrx_word' id='word_1_207' title='bbox 2491 1342 2806 1410; x_wconf 82' lang='grc' dir='ltr'>μετανοῆτε,</span> <span class='ocrx_word' id='word_1_208' title='bbox 2847 1341 3046 1402; x_wconf 81' lang='grc' dir='ltr'>πάντες</span> <span class='ocrx_word' id='word_1_209' title='bbox 3081 1338 3282 1409; x_wconf 86' lang='grc' dir='ltr'>ὁμοίως</span> <span class='ocrx_word' id='word_1_210' title='bbox 3313 1336 3644 1390; x_wconf 72' lang='grc' dir='ltr'>ἀπολεῖσθε.»</span> 
     </span>
    </p>
   </div>
   <div class='ocr_carea' id='block_1_29' title="bbox 2122 1427 3656 1499">
    <p class='ocr_par' dir='ltr' id='par_1_29' title="bbox 2122 1427 3656 1499">
     <span class='ocr_line' id='line_1_29' title="bbox 2122 1427 3656 1499; baseline -0.005 -13"><span class='ocrx_word' id='word_1_211' title='bbox 2122 1433 2318 1495; x_wconf 78' lang='grc' dir='ltr'>Ἰούδας</span> <span class='ocrx_word' id='word_1_212' title='bbox 2344 1435 2372 1485; x_wconf 84' lang='grc' dir='ltr'>ό</span> <span class='ocrx_word' id='word_1_213' title='bbox 2393 1433 2693 1497; x_wconf 84' lang='grc' dir='ltr'>Γαλιλαῖος,</span> <span class='ocrx_word' id='word_1_214' title='bbox 2727 1427 2788 1486; x_wconf 73' lang='grc' dir='ltr'>οὗ</span> <span class='ocrx_word' id='word_1_215' title='bbox 2819 1434 2910 1486; x_wconf 74' lang='grc' dir='ltr'>καὶ</span> <span class='ocrx_word' id='word_1_216' title='bbox 2950 1433 3006 1484; x_wconf 86' lang='grc' dir='ltr'>ὲν</span> <span class='ocrx_word' id='word_1_217' title='bbox 3029 1435 3149 1494; x_wconf 83' lang='grc' dir='ltr'>ταῖς</span> <span class='ocrx_word' id='word_1_218' title='bbox 3180 1429 3449 1499; x_wconf 80' lang='grc' dir='ltr'>Πράξεσιν</span> <span class='ocrx_word' id='word_1_219' title='bbox 3479 1432 3502 1479; x_wconf 78' lang='grc' dir='ltr'>ὁ</span> <span class='ocrx_word' id='word_1_220' title='bbox 3521 1429 3656 1490; x_wconf 62' lang='grc' dir='ltr'>αύτξς</span> 
     </span>
    </p>
   </div>
   <div class='ocr_carea' id='block_1_30' title="bbox 2108 1519 3654 1595">
    <p class='ocr_par' dir='ltr' id='par_1_30' title="bbox 2108 1519 3654 1595">
     <span class='ocr_line' id='line_1_30' title="bbox 2108 1519 3654 1595; baseline -0.005 -17"><span class='ocrx_word' id='word_1_221' title='bbox 2108 1519 2260 1586; x_wconf 71' lang='grc' dir='ltr'>οὗτος</span> <span class='ocrx_word' id='word_1_222' title='bbox 2297 1523 2687 1594; x_wconf 82' lang='grc' dir='ltr'>εὑαγγελιστὴς</span> <span class='ocrx_word' id='word_1_223' title='bbox 2723 1525 3020 1595; x_wconf 79' lang='grc' dir='ltr'>μέμνηται,</span> <span class='ocrx_word' id='word_1_224' title='bbox 3053 1521 3368 1592; x_wconf 82' lang='grc' dir='ltr'>νομομαθὴς</span> <span class='ocrx_word' id='word_1_225' title='bbox 3393 1519 3546 1589; x_wconf 80' lang='grc' dir='ltr'>δῆθεν</span> <span class='ocrx_word' id='word_1_226' title='bbox 3576 1519 3654 1581; x_wconf 82' lang='grc' dir='ltr'>ὢν,</span> 
     </span>
    </p>
   </div>
   <div class='ocr_carea' id='block_1_31' title="bbox 2109 1610 3657 1679">
    <p class='ocr_par' dir='ltr' id='par_1_31' title="bbox 2109 1610 3657 1679">
     <span class='ocr_line' id='line_1_31' title="bbox 2109 1610 3657 1679; baseline -0.004 -13"><span class='ocrx_word' id='word_1_227' title='bbox 2109 1615 2294 1666; x_wconf 72' lang='grc' dir='ltr'>ἔπεισε</span> <span class='ocrx_word' id='word_1_228' title='bbox 2311 1612 2539 1676; x_wconf 80' lang='grc' dir='ltr'>πολλοὺς</span> <span class='ocrx_word' id='word_1_229' title='bbox 2573 1616 2668 1666; x_wconf 74' lang='grc' dir='ltr'>καὶ</span> <span class='ocrx_word' id='word_1_230' title='bbox 2694 1612 2888 1675; x_wconf 76' lang='grc' dir='ltr'>ἄλλους</span> <span class='ocrx_word' id='word_1_231' title='bbox 2924 1613 3238 1674; x_wconf 73' lang='grc' dir='ltr'>Γαλιλαίους</span> <span class='ocrx_word' id='word_1_232' title='bbox 3277 1610 3657 1679; x_wconf 72' lang='grc' dir='ltr'>συναπαχθῆναι</span> 
     </span>
    </p>
   </div>
   <div class='ocr_carea' id='block_1_32' title="bbox 2111 1702 3660 1775">
    <p class='ocr_par' dir='ltr' id='par_1_32' title="bbox 2111 1702 3660 1775">
     <span class='ocr_line' id='line_1_32' title="bbox 2111 1702 3660 1775; baseline -0.002 -18"><span class='ocrx_word' id='word_1_233' title='bbox 2111 1703 2187 1775; x_wconf 83' lang='grc' dir='ltr'>τῷ</span> <span class='ocrx_word' id='word_1_234' title='bbox 2217 1704 2382 1758; x_wconf 82' lang='grc' dir='ltr'>αὐτοῦ</span> <span class='ocrx_word' id='word_1_235' title='bbox 2416 1705 2669 1774; x_wconf 88' lang='grc' dir='ltr'>δόγματι.</span> <span class='ocrx_word' id='word_1_236' title='bbox 2716 1703 3071 1774; x_wconf 80' lang='grc' dir='ltr'>Ἐδογμάτιζε</span> <span class='ocrx_word' id='word_1_237' title='bbox 3123 1704 3181 1756; x_wconf 82' lang='grc' dir='ltr'>δὲ</span> <span class='ocrx_word' id='word_1_238' title='bbox 3224 1702 3432 1773; x_wconf 77' lang='grc' dir='ltr'>μηδένα</span> <span class='ocrx_word' id='word_1_239' title='bbox 3480 1702 3660 1772; x_wconf 85' lang='grc' dir='ltr'>ἀνθρὼ-</span> 
     </span>
    </p>
   </div>
   <div class='ocr_carea' id='block_1_33' title="bbox 422 1789 2001 1866">
    <p class='ocr_par' dir='ltr' id='par_1_33' title="bbox 422 1793 2001 1866">
     <span class='ocr_line' id='line_1_33' title="bbox 422 1793 2001 1866; baseline -0.004 -11"><span class='ocrx_word' id='word_1_240' title='bbox 422 1802 697 1855; x_wconf 77' lang='lat' dir='ltr'><strong>modestia:</strong></span> <span class='ocrx_word' id='word_1_241' title='bbox 725 1801 994 1866; x_wconf 81' lang='lat' dir='ltr'><strong>gratia,et</strong></span> <span class='ocrx_word' id='word_1_242' title='bbox 1029 1812 1096 1850; x_wconf 89' lang='lat' dir='ltr'><strong>ne</strong></span> <span class='ocrx_word' id='word_1_243' title='bbox 1122 1811 1302 1865; x_wconf 81' lang='lat' dir='ltr'><strong>regem</strong></span> <span class='ocrx_word' id='word_1_244' title='bbox 1337 1796 1557 1866; x_wconf 82' lang='lat' dir='ltr'><strong>quidem</strong></span> <span class='ocrx_word' id='word_1_245' title='bbox 1614 1795 1813 1864; x_wconf 90' lang='lat' dir='ltr'><strong>ipsum.</strong></span> <span class='ocrx_word' id='word_1_246' title='bbox 1853 1793 2001 1848; x_wconf 83' lang='lat' dir='ltr'><strong>Unde</strong></span> 
     </span>
    </p>
   </div>
   <div class='ocr_carea' id='block_1_34' title="bbox 2107 1789 3655 1866">
    <p class='ocr_par' dir='ltr' id='par_1_34' title="bbox 2109 1792 3655 1866">
     <span class='ocr_line' id='line_1_34' title="bbox 2109 1792 3655 1866; baseline -0.002 -17"><span class='ocrx_word' id='word_1_247' title='bbox 2109 1813 2225 1849; x_wconf 86' lang='grc' dir='ltr'>πων</span> <span class='ocrx_word' id='word_1_248' title='bbox 2259 1795 2394 1866; x_wconf 80' lang='grc' dir='ltr'>μηδὲ</span> <span class='ocrx_word' id='word_1_249' title='bbox 2429 1795 2594 1866; x_wconf 86' lang='grc' dir='ltr'>μέχρι</span> <span class='ocrx_word' id='word_1_250' title='bbox 2626 1795 2894 1865; x_wconf 86' lang='grc' dir='ltr'>στόματος</span> <span class='ocrx_word' id='word_1_251' title='bbox 2925 1795 3215 1866; x_wconf 82' lang='grc' dir='ltr'>ἀνέχεσθαι</span> <span class='ocrx_word' id='word_1_252' title='bbox 3247 1795 3429 1861; x_wconf 71' lang='grc' dir='ltr'>λέγειν</span> <span class='ocrx_word' id='word_1_253' title='bbox 3462 1792 3655 1863; x_wconf 80' lang='grc' dir='ltr'>Κύριον,</span> 
     </span>
    </p>
   </div>
   <div class='ocr_carea' id='block_1_35' title="bbox 421 1886 1999 1961">
    <p class='ocr_par' dir='ltr' id='par_1_35' title="bbox 421 1886 1999 1961">
     <span class='ocr_line' id='line_1_35' title="bbox 421 1886 1999 1961; baseline -0.004 -15"><span class='ocrx_word' id='word_1_254' title='bbox 421 1906 473 1947; x_wconf 86' lang='lat' dir='ltr'>et</span> <span class='ocrx_word' id='word_1_255' title='bbox 500 1893 653 1946; x_wconf 88' lang='lat' dir='ltr'><strong>multi</strong></span> <span class='ocrx_word' id='word_1_256' title='bbox 698 1893 959 1961; x_wconf 85' lang='lat' dir='ltr'><strong>ipsorum,</strong></span> <span class='ocrx_word' id='word_1_257' title='bbox 990 1898 1273 1960; x_wconf 80' lang='lat' dir='ltr'><strong>propterea</strong></span> <span class='ocrx_word' id='word_1_258' title='bbox 1304 1890 1443 1958; x_wconf 88' lang='lat' dir='ltr'><strong>quod</strong></span> <span class='ocrx_word' id='word_1_259' title='bbox 1468 1889 1734 1943; x_wconf 60' lang='lat' dir='ltr'><strong>Caesarem</strong></span> <span class='ocrx_word' id='word_1_260' title='bbox 1771 1903 1874 1940; x_wconf 75' lang='lat' dir='ltr'><strong>non</strong></span> <span class='ocrx_word' id='word_1_261' title='bbox 1925 1886 1999 1940; x_wconf 87' lang='lat' dir='ltr'>di-</span> 
     </span>
    </p>
   </div>
   <div class='ocr_carea' id='block_1_36' title="bbox 421 1979 2000 2053">
    <p class='ocr_par' dir='ltr' id='par_1_36' title="bbox 421 1979 2000 2053">
     <span class='ocr_line' id='line_1_36' title="bbox 421 1979 2000 2053; baseline -0.007 -16"><span class='ocrx_word' id='word_1_262' title='bbox 421 1995 606 2040; x_wconf 77' lang='lat' dir='ltr'><strong>cerent</strong></span> <span class='ocrx_word' id='word_1_263' title='bbox 641 1985 938 2048; x_wconf 84' lang='lat' dir='ltr'><strong>dominum,</strong></span> <span class='ocrx_word' id='word_1_264' title='bbox 961 1983 1196 2053; x_wconf 82' lang='lat' dir='ltr'>graviter</span> <span class='ocrx_word' id='word_1_265' title='bbox 1218 1980 1554 2035; x_wconf 82' lang='lat' dir='ltr'><strong>feriebantur</strong></span> <span class='ocrx_word' id='word_1_266' title='bbox 1585 1998 1597 2033; x_wconf 89' lang='lat'>:</span> <span class='ocrx_word' id='word_1_267' title='bbox 1630 1981 1720 2048; x_wconf 81' lang='lat' dir='ltr'><strong>qui</strong></span> <span class='ocrx_word' id='word_1_268' title='bbox 1755 1991 1807 2033; x_wconf 91' lang='lat' dir='ltr'><strong>et</strong></span> <span class='ocrx_word' id='word_1_269' title='bbox 1835 1979 2000 2032; x_wconf 61' lang='lat' dir='ltr'><strong>dot-e—</strong></span> 
     </span>
    </p>
   </div>
   <div class='ocr_carea' id='block_1_37' title="bbox 421 2073 2000 2142">
    <p class='ocr_par' dir='ltr' id='par_1_37' title="bbox 421 2073 2000 2142">
     <span class='ocr_line' id='line_1_37' title="bbox 421 2073 2000 2142; baseline -0.006 -10"><span class='ocrx_word' id='word_1_270' title='bbox 421 2077 551 2132; x_wconf 88' lang='lat' dir='ltr'><strong>bant</strong></span> <span class='ocrx_word' id='word_1_271' title='bbox 579 2093 684 2131; x_wconf 86' lang='lat' dir='ltr'>non</span> <span class='ocrx_word' id='word_1_272' title='bbox 715 2091 832 2130; x_wconf 89' lang='lat' dir='ltr'><strong>esse</strong></span> <span class='ocrx_word' id='word_1_273' title='bbox 861 2075 1140 2129; x_wconf 83' lang='lat' dir='ltr'><strong>oﬂ&#39;erenda</strong></span> <span class='ocrx_word' id='word_1_274' title='bbox 1170 2073 1436 2129; x_wconf 79' lang='lat' dir='ltr'><strong>sacriﬁcia</strong></span> <span class='ocrx_word' id='word_1_275' title='bbox 1468 2084 1670 2140; x_wconf 71' lang='lat' dir='ltr'><strong>praeter</strong></span> <span class='ocrx_word' id='word_1_276' title='bbox 1709 2088 1772 2126; x_wconf 88' lang='lat' dir='ltr'>ea</span> <span class='ocrx_word' id='word_1_277' title='bbox 1806 2087 1927 2142; x_wconf 70' lang='lat' dir='ltr'><strong>qua:</strong></span> <span class='ocrx_word' id='word_1_278' title='bbox 1973 2085 2000 2123; x_wconf 92' lang='lat' dir='ltr'><strong>a</strong></span> 
     </span>
    </p>
   </div>
   <div class='ocr_carea' id='block_1_38' title="bbox 422 2166 2001 2236">
    <p class='ocr_par' dir='ltr' id='par_1_38' title="bbox 422 2166 2001 2236">
     <span class='ocr_line' id='line_1_38' title="bbox 422 2166 2001 2236; baseline -0.005 -13"><span class='ocrx_word' id='word_1_279' title='bbox 422 2169 569 2223; x_wconf 80' lang='lat' dir='ltr'><strong>Mose</strong></span> <span class='ocrx_word' id='word_1_280' title='bbox 622 2178 805 2222; x_wconf 81' lang='lat' dir='ltr'><strong>essent</strong></span> <span class='ocrx_word' id='word_1_281' title='bbox 858 2171 1174 2222; x_wconf 84' lang='lat' dir='ltr'><strong>constituta.</strong></span> <span class='ocrx_word' id='word_1_282' title='bbox 1235 2166 1467 2236; x_wconf 82' lang='lat' dir='ltr'><strong>Ideoque</strong></span> <span class='ocrx_word' id='word_1_283' title='bbox 1518 2166 1879 2235; x_wconf 83' lang='lat' dir='ltr'><strong>prohibebant</strong></span> <span class='ocrx_word' id='word_1_284' title='bbox 1937 2177 2001 2218; x_wconf 83' lang='lat' dir='ltr'>ea</span> 
     </span>
    </p>
   </div>
   <div class='ocr_carea' id='block_1_39' title="bbox 422 2255 2001 2330">
    <p class='ocr_par' dir='ltr' id='par_1_39' title="bbox 422 2255 2001 2330">
     <span class='ocr_line' id='line_1_39' title="bbox 422 2255 2001 2330; baseline -0.003 -17"><span class='ocrx_word' id='word_1_285' title='bbox 422 2276 541 2330; x_wconf 67' lang='lat' dir='ltr'><strong>qua:</strong></span> <span class='ocrx_word' id='word_1_286' title='bbox 567 2275 662 2329; x_wconf 88' lang='lat' dir='ltr'><strong>pro</strong></span> <span class='ocrx_word' id='word_1_287' title='bbox 687 2258 901 2314; x_wconf 70' lang='lat' dir='ltr'><strong>Caesare</strong></span> <span class='ocrx_word' id='word_1_288' title='bbox 919 2270 971 2314; x_wconf 89' lang='lat' dir='ltr'>et</span> <span class='ocrx_word' id='word_1_289' title='bbox 998 2258 1363 2312; x_wconf 76' lang='lat' dir='ltr'><strong>Romanorum</strong></span> <span class='ocrx_word' id='word_1_290' title='bbox 1395 2268 1557 2328; x_wconf 88' lang='lat' dir='ltr'><strong>gente</strong></span> <span class='ocrx_word' id='word_1_291' title='bbox 1602 2257 1792 2310; x_wconf 75' lang='lat' dir='ltr'><strong>tierent</strong></span> <span class='ocrx_word' id='word_1_292' title='bbox 1826 2255 2001 2310; x_wconf 89' lang='lat' dir='ltr'><strong>sacri-</strong></span> 
     </span>
    </p>
   </div>
   <div class='ocr_carea' id='block_1_40' title="bbox 424 2347 2000 2418">
    <p class='ocr_par' dir='ltr' id='par_1_40' title="bbox 424 2347 2000 2418">
     <span class='ocr_line' id='line_1_40' title="bbox 424 2347 2000 2418; baseline -0.003 -15"><span class='ocrx_word' id='word_1_293' title='bbox 424 2353 568 2404; x_wconf 78' lang='lat' dir='ltr'><strong>licia.</strong></span> <span class='ocrx_word' id='word_1_294' title='bbox 605 2347 908 2404; x_wconf 84' lang='lat' dir='ltr'><strong>Verisimile</strong></span> <span class='ocrx_word' id='word_1_295' title='bbox 935 2349 1095 2414; x_wconf 80' lang='lat' dir='ltr'><strong>igitur</strong></span> <span class='ocrx_word' id='word_1_296' title='bbox 1125 2347 1359 2402; x_wconf 82' lang='lat' dir='ltr'><strong>Pilatum</strong></span> <span class='ocrx_word' id='word_1_297' title='bbox 1391 2350 1459 2402; x_wconf 93' lang='lat' dir='ltr'>ob</span> <span class='ocrx_word' id='word_1_298' title='bbox 1487 2347 1600 2401; x_wconf 77' lang='lat' dir='ltr'><strong>haec</strong></span> <span class='ocrx_word' id='word_1_299' title='bbox 1633 2347 2000 2418; x_wconf 73' lang='lat' dir='ltr'><strong>indignantem</strong></span> 
     </span>
    </p>
   </div>
   <div class='ocr_carea' id='block_1_41' title="bbox 418 2439 2002 2510">
    <p class='ocr_par' dir='ltr' id='par_1_41' title="bbox 418 2439 2002 2510">
     <span class='ocr_line' id='line_1_41' title="bbox 418 2439 2002 2510; baseline -0.001 -16"><span class='ocrx_word' id='word_1_300' title='bbox 418 2441 649 2510; x_wconf 66' lang='lat' dir='ltr'><strong>iussisse</strong></span> <span class='ocrx_word' id='word_1_301' title='bbox 703 2439 876 2495; x_wconf 86' lang='lat' dir='ltr'><strong>oecidi</strong></span> <span class='ocrx_word' id='word_1_302' title='bbox 927 2440 1179 2495; x_wconf 71' lang='lat' dir='ltr'><strong>Galilaeos</strong></span> <span class='ocrx_word' id='word_1_303' title='bbox 1219 2441 1338 2495; x_wconf 86' lang='lat' dir='ltr'><strong>illos</strong></span> <span class='ocrx_word' id='word_1_304' title='bbox 1373 2455 1538 2509; x_wconf 88' lang='lat' dir='ltr'><strong>super</strong></span> <span class='ocrx_word' id='word_1_305' title='bbox 1573 2439 1840 2494; x_wconf 83' lang='lat' dir='ltr'><strong>sacriticia</strong></span> <span class='ocrx_word' id='word_1_306' title='bbox 1883 2453 2002 2508; x_wconf 73' lang='lat' dir='ltr'><strong>quae</strong></span> 
     </span>
    </p>
   </div>
   <div class='ocr_carea' id='block_1_42' title="bbox 424 2529 2001 2602">
    <p class='ocr_par' dir='ltr' id='par_1_42' title="bbox 424 2529 2001 2602">
     <span class='ocr_line' id='line_1_42' title="bbox 424 2529 2001 2602; baseline -0.003 -17"><span class='ocrx_word' id='word_1_307' title='bbox 424 2534 492 2585; x_wconf 87' lang='lat' dir='ltr'><strong>ab</strong></span> <span class='ocrx_word' id='word_1_308' title='bbox 519 2535 599 2585; x_wconf 83' lang='lat' dir='ltr'>eis</span> <span class='ocrx_word' id='word_1_309' title='bbox 640 2531 1069 2602; x_wconf 85' lang='lat' dir='ltr'><strong>prohibebantur</strong></span> <span class='ocrx_word' id='word_1_310' title='bbox 1119 2529 1234 2584; x_wconf 83' lang='lat' dir='ltr'><strong>ﬁeri</strong></span> <span class='ocrx_word' id='word_1_311' title='bbox 1271 2545 1366 2600; x_wconf 84' lang='lat' dir='ltr'>pro</span> <span class='ocrx_word' id='word_1_312' title='bbox 1408 2529 1776 2584; x_wconf 74' lang='lat' dir='ltr'><strong>Romanorum</strong></span> <span class='ocrx_word' id='word_1_313' title='bbox 1822 2539 2001 2598; x_wconf 85' lang='lat' dir='ltr'><strong>gente,</strong></span> 
     </span>
    </p>
   </div>
   <div class='ocr_carea' id='block_1_43' title="bbox 422 2619 2002 2691">
    <p class='ocr_par' dir='ltr' id='par_1_43' title="bbox 422 2619 2002 2691">
     <span class='ocr_line' id='line_1_43' title="bbox 422 2619 2002 2691; baseline -0.006 -14"><span class='ocrx_word' id='word_1_314' title='bbox 422 2632 479 2677; x_wconf 93' lang='lat' dir='ltr'><strong>et</strong></span> <span class='ocrx_word' id='word_1_315' title='bbox 513 2621 588 2676; x_wconf 88' lang='lat' dir='ltr'>ita</span> <span class='ocrx_word' id='word_1_316' title='bbox 634 2621 954 2691; x_wconf 81' lang='lat' dir='ltr'><strong>sanguinem</strong></span> <span class='ocrx_word' id='word_1_317' title='bbox 998 2635 1188 2674; x_wconf 88' lang='lat' dir='ltr'><strong>eorum</strong></span> <span class='ocrx_word' id='word_1_318' title='bbox 1240 2619 1585 2674; x_wconf 86' lang='lat' dir='ltr'><strong>commisceri</strong></span> <span class='ocrx_word' id='word_1_319' title='bbox 1631 2619 1882 2686; x_wconf 82' lang='lat' dir='ltr'>sanguini</span> <span class='ocrx_word' id='word_1_320' title='bbox 1914 2631 2002 2671; x_wconf 74' lang='lat' dir='ltr'><strong>ea-</strong></span> 
     </span>
    </p>
   </div>
   <div class='ocr_carea' id='block_1_44' title="bbox 423 2709 2006 2781">
    <p class='ocr_par' dir='ltr' id='par_1_44' title="bbox 423 2709 2006 2781">
     <span class='ocr_line' id='line_1_44' title="bbox 423 2709 2006 2781; baseline -0.004 -11"><span class='ocrx_word' id='word_1_321' title='bbox 423 2712 778 2770; x_wconf 80' lang='lat' dir='ltr'><strong>criiiciorum.</strong></span> <span class='ocrx_word' id='word_1_322' title='bbox 826 2713 1302 2766; x_wconf 80' lang='lat' dir='ltr'><strong>Annuntiaverunt</strong></span> <span class='ocrx_word' id='word_1_323' title='bbox 1375 2710 1538 2781; x_wconf 80' lang='lat' dir='ltr'><strong>igitur</strong></span> <span class='ocrx_word' id='word_1_324' title='bbox 1607 2709 1828 2779; x_wconf 85' lang='lat' dir='ltr'><strong>quidam</strong></span> <span class='ocrx_word' id='word_1_325' title='bbox 1891 2709 2006 2764; x_wconf 72' lang='lat' dir='ltr'><strong>haec</strong></span> 
     </span>
    </p>
   </div>
   <div class='ocr_carea' id='block_1_45' title="bbox 425 2800 2008 2873">
    <p class='ocr_par' dir='ltr' id='par_1_45' title="bbox 425 2800 2008 2873">
     <span class='ocr_line' id='line_1_45' title="bbox 425 2800 2008 2873; baseline -0.005 -13"><span class='ocrx_word' id='word_1_326' title='bbox 425 2803 698 2860; x_wconf 78' lang='lat' dir='ltr'><strong>Salvatori</strong></span> <span class='ocrx_word' id='word_1_327' title='bbox 728 2815 785 2858; x_wconf 92' lang='lat' dir='ltr'><strong>ut</strong></span> <span class='ocrx_word' id='word_1_328' title='bbox 823 2803 1004 2873; x_wconf 86' lang='lat' dir='ltr'><strong>aliqua</strong></span> <span class='ocrx_word' id='word_1_329' title='bbox 1033 2819 1095 2857; x_wconf 79' lang='lat' dir='ltr'><strong>ex</strong></span> <span class='ocrx_word' id='word_1_330' title='bbox 1131 2812 1284 2872; x_wconf 87' lang='lat' dir='ltr'><strong>parte</strong></span> <span class='ocrx_word' id='word_1_331' title='bbox 1321 2803 1408 2870; x_wconf 90' lang='lat' dir='ltr'>pie</span> <span class='ocrx_word' id='word_1_332' title='bbox 1445 2800 1610 2866; x_wconf 81' lang='lat' dir='ltr'><strong>facta,</strong></span> <span class='ocrx_word' id='word_1_333' title='bbox 1642 2800 1880 2856; x_wconf 71' lang='lat' dir='ltr'><strong>volentes</strong></span> <span class='ocrx_word' id='word_1_334' title='bbox 1912 2815 2008 2869; x_wconf 85' lang='lat' dir='ltr'><strong>per</strong></span> 
     </span>
    </p>
   </div>
   <div class='ocr_carea' id='block_1_46' title="bbox 429 2890 2005 2966">
    <p class='ocr_par' dir='ltr' id='par_1_46' title="bbox 429 2890 2005 2966">
     <span class='ocr_line' id='line_1_46' title="bbox 429 2890 2005 2966; baseline -0.005 -14"><span class='ocrx_word' id='word_1_335' title='bbox 429 2897 531 2953; x_wconf 88' lang='lat' dir='ltr'><strong>hoc</strong></span> <span class='ocrx_word' id='word_1_336' title='bbox 563 2896 775 2951; x_wconf 85' lang='lat' dir='ltr'><strong>discere</strong></span> <span class='ocrx_word' id='word_1_337' title='bbox 807 2895 936 2966; x_wconf 89' lang='lat' dir='ltr'><strong>quid</strong></span> <span class='ocrx_word' id='word_1_338' title='bbox 969 2895 1019 2946; x_wconf 92' lang='lat' dir='ltr'>in</span> <span class='ocrx_word' id='word_1_339' title='bbox 1044 2909 1109 2947; x_wconf 89' lang='lat' dir='ltr'>eo</span> <span class='ocrx_word' id='word_1_340' title='bbox 1135 2893 1236 2947; x_wconf 89' lang='lat' dir='ltr'><strong>sibi</strong></span> <span class='ocrx_word' id='word_1_341' title='bbox 1270 2892 1536 2963; x_wconf 88' lang='lat' dir='ltr'><strong>placeret.</strong></span> <span class='ocrx_word' id='word_1_342' title='bbox 1558 2890 1832 2946; x_wconf 74' lang='lat' dir='ltr'><strong>Putabant</strong></span> <span class='ocrx_word' id='word_1_343' title='bbox 1861 2892 2005 2946; x_wconf 91' lang='lat' dir='ltr'><strong>enim</strong></span> 
     </span>
    </p>
   </div>
   <div class='ocr_carea' id='block_1_47' title="bbox 424 2986 2009 3061">
    <p class='ocr_par' dir='ltr' id='par_1_47' title="bbox 424 2986 2009 3061">
     <span class='ocr_line' id='line_1_47' title="bbox 424 2986 2009 3061; baseline -0.002 -23"><span class='ocrx_word' id='word_1_344' title='bbox 424 2990 642 3061; x_wconf 85' lang='lat' dir='ltr'><strong>quidam</strong></span> <span class='ocrx_word' id='word_1_345' title='bbox 676 2986 1114 3056; x_wconf 81' lang='lat' dir='ltr'><strong>illosjnstissime</strong></span> <span class='ocrx_word' id='word_1_346' title='bbox 1139 2999 1348 3055; x_wconf 87' lang='lat' dir='ltr'><strong>passos,</strong></span> <span class='ocrx_word' id='word_1_347' title='bbox 1375 2993 1560 3055; x_wconf 88' lang='lat' dir='ltr'><strong>utpote</strong></span> <span class='ocrx_word' id='word_1_348' title='bbox 1613 2993 1922 3054; x_wconf 86' lang='lat' dir='ltr'><strong>peccatores</strong></span> <span class='ocrx_word' id='word_1_349' title='bbox 1953 2989 2009 3035; x_wconf 83' lang='lat' dir='ltr'><strong>et</strong></span> 
     </span>
    </p>
   </div>
   <div class='ocr_carea' id='block_1_48' title="bbox 2109 1885 3659 1959">
    <p class='ocr_par' dir='ltr' id='par_1_48' title="bbox 2109 1885 3659 1959">
     <span class='ocr_line' id='line_1_48' title="bbox 2109 1885 3659 1959; baseline -0.003 -16"><span class='ocrx_word' id='word_1_350' title='bbox 2109 1890 2244 1959; x_wconf 82' lang='grc' dir='ltr'>μηδὲ</span> <span class='ocrx_word' id='word_1_351' title='bbox 2274 1888 2414 1943; x_wconf 83' lang='grc' dir='ltr'>κατά</span> <span class='ocrx_word' id='word_1_352' title='bbox 2444 1904 2566 1940; x_wconf 87' lang='grc' dir='ltr'>τινα</span> <span class='ocrx_word' id='word_1_353' title='bbox 2594 1887 2758 1957; x_wconf 83' lang='grc' dir='ltr'>τιμὴν</span> <span class='ocrx_word' id='word_1_354' title='bbox 2781 1887 2875 1940; x_wconf 74' lang='grc' dir='ltr'>καὶ</span> <span class='ocrx_word' id='word_1_355' title='bbox 2903 1889 3330 1958; x_wconf 70' lang='grc' dir='ltr'>φιλοφροσύνην,</span> <span class='ocrx_word' id='word_1_356' title='bbox 3366 1885 3492 1956; x_wconf 82' lang='grc' dir='ltr'>μηδ’</span> <span class='ocrx_word' id='word_1_357' title='bbox 3523 1888 3659 1938; x_wconf 64' lang='grc' dir='ltr'>αὖτὶν</span> 
     </span>
    </p>
   </div>
   <div class='ocr_carea' id='block_1_49' title="bbox 2102 1977 3656 2052">
    <p class='ocr_par' dir='ltr' id='par_1_49' title="bbox 2102 1977 3656 2052">
     <span class='ocr_line' id='line_1_49' title="bbox 2102 1977 3656 2052; baseline -0.004 -17"><span class='ocrx_word' id='word_1_358' title='bbox 2102 1984 2193 2037; x_wconf 66' lang='grc' dir='ltr'>τον</span> <span class='ocrx_word' id='word_1_359' title='bbox 2219 1978 2575 2052; x_wconf 79' lang='grc' dir='ltr'>βασιλεύοντα</span> <span class='ocrx_word' id='word_1_360' title='bbox 2598 1995 2611 2008; x_wconf 89' lang='grc'><strong>·</strong></span> <span class='ocrx_word' id='word_1_361' title='bbox 2635 1978 2758 2030; x_wconf 74' lang='grc' dir='ltr'>ὅθεν</span> <span class='ocrx_word' id='word_1_362' title='bbox 2781 1979 2875 2032; x_wconf 72' lang='grc' dir='ltr'>καὶ</span> <span class='ocrx_word' id='word_1_363' title='bbox 2900 1979 3085 2032; x_wconf 87' lang='grc' dir='ltr'>πολλοί</span> <span class='ocrx_word' id='word_1_364' title='bbox 3116 1995 3178 2048; x_wconf 85' lang='grc' dir='ltr'>γε</span> <span class='ocrx_word' id='word_1_365' title='bbox 3204 1978 3383 2030; x_wconf 78' lang='grc' dir='ltr'>αύτῶν</span> <span class='ocrx_word' id='word_1_366' title='bbox 3409 1977 3544 2046; x_wconf 82' lang='grc' dir='ltr'>ὑπὲρ</span> <span class='ocrx_word' id='word_1_367' title='bbox 3575 1977 3656 2029; x_wconf 77' lang='grc' dir='ltr'>τοῦ</span> 
     </span>
    </p>
   </div>
   <div class='ocr_carea' id='block_1_50' title="bbox 2107 2071 3659 2146">
    <p class='ocr_par' dir='ltr' id='par_1_50' title="bbox 2107 2071 3659 2146">
     <span class='ocr_line' id='line_1_50' title="bbox 2107 2071 3659 2146; baseline -0.004 -19"><span class='ocrx_word' id='word_1_368' title='bbox 2107 2076 2182 2146; x_wconf 82' lang='grc' dir='ltr'>μὴ</span> <span class='ocrx_word' id='word_1_369' title='bbox 2216 2075 2390 2127; x_wconf 82' lang='grc' dir='ltr'>εἰπεῖν</span> <span class='ocrx_word' id='word_1_370' title='bbox 2457 2074 2644 2144; x_wconf 84' lang='grc' dir='ltr'>κύριον</span> <span class='ocrx_word' id='word_1_371' title='bbox 2687 2073 2779 2126; x_wconf 75' lang='grc' dir='ltr'>τὸν</span> <span class='ocrx_word' id='word_1_372' title='bbox 2835 2073 3090 2143; x_wconf 86' lang='grc' dir='ltr'>Καίσαρα</span> <span class='ocrx_word' id='word_1_373' title='bbox 3129 2071 3380 2142; x_wconf 78' lang='grc' dir='ltr'>χαλεπῶς</span> <span class='ocrx_word' id='word_1_374' title='bbox 3415 2071 3659 2142; x_wconf 74' lang='grc' dir='ltr'>ᾐκίζοντο,</span> 
     </span>
    </p>
   </div>
   <div class='ocr_carea' id='block_1_51' title="bbox 2103 2161 3662 2240">
    <p class='ocr_par' dir='ltr' id='par_1_51' title="bbox 2103 2161 3662 2240">
     <span class='ocr_line' id='line_1_51' title="bbox 2103 2161 3662 2240; baseline -0.006 -19"><span class='ocrx_word' id='word_1_375' title='bbox 2103 2169 2153 2221; x_wconf 80' lang='grc' dir='ltr'>οἳ</span> <span class='ocrx_word' id='word_1_376' title='bbox 2203 2170 2295 2220; x_wconf 84' lang='grc' dir='ltr'>καί</span> <span class='ocrx_word' id='word_1_377' title='bbox 2335 2167 2613 2222; x_wconf 77' lang='grc' dir='ltr'>ἐδίδασκον</span> <span class='ocrx_word' id='word_1_378' title='bbox 2651 2168 2817 2240; x_wconf 72' lang='grc' dir='ltr'>μηδὲν</span> <span class='ocrx_word' id='word_1_379' title='bbox 2846 2167 2997 2236; x_wconf 82' lang='grc' dir='ltr'>παρὰ</span> <span class='ocrx_word' id='word_1_380' title='bbox 3021 2164 3117 2228; x_wconf 85' lang='grc' dir='ltr'>τὰς</span> <span class='ocrx_word' id='word_1_381' title='bbox 3149 2163 3578 2233; x_wconf 83' lang='grc' dir='ltr'>διατεταγμένας</span> <span class='ocrx_word' id='word_1_382' title='bbox 3598 2161 3662 2230; x_wconf 82' lang='grc' dir='ltr'>τῷ</span> 
     </span>
    </p>
   </div>
   <div class='ocr_carea' id='block_1_52' title="bbox 2103 2254 3660 2333">
    <p class='ocr_par' dir='ltr' id='par_1_52' title="bbox 2103 2254 3660 2333">
     <span class='ocr_line' id='line_1_52' title="bbox 2103 2254 3660 2333; baseline -0.006 -18"><span class='ocrx_word' id='word_1_383' title='bbox 2103 2262 2292 2333; x_wconf 66' lang='grc' dir='ltr'>Μωσεῖ</span> <span class='ocrx_word' id='word_1_384' title='bbox 2322 2260 2513 2325; x_wconf 81' lang='grc' dir='ltr'>θυσίας</span> <span class='ocrx_word' id='word_1_385' title='bbox 2535 2261 2645 2314; x_wconf 81' lang='grc' dir='ltr'>δεῖν</span> <span class='ocrx_word' id='word_1_386' title='bbox 2671 2258 3042 2329; x_wconf 71' lang='grc' dir='ltr'>ἀναφέρεσθαι</span> <span class='ocrx_word' id='word_1_387' title='bbox 3069 2274 3081 2287; x_wconf 86' lang='grc'><em>’</em></span> <span class='ocrx_word' id='word_1_388' title='bbox 3101 2256 3292 2327; x_wconf 84' lang='grc' dir='ltr'>διόπερ</span> <span class='ocrx_word' id='word_1_389' title='bbox 3317 2254 3550 2308; x_wconf 70' lang='grc' dir='ltr'>ἐκώλυον</span> <span class='ocrx_word' id='word_1_390' title='bbox 3580 2254 3660 2316; x_wconf 66' lang='grc' dir='ltr'>τὰς</span> 
     </span>
    </p>
   </div>
   <div class='ocr_carea' id='block_1_53' title="bbox 2106 2345 3665 2422">
    <p class='ocr_par' dir='ltr' id='par_1_53' title="bbox 2106 2345 3665 2422">
     <span class='ocr_line' id='line_1_53' title="bbox 2106 2345 3665 2422; baseline -0.004 -19"><span class='ocrx_word' id='word_1_391' title='bbox 2106 2352 2245 2422; x_wconf 81' lang='grc' dir='ltr'>ὑπὲρ</span> <span class='ocrx_word' id='word_1_392' title='bbox 2279 2350 2370 2404; x_wconf 79' lang='grc' dir='ltr'>τοῦ</span> <span class='ocrx_word' id='word_1_393' title='bbox 2423 2351 2698 2421; x_wconf 82' lang='grc' dir='ltr'>Καίσαρος</span> <span class='ocrx_word' id='word_1_394' title='bbox 2749 2353 2844 2404; x_wconf 71' lang='grc' dir='ltr'>καὶ</span> <span class='ocrx_word' id='word_1_395' title='bbox 2868 2349 2961 2402; x_wconf 81' lang='grc' dir='ltr'>τοῦ</span> <span class='ocrx_word' id='word_1_396' title='bbox 3007 2347 3290 2418; x_wconf 83' lang='grc' dir='ltr'>Ῥωμαίων</span> <span class='ocrx_word' id='word_1_397' title='bbox 3323 2345 3510 2408; x_wconf 79' lang='grc' dir='ltr'>ἔθνους</span> <span class='ocrx_word' id='word_1_398' title='bbox 3546 2361 3665 2411; x_wconf 64' lang='grc' dir='ltr'>τινα.</span> 
     </span>
    </p>
   </div>
   <div class='ocr_carea' id='block_1_54' title="bbox 2107 2438 3658 2514">
    <p class='ocr_par' dir='ltr' id='par_1_54' title="bbox 2107 2438 3658 2514">
     <span class='ocr_line' id='line_1_54' title="bbox 2107 2438 3658 2514; baseline -0.005 -17"><span class='ocrx_word' id='word_1_399' title='bbox 2107 2447 2272 2514; x_wconf 63' lang='grc' dir='ltr'>μένας</span> <span class='ocrx_word' id='word_1_400' title='bbox 2324 2444 2534 2508; x_wconf 80' lang='grc' dir='ltr'>θυσίας.</span> <span class='ocrx_word' id='word_1_401' title='bbox 2569 2444 2728 2508; x_wconf 77' lang='grc' dir='ltr'>Είκδς</span> <span class='ocrx_word' id='word_1_402' title='bbox 2769 2442 2862 2496; x_wconf 76' lang='grc' dir='ltr'>οὖν</span> <span class='ocrx_word' id='word_1_403' title='bbox 2902 2442 2995 2494; x_wconf 75' lang='grc' dir='ltr'>ἐπὶ</span> <span class='ocrx_word' id='word_1_404' title='bbox 3027 2440 3236 2503; x_wconf 84' lang='grc' dir='ltr'>τούτοις</span> <span class='ocrx_word' id='word_1_405' title='bbox 3271 2438 3658 2508; x_wconf 76' lang='grc' dir='ltr'>ἀγανακτοῦντα</span> 
     </span>
    </p>
   </div>
   <div class='ocr_carea' id='block_1_55' title="bbox 2104 2532 3663 2598">
    <p class='ocr_par' dir='ltr' id='par_1_55' title="bbox 2104 2532 3663 2598">
     <span class='ocr_line' id='line_1_55' title="bbox 2104 2532 3663 2598; baseline -0.006 -8"><span class='ocrx_word' id='word_1_406' title='bbox 2104 2538 2198 2590; x_wconf 86' lang='grc' dir='ltr'>τὸν</span> <span class='ocrx_word' id='word_1_407' title='bbox 2226 2536 2460 2591; x_wconf 78' lang='grc' dir='ltr'>Πιλᾶτον</span> <span class='ocrx_word' id='word_1_408' title='bbox 2497 2536 2757 2589; x_wconf 80' lang='grc' dir='ltr'>κελεῦσαι</span> <span class='ocrx_word' id='word_1_409' title='bbox 2781 2537 2928 2598; x_wconf 67' lang='grc' dir='ltr'>τοὺς</span> <span class='ocrx_word' id='word_1_410' title='bbox 2951 2533 3268 2596; x_wconf 79' lang='grc' dir='ltr'>Γαλιλαίους</span> <span class='ocrx_word' id='word_1_411' title='bbox 3303 2532 3527 2592; x_wconf 76' lang='grc' dir='ltr'>τούτους</span> <span class='ocrx_word' id='word_1_412' title='bbox 3552 2532 3663 2583; x_wconf 83' lang='grc' dir='ltr'>ἀπο-</span> 
     </span>
    </p>
   </div>
   <div class='ocr_carea' id='block_1_56' title="bbox 2109 2621 3660 2698">
    <p class='ocr_par' dir='ltr' id='par_1_56' title="bbox 2109 2621 3660 2698">
     <span class='ocr_line' id='line_1_56' title="bbox 2109 2621 3660 2698; baseline -0.005 -18"><span class='ocrx_word' id='word_1_413' title='bbox 2109 2628 2442 2698; x_wconf 82' lang='grc' dir='ltr'>σφάττεσθαι</span> <span class='ocrx_word' id='word_1_414' title='bbox 2491 2629 2622 2698; x_wconf 72' lang='grc' dir='ltr'>παρ⁸</span> <span class='ocrx_word' id='word_1_415' title='bbox 2673 2628 2869 2688; x_wconf 81' lang='grc' dir='ltr'>αὐταῖς</span> <span class='ocrx_word' id='word_1_416' title='bbox 2909 2625 2974 2692; x_wconf 83' lang='grc' dir='ltr'>δὴ</span> <span class='ocrx_word' id='word_1_417' title='bbox 3033 2625 3151 2687; x_wconf 87' lang='grc' dir='ltr'>ταῖς</span> <span class='ocrx_word' id='word_1_418' title='bbox 3205 2622 3418 2685; x_wconf 79' lang='grc' dir='ltr'>θυσίαις</span> <span class='ocrx_word' id='word_1_419' title='bbox 3449 2625 3562 2684; x_wconf 84' lang='grc' dir='ltr'>ταῖς</span> <span class='ocrx_word' id='word_1_420' title='bbox 3586 2621 3660 2674; x_wconf 80' lang='grc' dir='ltr'>ὑπ’</span> 
     </span>
    </p>
   </div>
   <div class='ocr_carea' id='block_1_57' title="bbox 2107 2713 3660 2792">
    <p class='ocr_par' dir='ltr' id='par_1_57' title="bbox 2107 2713 3660 2792">
     <span class='ocr_line' id='line_1_57' title="bbox 2107 2713 3660 2792; baseline -0.006 -16"><span class='ocrx_word' id='word_1_421' title='bbox 2107 2723 2288 2776; x_wconf 81' lang='grc' dir='ltr'>αὐτῶν</span> <span class='ocrx_word' id='word_1_422' title='bbox 2310 2721 2683 2792; x_wconf 86' lang='grc' dir='ltr'>κωλυομέναις</span> <span class='ocrx_word' id='word_1_423' title='bbox 2713 2719 2854 2790; x_wconf 80' lang='grc' dir='ltr'>ὑπὲρ</span> <span class='ocrx_word' id='word_1_424' title='bbox 2878 2717 2972 2771; x_wconf 84' lang='grc' dir='ltr'>τοῦ</span> <span class='ocrx_word' id='word_1_425' title='bbox 3012 2715 3302 2786; x_wconf 86' lang='grc' dir='ltr'>Ῥωμαίων</span> <span class='ocrx_word' id='word_1_426' title='bbox 3331 2715 3517 2779; x_wconf 74' lang='grc' dir='ltr'>ἔθνους</span> <span class='ocrx_word' id='word_1_427' title='bbox 3539 2713 3660 2782; x_wconf 82' lang='grc' dir='ltr'>γίνε-</span> 
     </span>
    </p>
   </div>
   <div class='ocr_carea' id='block_1_58' title="bbox 2107 2805 3663 2883">
    <p class='ocr_par' dir='ltr' id='par_1_58' title="bbox 2107 2805 3663 2883">
     <span class='ocr_line' id='line_1_58' title="bbox 2107 2805 3663 2883; baseline -0.004 -17"><span class='ocrx_word' id='word_1_428' title='bbox 2107 2814 2254 2881; x_wconf 84' lang='grc' dir='ltr'>σθαι,</span> <span class='ocrx_word' id='word_1_429' title='bbox 2280 2813 2420 2867; x_wconf 86' lang='grc' dir='ltr'>ὥστε</span> <span class='ocrx_word' id='word_1_430' title='bbox 2459 2813 2796 2883; x_wconf 83' lang='grc' dir='ltr'>ἀναμιγῆναι</span> <span class='ocrx_word' id='word_1_431' title='bbox 2822 2811 2882 2864; x_wconf 82' lang='grc' dir='ltr'>τὸ</span> <span class='ocrx_word' id='word_1_432' title='bbox 2937 2805 3078 2882; x_wconf 75' lang='grc' dir='ltr'>αἷμα</span> <span class='ocrx_word' id='word_1_433' title='bbox 3115 2809 3296 2864; x_wconf 78' lang='grc' dir='ltr'>αὐτῶν</span> <span class='ocrx_word' id='word_1_434' title='bbox 3333 2809 3412 2878; x_wconf 81' lang='grc' dir='ltr'>τῷ</span> <span class='ocrx_word' id='word_1_435' title='bbox 3458 2815 3559 2862; x_wconf 82' lang='grc' dir='ltr'>τῶν</span> <span class='ocrx_word' id='word_1_436' title='bbox 3585 2806 3663 2860; x_wconf 69' lang='grc' dir='ltr'>θυί</span> 
     </span>
    </p>
   </div>
   <div class='ocr_carea' id='block_1_59' title="bbox 2108 2901 3663 2977">
    <p class='ocr_par' dir='ltr' id='par_1_59' title="bbox 2108 2901 3663 2977">
     <span class='ocr_line' id='line_1_59' title="bbox 2108 2901 3663 2977; baseline -0.006 -17"><span class='ocrx_word' id='word_1_437' title='bbox 2108 2907 2240 2960; x_wconf 85' lang='grc' dir='ltr'>σιῶν</span> <span class='ocrx_word' id='word_1_438' title='bbox 2262 2907 2476 2977; x_wconf 80' lang='grc' dir='ltr'>αἵματι.</span> <span class='ocrx_word' id='word_1_439' title='bbox 2497 2905 2867 2976; x_wconf 77' lang='grc' dir='ltr'>Ἀπήγγελλον</span> <span class='ocrx_word' id='word_1_440' title='bbox 2899 2903 2991 2957; x_wconf 75' lang='grc' dir='ltr'>οὖν</span> <span class='ocrx_word' id='word_1_441' title='bbox 3017 2920 3162 2967; x_wconf 88' lang='grc' dir='ltr'>τινες</span> <span class='ocrx_word' id='word_1_442' title='bbox 3179 2902 3351 2956; x_wconf 80' lang='grc' dir='ltr'>ταῦτα</span> <span class='ocrx_word' id='word_1_443' title='bbox 3374 2901 3452 2972; x_wconf 84' lang='grc' dir='ltr'>τῷ</span> <span class='ocrx_word' id='word_1_444' title='bbox 3475 2902 3663 2970; x_wconf 78' lang='grc' dir='ltr'>Σωτῆρι</span> 
     </span>
    </p>
   </div>
   <div class='ocr_carea' id='block_1_60' title="bbox 2109 2991 3665 3071">
    <p class='ocr_par' dir='ltr' id='par_1_60' title="bbox 2109 2991 3665 3071">
     <span class='ocr_line' id='line_1_60' title="bbox 2109 2991 3665 3071; baseline -0.005 -18"><span class='ocrx_word' id='word_1_445' title='bbox 2109 3000 2184 3064; x_wconf 81' lang='grc' dir='ltr'>ὡς</span> <span class='ocrx_word' id='word_1_446' title='bbox 2224 2998 2374 3071; x_wconf 83' lang='grc' dir='ltr'>ὑπὲρ</span> <span class='ocrx_word' id='word_1_447' title='bbox 2409 2997 2697 3060; x_wconf 86' lang='grc' dir='ltr'>εὐσεϐείας</span> <span class='ocrx_word' id='word_1_448' title='bbox 2753 2995 2915 3066; x_wconf 82' lang='grc' dir='ltr'>δῆθεν</span> <span class='ocrx_word' id='word_1_449' title='bbox 2949 2996 3238 3066; x_wconf 89' lang='grc' dir='ltr'>γινόμενα,</span> <span class='ocrx_word' id='word_1_450' title='bbox 3283 2995 3588 3065; x_wconf 77' lang='grc' dir='ltr'>βουλόμενοι</span> <span class='ocrx_word' id='word_1_451' title='bbox 3616 2991 3665 3044; x_wconf 82' lang='grc' dir='ltr'>τὸ</span> 
     </span>
    </p>
   </div>
   <div class='ocr_carea' id='block_1_61' title="bbox 425 3075 2001 3158">
    <p class='ocr_par' dir='ltr' id='par_1_61' title="bbox 425 3075 2001 3147">
     <span class='ocr_line' id='line_1_61' title="bbox 425 3075 2001 3147; baseline -0.004 -10"><span class='ocrx_word' id='word_1_452' title='bbox 425 3084 798 3147; x_wconf 83' lang='lat' dir='ltr'><strong>seditiosos,et</strong></span> <span class='ocrx_word' id='word_1_453' title='bbox 829 3081 1110 3135; x_wconf 85' lang='lat' dir='ltr'><strong>irritantes</strong></span> <span class='ocrx_word' id='word_1_454' title='bbox 1134 3077 1364 3133; x_wconf 80' lang='lat' dir='ltr'><strong>Pilatum</strong></span> <span class='ocrx_word' id='word_1_455' title='bbox 1392 3081 1442 3131; x_wconf 92' lang='lat' dir='ltr'>in</span> <span class='ocrx_word' id='word_1_456' title='bbox 1465 3078 1645 3133; x_wconf 90' lang='lat' dir='ltr'><strong>odium</strong></span> <span class='ocrx_word' id='word_1_457' title='bbox 1674 3075 2001 3144; x_wconf 57' lang='lat' dir='ltr'><strong>Iudaeorum,</strong></span> 
     </span>
    </p>
   </div>
   <div class='ocr_carea' id='block_1_62' title="bbox 2107 3075 3664 3158">
    <p class='ocr_par' dir='ltr' id='par_1_62' title="bbox 2113 3083 3664 3158">
     <span class='ocr_line' id='line_1_62' title="bbox 2113 3083 3664 3158; baseline -0.006 -15"><span class='ocrx_word' id='word_1_458' title='bbox 2113 3091 2206 3146; x_wconf 68' lang='grc' dir='ltr'>ἐπὶ</span> <span class='ocrx_word' id='word_1_459' title='bbox 2231 3090 2439 3152; x_wconf 86' lang='grc' dir='ltr'>τούτοις</span> <span class='ocrx_word' id='word_1_460' title='bbox 2494 3089 2731 3158; x_wconf 72' lang='grc' dir='ltr'>ἀρέσκον</span> <span class='ocrx_word' id='word_1_461' title='bbox 2787 3085 2935 3156; x_wconf 82' lang='grc' dir='ltr'>αὺτῷ</span> <span class='ocrx_word' id='word_1_462' title='bbox 2989 3085 3205 3156; x_wconf 87' lang='grc' dir='ltr'>μαθεῖν.</span> <span class='ocrx_word' id='word_1_463' title='bbox 3257 3084 3539 3152; x_wconf 72' lang='grc' dir='ltr'>Ἐνόμιζον</span> <span class='ocrx_word' id='word_1_464' title='bbox 3575 3083 3664 3148; x_wconf 79' lang='grc' dir='ltr'>γάρ</span> 
     </span>
    </p>
   </div>
   <div class='ocr_carea' id='block_1_63' title="bbox 425 3168 2005 3242">
    <p class='ocr_par' dir='ltr' id='par_1_63' title="bbox 425 3168 2005 3242">
     <span class='ocr_line' id='line_1_63' title="bbox 425 3168 2005 3242; baseline -0.004 -15"><span class='ocrx_word' id='word_1_465' title='bbox 425 3188 490 3227; x_wconf 82' lang='lat' dir='ltr'>eo</span> <span class='ocrx_word' id='word_1_466' title='bbox 521 3174 660 3242; x_wconf 86' lang='lat' dir='ltr'><strong>quod</strong></span> <span class='ocrx_word' id='word_1_467' title='bbox 695 3174 956 3242; x_wconf 80' lang='lat' dir='ltr'><strong>urgebant</strong></span> <span class='ocrx_word' id='word_1_468' title='bbox 987 3171 1254 3225; x_wconf 73' lang='lat' dir='ltr'><strong>Caesarem</strong></span> <span class='ocrx_word' id='word_1_469' title='bbox 1289 3184 1393 3223; x_wconf 90' lang='lat' dir='ltr'>non</span> <span class='ocrx_word' id='word_1_470' title='bbox 1430 3169 1806 3239; x_wconf 87' lang='lat' dir='ltr'><strong>appellandum</strong></span> <span class='ocrx_word' id='word_1_471' title='bbox 1835 3168 2005 3222; x_wconf 89' lang='lat' dir='ltr'><strong>domi-</strong></span> 
     </span>
    </p>
   </div>
   <div class='ocr_carea' id='block_1_64' title="bbox 427 3261 2004 3334">
    <p class='ocr_par' dir='ltr' id='par_1_64' title="bbox 427 3261 2004 3334">
     <span class='ocr_line' id='line_1_64' title="bbox 427 3261 2004 3334; baseline -0.004 -14"><span class='ocrx_word' id='word_1_472' title='bbox 427 3281 554 3320; x_wconf 86' lang='lat' dir='ltr'><strong>num</strong></span> <span class='ocrx_word' id='word_1_473' title='bbox 592 3282 606 3318; x_wconf 89' lang='lat'>:</span> <span class='ocrx_word' id='word_1_474' title='bbox 641 3267 692 3320; x_wconf 89' lang='lat' dir='ltr'>id</span> <span class='ocrx_word' id='word_1_475' title='bbox 736 3265 876 3334; x_wconf 88' lang='lat' dir='ltr'><strong>quod</strong></span> <span class='ocrx_word' id='word_1_476' title='bbox 925 3264 975 3316; x_wconf 93' lang='lat' dir='ltr'><strong>in</strong></span> <span class='ocrx_word' id='word_1_477' title='bbox 1019 3263 1183 3317; x_wconf 88' lang='lat' dir='ltr'><strong>totius</strong></span> <span class='ocrx_word' id='word_1_478' title='bbox 1229 3262 1536 3316; x_wconf 66' lang='lat' dir='ltr'><strong>ludar-orum</strong></span> <span class='ocrx_word' id='word_1_479' title='bbox 1580 3261 1758 3332; x_wconf 89' lang='lat' dir='ltr'><strong>gentis</strong></span> <span class='ocrx_word' id='word_1_480' title='bbox 1797 3262 2004 3317; x_wconf 88' lang='lat' dir='ltr'><strong>incom-</strong></span> 
     </span>
    </p>
   </div>
   <div class='ocr_carea' id='block_1_65' title="bbox 428 3354 2003 3425">
    <p class='ocr_par' dir='ltr' id='par_1_65' title="bbox 428 3354 2003 3425">
     <span class='ocr_line' id='line_1_65' title="bbox 428 3354 2003 3425; baseline -0.001 -15"><span class='ocrx_word' id='word_1_481' title='bbox 428 3359 643 3411; x_wconf 88' lang='lat' dir='ltr'><strong>tnodum</strong></span> <span class='ocrx_word' id='word_1_482' title='bbox 691 3357 939 3411; x_wconf 86' lang='lat' dir='ltr'><strong>cedebat.</strong></span> <span class='ocrx_word' id='word_1_483' title='bbox 969 3355 1143 3425; x_wconf 85' lang='lat' dir='ltr'><strong>Igitur</strong></span> <span class='ocrx_word' id='word_1_484' title='bbox 1197 3354 1446 3408; x_wconf 73' lang='lat' dir='ltr'><strong>Salvator</strong></span> <span class='ocrx_word' id='word_1_485' title='bbox 1487 3369 1589 3407; x_wconf 87' lang='lat' dir='ltr'>non</span> <span class='ocrx_word' id='word_1_486' title='bbox 1651 3371 1856 3422; x_wconf 83' lang='lat' dir='ltr'><strong>negans</strong></span> <span class='ocrx_word' id='word_1_487' title='bbox 1907 3369 2003 3408; x_wconf 91' lang='lat' dir='ltr'>eos</span> 
     </span>
    </p>
   </div>
   <div class='ocr_carea' id='block_1_66' title="bbox 428 3445 2002 3518">
    <p class='ocr_par' dir='ltr' id='par_1_66' title="bbox 428 3445 2002 3518">
     <span class='ocr_line' id='line_1_66' title="bbox 428 3445 2002 3518; baseline -0.003 -14"><span class='ocrx_word' id='word_1_488' title='bbox 428 3464 548 3504; x_wconf 85' lang='lat' dir='ltr'><strong>esse</strong></span> <span class='ocrx_word' id='word_1_489' title='bbox 579 3459 918 3518; x_wconf 80' lang='lat' dir='ltr'><strong>peccatores,</strong></span> <span class='ocrx_word' id='word_1_490' title='bbox 946 3447 1077 3501; x_wconf 89' lang='lat' dir='ltr'><strong>dicit</strong></span> <span class='ocrx_word' id='word_1_491' title='bbox 1114 3461 1217 3499; x_wconf 88' lang='lat' dir='ltr'><strong>non</strong></span> <span class='ocrx_word' id='word_1_492' title='bbox 1260 3445 1407 3513; x_wconf 87' lang='lat' dir='ltr'><strong>ipsos</strong></span> <span class='ocrx_word' id='word_1_493' title='bbox 1447 3461 1636 3516; x_wconf 82' lang='lat' dir='ltr'><strong>passos</strong></span> <span class='ocrx_word' id='word_1_494' title='bbox 1680 3461 1802 3500; x_wconf 88' lang='lat' dir='ltr'><strong>esse</strong></span> <span class='ocrx_word' id='word_1_495' title='bbox 1848 3447 2002 3514; x_wconf 88' lang='lat' dir='ltr'><strong>quasi</strong></span> 
     </span>
    </p>
   </div>
   <div class='ocr_carea' id='block_1_67' title="bbox 428 3537 1994 3608">
    <p class='ocr_par' dir='ltr' id='par_1_67' title="bbox 428 3537 1994 3608">
     <span class='ocr_line' id='line_1_67' title="bbox 428 3537 1994 3608; baseline -0.002 -15"><span class='ocrx_word' id='word_1_496' title='bbox 428 3549 611 3593; x_wconf 86' lang='lat' dir='ltr'><strong>essent</strong></span> <span class='ocrx_word' id='word_1_497' title='bbox 642 3539 874 3608; x_wconf 89' lang='lat' dir='ltr'><strong>majores</strong></span> <span class='ocrx_word' id='word_1_498' title='bbox 906 3549 1217 3608; x_wconf 87' lang='lat' dir='ltr'><strong>peccatores</strong></span> <span class='ocrx_word' id='word_1_499' title='bbox 1248 3537 1312 3591; x_wconf 89' lang='lat' dir='ltr'><strong>iis</strong></span> <span class='ocrx_word' id='word_1_500' title='bbox 1356 3537 1446 3602; x_wconf 88' lang='lat' dir='ltr'><strong>qui</strong></span> <span class='ocrx_word' id='word_1_501' title='bbox 1479 3537 1607 3591; x_wconf 91' lang='lat' dir='ltr'><strong>nihil</strong></span> <span class='ocrx_word' id='word_1_502' title='bbox 1653 3538 1796 3607; x_wconf 80' lang='lat' dir='ltr'><strong>passi</strong></span> <span class='ocrx_word' id='word_1_503' title='bbox 1847 3545 1994 3592; x_wconf 85' lang='lat' dir='ltr'><strong>sunt.</strong></span> 
     </span>
    </p>
   </div>
   <div class='ocr_carea' id='block_1_68' title="bbox 426 3629 2003 3699">
    <p class='ocr_par' dir='ltr' id='par_1_68' title="bbox 426 3629 2003 3699">
     <span class='ocr_line' id='line_1_68' title="bbox 426 3629 2003 3699; baseline -0.003 -14"><span class='ocrx_word' id='word_1_504' title='bbox 426 3630 539 3686; x_wconf 80' lang='lat' dir='ltr'><strong>Nisi</strong></span> <span class='ocrx_word' id='word_1_505' title='bbox 571 3632 712 3685; x_wconf 86' lang='lat' dir='ltr'><strong>enim</strong></span> <span class='ocrx_word' id='word_1_506' title='bbox 752 3642 805 3686; x_wconf 89' lang='lat' dir='ltr'>et</span> <span class='ocrx_word' id='word_1_507' title='bbox 834 3646 931 3686; x_wconf 86' lang='lat' dir='ltr'>vos</span> <span class='ocrx_word' id='word_1_508' title='bbox 965 3629 1328 3699; x_wconf 87' lang='lat' dir='ltr'><strong>resipueritis,</strong></span> <span class='ocrx_word' id='word_1_509' title='bbox 1361 3638 1414 3683; x_wconf 92' lang='lat' dir='ltr'><strong>et</strong></span> <span class='ocrx_word' id='word_1_510' title='bbox 1460 3645 1488 3681; x_wconf 89' lang='lat' dir='ltr'>a</span> <span class='ocrx_word' id='word_1_511' title='bbox 1529 3629 1892 3684; x_wconf 87' lang='lat' dir='ltr'><strong>seditionibus</strong></span> <span class='ocrx_word' id='word_1_512' title='bbox 1923 3630 2003 3683; x_wconf 90' lang='lat' dir='ltr'>in-</span> 
     </span>
    </p>
   </div>
   <div class='ocr_carea' id='block_1_69' title="bbox 429 3721 2002 3788">
    <p class='ocr_par' dir='ltr' id='par_1_69' title="bbox 429 3721 2002 3788">
     <span class='ocr_line' id='line_1_69' title="bbox 429 3721 2002 3788; baseline -0.001 -12"><span class='ocrx_word' id='word_1_513' title='bbox 429 3723 628 3778; x_wconf 80' lang='lat' dir='ltr'><strong>testina</strong></span> <span class='ocrx_word' id='word_1_514' title='bbox 683 3723 819 3777; x_wconf 85' lang='lat' dir='ltr'><strong>bella</strong></span> <span class='ocrx_word' id='word_1_515' title='bbox 871 3721 1267 3778; x_wconf 75' lang='lat' dir='ltr'><strong>succendentes</strong></span> <span class='ocrx_word' id='word_1_516' title='bbox 1323 3721 1692 3788; x_wconf 87' lang='lat' dir='ltr'><strong>ccssaveritis,</strong></span> <span class='ocrx_word' id='word_1_517' title='bbox 1744 3732 1797 3776; x_wconf 92' lang='lat' dir='ltr'>et</span> <span class='ocrx_word' id='word_1_518' title='bbox 1835 3721 2002 3775; x_wconf 89' lang='lat' dir='ltr'><strong>Deum</strong></span> 
     </span>
    </p>
   </div>
   <div class='ocr_carea' id='block_1_70' title="bbox 429 3813 1998 3885">
    <p class='ocr_par' dir='ltr' id='par_1_70' title="bbox 429 3813 1998 3885">
     <span class='ocr_line' id='line_1_70' title="bbox 429 3813 1998 3885; baseline 0 -17"><span class='ocrx_word' id='word_1_519' title='bbox 429 3818 680 3885; x_wconf 80' lang='lat' dir='ltr'><strong>operibus</strong></span> <span class='ocrx_word' id='word_1_520' title='bbox 710 3815 922 3885; x_wconf 82' lang='lat' dir='ltr'><strong>placare</strong></span> <span class='ocrx_word' id='word_1_521' title='bbox 946 3813 1357 3880; x_wconf 74' lang='lat' dir='ltr'><strong>festinavcritis,</strong></span> <span class='ocrx_word' id='word_1_522' title='bbox 1400 3816 1647 3884; x_wconf 78' lang='lat' dir='ltr'><strong>graviora</strong></span> <span class='ocrx_word' id='word_1_523' title='bbox 1699 3814 1998 3884; x_wconf 88' lang='lat' dir='ltr'><strong>patiemini.</strong></span> 
     </span>
    </p>
   </div>
   <div class='ocr_carea' id='block_1_71' title="bbox 429 3905 2002 3977">
    <p class='ocr_par' dir='ltr' id='par_1_71' title="bbox 429 3905 2002 3977">
     <span class='ocr_line' id='line_1_71' title="bbox 429 3905 2002 3977; baseline -0.001 -17"><span class='ocrx_word' id='word_1_524' title='bbox 429 3905 544 3961; x_wconf 76' lang='lat' dir='ltr'>Non</span> <span class='ocrx_word' id='word_1_525' title='bbox 589 3917 803 3977; x_wconf 87' lang='lat' dir='ltr'><strong>oportet</strong></span> <span class='ocrx_word' id='word_1_526' title='bbox 853 3907 995 3961; x_wconf 88' lang='lat' dir='ltr'><strong>enim</strong></span> <span class='ocrx_word' id='word_1_527' title='bbox 1031 3915 1293 3975; x_wconf 68' lang='lat' dir='ltr'><strong>praetextu</strong></span> <span class='ocrx_word' id='word_1_528' title='bbox 1319 3906 1535 3975; x_wconf 89' lang='lat' dir='ltr'><strong>pietatis</strong></span> <span class='ocrx_word' id='word_1_529' title='bbox 1569 3920 1723 3959; x_wconf 84' lang='lat' dir='ltr'><strong>suam</strong></span> <span class='ocrx_word' id='word_1_530' title='bbox 1775 3906 2002 3975; x_wconf 76' lang='lat' dir='ltr'><strong>gloriam</strong></span> 
     </span>
    </p>
   </div>
   <div class='ocr_carea' id='block_1_72' title="bbox 429 3997 2002 4069">
    <p class='ocr_par' dir='ltr' id='par_1_72' title="bbox 429 3997 2002 4069">
     <span class='ocr_line' id='line_1_72' title="bbox 429 3997 2002 4069; baseline -0.001 -17"><span class='ocrx_word' id='word_1_531' title='bbox 429 4015 691 4069; x_wconf 56' lang='lat' dir='ltr'><strong>(peierare,</strong></span> <span class='ocrx_word' id='word_1_532' title='bbox 739 4011 792 4054; x_wconf 91' lang='lat' dir='ltr'>et</span> <span class='ocrx_word' id='word_1_533' title='bbox 847 4001 1133 4054; x_wconf 86' lang='lat' dir='ltr'><strong>intestinas</strong></span> <span class='ocrx_word' id='word_1_534' title='bbox 1178 4000 1471 4053; x_wconf 88' lang='lat' dir='ltr'><strong>seditiones</strong></span> <span class='ocrx_word' id='word_1_535' title='bbox 1521 3998 1780 4053; x_wconf 83' lang='lat' dir='ltr'><strong>excitare.</strong></span> <span class='ocrx_word' id='word_1_536' title='bbox 1835 3997 2002 4052; x_wconf 78' lang='lat' dir='ltr'><strong>Porro</strong></span> 
     </span>
    </p>
   </div>
   <div class='ocr_carea' id='block_1_73' title="bbox 429 4091 2004 4164">
    <p class='ocr_par' dir='ltr' id='par_1_73' title="bbox 429 4091 2004 4164">
     <span class='ocr_line' id='line_1_73' title="bbox 429 4091 2004 4164; baseline -0.005 -14"><span class='ocrx_word' id='word_1_537' title='bbox 429 4097 592 4150; x_wconf 86' lang='lat' dir='ltr'><strong>turris</strong></span> <span class='ocrx_word' id='word_1_538' title='bbox 614 4110 732 4164; x_wconf 74' lang='lat' dir='ltr'><strong>qua:</strong></span> <span class='ocrx_word' id='word_1_539' title='bbox 758 4094 1026 4148; x_wconf 82' lang='lat' dir='ltr'><strong>ceciderat</strong></span> <span class='ocrx_word' id='word_1_540' title='bbox 1059 4093 1108 4146; x_wconf 89' lang='lat' dir='ltr'><strong>in</strong></span> <span class='ocrx_word' id='word_1_541' title='bbox 1133 4091 1299 4155; x_wconf 73' lang='lat' dir='ltr'><strong>Siloe,</strong></span> <span class='ocrx_word' id='word_1_542' title='bbox 1325 4092 1641 4160; x_wconf 66' lang='lat' dir='ltr'><strong>praesagium</strong></span> <span class='ocrx_word' id='word_1_543' title='bbox 1674 4101 1794 4145; x_wconf 91' lang='lat' dir='ltr'><strong>erat</strong></span> <span class='ocrx_word' id='word_1_544' title='bbox 1818 4105 2004 4144; x_wconf 89' lang='lat' dir='ltr'><strong>eorum</strong></span> 
     </span>
    </p>
   </div>
   <div class='ocr_carea' id='block_1_74' title="bbox 430 4167 2004 4258">
    <p class='ocr_par' dir='ltr' id='par_1_74' title="bbox 430 4167 2004 4258">
     <span class='ocr_line' id='line_1_74' title="bbox 430 4167 2004 4258; baseline -0.003 -18"><span class='ocrx_word' id='word_1_545' title='bbox 430 4203 550 4258; x_wconf 70' lang='lat' dir='ltr'><strong>qua:</strong></span> <span class='ocrx_word' id='word_1_546' title='bbox 579 4199 766 4258; x_wconf 88' lang='lat' dir='ltr'><strong>postea</strong></span> <span class='ocrx_word' id='word_1_547' title='bbox 789 4186 986 4256; x_wconf 90' lang='lat' dir='ltr'><strong>populo</strong></span> <span class='ocrx_word' id='word_1_548' title='bbox 1007 4167 1264 4238; x_wconf 85' lang='lat' dir='ltr'><strong>eventura</strong></span> <span class='ocrx_word' id='word_1_549' title='bbox 1292 4193 1482 4237; x_wconf 88' lang='lat' dir='ltr'><strong>erant:</strong></span> <span class='ocrx_word' id='word_1_550' title='bbox 1514 4197 1610 4253; x_wconf 92' lang='lat' dir='ltr'><strong>per</strong></span> <span class='ocrx_word' id='word_1_551' title='bbox 1643 4195 1844 4252; x_wconf 86' lang='lat' dir='ltr'><strong>paucos</strong></span> <span class='ocrx_word' id='word_1_552' title='bbox 1861 4180 2004 4236; x_wconf 89' lang='lat' dir='ltr'><strong>enim</strong></span> 
     </span>
    </p>
   </div>
   <div class='ocr_carea' id='block_1_75' title="bbox 431 4270 2002 4348">
    <p class='ocr_par' dir='ltr' id='par_1_75' title="bbox 431 4270 2002 4348">
     <span class='ocr_line' id='line_1_75' title="bbox 431 4270 2002 4348; baseline -0.004 -18"><span class='ocrx_word' id='word_1_553' title='bbox 431 4278 524 4348; x_wconf 90' lang='lat' dir='ltr'><strong>qui</strong></span> <span class='ocrx_word' id='word_1_554' title='bbox 565 4286 691 4330; x_wconf 90' lang='lat' dir='ltr'><strong>tunc</strong></span> <span class='ocrx_word' id='word_1_555' title='bbox 725 4276 1000 4344; x_wconf 89' lang='lat' dir='ltr'><strong>perierunt</strong></span> <span class='ocrx_word' id='word_1_556' title='bbox 1041 4273 1238 4327; x_wconf 92' lang='lat' dir='ltr'><strong>multos</strong></span> <span class='ocrx_word' id='word_1_557' title='bbox 1284 4273 1586 4337; x_wconf 85' lang='lat' dir='ltr'><strong>erudiebat,</strong></span> <span class='ocrx_word' id='word_1_558' title='bbox 1619 4271 1760 4341; x_wconf 90' lang='lat' dir='ltr'><strong>quod</strong></span> <span class='ocrx_word' id='word_1_559' title='bbox 1810 4281 1863 4325; x_wconf 89' lang='lat' dir='ltr'>et</span> <span class='ocrx_word' id='word_1_560' title='bbox 1899 4270 2002 4340; x_wconf 86' lang='lat' dir='ltr'><strong>ipsi</strong></span> 
     </span>
    </p>
   </div>
   <div class='ocr_carea' id='block_1_76' title="bbox 432 4362 2000 4438">
    <p class='ocr_par' dir='ltr' id='par_1_76' title="bbox 432 4362 2000 4438">
     <span class='ocr_line' id='line_1_76' title="bbox 432 4362 2000 4438; baseline -0.005 -16"><span class='ocrx_word' id='word_1_561' title='bbox 432 4370 678 4438; x_wconf 80' lang='lat' dir='ltr'><strong>graviora</strong></span> <span class='ocrx_word' id='word_1_562' title='bbox 711 4375 894 4421; x_wconf 85' lang='lat' dir='ltr'><strong>essent</strong></span> <span class='ocrx_word' id='word_1_563' title='bbox 921 4365 1158 4434; x_wconf 89' lang='lat' dir='ltr'><strong>passuri.</strong></span> <span class='ocrx_word' id='word_1_564' title='bbox 1196 4362 1388 4417; x_wconf 85' lang='lat' dir='ltr'><strong>Turris</strong></span> <span class='ocrx_word' id='word_1_565' title='bbox 1421 4364 1566 4417; x_wconf 89' lang='lat' dir='ltr'><strong>enim</strong></span> <span class='ocrx_word' id='word_1_566' title='bbox 1602 4362 1766 4416; x_wconf 88' lang='lat' dir='ltr'><strong>totius</strong></span> <span class='ocrx_word' id='word_1_567' title='bbox 1800 4362 2000 4416; x_wconf 82' lang='lat' dir='ltr'><strong>civita-</strong></span> 
     </span>
    </p>
   </div>
   <div class='ocr_carea' id='block_1_77' title="bbox 2109 3171 3663 3246">
    <p class='ocr_par' dir='ltr' id='par_1_77' title="bbox 2109 3171 3663 3246">
     <span class='ocr_line' id='line_1_77' title="bbox 2109 3171 3663 3246; baseline -0.009 -10"><span class='ocrx_word' id='word_1_568' title='bbox 2109 3199 2252 3244; x_wconf 89' lang='grc' dir='ltr'>τινες</span> <span class='ocrx_word' id='word_1_569' title='bbox 2283 3180 2599 3234; x_wconf 86' lang='grc' dir='ltr'>δικαιότατα</span> <span class='ocrx_word' id='word_1_570' title='bbox 2625 3179 2822 3241; x_wconf 78' lang='grc' dir='ltr'>αὐτοὺς</span> <span class='ocrx_word' id='word_1_571' title='bbox 2847 3177 3038 3230; x_wconf 83' lang='grc' dir='ltr'>παθεῖν</span> <span class='ocrx_word' id='word_1_572' title='bbox 3069 3177 3145 3240; x_wconf 86' lang='grc' dir='ltr'>ὼς</span> <span class='ocrx_word' id='word_1_573' title='bbox 3171 3173 3549 3246; x_wconf 81' lang='grc' dir='ltr'>ἁμαρτωλοὺς,</span> <span class='ocrx_word' id='word_1_574' title='bbox 3585 3171 3663 3223; x_wconf 85' lang='grc' dir='ltr'>ἇτε</span> 
     </span>
    </p>
   </div>
   <div class='ocr_carea' id='block_1_78' title="bbox 2110 3265 3665 3343">
    <p class='ocr_par' dir='ltr' id='par_1_78' title="bbox 2110 3265 3665 3343">
     <span class='ocr_line' id='line_1_78' title="bbox 2110 3265 3665 3343; baseline -0.009 -15"><span class='ocrx_word' id='word_1_575' title='bbox 2110 3276 2300 3329; x_wconf 85' lang='grc' dir='ltr'>στάσιν</span> <span class='ocrx_word' id='word_1_576' title='bbox 2355 3274 2709 3343; x_wconf 88' lang='grc' dir='ltr'>κινήσαντας,</span> <span class='ocrx_word' id='word_1_577' title='bbox 2747 3271 2842 3324; x_wconf 74' lang='grc' dir='ltr'>καὶ</span> <span class='ocrx_word' id='word_1_578' title='bbox 2897 3271 2988 3322; x_wconf 84' lang='grc' dir='ltr'>τὸν</span> <span class='ocrx_word' id='word_1_579' title='bbox 3053 3268 3287 3322; x_wconf 87' lang='grc' dir='ltr'>Πιλάτον</span> <span class='ocrx_word' id='word_1_580' title='bbox 3341 3265 3665 3335; x_wconf 80' lang='grc' dir='ltr'>ὲρεθίσανιας</span> 
     </span>
    </p>
   </div>
   <div class='ocr_carea' id='block_1_79' title="bbox 2110 3354 3664 3438">
    <p class='ocr_par' dir='ltr' id='par_1_79' title="bbox 2110 3354 3664 3438">
     <span class='ocr_line' id='line_1_79' title="bbox 2110 3354 3664 3438; baseline -0.011 -17"><span class='ocrx_word' id='word_1_581' title='bbox 2110 3369 2204 3422; x_wconf 72' lang='grc' dir='ltr'>ἐπὶ</span> <span class='ocrx_word' id='word_1_582' title='bbox 2256 3366 2333 3438; x_wconf 79' lang='grc' dir='ltr'>τῷ</span> <span class='ocrx_word' id='word_1_583' title='bbox 2384 3367 2564 3436; x_wconf 86' lang='grc' dir='ltr'>μισεῖν</span> <span class='ocrx_word' id='word_1_584' title='bbox 2604 3365 2729 3427; x_wconf 77' lang='grc' dir='ltr'>τοὺς</span> <span class='ocrx_word' id='word_1_585' title='bbox 2796 3361 3111 3424; x_wconf 78' lang='grc' dir='ltr'>Ἰουδαίους’</span> <span class='ocrx_word' id='word_1_586' title='bbox 3151 3362 3183 3431; x_wconf 85' lang='grc' dir='ltr'>ἡ</span> <span class='ocrx_word' id='word_1_587' title='bbox 3217 3360 3329 3430; x_wconf 89' lang='grc' dir='ltr'>γάρ</span> <span class='ocrx_word' id='word_1_588' title='bbox 3388 3356 3563 3412; x_wconf 75' lang='grc' dir='ltr'>αὐτῶν</span> <span class='ocrx_word' id='word_1_589' title='bbox 3600 3354 3664 3406; x_wconf 67' lang='lat' dir='ltr'><strong>Ev-</strong></span> 
     </span>
    </p>
   </div>
   <div class='ocr_carea' id='block_1_80' title="bbox 2109 3451 3662 3530">
    <p class='ocr_par' dir='ltr' id='par_1_80' title="bbox 2109 3451 3662 3530">
     <span class='ocr_line' id='line_1_80' title="bbox 2109 3451 3662 3530; baseline -0.006 -15"><span class='ocrx_word' id='word_1_590' title='bbox 2109 3477 2302 3524; x_wconf 89' lang='grc' dir='ltr'>στασις</span> <span class='ocrx_word' id='word_1_591' title='bbox 2338 3461 2371 3530; x_wconf 81' lang='grc' dir='ltr'>ἠ</span> <span class='ocrx_word' id='word_1_592' title='bbox 2405 3460 2548 3530; x_wconf 77' lang='grc' dir='ltr'>ὑπὲρ</span> <span class='ocrx_word' id='word_1_593' title='bbox 2579 3457 2674 3511; x_wconf 77' lang='grc' dir='ltr'>τοῦ</span> <span class='ocrx_word' id='word_1_594' title='bbox 2709 3456 2785 3527; x_wconf 80' lang='grc' dir='ltr'>μὴ</span> <span class='ocrx_word' id='word_1_595' title='bbox 2820 3455 3009 3510; x_wconf 83' lang='grc' dir='ltr'>καλεῖν</span> <span class='ocrx_word' id='word_1_596' title='bbox 3041 3455 3135 3506; x_wconf 64' lang='grc' dir='ltr'>τὸν</span> <span class='ocrx_word' id='word_1_597' title='bbox 3173 3454 3434 3522; x_wconf 83' lang='grc' dir='ltr'>Καίσαρα</span> <span class='ocrx_word' id='word_1_598' title='bbox 3478 3451 3662 3519; x_wconf 82' lang='grc' dir='ltr'>κύριον.</span> 
     </span>
    </p>
   </div>
   <div class='ocr_carea' id='block_1_81' title="bbox 2110 3541 3661 3615">
    <p class='ocr_par' dir='ltr' id='par_1_81' title="bbox 2110 3541 3661 3615">
     <span class='ocr_line' id='line_1_81' title="bbox 2110 3541 3661 3615; baseline -0.012 -9"><span class='ocrx_word' id='word_1_599' title='bbox 2110 3552 2308 3614; x_wconf 81' lang='grc' dir='ltr'>παντὸς</span> <span class='ocrx_word' id='word_1_600' title='bbox 2337 3550 2430 3604; x_wconf 80' lang='grc' dir='ltr'>τοῦ</span> <span class='ocrx_word' id='word_1_601' title='bbox 2456 3551 2643 3612; x_wconf 75' lang='grc' dir='ltr'>ἔθνους</span> <span class='ocrx_word' id='word_1_602' title='bbox 2681 3547 2794 3602; x_wconf 84' lang='grc' dir='ltr'>τῶν</span> <span class='ocrx_word' id='word_1_603' title='bbox 2831 3543 3102 3600; x_wconf 83' lang='grc' dir='ltr'>Ἰουδαίων</span> <span class='ocrx_word' id='word_1_604' title='bbox 3128 3545 3356 3615; x_wconf 79' lang='grc' dir='ltr'>ἥπτετο.</span> <span class='ocrx_word' id='word_1_605' title='bbox 3402 3541 3458 3594; x_wconf 86' lang='lat'><strong>&#39;0</strong></span> <span class='ocrx_word' id='word_1_606' title='bbox 3506 3541 3661 3594; x_wconf 77' lang='grc' dir='ltr'>τοίνυν</span> 
     </span>
    </p>
   </div>
   <div class='ocr_carea' id='block_1_82' title="bbox 2108 3633 3660 3714">
    <p class='ocr_par' dir='ltr' id='par_1_82' title="bbox 2108 3633 3660 3714">
     <span class='ocr_line' id='line_1_82' title="bbox 2108 3633 3660 3714; baseline -0.01 -16"><span class='ocrx_word' id='word_1_607' title='bbox 2108 3644 2299 3714; x_wconf 85' lang='grc' dir='ltr'>Σωτὴρ</span> <span class='ocrx_word' id='word_1_608' title='bbox 2333 3642 2395 3696; x_wconf 78' lang='grc' dir='ltr'>τὸ</span> <span class='ocrx_word' id='word_1_609' title='bbox 2426 3642 2522 3712; x_wconf 82' lang='grc' dir='ltr'>μὲν</span> <span class='ocrx_word' id='word_1_610' title='bbox 2561 3636 2702 3694; x_wconf 73' lang='grc' dir='ltr'>εἶναι</span> <span class='ocrx_word' id='word_1_611' title='bbox 2734 3640 2933 3702; x_wconf 69' lang='grc' dir='ltr'>αὐτούς</span> <span class='ocrx_word' id='word_1_612' title='bbox 2984 3637 3347 3711; x_wconf 80' lang='grc' dir='ltr'>ἁμαρτωλοὺς</span> <span class='ocrx_word' id='word_1_613' title='bbox 3377 3636 3473 3688; x_wconf 77' lang='grc' dir='ltr'>οὐκ</span> <span class='ocrx_word' id='word_1_614' title='bbox 3505 3633 3660 3704; x_wconf 80' lang='grc' dir='ltr'>ἀρνεῖ-</span> 
     </span>
    </p>
   </div>
   <div class='ocr_carea' id='block_1_83' title="bbox 2105 3727 3661 3804">
    <p class='ocr_par' dir='ltr' id='par_1_83' title="bbox 2105 3727 3661 3804">
     <span class='ocr_line' id='line_1_83' title="bbox 2105 3727 3661 3804; baseline -0.006 -17"><span class='ocrx_word' id='word_1_615' title='bbox 2105 3752 2218 3798; x_wconf 88' lang='grc' dir='ltr'>ται,</span> <span class='ocrx_word' id='word_1_616' title='bbox 2246 3734 2307 3787; x_wconf 82' lang='grc' dir='ltr'>οὑ</span> <span class='ocrx_word' id='word_1_617' title='bbox 2343 3733 2449 3804; x_wconf 85' lang='grc' dir='ltr'>μήν</span> <span class='ocrx_word' id='word_1_618' title='bbox 2466 3749 2598 3802; x_wconf 86' lang='grc' dir='ltr'>φησι</span> <span class='ocrx_word' id='word_1_619' title='bbox 2631 3730 2808 3785; x_wconf 78' lang='grc' dir='ltr'>ταῦτα</span> <span class='ocrx_word' id='word_1_620' title='bbox 2823 3729 3151 3783; x_wconf 84' lang='grc' dir='ltr'>πεπονθέναι</span> <span class='ocrx_word' id='word_1_621' title='bbox 3175 3729 3377 3790; x_wconf 73' lang='grc' dir='ltr'>αὐτοὺς</span> <span class='ocrx_word' id='word_1_622' title='bbox 3399 3727 3472 3785; x_wconf 81' lang='grc' dir='ltr'>ὡς</span> <span class='ocrx_word' id='word_1_623' title='bbox 3510 3727 3661 3794; x_wconf 79' lang='grc' dir='ltr'>ἀμαρ-</span> 
     </span>
    </p>
   </div>
   <div class='ocr_carea' id='block_1_84' title="bbox 2105 3818 3659 3896">
    <p class='ocr_par' dir='ltr' id='par_1_84' title="bbox 2105 3818 3659 3896">
     <span class='ocr_line' id='line_1_84' title="bbox 2105 3818 3659 3896; baseline -0.006 -19"><span class='ocrx_word' id='word_1_624' title='bbox 2105 3826 2434 3896; x_wconf 79' lang='grc' dir='ltr'>τωλοτέρους</span> <span class='ocrx_word' id='word_1_625' title='bbox 2489 3823 2596 3876; x_wconf 84' lang='grc' dir='ltr'>τῶν</span> <span class='ocrx_word' id='word_1_626' title='bbox 2650 3821 2854 3876; x_wconf 86' lang='grc' dir='ltr'>λοιπῶν</span> <span class='ocrx_word' id='word_1_627' title='bbox 2881 3820 2989 3874; x_wconf 82' lang='grc' dir='ltr'>τῶν</span> <span class='ocrx_word' id='word_1_628' title='bbox 3052 3821 3127 3891; x_wconf 85' lang='grc' dir='ltr'>μὴ</span> <span class='ocrx_word' id='word_1_629' title='bbox 3179 3819 3552 3872; x_wconf 77' lang='grc' dir='ltr'>πεπονθότωνο</span> <span class='ocrx_word' id='word_1_630' title='bbox 3580 3818 3659 3869; x_wconf 69' lang='grc' dir='ltr'>ἐὰν</span> 
     </span>
    </p>
   </div>
   <div class='ocr_carea' id='block_1_85' title="bbox 2106 3910 3660 3985">
    <p class='ocr_par' dir='ltr' id='par_1_85' title="bbox 2106 3910 3660 3985">
     <span class='ocr_line' id='line_1_85' title="bbox 2106 3910 3660 3985; baseline -0.006 -15"><span class='ocrx_word' id='word_1_631' title='bbox 2106 3915 2214 3985; x_wconf 77' lang='grc' dir='ltr'>γὰρ</span> <span class='ocrx_word' id='word_1_632' title='bbox 2235 3914 2329 3968; x_wconf 76' lang='grc' dir='ltr'>καὶ</span> <span class='ocrx_word' id='word_1_633' title='bbox 2349 3914 2506 3983; x_wconf 83' lang='grc' dir='ltr'>ὑμεῖς</span> <span class='ocrx_word' id='word_1_634' title='bbox 2530 3912 2604 3984; x_wconf 81' lang='grc' dir='ltr'>μὴ</span> <span class='ocrx_word' id='word_1_635' title='bbox 2634 3913 3023 3982; x_wconf 78' lang='grc' dir='ltr'>μετανοήσητε,</span> <span class='ocrx_word' id='word_1_636' title='bbox 3055 3913 3145 3964; x_wconf 73' lang='grc' dir='ltr'>καὶ</span> <span class='ocrx_word' id='word_1_637' title='bbox 3169 3910 3432 3980; x_wconf 79' lang='grc' dir='ltr'>ἀφέμενοι</span> <span class='ocrx_word' id='word_1_638' title='bbox 3453 3910 3540 3963; x_wconf 76' lang='grc' dir='ltr'>τοῦ</span> <span class='ocrx_word' id='word_1_639' title='bbox 3559 3926 3660 3960; x_wconf 79' lang='grc' dir='ltr'>στα·</span> 
     </span>
    </p>
   </div>
   <div class='ocr_carea' id='block_1_86' title="bbox 2109 3998 3658 4074">
    <p class='ocr_par' dir='ltr' id='par_1_86' title="bbox 2109 3998 3658 4074">
     <span class='ocr_line' id='line_1_86' title="bbox 2109 3998 3658 4074; baseline -0.005 -15"><span class='ocrx_word' id='word_1_640' title='bbox 2109 4005 2316 4069; x_wconf 72' lang='grc' dir='ltr'>σιάζειν</span> <span class='ocrx_word' id='word_1_641' title='bbox 2350 4006 2442 4058; x_wconf 63' lang='grc' dir='ltr'>καὶ⁸</span> <span class='ocrx_word' id='word_1_642' title='bbox 2471 4004 2766 4074; x_wconf 81' lang='grc' dir='ltr'>ἐμφυλίους</span> <span class='ocrx_word' id='word_1_643' title='bbox 2797 4003 2974 4073; x_wconf 82' lang='grc' dir='ltr'>μάχας</span> <span class='ocrx_word' id='word_1_644' title='bbox 3002 4001 3285 4064; x_wconf 84' lang='grc' dir='ltr'>ἀνάπτειν,</span> <span class='ocrx_word' id='word_1_645' title='bbox 3312 4001 3444 4054; x_wconf 63' lang='grc' dir='ltr'>Θσὶν</span> <span class='ocrx_word' id='word_1_646' title='bbox 3461 4004 3559 4062; x_wconf 86' lang='grc' dir='ltr'>τοῖς</span> <span class='ocrx_word' id='word_1_647' title='bbox 3581 3998 3658 4068; x_wconf 77' lang='grc' dir='ltr'>ἔρ-</span> 
     </span>
    </p>
   </div>
   <div class='ocr_carea' id='block_1_87' title="bbox 2108 4089 3659 4165">
    <p class='ocr_par' dir='ltr' id='par_1_87' title="bbox 2108 4089 3659 4165">
     <span class='ocr_line' id='line_1_87' title="bbox 2108 4089 3659 4165; baseline -0.006 -17"><span class='ocrx_word' id='word_1_648' title='bbox 2108 4113 2226 4163; x_wconf 86' lang='grc' dir='ltr'>γοις</span> <span class='ocrx_word' id='word_1_649' title='bbox 2263 4093 2587 4165; x_wconf 85' lang='grc' dir='ltr'>θεραπεύειν</span> <span class='ocrx_word' id='word_1_650' title='bbox 2653 4091 2953 4162; x_wconf 81' lang='grc' dir='ltr'>σπεὺσητε,</span> <span class='ocrx_word' id='word_1_651' title='bbox 2988 4092 3210 4162; x_wconf 85' lang='grc' dir='ltr'>χείρονα</span> <span class='ocrx_word' id='word_1_652' title='bbox 3265 4090 3514 4142; x_wconf 82' lang='grc' dir='ltr'>πείσεσθε</span> <span class='ocrx_word' id='word_1_653' title='bbox 3542 4103 3554 4119; x_wconf 90' lang='grc'><strong>·</strong></span> <span class='ocrx_word' id='word_1_654' title='bbox 3593 4089 3659 4140; x_wconf 84' lang='grc' dir='ltr'>δεῖ</span> 
     </span>
    </p>
   </div>
   <div class='ocr_carea' id='block_1_88' title="bbox 2109 4182 3657 4260">
    <p class='ocr_par' dir='ltr' id='par_1_88' title="bbox 2109 4182 3657 4260">
     <span class='ocr_line' id='line_1_88' title="bbox 2109 4182 3657 4260; baseline -0.01 -13"><span class='ocrx_word' id='word_1_655' title='bbox 2109 4190 2218 4260; x_wconf 84' lang='grc' dir='ltr'>γὰρ</span> <span class='ocrx_word' id='word_1_656' title='bbox 2251 4189 2326 4260; x_wconf 70' lang='grc' dir='ltr'>μὴ</span> <span class='ocrx_word' id='word_1_657' title='bbox 2361 4189 2632 4258; x_wconf 81' lang='grc' dir='ltr'>προφάσει</span> <span class='ocrx_word' id='word_1_658' title='bbox 2660 4187 2944 4251; x_wconf 75' lang='grc' dir='ltr'>εὐσεϐείας</span> <span class='ocrx_word' id='word_1_659' title='bbox 2979 4188 3138 4253; x_wconf 80' lang='grc' dir='ltr'>δόξαν</span> <span class='ocrx_word' id='word_1_660' title='bbox 3168 4188 3383 4247; x_wconf 78' lang='grc' dir='ltr'>ἑαυτοῖς</span> <span class='ocrx_word' id='word_1_661' title='bbox 3409 4182 3657 4255; x_wconf 81' lang='grc' dir='ltr'>περιεθέν-</span> 
     </span>
    </p>
   </div>
   <div class='ocr_carea' id='block_1_89' title="bbox 2107 4275 3654 4349">
    <p class='ocr_par' dir='ltr' id='par_1_89' title="bbox 2107 4275 3654 4349">
     <span class='ocr_line' id='line_1_89' title="bbox 2107 4275 3654 4349; baseline -0.005 -17"><span class='ocrx_word' id='word_1_662' title='bbox 2107 4296 2226 4342; x_wconf 86' lang='grc' dir='ltr'>τας,</span> <span class='ocrx_word' id='word_1_663' title='bbox 2264 4281 2342 4342; x_wconf 84' lang='grc' dir='ltr'>είς</span> <span class='ocrx_word' id='word_1_664' title='bbox 2373 4279 2668 4349; x_wconf 76' lang='grc' dir='ltr'>ἐμφυλίους</span> <span class='ocrx_word' id='word_1_665' title='bbox 2701 4279 2918 4340; x_wconf 87' lang='grc' dir='ltr'>στάσεις</span> <span class='ocrx_word' id='word_1_666' title='bbox 2960 4277 3270 4331; x_wconf 85' lang='grc' dir='ltr'>ἀπονεύειν.</span> <span class='ocrx_word' id='word_1_667' title='bbox 3311 4277 3372 4330; x_wconf 77' lang='grc' dir='ltr'>ὐ</span> <span class='ocrx_word' id='word_1_668' title='bbox 3405 4277 3458 4329; x_wconf 82' lang='grc' dir='ltr'>δὲ</span> <span class='ocrx_word' id='word_1_669' title='bbox 3479 4275 3654 4343; x_wconf 75' lang='grc' dir='ltr'>πύργος</span> 
     </span>
    </p>
   </div>
   <div class='ocr_carea' id='block_1_90' title="bbox 2108 4358 3655 4443">
    <p class='ocr_par' dir='ltr' id='par_1_90' title="bbox 2108 4358 3655 4443">
     <span class='ocr_line' id='line_1_90' title="bbox 2108 4358 3655 4443; baseline -0.005 -19"><span class='ocrx_word' id='word_1_670' title='bbox 2108 4374 2136 4424; x_wconf 87' lang='grc' dir='ltr'>ὁ</span> <span class='ocrx_word' id='word_1_671' title='bbox 2166 4370 2347 4424; x_wconf 82' lang='grc' dir='ltr'>πεσὼν</span> <span class='ocrx_word' id='word_1_672' title='bbox 2376 4372 2432 4424; x_wconf 77' lang='grc' dir='ltr'>ὲν</span> <span class='ocrx_word' id='word_1_673' title='bbox 2465 4371 2544 4443; x_wconf 83' lang='grc' dir='ltr'>τῷ</span> <span class='ocrx_word' id='word_1_674' title='bbox 2593 4370 2838 4441; x_wconf 85' lang='grc' dir='ltr'>Σιλωὰμ,</span> <span class='ocrx_word' id='word_1_675' title='bbox 2865 4370 3065 4439; x_wconf 87' lang='grc' dir='ltr'>δεῖγμα</span> <span class='ocrx_word' id='word_1_676' title='bbox 3097 4366 3164 4438; x_wconf 79' lang='grc' dir='ltr'>ἦν</span> <span class='ocrx_word' id='word_1_677' title='bbox 3209 4368 3318 4421; x_wconf 81' lang='grc' dir='ltr'>τῶν</span> <span class='ocrx_word' id='word_1_678' title='bbox 3355 4369 3486 4437; x_wconf 84' lang='grc' dir='ltr'>μετά</span> <span class='ocrx_word' id='word_1_679' title='bbox 3511 4358 3655 4411; x_wconf 73' lang='grc' dir='ltr'>ταῦτα</span> 
     </span>
    </p>
   </div>
   <div class='ocr_carea' id='block_1_91' title="bbox 431 4448 2001 4531">
    <p class='ocr_par' dir='ltr' id='par_1_91' title="bbox 431 4454 1995 4528">
     <span class='ocr_line' id='line_1_91' title="bbox 431 4454 1995 4528; baseline -0.003 -16"><span class='ocrx_word' id='word_1_680' title='bbox 431 4463 500 4514; x_wconf 82' lang='lat' dir='ltr'>tis</span> <span class='ocrx_word' id='word_1_681' title='bbox 533 4459 698 4528; x_wconf 81' lang='lat' dir='ltr'><strong>ﬁgura</strong></span> <span class='ocrx_word' id='word_1_682' title='bbox 731 4467 815 4512; x_wconf 88' lang='lat' dir='ltr'>est</span> <span class='ocrx_word' id='word_1_683' title='bbox 848 4473 861 4511; x_wconf 90' lang='lat'><strong>:</strong></span> <span class='ocrx_word' id='word_1_684' title='bbox 891 4467 946 4510; x_wconf 90' lang='lat' dir='ltr'><strong>at</strong></span> <span class='ocrx_word' id='word_1_685' title='bbox 986 4459 1170 4512; x_wconf 89' lang='lat' dir='ltr'><strong>decem</strong></span> <span class='ocrx_word' id='word_1_686' title='bbox 1196 4467 1251 4511; x_wconf 90' lang='lat' dir='ltr'><strong>et</strong></span> <span class='ocrx_word' id='word_1_687' title='bbox 1283 4467 1406 4510; x_wconf 90' lang='lat' dir='ltr'><strong>octo</strong></span> <span class='ocrx_word' id='word_1_688' title='bbox 1441 4456 1538 4522; x_wconf 90' lang='lat' dir='ltr'><strong>illi,</strong></span> <span class='ocrx_word' id='word_1_689' title='bbox 1586 4456 1750 4510; x_wconf 88' lang='lat' dir='ltr'><strong>totius</strong></span> <span class='ocrx_word' id='word_1_690' title='bbox 1794 4454 1995 4525; x_wconf 87' lang='lat' dir='ltr'><strong>pepuli.</strong></span> 
     </span>
    </p>
   </div>
   <div class='ocr_carea' id='block_1_92' title="bbox 2107 4448 3653 4531">
    <p class='ocr_par' dir='ltr' id='par_1_92' title="bbox 2108 4449 3653 4531">
     <span class='ocr_line' id='line_1_92' title="bbox 2108 4449 3653 4531; baseline -0.021 1"><span class='ocrx_word' id='word_1_691' title='bbox 2108 4459 2536 4530; x_wconf 76' lang='grc' dir='ltr'>συμϐησομένων</span> <span class='ocrx_word' id='word_1_692' title='bbox 2558 4461 2636 4531; x_wconf 84' lang='grc' dir='ltr'>τῷ</span> <span class='ocrx_word' id='word_1_693' title='bbox 2656 4460 2807 4530; x_wconf 81' lang='grc' dir='ltr'>λαῷ·</span> <span class='ocrx_word' id='word_1_694' title='bbox 2834 4460 2922 4513; x_wconf 79' lang='grc' dir='ltr'>διὰ</span> <span class='ocrx_word' id='word_1_695' title='bbox 2948 4463 3058 4530; x_wconf 83' lang='grc' dir='ltr'>γὰρ</span> <span class='ocrx_word' id='word_1_696' title='bbox 3082 4461 3188 4512; x_wconf 80' lang='grc' dir='ltr'>τῶν</span> <span class='ocrx_word' id='word_1_697' title='bbox 3225 4456 3346 4511; x_wconf 77' lang='grc' dir='ltr'>τότε</span> <span class='ocrx_word' id='word_1_698' title='bbox 3370 4449 3653 4523; x_wconf 69' lang='grc' dir='ltr'>ἀναιρεθέν-</span> 
     </span>
    </p>
   </div>
   <div class='ocr_carea' id='block_1_93' title="bbox 429 4538 2001 4616">
    <p class='ocr_par' dir='ltr' id='par_1_93' title="bbox 429 4538 2001 4616">
     <span class='ocr_line' id='line_1_93' title="bbox 429 4538 2001 4616; baseline -0.004 -10"><span class='ocrx_word' id='word_1_699' title='bbox 429 4551 562 4606; x_wconf 81' lang='lat' dir='ltr'><strong>Cum</strong></span> <span class='ocrx_word' id='word_1_700' title='bbox 591 4550 732 4604; x_wconf 87' lang='lat' dir='ltr'><strong>enim</strong></span> <span class='ocrx_word' id='word_1_701' title='bbox 763 4548 863 4604; x_wconf 87' lang='lat' dir='ltr'>sub</span> <span class='ocrx_word' id='word_1_702' title='bbox 899 4538 1019 4604; x_wconf 87' lang='lat' dir='ltr'><strong>Tito</strong></span> <span class='ocrx_word' id='word_1_703' title='bbox 1043 4549 1236 4602; x_wconf 77' lang='lat' dir='ltr'><strong>civitas</strong></span> <span class='ocrx_word' id='word_1_704' title='bbox 1258 4555 1462 4612; x_wconf 86' lang='lat' dir='ltr'><strong>rueret,</strong></span> <span class='ocrx_word' id='word_1_705' title='bbox 1487 4545 1663 4601; x_wconf 88' lang='lat' dir='ltr'><strong>omnis</strong></span> <span class='ocrx_word' id='word_1_706' title='bbox 1698 4547 1924 4616; x_wconf 88' lang='lat' dir='ltr'><strong>populus</strong></span> <span class='ocrx_word' id='word_1_707' title='bbox 1951 4547 2001 4600; x_wconf 92' lang='lat' dir='ltr'><strong>iu</strong></span> 
     </span>
    </p>
   </div>
   <div class='ocr_carea' id='block_1_94' title="bbox 431 4636 2005 4709">
    <p class='ocr_par' dir='ltr' id='par_1_94' title="bbox 431 4636 2005 4709">
     <span class='ocr_line' id='line_1_94' title="bbox 431 4636 2005 4709; baseline -0.004 -12"><span class='ocrx_word' id='word_1_708' title='bbox 431 4641 804 4697; x_wconf 85' lang='lat' dir='ltr'><strong>incredulitate</strong></span> <span class='ocrx_word' id='word_1_709' title='bbox 831 4637 1335 4709; x_wconf 83' lang='lat' dir='ltr'><strong>permanens-simul</strong></span> <span class='ocrx_word' id='word_1_710' title='bbox 1366 4638 1546 4706; x_wconf 90' lang='lat' dir='ltr'><strong>periit.</strong></span> <span class='ocrx_word' id='word_1_711' title='bbox 1576 4636 1656 4690; x_wconf 88' lang='lat' dir='ltr'><strong>Sit</strong></span> <span class='ocrx_word' id='word_1_712' title='bbox 1679 4647 1732 4691; x_wconf 90' lang='lat' dir='ltr'>et</span> <span class='ocrx_word' id='word_1_713' title='bbox 1772 4639 1874 4692; x_wconf 93' lang='lat' dir='ltr'>hoc</span> <span class='ocrx_word' id='word_1_714' title='bbox 1909 4652 2005 4690; x_wconf 87' lang='lat' dir='ltr'>no-</span> 
     </span>
    </p>
   </div>
   <div class='ocr_carea' id='block_1_95' title="bbox 431 4724 1997 4800">
    <p class='ocr_par' dir='ltr' id='par_1_95' title="bbox 431 4724 1997 4800">
     <span class='ocr_line' id='line_1_95' title="bbox 431 4724 1997 4800; baseline -0.004 -14"><span class='ocrx_word' id='word_1_715' title='bbox 431 4732 514 4786; x_wconf 93' lang='lat' dir='ltr'>bis</span> <span class='ocrx_word' id='word_1_716' title='bbox 540 4732 594 4785; x_wconf 89' lang='lat' dir='ltr'><strong>in</strong></span> <span class='ocrx_word' id='word_1_717' title='bbox 645 4731 732 4786; x_wconf 86' lang='lat' dir='ltr'>his</span> <span class='ocrx_word' id='word_1_718' title='bbox 759 4745 879 4800; x_wconf 69' lang='lat' dir='ltr'><strong>quae</strong></span> <span class='ocrx_word' id='word_1_719' title='bbox 923 4729 1166 4798; x_wconf 84' lang='lat' dir='ltr'><strong>quotidie</strong></span> <span class='ocrx_word' id='word_1_720' title='bbox 1196 4727 1475 4792; x_wconf 86' lang='lat' dir='ltr'><strong>eveniunt,</strong></span> <span class='ocrx_word' id='word_1_721' title='bbox 1512 4726 1830 4780; x_wconf 89' lang='lat' dir='ltr'><strong>admonitio.</strong></span> <span class='ocrx_word' id='word_1_722' title='bbox 1861 4724 1997 4780; x_wconf 88' lang='lat' dir='ltr'>Cum</span> 
     </span>
    </p>
   </div>
   <div class='ocr_carea' id='block_1_96' title="bbox 430 4819 2004 4894">
    <p class='ocr_par' dir='ltr' id='par_1_96' title="bbox 430 4819 2004 4894">
     <span class='ocr_line' id='line_1_96' title="bbox 430 4819 2004 4894; baseline -0.003 -18"><span class='ocrx_word' id='word_1_723' title='bbox 430 4825 574 4878; x_wconf 91' lang='lat' dir='ltr'><strong>enim</strong></span> <span class='ocrx_word' id='word_1_724' title='bbox 603 4824 822 4894; x_wconf 86' lang='lat' dir='ltr'><strong>quidam</strong></span> <span class='ocrx_word' id='word_1_725' title='bbox 870 4822 922 4876; x_wconf 91' lang='lat' dir='ltr'>in</span> <span class='ocrx_word' id='word_1_726' title='bbox 977 4822 1303 4876; x_wconf 88' lang='lat' dir='ltr'><strong>teutationes</strong></span> <span class='ocrx_word' id='word_1_727' title='bbox 1354 4819 1615 4883; x_wconf 83' lang='lat' dir='ltr'><strong>incidunt,</strong></span> <span class='ocrx_word' id='word_1_728' title='bbox 1652 4819 1808 4873; x_wconf 91' lang='lat' dir='ltr'><strong>nobis</strong></span> <span class='ocrx_word' id='word_1_729' title='bbox 1849 4829 2004 4874; x_wconf 78' lang='lat' dir='ltr'><strong>extra</strong></span> 
     </span>
    </p>
   </div>
   <div class='ocr_carea' id='block_1_97' title="bbox 433 4909 2006 4983">
    <p class='ocr_par' dir='ltr' id='par_1_97' title="bbox 433 4909 2006 4983">
     <span class='ocr_line' id='line_1_97' title="bbox 433 4909 2006 4983; baseline -0.001 -16"><span class='ocrx_word' id='word_1_730' title='bbox 433 4917 786 4968; x_wconf 89' lang='lat' dir='ltr'><strong>tentationem</strong></span> <span class='ocrx_word' id='word_1_731' title='bbox 830 4912 1040 4983; x_wconf 87' lang='lat' dir='ltr'><strong>positis,</strong></span> <span class='ocrx_word' id='word_1_732' title='bbox 1073 4927 1140 4964; x_wconf 88' lang='lat' dir='ltr'><strong>ne</strong></span> <span class='ocrx_word' id='word_1_733' title='bbox 1192 4925 1292 4965; x_wconf 86' lang='lat' dir='ltr'>nos</span> <span class='ocrx_word' id='word_1_734' title='bbox 1331 4909 1744 4964; x_wconf 88' lang='lat' dir='ltr'><strong>sollicitudinem</strong></span> <span class='ocrx_word' id='word_1_735' title='bbox 1803 4921 1858 4964; x_wconf 88' lang='lat' dir='ltr'><strong>et</strong></span> <span class='ocrx_word' id='word_1_736' title='bbox 1893 4925 2006 4965; x_wconf 86' lang='lat' dir='ltr'>me-</span> 
     </span>
    </p>
   </div>
   <div class='ocr_carea' id='block_1_98' title="bbox 433 4991 2006 5078">
    <p class='ocr_par' dir='ltr' id='par_1_98' title="bbox 433 4991 2006 5078">
     <span class='ocr_line' id='line_1_98' title="bbox 433 4991 2006 5078; baseline -0.001 -20"><span class='ocrx_word' id='word_1_737' title='bbox 433 5017 547 5061; x_wconf 92' lang='lat' dir='ltr'><strong>tum</strong></span> <span class='ocrx_word' id='word_1_738' title='bbox 574 5007 777 5078; x_wconf 86' lang='lat' dir='ltr'><strong>utjusti</strong></span> <span class='ocrx_word' id='word_1_739' title='bbox 819 4991 1341 5076; x_wconf 61' lang='lat' dir='ltr'><strong>abjiciamus,qua‘si</strong></span> <span class='ocrx_word' id='word_1_740' title='bbox 1397 5011 1652 5070; x_wconf 86' lang='lat' dir='ltr'><strong>tanquam</strong></span> <span class='ocrx_word' id='word_1_741' title='bbox 1697 4999 1829 5070; x_wconf 82' lang='lat' dir='ltr'><strong>justi</strong></span> <span class='ocrx_word' id='word_1_742' title='bbox 1898 5016 2006 5056; x_wconf 91' lang='lat' dir='ltr'><strong>non</strong></span> 
     </span>
    </p>
   </div>
   <div class='ocr_carea' id='block_1_99' title="bbox 433 5091 2008 5162">
    <p class='ocr_par' dir='ltr' id='par_1_99' title="bbox 433 5091 2008 5162">
     <span class='ocr_line' id='line_1_99' title="bbox 433 5091 2008 5162; baseline -0.003 -12"><span class='ocrx_word' id='word_1_743' title='bbox 433 5099 604 5151; x_wconf 87' lang='lat' dir='ltr'><strong>simus</strong></span> <span class='ocrx_word' id='word_1_744' title='bbox 635 5096 854 5151; x_wconf 76' lang='lat' dir='ltr'><strong>obnoxii</strong></span> <span class='ocrx_word' id='word_1_745' title='bbox 889 5112 902 5149; x_wconf 91' lang='lat'><strong>:</strong></span> <span class='ocrx_word' id='word_1_746' title='bbox 928 5095 1021 5150; x_wconf 88' lang='lat' dir='ltr'>sed</span> <span class='ocrx_word' id='word_1_747' title='bbox 1048 5109 1080 5148; x_wconf 81' lang='lat' dir='ltr'>e</span> <span class='ocrx_word' id='word_1_748' title='bbox 1105 5094 1318 5148; x_wconf 86' lang='lat' dir='ltr'><strong>diverso</strong></span> <span class='ocrx_word' id='word_1_749' title='bbox 1348 5091 1522 5160; x_wconf 85' lang='lat' dir='ltr'><strong>magis</strong></span> <span class='ocrx_word' id='word_1_750' title='bbox 1549 5092 1842 5146; x_wconf 88' lang='lat' dir='ltr'><strong>doceamur</strong></span> <span class='ocrx_word' id='word_1_751' title='bbox 1864 5095 2008 5162; x_wconf 87' lang='lat' dir='ltr'><strong>quod</strong></span> 
     </span>
    </p>
   </div>
   <div class='ocr_carea' id='block_1_100' title="bbox 433 5182 2008 5264">
    <p class='ocr_par' dir='ltr' id='par_1_100' title="bbox 433 5182 2008 5264">
     <span class='ocr_line' id='line_1_100' title="bbox 433 5182 2008 5264; baseline -0.003 -22"><span class='ocrx_word' id='word_1_752' title='bbox 433 5188 488 5242; x_wconf 91' lang='lat' dir='ltr'><strong>in</strong></span> <span class='ocrx_word' id='word_1_753' title='bbox 523 5189 624 5242; x_wconf 87' lang='lat' dir='ltr'><strong>hoc</strong></span> <span class='ocrx_word' id='word_1_754' title='bbox 673 5188 965 5257; x_wconf 89' lang='lat' dir='ltr'><strong>puniantur</strong></span> <span class='ocrx_word' id='word_1_755' title='bbox 1010 5187 1107 5254; x_wconf 87' lang='lat' dir='ltr'><strong>illi,</strong></span> <span class='ocrx_word' id='word_1_756' title='bbox 1141 5195 1197 5240; x_wconf 92' lang='lat' dir='ltr'><strong>ut</strong></span> <span class='ocrx_word' id='word_1_757' title='bbox 1250 5185 1641 5264; x_wconf 44' lang='lat' dir='ltr'><strong>nospneliores</strong></span> <span class='ocrx_word' id='word_1_758' title='bbox 1673 5182 2008 5239; x_wconf 84' lang='lat' dir='ltr'><strong>elliciamur:</strong></span> 
     </span>
    </p>
   </div>
   <div class='ocr_carea' id='block_1_101' title="bbox 434 5278 2008 5351">
    <p class='ocr_par' dir='ltr' id='par_1_101' title="bbox 434 5278 2008 5351">
     <span class='ocr_line' id='line_1_101' title="bbox 434 5278 2008 5351; baseline 0.003 -21"><span class='ocrx_word' id='word_1_759' title='bbox 434 5281 575 5350; x_wconf 85' lang='lat' dir='ltr'><strong>quod</strong></span> <span class='ocrx_word' id='word_1_760' title='bbox 616 5280 660 5334; x_wconf 91' lang='lat' dir='ltr'>si</span> <span class='ocrx_word' id='word_1_761' title='bbox 685 5295 781 5335; x_wconf 88' lang='lat' dir='ltr'><strong>nos</strong></span> <span class='ocrx_word' id='word_1_762' title='bbox 805 5279 1137 5351; x_wconf 84' lang='lat' dir='ltr'><strong>negligentes</strong></span> <span class='ocrx_word' id='word_1_763' title='bbox 1170 5278 1456 5342; x_wconf 83' lang='lat' dir='ltr'><strong>fuerimus,</strong></span> <span class='ocrx_word' id='word_1_764' title='bbox 1494 5279 1766 5347; x_wconf 83' lang='lat' dir='ltr'><strong>patiemur</strong></span> <span class='ocrx_word' id='word_1_765' title='bbox 1799 5283 2008 5348; x_wconf 79' lang='lat' dir='ltr'><strong>gravis-</strong></span> 
     </span>
    </p>
   </div>
   <div class='ocr_carea' id='block_1_102' title="bbox 432 5387 592 5428">
    <p class='ocr_par' dir='ltr' id='par_1_102' title="bbox 432 5387 592 5428">
     <span class='ocr_line' id='line_1_102' title="bbox 432 5387 592 5428; baseline -0.038 0"><span class='ocrx_word' id='word_1_766' title='bbox 432 5387 592 5428; x_wconf 82' lang='lat' dir='ltr'><strong>snua.</strong></span> 
     </span>
    </p>
   </div>
   <div class='ocr_carea' id='block_1_103' title="bbox 2105 4539 3653 4620">
    <p class='ocr_par' dir='ltr' id='par_1_103' title="bbox 2105 4539 3653 4620">
     <span class='ocr_line' id='line_1_103' title="bbox 2105 4539 3653 4620; baseline -0.009 -16"><span class='ocrx_word' id='word_1_767' title='bbox 2105 4569 2213 4606; x_wconf 89' lang='grc' dir='ltr'>των</span> <span class='ocrx_word' id='word_1_768' title='bbox 2242 4552 2437 4620; x_wconf 84' lang='grc' dir='ltr'>ὀλίγων</span> <span class='ocrx_word' id='word_1_769' title='bbox 2464 4552 2586 4614; x_wconf 76' lang='grc' dir='ltr'>τοὺς</span> <span class='ocrx_word' id='word_1_770' title='bbox 2626 4551 2853 4613; x_wconf 71' lang='grc' dir='ltr'>πολλοὺς</span> <span class='ocrx_word' id='word_1_771' title='bbox 2891 4551 3234 4609; x_wconf 72' lang='grc' dir='ltr'>ἐπαίδευσεν,</span> <span class='ocrx_word' id='word_1_772' title='bbox 3273 4545 3358 4598; x_wconf 82' lang='grc' dir='ltr'>ὅτι</span> <span class='ocrx_word' id='word_1_773' title='bbox 3410 4546 3498 4597; x_wconf 69' lang='grc' dir='ltr'>καὶ</span> <span class='ocrx_word' id='word_1_774' title='bbox 3524 4539 3653 4596; x_wconf 77' lang='grc' dir='ltr'>αὐτοὶ</span> 
     </span>
    </p>
   </div>
   <div class='ocr_carea' id='block_1_104' title="bbox 2102 4631 3650 4714">
    <p class='ocr_par' dir='ltr' id='par_1_104' title="bbox 2102 4631 3650 4714">
     <span class='ocr_line' id='line_1_104' title="bbox 2102 4631 3650 4714; baseline -0.008 -18"><span class='ocrx_word' id='word_1_775' title='bbox 2102 4642 2172 4696; x_wconf 80' lang='grc' dir='ltr'>τὰ</span> <span class='ocrx_word' id='word_1_776' title='bbox 2202 4642 2370 4714; x_wconf 89' lang='grc' dir='ltr'>χείρω</span> <span class='ocrx_word' id='word_1_777' title='bbox 2408 4641 2681 4696; x_wconf 82' lang='grc' dir='ltr'>πείσονται</span> <span class='ocrx_word' id='word_1_778' title='bbox 2719 4658 2733 4672; x_wconf 76' lang='grc' dir='ltr'><strong><em>ο</em></strong></span> <span class='ocrx_word' id='word_1_779' title='bbox 2755 4642 2783 4693; x_wconf 79' lang='grc' dir='ltr'>ό</span> <span class='ocrx_word' id='word_1_780' title='bbox 2814 4641 3036 4711; x_wconf 79' lang='grc' dir='ltr'>μὲνγὰρ</span> <span class='ocrx_word' id='word_1_781' title='bbox 3073 4637 3279 4707; x_wconf 83' lang='grc' dir='ltr'>πύργος</span> <span class='ocrx_word' id='word_1_782' title='bbox 3312 4636 3412 4706; x_wconf 77' lang='grc' dir='ltr'>τῆς</span> <span class='ocrx_word' id='word_1_783' title='bbox 3429 4636 3546 4704; x_wconf 74' lang='grc' dir='ltr'>ὅλης</span> <span class='ocrx_word' id='word_1_784' title='bbox 3570 4631 3650 4684; x_wconf 83' lang='grc' dir='ltr'>πό-</span> 
     </span>
    </p>
   </div>
   <div class='ocr_carea' id='block_1_105' title="bbox 2105 4725 3648 4804">
    <p class='ocr_par' dir='ltr' id='par_1_105' title="bbox 2105 4725 3648 4804">
     <span class='ocr_line' id='line_1_105' title="bbox 2105 4725 3648 4804; baseline -0.008 -16"><span class='ocrx_word' id='word_1_785' title='bbox 2105 4735 2244 4798; x_wconf 86' lang='grc' dir='ltr'>λεως</span> <span class='ocrx_word' id='word_1_786' title='bbox 2277 4736 2394 4788; x_wconf 70' lang='grc' dir='ltr'>ἐστὶ</span> <span class='ocrx_word' id='word_1_787' title='bbox 2416 4733 2787 4804; x_wconf 86' lang='grc' dir='ltr'>προτύπωσις,</span> <span class='ocrx_word' id='word_1_788' title='bbox 2829 4735 2879 4787; x_wconf 85' lang='grc' dir='ltr'>οἱ</span> <span class='ocrx_word' id='word_1_789' title='bbox 2911 4733 2969 4786; x_wconf 83' lang='grc' dir='ltr'>δὲ</span> <span class='ocrx_word' id='word_1_790' title='bbox 2991 4732 3122 4784; x_wconf 77' lang='grc' dir='ltr'>δέκα</span> <span class='ocrx_word' id='word_1_791' title='bbox 3145 4730 3240 4782; x_wconf 69' lang='grc' dir='ltr'>καὶ</span> <span class='ocrx_word' id='word_1_792' title='bbox 3265 4730 3410 4782; x_wconf 84' lang='grc' dir='ltr'>ὀκτὼ</span> <span class='ocrx_word' id='word_1_793' title='bbox 3434 4727 3520 4780; x_wconf 71' lang='grc' dir='ltr'>τοῦ</span> <span class='ocrx_word' id='word_1_794' title='bbox 3549 4725 3648 4778; x_wconf 75' lang='grc' dir='ltr'>ὅλου</span> 
     </span>
    </p>
   </div>
   <div class='ocr_carea' id='block_1_106' title="bbox 2107 4818 3648 4898">
    <p class='ocr_par' dir='ltr' id='par_1_106' title="bbox 2107 4818 3648 4898">
     <span class='ocr_line' id='line_1_106' title="bbox 2107 4818 3648 4898; baseline -0.008 -18"><span class='ocrx_word' id='word_1_795' title='bbox 2107 4827 2315 4890; x_wconf 76' lang='grc' dir='ltr'>ἔθνους.</span> <span class='ocrx_word' id='word_1_796' title='bbox 2354 4826 2632 4898; x_wconf 80' lang='grc' dir='ltr'>Πεσούσης</span> <span class='ocrx_word' id='word_1_797' title='bbox 2673 4823 2765 4881; x_wconf 85' lang='grc' dir='ltr'>οὖν</span> <span class='ocrx_word' id='word_1_798' title='bbox 2808 4826 2906 4896; x_wconf 84' lang='grc' dir='ltr'>τῆς</span> <span class='ocrx_word' id='word_1_799' title='bbox 2951 4823 3160 4885; x_wconf 85' lang='grc' dir='ltr'>πόλεως</span> <span class='ocrx_word' id='word_1_800' title='bbox 3211 4823 3318 4875; x_wconf 74' lang='grc' dir='ltr'>ὑπὸ</span> <span class='ocrx_word' id='word_1_801' title='bbox 3356 4822 3530 4883; x_wconf 86' lang='grc' dir='ltr'>Τίτου,</span> <span class='ocrx_word' id='word_1_802' title='bbox 3562 4818 3648 4870; x_wconf 78' lang='grc' dir='ltr'>πᾶν</span> 
     </span>
    </p>
   </div>
   <div class='ocr_carea' id='block_1_107' title="bbox 2108 4914 3649 4988">
    <p class='ocr_par' dir='ltr' id='par_1_107' title="bbox 2108 4914 3649 4988">
     <span class='ocr_line' id='line_1_107' title="bbox 2108 4914 3649 4988; baseline -0.006 -16"><span class='ocrx_word' id='word_1_803' title='bbox 2108 4920 2170 4972; x_wconf 76' lang='grc' dir='ltr'>τὸ</span> <span class='ocrx_word' id='word_1_804' title='bbox 2219 4919 2370 4982; x_wconf 73' lang='grc' dir='ltr'>ἔθνος</span> <span class='ocrx_word' id='word_1_805' title='bbox 2418 4919 2770 4972; x_wconf 84' lang='grc' dir='ltr'>συναπώλετο</span> <span class='ocrx_word' id='word_1_806' title='bbox 2819 4921 2886 4988; x_wconf 80' lang='grc' dir='ltr'>τῇ</span> <span class='ocrx_word' id='word_1_807' title='bbox 2939 4915 3169 4986; x_wconf 74' lang='grc' dir='ltr'>ἀπιστίᾳ</span> <span class='ocrx_word' id='word_1_808' title='bbox 3212 4914 3649 4984; x_wconf 81' lang='grc' dir='ltr'>ὲναπομεὶναντες.</span> 
     </span>
    </p>
   </div>
   <div class='ocr_carea' id='block_1_108' title="bbox 2107 5007 3652 5083">
    <p class='ocr_par' dir='ltr' id='par_1_108' title="bbox 2107 5007 3652 5083">
     <span class='ocr_line' id='line_1_108' title="bbox 2107 5007 3652 5083; baseline -0.01 -17"><span class='ocrx_word' id='word_1_809' title='bbox 2107 5009 2280 5066; x_wconf 80' lang='grc' dir='ltr'>Τοῦτο</span> <span class='ocrx_word' id='word_1_810' title='bbox 2307 5011 2450 5065; x_wconf 81' lang='grc' dir='ltr'>ἔστω</span> <span class='ocrx_word' id='word_1_811' title='bbox 2485 5013 2616 5082; x_wconf 77' lang='grc' dir='ltr'>ἡμῖν</span> <span class='ocrx_word' id='word_1_812' title='bbox 2645 5011 2784 5083; x_wconf 73' lang='grc' dir='ltr'>πρὸς</span> <span class='ocrx_word' id='word_1_813' title='bbox 2818 5011 2997 5063; x_wconf 85' lang='grc' dir='ltr'>πάντα</span> <span class='ocrx_word' id='word_1_814' title='bbox 3020 5007 3089 5060; x_wconf 82' lang='grc' dir='ltr'>τὰ</span> <span class='ocrx_word' id='word_1_815' title='bbox 3130 5007 3252 5059; x_wconf 85' lang='grc' dir='ltr'>καθ’</span> <span class='ocrx_word' id='word_1_816' title='bbox 3281 5007 3487 5078; x_wconf 76' lang='grc' dir='ltr'>ἡμέραν</span> <span class='ocrx_word' id='word_1_817' title='bbox 3515 5013 3652 5073; x_wconf 72' lang='grc' dir='ltr'>πρεσ-</span> 
     </span>
    </p>
   </div>
   <div class='ocr_carea' id='block_1_109' title="bbox 2113 5089 3651 5172">
    <p class='ocr_par' dir='ltr' id='par_1_109' title="bbox 2113 5089 3651 5172">
     <span class='ocr_line' id='line_1_109' title="bbox 2113 5089 3651 5172; baseline -0.008 -15"><span class='ocrx_word' id='word_1_818' title='bbox 2113 5104 2380 5158; x_wconf 84' lang='grc' dir='ltr'>πίπτοντα</span> <span class='ocrx_word' id='word_1_819' title='bbox 2437 5103 2712 5158; x_wconf 85' lang='grc' dir='ltr'>νουθεσία.</span> <span class='ocrx_word' id='word_1_820' title='bbox 2766 5101 2852 5172; x_wconf 76' lang='grc' dir='ltr'>Μὴ</span> <span class='ocrx_word' id='word_1_821' title='bbox 2912 5101 3022 5172; x_wconf 82' lang='grc' dir='ltr'>γὰρ</span> <span class='ocrx_word' id='word_1_822' title='bbox 3060 5100 3246 5169; x_wconf 76' lang='grc' dir='ltr'>ἐπειδή</span> <span class='ocrx_word' id='word_1_823' title='bbox 3290 5115 3434 5160; x_wconf 87' lang='grc' dir='ltr'>τινες</span> <span class='ocrx_word' id='word_1_824' title='bbox 3477 5089 3651 5165; x_wconf 80' lang='grc' dir='ltr'>περιπί-</span> 
     </span>
    </p>
   </div>
   <div class='ocr_carea' id='block_1_110' title="bbox 2114 5187 3645 5264">
    <p class='ocr_par' dir='ltr' id='par_1_110' title="bbox 2114 5187 3645 5264">
     <span class='ocr_line' id='line_1_110' title="bbox 2114 5187 3645 5264; baseline -0.005 -17"><span class='ocrx_word' id='word_1_825' title='bbox 2114 5210 2384 5258; x_wconf 84' lang='grc' dir='ltr'>πτουσιν,</span> <span class='ocrx_word' id='word_1_826' title='bbox 2440 5193 2599 5264; x_wconf 70' lang='grc' dir='ltr'>ἡμῶν</span> <span class='ocrx_word' id='word_1_827' title='bbox 2653 5193 3008 5261; x_wconf 82' lang='grc' dir='ltr'>ἀπειράστων</span> <span class='ocrx_word' id='word_1_828' title='bbox 3073 5187 3645 5258; x_wconf 72' lang='grc' dir='ltr'>καταλιμπανομένωνο</span> 
     </span>
    </p>
   </div>
   <div class='ocr_carea' id='block_1_111' title="bbox 2108 5274 3644 5355">
    <p class='ocr_par' dir='ltr' id='par_1_111' title="bbox 2108 5274 3644 5355">
     <span class='ocr_line' id='line_1_111' title="bbox 2108 5274 3644 5355; baseline -0.007 -18"><span class='ocrx_word' id='word_1_829' title='bbox 2108 5285 2212 5355; x_wconf 69' lang='grc' dir='ltr'>ήδη</span> <span class='ocrx_word' id='word_1_830' title='bbox 2259 5285 2417 5338; x_wconf 78' lang='grc' dir='ltr'>τοῦτο</span> <span class='ocrx_word' id='word_1_831' title='bbox 2448 5288 2582 5355; x_wconf 81' lang='grc' dir='ltr'>ἡμῖν</span> <span class='ocrx_word' id='word_1_832' title='bbox 2633 5285 2714 5346; x_wconf 86' lang='grc' dir='ltr'>είς</span> <span class='ocrx_word' id='word_1_833' title='bbox 2762 5283 3097 5353; x_wconf 81' lang='grc' dir='ltr'>ἀμεριμνίαν</span> <span class='ocrx_word' id='word_1_834' title='bbox 3135 5281 3373 5349; x_wconf 84' lang='grc' dir='ltr'>παντελῆ</span> <span class='ocrx_word' id='word_1_835' title='bbox 3415 5280 3559 5341; x_wconf 79' lang='grc' dir='ltr'>ἔστω,</span> <span class='ocrx_word' id='word_1_836' title='bbox 3585 5274 3644 5325; x_wconf 80' lang='grc' dir='ltr'>ὅτι</span> 
     </span>
    </p>
   </div>
   <div class='ocr_carea' id='block_1_112' title="bbox 2115 5365 3644 5447">
    <p class='ocr_par' dir='ltr' id='par_1_112' title="bbox 2115 5365 3644 5447">
     <span class='ocr_line' id='line_1_112' title="bbox 2115 5365 3644 5447; baseline -0.007 -20"><span class='ocrx_word' id='word_1_837' title='bbox 2115 5375 2187 5438; x_wconf 87' lang='grc' dir='ltr'>ὡς</span> <span class='ocrx_word' id='word_1_838' title='bbox 2216 5377 2413 5429; x_wconf 83' lang='grc' dir='ltr'>δίκαιοι</span> <span class='ocrx_word' id='word_1_839' title='bbox 2439 5376 2764 5447; x_wconf 80' lang='grc' dir='ltr'>ἁπείραστοι</span> <span class='ocrx_word' id='word_1_840' title='bbox 2798 5373 3355 5444; x_wconf 86' lang='grc' dir='ltr'>καταλιμπανόμεθα,</span> <span class='ocrx_word' id='word_1_841' title='bbox 3394 5372 3520 5424; x_wconf 83' lang='grc' dir='ltr'>ἀλλά</span> <span class='ocrx_word' id='word_1_842' title='bbox 3549 5365 3644 5420; x_wconf 76' lang='grc' dir='ltr'>τού-</span> 
     </span>
    </p>
   </div>
   <div class='ocr_carea' id='block_1_113' title="bbox 430 5455 3644 5537">
    <p class='ocr_par' dir='ltr' id='par_1_113' title="bbox 430 5455 3644 5537">
     <span class='ocr_line' id='line_1_113' title="bbox 430 5455 3644 5537; baseline 0 -21"><span class='ocrx_word' id='word_1_843' title='bbox 430 5461 644 5518; x_wconf 79' lang='grc' dir='ltr'>ναντίον</span> <span class='ocrx_word' id='word_1_844' title='bbox 670 5460 867 5528; x_wconf 81' lang='grc' dir='ltr'>μᾶλλον</span> <span class='ocrx_word' id='word_1_845' title='bbox 900 5460 1283 5532; x_wconf 81' lang='grc' dir='ltr'>παιδευόμεθα,</span> <span class='ocrx_word' id='word_1_846' title='bbox 1313 5464 1394 5517; x_wconf 78' lang='grc' dir='ltr'>δτι</span> <span class='ocrx_word' id='word_1_847' title='bbox 1435 5464 1528 5517; x_wconf 76' lang='grc' dir='ltr'>ἐπὶ</span> <span class='ocrx_word' id='word_1_848' title='bbox 1589 5463 1763 5533; x_wconf 85' lang='grc' dir='ltr'>τούτῳ</span> <span class='ocrx_word' id='word_1_849' title='bbox 1798 5462 2114 5527; x_wconf 75' lang='grc' dir='ltr'>κολάζονται</span> <span class='ocrx_word' id='word_1_850' title='bbox 2173 5467 2393 5531; x_wconf 82' lang='grc' dir='ltr'>ἐκεῖνοι,</span> <span class='ocrx_word' id='word_1_851' title='bbox 2422 5467 2508 5520; x_wconf 80' lang='grc' dir='ltr'>ἵνα</span> <span class='ocrx_word' id='word_1_852' title='bbox 2560 5468 2722 5537; x_wconf 78' lang='grc' dir='ltr'>ἡμεῖς</span> <span class='ocrx_word' id='word_1_853' title='bbox 2777 5466 3180 5536; x_wconf 80' lang='grc' dir='ltr'>βελτιωθῶμεν,</span> <span class='ocrx_word' id='word_1_854' title='bbox 3244 5468 3292 5516; x_wconf 84' lang='grc' dir='ltr'>εί</span> <span class='ocrx_word' id='word_1_855' title='bbox 3331 5464 3386 5517; x_wconf 76' lang='grc' dir='ltr'>δὲ</span> <span class='ocrx_word' id='word_1_856' title='bbox 3429 5462 3497 5533; x_wconf 77' lang='grc' dir='ltr'>μὴ</span> <span class='ocrx_word' id='word_1_857' title='bbox 3523 5501 3535 5523; x_wconf 91' lang='grc'>,</span> <span class='ocrx_word' id='word_1_858' title='bbox 3593 5455 3644 5508; x_wconf 64' lang='grc' dir='ltr'>τά</span> 
     </span>
    </p>
   </div>
   <div class='ocr_carea' id='block_1_114' title="bbox 430 5556 1039 5633">
    <p class='ocr_par' dir='ltr' id='par_1_114' title="bbox 430 5556 1039 5633">
     <span class='ocr_line' id='line_1_114' title="bbox 430 5556 1039 5633; baseline -0.005 -21"><span class='ocrx_word' id='word_1_859' title='bbox 430 5559 680 5633; x_wconf 85' lang='grc' dir='ltr'>χείριστα</span> <span class='ocrx_word' id='word_1_860' title='bbox 717 5556 1039 5628; x_wconf 85' lang='grc' dir='ltr'>πεισόμεθα.</span> 
     </span>
    </p>
   </div>
   <div class='ocr_carea' id='block_1_115' title="bbox 507 5650 2002 5710">
    <p class='ocr_par' dir='ltr' id='par_1_115' title="bbox 507 5650 2002 5710">
     <span class='ocr_line' id='line_1_115' title="bbox 507 5650 2002 5710; baseline 0 -4"><span class='ocrx_word' id='word_1_861' title='bbox 507 5653 669 5707; x_wconf 74' lang='lat' dir='ltr'><strong>Vsus.</strong></span> <span class='ocrx_word' id='word_1_862' title='bbox 709 5650 825 5706; x_wconf 79' lang='lat'><strong>6-9.</strong></span> <span class='ocrx_word' id='word_1_863' title='bbox 867 5669 887 5703; x_wconf 77' lang='grc' dir='ltr'>ι</span> <span class='ocrx_word' id='word_1_864' title='bbox 926 5650 1145 5706; x_wconf 88' lang='lat' dir='ltr'><strong>Dicebat</strong></span> <span class='ocrx_word' id='word_1_865' title='bbox 1169 5661 1224 5706; x_wconf 89' lang='lat' dir='ltr'><strong>et</strong></span> <span class='ocrx_word' id='word_1_866' title='bbox 1247 5651 1386 5706; x_wconf 86' lang='lat' dir='ltr'><strong>hanc</strong></span> <span class='ocrx_word' id='word_1_867' title='bbox 1424 5651 1868 5710; x_wconf 83' lang='lat' dir='ltr'><strong>similitudinem:</strong></span> <span class='ocrx_word' id='word_1_868' title='bbox 1901 5653 2002 5706; x_wconf 80' lang='lat' dir='ltr'>Ar-</span> 
     </span>
    </p>
   </div>
   <div class='ocr_carea' id='block_1_116' title="bbox 431 5745 2004 5816">
    <p class='ocr_par' dir='ltr' id='par_1_116' title="bbox 431 5745 2004 5816">
     <span class='ocr_line' id='line_1_116' title="bbox 431 5745 2004 5816; baseline -0.001 -15"><span class='ocrx_word' id='word_1_869' title='bbox 431 5746 616 5802; x_wconf 79' lang='lat' dir='ltr'><strong>berem</strong></span> <span class='ocrx_word' id='word_1_870' title='bbox 640 5745 726 5801; x_wconf 78' lang='lat' dir='ltr'><strong>ﬁci</strong></span> <span class='ocrx_word' id='word_1_871' title='bbox 779 5745 1007 5801; x_wconf 85' lang='lat' dir='ltr'><strong>habebat</strong></span> <span class='ocrx_word' id='word_1_872' title='bbox 1032 5745 1252 5816; x_wconf 86' lang='lat' dir='ltr'><strong>quidam</strong></span> <span class='ocrx_word' id='word_1_873' title='bbox 1282 5746 1578 5816; x_wconf 83' lang='lat' dir='ltr'><strong>plantatam</strong></span> <span class='ocrx_word' id='word_1_874' title='bbox 1606 5746 1660 5800; x_wconf 90' lang='lat' dir='ltr'><strong>in</strong></span> <span class='ocrx_word' id='word_1_875' title='bbox 1697 5745 1849 5802; x_wconf 84' lang='lat' dir='ltr'><strong>vinea</strong></span> <span class='ocrx_word' id='word_1_876' title='bbox 1882 5760 2004 5813; x_wconf 85' lang='lat' dir='ltr'><strong>sua,</strong></span> 
     </span>
    </p>
   </div>
   <div class='ocr_carea' id='block_1_117' title="bbox 2184 5638 3641 5721">
    <p class='ocr_par' dir='ltr' id='par_1_117' title="bbox 2184 5638 3641 5721">
     <span class='ocr_line' id='line_1_117' title="bbox 2184 5638 3641 5721; baseline -0.004 -17"><span class='ocrx_word' id='word_1_877' title='bbox 2184 5671 2204 5704; x_wconf 76' lang='grc' dir='ltr'>ι</span> <span class='ocrx_word' id='word_1_878' title='bbox 2233 5652 2428 5720; x_wconf 82' lang='grc' dir='ltr'>Ἔλεγε</span> <span class='ocrx_word' id='word_1_879' title='bbox 2453 5650 2508 5704; x_wconf 81' lang='grc' dir='ltr'>δὲ</span> <span class='ocrx_word' id='word_1_880' title='bbox 2538 5650 2744 5721; x_wconf 82' lang='grc' dir='ltr'>ταύτην</span> <span class='ocrx_word' id='word_1_881' title='bbox 2758 5649 2857 5721; x_wconf 77' lang='grc' dir='ltr'>τὴν</span> <span class='ocrx_word' id='word_1_882' title='bbox 2879 5648 3200 5719; x_wconf 75' lang='grc' dir='ltr'>παραϐολήν</span> <span class='ocrx_word' id='word_1_883' title='bbox 3220 5665 3235 5678; x_wconf 74' lang='grc' dir='ltr'><strong><em>ο</em></strong></span> <span class='ocrx_word' id='word_1_884' title='bbox 3252 5646 3440 5717; x_wconf 58' lang='grc' dir='ltr'>ὁΣυκῆν</span> <span class='ocrx_word' id='word_1_885' title='bbox 3464 5638 3559 5712; x_wconf 82' lang='grc' dir='ltr'>εῐχέ</span> <span class='ocrx_word' id='word_1_886' title='bbox 3576 5651 3641 5698; x_wconf 81' lang='grc' dir='ltr'>τις</span> 
     </span>
    </p>
   </div>
   <div class='ocr_carea' id='block_1_118' title="bbox 2118 5727 3638 5814">
    <p class='ocr_par' dir='ltr' id='par_1_118' title="bbox 2118 5727 3638 5814">
     <span class='ocr_line' id='line_1_118' title="bbox 2118 5727 3638 5814; baseline -0.003 -17"><span class='ocrx_word' id='word_1_887' title='bbox 2118 5745 2174 5797; x_wconf 81' lang='grc' dir='ltr'>ὲν</span> <span class='ocrx_word' id='word_1_888' title='bbox 2205 5742 2282 5814; x_wconf 81' lang='grc' dir='ltr'>τῷ</span> <span class='ocrx_word' id='word_1_889' title='bbox 2304 5741 2588 5812; x_wconf 81' lang='grc' dir='ltr'>ἀμπελῶνι</span> <span class='ocrx_word' id='word_1_890' title='bbox 2619 5739 2782 5795; x_wconf 74' lang='grc' dir='ltr'>αὐτοῦ</span> <span class='ocrx_word' id='word_1_891' title='bbox 2813 5739 3256 5811; x_wconf 80' lang='grc' dir='ltr'>πεφυτευμένην,</span> <span class='ocrx_word' id='word_1_892' title='bbox 3282 5735 3374 5791; x_wconf 81' lang='grc' dir='ltr'>καὶ</span> <span class='ocrx_word' id='word_1_893' title='bbox 3397 5733 3513 5808; x_wconf 84' lang='grc' dir='ltr'>ἦλθε</span> <span class='ocrx_word' id='word_1_894' title='bbox 3562 5727 3638 5795; x_wconf 72' lang='grc' dir='ltr'>ξηο</span> 
     </span>
    </p>
   </div>
  </div>
