3896 6452
194 422 292 485 913

821 425 1264 487 ENARRATIO
1304 425 1387 485 ΙΝ
1428 423 1927 488 EVANGELIUM
1975 429 2208 491 LUC.E.
2240 456 2303 466 —
2331 433 2489 495 CAP.
2521 434 2694 511 XIII.

3333 432 3441 500 914

193 532 294 586 τῶν
338 532 557 605 καρπὸν
610 536 667 588 ἐν
712 536 872 608 αὐτῇ,
902 540 993 592 καὶ
1016 541 1115 611 οὐχ
1151 535 1314 611 εὗρεν
1345 560 1357 573 ·
1390 537 1512 597 εἶπε
1537 542 1594 596 δὲ
1630 541 1766 613 πρὸς

1878 555 1919 597 et
1948 546 2096 605 venit
2125 560 2373 616 quzerens
2419 548 2655 604 fructum
2707 548 2761 605 in
2818 550 2932 620 illa,
2960 560 3016 607 et
3061 567 3168 608 non
3213 551 3440 608 invenit.

195 625 280 678 τὸν
305 625 724 697 ἀμπελουργόν
786 621 917 684 Ἰδοὺ
962 632 1090 702 τρία
1138 632 1230 704 ἐτη
1298 628 1531 706 ἔρχομαι
1589 632 1767 704 ζητῶν

197 715 402 786 καρπὸν
434 716 494 769 ἐν
540 720 604 787 τῇ
638 721 775 790 συκῇ
808 720 1002 792 ταύτῃ,
1028 725 1123 778 καὶ
1159 724 1257 796 οὐχ
1307 725 1576 798 εὑρίσκωο
1608 726 1767 779 ἔκκοο

193 808 291 876 ψιιν
353 808 551 881 αὐτὴν,
584 810 667 864 ἴνα
721 813 774 866 τί
819 815 915 869 καὶ
957 815 1057 886 τὴν
1115 818 1218 887 γῆν
1271 822 1569 891 καταργεϊς
1604 821 1663 873 Ὀ
1713 820 1770 873 δὲ

195 899 518 970 ἀποκριθεὶς
575 902 723 971 λέγει
790 905 1220 977 αύτῴοεΚύριε,
1255 909 1392 980 ἄφες
1448 911 1620 983 αὐτὴν
1670 913 1768 965 καὶ

197 989 351 1042 τοῦτο
390 990 455 1043 τὸ
518 992 656 1057 ἔτος,
696 994 801 1059 ἕως
855 997 976 1050 ὅτου
1020 1000 1213 1069 σκάψω
1264 1002 1395 1073 περὶ
1453 1002 1625 1076 αὐτὴν
1674 1004 1770 1058 καὶ

199 1080 341 1151 βαλῶ
402 1083 607 1153 κοπρίᾳ
643 1124 660 1148 ,
726 1087 829 1140 κᾶν
892 1087 992 1158 μὲν
1041 1093 1245 1165 ποιήσῃ
1304 1094 1517 1166 καρπόν
1550 1112 1566 1127 ·
1609 1096 1658 1149 εί
1713 1096 1771 1149 δὲ

199 1174 361 1245 μήγε,
421 1176 506 1240 είς
542 1176 602 1230 τὸ
653 1177 851 1248 μέλλον
899 1181 1155 1253 ἐκκόψεις
1198 1186 1391 1258 αὐτήν.
1432 1205 1453 1239 ι
1516 1187 1769 1242 Ἀκολού-

196 1265 299 1330 θως
357 1268 572 1336 εἰσάγει
609 1269 710 1341 τὴν
768 1272 1091 1345 παραδολὴν
1143 1275 1349 1350 ταύτην
1381 1292 1395 1307 ·
1428 1279 1621 1350 ἐπειδὴ
1663 1278 1770 1348 γὰρ

195 1353 363 1422 εἶπεν,
407 1360 495 1413 ὅτι
541 1361 667 1414 Ἐὰν
720 1361 794 1435 μὴ
831 1369 1199 1438 μετανοήσητε
1235 1409 1253 1437 ,
1301 1369 1588 1424 ἀπολεῖσθε
1612 1411 1628 1435 ,
1680 1371 1771 1423 Ei-

194 1452 364 1514 κότως
419 1451 782 1509 ἐπισυνάπτει
805 1456 907 1527 τὴν
960 1459 1277 1532 παραϐολὴν
1310 1461 1535 1533 ταύτην.
1583 1462 1770 1516 Ἔστιν

195 1542 283 1597 οὖν
315 1545 455 1612 συκῆ
493 1547 527 1616 ἠ
564 1547 728 1615 γενεὰ
757 1548 868 1603 τῶν
909 1550 1180 1606 Ἰουδαίων
1223 1553 1401 1625 φύλλα
1434 1555 1569 1626 μόνα
1600 1554 1772 1627 πικρά

194 1634 445 1701 ποιοῦσα,
485 1639 701 1709 καρπὸν
745 1641 803 1695 δὲ
848 1643 925 1713 μὴ
975 1645 1317 1717 παρέχουσα.
1364 1649 1451 1702 Ἐν
1480 1647 1557 1720 τῷ
1587 1650 1771 1719 ἀμπε-

196 1729 318 1782 λῶνι
346 1729 404 1782 δὲ
437 1730 532 1783 τοῦ
572 1730 708 1785 Θεοῦ
741 1733 948 1799 ἵστατο,
987 1738 1054 1808 τῆ
1094 1736 1337 1809 πολιτείᾳ.
1371 1742 1438 1810 τῇ
1481 1741 1769 1814 Ἰουδαϊκῇ.

205 1818 262 1874 ὐ
290 1822 683 1894 οίκοδεσπότης
731 1825 761 1877 6
797 1827 1033 1894 Χριστὸς
1069 1827 1265 1895 ἐλθὼν,
1294 1832 1389 1884 καὶ
1422 1831 1602 1902 ζητῶν
1633 1848 1772 1902 καρ-

199 1910 292 1964 πὸν
320 1912 560 1977 πίστεως
606 1916 699 1969 καὶ⁸
752 1916 1124 1989 ἀγαθοεργίας
1162 1921 1221 1972 ἐν
1274 1921 1434 1992 αὐτῇ,
1471 1922 1570 1993 οὐχ
1617 1918 1765 1995 εὗρε.

199 2004 331 2074 Τρία
356 2003 413 2058 δέ
454 2005 554 2077 ἔτη
591 2003 746 2077 ἦλθε,
776 2009 1159 2081 διὰΜωσέως,
1204 2012 1294 2067 διὰ
1327 2015 1648 2086 προφητῶν,
1678 2015 1773 2072 καὶ

199 2096 255 2151 τὸ
284 2098 462 2169 τρίτον
491 2099 565 2152 δι’
613 2100 838 2156 ἐαυτοῦ·
878 2102 1106 2175 ὕστερον
1153 2108 1337 2178 μέντοι
1384 2110 1459 2180 μὴ
1505 2112 1772 2182 μετανοή-

200 2209 392 2256 σαντας
420 2192 651 2264 ἐξέκοψε
690 2197 786 2266 τῆς
812 2196 905 2250 τοῦ
934 2197 1070 2252 Θεοῦ
1108 2200 1351 2269 ἀγάπηςο
1410 2201 1511 2254 οὐκ
1542 2200 1621 2255 ἔτι
1660 2202 1768 2272 γὰρ

200 2281 341 2339 ἔθνος
369 2285 602 2355 Κυρίου,
635 2286 727 2339 καὶ
757 2287 888 2353 λαὸς
913 2289 1069 2357 ἅγιος
1098 2289 1386 2346 καλοῦνται
1406 2307 1421 2322 ·
1450 2294 1532 2356 τίς
1553 2293 1645 2347 τὸν
1673 2293 1769 2347 τό-

201 2389 294 2425 πον
319 2373 375 2426 δὲ
421 2374 608 2429 αὐτῶν
648 2378 1086 2451 ἀντεισήχθησαν
1130 2382 1199 2436 τὰ
1230 2381 1358 2451 ἔθνη
1387 2381 1456 2436 τὰ
1496 2383 1772 2455 δυνάμενα

202 2471 593 2539 καρποφορεῖν.
629 2471 870 2543 Νοηθείη
904 2473 949 2545 δξ
984 2471 1049 2527 ἂν
1081 2474 1175 2527 καὶ¹
1198 2475 1232 2545 ή
1259 2475 1522 2544 σύμπασα
1557 2476 1771 2548 ἀνθρω-

204 2556 367 2626 πότης
397 2560 572 2629 συκῆ·
606 2561 994 2632 οἰκοδεσπότης
1013 2605 1028 2627 ,
1059 2566 1087 2617 6
1115 2564 1248 2627 Θεὸς
1278 2570 1374 2618 καὶ⁴
1403 2566 1593 2637 Πατήρ
1615 2581 1628 2596 ο
1663 2569 1774 2638 άμ-

204 2646 495 2719 πὶλονργὸς
522 2651 583 2706 δὲ
626 2651 655 2705 6
688 2652 816 2718 Υἱὸς
859 2653 953 2708 τοῦ
997 2654 1162 2708 Θεοῦ·
1194 2655 1554 2726 φιλοπονῆσαι
1585 2657 1642 2712 δὲ
1678 2658 1773 2712 καὶ

203 2740 505 2814 ἐκκαθᾶραι
550 2746 644 2799 τὸν
678 2746 977 2817 ἀμπελῶνα
1017 2747 1177 2819 ἡμῶν
1227 2748 1537 2819 ἐνδημῆσας
1573 2766 1585 2781 ·
1616 2753 1773 2805 ἐκκο-

207 2832 364 2902 πῆναι
385 2835 594 2907 ταύτην
611 2835 706 2908 τὴν
730 2841 905 2910 συκῆν
928 2838 1002 2902 ὡς
1022 2839 1273 2910 ἄκαρπον
1294 2840 1392 2893 οὐκ
1410 2840 1475 2912 ἐᾷ
1495 2844 1523 2895 6
1541 2842 1773 2912 Χριστὸς

206 2926 624 3011 τοιαῦταρλἐγων
648 2948 662 2963 ο
700 2947 719 2982 t
764 2932 936 3000 ’Δφες
974 2931 1145 3002 αὐτὴν
1173 2933 1269 2987 καὶ
1296 2932 1455 2993 τοῦτο
1484 2933 1545 2986 τὸ
1574 2934 1713 2999 ἔτος.
1749 2955 1769 2989 ι

207 3014 264 3069 Ei
295 3016 379 3070 διὰ
414 3019 586 3090 νόμου
617 3022 712 3076 καὶ
760 3023 1058 3094 προφητῶν
1088 3023 1189 3077 οὐκ
1219 3023 1646 3093 ἐὸελτιώθησαν,
1679 3027 1775 3081 καὶ

210 3109 486 3177 μετανοίας
529 3113 745 3181 καρπὸν
798 3114 900 3168 οὐκ
948 3114 1256 3181 ἐπέδωκαν,
1311 3117 1452 3171 ἀλλά
1507 3135 1569 3187 γε
1620 3118 1775 3189 κάγὼ

1797 1883 1846 1944 Β

1876 638 2018 693 Dixit
2054 650 2236 696 autem
2274 641 2347 695 ad.
2388 642 2651 698 cultorem
2706 644 2875 699 vineas
2908 663 2923 701 :
2962 645 3100 700 Ecce
3142 645 3272 699 anni
3327 655 3437 701 tres

1870 741 1998 785 sunt
2047 732 2101 785 in
2132 747 2239 801 quo
2274 733 2429 788 venio
2455 772 2470 792 .
2507 748 2755 799 quaerens
2799 732 3032 788 fructum
3066 734 3122 789 in
3171 735 3271 790 ticu
3314 735 3438 796 hac,

1871 830 1923 874 et
1962 819 2067 877 non
2112 823 2326 877 invenio
2369 840 2383 877 :
2424 823 2643 879 succide
2700 823 2841 878 illam
2874 841 2890 880 :
2931 827 2995 878 ad
3038 825 3164 894 quid
3198 825 3278 880 vel
3333 833 3444 880 ter-

1838 927 1987 972 .ram
2044 915 2320 982 occupat?
2358 916 2426 970 At
2465 914 2553 969 ille
2602 917 2937 984 respondens
2984 916 3120 970 dixit
3153 916 3226 971 illi
3274 932 3289 970 :
3339 918 3443 973 Do.

1871 1002 2039 1067 mitte,
2082 1003 2209 1073 rsine
2245 984 2390 1058 illam
2433 1013 2489 1059 ct
2541 1004 2643 1059 hoc
2705 1020 2848 1060 anno
2898 1004 3070 1060 donec
3114 1004 3300 1061 fodero
3343 1008 3445 1061 cir-

1872 1108 1994 1147 cum
2031 1093 2197 1161 illam,
2251 1104 2307 1150 et
2350 1095 2548 1151 misero
2601 1105 2837 1160 stercus,
2884 1106 2939 1151 et
2982 1096 3027 1152 si
3095 1097 3312 1166 quidem
3373 1102 3442 1153 le-

1873 1186 2009 1240 ccrit
2037 1185 2316 1242 fructum:
2368 1187 2453 1244 sin
2507 1187 2706 1255 minus,
2767 1187 2818 1241 in
2876 1196 3149 1257 posterum
3197 1188 3443 1245 succidt‘s

1875 1277 2044 1334 illam.
2088 1296 2108 1331 ι
2138 1277 2285 1334 Bona
2339 1279 2720 1350 consequentia
2769 1278 3077 1348 parabolam
3137 1278 3277 1332 hanc
3315 1276 3443 1347 jun-

1870 1369 1948 1440 git
2002 1388 2016 1424 :
2060 1380 2344 1442 postquam
2415 1371 2560 1426 enim
2647 1371 2832 1434 dixit,
2887 1368 2994 1424 Nisi
3053 1370 3388 1437 resipneritis
3422 1410 3438 1434 ,

1871 1463 2146 1533 peribitis,
2202 1463 2399 1519 merito
2444 1472 2498 1520 et
2548 1463 2705 1518 istaut
2751 1462 3059 1533 parabolam
3117 1461 3318 1530 adjicit,
3350 1461 3447 1516 Est

1870 1553 2037 1626 385
2079 1554 2245 1625 igitur
2276 1554 2411 1611 ﬁcus
2433 1593 2446 1619 ,
2497 1552 2804 1609 .iudteorum
2834 1553 3109 1622 generatio
3142 1551 3270 1607 folia
3321 1559 3442 1605 tau-

1872 1653 1984 1700 tum
2026 1660 2211 1700 amara
2264 1643 2495 1709 faciens,
2529 1655 2584 1700 et
2620 1644 2823 1700 nullum
2876 1644 3108 1698 fructum
3141 1641 3444 1714 proferens.

1871 1735 1928 1793 ln
1976 1737 2134 1794 vinea
2182 1747 2363 1793 autem
2407 1738 2498 1792 Dei
2535 1737 2722 1805 stetit,
2761 1750 2952 1805 nempe
2998 1736 3049 1790 iu
3083 1733 3302 1790 .lndaiea
3357 1735 3442 1786 vi-

1874 1829 2031 1885 vendi
2063 1829 2295 1885 ratione.
2334 1828 2735 1885 Paterfamilias
2782 1837 2960 1883 autem
2996 1827 3246 1881 Christus
3297 1825 3444 1880 venit

1871 1932 1926 1978 et
1966 1921 2213 1992 quaesivit
2257 1921 2495 1977 fructum
2548 1920 2670 1976 ﬁdei
2722 1921 3092 1989 bonorumque
3128 1918 3441 1989 operttm'in

1871 2027 1957 2080 ea,
1989 2028 2053 2069 ac
2086 2028 2191 2069 non
2225 2012 2451 2067 invenit.
2495 2011 2694 2066 Tribus
2727 2020 2907 2065 autem
2944 2010 3100 2065 annis
3128 2009 3295 2073 venit,
3344 2024 3444 2080 per

1873 2104 2083 2170 Mosen,
2113 2120 2210 2176 per
2242 2105 2558 2175 prophetas,
2607 2113 2663 2160 et
2696 2119 2792 2174 per
2836 2102 3071 2172 seipsum
3122 2101 3282 2156 tertio
3325 2119 3341 2157 :
3390 2112 3446 2156 et

1872 2196 1996 2267 quia
2026 2196 2399 2266 pmnilentiam
2437 2211 2542 2251 non
2567 2204 2813 2265 egerunt,
2853 2210 2885 2249 a
2913 2193 3199 2250 dilectione
3228 2192 3319 2248 Dei
3351 2206 3446 2247 eos

1872 2289 2111 2343 absecuit
2150 2306 2162 2342 :
2200 2303 2305 2343 non
2355 2286 2495 2342 ultra
2526 2287 2668 2343 enim
2697 2301 2829 2357 gens
2858 2284 3069 2341 Domini
3116 2294 3169 2339 et
3219 2283 3446 2354 populus

1875 2389 2094 2437 sanctus
2126 2390 2365 2435 vocatur.
2401 2379 2458 2432 in
2492 2378 2668 2434 locum
2694 2388 2872 2433 autem
2904 2392 3091 2433 eorum
3125 2376 3446 2431 introductae

1876 2483 2006 2530 sunt
2038 2484 2251 2545 gentes,
2275 2488 2393 2543 qua:
2420 2471 2654 2527 fructum
2690 2469 2872 2526 facere
2893 2469 3094 2525 valent.
3127 2468 3447 2540 lnteliigitur

1872 2578 1926 2624 et
1959 2582 2054 2639 per
2084 2567 2245 2623 ficum
2279 2574 2449 2620 totum
2482 2564 2777 2618 humanum
2827 2576 2996 2632 genus
3026 2579 3040 2618 :
3078 2576 3175 2632 per
3204 2571 3440 2632 patrem-

1876 2660 2109 2715 familias
2137 2658 2300 2715 Pater
2333 2666 2387 2713 cl
2418 2658 2557 2712 Deus
2589 2673 2604 2711 :
2635 2670 2730 2726 per
2757 2654 3021 2710 cultorem
3050 2654 3243 2719 vineae,
3273 2653 3444 2708 Filius

1876 2749 2007 2816 Dei,
2044 2749 2135 2819 qui
2186 2749 2467 2803 nobiscum
2513 2744 2888 2816 peregrinatus
2921 2752 3005 2799 est
3052 2754 3110 2797 ut
3146 2743 3346 2798 coleret
3393 2756 3447 2798 et

1876 2849 2130 2910 purgaret
2174 2839 2407 2895 vineam.
2444 2837 2695 2894 Christus
2758 2846 2938 2892 autem
2990 2836 3150 2892 ﬁcum
3198 2835 3343 2892 illam
3388 2848 3448 2892 ut

1877 2933 2116 2989 sterilem
2147 2932 2392 2989 exsecari
2428 2945 2530 2986 non
2561 2929 2726 2995 sinit,
2746 2931 2933 2986 dicens
2969 2948 2983 2986 :
3020 2949 3039 2982 ι
3074 2928 3203 2985 Sine
3227 2931 3371 2986 illam
3393 2940 3449 2986 et

1877 3025 1979 3081 hoc
2012 3040 2176 3082 anno:
2215 3042 2234 3078 ι
2270 3022 2421 3080 Licet
2447 3023 2589 3080 enim
2617 3037 2715 3094 per
2745 3020 2914 3092 legem
2938 3031 2996 3078 ct
3022 3022 3313 3094 prophetas
3338 3038 3444 3077 non

1877 3113 2080 3172 fuerint
2113 3115 2243 3172 facti
2301 3115 2589 3185 meliores,
2627 3129 2802 3184 neque
2845 3114 3175 3185 paenitentia:
3208 3112 3446 3169 fructum

207 3201 313 3293 τοῖς
341 3200 493 3270 ἐμοῖς
528 3203 783 3274 ἁρδεύσω
814 3204 1040 3271 τούτους
1064 3206 1303 3277 δόγμασι
1332 3211 1429 3265 καὶ
1460 3210 1768 3282 παθήμασι,

1878 3208 2154 3264 fecerint:
2189 3216 2431 3264 attamen
2474 3222 2560 3264 me
2604 3207 2865 3278 irrigante
2902 3207 3037 3262 meis
3084 3205 3345 3261 doctrinis
3395 3214 3451 3261 et

207 3291 305 3345 κᾶν
341 3295 438 3364 μὲν
480 3298 754 3368 ποιήσωσι
785 3298 997 3369 καρπὸν
1033 3300 1362 3367 εὐπειθείας,
1397 3301 1447 3356 εί
1478 3302 1534 3356 δὲ
1576 3302 1651 3375 μή
1683 3320 1774 3372 γε,

208 3383 281 3444 είς
314 3386 375 3437 τὸ
412 3385 614 3456 μέλλον
666 3387 921 3457 ἐκκόψεις
973 3388 1167 3461 αὐτὴν,
1219 3390 1320 3460 τῆς
1378 3390 1486 3445 τῶν
1544 3391 1774 3447 δικαίων

211 3478 416 3546 μερίδος
447 3480 703 3551 ἐκτεμὼν
732 3482 954 3545 αὐτούς.
987 3483 1084 3537 Ἐκ
1111 3484 1296 3554 τρίτου
1339 3484 1396 3541 δέ
1434 3484 1646 3557 καρπὸν
1673 3487 1774 3558 ζη-

206 3568 418 3638 τηθείσα
456 3574 492 3645 ῆ
532 3572 696 3641 φύσις
730 3574 911 3645 ἡμῶν,
955 3575 1055 3629 οὐκ
1095 3575 1403 3630 ἐπέδωκενο
1436 3577 1585 3644 ἅπαξ
1636 3578 1770 3650 μὲν,

208 3660 291 3715 ὅτε
319 3666 373 3717 ἐν
403 3665 479 3736 τῷ
516 3666 838 3738 παραδείσῳ
866 3669 966 3740 τὴν
996 3668 1221 3738 ἐντολὴν
1248 3670 1575 3742 παρέϐημεν
1595 3689 1609 3704 ·
1647 3672 1776 3726 δεύ-

209 3769 355 3821 τερον
382 3756 459 3823 δὲ,
491 3759 587 3812 ὅτε
632 3760 691 3812 ἐν
742 3758 821 3831 τῷ
873 3760 1022 3832 νόμῳ
1073 3762 1543 3833 ἐμοσχοποίησαν,
1605 3785 1623 3817 ι
1680 3769 1774 3820 καὶ

209 3845 497 3915 ἠλλάξαντο
532 3850 633 3922 τὴν
664 3849 823 3919 δόξαν
848 3852 942 3907 τοῦ
970 3853 1106 3908 Θεοῦ
1139 3857 1195 3909 ὲν
1228 3854 1535 3927 ὁμοιώματι
1569 3858 1773 3930 μόσχου

211 3936 470 4005 ἐσθίοντος
515 3943 733 4014 χόρτον.
774 3964 793 3997 ι
848 3946 959 3999 Καὶ
1008 3946 1218 4018 τρίτον,
1269 3948 1359 4002 ὅτε
1408 3949 1499 4003 τὸν
1549 3952 1774 4024 Σωτῆρα

211 4029 301 4083 mi.
363 4035 572 4107 Κύριον
618 4038 1040 4108 παρῃτήσαντο,
1095 4038 1358 4102 εἰπόντεςο
1414 4041 1527 4094 Οὐκ
1574 4041 1775 4112 ἔχομεν

213 4116 446 4192 βασιλέα,
486 4127 539 4179 εξ
570 4126 645 4196 μὴ
670 4126 943 4199 Καίσαρα.
975 4129 1087 4184 K11
1123 4131 1151 4183 6
1184 4130 1307 4186 καθ’
1336 4130 1433 4185 ἕνα
1481 4133 1555 4199 δέζ
1583 4136 1772 4206 ἡμῶν,

213 4213 344 4284 συκῆ
377 4218 528 4271 ἐςτιν
558 4219 616 4271 ἐν
638 4218 716 4289 τῷ
740 4221 1020 4290 ἀμπελῶνι
1038 4222 1131 4277 τοῦ
1163 4224 1321 4287 Θεοῦ,
1352 4228 1418 4296 τῇ
1445 4225 1772 4301 Ἐκκλησία,

212 4301 244 4372 ἢ
293 4305 475 4370 ἁπλῶς
515 4310 722 4377 εἰπεῖν,
772 4312 849 4383 τῷ
881 4313 1072 4384 κόσμῳ
1123 4313 1297 4385 τούτῳ
1344 4318 1773 4386 πεφυτευμένος.

216 4394 464 4466 Ἔρχεται
491 4401 589 4456 οὖν
615 4401 798 4474 ζητῶν
836 4405 1050 4476 καρπὸν
1079 4407 1106 4459 6
1130 4405 1283 4472 Θεὸς,
1307 4409 1402 4461 καὶ
1430 4409 1525 4461 ἐὰν
1549 4408 1685 4481 εὕρῃ
1714 4428 1773 4465 σε

212 4485 448 4559 ἄκαρπον
469 4534 484 4557 ,
524 4495 824 4566 ἐκκοπῆναι
857 4498 951 4551 τοῦ
984 4497 1099 4568 βίου
1137 4499 1327 4552 τούτου
1359 4502 1684 4571 προστάττει
1706 4520 1719 4533 ’
1748 4504 1777 4558 6

1881 3299 2220 3370 passionibus
2257 3296 2769 3365 fortassisgfacient
2817 3295 3053 3354 fructum
3107 3295 3448 3353 ohedicntiae.

1883 3390 1979 3447 Sin
2015 3391 2215 3459 minus,
2249 3390 2303 3446 in
2333 3399 2666 3463 postremum
2694 3388 2977 3445 exsecabis
3020 3388 3190 3456 iliam,
3216 3389 3451 3445 exsectis

1882 3483 1988 3540 illis
2012 3498 2043 3539 a
2072 3482 2344 3554 justorum
2377 3482 2620 3553 regione.
2656 3479 2765 3537 Ter
2793 3489 2972 3537 autem
3000 3483 3282 3552 quaesitum
3314 3481 3366 3536 in
3390 3496 3453 3536 se

1882 3573 2114 3630 fructum
2151 3583 2344 3630 natura
2379 3584 2565 3630 nostra
2596 3589 2705 3630 non
2740 3573 2906 3629 dedit.
2943 3571 3184 3629 Primum
3214 3576 3359 3628 enim
3392 3573 3450 3630 iu

1881 3666 2130 3736 paradiso
2154 3666 2464 3721 mandatum
2488 3664 2822 3735 prmvaricati
2853 3679 3040 3720 sumus
3068 3680 3083 3718 :
3109 3664 3303 3720 deinde
3328 3679 3450 3720 cum

1882 3757 2100 3810 daretur
2130 3755 2236 3822 lex,
2272 3756 2441 3809 vitulo
2473 3753 2634 3820 facto,
2667 3773 2688 3808 ι
2722 3764 2925 3810 mutata
2958 3766 3039 3810 est
3070 3755 3240 3825 gloria
3272 3754 3365 3810 Dei
3397 3755 3449 3808 in

1881 3848 2290 3905 similitudinem
2321 3849 2473 3903 vituli
2520 3847 2853 3903 comedentis
2895 3846 3076 3904 fenum
3102 3849 3144 3880 "
3187 3864 3234 3904 ι.
3270 3847 3453 3905 Tertio

1882 3943 2097 4014 quando
2143 3941 2400 3998 Dominus
2452 3951 2508 3997 et
2560 3940 2809 3997 Salvator
2843 3941 3141 4011 abnegatus
3177 3949 3260 3996 est
3295 3956 3323 3994 a
3370 3940 3452 3993 tli-

1882 4034 2154 4099 centibus,
2205 4031 2323 4089 Non
2373 4033 2639 4089 habemus
2690 4047 2866 4103 regem
2905 4031 3006 4087 nisi
3061 4030 3353 4086 Caesarem.
3387 4025 3455 4082 Et

1884 4125 2255 4196 unusquisque
2293 4132 2538 4180 nostrum
2571 4124 2705 4180 [ictis
2750 4134 2833 4180 est
2861 4124 2915 4179 in
2944 4125 3098 4179 vinea
3132 4121 3367 4189 Domini,
3398 4123 3453 4176 in

1883 4219 2123 4275 Ecclesia
2169 4218 2398 4284 scilicet,
2430 4217 2511 4274 vel
2541 4216 2863 4288 simpliciter
2891 4217 3141 4283 dicendo,
3171 4216 3222 4271 in
3255 4214 3457 4270 mundo

1885 4310 1988 4366 hoc
2016 4308 2279 4381 plantata.
2307 4306 2470 4365 Venit
2509 4307 2673 4379 igitur
2698 4307 2842 4363 Deus
2871 4323 3120 4378 quaerens
3166 4305 3403 4362 fructum
3436 4320 3455 4357 ἒ

1882 4413 1937 4459 et
1966 4403 2012 4458 si
2043 4401 2311 4459 invenerit
2339 4415 2390 4458 te
2413 4403 2617 4471 absque
2660 4400 2858 4466 fructu,
2914 4400 3069 4472 jubet
3130 4408 3190 4456 ut
3233 4413 3299 4456 ex
3355 4398 3459 4454 hac

1884 4496 1993 4549 vita
2027 4493 2302 4551 exseceris
2354 4508 2370 4560 ;
2419 4504 2476 4548 at
2508 4494 2684 4547 cultor
2732 4493 2905 4549 vineae
2956 4490 3225 4559 supplicat
3257 4498 3317 4544 ut
3360 4488 3458 4543 tibi

213 4575 265 4630 δέ
293 4583 675 4654 ἀμπελουργὸς
702 4587 934 4642 ἱκετεύει
978 4589 1293 4658 φείσασθαι.
1334 4591 1430 4654 Τίς
1458 4591 1516 4645 δὲ
1543 4592 1571 4645 6
1602 4594 1773 4664 ἀμπε-

1889 4596 2159 4657 pnrcatur.
2192 4586 2326 4653 Quis
2357 4595 2537 4643 autem
2588 4584 2678 4641 ille
2713 4584 2891 4639 cultor
2920 4582 3127 4639 vineae?
3178 4579 3277 4636 Vel
3326 4594 3460 4636 suus

212 4667 467 4744 λουργός’;
511 4678 582 4730 Ἦ
611 4680 640 4733 ὁ
665 4678 896 4748 ἄγγελος
928 4682 956 4734 ό
991 4681 1221 4735 ἑκάστου
1253 4681 1458 4751 φύλαξ,
1490 4682 1523 4754 ἢ
1556 4685 1652 4737 καὶ
1682 4685 1780 4738 αύ-

213 4763 297 4826 τὸς
324 4767 351 4819 6
379 4767 667 4841 ἄνθρωπος
692 4787 706 4803 ο
751 4770 979 4837 ἕκαστος
1023 4772 1133 4844 γάρ
1183 4774 1346 4837 αὐτὸς
1395 4774 1575 4845 ἐαυτῷ
1602 4776 1781 4845 ἀμπε-

214 4851 453 4926 λουργός.
495 4860 764 4926 Πολλάκις
811 4863 905 4917 οὖν
949 4864 1278 4938 ἀρρωστίαις
1314 4864 1703 4930 θανατώδεσιν,
1742 4868 1776 4939 ἢ

217 4939 388 5008 ἀλλοις
415 4949 681 5015 κινδύνοις
710 4954 1117 5023 περιπεσόντες,
1146 4955 1337 5023 Ἄφες,
1379 4947 1424 5008 ὦ
1457 4955 1653 5027 Κύριε,
1682 4956 1774 5010 λέ-

220 5044 401 5105 γομεν,
435 5041 534 5094 καὶ
562 5041 726 5097 τοῦτο
756 5044 816 5097 τὸ
841 5043 980 5111 ἔτος,
1019 5047 1114 5099 καὶ
1157 5046 1591 5118 μετανοήσομεν·
1624 5047 1782 5104 τοῦτο

222 5124 325 5195 γὰρ
356 5129 507 5202 δηλοί
534 5133 595 5187 τὸ
634 5134 861 5206 σκάψαι,
896 5136 995 5191 καὶ¹
1042 5138 1358 5208 περιϐαλεῖν
1387 5139 1613 5212 κοπρίᾳ.
1638 5140 1783 5195 Σκά-

225 5231 414 5275 πτεται
443 5224 543 5295 μὲν
572 5226 681 5296 γὰρ
705 5227 738 5296 ῆ
765 5225 934 5298 ψυχὴ,
967 5227 1094 5281 ὅταν
1122 5228 1213 5283 τὸν
1233 5228 1360 5300 χοῦν
1378 5229 1487 5283 τῶν
1512 5228 1783 5299 βιωτικῶν

225 5313 512 5378 φροντίδων
539 5317 1000 5391 ἀποτινάσσηται,
1046 5319 1528 5392 καῖ’κουφίζηται.
1563 5321 1785 5394 Κύπρια

225 5396 277 5451 δὲ
308 5403 442 5478 αὐτῇ
487 5409 929 5481 περισάλλονται,
971 5413 1004 5485 ἢ
1050 5417 1148 5486 τῆς
1185 5415 1516 5486 ἀτιμοτέρας
1552 5415 1779 5486 ἀγωγῆς

223 5492 315 5545 καὶ
353 5501 500 5570 παρὰ
535 5503 754 5557 πάντων
782 5507 1274 5578 καταπατουμὲνης
1312 5507 1587 5579 θερμότης
1613 5524 1627 5541 ’
1654 5509 1785 5563 ὅταν

229 5584 329 5654 γάρ
355 5604 437 5653 τις
474 5594 583 5664 ἀπὸ
608 5594 767 5665 δόξης
794 5599 873 5661 εἰς
903 5596 1090 5663 ἄδοξον
1130 5597 1245 5669 βίον
1285 5600 1478 5654 ἑαυτὸν
1521 5599 1789 5672 ἐπιρῤίψῃ

230 5672 316 5728 διὰ
344 5677 439 5749 τὴν
464 5683 564 5753 τῆς
596 5682 777 5754 ψυχῆς
822 5688 1118 5759 σωτηρίαν,
1146 5689 1350 5761 κόπρια
1375 5690 1594 5761 λέγεται
1629 5707 1693 5744 πε
1705 5708 1785 5763 ρι-

299 5857 339 5887 ⁸¹
373 5860 516 5925 Psal.
543 5886 630 5940 ον,
665 5872 755 5929 20.

1885 4680 2149 4750 cujusque
2183 4685 2368 4735 custos
2395 4676 2636 4748 angelus,
2674 4676 2757 4733 vel
2786 4676 2947 4732 etiam
2983 4675 3143 4731 homo
3164 4674 3311 4744 ipse:
3340 4686 3452 4728 suae

1885 4777 2031 4830 enim
2062 4775 2236 4831 vineae
2263 4772 2496 4844 quisque
2519 4771 2695 4828 cultor
2724 4779 2835 4828 est.
2868 4770 3022 4840 Saepe
3050 4768 3215 4840 igitur
3247 4782 3368 4821 cum
3401 4766 3454 4821 in

1883 4865 2110 4922 iethaies
2143 4864 2365 4922 morbos
2401 4862 2486 4918 vel
2517 4862 2621 4917 alia
2656 4860 2893 4933 pericula
2923 4860 3209 4914 incidimus
3243 4872 3256 4909 :
3300 4855 3461 4922 Sine,

1884 4974 1919 5013 ο
1961 4956 2210 5022 Domine,
2236 4954 2492 5021 dicimus,
2539 4952 2702 5009 etiam
2737 4954 2841 5008 hoc
2868 4965 3031 5015 anno,
3098 4957 3153 5004 et
3191 4948 3460 5018 paeniten-

1890 5049 2017 5104 tiam
2045 5063 2290 5118 agemus.
2319 5044 2432 5101 Hoc
2465 5045 2609 5101 enim
2648 5042 2919 5115 signiﬁcat
2946 5039 3131 5097 fodere
3160 5047 3215 5095 et
3244 5038 3460 5094 mittere

1884 5140 2028 5197 circa
2059 5137 2206 5194 illam
2240 5146 2473 5193 stercus.
2502 5135 2727 5192 Foditur
2765 5133 2966 5203 quippe
3005 5130 3207 5195 anima,
3243 5131 3459 5200 quando

1888 5231 2168 5288 decutitur
2189 5228 2566 5300 temporalium
2590 5239 2844 5282 curarum
2867 5222 3064 5294 pulvis,
3089 5229 3145 5278 et
3172 5219 3459 5276 alleviatur

1888 5324 2025 5396 ipsa.
2063 5323 2288 5381 Stercus
2321 5335 2450 5377 vero
2500 5317 2837 5389 circumponi
2890 5314 3069 5385 signat
3105 5313 3371 5368 fervorem
3405 5319 3459 5366 et

1889 5415 2234 5472 severitatem
2268 5412 2322 5468 in
2352 5410 2437 5465 via
2483 5407 2683 5472 viliori,
2716 5404 3045 5477 paenitentia:
3072 5401 3297 5466 scilicet,
3339 5414 3460 5470 quae

1890 5508 1959 5564 ab
1990 5507 2244 5563 omnibus
2268 5503 2650 5559 contemnitur.
2699 5497 2927 5567 Quando
2951 5495 3093 5553 enim
3118 5495 3238 5564 quis
3285 5508 3313 5547 a
3341 5493 3458 5563 glo-

1895 5599 1975 5655 ria
2007 5598 2060 5652 in
2094 5596 2259 5650 vitam
2308 5593 2591 5664 iugloriam
2624 5604 2683 5644 se
2720 5587 2959 5644 demittit
2993 5592 3211 5664 propter
3229 5581 3460 5639 salutem

1892 5688 2108 5755 animae,
2163 5663 2387 5744 stercus,
2408 5683 2554 5740 circa
2606 5681 2839 5737 animant
2891 5663 3104 5733 mittere
3149 5672 3348 5730 dicitur
3393 5674 3461 5725 ad
