3896 6452
429 351 539 434 915

1334 353 1913 420 TI‘IEOPHYLACTI
1954 353 2373 424 BULGARIXE
2410 357 2762 418 ARClIlEP.
3548 363 3640 428 916

431 463 534 519 hoc
570 469 628 518 ut
681 463 912 518 fructum
954 462 1147 542 faciat,
1184 464 1236 518 Si
1291 465 1507 534 quidem
1558 463 1851 520 fecerimus
1886 462 1997 518 fru-

2105 462 2292 519 ϐαλεῖν
2337 467 2403 536 τῇ
2447 466 2592 537 ψυχῇ
2644 467 2778 537 πρὸς
2835 466 2893 519 τὸ
2944 469 3402 540 καρποφορῆσαι·
3456 469 3544 524 ἐὰν
3575 476 3657 544 μὲν

430 568 579 611 ctum
617 575 632 612 :
670 557 753 611 sin
792 557 994 624 minus,
1025 573 1131 614 non
1160 559 1299 613 ultra
1327 559 1584 628 relinquit
1622 573 1721 615 nos
1752 559 1806 614 in
1844 559 1998 614 vinea
2045 570 2050 573 ‘

428 663 524 702 sua
547 686 566 714 ,
605 649 699 703 sed
733 658 952 704 exsecat
982 664 1010 702 a
1048 649 1270 716 mundo,
1323 659 1380 704 ut
1419 665 1488 705 ne
1521 650 1725 704 frustra
1770 665 2002 719 occupe-

429 756 550 795 mus
583 741 782 797 locum.
817 742 1162 798 Peccatorem
1189 744 1331 798 enim
1364 744 1486 812 quis
1510 743 1698 798 videns
1727 743 1816 798 ditt
1846 742 2001 798 diffe-

431 844 660 900 rentem,
693 833 999 898 offenditur,
1058 845 1111 890 et
1160 836 1314 906 pejor
1352 839 1409 890 fit
1455 831 1558 894 :ct
1597 837 1674 891 sic
1730 835 2002 890 invenitur

428 933 686 992 peccator
713 941 885 996 neque
913 927 1028 996 ipse
1057 925 1287 980 fructum
1321 926 1525 982 faciens
1544 968 1558 992 ,
1585 936 1640 983 et
1675 927 1837 980 alium
1866 942 2002 996 quo-

426 1033 533 1087 que
573 1016 872 1089 impediens
928 1034 993 1071 ne
1025 1019 1192 1091 386
1241 1019 1474 1074 fructum
1532 1020 1716 1074 faciat.
1754 1020 1906 1087 Quod
1955 1021 1998 1074 si

426 1118 712 1163 exsecetur
740 1125 802 1164 ex
862 1112 966 1164 hac
1006 1111 1137 1173 vita,
1193 1110 1438 1167 fortassis
1488 1112 1522 1165 ii
1574 1113 1662 1182 qui
1720 1123 1998 1167 exsectum

428 1201 683 1266 viderint,
708 1204 810 1256 hoc
840 1204 1023 1258 animo
1053 1220 1235 1258 secum
1269 1204 1683 1274 perpendentes,
1713 1205 2001 1258 mutabun-

427 1303 515 1346 tur
543 1305 595 1347 et
627 1293 860 1349 fructum
893 1295 1112 1350 facient.
1147 1295 1345 1352 Tribus
1377 1306 1556 1350 autem
1594 1298 1750 1351 anuis
1804 1296 2002 1351 dicitur

429 1386 818 1453 paterfamilias
867 1389 1047 1443 vrnire
1116 1388 1182 1442 ad
1239 1389 1430 1453 ficum,
1483 1389 1730 1446 fortassis
1782 1398 2002 1458 propter

426 1494 536 1536 tres
567 1483 710 1550 leges
739 1498 874 1553 quas
913 1483 1069 1538 nobis
1099 1481 1248 1537 dedit
1277 1491 1331 1540 et
1378 1483 1575 1553 quibus
1605 1482 1672 1537 ad
1722 1497 1822 1538 nos
1852 1481 2000 1536 venit

427 1574 722 1638 Dominus,
771 1588 890 1643 qure
939 1583 1065 1629 sunt
1120 1575 1413 1642 naturalis,
1465 1575 1686 1652 legalis,
1731 1584 1787 1630 et
1839 1574 2000 1644 spiri-

427 1666 607 1720 tualis.
639 1664 931 1735 Oportebat
959 1681 1091 1722 sane
1123 1683 1220 1722 nos
1245 1666 1475 1722 naturali
1502 1666 1617 1737 lege
1641 1664 2002 1720 commonitos

426 1760 658 1812 fructum
713 1759 889 1814 facere
938 1779 952 1816 :
1010 1776 1134 1814 nam
1194 1770 1386 1814 natura
1436 1760 1596 1815 docet
1638 1759 1767 1830 quid
1819 1757 1999 1812 facere

423 1859 674 1918 oporteat
709 1869 721 1904 :
753 1861 806 1904 at
837 1853 960 1921 quia
997 1852 1048 1906 in
1084 1853 1242 1907 nobis
1294 1853 1592 1907 naturalem
1637 1850 1842 1906 invenit
1872 1849 1996 1903 inu-

425 1941 598 2006 tilem,
627 1943 769 1997 dedit
791 1955 844 1998 et
870 1943 1157 1998 Mosaicam
1190 1944 1360 2014 legem
1388 1953 1596 1998 natura:
1625 1941 1953 2013 adjulricem
1981 1958 1996 1997 :

425 2050 546 2104 qua:
593 2052 715 2089 cum
776 2045 830 2090 et
873 2037 984 2106 ipsa
1035 2037 1250 2090 inventa
1295 2045 1377 2090 est
1423 2034 1735 2104 infrugifera
1781 2044 2000 2104 pr0pter

429 2136 668 2180 nostram
697 2127 983 2190 desidiam,
1014 2130 1221 2185 addidit
1248 2139 1299 2184 et
1323 2129 1685 2199 spiritualem.
1710 2127 1814 2184 Ubi
1839 2128 2000 2197 igitur

429 2231 541 2273 tres
578 2219 682 2273 illa:
715 2237 818 2274 non
855 2221 1132 2276 meliorem
1178 2221 1515 2277 reddiderint
1549 2223 1848 2292 cuiuspiam
1885 2222 2001 2276 ani-

432 2328 598 2378 mam,
635 2328 807 2383 neque
843 2314 1253 2383 longanimitate
1292 2324 1346 2370 et
1391 2316 1761 2371 misericordia
1813 2314 1904 2370 Dei
1944 2313 2002 2368 fit

426 2403 786 2465 etiieudatior,
820 2415 945 2455 tunc
973 2414 1155 2472 postea
1190 2419 1408 2460 monere
1437 2420 1540 2460 non
1569 2404 1708 2459 ultra
1747 2404 1946 2460 sinittu'
1984 2423 1997 2460 :

433 2509 539 2548 non
585 2495 730 2548 enim
784 2494 926 2550 Deus
955 2510 1099 2565 sa'pe
1131 2495 1701 2565 procrastinationibus
1733 2493 1996 2549 illuditur.

423 2586 560 2651 Quid
592 2595 768 2641 autem
799 2587 844 2642 si
880 2603 976 2656 per
1005 2598 1115 2642 tres
1169 2603 1340 2644 annos
1388 2598 1605 2644 :etatum
1643 2598 1813 2643 status
1843 2588 2002 2643 intel-

423 2656 593 2746 ligasi
625 2676 954 2746 Pueritiam,
1013 2679 1112 2733 hoc
1165 2687 1247 2734 est
1295 2679 1712 2735 adolescentiam
1781 2691 1907 2734 octo
1948 2689 2002 2734 et

429 2769 620 2820 decem
671 2779 938 2821 annorum
982 2787 995 2822 :
1051 2769 1284 2834 virilem,
1323 2779 1378 2824 et
1426 2770 1638 2825 tertiam
1689 2786 1873 2825 eorum
1909 2772 1998 2842 qui

420 2858 532 2928 jam
564 2859 833 2930 incipiunt
875 2861 995 2916 fieri
1027 2863 1214 2917 vetuli.
1258 2862 1486 2929 Quando
1533 2864 1699 2934 igitur
1741 2865 1796 2919 in
1839 2865 2001 2920 tertio

425 2967 590 3020 anno,
623 2953 726 3010 hoc
747 2965 832 3008 est
877 2966 1118 3019 senecta,
1143 2971 1250 3012 non
1274 2956 1469 3012 damus
1494 2957 1722 3024 fructus,
1747 2965 1800 3012 et
1827 2957 2002 3012 adhuc

426 3047 796 3116 permittimur
829 3048 1012 3103 vivere
1061 3059 1119 3102 ut
1175 3048 1494 3115 adjiciamus
1546 3060 1778 3115 Stercus,
1836 3048 1998 3103 vilem

2103 556 2197 611 οὖν
2227 559 2540 630 ποιήσωμεν
2578 559 2810 629 καρπὸν,
2841 559 2965 614 εἰδὲ
3014 561 3180 632 μήγε,
3230 561 3416 616 οὐκέτι
3448 563 3648 634 ἀφίησιν

2106 652 2253 722 ἡμᾶς
2285 653 2344 705 ὲν
2385 652 2462 722 τῷ
2502 652 2785 724 ἀμπελῶνι
2816 652 3018 720 αὐτοῦ,
3069 655 3185 709 ἀλλ’
3216 657 3478 712 ἐκκόπτει
3522 660 3656 714 τοῦδε

2105 743 2199 796 τοῦ
2236 744 2467 815 κόσμου,
2497 745 2584 798 ἴνα
2612 743 2688 816 μὴ
2713 745 3076 816 καταργῶμεν
3103 748 3196 801 τὸν
3225 749 3392 802 τόπον
3412 765 3426 782 ο
3458 749 3545 802 τὸν
3564 751 3656 824 γὰρ

2109 835 2434 904 ἁμαρτωλὸν
2467 836 2900 907 πολυχρονοῦντα
2933 837 3145 908 βλέπων
3192 856 3278 904 τις
3301 879 3315 904 ,
3358 839 3654 912 βλάπτεται,

2107 927 2198 979 καὶ
2232 926 2431 998 χείρων
2461 929 2672 997 γίνεται
2692 946 2705 960 ο
2740 931 2836 984 καὶ
2867 930 3042 994 οὕτως
3092 931 3410 1004 εὑρίσκεται
3443 935 3472 988 6
3501 936 3658 1006 ἀμαρ-

2104 1020 2272 1084 τωλδς
2320 1022 2460 1093 μήτε
2511 1022 2675 1088 αὐτὸς
2724 1027 3122 1096 καρποφορῶν,
3177 1026 3274 1079 καὶ
3311 1026 3458 1097 ἄλλῳ
3507 1029 3656 1098 ἐμπο-

2103 1113 2264 1179 δίζων
2292 1115 2580 1188 δυναμένῳ
2625 1121 3018 1191 καρποφορεῖν.
3066 1120 3128 1173 Εἰ
3173 1120 3230 1174 δὲ
3266 1122 3478 1191 ὲκκοπῇ
3523 1121 3657 1176 τοῦδε

2103 1203 2198 1258 τοῦ
2240 1205 2392 1276 βίου,
2446 1207 2588 1278 τάχα
2641 1209 2690 1262 oi
2747 1210 3054 1264 ἐκκοπέντα
3103 1211 3267 1265 αὐτὸν
3322 1211 3554 1276 ἰδόντες,
3592 1215 3660 1276 είς

2106 1298 2463 1370 συναίσθησιν
2509 1301 2818 1371 ἐρχόμενοι,
2857 1301 3291 1372 μεταϐαλοῦνται
3339 1304 3432 1357 καὶ
3477 1322 3662 1371 καρπο-

2104 1391 2424 1460 φορήσουσι.
2477 1392 2616 1463 Τρία
2666 1392 2722 1445 δὲ
2755 1393 2849 1462 ἔτη
2903 1394 3120 1462 λέγεται
3168 1394 3428 1465 ἔρχεσθαι
3469 1397 3498 1448 ὁ
3535 1397 3662 1449 οίκο-

2103 1480 2376 1551 δεσπότης
2402 1482 2494 1535 ἐπὶ
2523 1482 2622 1553 τὴν
2656 1485 2850 1555 συκῆν,
2881 1484 3023 1555 τάχα
3057 1485 3154 1556 μὲν
3184 1488 3279 1540 καὶ
3315 1485 3404 1540 διά
3443 1486 3504 1540 τὸ
3534 1489 3661 1557 τρεῖς

2103 1566 2240 1625 εἶναι
2283 1574 2408 1638 τοὺς
2455 1575 2776 1644 δεδομένους
2823 1579 2955 1647 ἡμῖν
2989 1577 3207 1647 νόμους,
3260 1579 3330 1632 δι’
3359 1573 3435 1633 ῶν
3461 1579 3661 1650 ἔρχεται

2105 1662 2242 1731 πρὸς
2283 1663 2432 1733 ἡμᾶς
2465 1665 2493 1717 6
2536 1663 2778 1733 Κύριος’
2835 1665 2940 1718 εἰσὶ
2987 1665 3044 1718 δὲ
3079 1661 3244 1732 οὗτοι,
3290 1670 3318 1720 ὁ
3365 1670 3660 1737 φυσικδς,δ

2103 1753 2358 1824 νομικὸς,
2415 1756 2507 1810 καὶ
2559 1758 2586 1808 6
2631 1758 3020 1827 πνευματικός.
3075 1759 3222 1812 Ἔδει
3285 1759 3386 1830 μὲν
3436 1759 3545 1828 γάρ
3591 1761 3657 1828 τῷ

2105 1843 2322 1915 φυσικῷ
2353 1845 2504 1915 νόμῳ
2546 1845 2971 1917 παιδευομένους
3017 1849 3164 1918 ἡμᾶς
3210 1850 3654 1920 καρποφορεῖενη

2102 1935 2209 2006 γὰρ
2242 1934 2401 2003 φύσις
2427 1936 2594 2006 αὐτὴν
2622 1937 2860 1990 διδάσκει
2893 1938 2954 1992 τὸ
2977 1938 3122 1991 δέον·
3162 1941 3284 1992 ἐπεὶ
3311 1940 3367 1992 δὲ
3406 1940 3658 2010 ἄχρηστον

2102 2020 2261 2092 εὗρεν
2304 2028 2362 2079 ἐν
2413 2029 2544 2097 ἡμῖν
2577 2028 2668 2081 τὸν
2719 2029 2970 2098 φυσικὸν,
3029 2031 3197 2083 ἔδωκε
3240 2032 3332 2084 τὸν
3383 2030 3659 2084 Μοισαῖκδν

2104 2119 2297 2190 βοηθὸν
2329 2119 2424 2172 τοῦ
2467 2119 2699 2188 φυσικοῦ
2729 2121 2897 2190 νόμου
2923 2138 2936 2153 ο
2987 2121 3063 2185 ῶς
3090 2122 3147 2175 δὲ
3186 2122 3275 2175 καὶ
3308 2117 3464 2184 οὗτος
3501 2123 3657 2192 ἀχρη-

2103 2227 2223 2273 στος
2255 2212 2341 2264 διὰ
2371 2211 2468 2283 τὴν
2502 2211 2771 2284 ῥαθυμίαν
2821 2213 2977 2284 ἡμῶν
3017 2212 3331 2286 εὑρίσκετο,
3381 2213 3558 2267 δίδωσι
3583 2214 3659 2268 τὶν

2107 2304 2473 2373 πνευματικόν
2492 2325 2500 2332 ·
2522 2305 2650 2358 ὅταν
2674 2301 2766 2359 οὖν
2794 2307 2842 2358 οί
2871 2307 3018 2374 τρεῖς
3045 2301 3191 2359 οὗτοι
3221 2305 3298 2376 μὴ
3321 2303 3652 2375 βελτιὼσουσι

2101 2399 2200 2466 τήν
2224 2416 2366 2461 τινος
2396 2397 2436 2469 ψ
2455 2397 2592 2470 rma,
2622 2399 2754 2470 μηδὲ
2785 2399 2889 2453 ὑπὸ
2915 2399 3013 2470 τῆς
3042 2398 3396 2472 μακροζωῖας
3422 2401 3516 2454 καὶ
3548 2401 3655 2470 φιλ.

2103 2492 2417 2563 ανθρωπίας
2490 2493 2846 2563 βελτιωθείη,
2919 2493 3038 2546 τότε
3094 2492 3158 2564 δὴ
3214 2495 3293 2557 είς
3353 2493 3417 2546 τδ
3486 2492 3656 2563 μέλλον

2103 2585 2286 2639 οὐκέτι
2321 2586 2476 2639 ἐᾶται
2516 2602 2528 2616 ⁸
2560 2585 2620 2638 ού
2657 2585 2764 2654 γὰρ
2808 2584 3066 2649 πολλάκις
3111 2584 3453 2650 ἐξαπατᾶται
3489 2587 3516 2639 ό
3544 2585 3657 2651 Θεδς

2104 2681 2222 2740 ταῖς
2252 2679 2675 2750 ὑπερημερίαις.
2710 2680 2938 2750 Μήποτε
2967 2679 3022 2732 δε
3059 2680 3154 2733 καὶ
3182 2679 3312 2752 τρία
3345 2681 3445 2750 ἔτη
3481 2680 3656 2751 νοήσῃς

2104 2771 2202 2834 τὰς
2242 2773 2390 2842 τρεῖς
2420 2773 2780 2838 καταστάσεις
2811 2773 2920 2826 τῶν
2951 2774 3210 2844 ἡλικιῶν;
3244 2772 3356 2845 Τὴν
3388 2774 3650 2842 παιδικὴν,

2105 2863 2224 2934 ἦτοι
2261 2863 2368 2916 τῶν
2402 2865 2725 2934 μειρακίων,
2763 2867 2884 2937 ἥτις
2913 2867 3042 2938 περὶ
3079 2867 3146 2920 τά
3179 2866 3553 2921 ὀκτωκαίδεκα
3576 2866 3654 2937 ἔτη

2105 2955 2414 3022 λογίζεται·
2457 2957 2558 3027 τὴν
2606 2957 2899 3031 ἀνδρικὴν,
2934 2962 3029 3012 καὶ
3061 2960 3159 3029 τὴν
3207 2959 3401 3031 τρίτην
3423 2959 3530 3014 τῶν
3569 2959 3652 3030 ήδη

2105 3047 2426 3119 ἀρξαμένων
2457 3050 2792 3104 πολιούσθαι.
2849 3051 3019 3104 Ὅταν
3062 3045 3156 3104 οὖν
3210 3051 3266 3104 ὲν
3288 3051 3366 3121 τῷ
3398 3052 3559 3122 γήρᾳ,
3591 3049 3654 3120 τῷ

428 3136 764 3206 paenitentiae
800 3137 966 3192 vitam
998 3148 1219 3210 propter
1250 3137 1529 3194 Christum
1563 3139 1912 3210 accipientes,
1945 3145 1997 3192 et

2104 3140 2273 3210 τρίτῳ
2297 3139 2428 3202 ἔτει,
2459 3140 2519 3193 ού
2553 3139 2734 3212 δῶμεν
2765 3143 3034 3213 καρποὺς,
3069 3143 3162 3195 καὶ
3194 3141 3275 3195 ἔτι
3311 3141 3653 3213 συγχωρηθῶ-

427 3227 622 3282 deinde
647 3227 811 3282 etiam
842 3237 969 3284 tunc
1003 3234 1315 3293 mentimur,
1349 3246 1456 3286 non
1499 3230 1639 3285 ultra
1673 3230 1826 3286 nobis
1870 3247 1994 3300 par-

423 3326 511 3374 cet
551 3317 829 3384 Dominus,
860 3321 955 3376 sed
983 3322 1214 3388 excidet,
1246 3333 1304 3377 ut
1348 3338 1416 3378 ne
1441 3323 1638 3378 frustra
1671 3338 2000 3393 occupemus

427 3417 654 3475 terram,
726 3420 781 3466 et
847 3411 983 3466 alios
1032 3411 1386 3468 oll‘cudamus.
1445 3414 1515 3469 Et
1568 3415 1680 3469 lucc
1732 3416 2002 3485 expositio

423 3505 702 3575 proposito
736 3506 903 3560 textui
935 3519 1171 3562 consona
1213 3507 1342 3560 mihi
1378 3509 1606 3562 videtur.

497 3763 658 3820 Vens.
700 3763 883 3820 10-17.
932 3783 951 3816 ι
1003 3764 1235 3820 Docebat
1285 3775 1464 3822 autem
1511 3767 1563 3821 in
1616 3783 1717 3822 una
1765 3783 1998 3840 synago-

423 3873 614 3928 garum
652 3857 908 3914 Sabbatis
951 3869 1048 3918 :et
1082 3875 1208 3914 ecce
1231 3862 1424 3915 llllllicl‘
1469 3877 1590 3933 qua:
1621 3863 1852 3918 habebat
1883 3864 1998 3933 spi-

423 3953 586 4006 ritum
606 3952 939 4008 infirmitatis
969 3954 1126 4009 annis
1149 3955 1336 4008 decem
1368 3965 1420 4008 et
1449 3964 1593 4021 octo,
1615 3965 1838 4026 eratque
1866 3972 1998 4010 con-

423 4049 618 4108 tracta,
653 4057 755 4096 nec
800 4043 1021 4097 omnino
1071 4053 1279 4112 poterat
1315 4045 1526 4115 erigere
1575 4057 1740 4116 caput
1791 4061 1996 4117 :quam

422 4148 545 4188 cum
579 4134 786 4188 videret
815 4133 992 4200 Iesus,
1024 4139 1240 4191 vocavit
1268 4153 1386 4191 eam
1429 4140 1496 4193 ad
1536 4154 1615 4205 se,
1647 4149 1701 4194 et
1737 4140 1814 4195 ait
1866 4141 1941 4196 illi
1979 4159 1992 4195 :

424 4223 640 4288 Mulier,
673 4225 902 4281 liberata
933 4241 993 4280 es
1021 4229 1087 4282 ab
1121 4227 1433 4284 inﬁrmitate
1482 4239 1592 4285 tua.
1630 4231 1697 4284 Et
1741 4233 1996 4304 imposuit

425 4317 502 4372 illi
531 4332 747 4382 manus,
777 4326 832 4372 et
867 4316 1151 4374 confestim
1185 4331 1366 4375 erecta
1395 4331 1514 4386 est.
1565 4333 1620 4376 et
1656 4324 1996 4394 glorificabat

425 4410 616 4464 Deum.
669 4408 1022 4480 Respondens
1070 4421 1252 4466 autem
1287 4414 1545 4485 princeps
1579 4411 1878 4486 Synagogze
1912 4417 1996 4470 in-

2102 3249 2202 3302 μεν
2232 3233 2396 3302 ζῆσαι
2425 3234 2560 3305 πρὸς
2604 3235 2664 3288 τὸ
2699 3235 3017 3306 περιϐαλεῖν
3059 3236 3286 3307 κόπρια,
3341 3237 3440 3306 τὴν
3474 3236 3652 3305 ἄτιμον

2099 3325 2186 3379 διά
2219 3327 2454 3396 Χριστὸν
2498 3327 2644 3398 ζωὴν
2692 3329 3133 3402 ἐπανῃρημένοι,
3184 3323 3307 3383 εἷτα
3361 3329 3457 3382 καὶ
3501 3328 3652 3391 οὕτως

2098 3414 2436 3485 ψευσόμεθα,
2489 3417 2588 3471 οὐκ
2622 3417 2704 3472 ετι
2741 3420 2989 3488 φείσεται
3028 3420 3186 3491 ἡμῶν
3223 3423 3252 3474 6
3299 3420 3522 3490 Κύριος,
3552 3419 3651 3474 ἀλλ’

2098 3504 2354 3574 ἐκκόψει,
2390 3506 2477 3559 ἵνα
2527 3507 2602 3577 μὴ
2651 3510 3020 3581 καταργῶμεν
3059 3511 3156 3581 τὴν
3192 3514 3296 3581 γῆν
3347 3513 3442 3564 καὶ
3486 3512 3652 3572 ἄλλους

2101 3598 2445 3666 βλάπτοντες.
2488 3598 2638 3670 Αὕτη
2691 3602 2721 3671 ἡ
2755 3601 3014 3672 ἐξήγησις
3047 3602 3194 3656 δοκεῖ
3220 3619 3312 3674 μοι
3338 3599 3474 3656 εἶναι
3502 3618 3650 3672 προσ-

2099 3690 2368 3761 φυεστέρα
2397 3690 2472 3762 τῷ
2502 3691 2687 3762 σκοπῷ
2715 3692 2792 3764 τῷ
2825 3695 3192 3766 προκειμένῳ.

2176 3802 2193 3832 ι
2235 3778 2344 3834 Ἱῐν
2382 3783 2437 3836 δὲ
2492 3783 2760 3840 διδάσκων
2803 3789 2861 3839 ὲν
2917 3788 3019 3859 μιᾷ
3072 3786 3180 3841 τῶν
3229 3787 3556 3857 συναγωγῶν
3603 3788 3650 3837 ἐν

2097 3876 2208 3936 τοῖς
2260 3875 2536 3928 Σάϐϐασιο
2589 3879 2686 3930 καὶ
2740 3878 2848 3932 ίδοὺ
2895 3881 3032 3952 γυνὴ
3088 3875 3155 3949 ἦν
3212 3882 3430 3950 πνεῦμα
3479 3881 3650 3950 ἔχουςα

2099 3966 2384 4029 ἀσθενείας
2419 3967 2511 4039 ἐτη
2543 3969 2675 4022 δέκα
2701 3972 2796 4024 καὶ
2820 3969 2988 4034 ὀκτὼ,
3029 3973 3136 4026 καὶ
3170 3967 3238 4043 ἦν
3268 3973 3646 4041 συγκύπτουσα.

2098 4057 2194 4111 καὶ
2236 4057 2310 4128 μὴ
2363 4058 2634 4132 δυναμένη
2668 4061 2946 4132 ἀνακύψαι
2991 4064 3072 4128 είς
3107 4064 3169 4118 τὸ
3219 4064 3514 4128 παντελές’
3545 4061 3648 4116 ἰδὼν

2096 4149 2152 4202 δὲ
2186 4149 2356 4220 αὐτὴν
2395 4152 2422 4204 6
2467 4151 2684 4223 Ἰησοῦς
2720 4156 3136 4227 προσεφώνησε,
3177 4159 3272 4212 καὶ
3317 4153 3468 4210 εἷπεν
3500 4156 3672 4222 αὑτῇν

2098 4241 2286 4308 Γύναι,
2324 4242 2656 4299 ἀπολέλυσαι
2684 4247 2780 4318 τῆς
2809 4247 3096 4314 ἀσθενείας
3125 4267 3217 4304 σου
3241 4267 3256 4282 ·
3291 4252 3386 4303 καὶ
3412 4247 3647 4316 ἐπέθηκεν

2097 4333 2234 4406 αὐτῇ
2275 4335 2374 4398 τάς
2411 4339 2635 4407 χεῖρας,
2679 4341 2774 4394 καὶ
2805 4343 3152 4414 παραχρῆμα
3197 4343 3526 4415 ἀνωρθώθη,
3572 4344 3647 4393 καὶ

2099 4429 2312 4496 ἐδόξαζε
2357 4431 2449 4483 τὸν
2479 4431 2637 4487 Θεόν.
2673 4432 3024 4505 Ἀποκριθεὶς
3067 4436 3122 4490 δὲ
3163 4438 3190 4490 ὁ
3229 4438 3648 4506 ἀρχισυνάγωγος

422 4498 654 4569 dignans
674 4501 816 4570 quod
840 4499 1078 4555 Sabbato
1096 4513 1340 4556 sanasset
1359 4501 1540 4567 Jesus,
1561 4505 1774 4559 dicebat
1801 4507 1988 4559 turbae:

2103 4523 2444 4589 ἀγανακτῶν,
2473 4525 2554 4577 ὅτι
2578 4524 2656 4596 τῷ
2692 4525 2956 4598 Σαϐϐάτῳ
2988 4528 3356 4600 ἐθεράπευσεν
3386 4531 3414 4582 6
3451 4529 3646 4597 Ἰησοῦς,

425 4592 532 4649 Sex
561 4593 675 4648 dies
701 4605 826 4650 sunt
855 4596 907 4650 in
937 4595 1132 4666 quibus
1156 4604 1370 4665 Oportet
1397 4599 1609 4665 operari
1646 4614 1660 4652 :
1691 4601 1741 4653 in
1774 4599 1842 4653 iis
1865 4615 1995 4669 ergo

425 4687 606 4742 venite
635 4695 694 4739 ut
725 4689 1021 4754 sanemini,
1051 4698 1104 4744 et
1133 4704 1239 4742 non
1269 4688 1321 4743 in
1350 4689 1436 4744 die
1463 4690 1704 4746 Sabbati.
1749 4691 1996 4764 Respon-

421 4780 554 4834 dens
587 4789 768 4833 autem
812 4780 878 4834 ad
918 4779 1066 4835 illum
1113 4780 1372 4840 Dominus
1422 4784 1559 4840 dixit
1596 4803 1610 4840 :
1666 4783 1992 4857 llypocrita,

420 4873 793 4943 unusquisqu
825 4884 1062 4930 vestrum
1097 4873 1332 4932 Sabbato
1372 4893 1549 4936 nonne
1600 4883 1760 4935 solvit
1804 4881 1993 4936 bovem

421 4981 579 5018 suum
632 4974 727 5020 aut
777 4967 991 5022 asinum
1037 4983 1069 5024 a
1101 4970 1352 5040 praesepi,
1405 4981 1458 5026 et
1506 4973 1656 5026 ducit
1701 4975 1997 5044 aquatum?

422 5054 574 5110 llanc
605 5067 786 5112 autem
818 5057 982 5112 ﬁliam
1021 5059 1251 5114 Abrahae
1271 5099 1287 5127 ,
1313 5075 1473 5130 quam
1499 5062 1738 5136 alligavit
1763 5065 1995 5122 Satanas

419 5162 548 5204 ecce
587 5149 771 5205 decem
819 5159 873 5203 ct
921 5157 1044 5205 octo
1096 5152 1289 5215 anuis,
1333 5167 1440 5207 non
1489 5155 1732 5222 oportuit
1787 5156 1919 5210 solvi
1963 5170 1992 5210 a

421 5241 634 5296 vinculo
705 5241 810 5296 isto
857 5241 946 5297 die
994 5241 1254 5298 Sabbati‘!
1295 5242 1363 5297 Et
1411 5259 1533 5300 cum
1582 5246 1696 5302 lucc
1753 5247 1990 5310 diceret,

416 5333 810 5389 erubescebant
837 5348 1028 5390 omnes
1079 5337 1374 5392 adversarii
1417 5337 1570 5407 ejus.
1612 5348 1665 5394 et
1691 5341 1867 5395 omnis
1899 5355 1994 5410 po-

420 5425 578 5494 pulus
607 5422 876 5492 gaudebat
903 5439 1068 5493 super
1097 5427 1368 5483 universis
1398 5443 1514 5496 quae
1534 5430 1767 5499 gloriose
1795 5430 1994 5486 fiebant

339 5527 343 5531 '
417 5518 485 5570 ab
517 5531 607 5570 eo.
649 5534 668 5568 ι
709 5515 924 5571 Morbus
967 5517 1056 5572 ille
1096 5519 1306 5574 mulieri
1339 5521 1552 5578 diabolo
1601 5521 1868 5594 amigente
1899 5541 1991 5580 ac-

415 5607 654 5671 ciderat,
688 5607 828 5662 sicut
862 5619 916 5663 et
948 5608 1207 5666 Dominus
1240 5611 1395 5680 dicit,
1424 5629 1586 5684 quam
1622 5615 1860 5686 alligavit
1891 5617 1981 5672 Sa-

420 5710 574 5753 tanas
603 5700 789 5754 decem
832 5711 892 5756 et
917 5712 1041 5757 octo
1089 5706 1268 5761 annis.
1313 5705 1445 5759 Nam
1478 5705 1725 5762 fortassis
1771 5723 1990 5778 propter

418 5803 638 5860 peccata
688 5793 1010 5850 derelictam
1043 5809 1070 5850 a
1105 5795 1215 5853 Deo
1248 5797 1454 5866 punivit
1505 5799 1754 5855 Satanas.
1797 5801 1987 5860 Omnia

2105 4614 2258 4682 ἕλεγέ
2289 4615 2364 4683 τῷ
2407 4615 2578 4686 ϐχλῳ·
2630 4616 2728 4682 ἘΞ
2761 4618 2964 4690 ἡμέραι
3003 4622 3158 4684 εἰσὶν,
3189 4622 3248 4674 ὲν
3278 4615 3367 4684 αἷς
3400 4622 3478 4674 δεῖ
3508 4624 3648 4691 ἐργά-

2105 4706 2313 4770 ζεσθαιο
2351 4707 2408 4762 ὲν
2443 4707 2673 4772 ταύταις
2704 4708 2796 4762 οὖν
2835 4709 3120 4781 ἐρχόμενοι
3157 4711 3538 4781 θεραπεύεσθε,
3575 4712 3648 4764 καὶ

2107 4799 2181 4869 μὴ
2209 4800 2275 4870 τῇ
2315 4799 2497 4871 ἡμέρᾳ
2548 4799 2642 4854 τοῦ
2694 4801 2996 4857 Σαϐϐάτου.
3032 4803 3340 4875 Ἀπεκρίθη
3375 4806 3430 4859 δὲ
3477 4804 3649 4872 minii

2105 4893 2345 4962 Κύριος,
2383 4893 2476 4946 καὶ
2516 4887 2694 4946 εἶπενο
2740 4893 3071 4965 ’Υποκριτά,
3120 4894 3352 4959 ἕκαστος
3408 4895 3551 4966 ὑμῶν
3587 4892 3648 4960 τῷ

2103 4983 2368 5052 Σαϐϐάτῳ
2398 4984 2458 5037 ού
2491 4983 2610 5038 λύει
2657 4985 2750 5038 τὸν
2801 4985 2926 5056 βοῦν
2965 4986 3130 5042 αὑτοῦ
3153 5026 3169 5050 ,
3205 4987 3241 5062 ἢ
3290 4988 3383 5042 τὸν
3413 4988 3524 5041 ὄνον
3560 4986 3647 5039 ἀπὸ

2101 5077 2203 5145 τῆς
2260 5077 2491 5148 φάτνης,
2536 5081 2632 5130 καὶ
2679 5076 2988 5146 ἀπαγαγὼν
3043 5077 3292 5143 ποτίζεις
3350 5081 3554 5148 Ταύτην
3601 5077 3646 5128 δὲ

2103 5167 2380 5239 θυγατέρα
2421 5169 2674 5240 Ἀϐραάμ
2703 5169 2892 5237 οὖσαν,
2925 5171 2990 5240 ἢν
3024 5170 3216 5242 ἔδησεν
3247 5173 3274 5224 6
3300 5172 3534 5232 Σατανᾶς
3556 5168 3644 5220 ίδοὺ

2099 5259 2234 5313 δέκα
2266 5261 2363 5315 καὶ
2393 5260 2538 5314 ὀκτὼ
2561 5261 2678 5331 ἐτη,
2709 5263 2810 5316 οὐκ
2837 5262 2945 5317 ἔδει
2973 5263 3203 5332 λυθῆναι
3225 5263 3442 5318 ἀπὸτοῦ
3471 5257 3644 5327 δεσμοῦ

2099 5351 2291 5405 τούτου
2333 5355 2399 5424 τῇ
2429 5353 2614 5424 ἡμέρα
2642 5353 2737 5407 τοῦ
2761 5354 3070 5422 Σαϐϐἀτου;
3101 5356 3210 5408 Καὶ
3233 5356 3402 5409 ταῦτα
3430 5355 3645 5422 λέγοντος

2099 5446 2298 5510 αὑτοῦ,
2333 5447 2738 5521 κατῃσχύνοντο
2766 5448 2965 5513 πάντες
2999 5451 3048 5504 οἱ
3090 5450 3456 5519 ἀντικείμενοι
3490 5445 3638 5515 αὐτῷ,

2101 5539 2194 5592 καὶ
2241 5541 2348 5604 πᾶς
2403 5540 2432 5594 6
2471 5540 2628 5611 ὄχλος
2673 5540 2894 5612 ἔχαιρεν
2935 5541 3027 5594 ἐπὶ
3083 5544 3220 5594 πᾶσι
3273 5543 3385 5606 τοῖς
3443 5539 3641 5604 ἐνδόξοις

2097 5631 2208 5692 τοῖς
2243 5631 2550 5702 γινομένοις
2590 5632 2680 5684 ὑπ’
2723 5631 2912 5688 αὐτοῦ.
2962 5651 2981 5685 ι
3029 5630 3122 5697 Ἐξ
3151 5632 3414 5704 ἐπηρείας
3434 5628 3638 5686 διαϐολι-

2101 5719 2204 5786 κῆς
2236 5719 2296 5772 τὸ
2320 5719 2492 5784 πάθος
2515 5720 2675 5774 τοῦτο
2703 5725 2768 5792 τῇ
2801 5724 3022 5790 γυναικὶ
3050 5722 3275 5794 συνέϐη,
3313 5722 3453 5775 καθά
3479 5719 3533 5787 δὴ
3563 5714 3638 5766 καὶ

2099 5813 2126 5866 ὁ
2167 5813 2373 5883 Κύριός
2401 5829 2595 5883 φησιν·
2629 5815 2692 5884 ἣν
2725 5815 2910 5884 ἔδησεν
2945 5816 2971 5866 ὁ
3004 5815 3244 5879 Σατανᾶς
3278 5815 3369 5885 ἔτη
3407 5813 3525 5868 δέκα
3559 5806 3634 5860 καὶ
