  <div class='ocr_page' id='page_1' title='image "/cluster/home/n/w/nwhite01/storage/ocr_20150623/123/hvd.32044019208198/469.png"; bbox 0 0 3896 6452; ppageno 0'>
   <div class='ocr_carea' id='block_1_1' title="bbox 515 363 621 425">
    <p class='ocr_par' dir='ltr' id='par_1_1' title="bbox 515 363 621 425">
     <span class='ocr_line' id='line_1_1' title="bbox 515 363 621 425; baseline 0 -1"><span class='ocrx_word' id='word_1_1' title='bbox 515 363 621 425; x_wconf 72' lang='grc'><strong>919</strong></span> 
     </span>
    </p>
   </div>
   <div class='ocr_carea' id='block_1_2' title="bbox 1364 366 3718 432">
    <p class='ocr_par' dir='ltr' id='par_1_2' title="bbox 1364 366 3718 432">
     <span class='ocr_line' id='line_1_2' title="bbox 1364 366 3718 432; baseline 0.002 -6"><span class='ocrx_word' id='word_1_2' title='bbox 1364 366 1909 430; x_wconf 72' lang='lat' dir='ltr'><strong>THEOPHYLACT</strong></span> <span class='ocrx_word' id='word_1_3' title='bbox 1921 371 1940 428; x_wconf 83' lang='grc' dir='ltr'><strong>ι</strong></span> <span class='ocrx_word' id='word_1_4' title='bbox 1983 367 2393 430; x_wconf 73' lang='lat' dir='ltr'><strong>BULGAlU/E</strong></span> <span class='ocrx_word' id='word_1_5' title='bbox 2434 366 2788 429; x_wconf 77' lang='lat' dir='ltr'><strong>ARCHIEP.</strong></span> <span class='ocrx_word' id='word_1_6' title='bbox 3633 366 3718 432; x_wconf 77' lang='grc' dir='ltr'><strong>9Ξο</strong></span> 
     </span>
    </p>
   </div>
   <div class='ocr_carea' id='block_1_3' title="bbox 517 470 2066 549">
    <p class='ocr_par' dir='ltr' id='par_1_3' title="bbox 517 474 2066 549">
     <span class='ocr_line' id='line_1_3' title="bbox 517 474 2066 549; baseline 0.003 -22"><span class='ocrx_word' id='word_1_7' title='bbox 517 474 712 528; x_wconf 86' lang='lat' dir='ltr'><strong>iterum</strong></span> <span class='ocrx_word' id='word_1_8' title='bbox 748 474 881 530; x_wconf 78' lang='lat' dir='ltr'><strong>dixit</strong></span> <span class='ocrx_word' id='word_1_9' title='bbox 915 493 927 529; x_wconf 92' lang='lat'><strong>:</strong></span> <span class='ocrx_word' id='word_1_10' title='bbox 965 475 1063 530; x_wconf 85' lang='lat' dir='ltr'><strong>Cui</strong></span> <span class='ocrx_word' id='word_1_11' title='bbox 1113 474 1290 532; x_wconf 85' lang='lat' dir='ltr'><strong>simile</strong></span> <span class='ocrx_word' id='word_1_12' title='bbox 1337 475 1529 532; x_wconf 80' lang='lat' dir='ltr'><strong>faciam</strong></span> <span class='ocrx_word' id='word_1_13' title='bbox 1569 494 1789 549; x_wconf 80' lang='lat' dir='ltr'><strong>regnum</strong></span> <span class='ocrx_word' id='word_1_14' title='bbox 1826 479 1953 533; x_wconf 84' lang='lat' dir='ltr'><strong>Dei?</strong></span> <span class='ocrx_word' id='word_1_15' title='bbox 2000 478 2066 532; x_wconf 82' lang='lat' dir='ltr'><strong>Si</strong></span> 
     </span>
    </p>
   </div>
   <div class='ocr_carea' id='block_1_4' title="bbox 2169 470 3717 549">
    <p class='ocr_par' dir='ltr' id='par_1_4' title="bbox 2193 470 3717 544">
     <span class='ocr_line' id='line_1_4' title="bbox 2193 470 3717 544; baseline -0.002 -12"><span class='ocrx_word' id='word_1_16' title='bbox 2193 477 2380 533; x_wconf 77' lang='grc' dir='ltr'>αὑτοῦ.</span> <span class='ocrx_word' id='word_1_17' title='bbox 2416 477 2583 531; x_wconf 87' lang='grc' dir='ltr'>Πάλιν</span> <span class='ocrx_word' id='word_1_18' title='bbox 2623 471 2767 529; x_wconf 70' lang='grc' dir='ltr'>εἴπεο</span> <span class='ocrx_word' id='word_1_19' title='bbox 2798 474 2916 528; x_wconf 83' lang='grc' dir='ltr'><strong>Τίνι</strong></span> <span class='ocrx_word' id='word_1_20' title='bbox 2945 470 3196 538; x_wconf 77' lang='grc' dir='ltr'><strong>ὁμοιώσω</strong></span> <span class='ocrx_word' id='word_1_21' title='bbox 3222 472 3318 544; x_wconf 79' lang='grc' dir='ltr'>τὴν</span> <span class='ocrx_word' id='word_1_22' title='bbox 3348 473 3616 543; x_wconf 76' lang='grc' dir='ltr'>βασιλείαν</span> <span class='ocrx_word' id='word_1_23' title='bbox 3641 478 3717 532; x_wconf 81' lang='grc' dir='ltr'><strong>τοῦ</strong></span> 
     </span>
    </p>
   </div>
   <div class='ocr_carea' id='block_1_5' title="bbox 451 565 2084 636">
    <p class='ocr_par' dir='ltr' id='par_1_5' title="bbox 451 565 2084 636">
     <span class='ocr_line' id='line_1_5' title="bbox 451 565 2084 636; baseline 0.005 -20"><span class='ocrx_word' id='word_1_24' title='bbox 451 607 480 625; x_wconf 80' lang='lat'><strong>,</strong></span> <span class='ocrx_word' id='word_1_25' title='bbox 513 565 642 616; x_wconf 82' lang='lat' dir='ltr'><strong>mile</strong></span> <span class='ocrx_word' id='word_1_26' title='bbox 671 574 764 618; x_wconf 60' lang='lat' dir='ltr'><strong>est.</strong></span> <span class='ocrx_word' id='word_1_27' title='bbox 787 565 1080 630; x_wconf 88' lang='lat' dir='ltr'><strong>fermento,</strong></span> <span class='ocrx_word' id='word_1_28' title='bbox 1107 568 1246 636; x_wconf 88' lang='lat' dir='ltr'><strong>quod</strong></span> <span class='ocrx_word' id='word_1_29' title='bbox 1271 579 1550 636; x_wconf 87' lang='lat' dir='ltr'><strong>acceptum</strong></span> <span class='ocrx_word' id='word_1_30' title='bbox 1581 571 1773 625; x_wconf 86' lang='lat' dir='ltr'><strong>mulier</strong></span> <span class='ocrx_word' id='word_1_31' title='bbox 1803 572 2084 626; x_wconf 89' lang='lat' dir='ltr'><strong>abscondit</strong></span> 
     </span>
    </p>
   </div>
   <div class='ocr_carea' id='block_1_6' title="bbox 514 652 2084 723">
    <p class='ocr_par' dir='ltr' id='par_1_6' title="bbox 514 652 2084 723">
     <span class='ocr_line' id='line_1_6' title="bbox 514 652 2084 723; baseline 0.008 -19"><span class='ocrx_word' id='word_1_32' title='bbox 514 654 566 706; x_wconf 93' lang='lat' dir='ltr'><strong>in</strong></span> <span class='ocrx_word' id='word_1_33' title='bbox 602 652 792 708; x_wconf 75' lang='lat' dir='ltr'><strong>farinae</strong></span> <span class='ocrx_word' id='word_1_34' title='bbox 824 666 940 709; x_wconf 86' lang='lat' dir='ltr'><strong>sata</strong></span> <span class='ocrx_word' id='word_1_35' title='bbox 988 657 1088 710; x_wconf 88' lang='lat' dir='ltr'><strong>tria</strong></span> <span class='ocrx_word' id='word_1_36' title='bbox 1114 698 1130 723; x_wconf 91' lang='lat'><strong>,</strong></span> <span class='ocrx_word' id='word_1_37' title='bbox 1170 657 1344 712; x_wconf 88' lang='lat' dir='ltr'><strong>donec</strong></span> <span class='ocrx_word' id='word_1_38' title='bbox 1391 657 1744 714; x_wconf 74' lang='lat' dir='ltr'><strong>fermentctur</strong></span> <span class='ocrx_word' id='word_1_39' title='bbox 1777 669 1970 716; x_wconf 91' lang='lat' dir='ltr'><strong>totum.</strong></span> <span class='ocrx_word' id='word_1_40' title='bbox 2016 663 2084 716; x_wconf 83' lang='lat' dir='ltr'><strong>Et</strong></span> 
     </span>
    </p>
   </div>
   <div class='ocr_carea' id='block_1_7' title="bbox 511 743 2082 818">
    <p class='ocr_par' dir='ltr' id='par_1_7' title="bbox 511 743 2082 818">
     <span class='ocr_line' id='line_1_7' title="bbox 511 743 2082 818; baseline 0.01 -24"><span class='ocrx_word' id='word_1_41' title='bbox 511 743 623 796; x_wconf 92' lang='lat' dir='ltr'><strong>ibat</strong></span> <span class='ocrx_word' id='word_1_42' title='bbox 652 760 746 814; x_wconf 88' lang='lat' dir='ltr'><strong>per</strong></span> <span class='ocrx_word' id='word_1_43' title='bbox 776 748 1025 804; x_wconf 91' lang='lat' dir='ltr'><strong>civitates</strong></span> <span class='ocrx_word' id='word_1_44' title='bbox 1055 761 1110 804; x_wconf 91' lang='lat' dir='ltr'><strong>et</strong></span> <span class='ocrx_word' id='word_1_45' title='bbox 1141 751 1359 805; x_wconf 75' lang='lat' dir='ltr'><strong>castella</strong></span> <span class='ocrx_word' id='word_1_46' title='bbox 1396 752 1620 818; x_wconf 80' lang='lat' dir='ltr'><strong>docens,</strong></span> <span class='ocrx_word' id='word_1_47' title='bbox 1655 763 1706 807; x_wconf 90' lang='lat' dir='ltr'><strong>et</strong></span> <span class='ocrx_word' id='word_1_48' title='bbox 1749 757 1849 809; x_wconf 84' lang='lat' dir='ltr'><strong>iter</strong></span> <span class='ocrx_word' id='word_1_49' title='bbox 1880 755 2082 810; x_wconf 75' lang='lat' dir='ltr'><strong>faciens</strong></span> 
     </span>
    </p>
   </div>
   <div class='ocr_carea' id='block_1_8' title="bbox 509 832 2080 915">
    <p class='ocr_par' dir='ltr' id='par_1_8' title="bbox 509 832 2080 915">
     <span class='ocr_line' id='line_1_8' title="bbox 509 832 2080 915; baseline 0.01 -30"><span class='ocrx_word' id='word_1_50' title='bbox 509 832 963 910; x_wconf 73' lang='lat' dir='ltr'><strong>Hierosolymam.</strong></span> <span class='ocrx_word' id='word_1_51' title='bbox 1008 861 1025 893; x_wconf 72' lang='grc' dir='ltr'><strong>ι</strong></span> <span class='ocrx_word' id='word_1_52' title='bbox 1068 841 1249 896; x_wconf 87' lang='lat' dir='ltr'><strong>Grano</strong></span> <span class='ocrx_word' id='word_1_53' title='bbox 1307 843 1479 913; x_wconf 86' lang='lat' dir='ltr'><strong>sinapi</strong></span> <span class='ocrx_word' id='word_1_54' title='bbox 1536 854 1811 914; x_wconf 82' lang='lat' dir='ltr'><strong>comparat</strong></span> <span class='ocrx_word' id='word_1_55' title='bbox 1859 861 2080 915; x_wconf 81' lang='lat' dir='ltr'><strong>regnum</strong></span> 
     </span>
    </p>
   </div>
   <div class='ocr_carea' id='block_1_9' title="bbox 513 929 2077 1004">
    <p class='ocr_par' dir='ltr' id='par_1_9' title="bbox 513 929 2077 1004">
     <span class='ocr_line' id='line_1_9' title="bbox 513 929 2077 1004; baseline 0.007 -24"><span class='ocrx_word' id='word_1_56' title='bbox 513 930 627 984; x_wconf 87' lang='lat' dir='ltr'><strong>Dei.</strong></span> <span class='ocrx_word' id='word_1_57' title='bbox 661 929 907 1001; x_wconf 76' lang='lat' dir='ltr'><strong>Regnum</strong></span> <span class='ocrx_word' id='word_1_58' title='bbox 940 942 1121 986; x_wconf 90' lang='lat' dir='ltr'><strong>autem</strong></span> <span class='ocrx_word' id='word_1_59' title='bbox 1157 934 1248 987; x_wconf 84' lang='lat' dir='ltr'><strong>Dei</strong></span> <span class='ocrx_word' id='word_1_60' title='bbox 1284 934 1597 1004; x_wconf 75' lang='lat' dir='ltr'><strong>przedicatio</strong></span> <span class='ocrx_word' id='word_1_61' title='bbox 1635 948 1739 1001; x_wconf 70' lang='grc' dir='ltr'>ρει,</span> <span class='ocrx_word' id='word_1_62' title='bbox 1772 949 1829 992; x_wconf 88' lang='lat' dir='ltr'><strong>et</strong></span> <span class='ocrx_word' id='word_1_63' title='bbox 1856 940 2077 991; x_wconf 87' lang='lat' dir='ltr'><strong>verbum</strong></span> 
     </span>
    </p>
   </div>
   <div class='ocr_carea' id='block_1_10' title="bbox 508 1021 2084 1096">
    <p class='ocr_par' dir='ltr' id='par_1_10' title="bbox 508 1021 2084 1096">
     <span class='ocr_line' id='line_1_10' title="bbox 508 1021 2084 1096; baseline 0.008 -22"><span class='ocrx_word' id='word_1_64' title='bbox 508 1021 626 1076; x_wconf 90' lang='lat' dir='ltr'><strong>Dei.</strong></span> <span class='ocrx_word' id='word_1_65' title='bbox 662 1023 763 1078; x_wconf 83' lang='lat' dir='ltr'><strong>Per</strong></span> <span class='ocrx_word' id='word_1_66' title='bbox 796 1023 1238 1093; x_wconf 69' lang='lat' dir='ltr'><strong>praztlicationem</strong></span> <span class='ocrx_word' id='word_1_67' title='bbox 1267 1027 1411 1082; x_wconf 90' lang='lat' dir='ltr'><strong>enim</strong></span> <span class='ocrx_word' id='word_1_68' title='bbox 1449 1029 1694 1096; x_wconf 81' lang='lat' dir='ltr'><strong>regnavit</strong></span> <span class='ocrx_word' id='word_1_69' title='bbox 1720 1030 1771 1083; x_wconf 91' lang='lat' dir='ltr'><strong>in</strong></span> <span class='ocrx_word' id='word_1_70' title='bbox 1800 1031 2084 1086; x_wconf 88' lang='lat' dir='ltr'><strong>animabus</strong></span> 
     </span>
    </p>
   </div>
   <div class='ocr_carea' id='block_1_11' title="bbox 509 1113 2080 1188">
    <p class='ocr_par' dir='ltr' id='par_1_11' title="bbox 509 1113 2080 1188">
     <span class='ocr_line' id='line_1_11' title="bbox 509 1113 2080 1188; baseline 0.008 -23"><span class='ocrx_word' id='word_1_71' title='bbox 509 1113 809 1169; x_wconf 88' lang='lat' dir='ltr'><strong>hominum.</strong></span> <span class='ocrx_word' id='word_1_72' title='bbox 866 1115 1156 1172; x_wconf 83' lang='lat' dir='ltr'><strong>Enimvero</strong></span> <span class='ocrx_word' id='word_1_73' title='bbox 1191 1117 1332 1171; x_wconf 85' lang='lat' dir='ltr'><strong>sicut</strong></span> <span class='ocrx_word' id='word_1_74' title='bbox 1380 1119 1554 1188; x_wconf 84' lang='lat' dir='ltr'><strong>sinapi</strong></span> <span class='ocrx_word' id='word_1_75' title='bbox 1605 1119 1817 1175; x_wconf 89' lang='lat' dir='ltr'><strong>videtur</strong></span> <span class='ocrx_word' id='word_1_76' title='bbox 1864 1122 2080 1188; x_wconf 89' lang='lat' dir='ltr'><strong>quidem</strong></span> 
     </span>
    </p>
   </div>
   <div class='ocr_carea' id='block_1_12' title="bbox 505 1207 2076 1278">
    <p class='ocr_par' dir='ltr' id='par_1_12' title="bbox 505 1207 2076 1278">
     <span class='ocr_line' id='line_1_12' title="bbox 505 1207 2076 1278; baseline 0.007 -22"><span class='ocrx_word' id='word_1_77' title='bbox 505 1218 728 1271; x_wconf 89' lang='lat' dir='ltr'><strong>parvum</strong></span> <span class='ocrx_word' id='word_1_78' title='bbox 771 1221 923 1269; x_wconf 86' lang='lat' dir='ltr'><strong>esse,</strong></span> <span class='ocrx_word' id='word_1_79' title='bbox 978 1207 1198 1262; x_wconf 85' lang='lat' dir='ltr'><strong>multam</strong></span> <span class='ocrx_word' id='word_1_80' title='bbox 1231 1216 1410 1262; x_wconf 90' lang='lat' dir='ltr'><strong>autem</strong></span> <span class='ocrx_word' id='word_1_81' title='bbox 1456 1210 1617 1264; x_wconf 90' lang='lat' dir='ltr'><strong>habet</strong></span> <span class='ocrx_word' id='word_1_82' title='bbox 1667 1211 1948 1278; x_wconf 85' lang='lat' dir='ltr'><strong>virtutem,</strong></span> <span class='ocrx_word' id='word_1_83' title='bbox 2003 1213 2076 1267; x_wconf 88' lang='lat' dir='ltr'><strong>ita</strong></span> 
     </span>
    </p>
   </div>
   <div class='ocr_carea' id='block_1_13' title="bbox 503 1299 2072 1372">
    <p class='ocr_par' dir='ltr' id='par_1_13' title="bbox 503 1299 2072 1372">
     <span class='ocr_line' id='line_1_13' title="bbox 503 1299 2072 1372; baseline 0.008 -23"><span class='ocrx_word' id='word_1_84' title='bbox 503 1305 556 1349; x_wconf 90' lang='lat' dir='ltr'><strong>et</strong></span> <span class='ocrx_word' id='word_1_85' title='bbox 601 1311 783 1350; x_wconf 88' lang='lat' dir='ltr'><strong>sermo</strong></span> <span class='ocrx_word' id='word_1_86' title='bbox 831 1299 1106 1369; x_wconf 82' lang='lat' dir='ltr'><strong>Evangelii</strong></span> <span class='ocrx_word' id='word_1_87' title='bbox 1148 1303 1518 1356; x_wconf 89' lang='lat' dir='ltr'><strong>contemnitur</strong></span> <span class='ocrx_word' id='word_1_88' title='bbox 1558 1303 1776 1372; x_wconf 82' lang='lat' dir='ltr'><strong>quidem</strong></span> <span class='ocrx_word' id='word_1_89' title='bbox 1811 1321 1839 1358; x_wconf 89' lang='lat' dir='ltr'><strong>a</strong></span> <span class='ocrx_word' id='word_1_90' title='bbox 1871 1306 2072 1372; x_wconf 91' lang='lat' dir='ltr'><strong>multis,</strong></span> 
     </span>
    </p>
   </div>
   <div class='ocr_carea' id='block_1_14' title="bbox 502 1392 2076 1458">
    <p class='ocr_par' dir='ltr' id='par_1_14' title="bbox 502 1392 2076 1458">
     <span class='ocr_line' id='line_1_14' title="bbox 502 1392 2076 1458; baseline 0.008 -18"><span class='ocrx_word' id='word_1_91' title='bbox 502 1397 557 1440; x_wconf 89' lang='lat' dir='ltr'><strong>et</strong></span> <span class='ocrx_word' id='word_1_92' title='bbox 612 1401 833 1458; x_wconf 83' lang='lat' dir='ltr'><strong>apparet</strong></span> <span class='ocrx_word' id='word_1_93' title='bbox 870 1405 994 1446; x_wconf 78' lang='lat' dir='ltr'><strong>esse</strong></span> <span class='ocrx_word' id='word_1_94' title='bbox 1031 1392 1257 1446; x_wconf 88' lang='lat' dir='ltr'><strong>stultitia</strong></span> <span class='ocrx_word' id='word_1_95' title='bbox 1303 1412 1315 1446; x_wconf 92' lang='lat'><strong>:</strong></span> <span class='ocrx_word' id='word_1_96' title='bbox 1373 1409 1494 1448; x_wconf 92' lang='lat' dir='ltr'><strong>cum</strong></span> <span class='ocrx_word' id='word_1_97' title='bbox 1558 1411 1685 1450; x_wconf 91' lang='lat' dir='ltr'><strong>vero</strong></span> <span class='ocrx_word' id='word_1_98' title='bbox 1729 1396 1879 1452; x_wconf 90' lang='lat' dir='ltr'><strong>illum</strong></span> <span class='ocrx_word' id='word_1_99' title='bbox 1915 1398 2076 1452; x_wconf 87' lang='lat' dir='ltr'><strong>homo</strong></span> 
     </span>
    </p>
   </div>
   <div class='ocr_carea' id='block_1_15' title="bbox 502 1481 2076 1554">
    <p class='ocr_par' dir='ltr' id='par_1_15' title="bbox 502 1481 2076 1554">
     <span class='ocr_line' id='line_1_15' title="bbox 502 1481 2076 1554; baseline 0.008 -22"><span class='ocrx_word' id='word_1_100' title='bbox 502 1481 828 1549; x_wconf 74' lang='lat' dir='ltr'><strong>susceperit,</strong></span> <span class='ocrx_word' id='word_1_101' title='bbox 862 1489 915 1536; x_wconf 88' lang='lat' dir='ltr'><strong>et</strong></span> <span class='ocrx_word' id='word_1_102' title='bbox 950 1483 1159 1538; x_wconf 86' lang='lat' dir='ltr'><strong>miserit</strong></span> <span class='ocrx_word' id='word_1_103' title='bbox 1183 1485 1235 1538; x_wconf 91' lang='lat' dir='ltr'><strong>in</strong></span> <span class='ocrx_word' id='word_1_104' title='bbox 1269 1485 1484 1540; x_wconf 85' lang='lat' dir='ltr'><strong>hortum</strong></span> <span class='ocrx_word' id='word_1_105' title='bbox 1522 1503 1634 1542; x_wconf 70' lang='lat' dir='ltr'><strong>sua:</strong></span> <span class='ocrx_word' id='word_1_106' title='bbox 1665 1490 1879 1554; x_wconf 75' lang='lat' dir='ltr'><strong>aninue,</strong></span> <span class='ocrx_word' id='word_1_107' title='bbox 1916 1489 2076 1544; x_wconf 87' lang='lat' dir='ltr'><strong>arbo-</strong></span> 
     </span>
    </p>
   </div>
   <div class='ocr_carea' id='block_1_16' title="bbox 503 1559 2078 1645">
    <p class='ocr_par' dir='ltr' id='par_1_16' title="bbox 503 1559 2078 1645">
     <span class='ocr_line' id='line_1_16' title="bbox 503 1559 2078 1645; baseline 0.01 -23"><span class='ocrx_word' id='word_1_108' title='bbox 503 1559 617 1624; x_wconf 84' lang='lat' dir='ltr'><strong>rem</strong></span> <span class='ocrx_word' id='word_1_109' title='bbox 653 1587 901 1642; x_wconf 83' lang='lat' dir='ltr'><strong>magnam</strong></span> <span class='ocrx_word' id='word_1_110' title='bbox 950 1572 1101 1639; x_wconf 82' lang='lat' dir='ltr'><strong>facit,</strong></span> <span class='ocrx_word' id='word_1_111' title='bbox 1135 1577 1205 1629; x_wconf 89' lang='lat' dir='ltr'><strong>ita</strong></span> <span class='ocrx_word' id='word_1_112' title='bbox 1237 1586 1294 1630; x_wconf 93' lang='lat' dir='ltr'><strong>ut</strong></span> <span class='ocrx_word' id='word_1_113' title='bbox 1328 1588 1384 1632; x_wconf 89' lang='lat' dir='ltr'><strong>et</strong></span> <span class='ocrx_word' id='word_1_114' title='bbox 1413 1595 1590 1634; x_wconf 88' lang='lat' dir='ltr'><strong>ramos</strong></span> <span class='ocrx_word' id='word_1_115' title='bbox 1623 1580 1831 1645; x_wconf 83' lang='lat' dir='ltr'><strong>dilatet,</strong></span> <span class='ocrx_word' id='word_1_116' title='bbox 1886 1596 1948 1635; x_wconf 93' lang='lat' dir='ltr'><strong>ac</strong></span> <span class='ocrx_word' id='word_1_117' title='bbox 1986 1597 2078 1636; x_wconf 91' lang='lat' dir='ltr'><strong>vo-</strong></span> 
     </span>
    </p>
   </div>
   <div class='ocr_carea' id='block_1_17' title="bbox 500 1661 2076 1740">
    <p class='ocr_par' dir='ltr' id='par_1_17' title="bbox 500 1661 2076 1740">
     <span class='ocr_line' id='line_1_17' title="bbox 500 1661 2076 1740; baseline 0.009 -26"><span class='ocrx_word' id='word_1_118' title='bbox 500 1661 666 1717; x_wconf 85' lang='lat' dir='ltr'><strong>latilia</strong></span> <span class='ocrx_word' id='word_1_119' title='bbox 691 1665 833 1729; x_wconf 61' lang='lat' dir='ltr'><strong>caeli,</strong></span> <span class='ocrx_word' id='word_1_120' title='bbox 865 1667 968 1720; x_wconf 93' lang='lat' dir='ltr'><strong>hoc</strong></span> <span class='ocrx_word' id='word_1_121' title='bbox 993 1676 1101 1734; x_wconf 89' lang='lat' dir='ltr'><strong>est,</strong></span> <span class='ocrx_word' id='word_1_122' title='bbox 1137 1669 1382 1724; x_wconf 89' lang='lat' dir='ltr'><strong>homines</strong></span> <span class='ocrx_word' id='word_1_123' title='bbox 1414 1671 1596 1740; x_wconf 76' lang='lat' dir='ltr'><strong>quiin</strong></span> <span class='ocrx_word' id='word_1_124' title='bbox 1637 1673 1869 1727; x_wconf 89' lang='lat' dir='ltr'><strong>sublime</strong></span> <span class='ocrx_word' id='word_1_125' title='bbox 1895 1673 2076 1728; x_wconf 89' lang='lat' dir='ltr'><strong>volare</strong></span> 
     </span>
    </p>
   </div>
   <div class='ocr_carea' id='block_1_18' title="bbox 2187 565 3719 640">
    <p class='ocr_par' dir='ltr' id='par_1_18' title="bbox 2187 565 3719 640">
     <span class='ocr_line' id='line_1_18' title="bbox 2187 565 3719 640; baseline -0.003 -15"><span class='ocrx_word' id='word_1_126' title='bbox 2187 571 2364 634; x_wconf 83' lang='grc' dir='ltr'>Θεοῦ;</span> <span class='ocrx_word' id='word_1_127' title='bbox 2405 569 2600 640; x_wconf 89' lang='grc' dir='ltr'>Ὀμοία</span> <span class='ocrx_word' id='word_1_128' title='bbox 2629 569 2746 622; x_wconf 71' lang='grc' dir='ltr'>ἐστὶ</span> <span class='ocrx_word' id='word_1_129' title='bbox 2784 567 2953 638; x_wconf 80' lang='grc' dir='ltr'>ζύμῃ,</span> <span class='ocrx_word' id='word_1_130' title='bbox 2981 567 3048 636; x_wconf 72' lang='grc' dir='ltr'>ἢν</span> <span class='ocrx_word' id='word_1_131' title='bbox 3080 565 3319 619; x_wconf 82' lang='grc' dir='ltr'>λαϐοῦσα</span> <span class='ocrx_word' id='word_1_132' title='bbox 3355 566 3497 635; x_wconf 79' lang='grc' dir='ltr'>γυνὴ</span> <span class='ocrx_word' id='word_1_133' title='bbox 3521 566 3719 638; x_wconf 53' lang='lat' dir='ltr'><strong>apud,“</strong></span> 
     </span>
    </p>
   </div>
   <div class='ocr_carea' id='block_1_19' title="bbox 2188 651 3720 732">
    <p class='ocr_par' dir='ltr' id='par_1_19' title="bbox 2188 651 3720 732">
     <span class='ocr_line' id='line_1_19' title="bbox 2188 651 3720 732; baseline -0.005 -15"><span class='ocrx_word' id='word_1_134' title='bbox 2188 666 2266 724; x_wconf 86' lang='grc' dir='ltr'><strong>είς</strong></span> <span class='ocrx_word' id='word_1_135' title='bbox 2312 662 2543 732; x_wconf 80' lang='grc' dir='ltr'>ἀλεύρου</span> <span class='ocrx_word' id='word_1_136' title='bbox 2580 662 2717 715; x_wconf 82' lang='grc' dir='ltr'>σάτα</span> <span class='ocrx_word' id='word_1_137' title='bbox 2750 660 2906 730; x_wconf 83' lang='grc' dir='ltr'>τρία,</span> <span class='ocrx_word' id='word_1_138' title='bbox 2939 660 3046 720; x_wconf 73' lang='grc' dir='ltr'><strong>ἕως</strong></span> <span class='ocrx_word' id='word_1_139' title='bbox 3084 651 3144 711; x_wconf 74' lang='grc' dir='ltr'>οὗ</span> <span class='ocrx_word' id='word_1_140' title='bbox 3180 657 3440 728; x_wconf 76' lang='grc' dir='ltr'><strong>ἐζυμώθη</strong></span> <span class='ocrx_word' id='word_1_141' title='bbox 3474 658 3604 714; x_wconf 81' lang='grc' dir='ltr'>ὅλον,</span> <span class='ocrx_word' id='word_1_142' title='bbox 3632 662 3720 715; x_wconf 73' lang='grc' dir='ltr'>Καὶ</span> 
     </span>
    </p>
   </div>
   <div class='ocr_carea' id='block_1_20' title="bbox 2183 748 3722 823">
    <p class='ocr_par' dir='ltr' id='par_1_20' title="bbox 2183 748 3722 823">
     <span class='ocr_line' id='line_1_20' title="bbox 2183 748 3722 823; baseline -0.002 -16"><span class='ocrx_word' id='word_1_143' title='bbox 2183 753 2528 823; x_wconf 78' lang='grc' dir='ltr'><strong>διεπορεύετο</strong></span> <span class='ocrx_word' id='word_1_144' title='bbox 2559 754 2696 806; x_wconf 79' lang='grc' dir='ltr'>κατὰ</span> <span class='ocrx_word' id='word_1_145' title='bbox 2735 751 2918 814; x_wconf 87' lang='grc' dir='ltr'>πόλεις</span> <span class='ocrx_word' id='word_1_146' title='bbox 2977 751 3072 803; x_wconf 73' lang='grc' dir='ltr'><strong>καὶ</strong></span> <span class='ocrx_word' id='word_1_147' title='bbox 3102 749 3296 818; x_wconf 83' lang='grc' dir='ltr'>κώμας</span> <span class='ocrx_word' id='word_1_148' title='bbox 3341 748 3619 813; x_wconf 73' lang='grc' dir='ltr'>διδάσκων,</span> <span class='ocrx_word' id='word_1_149' title='bbox 3646 754 3722 804; x_wconf 72' lang='grc' dir='ltr'><strong>καὶ</strong></span> 
     </span>
    </p>
   </div>
   <div class='ocr_carea' id='block_1_21' title="bbox 2186 839 3719 916">
    <p class='ocr_par' dir='ltr' id='par_1_21' title="bbox 2186 839 3719 916">
     <span class='ocr_line' id='line_1_21' title="bbox 2186 839 3719 916; baseline -0.004 -18"><span class='ocrx_word' id='word_1_150' title='bbox 2186 845 2413 916; x_wconf 88' lang='grc' dir='ltr'>πορείαν</span> <span class='ocrx_word' id='word_1_151' title='bbox 2449 843 2773 912; x_wconf 87' lang='grc' dir='ltr'>ποιούμενος</span> <span class='ocrx_word' id='word_1_152' title='bbox 2819 842 2900 904; x_wconf 83' lang='grc' dir='ltr'><strong>είς</strong></span> <span class='ocrx_word' id='word_1_153' title='bbox 2937 839 3320 911; x_wconf 85' lang='grc' dir='ltr'>Ἰερουσαλήμ.</span> <span class='ocrx_word' id='word_1_154' title='bbox 3365 857 3385 890; x_wconf 74' lang='grc' dir='ltr'><strong>ι</strong></span> <span class='ocrx_word' id='word_1_155' title='bbox 3440 840 3627 908; x_wconf 84' lang='grc' dir='ltr'>Κόκκῳ</span> <span class='ocrx_word' id='word_1_156' title='bbox 3656 858 3719 894; x_wconf 85' lang='grc' dir='ltr'>σι-</span> 
     </span>
    </p>
   </div>
   <div class='ocr_carea' id='block_1_22' title="bbox 2185 929 3720 1006">
    <p class='ocr_par' dir='ltr' id='par_1_22' title="bbox 2185 929 3720 1006">
     <span class='ocr_line' id='line_1_22' title="bbox 2185 929 3720 1006; baseline -0.003 -17"><span class='ocrx_word' id='word_1_157' title='bbox 2185 938 2399 998; x_wconf 86' lang='grc' dir='ltr'>νάπεως</span> <span class='ocrx_word' id='word_1_158' title='bbox 2429 934 2770 1006; x_wconf 79' lang='grc' dir='ltr'>παραϐάλλει</span> <span class='ocrx_word' id='word_1_159' title='bbox 2815 933 2914 1003; x_wconf 80' lang='grc' dir='ltr'><strong>τὴν</strong></span> <span class='ocrx_word' id='word_1_160' title='bbox 2945 931 3219 1002; x_wconf 86' lang='grc' dir='ltr'>βασιλείαν</span> <span class='ocrx_word' id='word_1_161' title='bbox 3257 929 3352 983; x_wconf 87' lang='grc' dir='ltr'><strong>τοῦ</strong></span> <span class='ocrx_word' id='word_1_162' title='bbox 3403 929 3565 982; x_wconf 90' lang='grc' dir='ltr'>Θεοῦ·</span> <span class='ocrx_word' id='word_1_163' title='bbox 3597 931 3720 1000; x_wconf 74' lang='grc' dir='ltr'>βασιο</span> 
     </span>
    </p>
   </div>
   <div class='ocr_carea' id='block_1_23' title="bbox 2187 1023 3720 1096">
    <p class='ocr_par' dir='ltr' id='par_1_23' title="bbox 2187 1023 3720 1096">
     <span class='ocr_line' id='line_1_23' title="bbox 2187 1023 3720 1096; baseline -0.005 -13"><span class='ocrx_word' id='word_1_164' title='bbox 2187 1030 2306 1083; x_wconf 87' lang='grc' dir='ltr'>λεία</span> <span class='ocrx_word' id='word_1_165' title='bbox 2345 1029 2401 1082; x_wconf 81' lang='grc' dir='ltr'>δὲ</span> <span class='ocrx_word' id='word_1_166' title='bbox 2429 1028 2564 1082; x_wconf 88' lang='grc' dir='ltr'>Θεοῦ</span> <span class='ocrx_word' id='word_1_167' title='bbox 2597 1031 2624 1082; x_wconf 87' lang='grc' dir='ltr'>ὁ</span> <span class='ocrx_word' id='word_1_168' title='bbox 2650 1027 2806 1095; x_wconf 82' lang='grc' dir='ltr'>λόγος</span> <span class='ocrx_word' id='word_1_169' title='bbox 2867 1026 2960 1080; x_wconf 77' lang='grc' dir='ltr'>καὶ</span> <span class='ocrx_word' id='word_1_170' title='bbox 2992 1026 3053 1079; x_wconf 82' lang='grc' dir='ltr'><strong>τὸ</strong></span> <span class='ocrx_word' id='word_1_171' title='bbox 3085 1027 3371 1096; x_wconf 85' lang='grc' dir='ltr'>κήρυγμα.</span> <span class='ocrx_word' id='word_1_172' title='bbox 3406 1023 3506 1075; x_wconf 81' lang='grc' dir='ltr'><strong>Διά</strong></span> <span class='ocrx_word' id='word_1_173' title='bbox 3529 1023 3720 1093; x_wconf 70' lang='grc' dir='ltr'>γὰρτοῦ</span> 
     </span>
    </p>
   </div>
   <div class='ocr_carea' id='block_1_24' title="bbox 2184 1116 3721 1194">
    <p class='ocr_par' dir='ltr' id='par_1_24' title="bbox 2184 1116 3721 1194">
     <span class='ocr_line' id='line_1_24' title="bbox 2184 1116 3721 1194; baseline -0.005 -18"><span class='ocrx_word' id='word_1_174' title='bbox 2184 1124 2540 1194; x_wconf 79' lang='grc' dir='ltr'>κηρύγματος</span> <span class='ocrx_word' id='word_1_175' title='bbox 2580 1121 2932 1176; x_wconf 73' lang='grc' dir='ltr'>ἐϐασίλευσεν</span> <span class='ocrx_word' id='word_1_176' title='bbox 2959 1121 3051 1173; x_wconf 75' lang='grc' dir='ltr'>ἐπὶ</span> <span class='ocrx_word' id='word_1_177' title='bbox 3081 1119 3181 1181; x_wconf 80' lang='grc' dir='ltr'><strong>τὰς</strong></span> <span class='ocrx_word' id='word_1_178' title='bbox 3207 1116 3389 1188; x_wconf 76' lang='grc' dir='ltr'>ψυχὰς</span> <span class='ocrx_word' id='word_1_179' title='bbox 3415 1116 3523 1168; x_wconf 74' lang='grc' dir='ltr'>τῶν</span> <span class='ocrx_word' id='word_1_180' title='bbox 3547 1116 3721 1185; x_wconf 78' lang='grc' dir='ltr'>ἀνθρώ-</span> 
     </span>
    </p>
   </div>
   <div class='ocr_carea' id='block_1_25' title="bbox 2182 1203 3718 1282">
    <p class='ocr_par' dir='ltr' id='par_1_25' title="bbox 2182 1203 3718 1282">
     <span class='ocr_line' id='line_1_25' title="bbox 2182 1203 3718 1282; baseline -0.008 -14"><span class='ocrx_word' id='word_1_181' title='bbox 2182 1233 2322 1268; x_wconf 89' lang='grc' dir='ltr'>πων.</span> <span class='ocrx_word' id='word_1_182' title='bbox 2355 1215 2566 1282; x_wconf 81' lang='grc' dir='ltr'>Ὠσπερ</span> <span class='ocrx_word' id='word_1_183' title='bbox 2593 1211 2685 1267; x_wconf 78' lang='grc' dir='ltr'><strong>οῦν</strong></span> <span class='ocrx_word' id='word_1_184' title='bbox 2715 1212 2776 1266; x_wconf 82' lang='grc' dir='ltr'><strong>τὸ</strong></span> <span class='ocrx_word' id='word_1_185' title='bbox 2815 1211 3002 1281; x_wconf 89' lang='grc' dir='ltr'>σίνηπι</span> <span class='ocrx_word' id='word_1_186' title='bbox 3034 1211 3184 1264; x_wconf 87' lang='grc' dir='ltr'>δοκεῖ</span> <span class='ocrx_word' id='word_1_187' title='bbox 3228 1209 3326 1278; x_wconf 82' lang='grc' dir='ltr'><strong>μὲν</strong></span> <span class='ocrx_word' id='word_1_188' title='bbox 3361 1203 3502 1260; x_wconf 76' lang='grc' dir='ltr'>εἶναι</span> <span class='ocrx_word' id='word_1_189' title='bbox 3536 1210 3718 1276; x_wconf 64' lang='grc' dir='ltr'>μικρὸν,</span> 
     </span>
    </p>
   </div>
   <div class='ocr_carea' id='block_1_26' title="bbox 2180 1296 3720 1376">
    <p class='ocr_par' dir='ltr' id='par_1_26' title="bbox 2180 1296 3720 1376">
     <span class='ocr_line' id='line_1_26' title="bbox 2180 1296 3720 1376; baseline -0.006 -17"><span class='ocrx_word' id='word_1_190' title='bbox 2180 1305 2382 1376; x_wconf 75' lang='grc' dir='ltr'>πολλὴν</span> <span class='ocrx_word' id='word_1_191' title='bbox 2414 1306 2470 1358; x_wconf 86' lang='grc' dir='ltr'>δὲ</span> <span class='ocrx_word' id='word_1_192' title='bbox 2503 1305 2604 1376; x_wconf 79' lang='grc' dir='ltr'>τὴν</span> <span class='ocrx_word' id='word_1_193' title='bbox 2641 1304 2874 1373; x_wconf 84' lang='grc' dir='ltr'>δύναμιν</span> <span class='ocrx_word' id='word_1_194' title='bbox 2901 1303 3016 1373; x_wconf 74' lang='grc' dir='ltr'>ἔχει</span> <span class='ocrx_word' id='word_1_195' title='bbox 3037 1341 3051 1365; x_wconf 92' lang='grc'><strong>,</strong></span> <span class='ocrx_word' id='word_1_196' title='bbox 3092 1299 3238 1354; x_wconf 79' lang='grc' dir='ltr'>οὕτω</span> <span class='ocrx_word' id='word_1_197' title='bbox 3272 1300 3370 1352; x_wconf 75' lang='grc' dir='ltr'>καὶ</span> <span class='ocrx_word' id='word_1_198' title='bbox 3398 1301 3429 1352; x_wconf 87' lang='grc' dir='ltr'>ὁ</span> <span class='ocrx_word' id='word_1_199' title='bbox 3467 1296 3615 1366; x_wconf 82' lang='grc' dir='ltr'>λόγος</span> <span class='ocrx_word' id='word_1_200' title='bbox 3646 1298 3720 1350; x_wconf 79' lang='grc' dir='ltr'><strong>τοῦ</strong></span> 
     </span>
    </p>
   </div>
   <div class='ocr_carea' id='block_1_27' title="bbox 2179 1389 3722 1468">
    <p class='ocr_par' dir='ltr' id='par_1_27' title="bbox 2179 1389 3722 1468">
     <span class='ocr_line' id='line_1_27' title="bbox 2179 1389 3722 1468; baseline -0.008 -16"><span class='ocrx_word' id='word_1_201' title='bbox 2179 1397 2514 1467; x_wconf 83' lang='grc' dir='ltr'>Εὐαγγελίου</span> <span class='ocrx_word' id='word_1_202' title='bbox 2564 1397 2989 1468; x_wconf 86' lang='grc' dir='ltr'>καταφρονεῖται</span> <span class='ocrx_word' id='word_1_203' title='bbox 3037 1393 3137 1464; x_wconf 79' lang='grc' dir='ltr'>μὲν</span> <span class='ocrx_word' id='word_1_204' title='bbox 3190 1393 3305 1455; x_wconf 74' lang='grc' dir='ltr'>τοῖς</span> <span class='ocrx_word' id='word_1_205' title='bbox 3374 1389 3603 1452; x_wconf 82' lang='grc' dir='ltr'>πολλοῖς,</span> <span class='ocrx_word' id='word_1_206' title='bbox 3650 1393 3722 1441; x_wconf 75' lang='grc' dir='ltr'><strong>καὶ</strong></span> 
     </span>
    </p>
   </div>
   <div class='ocr_carea' id='block_1_28' title="bbox 2176 1483 3722 1563">
    <p class='ocr_par' dir='ltr' id='par_1_28' title="bbox 2176 1483 3722 1563">
     <span class='ocr_line' id='line_1_28' title="bbox 2176 1483 3722 1563; baseline -0.009 -16"><span class='ocrx_word' id='word_1_207' title='bbox 2176 1493 2324 1546; x_wconf 81' lang='grc' dir='ltr'>δοκεῖ</span> <span class='ocrx_word' id='word_1_208' title='bbox 2359 1492 2541 1563; x_wconf 80' lang='grc' dir='ltr'>μωρία</span> <span class='ocrx_word' id='word_1_209' title='bbox 2571 1487 2712 1544; x_wconf 79' lang='grc' dir='ltr'>εἶναι</span> <span class='ocrx_word' id='word_1_210' title='bbox 2735 1531 2748 1557; x_wconf 95' lang='grc'><strong>,</strong></span> <span class='ocrx_word' id='word_1_211' title='bbox 2783 1490 2966 1542; x_wconf 86' lang='grc' dir='ltr'>λαϐὼν</span> <span class='ocrx_word' id='word_1_212' title='bbox 3012 1487 3070 1540; x_wconf 82' lang='grc' dir='ltr'>δὲ</span> <span class='ocrx_word' id='word_1_213' title='bbox 3100 1486 3264 1541; x_wconf 80' lang='grc' dir='ltr'>αὑτὸν</span> <span class='ocrx_word' id='word_1_214' title='bbox 3312 1483 3620 1554; x_wconf 77' lang='grc' dir='ltr'>ἄνθρωπος,</span> <span class='ocrx_word' id='word_1_215' title='bbox 3647 1483 3722 1534; x_wconf 80' lang='grc' dir='ltr'>καὶ</span> 
     </span>
    </p>
   </div>
   <div class='ocr_carea' id='block_1_29' title="bbox 2180 1573 3720 1654">
    <p class='ocr_par' dir='ltr' id='par_1_29' title="bbox 2180 1573 3720 1654">
     <span class='ocr_line' id='line_1_29' title="bbox 2180 1573 3720 1654; baseline -0.009 -16"><span class='ocrx_word' id='word_1_216' title='bbox 2180 1584 2358 1654; x_wconf 84' lang='grc' dir='ltr'>βαλὼν</span> <span class='ocrx_word' id='word_1_217' title='bbox 2395 1585 2476 1646; x_wconf 81' lang='grc' dir='ltr'><strong>είς</strong></span> <span class='ocrx_word' id='word_1_218' title='bbox 2535 1584 2710 1654; x_wconf 82' lang='grc' dir='ltr'>κῆπον</span> <span class='ocrx_word' id='word_1_219' title='bbox 2763 1580 2952 1645; x_wconf 82' lang='grc' dir='ltr'>αὑτοῦ,</span> <span class='ocrx_word' id='word_1_220' title='bbox 3007 1580 3177 1650; x_wconf 74' lang='grc' dir='ltr'>ήγουν</span> <span class='ocrx_word' id='word_1_221' title='bbox 3227 1579 3294 1646; x_wconf 72' lang='grc' dir='ltr'>τῇ</span> <span class='ocrx_word' id='word_1_222' title='bbox 3344 1575 3541 1628; x_wconf 77' lang='grc' dir='ltr'>ἑαυτοῦ</span> <span class='ocrx_word' id='word_1_223' title='bbox 3581 1573 3720 1643; x_wconf 59' lang='lat' dir='ltr'><strong>tinxi},</strong></span> 
     </span>
    </p>
   </div>
   <div class='ocr_carea' id='block_1_30' title="bbox 2177 1666 3719 1747">
    <p class='ocr_par' dir='ltr' id='par_1_30' title="bbox 2177 1666 3719 1747">
     <span class='ocr_line' id='line_1_30' title="bbox 2177 1666 3719 1747; baseline -0.009 -16"><span class='ocrx_word' id='word_1_224' title='bbox 2177 1676 2392 1747; x_wconf 83' lang='grc' dir='ltr'>δένδρον</span> <span class='ocrx_word' id='word_1_225' title='bbox 2431 1675 2572 1745; x_wconf 85' lang='grc' dir='ltr'>μέγα</span> <span class='ocrx_word' id='word_1_226' title='bbox 2607 1677 2769 1737; x_wconf 80' lang='grc' dir='ltr'>ποιεῖ,</span> <span class='ocrx_word' id='word_1_227' title='bbox 2812 1672 2954 1727; x_wconf 85' lang='grc' dir='ltr'>ὥστε</span> <span class='ocrx_word' id='word_1_228' title='bbox 2988 1671 3217 1732; x_wconf 77' lang='grc' dir='ltr'>κλάδους</span> <span class='ocrx_word' id='word_1_229' title='bbox 3247 1666 3398 1735; x_wconf 83' lang='grc' dir='ltr'>αὐτῷ</span> <span class='ocrx_word' id='word_1_230' title='bbox 3434 1667 3719 1736; x_wconf 78' lang='grc' dir='ltr'>προσεῖναι,</span> 
     </span>
    </p>
   </div>
   <div class='ocr_carea' id='block_1_31' title="bbox 501 1753 2066 1838">
    <p class='ocr_par' dir='ltr' id='par_1_31' title="bbox 501 1753 2066 1838">
     <span class='ocr_line' id='line_1_31' title="bbox 501 1753 2066 1838; baseline 0.01 -32"><span class='ocrx_word' id='word_1_231' title='bbox 501 1753 768 1816; x_wconf 87' lang='lat' dir='ltr'><strong>nituntur.</strong></span> <span class='ocrx_word' id='word_1_232' title='bbox 814 1757 969 1813; x_wconf 90' lang='lat' dir='ltr'><strong>nidos</strong></span> <span class='ocrx_word' id='word_1_233' title='bbox 993 1759 1232 1815; x_wconf 89' lang='lat' dir='ltr'><strong>habeant</strong></span> <span class='ocrx_word' id='word_1_234' title='bbox 1266 1763 1318 1815; x_wconf 90' lang='lat' dir='ltr'><strong>in</strong></span> <span class='ocrx_word' id='word_1_235' title='bbox 1351 1763 1536 1819; x_wconf 83' lang='lat' dir='ltr'><strong>ramis.</strong></span> <span class='ocrx_word' id='word_1_236' title='bbox 1577 1765 1676 1831; x_wconf 84' lang='lat' dir='ltr'><strong>Qui</strong></span> <span class='ocrx_word' id='word_1_237' title='bbox 1705 1768 1850 1820; x_wconf 79' lang='lat' dir='ltr'><strong>etiim</strong></span> <span class='ocrx_word' id='word_1_238' title='bbox 1887 1783 2066 1838; x_wconf 91' lang='lat' dir='ltr'><strong>super-</strong></span> 
     </span>
    </p>
   </div>
   <div class='ocr_carea' id='block_1_32' title="bbox 2169 1753 3721 1838">
    <p class='ocr_par' dir='ltr' id='par_1_32' title="bbox 2178 1757 3721 1837">
     <span class='ocr_line' id='line_1_32' title="bbox 2178 1757 3721 1837; baseline -0.01 -14"><span class='ocrx_word' id='word_1_239' title='bbox 2178 1771 2273 1824; x_wconf 78' lang='grc' dir='ltr'><strong>καὶ</strong></span> <span class='ocrx_word' id='word_1_240' title='bbox 2315 1769 2384 1823; x_wconf 75' lang='grc' dir='ltr'><strong>τὰ</strong></span> <span class='ocrx_word' id='word_1_241' title='bbox 2419 1768 2638 1822; x_wconf 82' lang='grc' dir='ltr'>πετεινά</span> <span class='ocrx_word' id='word_1_242' title='bbox 2689 1766 2782 1822; x_wconf 82' lang='grc' dir='ltr'><strong>τοῦ</strong></span> <span class='ocrx_word' id='word_1_243' title='bbox 2829 1763 3096 1837; x_wconf 81' lang='grc' dir='ltr'>ούρανοῦ,</span> <span class='ocrx_word' id='word_1_244' title='bbox 3163 1763 3301 1829; x_wconf 85' lang='grc' dir='ltr'>ὅπερ</span> <span class='ocrx_word' id='word_1_245' title='bbox 3350 1758 3472 1811; x_wconf 78' lang='grc' dir='ltr'>ἔστι</span> <span class='ocrx_word' id='word_1_246' title='bbox 3511 1759 3625 1820; x_wconf 70' lang='grc' dir='ltr'>τοὺς</span> <span class='ocrx_word' id='word_1_247' title='bbox 3667 1757 3721 1810; x_wconf 73' lang='grc' dir='ltr'><strong>τά</strong></span> 
     </span>
    </p>
   </div>
   <div class='ocr_carea' id='block_1_33' title="bbox 497 1849 2079 1928">
    <p class='ocr_par' dir='ltr' id='par_1_33' title="bbox 497 1849 2079 1928">
     <span class='ocr_line' id='line_1_33' title="bbox 497 1849 2079 1928; baseline 0.011 -28"><span class='ocrx_word' id='word_1_248' title='bbox 497 1849 665 1916; x_wconf 75' lang='lat' dir='ltr'><strong>gressi</strong></span> <span class='ocrx_word' id='word_1_249' title='bbox 701 1860 826 1904; x_wconf 85' lang='lat' dir='ltr'><strong>sunt</strong></span> <span class='ocrx_word' id='word_1_250' title='bbox 861 1853 1138 1908; x_wconf 71' lang='lat' dir='ltr'><strong>terrestria</strong></span> <span class='ocrx_word' id='word_1_251' title='bbox 1163 1893 1178 1918; x_wconf 96' lang='lat'><strong>,</strong></span> <span class='ocrx_word' id='word_1_252' title='bbox 1206 1855 1259 1908; x_wconf 89' lang='lat' dir='ltr'><strong>in</strong></span> <span class='ocrx_word' id='word_1_253' title='bbox 1302 1859 1464 1912; x_wconf 86' lang='lat' dir='ltr'><strong>rmnis</strong></span> <span class='ocrx_word' id='word_1_254' title='bbox 1502 1861 1926 1928; x_wconf 58' lang='lat' dir='ltr'><strong>praedicatiOnis,</strong></span> <span class='ocrx_word' id='word_1_255' title='bbox 1975 1861 2079 1918; x_wconf 91' lang='lat' dir='ltr'><strong>hoc</strong></span> 
     </span>
    </p>
   </div>
   <div class='ocr_carea' id='block_1_34' title="bbox 496 1939 2076 2026">
    <p class='ocr_par' dir='ltr' id='par_1_34' title="bbox 496 1939 2076 2026">
     <span class='ocr_line' id='line_1_34' title="bbox 496 1939 2076 2026; baseline 0.011 -34"><span class='ocrx_word' id='word_1_256' title='bbox 496 1950 602 2006; x_wconf 89' lang='lat' dir='ltr'><strong>est,</strong></span> <span class='ocrx_word' id='word_1_257' title='bbox 640 1939 878 1998; x_wconf 84' lang='lat' dir='ltr'><strong>dilatatis</strong></span> <span class='ocrx_word' id='word_1_258' title='bbox 904 1948 1196 2000; x_wconf 88' lang='lat' dir='ltr'><strong>sententiis</strong></span> <span class='ocrx_word' id='word_1_259' title='bbox 1240 1948 1525 2016; x_wconf 89' lang='lat' dir='ltr'><strong>quiescunt</strong></span> <span class='ocrx_word' id='word_1_260' title='bbox 1554 1968 1569 2017; x_wconf 90' lang='lat'><strong>;</strong></span> <span class='ocrx_word' id='word_1_261' title='bbox 1613 1963 1670 2004; x_wconf 91' lang='lat' dir='ltr'><strong>ut</strong></span> <span class='ocrx_word' id='word_1_262' title='bbox 1699 1955 1925 2024; x_wconf 78' lang='lat' dir='ltr'><strong>exetnpli</strong></span> <span class='ocrx_word' id='word_1_263' title='bbox 1950 1971 2076 2026; x_wconf 84' lang='lat' dir='ltr'><strong>gra-</strong></span> 
     </span>
    </p>
   </div>
   <div class='ocr_carea' id='block_1_35' title="bbox 499 2030 2072 2113">
    <p class='ocr_par' dir='ltr' id='par_1_35' title="bbox 499 2030 2072 2113">
     <span class='ocr_line' id='line_1_35' title="bbox 499 2030 2072 2113; baseline 0.011 -31"><span class='ocrx_word' id='word_1_264' title='bbox 499 2030 573 2083; x_wconf 91' lang='lat' dir='ltr'><strong>tia</strong></span> <span class='ocrx_word' id='word_1_265' title='bbox 607 2033 734 2098; x_wconf 85' lang='lat' dir='ltr'><strong>quid</strong></span> <span class='ocrx_word' id='word_1_266' title='bbox 763 2033 937 2088; x_wconf 89' lang='lat' dir='ltr'><strong>dicam</strong></span> <span class='ocrx_word' id='word_1_267' title='bbox 992 2052 1005 2088; x_wconf 89' lang='lat'><strong>:</strong></span> <span class='ocrx_word' id='word_1_268' title='bbox 1056 2037 1300 2092; x_wconf 85' lang='lat' dir='ltr'><strong>Granum</strong></span> <span class='ocrx_word' id='word_1_269' title='bbox 1329 2042 1558 2110; x_wconf 88' lang='lat' dir='ltr'><strong>sumpsit</strong></span> <span class='ocrx_word' id='word_1_270' title='bbox 1595 2041 1815 2107; x_wconf 87' lang='lat' dir='ltr'><strong>Paulus,</strong></span> <span class='ocrx_word' id='word_1_271' title='bbox 1852 2059 2072 2113; x_wconf 87' lang='lat' dir='ltr'><strong>parvam</strong></span> 
     </span>
    </p>
   </div>
   <div class='ocr_carea' id='block_1_36' title="bbox 497 2121 2072 2205">
    <p class='ocr_par' dir='ltr' id='par_1_36' title="bbox 497 2121 2072 2205">
     <span class='ocr_line' id='line_1_36' title="bbox 497 2121 2072 2205; baseline 0.01 -33"><span class='ocrx_word' id='word_1_272' title='bbox 497 2122 722 2176; x_wconf 76' lang='lat' dir='ltr'><strong>Anania:</strong></span> <span class='ocrx_word' id='word_1_273' title='bbox 746 2121 789 2153; x_wconf 82' lang='lat'><strong>&quot;</strong></span> <span class='ocrx_word' id='word_1_274' title='bbox 827 2123 1243 2182; x_wconf 87' lang='lat' dir='ltr'><strong>instructionem</strong></span> <span class='ocrx_word' id='word_1_275' title='bbox 1267 2168 1280 2192; x_wconf 92' lang='lat'><strong>,</strong></span> <span class='ocrx_word' id='word_1_276' title='bbox 1324 2131 1419 2183; x_wconf 89' lang='lat' dir='ltr'><strong>sed</strong></span> <span class='ocrx_word' id='word_1_277' title='bbox 1453 2131 1751 2199; x_wconf 85' lang='lat' dir='ltr'><strong>plantatum</strong></span> <span class='ocrx_word' id='word_1_278' title='bbox 1806 2135 1908 2188; x_wconf 91' lang='lat' dir='ltr'><strong>hoc</strong></span> <span class='ocrx_word' id='word_1_279' title='bbox 1948 2150 2072 2205; x_wconf 85' lang='lat' dir='ltr'><strong>gra-</strong></span> 
     </span>
    </p>
   </div>
   <div class='ocr_carea' id='block_1_37' title="bbox 498 2213 2076 2286">
    <p class='ocr_par' dir='ltr' id='par_1_37' title="bbox 498 2213 2076 2286">
     <span class='ocr_line' id='line_1_37' title="bbox 498 2213 2076 2286; baseline 0.008 -23"><span class='ocrx_word' id='word_1_280' title='bbox 498 2226 627 2264; x_wconf 91' lang='lat' dir='ltr'><strong>num</strong></span> <span class='ocrx_word' id='word_1_281' title='bbox 656 2213 709 2265; x_wconf 92' lang='lat' dir='ltr'><strong>in</strong></span> <span class='ocrx_word' id='word_1_282' title='bbox 745 2213 903 2268; x_wconf 90' lang='lat' dir='ltr'><strong>horto</strong></span> <span class='ocrx_word' id='word_1_283' title='bbox 933 2215 1052 2284; x_wconf 85' lang='lat' dir='ltr'><strong>ejus</strong></span> <span class='ocrx_word' id='word_1_284' title='bbox 1085 2217 1300 2285; x_wconf 80' lang='lat' dir='ltr'><strong>pingui,</strong></span> <span class='ocrx_word' id='word_1_285' title='bbox 1344 2233 1523 2276; x_wconf 83' lang='lat' dir='ltr'><strong>ramos</strong></span> <span class='ocrx_word' id='word_1_286' title='bbox 1557 2217 1708 2286; x_wconf 87' lang='lat' dir='ltr'><strong>fecit,</strong></span> <span class='ocrx_word' id='word_1_287' title='bbox 1742 2221 1963 2285; x_wconf 88' lang='lat' dir='ltr'><strong>multas,</strong></span> <span class='ocrx_word' id='word_1_288' title='bbox 1994 2223 2076 2275; x_wconf 90' lang='lat' dir='ltr'><strong>in-</strong></span> 
     </span>
    </p>
   </div>
   <div class='ocr_carea' id='block_1_38' title="bbox 499 2295 2074 2381">
    <p class='ocr_par' dir='ltr' id='par_1_38' title="bbox 499 2295 2074 2381">
     <span class='ocr_line' id='line_1_38' title="bbox 499 2295 2074 2381; baseline 0.008 -26"><span class='ocrx_word' id='word_1_289' title='bbox 499 2316 687 2370; x_wconf 88' lang='lat' dir='ltr'><strong>quam,</strong></span> <span class='ocrx_word' id='word_1_290' title='bbox 720 2313 772 2356; x_wconf 89' lang='lat' dir='ltr'><strong>et</strong></span> <span class='ocrx_word' id='word_1_291' title='bbox 816 2304 985 2360; x_wconf 87' lang='lat' dir='ltr'><strong>bonas</strong></span> <span class='ocrx_word' id='word_1_292' title='bbox 1021 2307 1298 2362; x_wconf 86' lang='lat' dir='ltr'><strong>doctrinas</strong></span> <span class='ocrx_word' id='word_1_293' title='bbox 1329 2323 1392 2363; x_wconf 89' lang='lat' dir='ltr'><strong>ac</strong></span> <span class='ocrx_word' id='word_1_294' title='bbox 1418 2295 1720 2379; x_wconf 74' lang='lat' dir='ltr'><strong>epistolas,</strong></span> <span class='ocrx_word' id='word_1_295' title='bbox 1775 2313 1826 2363; x_wconf 89' lang='lat' dir='ltr'><strong>in</strong></span> <span class='ocrx_word' id='word_1_296' title='bbox 1876 2312 2074 2381; x_wconf 85' lang='lat' dir='ltr'><strong>quibus</strong></span> 
     </span>
    </p>
   </div>
   <div class='ocr_carea' id='block_1_39' title="bbox 497 2391 2074 2469">
    <p class='ocr_par' dir='ltr' id='par_1_39' title="bbox 497 2391 2074 2469">
     <span class='ocr_line' id='line_1_39' title="bbox 497 2391 2074 2469; baseline 0.01 -23"><span class='ocrx_word' id='word_1_297' title='bbox 497 2391 886 2450; x_wconf 87' lang='lat' dir='ltr'><strong>nidulabantur</strong></span> <span class='ocrx_word' id='word_1_298' title='bbox 916 2413 1022 2452; x_wconf 90' lang='lat' dir='ltr'><strong>non</strong></span> <span class='ocrx_word' id='word_1_299' title='bbox 1048 2399 1223 2452; x_wconf 90' lang='lat' dir='ltr'><strong>solum</strong></span> <span class='ocrx_word' id='word_1_300' title='bbox 1257 2399 1309 2453; x_wconf 94' lang='lat' dir='ltr'><strong>hi</strong></span> <span class='ocrx_word' id='word_1_301' title='bbox 1337 2401 1428 2469; x_wconf 89' lang='lat' dir='ltr'><strong>qui</strong></span> <span class='ocrx_word' id='word_1_302' title='bbox 1453 2411 1580 2457; x_wconf 87' lang='lat' dir='ltr'><strong>tunc</strong></span> <span class='ocrx_word' id='word_1_303' title='bbox 1608 2403 1865 2460; x_wconf 88' lang='lat' dir='ltr'><strong>sublimes</strong></span> <span class='ocrx_word' id='word_1_304' title='bbox 1892 2415 2074 2462; x_wconf 87' lang='lat' dir='ltr'><strong>mente</strong></span> 
     </span>
    </p>
   </div>
   <div class='ocr_carea' id='block_1_40' title="bbox 495 2485 2073 2564">
    <p class='ocr_par' dir='ltr' id='par_1_40' title="bbox 495 2485 2073 2564">
     <span class='ocr_line' id='line_1_40' title="bbox 495 2485 2073 2564; baseline 0.012 -28"><span class='ocrx_word' id='word_1_305' title='bbox 495 2489 549 2536; x_wconf 87' lang='lat' dir='ltr'><strong>et</strong></span> <span class='ocrx_word' id='word_1_306' title='bbox 581 2485 873 2553; x_wconf 87' lang='lat' dir='ltr'><strong>sapientia,</strong></span> <span class='ocrx_word' id='word_1_307' title='bbox 921 2488 996 2542; x_wconf 93' lang='lat' dir='ltr'><strong>uti</strong></span> <span class='ocrx_word' id='word_1_308' title='bbox 1042 2488 1340 2555; x_wconf 73' lang='lat' dir='ltr'><strong>Corinthii,</strong></span> <span class='ocrx_word' id='word_1_309' title='bbox 1385 2491 1712 2564; x_wconf 86' lang='lat' dir='ltr'><strong>Dionysius,</strong></span> <span class='ocrx_word' id='word_1_310' title='bbox 1750 2495 2073 2555; x_wconf 82' lang='lat' dir='ltr'><strong>lliermheus</strong></span> 
     </span>
    </p>
   </div>
   <div class='ocr_carea' id='block_1_41' title="bbox 492 2575 2069 2658">
    <p class='ocr_par' dir='ltr' id='par_1_41' title="bbox 492 2575 2069 2658">
     <span class='ocr_line' id='line_1_41' title="bbox 492 2575 2069 2658; baseline 0.012 -32"><span class='ocrx_word' id='word_1_311' title='bbox 492 2581 548 2627; x_wconf 86' lang='lat' dir='ltr'><strong>et</strong></span> <span class='ocrx_word' id='word_1_312' title='bbox 614 2575 703 2629; x_wconf 89' lang='lat' dir='ltr'><strong>alii</strong></span> <span class='ocrx_word' id='word_1_313' title='bbox 767 2578 1004 2647; x_wconf 87' lang='lat' dir='ltr'><strong>plurimi,</strong></span> <span class='ocrx_word' id='word_1_314' title='bbox 1055 2583 1149 2636; x_wconf 90' lang='lat' dir='ltr'><strong>sed</strong></span> <span class='ocrx_word' id='word_1_315' title='bbox 1193 2591 1248 2638; x_wconf 91' lang='lat' dir='ltr'><strong>et</strong></span> <span class='ocrx_word' id='word_1_316' title='bbox 1295 2584 1386 2652; x_wconf 85' lang='lat' dir='ltr'><strong>qui</strong></span> <span class='ocrx_word' id='word_1_317' title='bbox 1445 2585 1670 2655; x_wconf 87' lang='lat' dir='ltr'><strong>reliquis</strong></span> <span class='ocrx_word' id='word_1_318' title='bbox 1718 2591 2069 2658; x_wconf 90' lang='lat' dir='ltr'><strong>temporibus.</strong></span> 
     </span>
    </p>
   </div>
   <div class='ocr_carea' id='block_1_42' title="bbox 496 2665 2072 2751">
    <p class='ocr_par' dir='ltr' id='par_1_42' title="bbox 496 2665 2072 2751">
     <span class='ocr_line' id='line_1_42' title="bbox 496 2665 2072 2751; baseline 0.011 -31"><span class='ocrx_word' id='word_1_319' title='bbox 496 2665 680 2724; x_wconf 82' lang='lat' dir='ltr'><strong>Potest</strong></span> <span class='ocrx_word' id='word_1_320' title='bbox 750 2685 847 2740; x_wconf 90' lang='lat' dir='ltr'><strong>per</strong></span> <span class='ocrx_word' id='word_1_321' title='bbox 893 2688 1120 2742; x_wconf 85' lang='lat' dir='ltr'><strong>granum</strong></span> <span class='ocrx_word' id='word_1_322' title='bbox 1181 2677 1388 2748; x_wconf 88' lang='lat' dir='ltr'><strong>sinapis</strong></span> <span class='ocrx_word' id='word_1_323' title='bbox 1443 2679 1666 2751; x_wconf 73' lang='lat' dir='ltr'><strong>intelligi</strong></span> <span class='ocrx_word' id='word_1_324' title='bbox 1705 2690 1782 2738; x_wconf 72' lang='lat' dir='ltr'><strong>ett</strong></span> <span class='ocrx_word' id='word_1_325' title='bbox 1813 2681 2072 2738; x_wconf 87' lang='lat' dir='ltr'><strong>Dominus</strong></span> 
     </span>
    </p>
   </div>
   <div class='ocr_carea' id='block_1_43' title="bbox 492 2761 2068 2846">
    <p class='ocr_par' dir='ltr' id='par_1_43' title="bbox 492 2761 2068 2846">
     <span class='ocr_line' id='line_1_43' title="bbox 492 2761 2068 2846; baseline 0.011 -32"><span class='ocrx_word' id='word_1_326' title='bbox 492 2761 642 2831; x_wconf 86' lang='lat' dir='ltr'><strong>ipse,</strong></span> <span class='ocrx_word' id='word_1_327' title='bbox 675 2763 800 2820; x_wconf 91' lang='lat' dir='ltr'><strong>vilis</strong></span> <span class='ocrx_word' id='word_1_328' title='bbox 830 2766 974 2820; x_wconf 90' lang='lat' dir='ltr'><strong>enim</strong></span> <span class='ocrx_word' id='word_1_329' title='bbox 1002 2767 1306 2838; x_wconf 90' lang='lat' dir='ltr'><strong>videbatur,</strong></span> <span class='ocrx_word' id='word_1_330' title='bbox 1339 2787 1461 2826; x_wconf 93' lang='lat' dir='ltr'><strong>nam</strong></span> <span class='ocrx_word' id='word_1_331' title='bbox 1493 2771 1630 2827; x_wconf 79' lang='lat' dir='ltr'><strong>fabri</strong></span> <span class='ocrx_word' id='word_1_332' title='bbox 1666 2775 1830 2840; x_wconf 88' lang='lat' dir='ltr'><strong>lilius,</strong></span> <span class='ocrx_word' id='word_1_333' title='bbox 1860 2786 1914 2829; x_wconf 89' lang='lat' dir='ltr'><strong>et</strong></span> <span class='ocrx_word' id='word_1_334' title='bbox 1939 2793 2068 2846; x_wconf 86' lang='lat' dir='ltr'><strong>pau-</strong></span> 
     </span>
    </p>
   </div>
   <div class='ocr_carea' id='block_1_44' title="bbox 494 2853 2070 2931">
    <p class='ocr_par' dir='ltr' id='par_1_44' title="bbox 494 2853 2070 2931">
     <span class='ocr_line' id='line_1_44' title="bbox 494 2853 2070 2931; baseline 0.011 -25"><span class='ocrx_word' id='word_1_335' title='bbox 494 2853 782 2919; x_wconf 88' lang='lat' dir='ltr'><strong>perrimus.</strong></span> <span class='ocrx_word' id='word_1_336' title='bbox 809 2857 878 2909; x_wconf 81' lang='lat' dir='ltr'><strong>At</strong></span> <span class='ocrx_word' id='word_1_337' title='bbox 905 2859 992 2912; x_wconf 91' lang='lat' dir='ltr'><strong>ubi</strong></span> <span class='ocrx_word' id='word_1_338' title='bbox 1018 2859 1219 2914; x_wconf 90' lang='lat' dir='ltr'><strong>cecidit</strong></span> <span class='ocrx_word' id='word_1_339' title='bbox 1259 2861 1310 2915; x_wconf 91' lang='lat' dir='ltr'><strong>in</strong></span> <span class='ocrx_word' id='word_1_340' title='bbox 1340 2877 1434 2917; x_wconf 91' lang='lat' dir='ltr'><strong>cor</strong></span> <span class='ocrx_word' id='word_1_341' title='bbox 1463 2874 1642 2931; x_wconf 68' lang='lat' dir='ltr'><strong>terrae,</strong></span> <span class='ocrx_word' id='word_1_342' title='bbox 1675 2880 1797 2918; x_wconf 89' lang='lat' dir='ltr'><strong>cum</strong></span> <span class='ocrx_word' id='word_1_343' title='bbox 1826 2877 2070 2923; x_wconf 90' lang='lat' dir='ltr'><strong>mortuus</strong></span> 
     </span>
    </p>
   </div>
   <div class='ocr_carea' id='block_1_45' title="bbox 492 2948 2068 3028">
    <p class='ocr_par' dir='ltr' id='par_1_45' title="bbox 492 2948 2068 3028">
     <span class='ocr_line' id='line_1_45' title="bbox 492 2948 2068 3028; baseline 0.011 -31"><span class='ocrx_word' id='word_1_344' title='bbox 492 2955 658 3010; x_wconf 88' lang='lat' dir='ltr'><strong>esset,</strong></span> <span class='ocrx_word' id='word_1_345' title='bbox 702 2955 756 3000; x_wconf 88' lang='lat' dir='ltr'><strong>et</strong></span> <span class='ocrx_word' id='word_1_346' title='bbox 793 2948 1039 3018; x_wconf 90' lang='lat' dir='ltr'><strong>sepultus</strong></span> <span class='ocrx_word' id='word_1_347' title='bbox 1083 2951 1135 3005; x_wconf 90' lang='lat' dir='ltr'><strong>in</strong></span> <span class='ocrx_word' id='word_1_348' title='bbox 1188 2951 1370 3019; x_wconf 87' lang='lat' dir='ltr'><strong>horto,</strong></span> <span class='ocrx_word' id='word_1_349' title='bbox 1406 2969 1586 3011; x_wconf 86' lang='lat' dir='ltr'><strong>ramos</strong></span> <span class='ocrx_word' id='word_1_350' title='bbox 1635 2957 1888 3028; x_wconf 87' lang='lat' dir='ltr'><strong>pulchros</strong></span> <span class='ocrx_word' id='word_1_351' title='bbox 1938 2976 2068 3028; x_wconf 73' lang='lat' dir='ltr'><strong>apo-</strong></span> 
     </span>
    </p>
   </div>
   <div class='ocr_carea' id='block_1_46' title="bbox 490 3035 2070 3122">
    <p class='ocr_par' dir='ltr' id='par_1_46' title="bbox 490 3035 2070 3122">
     <span class='ocr_line' id='line_1_46' title="bbox 490 3035 2070 3122; baseline 0.011 -32"><span class='ocrx_word' id='word_1_352' title='bbox 490 3035 665 3090; x_wconf 78' lang='lat' dir='ltr'><strong>etolos</strong></span> <span class='ocrx_word' id='word_1_353' title='bbox 703 3036 854 3103; x_wconf 89' lang='lat' dir='ltr'><strong>fecit,</strong></span> <span class='ocrx_word' id='word_1_354' title='bbox 892 3040 944 3094; x_wconf 93' lang='lat' dir='ltr'><strong>in</strong></span> <span class='ocrx_word' id='word_1_355' title='bbox 993 3045 1190 3110; x_wconf 88' lang='lat' dir='ltr'><strong>quibus</strong></span> <span class='ocrx_word' id='word_1_356' title='bbox 1235 3047 1519 3114; x_wconf 87' lang='lat' dir='ltr'><strong>quiescunt</strong></span> <span class='ocrx_word' id='word_1_357' title='bbox 1563 3065 1752 3105; x_wconf 90' lang='lat' dir='ltr'><strong>omnes</strong></span> <span class='ocrx_word' id='word_1_358' title='bbox 1799 3051 1890 3121; x_wconf 91' lang='lat' dir='ltr'><strong>qui</strong></span> <span class='ocrx_word' id='word_1_359' title='bbox 1921 3053 2070 3122; x_wconf 92' lang='lat' dir='ltr'><strong>prius</strong></span> 
     </span>
    </p>
   </div>
   <div class='ocr_carea' id='block_1_47' title="bbox 2181 1848 3720 1933">
    <p class='ocr_par' dir='ltr' id='par_1_47' title="bbox 2181 1848 3720 1933">
     <span class='ocr_line' id='line_1_47' title="bbox 2181 1848 3720 1933; baseline -0.01 -17"><span class='ocrx_word' id='word_1_360' title='bbox 2181 1862 2360 1933; x_wconf 70' lang='grc' dir='ltr'>ὑψηλά</span> <span class='ocrx_word' id='word_1_361' title='bbox 2389 1861 2641 1924; x_wconf 83' lang='grc' dir='ltr'>θέλοντας</span> <span class='ocrx_word' id='word_1_362' title='bbox 2685 1858 2942 1912; x_wconf 81' lang='grc' dir='ltr'><strong>πέτεσθαι</strong></span> <span class='ocrx_word' id='word_1_363' title='bbox 2985 1853 3329 1925; x_wconf 81' lang='grc' dir='ltr'>ἀνθρώπους,</span> <span class='ocrx_word' id='word_1_364' title='bbox 3367 1848 3720 1919; x_wconf 77' lang='grc' dir='ltr'>κατασκηνοῦν</span> 
     </span>
    </p>
   </div>
   <div class='ocr_carea' id='block_1_48' title="bbox 2180 1942 3720 2038">
    <p class='ocr_par' dir='ltr' id='par_1_48' title="bbox 2180 1942 3720 2038">
     <span class='ocr_line' id='line_1_48' title="bbox 2180 1942 3720 2038; baseline -0.012 -27"><span class='ocrx_word' id='word_1_365' title='bbox 2180 1959 2239 2038; x_wconf 80' lang='grc' dir='ltr'>ὲγ</span> <span class='ocrx_word' id='word_1_366' title='bbox 2267 1955 2477 2017; x_wconf 83' lang='grc' dir='ltr'>τούτοις</span> <span class='ocrx_word' id='word_1_367' title='bbox 2510 1955 2624 2015; x_wconf 85' lang='grc' dir='ltr'>τοῖς</span> <span class='ocrx_word' id='word_1_368' title='bbox 2668 1951 2905 2011; x_wconf 80' lang='grc' dir='ltr'>κλάδοις.</span> <span class='ocrx_word' id='word_1_369' title='bbox 2947 1949 3011 2000; x_wconf 79' lang='lat' dir='ltr'><strong>Ol</strong></span> <span class='ocrx_word' id='word_1_370' title='bbox 3046 1946 3167 2038; x_wconf 35' lang='lat'><strong>1&amp;9</strong></span> <span class='ocrx_word' id='word_1_371' title='bbox 3195 1944 3304 2038; x_wconf 86' lang='grc' dir='ltr'>τῶν</span> <span class='ocrx_word' id='word_1_372' title='bbox 3344 1945 3553 2038; x_wconf 69' lang='grc' dir='ltr'>γηΐνων</span> <span class='ocrx_word' id='word_1_373' title='bbox 3579 1942 3720 2038; x_wconf 71' lang='grc' dir='ltr'>ὑπερ-</span> 
     </span>
    </p>
   </div>
   <div class='ocr_carea' id='block_1_49' title="bbox 2178 2035 3720 2117">
    <p class='ocr_par' dir='ltr' id='par_1_49' title="bbox 2178 2035 3720 2117">
     <span class='ocr_line' id='line_1_49' title="bbox 2178 2035 3720 2117; baseline -0.012 -15"><span class='ocrx_word' id='word_1_374' title='bbox 2178 2035 2442 2117; x_wconf 84' lang='grc' dir='ltr'>κείμενοι,</span> <span class='ocrx_word' id='word_1_375' title='bbox 2481 2047 2538 2098; x_wconf 81' lang='grc' dir='ltr'>ὲν</span> <span class='ocrx_word' id='word_1_376' title='bbox 2563 2047 2678 2107; x_wconf 85' lang='grc' dir='ltr'>τοῖς</span> <span class='ocrx_word' id='word_1_377' title='bbox 2709 2041 2925 2104; x_wconf 77' lang='grc' dir='ltr'>κλάδοις</span> <span class='ocrx_word' id='word_1_378' title='bbox 2959 2037 3054 2093; x_wconf 88' lang='grc' dir='ltr'><strong>τοῦ</strong></span> <span class='ocrx_word' id='word_1_379' title='bbox 3081 2037 3466 2109; x_wconf 79' lang='grc' dir='ltr'>κηρύγματος,</span> <span class='ocrx_word' id='word_1_380' title='bbox 3501 2035 3610 2105; x_wconf 68' lang='grc' dir='ltr'>ἦτοι</span> <span class='ocrx_word' id='word_1_381' title='bbox 3632 2036 3720 2095; x_wconf 69' lang='grc' dir='ltr'>τοῖς</span> 
     </span>
    </p>
   </div>
   <div class='ocr_carea' id='block_1_50' title="bbox 2176 2122 3716 2211">
    <p class='ocr_par' dir='ltr' id='par_1_50' title="bbox 2176 2122 3716 2211">
     <span class='ocr_line' id='line_1_50' title="bbox 2176 2122 3716 2211; baseline -0.013 -15"><span class='ocrx_word' id='word_1_382' title='bbox 2176 2139 2524 2211; x_wconf 82' lang='grc' dir='ltr'>ήπλωμένοις</span> <span class='ocrx_word' id='word_1_383' title='bbox 2569 2139 2834 2207; x_wconf 83' lang='grc' dir='ltr'>νοήμασιν</span> <span class='ocrx_word' id='word_1_384' title='bbox 2870 2134 3277 2188; x_wconf 77' lang='grc' dir='ltr'>ἀναπαύονταιο</span> <span class='ocrx_word' id='word_1_385' title='bbox 3326 2122 3458 2196; x_wconf 52' lang='grc' dir='ltr'>,οἷόν</span> <span class='ocrx_word' id='word_1_386' title='bbox 3504 2125 3555 2180; x_wconf 81' lang='grc' dir='ltr'><strong>τί</strong></span> <span class='ocrx_word' id='word_1_387' title='bbox 3583 2141 3716 2194; x_wconf 78' lang='grc' dir='ltr'>φημι,</span> 
     </span>
    </p>
   </div>
   <div class='ocr_carea' id='block_1_51' title="bbox 2178 2218 3718 2298">
    <p class='ocr_par' dir='ltr' id='par_1_51' title="bbox 2178 2218 3718 2298">
     <span class='ocr_line' id='line_1_51' title="bbox 2178 2218 3718 2298; baseline -0.012 -10"><span class='ocrx_word' id='word_1_388' title='bbox 2178 2235 2377 2288; x_wconf 87' lang='grc' dir='ltr'>κόκκον</span> <span class='ocrx_word' id='word_1_389' title='bbox 2414 2230 2608 2286; x_wconf 65' lang='grc' dir='ltr'>ἐλαϐεν</span> <span class='ocrx_word' id='word_1_390' title='bbox 2643 2232 2672 2284; x_wconf 84' lang='grc' dir='ltr'><strong>ό</strong></span> <span class='ocrx_word' id='word_1_391' title='bbox 2703 2228 2931 2289; x_wconf 83' lang='grc' dir='ltr'>Παῦλος,</span> <span class='ocrx_word' id='word_1_392' title='bbox 2966 2227 3065 2298; x_wconf 78' lang='grc' dir='ltr'><strong>τὴν</strong></span> <span class='ocrx_word' id='word_1_393' title='bbox 3115 2221 3321 2296; x_wconf 73' lang='grc' dir='ltr'>μικράν</span> <span class='ocrx_word' id='word_1_394' title='bbox 3364 2218 3467 2273; x_wconf 87' lang='grc' dir='ltr'><strong>τοῦ</strong></span> <span class='ocrx_word' id='word_1_395' title='bbox 3505 2218 3718 2273; x_wconf 78' lang='grc' dir='ltr'>’Δνανίου</span> 
     </span>
    </p>
   </div>
   <div class='ocr_carea' id='block_1_52' title="bbox 2176 2307 3719 2396">
    <p class='ocr_par' dir='ltr' id='par_1_52' title="bbox 2176 2307 3719 2396">
     <span class='ocr_line' id='line_1_52' title="bbox 2176 2307 3719 2396; baseline -0.013 -15"><span class='ocrx_word' id='word_1_396' title='bbox 2176 2329 2509 2396; x_wconf 74' lang='grc' dir='ltr'>κατήχησινο</span> <span class='ocrx_word' id='word_1_397' title='bbox 2535 2322 2671 2377; x_wconf 75' lang='grc' dir='ltr'>ἀλλὰ</span> <span class='ocrx_word' id='word_1_398' title='bbox 2701 2320 2976 2391; x_wconf 80' lang='grc' dir='ltr'>φυτεύσας</span> <span class='ocrx_word' id='word_1_399' title='bbox 2997 2315 3188 2370; x_wconf 87' lang='grc' dir='ltr'>τοῦτον</span> <span class='ocrx_word' id='word_1_400' title='bbox 3226 2315 3318 2368; x_wconf 84' lang='grc' dir='ltr'><strong>τὸν</strong></span> <span class='ocrx_word' id='word_1_401' title='bbox 3349 2313 3552 2366; x_wconf 86' lang='grc' dir='ltr'>κόκκον</span> <span class='ocrx_word' id='word_1_402' title='bbox 3576 2312 3626 2362; x_wconf 78' lang='grc' dir='ltr'>ὲν</span> <span class='ocrx_word' id='word_1_403' title='bbox 3659 2307 3719 2378; x_wconf 76' lang='grc' dir='ltr'>τῷ</span> 
     </span>
    </p>
   </div>
   <div class='ocr_carea' id='block_1_53' title="bbox 2176 2403 3716 2486">
    <p class='ocr_par' dir='ltr' id='par_1_53' title="bbox 2176 2403 3716 2486">
     <span class='ocr_line' id='line_1_53' title="bbox 2176 2403 3716 2486; baseline -0.012 -13"><span class='ocrx_word' id='word_1_404' title='bbox 2176 2420 2322 2473; x_wconf 83' lang='grc' dir='ltr'>πίονι</span> <span class='ocrx_word' id='word_1_405' title='bbox 2375 2415 2540 2472; x_wconf 83' lang='grc' dir='ltr'>αὐτοῦ</span> <span class='ocrx_word' id='word_1_406' title='bbox 2591 2415 2778 2486; x_wconf 86' lang='grc' dir='ltr'>κήπῳ,</span> <span class='ocrx_word' id='word_1_407' title='bbox 2811 2413 3041 2474; x_wconf 85' lang='grc' dir='ltr'>κλάδους</span> <span class='ocrx_word' id='word_1_408' title='bbox 3087 2411 3336 2476; x_wconf 80' lang='grc' dir='ltr'>ἐποίησε,</span> <span class='ocrx_word' id='word_1_409' title='bbox 3368 2405 3475 2468; x_wconf 80' lang='grc' dir='ltr'>τὰς</span> <span class='ocrx_word' id='word_1_410' title='bbox 3527 2403 3716 2467; x_wconf 69' lang='grc' dir='ltr'>πολλὰς,</span> 
     </span>
    </p>
   </div>
   <div class='ocr_carea' id='block_1_54' title="bbox 2175 2488 3718 2583">
    <p class='ocr_par' dir='ltr' id='par_1_54' title="bbox 2175 2488 3718 2583">
     <span class='ocr_line' id='line_1_54' title="bbox 2175 2488 3718 2583; baseline -0.023 -3"><span class='ocrx_word' id='word_1_411' title='bbox 2175 2512 2341 2583; x_wconf 73' lang='grc' dir='ltr'>φημὶ,</span> <span class='ocrx_word' id='word_1_412' title='bbox 2375 2511 2467 2564; x_wconf 73' lang='grc' dir='ltr'>καὶ</span> <span class='ocrx_word' id='word_1_413' title='bbox 2501 2507 2672 2570; x_wconf 79' lang='grc' dir='ltr'>καλὰς</span> <span class='ocrx_word' id='word_1_414' title='bbox 2699 2502 3072 2568; x_wconf 86' lang='grc' dir='ltr'>διδασκαλίας,</span> <span class='ocrx_word' id='word_1_415' title='bbox 3108 2501 3202 2554; x_wconf 71' lang='grc' dir='ltr'><strong>καὶ</strong></span> <span class='ocrx_word' id='word_1_416' title='bbox 3238 2495 3553 2559; x_wconf 74' lang='grc' dir='ltr'>ἐπιστολάς,</span> <span class='ocrx_word' id='word_1_417' title='bbox 3581 2495 3632 2547; x_wconf 76' lang='grc' dir='ltr'>ὲν</span> <span class='ocrx_word' id='word_1_418' title='bbox 3649 2488 3718 2554; x_wconf 80' lang='grc' dir='ltr'>αἷς</span> 
     </span>
    </p>
   </div>
   <div class='ocr_carea' id='block_1_55' title="bbox 2174 2583 3719 2674">
    <p class='ocr_par' dir='ltr' id='par_1_55' title="bbox 2174 2583 3719 2674">
     <span class='ocr_line' id='line_1_55' title="bbox 2174 2583 3719 2674; baseline -0.015 -15"><span class='ocrx_word' id='word_1_419' title='bbox 2174 2605 2542 2674; x_wconf 79' lang='grc' dir='ltr'>κατεσκήνουν</span> <span class='ocrx_word' id='word_1_420' title='bbox 2570 2599 2632 2652; x_wconf 85' lang='grc' dir='ltr'>οὐ</span> <span class='ocrx_word' id='word_1_421' title='bbox 2656 2599 2817 2669; x_wconf 83' lang='grc' dir='ltr'>μόνον</span> <span class='ocrx_word' id='word_1_422' title='bbox 2852 2595 2903 2649; x_wconf 80' lang='grc' dir='ltr'>οἱ</span> <span class='ocrx_word' id='word_1_423' title='bbox 2927 2594 3051 2647; x_wconf 88' lang='grc' dir='ltr'>τότε</span> <span class='ocrx_word' id='word_1_424' title='bbox 3082 2590 3276 2663; x_wconf 76' lang='grc' dir='ltr'>ὑψηλοὶ</span> <span class='ocrx_word' id='word_1_425' title='bbox 3298 2591 3392 2643; x_wconf 71' lang='grc' dir='ltr'><strong>καὶ</strong></span> <span class='ocrx_word' id='word_1_426' title='bbox 3427 2586 3581 2656; x_wconf 79' lang='grc' dir='ltr'>σοφοὶ</span> <span class='ocrx_word' id='word_1_427' title='bbox 3607 2583 3719 2638; x_wconf 74' lang='grc' dir='ltr'>κατὰ</span> 
     </span>
    </p>
   </div>
   <div class='ocr_carea' id='block_1_56' title="bbox 2174 2674 3714 2759">
    <p class='ocr_par' dir='ltr' id='par_1_56' title="bbox 2174 2674 3714 2759">
     <span class='ocr_line' id='line_1_56' title="bbox 2174 2674 3714 2759; baseline -0.014 -11"><span class='ocrx_word' id='word_1_428' title='bbox 2174 2695 2298 2748; x_wconf 90' lang='grc' dir='ltr'>νοῦν</span> <span class='ocrx_word' id='word_1_429' title='bbox 2321 2692 2416 2747; x_wconf 75' lang='grc' dir='ltr'><strong>καὶ</strong></span> <span class='ocrx_word' id='word_1_430' title='bbox 2445 2691 2655 2759; x_wconf 79' lang='grc' dir='ltr'>σοφίαν,</span> <span class='ocrx_word' id='word_1_431' title='bbox 2675 2684 2778 2742; x_wconf 77' lang='grc' dir='ltr'>οἷοι</span> <span class='ocrx_word' id='word_1_432' title='bbox 2808 2689 2856 2740; x_wconf 88' lang='grc' dir='ltr'>οἱ</span> <span class='ocrx_word' id='word_1_433' title='bbox 2881 2683 3178 2755; x_wconf 80' lang='grc' dir='ltr'>Κορίνθιοι,</span> <span class='ocrx_word' id='word_1_434' title='bbox 3199 2682 3228 2734; x_wconf 84' lang='grc'>6</span> <span class='ocrx_word' id='word_1_435' title='bbox 3249 2679 3552 2740; x_wconf 87' lang='grc' dir='ltr'>Διονύσιος,</span> <span class='ocrx_word' id='word_1_436' title='bbox 3580 2677 3607 2729; x_wconf 81' lang='grc' dir='ltr'><strong>ὁ</strong></span> <span class='ocrx_word' id='word_1_437' title='bbox 3641 2674 3714 2727; x_wconf 85' lang='grc' dir='ltr'><strong>Ἱε-</strong></span> 
     </span>
    </p>
   </div>
   <div class='ocr_carea' id='block_1_57' title="bbox 2175 2767 3717 2852">
    <p class='ocr_par' dir='ltr' id='par_1_57' title="bbox 2175 2767 3717 2852">
     <span class='ocr_line' id='line_1_57' title="bbox 2175 2767 3717 2852; baseline -0.011 -17"><span class='ocrx_word' id='word_1_438' title='bbox 2175 2782 2360 2852; x_wconf 82' lang='grc' dir='ltr'>ρόθεος</span> <span class='ocrx_word' id='word_1_439' title='bbox 2385 2779 2480 2834; x_wconf 78' lang='grc' dir='ltr'>καὶ</span> <span class='ocrx_word' id='word_1_440' title='bbox 2500 2779 2650 2833; x_wconf 83' lang='grc' dir='ltr'>ἄλλοι</span> <span class='ocrx_word' id='word_1_441' title='bbox 2675 2777 2938 2841; x_wconf 80' lang='grc' dir='ltr'>πλεῖστοι,</span> <span class='ocrx_word' id='word_1_442' title='bbox 2966 2773 3102 2828; x_wconf 82' lang='grc' dir='ltr'>ἀλλὰ</span> <span class='ocrx_word' id='word_1_443' title='bbox 3139 2771 3235 2826; x_wconf 68' lang='grc' dir='ltr'>καὶ</span> <span class='ocrx_word' id='word_1_444' title='bbox 3250 2772 3299 2824; x_wconf 80' lang='grc' dir='ltr'>οἱ</span> <span class='ocrx_word' id='word_1_445' title='bbox 3333 2769 3451 2822; x_wconf 83' lang='grc' dir='ltr'>καθ’</span> <span class='ocrx_word' id='word_1_446' title='bbox 3485 2767 3717 2826; x_wconf 71' lang='grc' dir='ltr'>ἑκάστους</span> 
     </span>
    </p>
   </div>
   <div class='ocr_carea' id='block_1_58' title="bbox 2173 2859 3716 2944">
    <p class='ocr_par' dir='ltr' id='par_1_58' title="bbox 2173 2859 3716 2944">
     <span class='ocr_line' id='line_1_58' title="bbox 2173 2859 3716 2944; baseline -0.012 -16"><span class='ocrx_word' id='word_1_447' title='bbox 2173 2872 2418 2944; x_wconf 88' lang='grc' dir='ltr'>καιρούς.</span> <span class='ocrx_word' id='word_1_448' title='bbox 2440 2873 2673 2925; x_wconf 88' lang='grc' dir='ltr'>Δύναται</span> <span class='ocrx_word' id='word_1_449' title='bbox 2703 2870 2903 2934; x_wconf 91' lang='grc' dir='ltr'>κόκκος</span> <span class='ocrx_word' id='word_1_450' title='bbox 2935 2867 3207 2928; x_wconf 83' lang='grc' dir='ltr'>σινάπεως</span> <span class='ocrx_word' id='word_1_451' title='bbox 3242 2863 3505 2934; x_wconf 75' lang='grc' dir='ltr'>νοηθῆναι</span> <span class='ocrx_word' id='word_1_452' title='bbox 3532 2862 3618 2913; x_wconf 78' lang='grc' dir='ltr'>καὶ</span> <span class='ocrx_word' id='word_1_453' title='bbox 3641 2859 3716 2912; x_wconf 76' lang='grc' dir='ltr'><strong>αὖ·</strong></span> 
     </span>
    </p>
   </div>
   <div class='ocr_carea' id='block_1_59' title="bbox 2170 2952 3715 3036">
    <p class='ocr_par' dir='ltr' id='par_1_59' title="bbox 2170 2952 3715 3036">
     <span class='ocr_line' id='line_1_59' title="bbox 2170 2952 3715 3036; baseline -0.012 -16"><span class='ocrx_word' id='word_1_454' title='bbox 2170 2968 2263 3030; x_wconf 85' lang='grc' dir='ltr'><strong>τὸς</strong></span> <span class='ocrx_word' id='word_1_455' title='bbox 2298 2967 2328 3020; x_wconf 83' lang='grc' dir='ltr'><strong>δ</strong></span> <span class='ocrx_word' id='word_1_456' title='bbox 2351 2964 2585 3036; x_wconf 76' lang='grc' dir='ltr'><strong>⁸Κύριος,</strong></span> <span class='ocrx_word' id='word_1_457' title='bbox 2627 2961 2850 3032; x_wconf 82' lang='grc' dir='ltr'>εὐτελὴς</span> <span class='ocrx_word' id='word_1_458' title='bbox 2893 2960 2990 3030; x_wconf 79' lang='grc' dir='ltr'>μὲν</span> <span class='ocrx_word' id='word_1_459' title='bbox 3019 2959 3079 3012; x_wconf 67' lang='grc' dir='ltr'>τι</span> <span class='ocrx_word' id='word_1_460' title='bbox 3111 2957 3461 3027; x_wconf 85' lang='grc' dir='ltr'>φαινόμενον·</span> <span class='ocrx_word' id='word_1_461' title='bbox 3499 2952 3715 3011; x_wconf 80' lang='grc' dir='ltr'>τέκτονος</span> 
     </span>
    </p>
   </div>
   <div class='ocr_carea' id='block_1_60' title="bbox 2171 3043 3714 3131">
    <p class='ocr_par' dir='ltr' id='par_1_60' title="bbox 2171 3043 3714 3131">
     <span class='ocr_line' id='line_1_60' title="bbox 2171 3043 3714 3131; baseline -0.008 -17"><span class='ocrx_word' id='word_1_462' title='bbox 2171 3060 2280 3131; x_wconf 80' lang='grc' dir='ltr'>γὰρ</span> <span class='ocrx_word' id='word_1_463' title='bbox 2304 3053 2441 3122; x_wconf 67' lang='grc' dir='ltr'>υίὸς,</span> <span class='ocrx_word' id='word_1_464' title='bbox 2466 3058 2560 3112; x_wconf 74' lang='grc' dir='ltr'><strong>καὶ</strong></span> <span class='ocrx_word' id='word_1_465' title='bbox 2582 3055 2908 3116; x_wconf 82' lang='grc' dir='ltr'>πενέστατος</span> <span class='ocrx_word' id='word_1_466' title='bbox 2927 3071 2940 3085; x_wconf 75' lang='grc' dir='ltr'><strong>ο</strong></span> <span class='ocrx_word' id='word_1_467' title='bbox 2963 3050 3145 3104; x_wconf 87' lang='grc' dir='ltr'>πεσὼν</span> <span class='ocrx_word' id='word_1_468' title='bbox 3173 3049 3228 3102; x_wconf 82' lang='grc' dir='ltr'>δὲ</span> <span class='ocrx_word' id='word_1_469' title='bbox 3251 3050 3307 3102; x_wconf 80' lang='grc' dir='ltr'>ὲν</span> <span class='ocrx_word' id='word_1_470' title='bbox 3339 3051 3407 3118; x_wconf 80' lang='grc' dir='ltr'>τῇ</span> <span class='ocrx_word' id='word_1_471' title='bbox 3435 3064 3502 3099; x_wconf 87' lang='grc' dir='ltr'><strong>κα</strong></span> <span class='ocrx_word' id='word_1_472' title='bbox 3512 3044 3620 3116; x_wconf 71' lang='grc' dir='ltr'>ρδίᾳ</span> <span class='ocrx_word' id='word_1_473' title='bbox 3638 3043 3714 3110; x_wconf 83' lang='grc' dir='ltr'><strong>τῆς</strong></span> 
     </span>
    </p>
   </div>
   <div class='ocr_carea' id='block_1_61' title="bbox 491 3128 2066 3227">
    <p class='ocr_par' dir='ltr' id='par_1_61' title="bbox 491 3128 2066 3215">
     <span class='ocr_line' id='line_1_61' title="bbox 491 3128 2066 3215; baseline 0.012 -37"><span class='ocrx_word' id='word_1_474' title='bbox 491 3128 838 3196; x_wconf 80' lang='lat' dir='ltr'><strong>agitabantur</strong></span> <span class='ocrx_word' id='word_1_475' title='bbox 868 3142 922 3186; x_wconf 89' lang='lat' dir='ltr'><strong>et</strong></span> <span class='ocrx_word' id='word_1_476' title='bbox 953 3135 1292 3190; x_wconf 75' lang='lat' dir='ltr'><strong>vexabantur</strong></span> <span class='ocrx_word' id='word_1_477' title='bbox 1323 3152 1352 3191; x_wconf 93' lang='lat' dir='ltr'><strong>a</strong></span> <span class='ocrx_word' id='word_1_478' title='bbox 1377 3140 1572 3208; x_wconf 90' lang='lat' dir='ltr'><strong>spiritu</strong></span> <span class='ocrx_word' id='word_1_479' title='bbox 1605 3142 1809 3197; x_wconf 75' lang='lat' dir='ltr'><strong>erroris</strong></span> <span class='ocrx_word' id='word_1_480' title='bbox 1831 3185 1847 3210; x_wconf 93' lang='lat'><strong>,</strong></span> <span class='ocrx_word' id='word_1_481' title='bbox 1877 3161 2066 3215; x_wconf 85' lang='lat' dir='ltr'><strong>nempe</strong></span> 
     </span>
    </p>
   </div>
   <div class='ocr_carea' id='block_1_62' title="bbox 2169 3128 3711 3227">
    <p class='ocr_par' dir='ltr' id='par_1_62' title="bbox 2172 3128 3711 3227">
     <span class='ocr_line' id='line_1_62' title="bbox 2172 3128 3711 3227; baseline -0.03 -11"><span class='ocrx_word' id='word_1_482' title='bbox 2172 3128 2277 3216; x_wconf 60' lang='grc' dir='ltr'><strong>γῆξ</strong></span> <span class='ocrx_word' id='word_1_483' title='bbox 2302 3146 2390 3200; x_wconf 74' lang='grc' dir='ltr'><strong>διὰ</strong></span> <span class='ocrx_word' id='word_1_484' title='bbox 2428 3145 2522 3199; x_wconf 78' lang='grc' dir='ltr'><strong>τοῦ</strong></span> <span class='ocrx_word' id='word_1_485' title='bbox 2563 3142 2901 3214; x_wconf 77' lang='grc' dir='ltr'>νεκρωθῆναι</span> <span class='ocrx_word' id='word_1_486' title='bbox 2925 3181 2939 3203; x_wconf 85' lang='grc'><strong>.</strong></span> <span class='ocrx_word' id='word_1_487' title='bbox 2974 3139 3070 3193; x_wconf 78' lang='grc' dir='ltr'>καὶ</span> <span class='ocrx_word' id='word_1_488' title='bbox 3097 3141 3154 3193; x_wconf 86' lang='grc' dir='ltr'>ὲν</span> <span class='ocrx_word' id='word_1_489' title='bbox 3197 3139 3276 3210; x_wconf 80' lang='grc' dir='ltr'>τῷ</span> <span class='ocrx_word' id='word_1_490' title='bbox 3318 3139 3480 3227; x_wconf 65' lang='grc' dir='ltr'>κήπῳ</span> <span class='ocrx_word' id='word_1_491' title='bbox 3519 3131 3711 3227; x_wconf 56' lang='grc' dir='ltr'>ταφειὶ,</span> 
     </span>
    </p>
   </div>
   <div class='ocr_carea' id='block_1_63' title="bbox 488 3220 2069 3306">
    <p class='ocr_par' dir='ltr' id='par_1_63' title="bbox 488 3220 2069 3306">
     <span class='ocr_line' id='line_1_63' title="bbox 488 3220 2069 3306; baseline 0.013 -35"><span class='ocrx_word' id='word_1_492' title='bbox 488 3220 762 3289; x_wconf 85' lang='lat' dir='ltr'><strong>gentiles;</strong></span> <span class='ocrx_word' id='word_1_493' title='bbox 804 3225 895 3291; x_wconf 90' lang='lat' dir='ltr'><strong>qui</strong></span> <span class='ocrx_word' id='word_1_494' title='bbox 940 3230 1400 3295; x_wconf 88' lang='lat' dir='ltr'><strong>comparabantur</strong></span> <span class='ocrx_word' id='word_1_495' title='bbox 1459 3232 1802 3298; x_wconf 86' lang='lat' dir='ltr'><strong>volatilibus,</strong></span> <span class='ocrx_word' id='word_1_496' title='bbox 1851 3246 2069 3306; x_wconf 86' lang='lat' dir='ltr'><strong>propter</strong></span> 
     </span>
    </p>
   </div>
   <div class='ocr_carea' id='block_1_64' title="bbox 491 3315 2068 3396">
    <p class='ocr_par' dir='ltr' id='par_1_64' title="bbox 491 3315 2068 3396">
     <span class='ocr_line' id='line_1_64' title="bbox 491 3315 2068 3396; baseline 0.013 -33"><span class='ocrx_word' id='word_1_497' title='bbox 491 3323 731 3367; x_wconf 82' lang='lat' dir='ltr'><strong>mentem</strong></span> <span class='ocrx_word' id='word_1_498' title='bbox 779 3315 941 3370; x_wconf 86' lang='lat' dir='ltr'><strong>facile</strong></span> <span class='ocrx_word' id='word_1_499' title='bbox 1008 3319 1299 3385; x_wconf 85' lang='lat' dir='ltr'><strong>mobilem,</strong></span> <span class='ocrx_word' id='word_1_500' title='bbox 1357 3333 1413 3376; x_wconf 92' lang='lat' dir='ltr'><strong>et</strong></span> <span class='ocrx_word' id='word_1_501' title='bbox 1459 3323 1694 3378; x_wconf 87' lang='lat' dir='ltr'><strong>illusioni</strong></span> <span class='ocrx_word' id='word_1_502' title='bbox 1753 3329 2068 3396; x_wconf 83' lang='lat' dir='ltr'><strong>obnoxiam,</strong></span> 
     </span>
    </p>
   </div>
   <div class='ocr_carea' id='block_1_65' title="bbox 489 3408 2066 3492">
    <p class='ocr_par' dir='ltr' id='par_1_65' title="bbox 489 3408 2066 3492">
     <span class='ocr_line' id='line_1_65' title="bbox 489 3408 2066 3492; baseline 0.014 -36"><span class='ocrx_word' id='word_1_503' title='bbox 489 3419 805 3476; x_wconf 58' lang='lat' dir='ltr'><strong>magnaque</strong></span> <span class='ocrx_word' id='word_1_504' title='bbox 844 3408 1102 3466; x_wconf 87' lang='lat' dir='ltr'><strong>levitatis.</strong></span> <span class='ocrx_word' id='word_1_505' title='bbox 1153 3412 1321 3467; x_wconf 85' lang='lat' dir='ltr'><strong>Tales</strong></span> <span class='ocrx_word' id='word_1_506' title='bbox 1371 3416 1514 3469; x_wconf 89' lang='lat' dir='ltr'><strong>enim</strong></span> <span class='ocrx_word' id='word_1_507' title='bbox 1555 3429 1681 3471; x_wconf 89' lang='lat' dir='ltr'><strong>sunt</strong></span> <span class='ocrx_word' id='word_1_508' title='bbox 1737 3433 1929 3474; x_wconf 86' lang='lat' dir='ltr'><strong>omnes</strong></span> <span class='ocrx_word' id='word_1_509' title='bbox 1976 3424 2066 3492; x_wconf 87' lang='lat' dir='ltr'><strong>qui</strong></span> 
     </span>
    </p>
   </div>
   <div class='ocr_carea' id='block_1_66' title="bbox 486 3499 2064 3569">
    <p class='ocr_par' dir='ltr' id='par_1_66' title="bbox 486 3499 2064 3569">
     <span class='ocr_line' id='line_1_66' title="bbox 486 3499 2064 3569; baseline 0.015 -23"><span class='ocrx_word' id='word_1_510' title='bbox 486 3505 701 3560; x_wconf 89' lang='lat' dir='ltr'><strong>errant,</strong></span> <span class='ocrx_word' id='word_1_511' title='bbox 745 3499 1048 3556; x_wconf 85' lang='lat' dir='ltr'><strong>volatilibus</strong></span> <span class='ocrx_word' id='word_1_512' title='bbox 1093 3503 1248 3568; x_wconf 76' lang='lat' dir='ltr'><strong>cmli,</strong></span> <span class='ocrx_word' id='word_1_513' title='bbox 1283 3504 1385 3559; x_wconf 90' lang='lat' dir='ltr'><strong>hoc</strong></span> <span class='ocrx_word' id='word_1_514' title='bbox 1431 3517 1516 3560; x_wconf 54' lang='lat' dir='ltr'><strong>est</strong></span> <span class='ocrx_word' id='word_1_515' title='bbox 1550 3510 1713 3569; x_wconf 88' lang='lat' dir='ltr'><strong>aeris,</strong></span> <span class='ocrx_word' id='word_1_516' title='bbox 1761 3512 2064 3569; x_wconf 84' lang='lat' dir='ltr'><strong>assimilati.</strong></span> 
     </span>
    </p>
   </div>
   <div class='ocr_carea' id='block_1_67' title="bbox 489 3587 2064 3674">
    <p class='ocr_par' dir='ltr' id='par_1_67' title="bbox 489 3587 2064 3674">
     <span class='ocr_line' id='line_1_67' title="bbox 489 3587 2064 3674; baseline 0.013 -34"><span class='ocrx_word' id='word_1_517' title='bbox 489 3587 690 3642; x_wconf 91' lang='lat' dir='ltr'><strong>lterum</strong></span> <span class='ocrx_word' id='word_1_518' title='bbox 723 3591 1058 3647; x_wconf 86' lang='lat' dir='ltr'><strong>assimilatur</strong></span> <span class='ocrx_word' id='word_1_519' title='bbox 1103 3593 1374 3651; x_wconf 88' lang='lat' dir='ltr'><strong>fermento</strong></span> <span class='ocrx_word' id='word_1_520' title='bbox 1409 3599 1624 3654; x_wconf 83' lang='lat' dir='ltr'><strong>divinus</strong></span> <span class='ocrx_word' id='word_1_521' title='bbox 1669 3617 1873 3668; x_wconf 86' lang='lat' dir='ltr'><strong>sermo,</strong></span> <span class='ocrx_word' id='word_1_522' title='bbox 1923 3607 2064 3674; x_wconf 90' lang='lat' dir='ltr'><strong>quod</strong></span> 
     </span>
    </p>
   </div>
   <div class='ocr_carea' id='block_1_68' title="bbox 485 3683 2067 3760">
    <p class='ocr_par' dir='ltr' id='par_1_68' title="bbox 485 3683 2067 3760">
     <span class='ocr_line' id='line_1_68' title="bbox 485 3683 2067 3760; baseline 0.011 -25"><span class='ocrx_word' id='word_1_523' title='bbox 485 3693 758 3750; x_wconf 81' lang='lat' dir='ltr'><strong>smnptum</strong></span> <span class='ocrx_word' id='word_1_524' title='bbox 797 3683 1010 3752; x_wconf 87' lang='lat' dir='ltr'><strong>mulier,</strong></span> <span class='ocrx_word' id='word_1_525' title='bbox 1056 3686 1158 3742; x_wconf 92' lang='lat' dir='ltr'><strong>hoc</strong></span> <span class='ocrx_word' id='word_1_526' title='bbox 1196 3699 1280 3744; x_wconf 86' lang='lat' dir='ltr'><strong>est</strong></span> <span class='ocrx_word' id='word_1_527' title='bbox 1347 3691 1583 3746; x_wconf 88' lang='lat' dir='ltr'><strong>lmmana</strong></span> <span class='ocrx_word' id='word_1_528' title='bbox 1621 3706 1835 3760; x_wconf 82' lang='lat' dir='ltr'><strong>natura,</strong></span> <span class='ocrx_word' id='word_1_529' title='bbox 1883 3698 2067 3752; x_wconf 78' lang='lat' dir='ltr'><strong>occul-</strong></span> 
     </span>
    </p>
   </div>
   <div class='ocr_carea' id='block_1_69' title="bbox 486 3774 2066 3861">
    <p class='ocr_par' dir='ltr' id='par_1_69' title="bbox 486 3774 2066 3861">
     <span class='ocr_line' id='line_1_69' title="bbox 486 3774 2066 3861; baseline 0.011 -33"><span class='ocrx_word' id='word_1_530' title='bbox 486 3774 621 3828; x_wconf 89' lang='lat' dir='ltr'><strong>tavit</strong></span> <span class='ocrx_word' id='word_1_531' title='bbox 654 3775 706 3829; x_wconf 93' lang='lat' dir='ltr'><strong>in</strong></span> <span class='ocrx_word' id='word_1_532' title='bbox 739 3775 928 3833; x_wconf 69' lang='lat' dir='ltr'><strong>farina:</strong></span> <span class='ocrx_word' id='word_1_533' title='bbox 958 3791 1075 3834; x_wconf 80' lang='lat' dir='ltr'><strong>sata</strong></span> <span class='ocrx_word' id='word_1_534' title='bbox 1105 3781 1228 3846; x_wconf 86' lang='lat' dir='ltr'><strong>tria,</strong></span> <span class='ocrx_word' id='word_1_535' title='bbox 1273 3783 1370 3837; x_wconf 89' lang='lat' dir='ltr'><strong>hoc</strong></span> <span class='ocrx_word' id='word_1_536' title='bbox 1397 3795 1500 3848; x_wconf 85' lang='lat' dir='ltr'><strong>est,</strong></span> <span class='ocrx_word' id='word_1_537' title='bbox 1537 3786 1590 3840; x_wconf 92' lang='lat' dir='ltr'><strong>in</strong></span> <span class='ocrx_word' id='word_1_538' title='bbox 1638 3802 1858 3856; x_wconf 90' lang='lat' dir='ltr'><strong>corpus,</strong></span> <span class='ocrx_word' id='word_1_539' title='bbox 1905 3791 2066 3861; x_wconf 86' lang='lat' dir='ltr'><strong>spiri-</strong></span> 
     </span>
    </p>
   </div>
   <div class='ocr_carea' id='block_1_70' title="bbox 489 3867 2066 3945">
    <p class='ocr_par' dir='ltr' id='par_1_70' title="bbox 489 3867 2066 3945">
     <span class='ocr_line' id='line_1_70' title="bbox 489 3867 2066 3945; baseline 0.011 -27"><span class='ocrx_word' id='word_1_540' title='bbox 489 3878 622 3931; x_wconf 88' lang='lat' dir='ltr'><strong>tum,</strong></span> <span class='ocrx_word' id='word_1_541' title='bbox 661 3877 714 3920; x_wconf 90' lang='lat' dir='ltr'><strong>et</strong></span> <span class='ocrx_word' id='word_1_542' title='bbox 745 3867 1019 3936; x_wconf 86' lang='lat' dir='ltr'><strong>animam,</strong></span> <span class='ocrx_word' id='word_1_543' title='bbox 1068 3871 1138 3925; x_wconf 88' lang='lat' dir='ltr'><strong>ita</strong></span> <span class='ocrx_word' id='word_1_544' title='bbox 1192 3882 1249 3926; x_wconf 91' lang='lat' dir='ltr'><strong>ut</strong></span> <span class='ocrx_word' id='word_1_545' title='bbox 1302 3874 1390 3928; x_wconf 88' lang='lat' dir='ltr'><strong>illa</strong></span> <span class='ocrx_word' id='word_1_546' title='bbox 1436 3877 1872 3945; x_wconf 85' lang='lat' dir='ltr'><strong>sanctificentur,</strong></span> <span class='ocrx_word' id='word_1_547' title='bbox 1923 3883 2066 3936; x_wconf 90' lang='lat' dir='ltr'><strong>sicut</strong></span> 
     </span>
    </p>
   </div>
   <div class='ocr_carea' id='block_1_71' title="bbox 484 3960 2064 4041">
    <p class='ocr_par' dir='ltr' id='par_1_71' title="bbox 484 3960 2064 4041">
     <span class='ocr_line' id='line_1_71' title="bbox 484 3960 2064 4041; baseline 0.008 -27"><span class='ocrx_word' id='word_1_548' title='bbox 484 3960 616 4014; x_wconf 88' lang='lat' dir='ltr'><strong>dicit</strong></span> <span class='ocrx_word' id='word_1_549' title='bbox 649 3961 838 4016; x_wconf 82' lang='lat' dir='ltr'><strong>beatus</strong></span> <span class='ocrx_word' id='word_1_550' title='bbox 898 3962 1133 4031; x_wconf 86' lang='lat' dir='ltr'><strong>Paulus,</strong></span> <span class='ocrx_word' id='word_1_551' title='bbox 1199 3965 1400 4037; x_wconf 80' lang='lat' dir='ltr'><strong>ﬁatque</strong></span> <span class='ocrx_word' id='word_1_552' title='bbox 1447 3985 1548 4023; x_wconf 90' lang='lat' dir='ltr'><strong>una</strong></span> <span class='ocrx_word' id='word_1_553' title='bbox 1615 3974 2064 4041; x_wconf 88' lang='lat' dir='ltr'><strong>comtemperatio</strong></span> 
     </span>
    </p>
   </div>
   <div class='ocr_carea' id='block_1_72' title="bbox 483 4053 2061 4132">
    <p class='ocr_par' dir='ltr' id='par_1_72' title="bbox 483 4053 2061 4132">
     <span class='ocr_line' id='line_1_72' title="bbox 483 4053 2061 4132; baseline 0.011 -29"><span class='ocrx_word' id='word_1_554' title='bbox 483 4053 864 4108; x_wconf 87' lang='lat' dir='ltr'><strong>communione</strong></span> <span class='ocrx_word' id='word_1_555' title='bbox 913 4071 1033 4110; x_wconf 91' lang='lat' dir='ltr'><strong>cum</strong></span> <span class='ocrx_word' id='word_1_556' title='bbox 1085 4055 1291 4128; x_wconf 88' lang='lat' dir='ltr'><strong>Spiritu</strong></span> <span class='ocrx_word' id='word_1_557' title='bbox 1329 4072 1539 4115; x_wconf 89' lang='lat' dir='ltr'><strong>sancto.</strong></span> <span class='ocrx_word' id='word_1_558' title='bbox 1604 4061 1846 4132; x_wconf 86' lang='lat' dir='ltr'><strong>lntcllige</strong></span> <span class='ocrx_word' id='word_1_559' title='bbox 1880 4074 2061 4120; x_wconf 90' lang='lat' dir='ltr'><strong>antem</strong></span> 
     </span>
    </p>
   </div>
   <div class='ocr_carea' id='block_1_73' title="bbox 482 4148 2062 4226">
    <p class='ocr_par' dir='ltr' id='par_1_73' title="bbox 482 4148 2062 4226">
     <span class='ocr_line' id='line_1_73' title="bbox 482 4148 2062 4226; baseline 0.008 -26"><span class='ocrx_word' id='word_1_560' title='bbox 482 4159 580 4214; x_wconf 89' lang='lat' dir='ltr'><strong>per</strong></span> <span class='ocrx_word' id='word_1_561' title='bbox 635 4148 912 4204; x_wconf 88' lang='lat' dir='ltr'><strong>mulierem</strong></span> <span class='ocrx_word' id='word_1_562' title='bbox 965 4152 1202 4205; x_wconf 88' lang='lat' dir='ltr'><strong>animam</strong></span> <span class='ocrx_word' id='word_1_563' title='bbox 1235 4171 1248 4206; x_wconf 90' lang='lat'>:</span> <span class='ocrx_word' id='word_1_564' title='bbox 1285 4164 1402 4208; x_wconf 85' lang='lat' dir='ltr'><strong>sata</strong></span> <span class='ocrx_word' id='word_1_565' title='bbox 1435 4171 1567 4210; x_wconf 89' lang='lat' dir='ltr'><strong>vero</strong></span> <span class='ocrx_word' id='word_1_566' title='bbox 1605 4157 1707 4211; x_wconf 90' lang='lat' dir='ltr'><strong>tria</strong></span> <span class='ocrx_word' id='word_1_567' title='bbox 1735 4167 1846 4211; x_wconf 87' lang='lat' dir='ltr'><strong>tres</strong></span> <span class='ocrx_word' id='word_1_568' title='bbox 1878 4171 2062 4226; x_wconf 89' lang='lat' dir='ltr'><strong>partes</strong></span> 
     </span>
    </p>
   </div>
   <div class='ocr_carea' id='block_1_74' title="bbox 484 4237 2057 4312">
    <p class='ocr_par' dir='ltr' id='par_1_74' title="bbox 484 4237 2057 4312">
     <span class='ocr_line' id='line_1_74' title="bbox 484 4237 2057 4312; baseline 0.01 -24"><span class='ocrx_word' id='word_1_569' title='bbox 484 4237 622 4306; x_wconf 87' lang='lat' dir='ltr'><strong>ejus,</strong></span> <span class='ocrx_word' id='word_1_570' title='bbox 675 4239 1016 4304; x_wconf 85' lang='lat' dir='ltr'><strong>rationalem,</strong></span> <span class='ocrx_word' id='word_1_571' title='bbox 1067 4244 1570 4312; x_wconf 86' lang='lat' dir='ltr'><strong>concupiscibilem,</strong></span> <span class='ocrx_word' id='word_1_572' title='bbox 1606 4256 1660 4300; x_wconf 94' lang='lat' dir='ltr'><strong>et</strong></span> <span class='ocrx_word' id='word_1_573' title='bbox 1704 4249 2057 4304; x_wconf 83' lang='lat' dir='ltr'><strong>irascibilcm.</strong></span> 
     </span>
    </p>
   </div>
   <div class='ocr_carea' id='block_1_75' title="bbox 481 4327 2058 4404">
    <p class='ocr_par' dir='ltr' id='par_1_75' title="bbox 481 4327 2058 4404">
     <span class='ocr_line' id='line_1_75' title="bbox 481 4327 2058 4404; baseline 0.009 -22"><span class='ocrx_word' id='word_1_574' title='bbox 481 4327 537 4382; x_wconf 90' lang='lat' dir='ltr'><strong>Si</strong></span> <span class='ocrx_word' id='word_1_575' title='bbox 569 4329 692 4397; x_wconf 91' lang='lat' dir='ltr'><strong>quis</strong></span> <span class='ocrx_word' id='word_1_576' title='bbox 723 4329 888 4398; x_wconf 78' lang='lat' dir='ltr'><strong>igitur</strong></span> <span class='ocrx_word' id='word_1_577' title='bbox 914 4332 968 4385; x_wconf 91' lang='lat' dir='ltr'><strong>in</strong></span> <span class='ocrx_word' id='word_1_578' title='bbox 1000 4333 1174 4386; x_wconf 91' lang='lat' dir='ltr'><strong>tribus</strong></span> <span class='ocrx_word' id='word_1_579' title='bbox 1212 4335 1317 4390; x_wconf 91' lang='lat' dir='ltr'><strong>illis</strong></span> <span class='ocrx_word' id='word_1_580' title='bbox 1350 4339 1596 4404; x_wconf 86' lang='lat' dir='ltr'><strong>partibus</strong></span> <span class='ocrx_word' id='word_1_581' title='bbox 1627 4355 1934 4396; x_wconf 84' lang='lat' dir='ltr'><strong>sermonem</strong></span> <span class='ocrx_word' id='word_1_582' title='bbox 1965 4341 2058 4398; x_wconf 92' lang='lat' dir='ltr'><strong>Dei</strong></span> 
     </span>
    </p>
   </div>
   <div class='ocr_carea' id='block_1_76' title="bbox 479 4421 2060 4501">
    <p class='ocr_par' dir='ltr' id='par_1_76' title="bbox 479 4421 2060 4501">
     <span class='ocr_line' id='line_1_76' title="bbox 479 4421 2060 4501; baseline 0.009 -27"><span class='ocrx_word' id='word_1_583' title='bbox 479 4421 807 4484; x_wconf 71' lang='lat' dir='ltr'><strong>OCCtlilal&#39;ll.</strong></span> <span class='ocrx_word' id='word_1_584' title='bbox 843 4423 1005 4479; x_wconf 82' lang='lat' dir='ltr'><strong>faciet</strong></span> <span class='ocrx_word' id='word_1_585' title='bbox 1059 4427 1203 4481; x_wconf 91' lang='lat' dir='ltr'><strong>illam</strong></span> <span class='ocrx_word' id='word_1_586' title='bbox 1259 4437 1426 4485; x_wconf 89' lang='lat' dir='ltr'><strong>totam</strong></span> <span class='ocrx_word' id='word_1_587' title='bbox 1471 4433 1840 4501; x_wconf 88' lang='lat' dir='ltr'><strong>spiritualem,</strong></span> <span class='ocrx_word' id='word_1_588' title='bbox 1882 4434 1952 4488; x_wconf 88' lang='lat' dir='ltr'><strong>ita</strong></span> <span class='ocrx_word' id='word_1_589' title='bbox 2001 4445 2060 4489; x_wconf 92' lang='lat' dir='ltr'><strong>ut</strong></span> 
     </span>
    </p>
   </div>
   <div class='ocr_carea' id='block_1_77' title="bbox 2173 3213 3711 3308">
    <p class='ocr_par' dir='ltr' id='par_1_77' title="bbox 2173 3213 3711 3308">
     <span class='ocr_line' id='line_1_77' title="bbox 2173 3213 3711 3308; baseline -0.013 -15"><span class='ocrx_word' id='word_1_590' title='bbox 2173 3213 2399 3301; x_wconf 83' lang='grc' dir='ltr'>κλάδους</span> <span class='ocrx_word' id='word_1_591' title='bbox 2444 3213 2678 3308; x_wconf 83' lang='grc' dir='ltr'>ὡραίους</span> <span class='ocrx_word' id='word_1_592' title='bbox 2745 3213 2870 3296; x_wconf 78' lang='grc' dir='ltr'>τοὺς</span> <span class='ocrx_word' id='word_1_593' title='bbox 2929 3229 3261 3292; x_wconf 81' lang='grc' dir='ltr'>ἀποστόλους</span> <span class='ocrx_word' id='word_1_594' title='bbox 3315 3226 3590 3296; x_wconf 71' lang='grc' dir='ltr'>ἐποίησεν,</span> <span class='ocrx_word' id='word_1_595' title='bbox 3647 3213 3711 3282; x_wconf 74' lang='grc' dir='ltr'>οἷς</span> 
     </span>
    </p>
   </div>
   <div class='ocr_carea' id='block_1_78' title="bbox 2169 3317 3712 3392">
    <p class='ocr_par' dir='ltr' id='par_1_78' title="bbox 2169 3317 3712 3392">
     <span class='ocr_line' id='line_1_78' title="bbox 2169 3317 3712 3392; baseline -0.015 -6"><span class='ocrx_word' id='word_1_596' title='bbox 2169 3329 2613 3386; x_wconf 81' lang='grc' dir='ltr'>ὲπαναπαύονται</span> <span class='ocrx_word' id='word_1_597' title='bbox 2671 3327 2872 3389; x_wconf 85' lang='grc' dir='ltr'>πάντες</span> <span class='ocrx_word' id='word_1_598' title='bbox 2945 3325 2995 3377; x_wconf 81' lang='grc' dir='ltr'>οἱ</span> <span class='ocrx_word' id='word_1_599' title='bbox 3070 3320 3264 3392; x_wconf 78' lang='grc' dir='ltr'>πρώην</span> <span class='ocrx_word' id='word_1_600' title='bbox 3322 3317 3712 3389; x_wconf 78' lang='grc' dir='ltr'>περιφερόμενι-;</span> 
     </span>
    </p>
   </div>
   <div class='ocr_carea' id='block_1_79' title="bbox 2171 3409 3712 3490">
    <p class='ocr_par' dir='ltr' id='par_1_79' title="bbox 2171 3409 3712 3490">
     <span class='ocr_line' id='line_1_79' title="bbox 2171 3409 3712 3490; baseline -0.013 -12"><span class='ocrx_word' id='word_1_601' title='bbox 2171 3424 2334 3478; x_wconf 77' lang='grc' dir='ltr'>παντὶ</span> <span class='ocrx_word' id='word_1_602' title='bbox 2366 3421 2639 3490; x_wconf 86' lang='grc' dir='ltr'>πνεύματι</span> <span class='ocrx_word' id='word_1_603' title='bbox 2674 3421 2772 3490; x_wconf 73' lang='grc' dir='ltr'>τῆς</span> <span class='ocrx_word' id='word_1_604' title='bbox 2811 3417 3040 3488; x_wconf 86' lang='grc' dir='ltr'>πλάνης,</span> <span class='ocrx_word' id='word_1_605' title='bbox 3087 3411 3200 3468; x_wconf 77' lang='grc' dir='ltr'>οἷον</span> <span class='ocrx_word' id='word_1_606' title='bbox 3231 3413 3281 3466; x_wconf 78' lang='grc' dir='ltr'><strong>οἱ</strong></span> <span class='ocrx_word' id='word_1_607' title='bbox 3331 3410 3390 3476; x_wconf 76' lang='grc' dir='ltr'>ἐξ</span> <span class='ocrx_word' id='word_1_608' title='bbox 3435 3409 3598 3463; x_wconf 82' lang='grc' dir='ltr'>ὲθνῶν</span> <span class='ocrx_word' id='word_1_609' title='bbox 3636 3420 3712 3457; x_wconf 78' lang='grc' dir='ltr'>πε·</span> 
     </span>
    </p>
   </div>
   <div class='ocr_carea' id='block_1_80' title="bbox 2168 3496 3713 3584">
    <p class='ocr_par' dir='ltr' id='par_1_80' title="bbox 2168 3496 3713 3584">
     <span class='ocr_line' id='line_1_80' title="bbox 2168 3496 3713 3584; baseline -0.015 -15"><span class='ocrx_word' id='word_1_610' title='bbox 2168 3517 2362 3578; x_wconf 84' lang='grc' dir='ltr'>τεινυῖς</span> <span class='ocrx_word' id='word_1_611' title='bbox 2399 3511 2875 3584; x_wconf 83' lang='grc' dir='ltr'>παραϐαλλόμενοι</span> <span class='ocrx_word' id='word_1_612' title='bbox 2904 3507 2992 3562; x_wconf 81' lang='grc' dir='ltr'><strong>διά</strong></span> <span class='ocrx_word' id='word_1_613' title='bbox 3039 3504 3102 3557; x_wconf 83' lang='grc' dir='ltr'>τὺ</span> <span class='ocrx_word' id='word_1_614' title='bbox 3139 3501 3233 3556; x_wconf 87' lang='grc' dir='ltr'><strong>τοῦ</strong></span> <span class='ocrx_word' id='word_1_615' title='bbox 3272 3497 3534 3569; x_wconf 83' lang='grc' dir='ltr'>λογισμοῦ</span> <span class='ocrx_word' id='word_1_616' title='bbox 3580 3496 3713 3549; x_wconf 73' lang='grc' dir='ltr'>εὐπε-</span> 
     </span>
    </p>
   </div>
   <div class='ocr_carea' id='block_1_81' title="bbox 2173 3595 3710 3680">
    <p class='ocr_par' dir='ltr' id='par_1_81' title="bbox 2173 3595 3710 3680">
     <span class='ocr_line' id='line_1_81' title="bbox 2173 3595 3710 3680; baseline -0.016 -17"><span class='ocrx_word' id='word_1_617' title='bbox 2173 3609 2448 3680; x_wconf 83' lang='grc' dir='ltr'>ριάγωγον</span> <span class='ocrx_word' id='word_1_618' title='bbox 2479 3607 2571 3659; x_wconf 72' lang='grc' dir='ltr'><strong>καὶ</strong></span> <span class='ocrx_word' id='word_1_619' title='bbox 2603 3601 3030 3672; x_wconf 80' lang='grc' dir='ltr'>εύεξαπάτητον,</span> <span class='ocrx_word' id='word_1_620' title='bbox 3059 3597 3153 3651; x_wconf 72' lang='grc' dir='ltr'>καὶ</span> <span class='ocrx_word' id='word_1_621' title='bbox 3184 3595 3385 3665; x_wconf 86' lang='grc' dir='ltr'>πολλῆς</span> <span class='ocrx_word' id='word_1_622' title='bbox 3419 3595 3584 3662; x_wconf 84' lang='grc' dir='ltr'>γέμον</span> <span class='ocrx_word' id='word_1_623' title='bbox 3608 3606 3710 3642; x_wconf 78' lang='grc' dir='ltr'>κον·</span> 
     </span>
    </p>
   </div>
   <div class='ocr_carea' id='block_1_82' title="bbox 2169 3687 3708 3786">
    <p class='ocr_par' dir='ltr' id='par_1_82' title="bbox 2169 3687 3708 3786">
     <span class='ocr_line' id='line_1_82' title="bbox 2169 3687 3708 3786; baseline -0.013 -32"><span class='ocrx_word' id='word_1_624' title='bbox 2169 3702 2426 3771; x_wconf 87' lang='grc' dir='ltr'>φότητος.</span> <span class='ocrx_word' id='word_1_625' title='bbox 2457 3697 2703 3752; x_wconf 85' lang='grc' dir='ltr'>Τοιοῦτοι</span> <span class='ocrx_word' id='word_1_626' title='bbox 2727 3695 2835 3764; x_wconf 75' lang='grc' dir='ltr'>γὰρ</span> <span class='ocrx_word' id='word_1_627' title='bbox 2859 3693 3058 3754; x_wconf 86' lang='grc' dir='ltr'>πάντες</span> <span class='ocrx_word' id='word_1_628' title='bbox 3087 3691 3137 3744; x_wconf 80' lang='lat' dir='ltr'><strong>oi</strong></span> <span class='ocrx_word' id='word_1_629' title='bbox 3164 3687 3526 3758; x_wconf 86' lang='grc' dir='ltr'>πλανώμενοι,</span> <span class='ocrx_word' id='word_1_630' title='bbox 3555 3699 3708 3786; x_wconf 54' lang='grc' dir='ltr'>πετει-</span> 
     </span>
    </p>
   </div>
   <div class='ocr_carea' id='block_1_83' title="bbox 2167 3775 3708 3861">
    <p class='ocr_par' dir='ltr' id='par_1_83' title="bbox 2167 3775 3708 3861">
     <span class='ocr_line' id='line_1_83' title="bbox 2167 3775 3708 3861; baseline -0.013 -15"><span class='ocrx_word' id='word_1_631' title='bbox 2167 3796 2279 3856; x_wconf 82' lang='grc' dir='ltr'>νοῖς</span> <span class='ocrx_word' id='word_1_632' title='bbox 2313 3790 2405 3844; x_wconf 85' lang='grc' dir='ltr'><strong>τοῦ</strong></span> <span class='ocrx_word' id='word_1_633' title='bbox 2440 3789 2692 3861; x_wconf 82' lang='grc' dir='ltr'>ούρανοῦ,</span> <span class='ocrx_word' id='word_1_634' title='bbox 2725 3787 2976 3840; x_wconf 84' lang='grc' dir='ltr'>τουτέστι</span> <span class='ocrx_word' id='word_1_635' title='bbox 3005 3783 3100 3836; x_wconf 86' lang='grc' dir='ltr'><strong>τοῦ</strong></span> <span class='ocrx_word' id='word_1_636' title='bbox 3147 3783 3304 3852; x_wconf 83' lang='grc' dir='ltr'>ἀέρος</span> <span class='ocrx_word' id='word_1_637' title='bbox 3336 3779 3588 3839; x_wconf 74' lang='grc' dir='ltr'>ἐοικότες.</span> <span class='ocrx_word' id='word_1_638' title='bbox 3616 3775 3708 3827; x_wconf 81' lang='grc' dir='ltr'>Πά-</span> 
     </span>
    </p>
   </div>
   <div class='ocr_carea' id='block_1_84' title="bbox 2165 3867 3690 3952">
    <p class='ocr_par' dir='ltr' id='par_1_84' title="bbox 2165 3867 3690 3952">
     <span class='ocr_line' id='line_1_84' title="bbox 2165 3867 3690 3952; baseline -0.013 -13"><span class='ocrx_word' id='word_1_639' title='bbox 2165 3886 2248 3940; x_wconf 92' lang='grc' dir='ltr'><strong>λιν</strong></span> <span class='ocrx_word' id='word_1_640' title='bbox 2291 3885 2434 3937; x_wconf 78' lang='grc' dir='ltr'>ἐοικε</span> <span class='ocrx_word' id='word_1_641' title='bbox 2485 3882 2631 3952; x_wconf 79' lang='grc' dir='ltr'>ζύμῃ</span> <span class='ocrx_word' id='word_1_642' title='bbox 2682 3881 2710 3932; x_wconf 84' lang='grc' dir='ltr'><strong>ό</strong></span> <span class='ocrx_word' id='word_1_643' title='bbox 2742 3879 2888 3942; x_wconf 84' lang='grc' dir='ltr'>θεῖος</span> <span class='ocrx_word' id='word_1_644' title='bbox 2935 3877 3114 3946; x_wconf 85' lang='grc' dir='ltr'>λόγος,</span> <span class='ocrx_word' id='word_1_645' title='bbox 3161 3875 3228 3945; x_wconf 77' lang='grc' dir='ltr'>ἣν</span> <span class='ocrx_word' id='word_1_646' title='bbox 3268 3871 3506 3925; x_wconf 86' lang='grc' dir='ltr'>λαϐοῦσα</span> <span class='ocrx_word' id='word_1_647' title='bbox 3557 3867 3690 3936; x_wconf 83' lang='grc' dir='ltr'>γυνὴ,</span> 
     </span>
    </p>
   </div>
   <div class='ocr_carea' id='block_1_85' title="bbox 2164 3956 3703 4041">
    <p class='ocr_par' dir='ltr' id='par_1_85' title="bbox 2164 3956 3703 4041">
     <span class='ocr_line' id='line_1_85' title="bbox 2164 3956 3703 4041; baseline -0.014 -14"><span class='ocrx_word' id='word_1_648' title='bbox 2164 3974 2443 4028; x_wconf 82' lang='grc' dir='ltr'>τουτέστιν</span> <span class='ocrx_word' id='word_1_649' title='bbox 2503 3973 2536 4041; x_wconf 82' lang='grc' dir='ltr'>ἠ</span> <span class='ocrx_word' id='word_1_650' title='bbox 2564 3967 2876 4040; x_wconf 82' lang='grc' dir='ltr'>ἀνθρωπεία</span> <span class='ocrx_word' id='word_1_651' title='bbox 2909 3965 3092 4033; x_wconf 81' lang='grc' dir='ltr'>φύσις,</span> <span class='ocrx_word' id='word_1_652' title='bbox 3128 3959 3364 4032; x_wconf 72' lang='grc' dir='ltr'>ἔκρυψεν</span> <span class='ocrx_word' id='word_1_653' title='bbox 3393 3959 3476 4020; x_wconf 82' lang='grc' dir='ltr'>εἰς</span> <span class='ocrx_word' id='word_1_654' title='bbox 3505 3956 3703 4024; x_wconf 81' lang='grc' dir='ltr'>ἀλεύρου</span> 
     </span>
    </p>
   </div>
   <div class='ocr_carea' id='block_1_86' title="bbox 2167 4050 3702 4134">
    <p class='ocr_par' dir='ltr' id='par_1_86' title="bbox 2167 4050 3702 4134">
     <span class='ocr_line' id='line_1_86' title="bbox 2167 4050 3702 4134; baseline -0.011 -15"><span class='ocrx_word' id='word_1_655' title='bbox 2167 4067 2306 4119; x_wconf 82' lang='grc' dir='ltr'>σάτα</span> <span class='ocrx_word' id='word_1_656' title='bbox 2343 4063 2501 4134; x_wconf 86' lang='grc' dir='ltr'>τρία,</span> <span class='ocrx_word' id='word_1_657' title='bbox 2548 4062 2826 4115; x_wconf 84' lang='grc' dir='ltr'>τουτέστιν</span> <span class='ocrx_word' id='word_1_658' title='bbox 2873 4061 2952 4123; x_wconf 86' lang='grc' dir='ltr'>εἰς</span> <span class='ocrx_word' id='word_1_659' title='bbox 3005 4058 3199 4127; x_wconf 85' lang='grc' dir='ltr'>σῶμα,</span> <span class='ocrx_word' id='word_1_660' title='bbox 3249 4054 3453 4127; x_wconf 77' lang='grc' dir='ltr'>ψυχὴν,</span> <span class='ocrx_word' id='word_1_661' title='bbox 3499 4050 3702 4120; x_wconf 82' lang='grc' dir='ltr'>πνεῦμα,</span> 
     </span>
    </p>
   </div>
   <div class='ocr_carea' id='block_1_87' title="bbox 2163 4139 3703 4222">
    <p class='ocr_par' dir='ltr' id='par_1_87' title="bbox 2163 4139 3703 4222">
     <span class='ocr_line' id='line_1_87' title="bbox 2163 4139 3703 4222; baseline -0.014 -14"><span class='ocrx_word' id='word_1_662' title='bbox 2163 4155 2306 4209; x_wconf 81' lang='grc' dir='ltr'>ὥστε</span> <span class='ocrx_word' id='word_1_663' title='bbox 2355 4152 2681 4222; x_wconf 85' lang='grc' dir='ltr'>ἁγιασθῆναι</span> <span class='ocrx_word' id='word_1_664' title='bbox 2726 4147 2933 4210; x_wconf 88' lang='grc' dir='ltr'>ταῦτα,</span> <span class='ocrx_word' id='word_1_665' title='bbox 2965 4145 3109 4200; x_wconf 75' lang='grc' dir='ltr'>καθά</span> <span class='ocrx_word' id='word_1_666' title='bbox 3154 4159 3318 4214; x_wconf 86' lang='grc' dir='ltr'>φησιν</span> <span class='ocrx_word' id='word_1_667' title='bbox 3380 4143 3410 4193; x_wconf 86' lang='grc' dir='ltr'><strong>δ</strong></span> <span class='ocrx_word' id='word_1_668' title='bbox 3467 4139 3703 4210; x_wconf 75' lang='grc' dir='ltr'>μακάριος</span> 
     </span>
    </p>
   </div>
   <div class='ocr_carea' id='block_1_88' title="bbox 2163 4230 3701 4334">
    <p class='ocr_par' dir='ltr' id='par_1_88' title="bbox 2163 4230 3701 4334">
     <span class='ocr_line' id='line_1_88' title="bbox 2163 4230 3701 4334; baseline -0.015 -32"><span class='ocrx_word' id='word_1_669' title='bbox 2163 4248 2395 4313; x_wconf 82' lang='grc' dir='ltr'>Παῦλος,</span> <span class='ocrx_word' id='word_1_670' title='bbox 2428 4247 2522 4300; x_wconf 77' lang='grc' dir='ltr'><strong>καὶ</strong></span> <span class='ocrx_word' id='word_1_671' title='bbox 2563 4242 2813 4312; x_wconf 83' lang='grc' dir='ltr'>γενέσθαι</span> <span class='ocrx_word' id='word_1_672' title='bbox 2847 4239 2906 4293; x_wconf 81' lang='grc' dir='ltr'>ἓν</span> <span class='ocrx_word' id='word_1_673' title='bbox 2939 4239 3168 4309; x_wconf 84' lang='grc' dir='ltr'>φύραμα</span> <span class='ocrx_word' id='word_1_674' title='bbox 3212 4233 3464 4334; x_wconf 39' lang='grc' dir='ltr'>’τῇ-πρὸς.</span> <span class='ocrx_word' id='word_1_675' title='bbox 3489 4230 3701 4334; x_wconf 47' lang='lat' dir='ltr'><strong>«eam</strong></span> 
     </span>
    </p>
   </div>
   <div class='ocr_carea' id='block_1_89' title="bbox 2162 4320 3696 4408">
    <p class='ocr_par' dir='ltr' id='par_1_89' title="bbox 2162 4320 3696 4408">
     <span class='ocr_line' id='line_1_89' title="bbox 2162 4320 3696 4408; baseline -0.01 -15"><span class='ocrx_word' id='word_1_676' title='bbox 2162 4338 2386 4408; x_wconf 87' lang='grc' dir='ltr'>Πνεῦμα</span> <span class='ocrx_word' id='word_1_677' title='bbox 2417 4335 2690 4406; x_wconf 75' lang='grc' dir='ltr'>κοινωνία.</span> <span class='ocrx_word' id='word_1_678' title='bbox 2715 4332 2957 4403; x_wconf 82' lang='grc' dir='ltr'>Νοήσαις</span> <span class='ocrx_word' id='word_1_679' title='bbox 2987 4330 3033 4383; x_wconf 79' lang='grc' dir='ltr'>δ’</span> <span class='ocrx_word' id='word_1_680' title='bbox 3062 4328 3128 4382; x_wconf 79' lang='grc' dir='ltr'><strong>ἂν</strong></span> <span class='ocrx_word' id='word_1_681' title='bbox 3149 4327 3386 4394; x_wconf 78' lang='grc' dir='ltr'>γυναῖκα</span> <span class='ocrx_word' id='word_1_682' title='bbox 3415 4323 3511 4394; x_wconf 78' lang='grc' dir='ltr'>τὴν</span> <span class='ocrx_word' id='word_1_683' title='bbox 3533 4320 3696 4390; x_wconf 71' lang='grc' dir='ltr'>ψυχὴν.</span> 
     </span>
    </p>
   </div>
   <div class='ocr_carea' id='block_1_90' title="bbox 2164 4409 3695 4500">
    <p class='ocr_par' dir='ltr' id='par_1_90' title="bbox 2164 4409 3695 4500">
     <span class='ocr_line' id='line_1_90' title="bbox 2164 4409 3695 4500; baseline -0.015 -16"><span class='ocrx_word' id='word_1_684' title='bbox 2164 4432 2302 4484; x_wconf 85' lang='grc' dir='ltr'>σάτα</span> <span class='ocrx_word' id='word_1_685' title='bbox 2329 4430 2387 4482; x_wconf 82' lang='grc' dir='ltr'>δὲ</span> <span class='ocrx_word' id='word_1_686' title='bbox 2443 4428 2573 4500; x_wconf 87' lang='grc' dir='ltr'>τρία</span> <span class='ocrx_word' id='word_1_687' title='bbox 2603 4427 2665 4480; x_wconf 84' lang='grc' dir='ltr'>τὸ</span> <span class='ocrx_word' id='word_1_688' title='bbox 2699 4423 2958 4497; x_wconf 68' lang='grc' dir='ltr'>τριμερὶς</span> <span class='ocrx_word' id='word_1_689' title='bbox 2983 4421 3173 4491; x_wconf 70' lang='grc' dir='ltr'>αὐτῆς,</span> <span class='ocrx_word' id='word_1_690' title='bbox 3208 4417 3447 4486; x_wconf 74' lang='grc' dir='ltr'>λογικὸν,</span> <span class='ocrx_word' id='word_1_691' title='bbox 3481 4409 3695 4480; x_wconf 73' lang='grc' dir='ltr'>θυμικὸν,</span> 
     </span>
    </p>
   </div>
   <div class='ocr_carea' id='block_1_91' title="bbox 483 4503 2066 4593">
    <p class='ocr_par' dir='ltr' id='par_1_91' title="bbox 483 4512 2057 4593">
     <span class='ocr_line' id='line_1_91' title="bbox 483 4512 2057 4593; baseline 0.011 -29"><span class='ocrx_word' id='word_1_692' title='bbox 483 4512 766 4568; x_wconf 87' lang='lat' dir='ltr'><strong>rationalis</strong></span> <span class='ocrx_word' id='word_1_693' title='bbox 795 4529 898 4568; x_wconf 91' lang='lat' dir='ltr'><strong>non</strong></span> <span class='ocrx_word' id='word_1_694' title='bbox 930 4514 1142 4571; x_wconf 90' lang='lat' dir='ltr'><strong>labatur</strong></span> <span class='ocrx_word' id='word_1_695' title='bbox 1168 4518 1219 4572; x_wconf 93' lang='lat' dir='ltr'><strong>in</strong></span> <span class='ocrx_word' id='word_1_696' title='bbox 1249 4521 1540 4585; x_wconf 86' lang='lat' dir='ltr'><strong>doctrinis,</strong></span> <span class='ocrx_word' id='word_1_697' title='bbox 1569 4538 1742 4593; x_wconf 90' lang='lat' dir='ltr'><strong>neque</strong></span> <span class='ocrx_word' id='word_1_698' title='bbox 1768 4526 2057 4582; x_wconf 85' lang='lat' dir='ltr'><strong>irascibilis</strong></span> 
     </span>
    </p>
   </div>
   <div class='ocr_carea' id='block_1_92' title="bbox 2169 4503 3776 4593">
    <p class='ocr_par' dir='ltr' id='par_1_92' title="bbox 2169 4503 3776 4592">
     <span class='ocr_line' id='line_1_92' title="bbox 2169 4503 3776 4592; baseline -0.016 -13"><span class='ocrx_word' id='word_1_699' title='bbox 2169 4526 2255 4579; x_wconf 79' lang='grc' dir='ltr'><strong>καὶ</strong></span> <span class='ocrx_word' id='word_1_700' title='bbox 2284 4521 2702 4592; x_wconf 74' lang='grc' dir='ltr'>ἐπιθυμητικόν.</span> <span class='ocrx_word' id='word_1_701' title='bbox 2733 4518 2796 4572; x_wconf 75' lang='grc' dir='ltr'><strong>Εἰ</strong></span> <span class='ocrx_word' id='word_1_702' title='bbox 2829 4517 2922 4570; x_wconf 87' lang='grc' dir='ltr'><strong>οῦν</strong></span> <span class='ocrx_word' id='word_1_703' title='bbox 2951 4533 3034 4579; x_wconf 87' lang='grc' dir='ltr'><strong>τις</strong></span> <span class='ocrx_word' id='word_1_704' title='bbox 3073 4515 3132 4566; x_wconf 83' lang='grc' dir='ltr'>ὲν</span> <span class='ocrx_word' id='word_1_705' title='bbox 3170 4511 3249 4581; x_wconf 84' lang='grc' dir='ltr'>τῷ</span> <span class='ocrx_word' id='word_1_706' title='bbox 3277 4509 3531 4580; x_wconf 80' lang='grc' dir='ltr'>τριμερεί</span> <span class='ocrx_word' id='word_1_707' title='bbox 3555 4503 3696 4570; x_wconf 74' lang='grc' dir='ltr'>τούτῳ</span> <span class='ocrx_word' id='word_1_708' title='bbox 3773 4555 3776 4562; x_wconf 75' lang='grc'><strong>,</strong></span> 
     </span>
    </p>
   </div>
   <div class='ocr_carea' id='block_1_93' title="bbox 475 4607 2056 4680">
    <p class='ocr_par' dir='ltr' id='par_1_93' title="bbox 475 4607 2056 4680">
     <span class='ocr_line' id='line_1_93' title="bbox 475 4607 2056 4680; baseline 0.009 -22"><span class='ocrx_word' id='word_1_709' title='bbox 475 4613 531 4658; x_wconf 87' lang='lat' dir='ltr'><strong>et</strong></span> <span class='ocrx_word' id='word_1_710' title='bbox 558 4607 999 4675; x_wconf 78' lang='lat' dir='ltr'><strong>Concupiscibilis</strong></span> <span class='ocrx_word' id='word_1_711' title='bbox 1044 4611 1250 4680; x_wconf 86' lang='lat' dir='ltr'><strong>absque</strong></span> <span class='ocrx_word' id='word_1_712' title='bbox 1283 4613 1492 4666; x_wconf 86' lang='lat' dir='ltr'><strong>ratione</strong></span> <span class='ocrx_word' id='word_1_713' title='bbox 1525 4612 1791 4680; x_wconf 80' lang='lat' dir='ltr'><strong>ferantur,</strong></span> <span class='ocrx_word' id='word_1_714' title='bbox 1824 4618 1915 4671; x_wconf 87' lang='lat' dir='ltr'><strong>sed</strong></span> <span class='ocrx_word' id='word_1_715' title='bbox 1949 4615 2056 4672; x_wconf 86' lang='lat' dir='ltr'><strong>fcr-</strong></span> 
     </span>
    </p>
   </div>
   <div class='ocr_carea' id='block_1_94' title="bbox 480 4702 2054 4765">
    <p class='ocr_par' dir='ltr' id='par_1_94' title="bbox 480 4702 2054 4765">
     <span class='ocr_line' id='line_1_94' title="bbox 480 4702 2054 4765; baseline 0.011 -16"><span class='ocrx_word' id='word_1_716' title='bbox 480 4708 787 4752; x_wconf 82' lang='lat' dir='ltr'><strong>mententur</strong></span> <span class='ocrx_word' id='word_1_717' title='bbox 817 4710 871 4754; x_wconf 92' lang='lat' dir='ltr'><strong>et</strong></span> <span class='ocrx_word' id='word_1_718' title='bbox 901 4702 1275 4758; x_wconf 89' lang='lat' dir='ltr'><strong>assimilentur</strong></span> <span class='ocrx_word' id='word_1_719' title='bbox 1299 4707 1536 4760; x_wconf 89' lang='lat' dir='ltr'><strong>sermoni</strong></span> <span class='ocrx_word' id='word_1_720' title='bbox 1565 4706 1679 4763; x_wconf 92' lang='lat' dir='ltr'><strong>Dei.</strong></span> <span class='ocrx_word' id='word_1_721' title='bbox 1707 4707 2054 4765; x_wconf 82' lang='lat' dir='ltr'><strong>Perambula-</strong></span> 
     </span>
    </p>
   </div>
   <div class='ocr_carea' id='block_1_95' title="bbox 475 4789 2094 4872">
    <p class='ocr_par' dir='ltr' id='par_1_95' title="bbox 475 4789 2094 4872">
     <span class='ocr_line' id='line_1_95' title="bbox 475 4789 2094 4872; baseline 0.009 -27"><span class='ocrx_word' id='word_1_722' title='bbox 475 4792 566 4845; x_wconf 86' lang='lat' dir='ltr'><strong>bat</strong></span> <span class='ocrx_word' id='word_1_723' title='bbox 591 4807 718 4847; x_wconf 92' lang='lat' dir='ltr'><strong>vero</strong></span> <span class='ocrx_word' id='word_1_724' title='bbox 743 4789 902 4849; x_wconf 83' lang='lat' dir='ltr'><strong>Jesus</strong></span> <span class='ocrx_word' id='word_1_725' title='bbox 927 4811 1023 4865; x_wconf 90' lang='lat' dir='ltr'><strong>per</strong></span> <span class='ocrx_word' id='word_1_726' title='bbox 1049 4811 1214 4866; x_wconf 78' lang='lat' dir='ltr'><strong>pagos</strong></span> <span class='ocrx_word' id='word_1_727' title='bbox 1247 4805 1300 4852; x_wconf 90' lang='lat' dir='ltr'><strong>et</strong></span> <span class='ocrx_word' id='word_1_728' title='bbox 1331 4799 1577 4854; x_wconf 83' lang='lat' dir='ltr'><strong>civitates</strong></span> <span class='ocrx_word' id='word_1_729' title='bbox 1601 4800 1830 4857; x_wconf 88' lang='lat' dir='ltr'><strong>docens.</strong></span> <span class='ocrx_word' id='word_1_730' title='bbox 1866 4801 2052 4872; x_wconf 87' lang='lat' dir='ltr'><strong>Neque</strong></span> <span class='ocrx_word' id='word_1_731' title='bbox 2085 4848 2094 4858; x_wconf 93' lang='lat'><strong>.</strong></span> 
     </span>
    </p>
   </div>
   <div class='ocr_carea' id='block_1_96' title="bbox 474 4884 2051 4958">
    <p class='ocr_par' dir='ltr' id='par_1_96' title="bbox 474 4884 2051 4958">
     <span class='ocr_line' id='line_1_96' title="bbox 474 4884 2051 4958; baseline 0.007 -20"><span class='ocrx_word' id='word_1_732' title='bbox 474 4885 547 4938; x_wconf 86' lang='lat' dir='ltr'><strong>ita</strong></span> <span class='ocrx_word' id='word_1_733' title='bbox 564 4884 615 4938; x_wconf 91' lang='lat' dir='ltr'><strong>in</strong></span> <span class='ocrx_word' id='word_1_734' title='bbox 643 4900 806 4952; x_wconf 87' lang='lat' dir='ltr'><strong>parva</strong></span> <span class='ocrx_word' id='word_1_735' title='bbox 827 4887 969 4939; x_wconf 92' lang='lat' dir='ltr'><strong>venit</strong></span> <span class='ocrx_word' id='word_1_736' title='bbox 988 4888 1181 4957; x_wconf 87' lang='lat' dir='ltr'><strong>oppida</strong></span> <span class='ocrx_word' id='word_1_737' title='bbox 1205 4897 1256 4942; x_wconf 92' lang='lat' dir='ltr'><strong>et</strong></span> <span class='ocrx_word' id='word_1_738' title='bbox 1275 4905 1461 4958; x_wconf 89' lang='lat' dir='ltr'><strong>pagos,</strong></span> <span class='ocrx_word' id='word_1_739' title='bbox 1483 4898 1540 4944; x_wconf 87' lang='lat' dir='ltr'><strong>ut</strong></span> <span class='ocrx_word' id='word_1_740' title='bbox 1563 4906 1784 4958; x_wconf 85' lang='lat' dir='ltr'><strong>magnas</strong></span> <span class='ocrx_word' id='word_1_741' title='bbox 1805 4893 2051 4949; x_wconf 88' lang='lat' dir='ltr'><strong>civitates</strong></span> 
     </span>
    </p>
   </div>
   <div class='ocr_carea' id='block_1_97' title="bbox 472 4978 2052 5054">
    <p class='ocr_par' dir='ltr' id='par_1_97' title="bbox 472 4978 2052 5054">
     <span class='ocr_line' id='line_1_97' title="bbox 472 4978 2052 5054; baseline 0.007 -23"><span class='ocrx_word' id='word_1_742' title='bbox 472 4978 772 5048; x_wconf 88' lang='lat' dir='ltr'><strong>negligeret</strong></span> <span class='ocrx_word' id='word_1_743' title='bbox 803 4995 818 5032; x_wconf 90' lang='lat'><strong>:</strong></span> <span class='ocrx_word' id='word_1_744' title='bbox 857 4978 908 5033; x_wconf 89' lang='lat' dir='ltr'><strong>id</strong></span> <span class='ocrx_word' id='word_1_745' title='bbox 947 4982 1090 5049; x_wconf 90' lang='lat' dir='ltr'><strong>quod</strong></span> <span class='ocrx_word' id='word_1_746' title='bbox 1117 4981 1326 5035; x_wconf 88' lang='lat' dir='ltr'><strong>faciunt</strong></span> <span class='ocrx_word' id='word_1_747' title='bbox 1357 4983 1448 5051; x_wconf 90' lang='lat' dir='ltr'><strong>qui</strong></span> <span class='ocrx_word' id='word_1_748' title='bbox 1481 4983 1668 5037; x_wconf 90' lang='lat' dir='ltr'><strong>volunt</strong></span> <span class='ocrx_word' id='word_1_749' title='bbox 1696 4984 2052 5054; x_wconf 86' lang='lat' dir='ltr'><strong>simpliciores</strong></span> 
     </span>
    </p>
   </div>
   <div class='ocr_carea' id='block_1_98' title="bbox 471 5068 2048 5146">
    <p class='ocr_par' dir='ltr' id='par_1_98' title="bbox 471 5068 2048 5146">
     <span class='ocr_line' id='line_1_98' title="bbox 471 5068 2048 5146; baseline 0.006 -25"><span class='ocrx_word' id='word_1_750' title='bbox 471 5068 745 5140; x_wconf 89' lang='lat' dir='ltr'><strong>decipere,</strong></span> <span class='ocrx_word' id='word_1_751' title='bbox 767 5087 944 5141; x_wconf 89' lang='lat' dir='ltr'><strong>neque</strong></span> <span class='ocrx_word' id='word_1_752' title='bbox 965 5073 1037 5125; x_wconf 88' lang='lat' dir='ltr'><strong>ita</strong></span> <span class='ocrx_word' id='word_1_753' title='bbox 1067 5074 1214 5127; x_wconf 86' lang='lat' dir='ltr'><strong>venit</strong></span> <span class='ocrx_word' id='word_1_754' title='bbox 1240 5074 1291 5126; x_wconf 92' lang='lat' dir='ltr'><strong>in</strong></span> <span class='ocrx_word' id='word_1_755' title='bbox 1309 5075 1578 5141; x_wconf 88' lang='lat' dir='ltr'><strong>civitates,</strong></span> <span class='ocrx_word' id='word_1_756' title='bbox 1598 5075 1766 5146; x_wconf 76' lang='lat'><strong>389</strong></span> <span class='ocrx_word' id='word_1_757' title='bbox 1785 5087 1842 5131; x_wconf 90' lang='lat' dir='ltr'><strong>ut</strong></span> <span class='ocrx_word' id='word_1_758' title='bbox 1868 5088 2048 5132; x_wconf 87' lang='lat' dir='ltr'><strong>osten-</strong></span> 
     </span>
    </p>
   </div>
   <div class='ocr_carea' id='block_1_99' title="bbox 472 5163 2048 5236">
    <p class='ocr_par' dir='ltr' id='par_1_99' title="bbox 472 5163 2048 5236">
     <span class='ocr_line' id='line_1_99' title="bbox 472 5163 2048 5236; baseline 0.006 -24"><span class='ocrx_word' id='word_1_759' title='bbox 472 5167 624 5212; x_wconf 74' lang='lat' dir='ltr'><strong>tator</strong></span> <span class='ocrx_word' id='word_1_760' title='bbox 657 5175 703 5215; x_wconf 79' lang='lat' dir='ltr'><strong>et</strong></span> <span class='ocrx_word' id='word_1_761' title='bbox 745 5163 1014 5230; x_wconf 85' lang='lat' dir='ltr'><strong>gloriosus</strong></span> <span class='ocrx_word' id='word_1_762' title='bbox 1050 5179 1246 5232; x_wconf 86' lang='lat' dir='ltr'><strong>parvas</strong></span> <span class='ocrx_word' id='word_1_763' title='bbox 1303 5164 1576 5236; x_wconf 81' lang='lat' dir='ltr'><strong>negligens</strong></span> <span class='ocrx_word' id='word_1_764' title='bbox 1621 5185 1635 5220; x_wconf 90' lang='lat'><strong>:</strong></span> <span class='ocrx_word' id='word_1_765' title='bbox 1671 5169 1764 5222; x_wconf 88' lang='lat' dir='ltr'><strong>sed</strong></span> <span class='ocrx_word' id='word_1_766' title='bbox 1807 5177 1866 5222; x_wconf 93' lang='lat' dir='ltr'><strong>nt</strong></span> <span class='ocrx_word' id='word_1_767' title='bbox 1897 5185 2048 5224; x_wconf 83' lang='lat' dir='ltr'><strong>com-</strong></span> 
     </span>
    </p>
   </div>
   <div class='ocr_carea' id='block_1_100' title="bbox 473 5251 2047 5326">
    <p class='ocr_par' dir='ltr' id='par_1_100' title="bbox 473 5251 2047 5326">
     <span class='ocr_line' id='line_1_100' title="bbox 473 5251 2047 5326; baseline 0.006 -22"><span class='ocrx_word' id='word_1_768' title='bbox 473 5251 652 5306; x_wconf 87' lang='lat' dir='ltr'><strong>munis</strong></span> <span class='ocrx_word' id='word_1_769' title='bbox 685 5251 963 5319; x_wconf 91' lang='lat' dir='ltr'><strong>Dominus,</strong></span> <span class='ocrx_word' id='word_1_770' title='bbox 997 5255 1104 5310; x_wconf 85' lang='lat' dir='ltr'><strong>into</strong></span> <span class='ocrx_word' id='word_1_771' title='bbox 1152 5264 1209 5308; x_wconf 86' lang='grc' dir='ltr'><strong>ιιι</strong></span> <span class='ocrx_word' id='word_1_772' title='bbox 1245 5266 1400 5324; x_wconf 89' lang='lat' dir='ltr'><strong>pater</strong></span> <span class='ocrx_word' id='word_1_773' title='bbox 1455 5258 1544 5326; x_wconf 88' lang='lat' dir='ltr'><strong>qui</strong></span> <span class='ocrx_word' id='word_1_774' title='bbox 1571 5259 1814 5313; x_wconf 90' lang='lat' dir='ltr'><strong>omnium</strong></span> <span class='ocrx_word' id='word_1_775' title='bbox 1860 5275 2047 5313; x_wconf 85' lang='lat' dir='ltr'><strong>curam</strong></span> 
     </span>
    </p>
   </div>
   <div class='ocr_carea' id='block_1_101' title="bbox 472 5343 2051 5418">
    <p class='ocr_par' dir='ltr' id='par_1_101' title="bbox 472 5343 2051 5418">
     <span class='ocr_line' id='line_1_101' title="bbox 472 5343 2051 5418; baseline 0.007 -25"><span class='ocrx_word' id='word_1_776' title='bbox 472 5346 606 5414; x_wconf 83' lang='lat' dir='ltr'><strong>agit,</strong></span> <span class='ocrx_word' id='word_1_777' title='bbox 643 5343 840 5414; x_wconf 89' lang='lat' dir='ltr'><strong>ubique</strong></span> <span class='ocrx_word' id='word_1_778' title='bbox 877 5347 1092 5402; x_wconf 88' lang='lat' dir='ltr'><strong>circuit.</strong></span> <span class='ocrx_word' id='word_1_779' title='bbox 1126 5347 1381 5418; x_wconf 84' lang='lat' dir='ltr'><strong>Nunquid</strong></span> <span class='ocrx_word' id='word_1_780' title='bbox 1409 5357 1589 5402; x_wconf 89' lang='lat' dir='ltr'><strong>autem</strong></span> <span class='ocrx_word' id='word_1_781' title='bbox 1623 5349 1697 5403; x_wconf 91' lang='lat' dir='ltr'><strong>ita</strong></span> <span class='ocrx_word' id='word_1_782' title='bbox 1733 5350 1928 5403; x_wconf 87' lang='lat' dir='ltr'><strong>transit</strong></span> <span class='ocrx_word' id='word_1_783' title='bbox 1956 5365 2051 5418; x_wconf 88' lang='lat' dir='ltr'><strong>per</strong></span> 
     </span>
    </p>
   </div>
   <div class='ocr_carea' id='block_1_102' title="bbox 363 5438 2047 5515">
    <p class='ocr_par' dir='ltr' id='par_1_102' title="bbox 363 5438 2047 5515">
     <span class='ocr_line' id='line_1_102' title="bbox 363 5438 2047 5515; baseline 0.005 -26"><span class='ocrx_word' id='word_1_784' title='bbox 363 5502 385 5515; x_wconf 22' lang='grc' dir='ltr'>η,</span> <span class='ocrx_word' id='word_1_785' title='bbox 471 5446 730 5491; x_wconf 81' lang='lat' dir='ltr'><strong>externas</strong></span> <span class='ocrx_word' id='word_1_786' title='bbox 765 5438 1038 5504; x_wconf 89' lang='lat' dir='ltr'><strong>civitates,</strong></span> <span class='ocrx_word' id='word_1_787' title='bbox 1068 5441 1120 5495; x_wconf 94' lang='lat' dir='ltr'><strong>in</strong></span> <span class='ocrx_word' id='word_1_788' title='bbox 1152 5442 1348 5511; x_wconf 90' lang='lat' dir='ltr'><strong>quibus</strong></span> <span class='ocrx_word' id='word_1_789' title='bbox 1375 5457 1481 5496; x_wconf 91' lang='lat' dir='ltr'><strong>non</strong></span> <span class='ocrx_word' id='word_1_790' title='bbox 1512 5451 1592 5496; x_wconf 89' lang='lat' dir='ltr'><strong>tot</strong></span> <span class='ocrx_word' id='word_1_791' title='bbox 1624 5452 1781 5497; x_wconf 89' lang='lat' dir='ltr'><strong>erant</strong></span> <span class='ocrx_word' id='word_1_792' title='bbox 1812 5442 2047 5512; x_wconf 79' lang='lat' dir='ltr'><strong>legispe-</strong></span> 
     </span>
    </p>
   </div>
   <div class='ocr_carea' id='block_1_103' title="bbox 471 5528 2048 5607">
    <p class='ocr_par' dir='ltr' id='par_1_103' title="bbox 471 5528 2048 5607">
     <span class='ocr_line' id='line_1_103' title="bbox 471 5528 2048 5607; baseline 0.006 -24"><span class='ocrx_word' id='word_1_793' title='bbox 471 5528 606 5583; x_wconf 89' lang='lat' dir='ltr'><strong>riti:</strong></span> <span class='ocrx_word' id='word_1_794' title='bbox 658 5545 688 5583; x_wconf 89' lang='lat' dir='ltr'><strong>a</strong></span> <span class='ocrx_word' id='word_1_795' title='bbox 723 5528 1027 5588; x_wconf 84' lang='lat' dir='ltr'><strong>Jerusalem</strong></span> <span class='ocrx_word' id='word_1_796' title='bbox 1065 5544 1245 5589; x_wconf 89' lang='lat' dir='ltr'><strong>autem</strong></span> <span class='ocrx_word' id='word_1_797' title='bbox 1296 5536 1464 5607; x_wconf 90' lang='lat' dir='ltr'><strong>fugit,</strong></span> <span class='ocrx_word' id='word_1_798' title='bbox 1514 5544 1698 5606; x_wconf 90' lang='lat' dir='ltr'><strong>utpote</strong></span> <span class='ocrx_word' id='word_1_799' title='bbox 1748 5536 2048 5593; x_wconf 89' lang='lat' dir='ltr'><strong>formidans</strong></span> 
     </span>
    </p>
   </div>
   <div class='ocr_carea' id='block_1_104' title="bbox 473 5621 2048 5700">
    <p class='ocr_par' dir='ltr' id='par_1_104' title="bbox 473 5621 2048 5700">
     <span class='ocr_line' id='line_1_104' title="bbox 473 5621 2048 5700; baseline 0.008 -25"><span class='ocrx_word' id='word_1_800' title='bbox 473 5621 793 5690; x_wconf 88' lang='lat' dir='ltr'><strong>reprehendi</strong></span> <span class='ocrx_word' id='word_1_801' title='bbox 838 5639 866 5678; x_wconf 90' lang='lat' dir='ltr'><strong>a</strong></span> <span class='ocrx_word' id='word_1_802' title='bbox 911 5623 1262 5697; x_wconf 88' lang='lat' dir='ltr'><strong>legisperitis,</strong></span> <span class='ocrx_word' id='word_1_803' title='bbox 1301 5629 1382 5683; x_wconf 90' lang='lat' dir='ltr'><strong>vel</strong></span> <span class='ocrx_word' id='word_1_804' title='bbox 1422 5630 1710 5700; x_wconf 83' lang='lat' dir='ltr'><strong>suspicans</strong></span> <span class='ocrx_word' id='word_1_805' title='bbox 1746 5634 1813 5686; x_wconf 80' lang='lat' dir='ltr'><strong>nc&#39;</strong></span> <span class='ocrx_word' id='word_1_806' title='bbox 1857 5629 1926 5685; x_wconf 90' lang='lat' dir='ltr'><strong>ab</strong></span> <span class='ocrx_word' id='word_1_807' title='bbox 1967 5631 2048 5688; x_wconf 90' lang='lat' dir='ltr'><strong>eis</strong></span> 
     </span>
    </p>
   </div>
   <div class='ocr_carea' id='block_1_105' title="bbox 542 5797 1086 5867">
    <p class='ocr_par' dir='ltr' id='par_1_105' title="bbox 542 5797 1086 5867">
     <span class='ocr_line' id='line_1_105' title="bbox 542 5797 1086 5867; baseline 0.004 -15"><span class='ocrx_word' id='word_1_808' title='bbox 542 5798 587 5830; x_wconf 75' lang='grc' dir='ltr'>σί</span> <span class='ocrx_word' id='word_1_809' title='bbox 609 5797 728 5853; x_wconf 72' lang='lat' dir='ltr'><strong>Act.</strong></span> <span class='ocrx_word' id='word_1_810' title='bbox 767 5815 840 5867; x_wconf 77' lang='lat' dir='ltr'><strong>lx,</strong></span> <span class='ocrx_word' id='word_1_811' title='bbox 883 5799 967 5865; x_wconf 90' lang='lat' dir='ltr'><strong>ll,</strong></span> <span class='ocrx_word' id='word_1_812' title='bbox 1004 5800 1086 5854; x_wconf 65' lang='grc' dir='ltr'>ιε.</span> 
     </span>
    </p>
   </div>
   <div class='ocr_carea' id='block_1_106' title="bbox 2163 4594 3695 4686">
    <p class='ocr_par' dir='ltr' id='par_1_106' title="bbox 2163 4594 3695 4686">
     <span class='ocr_line' id='line_1_106' title="bbox 2163 4594 3695 4686; baseline -0.018 -14"><span class='ocrx_word' id='word_1_813' title='bbox 2163 4615 2506 4686; x_wconf 72' lang='grc' dir='ltr'>κατακρύψει</span> <span class='ocrx_word' id='word_1_814' title='bbox 2540 4614 2630 4667; x_wconf 84' lang='grc' dir='ltr'><strong>τὸν</strong></span> <span class='ocrx_word' id='word_1_815' title='bbox 2663 4612 2819 4681; x_wconf 87' lang='grc' dir='ltr'>λόγον</span> <span class='ocrx_word' id='word_1_816' title='bbox 2852 4609 2946 4663; x_wconf 88' lang='grc' dir='ltr'><strong>τοῦ</strong></span> <span class='ocrx_word' id='word_1_817' title='bbox 2978 4604 3138 4668; x_wconf 81' lang='grc' dir='ltr'>Θεοῦ,</span> <span class='ocrx_word' id='word_1_818' title='bbox 3179 4605 3395 4673; x_wconf 78' lang='grc' dir='ltr'>ποιήσει</span> <span class='ocrx_word' id='word_1_819' title='bbox 3427 4600 3544 4653; x_wconf 81' lang='grc' dir='ltr'>ὅλον</span> <span class='ocrx_word' id='word_1_820' title='bbox 3571 4594 3695 4649; x_wconf 80' lang='grc' dir='ltr'>τοῦτο</span> 
     </span>
    </p>
   </div>
   <div class='ocr_carea' id='block_1_107' title="bbox 2160 4689 3695 4778">
    <p class='ocr_par' dir='ltr' id='par_1_107' title="bbox 2160 4689 3695 4778">
     <span class='ocr_line' id='line_1_107' title="bbox 2160 4689 3695 4778; baseline -0.015 -14"><span class='ocrx_word' id='word_1_821' title='bbox 2160 4709 2551 4778; x_wconf 82' lang='grc' dir='ltr'>πνευματικὸν,</span> <span class='ocrx_word' id='word_1_822' title='bbox 2582 4705 2723 4758; x_wconf 81' lang='grc' dir='ltr'>ὥστε</span> <span class='ocrx_word' id='word_1_823' title='bbox 2762 4704 2899 4774; x_wconf 82' lang='grc' dir='ltr'>μήτε</span> <span class='ocrx_word' id='word_1_824' title='bbox 2942 4701 3005 4753; x_wconf 82' lang='grc' dir='ltr'><strong>τὸ</strong></span> <span class='ocrx_word' id='word_1_825' title='bbox 3029 4695 3341 4766; x_wconf 74' lang='grc' dir='ltr'>λογιστικὸν</span> <span class='ocrx_word' id='word_1_826' title='bbox 3366 4697 3426 4747; x_wconf 83' lang='grc' dir='ltr'>ὲν</span> <span class='ocrx_word' id='word_1_827' title='bbox 3470 4694 3575 4753; x_wconf 84' lang='grc' dir='ltr'>τοῖς</span> <span class='ocrx_word' id='word_1_828' title='bbox 3599 4689 3695 4754; x_wconf 78' lang='grc' dir='ltr'>δόγ-</span> 
     </span>
    </p>
   </div>
   <div class='ocr_carea' id='block_1_108' title="bbox 2159 4787 3692 4885">
    <p class='ocr_par' dir='ltr' id='par_1_108' title="bbox 2159 4787 3692 4885">
     <span class='ocr_line' id='line_1_108' title="bbox 2159 4787 3692 4885; baseline -0.015 -28"><span class='ocrx_word' id='word_1_829' title='bbox 2159 4820 2294 4874; x_wconf 86' lang='grc' dir='ltr'>μασι</span> <span class='ocrx_word' id='word_1_830' title='bbox 2316 4798 2664 4870; x_wconf 86' lang='grc' dir='ltr'>σφάλλεσθαι,</span> <span class='ocrx_word' id='word_1_831' title='bbox 2693 4798 2826 4868; x_wconf 84' lang='grc' dir='ltr'>μήτε</span> <span class='ocrx_word' id='word_1_832' title='bbox 2852 4793 3022 4864; x_wconf 86' lang='grc' dir='ltr'>θυμὸν</span> <span class='ocrx_word' id='word_1_833' title='bbox 3040 4793 3133 4846; x_wconf 69' lang='grc' dir='ltr'>καὶ</span> <span class='ocrx_word' id='word_1_834' title='bbox 3151 4790 3310 4885; x_wconf 83' lang='grc' dir='ltr'>ὲπιθυ</span> <span class='ocrx_word' id='word_1_835' title='bbox 3321 4790 3452 4859; x_wconf 88' lang='grc' dir='ltr'>μίαν</span> <span class='ocrx_word' id='word_1_836' title='bbox 3463 4787 3692 4885; x_wconf 40' lang='lat' dir='ltr'><strong>alarm?</strong></span> 
     </span>
    </p>
   </div>
   <div class='ocr_carea' id='block_1_109' title="bbox 2157 4881 3692 4982">
    <p class='ocr_par' dir='ltr' id='par_1_109' title="bbox 2157 4881 3692 4982">
     <span class='ocr_line' id='line_1_109' title="bbox 2157 4881 3692 4982; baseline -0.01 -36"><span class='ocrx_word' id='word_1_837' title='bbox 2157 4893 2447 4966; x_wconf 86' lang='grc' dir='ltr'>φέρεσθαι,</span> <span class='ocrx_word' id='word_1_838' title='bbox 2483 4891 2619 4944; x_wconf 82' lang='grc' dir='ltr'>ἀλλὰ</span> <span class='ocrx_word' id='word_1_839' title='bbox 2669 4885 3024 4959; x_wconf 78' lang='grc' dir='ltr'>ζυμωθῆναι,</span> <span class='ocrx_word' id='word_1_840' title='bbox 3079 4886 3172 4940; x_wconf 71' lang='grc' dir='ltr'>καὶ</span> <span class='ocrx_word' id='word_1_841' title='bbox 3219 4881 3604 4982; x_wconf 77' lang='grc' dir='ltr'>ἐξομοιωθῆναι</span> 
     </span>
    </p>
   </div>
   <div class='ocr_carea' id='block_1_110' title="bbox 2155 4973 3691 5058">
    <p class='ocr_par' dir='ltr' id='par_1_110' title="bbox 2155 4973 3691 5057">
     <span class='ocr_line' id='line_1_110' title="bbox 2155 4973 3691 5057; baseline -0.013 -15"><span class='ocrx_word' id='word_1_842' title='bbox 2155 4989 2299 5057; x_wconf 82' lang='grc' dir='ltr'>λόγῳ</span> <span class='ocrx_word' id='word_1_843' title='bbox 2328 4984 2421 5038; x_wconf 89' lang='grc' dir='ltr'><strong>τοῦ</strong></span> <span class='ocrx_word' id='word_1_844' title='bbox 2455 4981 2614 5037; x_wconf 85' lang='grc' dir='ltr'>Θεοῦ.</span> <span class='ocrx_word' id='word_1_845' title='bbox 2654 4979 3014 5050; x_wconf 82' lang='grc' dir='ltr'>Διεπορεύετο</span> <span class='ocrx_word' id='word_1_846' title='bbox 3042 4978 3099 5031; x_wconf 81' lang='grc' dir='ltr'>δὲ</span> <span class='ocrx_word' id='word_1_847' title='bbox 3130 4979 3159 5029; x_wconf 83' lang='grc' dir='ltr'><strong>ό</strong></span> <span class='ocrx_word' id='word_1_848' title='bbox 3198 4975 3410 5046; x_wconf 80' lang='grc' dir='ltr'>Ἰησοῦς</span> <span class='ocrx_word' id='word_1_849' title='bbox 3453 4973 3584 5027; x_wconf 69' lang='grc' dir='ltr'>κλτᾶ</span> <span class='ocrx_word' id='word_1_850' title='bbox 3614 4973 3691 5020; x_wconf 78' lang='grc' dir='ltr'>πό-</span> 
     </span>
    </p>
   </div>
   <div class='ocr_carea' id='block_1_111' title="bbox 2156 5059 3688 5144">
    <p class='ocr_par' dir='ltr' id='par_1_111' title="bbox 2156 5059 3688 5144">
     <span class='ocr_line' id='line_1_111' title="bbox 2156 5059 3688 5144; baseline -0.012 -12"><span class='ocrx_word' id='word_1_851' title='bbox 2156 5078 2269 5142; x_wconf 89' lang='grc' dir='ltr'>λεις</span> <span class='ocrx_word' id='word_1_852' title='bbox 2321 5077 2413 5131; x_wconf 61' lang='grc' dir='ltr'><strong>καὶ¹</strong></span> <span class='ocrx_word' id='word_1_853' title='bbox 2436 5074 2630 5144; x_wconf 87' lang='grc' dir='ltr'>κώμας</span> <span class='ocrx_word' id='word_1_854' title='bbox 2658 5071 2942 5126; x_wconf 58' lang='grc' dir='ltr'>διδάσκων</span> <span class='ocrx_word' id='word_1_855' title='bbox 2970 5068 3092 5124; x_wconf 70' lang='grc' dir='ltr'>οὔτε</span> <span class='ocrx_word' id='word_1_856' title='bbox 3120 5068 3229 5140; x_wconf 83' lang='grc' dir='ltr'><strong>γάρ</strong></span> <span class='ocrx_word' id='word_1_857' title='bbox 3254 5067 3365 5120; x_wconf 86' lang='grc' dir='ltr'>τῶν</span> <span class='ocrx_word' id='word_1_858' title='bbox 3391 5063 3596 5137; x_wconf 83' lang='grc' dir='ltr'>μικρῶν</span> <span class='ocrx_word' id='word_1_859' title='bbox 3613 5059 3688 5130; x_wconf 67' lang='grc' dir='ltr'>μὲν</span> 
     </span>
    </p>
   </div>
   <div class='ocr_carea' id='block_1_112' title="bbox 2156 5153 3686 5234">
    <p class='ocr_par' dir='ltr' id='par_1_112' title="bbox 2156 5153 3686 5234">
     <span class='ocr_line' id='line_1_112' title="bbox 2156 5153 3686 5234; baseline -0.007 -12"><span class='ocrx_word' id='word_1_860' title='bbox 2156 5168 2464 5230; x_wconf 79' lang='grc' dir='ltr'>ἐπέϐαινεν,</span> <span class='ocrx_word' id='word_1_861' title='bbox 2518 5159 2627 5218; x_wconf 73' lang='grc' dir='ltr'>οἷαι</span> <span class='ocrx_word' id='word_1_862' title='bbox 2673 5165 2729 5218; x_wconf 85' lang='grc' dir='ltr'><strong>αί</strong></span> <span class='ocrx_word' id='word_1_863' title='bbox 2765 5164 2980 5234; x_wconf 84' lang='grc' dir='ltr'>κῶμαι,</span> <span class='ocrx_word' id='word_1_864' title='bbox 3015 5161 3124 5215; x_wconf 85' lang='grc' dir='ltr'>τῶν</span> <span class='ocrx_word' id='word_1_865' title='bbox 3172 5161 3228 5214; x_wconf 82' lang='grc' dir='ltr'>δὲ</span> <span class='ocrx_word' id='word_1_866' title='bbox 3263 5159 3472 5212; x_wconf 86' lang='grc' dir='ltr'>πόλεων</span> <span class='ocrx_word' id='word_1_867' title='bbox 3499 5153 3686 5224; x_wconf 72' lang='grc' dir='ltr'>ἡμέλει.</span> 
     </span>
    </p>
   </div>
   <div class='ocr_carea' id='block_1_113' title="bbox 2145 5245 3688 5332">
    <p class='ocr_par' dir='ltr' id='par_1_113' title="bbox 2145 5245 3688 5332">
     <span class='ocr_line' id='line_1_113' title="bbox 2145 5245 3688 5332; baseline -0.011 -15"><span class='ocrx_word' id='word_1_868' title='bbox 2145 5265 2284 5332; x_wconf 85' lang='grc' dir='ltr'>ὅπερ</span> <span class='ocrx_word' id='word_1_869' title='bbox 2323 5259 2566 5314; x_wconf 87' lang='grc' dir='ltr'>ποιοῦσιν</span> <span class='ocrx_word' id='word_1_870' title='bbox 2613 5260 2662 5311; x_wconf 86' lang='grc' dir='ltr'><strong>οί</strong></span> <span class='ocrx_word' id='word_1_871' title='bbox 2689 5257 2815 5320; x_wconf 79' lang='grc' dir='ltr'>τοὺς</span> <span class='ocrx_word' id='word_1_872' title='bbox 2845 5253 3240 5325; x_wconf 83' lang='grc' dir='ltr'>άφελεστέρους</span> <span class='ocrx_word' id='word_1_873' title='bbox 3283 5249 3556 5320; x_wconf 76' lang='grc' dir='ltr'>ὲξαπατᾷν</span> <span class='ocrx_word' id='word_1_874' title='bbox 3593 5245 3688 5314; x_wconf 70' lang='grc' dir='ltr'><strong>βω·</strong></span> 
     </span>
    </p>
   </div>
   <div class='ocr_carea' id='block_1_114' title="bbox 2146 5339 3686 5426">
    <p class='ocr_par' dir='ltr' id='par_1_114' title="bbox 2146 5339 3686 5426">
     <span class='ocr_line' id='line_1_114' title="bbox 2146 5339 3686 5426; baseline -0.008 -19"><span class='ocrx_word' id='word_1_875' title='bbox 2146 5355 2386 5426; x_wconf 86' lang='grc' dir='ltr'>λόμενοι,</span> <span class='ocrx_word' id='word_1_876' title='bbox 2415 5349 2539 5404; x_wconf 80' lang='grc' dir='ltr'>οὔτε</span> <span class='ocrx_word' id='word_1_877' title='bbox 2560 5350 2668 5403; x_wconf 85' lang='grc' dir='ltr'><strong>τῶν</strong></span> <span class='ocrx_word' id='word_1_878' title='bbox 2686 5349 2892 5402; x_wconf 80' lang='grc' dir='ltr'>πόλεων</span> <span class='ocrx_word' id='word_1_879' title='bbox 2915 5346 3209 5401; x_wconf 75' lang='grc' dir='ltr'>ἐπιϐαίνων</span> <span class='ocrx_word' id='word_1_880' title='bbox 3226 5345 3301 5407; x_wconf 83' lang='grc' dir='ltr'><strong>ὡς</strong></span> <span class='ocrx_word' id='word_1_881' title='bbox 3350 5339 3686 5411; x_wconf 77' lang='grc' dir='ltr'>φιλενδείκτης</span> 
     </span>
    </p>
   </div>
   <div class='ocr_carea' id='block_1_115' title="bbox 2148 5427 3686 5516">
    <p class='ocr_par' dir='ltr' id='par_1_115' title="bbox 2148 5427 3686 5516">
     <span class='ocr_line' id='line_1_115' title="bbox 2148 5427 3686 5516; baseline -0.01 -15"><span class='ocrx_word' id='word_1_882' title='bbox 2148 5447 2244 5502; x_wconf 77' lang='grc' dir='ltr'>καὶ</span> <span class='ocrx_word' id='word_1_883' title='bbox 2269 5445 2421 5516; x_wconf 85' lang='grc' dir='ltr'>φίλος</span> <span class='ocrx_word' id='word_1_884' title='bbox 2446 5443 2628 5512; x_wconf 77' lang='grc' dir='ltr'>δόξης,</span> <span class='ocrx_word' id='word_1_885' title='bbox 2660 5441 2770 5494; x_wconf 85' lang='grc' dir='ltr'>τῶν</span> <span class='ocrx_word' id='word_1_886' title='bbox 2806 5439 3020 5512; x_wconf 84' lang='grc' dir='ltr'>μικρῶν</span> <span class='ocrx_word' id='word_1_887' title='bbox 3056 5439 3270 5509; x_wconf 70' lang='grc' dir='ltr'>ἠμέλει,</span> <span class='ocrx_word' id='word_1_888' title='bbox 3295 5435 3410 5492; x_wconf 78' lang='grc' dir='ltr'>ἀλλ’</span> <span class='ocrx_word' id='word_1_889' title='bbox 3435 5435 3507 5496; x_wconf 81' lang='grc' dir='ltr'>ὡς</span> <span class='ocrx_word' id='word_1_890' title='bbox 3541 5427 3686 5485; x_wconf 73' lang='grc' dir='ltr'>κοινὸς</span> 
     </span>
    </p>
   </div>
   <div class='ocr_carea' id='block_1_116' title="bbox 2143 5523 3685 5606">
    <p class='ocr_par' dir='ltr' id='par_1_116' title="bbox 2143 5523 3685 5606">
     <span class='ocr_line' id='line_1_116' title="bbox 2143 5523 3685 5606; baseline -0.01 -13"><span class='ocrx_word' id='word_1_891' title='bbox 2143 5538 2439 5606; x_wconf 75' lang='grc' dir='ltr'>δεσπότης,</span> <span class='ocrx_word' id='word_1_892' title='bbox 2497 5534 2696 5604; x_wconf 79' lang='grc' dir='ltr'>μᾶλλον</span> <span class='ocrx_word' id='word_1_893' title='bbox 2739 5532 2796 5586; x_wconf 76' lang='grc' dir='ltr'>δὲ</span> <span class='ocrx_word' id='word_1_894' title='bbox 2847 5531 3026 5602; x_wconf 77' lang='grc' dir='ltr'>πατὴρ</span> <span class='ocrx_word' id='word_1_895' title='bbox 3061 5531 3279 5584; x_wconf 85' lang='grc' dir='ltr'>πάντων</span> <span class='ocrx_word' id='word_1_896' title='bbox 3326 5523 3685 5600; x_wconf 78' lang='grc' dir='ltr'>προνοούμενος</span> 
     </span>
    </p>
   </div>
   <div class='ocr_carea' id='block_1_117' title="bbox 2148 5618 3681 5701">
    <p class='ocr_par' dir='ltr' id='par_1_117' title="bbox 2148 5618 3681 5701">
     <span class='ocr_line' id='line_1_117' title="bbox 2148 5618 3681 5701; baseline -0.009 -17"><span class='ocrx_word' id='word_1_897' title='bbox 2148 5628 2424 5700; x_wconf 86' lang='grc' dir='ltr'>πανταχοῦ</span> <span class='ocrx_word' id='word_1_898' title='bbox 2481 5626 2718 5701; x_wconf 81' lang='grc' dir='ltr'>περιῄει.</span> <span class='ocrx_word' id='word_1_899' title='bbox 2757 5620 2887 5694; x_wconf 72' lang='grc' dir='ltr'><strong>Ἆρ’</strong></span> <span class='ocrx_word' id='word_1_900' title='bbox 2941 5618 3034 5677; x_wconf 86' lang='grc' dir='ltr'><strong>οῦν</strong></span> <span class='ocrx_word' id='word_1_901' title='bbox 3084 5621 3182 5685; x_wconf 84' lang='grc' dir='ltr'><strong>τὰς</strong></span> <span class='ocrx_word' id='word_1_902' title='bbox 3236 5621 3337 5694; x_wconf 79' lang='grc' dir='ltr'>μὲν</span> <span class='ocrx_word' id='word_1_903' title='bbox 3373 5619 3476 5684; x_wconf 76' lang='grc' dir='ltr'><strong>ἔξω</strong></span> <span class='ocrx_word' id='word_1_904' title='bbox 3529 5622 3681 5680; x_wconf 71' lang='grc' dir='ltr'>πόλεις</span> 
     </span>
    </p>
   </div>
  </div>
