3896 6452
485 376 594 440 923
1369 377 1678 437 ΤΙΙΕΟΡΠ
1690 377 1952 437 YLACTI
1995 378 2023 436 ῑ

2130 377 2193 437 .l}
2204 376 2330 437 AR]
2343 377 2406 437 ᾸΞ
2445 380 2488 436 Α
2498 377 2798 438 RCIIIEP.
3586 380 3668 442 92l

486 483 735 556 impium.
769 485 834 540 Et
880 483 1012 538 meis
1042 497 1255 552 quoque
1293 482 1619 540 Christianis
1665 486 1904 554 quidem,
1936 487 2024 539 vit:

2167 488 2355 554 μάτων
2411 486 2662 558 λατρεία,
2696 487 2773 556 μὴ
2813 484 3255 558 προσηκαμένοις
3300 483 3392 555 τὴν
3426 487 3580 542 πίστιν
3601 492 3674 564 τὴν

485 579 668 632 autem
692 576 986 640 dissolutae,
1019 576 1133 630 haec
1152 584 1480 646 congruunt.
1507 577 1587 630 An
1617 591 1721 630 non
1753 586 1807 630 et
1830 577 2023 630 maudu

2166 580 2481 634 δικαιοῦσαν
2511 580 2602 632 τὸν
2629 579 2820 648 ἀσεϐῆ.
2854 579 2962 632 Καὶ
2991 580 3102 641 τοῖς
3128 579 3251 631 κατ’
3277 578 3372 648 ἐμὲ
3389 578 3442 631 δέ
3466 572 3676 649 Χριστια-

487 685 675 725 camus
706 683 901 738 corpus
929 669 1192 734 divinum,
1220 677 1275 723 et
1304 668 1537 722 bibimus
1597 670 1913 739 sanguinem
1967 667 2025 722 Dt

2166 675 2279 736 νοῖς
2303 671 2420 741 μὲν,
2455 670 2683 740 ἀμελέσι
2704 670 2760 723 δὲ
2785 669 2883 740 τὴν
2909 669 3076 739 ζωὴν,
3109 669 3399 739 ἀρμόσειεν
3428 670 3487 724 ἃν
3512 673 3675 727 ταῦτα·

487 775 675 816 coram
706 776 793 826 eo,
834 761 1076 830 quotidie
1097 760 1164 816 ad
1188 761 1467 830 mysticam
1494 777 1738 820 mensam
1794 761 2025 815 acceden

2167 763 2202 835 ἦ
2228 763 2348 833 οὐχὶ
2382 763 2477 816 καὶ
2508 764 2669 833 ἡμεῖς
2692 761 2986 832 ’τρώγομεν
3012 760 3072 814 τὸ
3094 762 3238 813 θεῖον
3266 760 3418 830 σῶμα
3440 801 3454 825 ,
3499 765 3579 816 καὶ
3615 768 3681 818 πί-

493 862 597 916 tes,
633 861 688 908 et
718 853 872 908 docet
913 854 964 906 in
1025 853 1148 906 latis
1191 853 1474 907 animabus
1532 853 1733 907 nostris
1772 853 2027 907 Dominus

2172 870 2340 924 νομεν
2377 855 2440 906 τὺ
2477 849 2617 924 αἷμα
2675 853 2770 905 τοῦ
2813 852 2949 906 Θεοῦ
2997 854 3227 906 ἐνώπιον
3263 851 3421 906 αὑτοῦ
3448 854 3554 907 καθ’
3584 858 3681 912 ἑκά.

487 944 652 1009 Atqui
686 945 824 998 nulla
852 945 972 998 inde
1003 944 1230 1007 utilitas,
1258 945 1300 998 si
1325 945 1595 998 auditores
1623 943 1816 998 divina:
1840 945 2025 1012 quidet

2171 964 2313 1016 στην
2343 949 2408 1017 τῇ
2453 947 2688 1016 μυστικῇ
2721 944 2964 1016 τραπέζῃ
2991 944 3308 1014 προσιόντες
3327 984 3342 1009 ,
3374 947 3465 1000 καὶ
3488 947 3681 1003 διδάσκει

487 1035 623 1106 legis
652 1036 864 1097 liamus.
906 1045 960 1090 et
1002 1050 1105 1088 nou
1136 1034 1368 1090 factores
1399 1050 1414 1088 :
1457 1035 1567 1088 imo
1597 1044 1784 1088 contra
1816 1035 1883 1090 ad
1945 1049 2025 1088 ma

2167 1040 2230 1091 ἐν
2251 1041 2369 1101 ταῖς
2411 1037 2692 1100 πλατείαις
2725 1037 2924 1107 ψυχαῖς
2951 1037 3107 1108 ἡμῶν
3137 1039 3165 1091 ό
3202 1037 3438 1110 Κύριοςς
3477 1040 3598 1093 Ἀλλ’
3619 1044 3683 1096 οὐ.

487 1127 661 1197 iorem
713 1137 1104 1182 tormentorum
1154 1127 1499 1182 occasionem
1566 1125 1839 1183 audivisse
1890 1125 2025 1180 cede

2167 1129 2258 1182 δέν
2279 1129 2489 1198 όφελος,
2517 1131 2565 1184 εἰ
2617 1131 2885 1201 ἀκροαταὶ
2930 1129 3020 1182 τοῦ
3065 1129 3210 1184 θείου
3241 1131 3405 1200 νόμου
3453 1133 3683 1202 γινόμεθα,

499 1217 641 1272 sicut
671 1226 726 1272 et
755 1218 1056 1272 divinarum
1088 1216 1580 1272 sanctiﬁcationum
1617 1216 1852 1282 sumptio
1887 1218 1953 1270 ad
1981 1215 2036 1284 ju

2171 1221 2264 1272 καὶ
2297 1221 2358 1272 οὐ
2401 1220 2618 1290 ποιηταί
2644 1235 2657 1248 ·
2689 1218 2998 1273 τούναντίον
3033 1217 3132 1288 μὲν
3156 1216 3252 1270 οὖν
3285 1217 3477 1286 μᾶλλον
3508 1220 3576 1281 είς
3597 1236 3684 1288 μει.

491 1307 715 1362 diciutu.
752 1305 986 1362 Observa
1026 1307 1169 1372 quod
1201 1307 1385 1373 rejecti
1423 1316 1549 1361 sunt
1579 1305 1675 1374 illi,
1710 1321 1940 1374 quorum
2011 1309 2029 1358 in

2170 1311 2342 1373 ζόνων
2368 1310 2616 1381 βασάνων
2638 1310 2896 1363 ὑπόθεσιν
2917 1310 3050 1380 ἡμῖν
3069 1309 3103 1374 ἡ
3135 1307 3418 1378 ἀκρόασις,
3437 1307 3598 1378 ῶσπερ
3621 1312 3689 1367 καὶ

489 1399 688 1472 plateis
710 1400 860 1454 docet
894 1399 1151 1454 Dominus
1190 1417 1203 1453 :
1232 1413 1415 1453 verum
1435 1399 1479 1453 si
1509 1399 1681 1466 ipsum
1718 1400 2027 1455 habuerimu

2173 1404 2207 1468 ἡ
2229 1402 2338 1455 τῶν
2375 1403 2537 1455 θείων
2580 1403 2936 1471 ἀγιασμάτων
2981 1401 3286 1471 μετάληψις
3312 1401 3390 1463 εἰς
3412 1403 3565 1470 κρῖμα
3588 1402 3689 1455 καθ·

491 1490 800 1554 doceutem,
833 1504 936 1543 non
968 1490 1018 1544 in
1072 1490 1282 1555 plan-is,
1324 1491 1418 1544 sed
1469 1490 1521 1544 in
1553 1491 1794 1560 angustis
1839 1501 1896 1546 et
1926 1492 2029 1543 triti

2175 1494 2408 1552 ίσταται.
2448 1495 2843 1566 Παρατήρησον
2894 1494 2950 1548 δὲ
2974 1496 3055 1548 ὅτι
3083 1492 3382 1560 ἀπόϐλητοι
3435 1494 3556 1546 εἰσιν
3583 1494 3689 1544 ἐκεῖ·

491 1583 913 1652 etcompnnctis
960 1582 1236 1645 cordibus,
1280 1596 1382 1638 non
1441 1583 1647 1636 erimus
1702 1581 1910 1650 rejecti.
1948 1579 2028 1635 Jat

2174 1604 2276 1649 νοι,
2306 1579 2380 1641 ὧν
2414 1587 2471 1638 ἐν
2501 1589 2620 1648 ταῖς
2653 1585 2935 1648 πλατείαις
2961 1585 3200 1638 διδάσκει
3230 1585 3260 1637 ὁ
3293 1582 3517 1652 Κύριος’
3541 1583 3603 1645 ὡς
3623 1585 3690 1636 liv

495 1673 598 1727 hoc
631 1675 772 1742 quod
829 1673 1027 1743 inquit,
1062 1674 1172 1730 illic
1200 1677 1303 1729 erit
1337 1676 1600 1743 ploratus,
1650 1676 1866 1744 quando
1921 1675 2033 1728 vide

2175 1695 2238 1745 γε
2269 1677 2584 1731 διδάσκοντα
2605 1677 2771 1730 αὑτὸν
2791 1676 3001 1748 ἔχωμεν
3021 1676 3120 1728 οὐκ
3149 1677 3208 1726 ἐν
3233 1674 3521 1740 πλατείαις,
3542 1676 3634 1729 ἀλλ’
3650 1683 3690 1730 ἐν

492 1765 621 1822 ltitia
652 1766 943 1832 Abraham,
980 1778 1032 1822 et
1053 1768 1219 1831 Isaac,
1248 1776 1300 1821 et
1329 1765 1518 1831 Jacob,
1580 1768 1828 1836 congruit
1853 1766 2030 1835 quidet

2178 1773 2396 1833 στεναῖς
2425 1770 2520 1824 καὶ⁸
2551 1770 2941 1840 τεθλιμμέναις
2971 1771 3067 1823 καὶ
3098 1770 3577 1837 κατανενυγμὲναις
3593 1787 3690 1840 καρ-

504 1867 560 1910 ct
617 1855 872 1912 lsraelitis
909 1860 1106 1928 quibus
1157 1860 1258 1913 ista
1293 1858 1526 1922 dicebat,
1551 1867 1603 1913 et
1650 1857 1734 1913 his
1769 1860 1858 1926 qui
1916 1859 2035 1912 hodi

2173 1865 2334 1926 δίαις,
2378 1865 2478 1919 οὐκ
2522 1864 2818 1935 ἀπόϐλητοι
2849 1863 3106 1933 ἐσόμεθα.
3134 1865 3209 1916 Τὸ
3236 1863 3293 1916 δὲ
3341 1864 3478 1916 Ἐκεῖ
3510 1864 3633 1918 ἔσται
3669 1867 3688 1916 ὀ

495 1963 618 2008 sunt
667 1953 950 2008 increduli.
977 1952 1146 2009 Judaei
1180 1968 1308 2009 sane
1342 1963 1490 2008 tanto
1547 1952 2033 2023 ntagistorqueban

2177 1956 2475 2026 κλαυθμὸς,
2503 1958 2632 2010 ὅταν
2663 1954 2868 2025 ὄψησθε
2887 1957 3162 2027 Ἀϐραὰμ,
3190 1959 3288 2010 καὶ
3329 1956 3504 2011 Ἰσαὰκ
3524 1959 3689 2012 καὶἸα-

499 2054 584 2098 tur
604 2045 869 2101 audiendo
900 2046 1035 2101 alios
1067 2062 1130 2102 ex
1155 2049 1406 2116 gentibus
1449 2047 1807 2116 requiescere,
1836 2054 1890 2100 et
1919 2045 2037 2114 quis

2177 2046 2313 2112 κὼϐ,
2356 2048 2582 2118 ἁρμόζει
2631 2048 2732 2117 μὲν
2781 2050 2874 2101 καὶ
2909 2051 3024 2111 τοῖς
3071 2048 3453 2118 Ἰσραηλίταις,
3488 2051 3601 2120 πρὸς
3623 2052 3688 2113 οὓς

478 2146 603 2211 .tetu
635 2137 915 2192 habituros
943 2138 1367 2194 cum-Abraham
1397 2150 1450 2194 et
1478 2139 1742 2209 patribus,
1797 2149 2010 2194 seaute

2176 2139 2349 2194 ταῦτα
2379 2138 2670 2206 διελέγετο,
2705 2139 2798 2191 καὶ
2829 2137 2908 2191 ἔτι
2924 2142 3035 2200 τοῖς
3053 2138 3197 2192 κατὰ
3231 2139 3452 2208 καιροὺς
3475 2141 3685 2202 ἀπίστοις.

495 2229 859 2298 ετρειιειιιίοε.
895 2229 1136 2286 Pertinet
1160 2232 1290 2286 item
1321 2241 1375 2290 et
1399 2238 1464 2288 ad
1494 2247 1610 2296 nos,
1645 2232 1733 2301 qui
1785 2246 1896 2288 non
1937 2233 2033 2286 ben

2177 2230 2239 2286 Οί
2268 2228 2376 2301 γάρ
2422 2228 2661 2285 Ἰουδαῖοι
2707 2229 2881 2296 τούτῳ
2919 2228 3153 2299 μάλιστα
3185 2227 3462 2285 ὲδάκνοντο
3484 2229 3550 2301 τῷ
3568 2231 3688 2286 ἁκού-

497 2335 787 2390 operamur
811 2337 930 2377 cum
969 2322 1074 2378 lld-e
1103 2340 1114 2378 :
1158 2334 1212 2378 et
1243 2339 1340 2378 nos
1377 2325 1592 2392 quidem
1625 2324 1676 2376 in
1714 2324 1828 2392 lege
1857 2323 2035 2380 Christ

2180 2343 2284 2389 ειν,
2313 2327 2394 2378 ὅτι
2427 2325 2577 2379 ἄλλοι
2610 2325 2707 2394 μὲν
2735 2327 2785 2378 oi
2820 2323 2880 2388 ἐξ
2941 2324 3109 2378 ἐθνῶν
3165 2324 3556 2378 ἀναπαύσονται
3588 2327 3688 2394 μετά

497 2410 997 2481 gloriamur,quam
1030 2430 1153 2469 mox
1186 2426 1369 2482 postea
1420 2415 1845 2482 transgredimur‘
1880 2424 1938 2470 et
1984 2429 2035 2467 re

2189 2415 2443 2486 Ἀϐραὰμ
2469 2416 2564 2469 καὶ
2607 2415 2716 2470 τῶν
2745 2415 3022 2486 πατέρων,
3055 2416 3213 2469 αὐτοὶ
3255 2415 3314 2469 δὲ
3342 2415 3684 2486 ἑξωθήσονται·

497 2503 810 2570 probamus.
834 2503 996 2559 Primi
1029 2506 1242 2574 quidem
1263 2520 1385 2561 esse
1412 2506 1674 2569 videmur,
1706 2517 1890 2574 utpote
1921 2522 1948 2558 a
1973 2521 2035 2562 cu

2179 2507 2412 2577 ἁρμόζει
2435 2507 2490 2560 δέ
2523 2507 2618 2560 καὶ
2662 2509 2797 2577 ἡμῖν
2850 2511 2964 2570 τοῖς
3013 2507 3088 2577 μὴ
3133 2508 3410 2562 ἀκόλουθα
3447 2509 3506 2577 τῇ
3554 2509 3687 2560 πίστει

495 2594 710 2652 stabulis
752 2595 1096 2663 iustructi,et
1121 2611 1316 2654 nomen
1370 2596 1571 2652 Christi
1601 2595 1846 2654 ferentes
1900 2616 1912 2652 :
1969 2613 2033 2669 po

2178 2597 2479 2667 πράττουσι
2511 2614 2522 2627 ’
2556 2599 2651 2652 καὶ
2682 2599 2845 2669 ἡμεῖς
2874 2599 2984 2670 γὰρ
3021 2599 3081 2652 ἐν
3105 2599 3190 2669 τῷ
3225 2599 3374 2670 νόμῳ
3399 2598 3486 2654 τοῦ
3510 2598 3686 2668 Χριστοῦ

495 2686 687 2742 s‘remi
711 2698 889 2744 autem
911 2689 1136 2754 erimus,
1161 2691 1394 2758 praelatis
1416 2691 1704 2760 gentilibus
1726 2691 2033 2760 quibusdau

2183 2689 2553 2760 καυχώμενοι,
2575 2686 2694 2746 εἶτα
2716 2691 2804 2744 διὰ
2832 2689 2930 2759 τῆς
2966 2691 3335 2762 παραϐάσεως
3377 2691 3548 2744 τούτου
3599 2691 3687 2743 ἀθε-

499 2778 593 2846 qui
623 2780 675 2833 in
709 2781 813 2834 line
843 2781 962 2837 vitae
989 2797 1099 2836 sua:
1121 2783 1370 2848 credunt,
1397 2792 1450 2838 et
1487 2783 1596 2842 Deo
1628 2783 1906 2853 placentes
1940 2799 2036 2852 par

2173 2781 2390 2846 τοῦντες
2413 2782 2597 2849 αὐτὸν,
2629 2782 2836 2853 πρῶτοι
2871 2783 2969 2854 μὲν
2988 2783 3064 2852 τῷ
3092 2783 3274 2836 δοκεῖν
3301 2783 3478 2852 ἐσμεν,
3506 2780 3569 2844 ώς
3595 2796 3689 2833 κατε

504 2885 628 2924 vum
663 2871 786 2926 vita:
817 2881 1028 2940 tempus
1052 2882 1242 2943 agunt.

2174 2875 2471 2944 ηχηθέντες
2512 2876 2574 2930 ἐκ
2608 2873 2940 2946 σπαργάνων
2987 2873 3168 2928 αὐτῶν
3208 2875 3304 2927 τὸν
3345 2874 3495 2942 λόγον
3532 2871 3689 2926 καὶτὸν

497 2961 738 3038 Χριστὸν
795 2965 1151 3036 φορέσαντες,
1183 2965 1402 3037 ἔσχατοι
1445 2967 1501 3020 δὲ
1558 2968 1803 3040 ἐσόμεθα,
1842 2965 2070 3020 ἐθνικῶν
2109 2966 2273 3036 τυχὸν
2309 2969 2781 3039 προτιμηθέντων,
2843 2969 2953 3023 τῶν
2989 2973 3124 3040 πρὸς
3147 2968 3228 3039 τῷ
3275 2967 3418 3022 τέλει
3471 2965 3552 3020 τοῦ
3604 2965 3687 3035 βίον

499 3056 926 3120 πιστευσάντων,
957 3057 1051 3111 καὶ
1082 3059 1327 3129 ἀρεστῶς
1353 3060 1424 3131 τῷ
1447 3061 1566 3132 Θεῷ
1594 3060 1962 3131 διαγαγόντων
1985 3060 2077 3114 τὸν
2116 3059 2296 3130 ὀλίγον
2318 3061 2419 3130 τῆς
2449 3061 2594 3131 ζωῆς
2621 3061 2832 3132 χρόνον.

568 3152 730 3208 Vens.
765 3149 954 3212 31-35.
1009 3167 1028 3202 ι
1065 3149 1261 3206 Eodem
1299 3155 1384 3208 die
1447 3163 1795 3209 accesserunt
1850 3153 2066 3224 quidam
2097 3167 2106 3206 ι

2255 3173 2275 3205 ί
2323 3154 2410 3208 Ἐν
2459 3155 2598 3225 αὐτῇ
2639 3156 2705 3225 τῇ
2743 3153 2922 3224 ἡμέρᾳ
2954 3150 3264 3223 προσῆλθόν
3303 3167 3442 3214 τινες
3475 3146 3691 3216 Φαρισαῖοι

497 3245 892 3302 Pharisaeorum
923 3248 1164 3302 dicentes
1190 3245 1263 3299 illi
1297 3264 1310 3300 :
1352 3246 1470 3309 laxi,
1500 3256 1556 3301 et
1585 3246 1721 3301 vade
1752 3247 1875 3301 hinc
1914 3264 1927 3300 :
1953 3247 2035 3312 qui

2193 3245 2446 3313 λέγοντες
2499 3244 2645 3316 αὐτῷ
2673 3261 2686 3274 ·
2722 3244 2967 3309 Ἔξελθε,
2995 3243 3088 3301 καὶ
3114 3242 3350 3316 πορεύου
3380 3239 3617 3299 ἐντεῦθεν,
3635 3237 3691 3290 ὃτι

501 3337 746 3393 Herodes
779 3340 892 3393 vult
929 3349 979 3395 te
1007 3338 1276 3395 occidere.
1314 3339 1374 3392 Et
1408 3338 1482 3391 ait
1507 3338 1653 3394 illis:
1687 3339 1784 3405 ltc,
1817 3348 1870 3393 et
1918 3338 2039 3392 dicit

2204 3337 2449 3408 Ἡρώδης
2479 3335 2623 3392 θέλει
2681 3353 2742 3391 σε
2797 3339 3136 3392 ἀποκτεῖναι.
3172 3337 3304 3401 καις
3329 3329 3472 3387 εἶπεν
3515 3332 3689 3387 αὐτοῖς·

501 3429 644 3500 vulpi
668 3431 819 3484 huic:
856 3429 994 3486 Ecce
1014 3432 1172 3501 ejicio
1192 3430 1473 3494 daemonia,
1498 3437 1550 3483 et
1578 3430 1840 3484 sanitates
1869 3428 2039 3498 perlic‘

2190 3428 2554 3498 Πορευθέντες
2583 3429 2769 3482 εῐπατε
2794 3430 2859 3499 τῇ
2888 3427 3136 3482 ἀλώπεκι
3154 3426 3352 3498 ταύτῃ,
3370 3424 3488 3479 Ἰδοὺ
3509 3421 3695 3475 ἐκϐάλλω

501 3523 680 3585 hodie,
703 3533 907 3584 etcras,
927 3532 983 3576 et
1009 3524 1163 3578 tertia
1194 3523 1282 3579 die
1308 3535 1669 3576 consummor.
1694 3520 2034 3576 Verumtatne

2189 3519 2458 3589 δαιμόνια,
2498 3519 2592 3574 καὶ
2640 3519 2810 3583 ἰάσεις
2843 3515 3078 3572 ἐπιτελῶ
3109 3518 3352 3586 σήμερον
3406 3514 3491 3567 καὶ
3535 3509 3691 3580 αὔριον,

495 3624 712 3684 oportet
758 3630 844 3672 me
889 3617 1049 3671 hodie
1080 3626 1136 3670 et
1169 3630 1290 3670 cras
1317 3623 1367 3669 et
1401 3614 1644 3682 proximo
1669 3613 1755 3666 die
1799 3611 2033 3682 proﬁcisr

2193 3614 2288 3666 καὶ
2317 3614 2383 3683 τῇ
2409 3612 2568 3684 τρίτῃ
2593 3611 2924 3683 τελειοῦμαι.
2964 3609 3110 3683 Πλὴν
3138 3609 3218 3663 δτιῖ
3273 3625 3342 3680 με
3397 3607 3604 3676 σήμερον
3626 3602 3691 3654 καὶ

495 3707 627 3776 quia
651 3706 770 3762 'liesi
794 3722 898 3760 non
943 3715 1119 3776 potest
1159 3716 1215 3761 ut
1245 3705 1504 3775 propheta
1538 3715 1723 3770 pereat
1747 3714 1897 3756 extra
1930 3701 2033 3759 Jert

2192 3704 2380 3775 αὕριον
2403 3704 2499 3760 καὶ
2514 3709 2580 3776 τῇ
2605 3705 2838 3776 ἐχομένῃ
2871 3703 3221 3774 πορεύεσθαι,
3259 3705 3338 3756 ὃτι
3367 3701 3461 3754 οὐκ
3482 3697 3693 3765 ἐνδέχεται

502 3795 688 3852 salem.
729 3814 748 3848 ι
788 3796 988 3854 Invidia
1009 3796 1353 3852 tabescebant
1371 3795 1640 3854 maledicti
1659 3793 1826 3848 Judaei
1845 3807 1896 3847 et
1915 3794 2040 3849 Doni

2195 3797 2480 3869 προφήτην
2501 3795 2792 3859 ἀπολέσθαι
2817 3795 2925 3863 ἔξω
2958 3791 3338 3865 Ἰερουσαλήμ.
3371 3811 3390 3844 ι
3425 3791 3582 3857 Φθόνῳ
3616 3786 3694 3836 δια·

502 3902 634 3941 num
669 3896 876 3944 terrere
905 3888 1170 3954 nituntur,
1202 3896 1256 3940 et
1291 3887 1583 3942 minantem
1602 3887 1649 3942 ei
1686 3885 1893 3942 faciunt
1924 3885 2040 3940 Hert

2193 3889 2484 3960 τηκόμενοι
2506 3888 2554 3941 oi
2581 3887 2878 3958 κατάρατοι
2898 3888 3182 3957 Φαρισαῖοι
3223 3882 3475 3953 ἐκφοϐεῖν
3520 3875 3695 3946 πειρῶν-

499 3978 624 4035 dem
661 3995 675 4032 :
709 3978 1118 4035 nolebautenitn
1143 3994 1265 4034 eum
1297 3979 1491 4039 videre
1516 3976 1806 4051 iacientem
1831 3978 2036 4032 miracu

2193 3998 2284 4035 ται
2310 3980 2399 4035 τὸν
2425 3979 2630 4051 Κύριον
2653 3979 2862 4034 καὶτὸν
2901 3977 3144 4049 Ἡρώδην
3171 3974 3542 4031 ἐπαπειλοῦσιν
3558 3967 3692 4036 αὐτῷ·

499 4085 572 4138 ne
626 4072 973 4127 multitudine
1001 4072 1384 4126 miraculorum
1422 4050 1604 4124 turbas
1632 4070 1733 4124 sibi
1758 4070 2037 4125 conciliare

2194 4071 2255 4124 οὐ
2291 4070 2398 4140 γὰρ
2428 4050 2617 4140 quem
2635 4069 2798 4124 αὑτὸν
2822 4070 2956 4140 όρᾷν
2984 4065 3516 4138 θαυματουργοῦντα,
3540 4062 3609 4116 ἵνα
3643 4057 3693 4127 μὴ

497 4137 558 4216 et
603 4163 805 4216 virtute
855 4163 1006 4217 verbi
1062 4163 1126 4216 ad
1162 4177 1223 4217 se
1268 4151 1528 4216 alliceret.
1584 4160 1893 4216 Prmtexunt
1932 4161 2035 4230 igill

2195 4160 2271 4232 τῷ
2302 4137 2502 4230 πλήθει
2526 4161 2635 4215 τῶν
2663 4137 2911 4232 σημείων
2940 4159 3244 4229 ἐφέλκηται
3270 4137 3395 4221 τοὺς
3418 4156 3598 4227 ὄχλους,
3627 4150 3693 4203 καὶ

517 4253 886 4320 ΙΙυι-οιίειη,θι
920 4253 1560 4321 Ιίηιζιιηιείιιὶὃιὲινειιοτίε
1587 4269 1770 4309 curam
1798 4269 1938 4310 esse.
1978 4254 2096 4324 lpse
2193 4255 2260 4325 τῇ
2313 4252 2408 4306 τοῦ
2454 4252 2617 4320 λόγου
2678 4252 2910 4322 δυνάμει
2965 4251 3238 4306 διδάσκων
3282 4248 3560 4317 ἐπιστρέφῃ
3598 4240 3696 4311 πρὸς

499 4346 660 4418 391
714 4357 904 4412 autem
937 4349 1100 4403 corda
1147 4349 1358 4404 illorum
1413 4349 1630 4414 sciens,
1689 4357 1968 4403 mansuete
2029 4365 2037 4398 ι

2197 4343 2405 4397 ἑαυτόν.
2438 4342 2871 4413 Προφασίζονται
2917 4337 3012 4395 οὖν
3082 4339 3173 4392 τὸν
3221 4339 3480 4409 Ἡρώδην,
3511 4334 3587 4387 καὶ
3624 4333 3694 4396 κὴ·

503 4439 822 4495 adumbrate
858 4456 953 4509 pro
978 4456 1125 4496 more
1163 4456 1260 4495 suo
1286 4440 1367 4496 eis
1389 4441 1679 4510 respondet
1705 4458 1718 4494 :
1747 4440 1916 4497 Dicite
1943 4440 2041 4510 vui]

2196 4435 2381 4488 δεσθαι
2443 4434 2536 4488 τοῦ
2589 4433 2844 4505 Σωτῆρος
2904 4433 3352 4505 σχηματίζονται.
3415 4429 3615 4486 Ἐκεῖνος
3658 4420 3693 4473 δὲ

510 4531 652 4587 huic.
686 4531 752 4585 Et
778 4534 986 4587 videtur
1007 4534 1220 4603 quidem
1249 4533 1513 4589 llerodem
1544 4533 1812 4602 appellare
1840 4533 2048 4603 vulpem

2155 4556 2156 4567 ι
2186 4525 2343 4588 εἰδὼς
2366 4525 2467 4587 τὰς
2495 4524 2722 4594 καρδίας
2769 4523 2970 4590 αὐτῶν,
3021 4523 3210 4592 πράως
3253 4539 3314 4575 τε
3345 4521 3436 4574 καὶ
3473 4528 3693 4570 cavemu-

509 4628 604 4681 sed
656 4624 958 4681 Pharii-varos
994 4636 1164 4691 notat,
1195 4627 1240 4680 si
1265 4627 1386 4696 quis
1424 4627 1715 4696 diligenter
1749 4629 2047 4682 consideret

2187 4617 2418 4687 σμένως,
2445 4616 2519 4678 ὡς
2554 4615 2676 4680 ἔθος
2701 4616 2872 4685 αὐτῷ,
2908 4615 3262 4686 ἀποκρίνεται
3299 4614 3503 4674 αὐτοῖς,
3529 4607 3602 4662 καί
3623 4619 3693 4709 retr

505 4718 624 4775 Non
654 4721 798 4775 enim
832 4721 988 4784 dixit,
1025 4721 1168 4790 vulpi
1197 4721 1295 4786 illi,
1337 4723 1433 4776 sed
1469 4722 1614 4787 huic,
1646 4721 1822 4776 media
1853 4721 2043 4789 quadat

2187 4727 2292 4773 σιν,
2323 4709 2526 4763 Εἴπατε
2559 4711 2626 4778 τῇ
2660 4707 2904 4762 ἀλώπεκι
2939 4708 3112 4781 ταύτῃ
3132 4723 3146 4738 σ
3185 4709 3280 4761 καὶ
3319 4705 3460 4760 δοκεῖ
3486 4700 3570 4770 μὲν
3590 4697 3691 4790 ἀ).ιῖιῖ

503 4827 642 4867 voce
676 4827 827 4877 usus,
863 4813 1024 4883 idque
1077 4812 1235 4868 scite.
1270 4812 1545 4882 Singulari
1577 4826 1804 4870 numero
1853 4810 2041 4866 dicenti

2190 4818 2331 4854 πεκα
2365 4801 2454 4853 τὸν
2494 4801 2743 4872 Ἡρώδην
2795 4798 3104 4869 ὀνομάζειν,
3153 4800 3279 4862 τοὺς
3334 4793 3622 4867 Φαρισαίους
3655 4783 3695 4835 δὲ

507 4905 746 4975 vulpem.
793 4876 1059 4960 Herodem
1092 4904 1210 4960 illos
1233 4876 1499 4974 suspicari
1537 4904 1664 4960 fecit
1691 4923 1703 4958 :
1737 4903 1968 4958 dicendo
1990 4917 2045 4956 all

2193 4893 2411 4963 μᾶλλον,
2443 4891 2498 4945 εί
2523 4909 2607 4955 τις
2662 4891 2908 4962 ἀκριϐῶς
2969 4890 3216 4960 σκοποίη.
3267 4890 3341 4944 Οὐ
3379 4889 3479 4957 γὰρ
3505 4880 3622 4988 εἶρε,
3648 4876 3693 4944 τῇ

509 5006 638 5065 tem,
686 4997 828 5061 huic,
881 4997 1020 5067 quod
1083 5006 1168 5052 est
1231 5011 1527 5065 pronomen
1579 4995 2047 5050 demonstrativutr

2191 4984 2434 5039 ἀλώπεκι
2465 4984 2672 5054 ἐκείνῃ,
2724 4981 2861 5036 ἀλλά
2893 4981 3088 5054 ταύτῃ,
3146 4982 3289 5054 μέσῃ
3331 4981 3434 5033 τινὶ
3477 4981 3693 5074 χρώμενος

510 5088 809 5142 insinuavit
838 5089 972 5144 istos
1009 5088 1157 5159 ipsos
1189 5103 1310 5142 esse
1338 5086 1556 5141 dolosos
1583 5086 1722 5140 illos.
1751 5084 1812 5140 Et
1843 5082 2048 5150 profect

2193 5077 2369 5147 φωνῆς
2399 5074 2488 5130 και
2513 5091 2576 5143 γε
2604 5073 2842 5142 εὐφυῶς.
2869 5075 2969 5128 Διὰ
2991 5075 3094 5145 μὲν
3126 5075 3235 5144 γὰρ
3249 5074 3341 5127 τοῦ
3371 5069 3547 5131 ἑνικῶς
3572 5064 3695 5166 ειπεν

512 5177 766 5234 Pharisaei
804 5196 911 5250 pra:
939 5195 999 5236 se
1032 5153 1295 5236 'l‘crebant
1344 5171 1610 5248 malignos
1663 5175 2048 5243 versipellesqu

2193 5165 2459 5230 ἀλώπεκι,
2495 5166 2586 5220 τὸν
2631 5165 2876 5238 Ἡρώδην
2915 5167 3146 5220 δέδωκεν
3185 5165 3411 5226 ἐκείνοις
3447 5153 3692 5250 ὑπολαϐεῖνι

513 5271 748 5340 vulpium
782 5289 978 5328 mores.
1016 5273 1147 5327 Vide
1175 5281 1378 5334 autem,
1427 5287 1546 5334 oro,
1575 5267 1845 5339 quomodo
1871 5265 2051 5320 maliti:

2194 5257 2281 5312 διὰ
2309 5257 2365 5312 δὲ
2386 5257 2479 5312 τοῦ
2515 5257 2806 5324 δεικτικῶς
2857 5257 3024 5328 φάναι
3057 5257 3254 5332 ταύτῃ,
3301 5256 3486 5315 αὐτοὺς
3509 5244 3691 5349 ἐκείνους

505 5376 698 5416 eorum
732 5364 1066 5430 respondeat.
1087 5363 1224 5429 Quia
1249 5363 1391 5418 enim
1411 5362 1705 5430 illipropter
1729 5360 1988 5412 sanitates
2009 5355 2042 5408 ii

2196 5351 2323 5416 τοὺς
2376 5350 2628 5420 δολεροὺς
2657 5349 2905 5422 ᾐνίξατο·
2938 5350 3014 5421 τῷ
3045 5350 3160 5404 ὄντι
3190 5349 3298 5420 γὰρ
3326 5347 3385 5401 τδ
3415 5345 3506 5412 τῆς
3533 5338 3691 5430 ad"?

511 5451 786 5519 videbant,
817 5463 872 5509 et
893 5454 1225 5510 incutiebant
1247 5454 1296 5510 ei
1321 5463 1516 5509 metum
1543 5469 1608 5508 ex
1632 5451 1863 5515 Herode,
1891 5449 2049 5504 idcirc

2197 5459 2290 5506 κος
2320 5441 2625 5512 πανοῦργον
2684 5441 2781 5496 καὶ
2826 5441 3124 5512 δύστροπον
3147 5443 3196 5495 οἱ
3237 5439 3501 5511 Φαρισαῖοι
3531 5421 3688 5526 inii}

516 5547 635 5619 ipse
660 5547 710 5601 id
732 5550 874 5616 quod
905 5547 1115 5604 sciebat
1137 5548 1243 5602 illis
1268 5547 1612 5617 potissimum
1660 5544 1871 5608 dolere,
1917 5541 2047 5599 dicit

2199 5551 2380 5589 κνυτο.
2416 5535 2558 5604 Ὅρα
2586 5534 2642 5589 δέ
2673 5551 2764 5603 μοι
2787 5535 2906 5598 πῶς
2941 5533 3076 5602 πρὸς
3101 5532 3202 5604 τὴν
3232 5528 3542 5600 κακουργίαν
3560 5527 3692 5619 άντων

519 5639 664 5694 Ecce
699 5639 844 5693 enim
869 5654 991 5708 ego,
1026 5639 1224 5708 inquit,
1255 5639 1512 5694 sanitates
1533 5638 1774 5707 perﬁcio,
1809 5647 1866 5692 et
1894 5636 2057 5690 θεῖοι]

2198 5626 2556 5696 ἀποκρίνεται
2589 5626 2794 5690 αὐτοῖς.
2815 5626 2967 5679 Ἐπεὶ
2993 5625 3102 5696 γάρ
3129 5626 3324 5680 ἐκεῖνοι
3351 5621 3434 5676 διὰ
3457 5617 3541 5674 τὰς
3565 5611 3692 5666 idem

523 5730 612 5783 nia
663 5729 842 5799 ejicio.
879 5727 1040 5797 Nam,
1095 5730 1239 5785 sicut
1285 5729 1599 5799 praedictum
1655 5735 1764 5794 est,
1809 5736 2060 5797 proptere

2203 5721 2522 5792 φθονοῦντες
2551 5719 2640 5772 τὸν
2662 5721 2726 5772 ἐκ
2753 5719 2845 5772 τοῦ
2883 5718 3124 5790 Ἡρώδου
3154 5719 3315 5788 φόϐον
3338 5712 3472 5782 αὐτῷ
3487 5708 3689 5799 ἐπίστιον,

524 5821 932 5882 insectabantur
961 5795 1108 5889 eum,
1146 5829 1204 5877 ut
1231 5795 1298 5878 ne
1328 5819 1608 5878 miraculis
1639 5795 1872 5876 ostensis
1898 5795 2062 5872 multo

2211 5814 2392 5880 αὐτὸς,
2427 5811 2562 5883 ὅπερ
2598 5809 2863 5882 ἠπίστατο
2893 5811 3084 5866 λυπεῖν
3113 5811 3369 5876 ἐκείνους,
3396 5803 3532 5860 τοῦτο
3556 5795 3688 5863 λέγει·
