3896 6452
100 365 206 426 925

814 367 1256 429 ENARRATIO
1290 370 1371 431 IN
1416 370 1909 432 EVANGELIUM
1948 372 2182 434 LUC.E.
2225 399 2293 411 -
2332 375 2492 436 CAP.
2532 375 2704 438 XIII.

3252 378 3363 442 926

112 480 247 537 Ἰδοὺ
279 479 406 549 γὰρ,
440 477 624 547 φησὶν,
669 477 899 532 ἐπιτελῶ
929 478 1121 543 ἰάσεις,
1156 482 1251 532 καὶ
1281 480 1536 549 δαιμόνια
1586 482 1679 534 ἐκ-

1787 482 1851 535 ad
1915 482 2241 537 credendum
2271 482 2374 538 sibi
2430 484 2688 540 alliceret.
2754 484 2925 543 Hodie
2964 500 3096 544 vero
3137 497 3192 542 et
3241 504 3366 545 cras

98 572 289 625 ϐάλλω
310 588 325 601 ·
350 570 421 632 ὡς
448 572 556 640 γὰρ
584 569 931 641 προείρηται,
955 570 1041 622 διὰ
1064 569 1221 623 τοῦτο
1252 571 1475 624 ἐδίωκον
1503 571 1684 635 αὑτὸν,

102 666 189 717 ῖνα
224 666 306 734 μὴ
340 666 402 733 τῇ
434 663 543 715 τῶν
595 662 914 733 παραδόξων
959 662 1217 727 ἐπιδείξει
1250 663 1533 734 χρώμενος
1592 681 1689 717 σα-

97 756 315 829 γηνεύῃ
340 755 564 819 πολλοὺς
596 748 766 818 εἰς’τὸ
802 754 1077 807 πιστεύειν
1102 754 1264 823 αύτῷ.
1304 756 1377 807 Τὸ
1399 756 1477 819 δὲ,
1520 759 1689 825 σήμε-

100 869 192 923 ρον
219 850 321 903 καὶ
346 847 554 919 αὔριον,
602 848 853 912 πλείονας
892 846 1107 917 ἡμέρας
1145 846 1315 917 δηλοῖ.
1346 848 1560 917 Ὥσπερ
1594 848 1686 901 οῦν

97 946 192 996 καὶ
240 945 405 1014 ἡμεῖς
457 940 732 1011 εἰώθαμεν
777 942 836 994 ἐν
870 942 937 1012 τῇ
990 940 1211 1012 συνήθει
1260 941 1449 1012 ὁμιλία
1482 940 1683 1007 λέγειν,

100 1038 358 1106 Σήμερον
408 1034 502 1088 καὶ
527 1033 719 1105 αὔριον
740 1034 949 1102 γίνεται
984 1033 1129 1100 τόδε,
1160 1032 1222 1087 ού
1247 1034 1465 1097 πάντως
1491 1032 1650 1087 τοσού
1667 1062 1686 1073 -

96 1148 173 1198 τῳ
202 1128 541 1198 διαστήματι
591 1126 651 1179 τὸ
680 1126 840 1195 ἔργον
870 1126 1295 1194 περικλείοντες,
1334 1124 1471 1179 ἀλλά
1504 1125 1563 1177 τὸ
1586 1142 1683 1178 τα-

94 1220 235 1290 χέως
266 1218 592 1288 γενήσεσθαι
613 1216 900 1287 δηλοῦντες
922 1237 935 1250 ο
968 1216 1141 1279 οὕτως
1166 1213 1259 1270 οῦν
1284 1217 1379 1270 καὶ
1407 1218 1433 1269 6
1450 1216 1683 1287 Χριστὸς

96 1312 295 1378 εἰπὼν,
319 1314 403 1365 ὅτι
429 1311 625 1373 Ἰάσεις
670 1310 903 1363 ἐπιτελῶ
926 1310 1188 1379 σήμερον,
1225 1310 1321 1363 καὶ
1349 1308 1561 1377 αύριον,
1589 1310 1683 1361 καὶ

95 1408 162 1475 τῇ
180 1404 345 1475 τρίτῃ
372 1404 553 1475 ἡμέρᾳ
587 1401 899 1471 τελειοῦμαι
926 1440 941 1466 ,
966 1402 1026 1454 ού
1058 1401 1273 1463 πάντως
1299 1400 1457 1454 τοῦτο
1483 1401 1679 1472 ἐδήλω-

99 1517 180 1565 σε,
227 1500 292 1551 τὸ
344 1499 404 1550 ὲν
439 1499 504 1566 τῇ
549 1496 709 1569 τρίτῃ
740 1496 922 1567 ἡμέρᾳ
955 1496 1270 1563 ἀναγκαίως
1302 1494 1678 1564 τελειωθῆναι,

96 1593 231 1647 ἀλλά
253 1591 318 1645 τὸ
346 1589 626 1659 συντόμως
646 1588 736 1641 τὸν
767 1587 1000 1641 θάνατον
1031 1586 1197 1640 αὑτοῦ
1230 1585 1557 1656 γενήσεσθαι
1583 1585 1678 1652 δη-

94 1683 193 1737 λοῖ.
223 1680 377 1750 Πλὴν
399 1679 480 1731 δεῖ
510 1694 576 1748 με
610 1677 852 1748 σήμερον
898 1675 993 1728 καὶ
1030 1672 1240 1742 αὔριον,
1272 1673 1517 1726 τουτέστι
1557 1672 1681 1741 χρό-

96 1792 183 1826 νον
205 1774 354 1837 τινὰ,
392 1772 715 1843 προσμεῖναι
744 1768 975 1822 ἐνταῦθα
1011 1765 1552 1837 θαυματουργοῦντα,
1585 1763 1679 1817 καὶ

97 1872 162 1941 τῇ
192 1868 432 1938 ἐχομένῃ
453 1863 777 1936 πορεύεσθαι
808 1864 887 1924 είς
924 1860 1304 1930 Ἰερουσαλήμ’
1340 1858 1516 1911 ἐκεῖσε
1572 1855 1679 1924 γάρ

98 1959 356 2029 ἀφώρισα
384 1956 603 2028 ἐμαυτῷ
632 1956 692 2008 τὸ
723 1954 914 2017 πάθος.
952 1953 1174 2023 Ἐπειδὴ
1204 1950 1312 2022 γὰρ
1340 1952 1537 2003 ἐκεῖνοι
1565 1948 1679 2000 ἔλε-

98 2068 190 2116 γον
216 2049 374 2119 αύτῷ
396 2067 408 2079 ·
440 2046 686 2112 Ἔξελθε,
720 2047 803 2099 ὅτι
849 2044 1094 2115 Ἡρώδης
1117 2042 1301 2113 μέλλει
1332 2058 1391 2094 σε
1416 2039 1680 2107 φονεύειν,

98 2146 152 2195 ἐν
182 2144 251 2211 τῇ
286 2139 551 2210 Γαλιλαίᾳ
579 2138 635 2190 δέ
681 2135 855 2191 ταῦτα
895 2135 1102 2203 ἔλεγον,
1131 2134 1346 2203 ἐκείνης
1369 2133 1478 2202 γὰρ
1508 2129 1683 2200 Ἠρώ-

98 2233 188 2305 δης
213 2227 381 2304 ἦρχε,
434 2231 705 2283 δείκνυσιν
737 2230 945 2292 αὐτοῖς,
992 2228 1073 2280 ὅτι
1112 2228 1203 2280 καὶ
1252 2225 1424 2279 πολλὰ
1460 2225 1683 2296 βουλευ-

99 2325 274 2394 ομένῳ
315 2321 534 2394 Ἡρώδῃ
567 2323 669 2375 οὐκ
716 2322 867 2373 ἔσται
898 2318 1060 2373 αὐτὸν
1112 2319 1344 2372 ἀνελεῖνο
1375 2319 1437 2372 οὐ
1466 2320 1574 2389 γὰρ
1625 2323 1683 2374 ἐν

99 2415 381 2484 Γαλιλαία,
402 2414 516 2467 ἀλλ’
543 2415 602 2465 ἐν
630 2411 989 2482 Ἰερουσαλὴμ
1016 2408 1351 2483 προώρισται
1386 2411 1533 2481 αὐτῷ
1574 2430 1680 2465 πα-

102 2505 230 2555 θεῖν.
268 2504 392 2555 ’Ῑνα
419 2501 476 2554 δέ
514 2517 595 2553 σοι
629 2500 723 2553 καὶ
752 2500 813 2553 τὸ
850 2499 1013 2570 ῥητὸν
1063 2498 1155 2552 τοῦ
1208 2499 1543 2568 Εύαγγελίου
1586 2519 1686 2555 σαο

109 2598 373 2665 φέστερον
399 2592 668 2663 ἐκθῶμαι,
730 2592 808 2664 μή
837 2593 1037 2663 νοήσῃς
1080 2592 1163 2645 ὃτι
1197 2593 1277 2646 δεῖ
1313 2610 1380 2663 με
1444 2596 1683 2667 σήμερον

108 2688 196 2741 καὶ
222 2686 418 2758 αὔριον
469 2685 821 2755 πορεύεσθαι,
854 2684 990 2737 ἀλλὰ
1040 2685 1200 2754 στῆθι
1230 2684 1356 2756 ἄχρι
1383 2684 1478 2738 τοῦ
1512 2689 1682 2756 σήμε-

108 2794 192 2845 ρον
232 2777 335 2829 καὶ
384 2774 573 2847 αὔριον
592 2791 606 2804 ·
641 2775 735 2828 καὶ
765 2774 938 2837 οὕτως
968 2773 1093 2826 είπέ
1124 2773 1206 2838 τὸ,
1236 2776 1301 2844 τῇ
1323 2772 1558 2844 ἐχομένῃ
1585 2791 1682 2826 πο-

103 2868 377 2939 ρεύεσθαι,
433 2862 544 2921 οἷον
576 2865 836 2929 πολλάκις
881 2864 1242 2937 ἀριθμοῦντες
1280 2865 1555 2936 εἰώθαμεν
1588 2866 1682 2918 λέ.

102 2980 233 3029 γειν,
283 2960 435 3029 Ἐγὼ
466 2962 722 3031 Κυριακῇ
770 2958 999 3030 δευτέρα
1051 2958 1145 3011 καὶ
1173 2958 1333 3029 τρίτη
1365 2957 1678 3028 ἐξέρχομαι,

101 3057 190 3125 οὐχ
216 3056 296 3118 ὡς
341 3053 548 3125 μέλλων
584 3054 679 3106 καὶ
708 3053 767 3104 ὲν
788 3053 853 3122 τῇ
880 3052 1157 3124 Κυριακῇ,
1191 3052 1285 3104 καὶ
1319 3053 1375 3104 ἐν
1397 3054 1462 3121 τῇ
1497 3050 1677 3104 δευτέ-

1791 574 1972 643 plures
2004 574 2118 633 dies
2143 575 2419 644 signiﬁcat
2447 594 2460 629 :
2492 577 2947 646 quemadmodum
2985 590 3036 635 et
3069 597 3169 636 nos
3210 583 3366 638 fami-

1791 666 1907 720 liari
1940 682 2189 721 sermone
2242 668 2617 723 consuevimus
2666 670 2844 725 dicere
2886 686 2900 726 :
2948 671 3117 727 Hodie
3148 682 3203 727 et
3242 689 3365 728 eras

1791 759 1882 812 ﬁet
1917 758 2019 814 boe
2055 775 2070 811 :
2118 773 2226 815 non
2285 760 2507 814 omnino
2551 759 2689 813 intra
2745 770 2850 813 tam
2883 762 3045 817 breve
3108 765 3364 831 temporis

1790 848 2133 904 intervallum
2184 865 2296 904 rem
2332 850 2865 915 circumseribentes,
2897 854 2990 907 sed
3020 855 3206 910 Statim
3240 854 3355 908 ﬁeri

1788 939 2180 1008 significantes,
2212 941 2284 995 ita
2326 940 2486 994 etiam
2520 940 2789 1005 Christus,
2834 942 3019 998 dicens
3049 961 3063 999 :
3093 943 3363 1001 Sanitates

1787 1031 2008 1099 perlicio
2033 1032 2194 1087 hodie
2224 1043 2277 1088 et
2300 1048 2445 1098 cras,
2477 1044 2530 1089 et
2554 1036 2713 1089 tertio
2741 1037 2830 1091 die
2852 1050 3232 1091 consummor:
3258 1052 3360 1090 non

1786 1124 2008 1179 omnino
2034 1124 2347 1195 signiﬁcare
2368 1126 2540 1181 voluit
2569 1127 2709 1195 quod
2745 1128 2904 1182 tertio
2934 1128 3021 1183 die
3049 1130 3362 1185 necessario

1786 1214 1856 1266 sit
1890 1217 2370 1279 eonsummandus,
2400 1218 2492 1271 sed
2522 1217 2668 1271 brevi
2696 1229 2920 1273 mortem
2948 1233 3100 1272 suam
3126 1217 3359 1271 futuram

1786 1304 2042 1359 declarat.
2077 1305 2461 1361 Verumtamen
2493 1317 2703 1377 oportet
2726 1322 2811 1363 me
2843 1310 2998 1363 hodie
3019 1318 3072 1363 et
3096 1324 3241 1372 eras,
3264 1309 3365 1363 hoc

1783 1408 1867 1452 est
1925 1399 2106 1468 aliquo
2137 1408 2398 1469 tempore,
2454 1415 2674 1455 manere
2728 1402 2829 1456 hoc
2860 1400 2999 1467 loco,
3050 1410 3104 1456 et
3150 1402 3363 1470 operari

1784 1490 2058 1553 miracula,
2086 1499 2139 1544 et
2168 1491 2412 1560 sequenti
2456 1492 2507 1544 in
2552 1490 2846 1547 Jerusalem
2900 1493 3213 1561 proﬁcisci:
3258 1493 3366 1549 illic

1781 1583 1924 1636 enim
1971 1581 2102 1651 elegi
2150 1593 2396 1637 mortem.
2465 1582 2600 1648 Quia
2638 1584 2782 1638 enim
2822 1584 2895 1638 illi
2952 1584 3203 1639 dicebant
3234 1585 3303 1638 [ei
3344 1597 3361 1635 :

1783 1675 2075 1745 Egredere,
2103 1676 2228 1745 quia
2267 1674 2507 1729 Herodes
2555 1684 2606 1729 te
2659 1676 2940 1730 occisurus
2980 1686 3084 1731 est.
3122 1676 3178 1730 lu
3215 1675 3363 1731 Gali-

1784 1768 1879 1821 lata
1924 1778 2103 1822 autem
2146 1769 2263 1822 bazc
2295 1766 2573 1834 dicebant,
2630 1768 2715 1823 cui
2779 1778 3004 1836 praeerat
3044 1769 3289 1825 Herodes
3343 1786 3362 1825 :

1785 1869 2048 1916 monstrat
2114 1860 2234 1927 eis,
2326 1859 2536 1914 etiamsi
2610 1860 2895 1926 plurimum
2978 1860 3175 1928 vellet,
3256 1876 3363 1916 non

1784 1969 1938 2024 posse
1962 1954 2029 2009 ab
2060 1952 2151 2007 illo
2184 1968 2243 2008 se
2279 1953 2555 2008 interimi:
2590 1968 2692 2006 non
2727 1953 2870 2007 enim
2902 1952 2955 2005 in
2998 1952 3238 2017 Galilaea,
3270 1956 3364 2008 sed

1782 2044 2080 2101 Jerusalem
2149 2045 2470 2114 przclinitum
2538 2054 2656 2098 erat
2717 2043 2991 2098 Christum
3065 2059 3185 2099 esse
3233 2059 3363 2114 pas-

1785 2157 2002 2195 surum.
2048 2141 2114 2195 Et
2167 2148 2223 2194 ut
2287 2140 2379 2193 tibi
2429 2138 2701 2209 Evangelii
2751 2140 2953 2192 dictum
3024 2138 3365 2194 manifestius

1782 2243 2072 2296 exponam,
2109 2245 2229 2283 cum
2264 2227 2477 2298 legeris,
2520 2228 2678 2283 hodie
2722 2236 2776 2284 et
2804 2244 2948 2293 cras,
2977 2239 3233 2298 punctum
3282 2230 3363 2282 fa-

1782 2320 1911 2381 cito,
1946 2329 2001 2373 et
2043 2329 2168 2373 tunc
2207 2319 2319 2383 dic,
2354 2319 2601 2388 proximo
2640 2321 2728 2376 die
2758 2322 3024 2390 prolicisci
3049 2339 3063 2375 :
3091 2324 3366 2391 quomodo

1786 2423 2141 2468 numerantes
2181 2427 2324 2482 sa‘pe
2362 2414 2539 2469 dicere
2562 2415 2986 2470 consuevimus:
3031 2414 3142 2484 Ego
3182 2414 3366 2470 Domi-

1784 2505 1904 2559 nico
1962 2505 2199 2560 secundo
2248 2513 2305 2559 et
2360 2504 2520 2560 tertio
2566 2505 2654 2573 die
2704 2505 2954 2574 egredior
2997 2522 3012 2560 :
3054 2520 3165 2560 non
3220 2508 3363 2576 quod

1785 2611 2108 2669 egressurus
2155 2597 2257 2651 sim
2311 2597 2590 2652 Dominieo
2629 2606 2683 2651 et
2722 2598 2981 2661 secundo,
3032 2599 3130 2654 sed
3188 2601 3363 2653 solum

1783 2693 1918 2745 duos
1955 2690 2074 2745 illos
2101 2691 2216 2743 dies
2243 2704 2653 2751 enumeramus,
2687 2698 2743 2743 ut
2785 2689 3194 2746 manifestemus
3219 2691 3364 2746 diem

1784 2783 2023 2838 tertium.
2063 2781 2139 2835 lta
2174 2794 2306 2835 sane
2363 2788 2418 2834 et
2468 2779 2730 2835 Dominus
2770 2781 2872 2835 hoc
2897 2780 3016 2835 loco
3052 2782 3205 2851 prius
3233 2798 3368 2836 enu-

1783 2890 2019 2938 merans,
2055 2874 2261 2941 inquit:
2299 2871 2521 2938 Oportet
2568 2886 2651 2927 me
2706 2872 2865 2927 hodie
2896 2884 2953 2927 et
2988 2887 3137 2939 cras,
3174 2874 3368 2931 deinde

1783 2965 1938 3019 tertio
1963 2964 2227 3034 prolicisei
2262 2965 2314 3018 in
2348 2962 2644 3019 Jerusalem
2674 2980 2690 3020 :
2718 2964 2824 3019 illic
2852 2966 2996 3019 enim
3032 2967 3153 3022 linis
3193 2984 3365 3042 meus.

1782 3055 1937 3112 Sicut
1962 3067 2140 3111 autem
2193 3072 2353 3126 supra
2381 3057 2636 3123 diximus,
2665 3073 2768 3111 non
2800 3059 2939 3125 quod
2972 3060 3143 3114 tribus
3173 3060 3369 3116 diebus

100 3164 161 3217 ρα
186 3146 450 3213 ἐξελθεῖν,
480 3144 595 3197 ἀλλ’
626 3143 1108 3215 ἁπαριθμούμενος
1143 3143 1302 3212 μόνον
1333 3142 1429 3205 τὰς
1456 3142 1569 3205 δύο,
1590 3143 1677 3195 ἶνα

1787 3150 1952 3202 vitam
2003 3164 2156 3205 suam
2210 3149 2649 3214 circumscribat,
2715 3152 2807 3205 sed
2856 3150 3103 3220 pluribus
3148 3154 3367 3223 quidem

95 3238 323 3309 δηλώσω
354 3237 450 3309 τὴν
477 3238 692 3309 τρίτην.
727 3235 913 3299 Οὕτως
942 3231 1034 3288 οῦν
1059 3235 1196 3287 καὶὸ
1214 3234 1419 3304 Κύριος
1445 3232 1680 3286 ἐνταῦθα

96 3334 288 3403 ῶσπερ
316 3328 804 3401 ἀπαριθμούμενός
855 3345 1010 3399 φησι,
1056 3328 1148 3379 Δεῖ
1205 3342 1272 3397 με
1320 3326 1557 3397 σήμερον
1586 3326 1681 3378 καὶ

96 3423 309 3495 αὔριον,
343 3419 464 3478 εἶτα
495 3426 562 3494 τῇ
594 3422 757 3495 τρίτῃ
788 3419 1118 3490 πορεύεσθαι
1169 3420 1249 3482 είς
1294 3418 1677 3489 Ἰερουσαλήμ·

95 3520 275 3575 ἐκεῖσε
324 3518 433 3587 γάρ
495 3533 585 3585 μοι
633 3515 695 3569 τὸ
743 3514 898 3577 τέλος
933 3512 1264 3582 ἀφώρισται.
1318 3512 1589 3583 Καθάπερ
1624 3512 1681 3564 δὲ

95 3610 357 3679 ἀνωτέρω
388 3606 697 3676 ἐξιίπομεν,
734 3604 855 3674 οὐχὶ
882 3602 956 3666 ὡς
1000 3604 1058 3654 ἐν
1088 3603 1265 3673 τρισὶν
1314 3602 1549 3672 ἡμέραις
1580 3618 1681 3653 πε-

101 3700 351 3769 ρικλείων
370 3700 471 3772 τὴν
514 3698 708 3753 ἐαυτοῦ
754 3696 898 3767 ζωὴν
945 3697 973 3749 6
1028 3694 1253 3766 Κύριος,
1288 3692 1458 3746 ταῦτά
1491 3710 1676 3763 φησιν,

100 3792 223 3847 ἀλλὰ
249 3793 506 3855 πλείονας
554 3790 651 3861 μὲν
683 3789 917 3862 ἡμέρας,
981 3786 1119 3857 πλὴν
1160 3788 1219 3839 οὺ
1266 3787 1408 3840 πάνυ
1469 3788 1678 3856 μακρόν

102 3900 209 3937 τινα
237 3884 434 3954 χρόνον
470 3881 853 3952 ὑποσημαίνει⁸
894 3878 1098 3932 ὡσανεὶ
1128 3877 1236 3947 γὰρ
1290 3877 1515 3930 τοιαῦτά
1544 3895 1679 3946 φησι

104 3974 228 4041 πρὸς
260 3975 389 4035 τοὺς
422 3972 571 4042 αύτῷ
603 3970 1109 4041 διαφθονουμένους·
1136 3970 1201 4022 Τί
1232 3968 1321 4022 τὸν
1357 3968 1489 4039 ἐμὸν
1523 3968 1679 4038 μελε-

101 4068 217 4119 τᾶτε
235 4066 501 4129 θάνατον;
538 4065 648 4116 ἰδοὺ
678 4060 796 4132 μετ’
822 4061 1003 4129 ὀλίγον
1037 4062 1194 4114 τοῦτο
1240 4061 1473 4128 γίνεται.
1506 4060 1678 4112 Ὅταν

98 4157 149 4209 δὲ
171 4157 439 4228 ἀκούσῃς,
465 4158 548 4210 ὅτι
588 4157 690 4209 οὐκ
717 4155 987 4224 ἐνδέχεται
1023 4154 1128 4219 ἔξω
1169 4153 1527 4223 Ἰερουσαλὴμ
1545 4153 1679 4205 ἀπο-

100 4248 279 4304 λέσθαι
334 4250 642 4320 προφήτην,
704 4248 782 4318 μὴ
846 4246 1035 4316 νόμιζε
1088 4246 1207 4317 βίαν
1257 4244 1673 4315 ἀναγκαστικὴν

111 4343 381 4406 Ἰουδαίοις
407 4340 714 4409 ἐπάγεσθαι
743 4340 823 4403 είς
868 4338 929 4391 τὸ
957 4337 1177 4392 τοιαῦτα
1206 4338 1362 4410 δρᾷν,
1393 4339 1457 4391 ἐκ
1485 4337 1577 4390 τοῦ
1608 4339 1678 4390 τὰ

99 4437 317 4488 τοιαῦτα
350 4435 603 4504 γράφειν,
629 4432 764 4485 ἀλλὰ
797 4433 861 4502 τῇ
894 4432 1162 4502 μιαιφόνῳ
1197 4430 1376 4484 αὐτῶν
1408 4430 1673 4502 προαιρέο

1786 3243 1974 3299 diebus
2001 3285 2014 3304 ,
2078 3250 2451 3295 verumtamen
2504 3258 2606 3296 non
2642 3243 2798 3298 valde
2846 3244 3007 3314 longo
3038 3255 3280 3313 tempore
3307 3260 3369 3303 se

1787 3350 2097 3391 mansurum
2130 3332 2442 3403 signiﬁcat:
2488 3336 2643 3403 quasi
2691 3336 2805 3391 haec
2840 3336 2983 3391 dicat
3035 3338 3104 3391 ad
3130 3354 3224 3392 eos
3273 3340 3366 3409 qui

1784 3428 1885 3485 sibi
1920 3426 2269 3480 invidebant:
2340 3424 2480 3490 Quid
2523 3442 2696 3480 meam
2731 3427 3065 3483 meditamini
3102 3432 3369 3486 mortem?

1784 3533 1913 3575 ecce
1947 3518 2111 3586 paulo
2144 3526 2265 3587 post
2297 3516 2409 3586 ipsa
2438 3519 2684 3574 instabit.
2716 3518 2849 3574 Cum
2878 3535 3009 3575 vero
3033 3522 3190 3576 audis
3223 3526 3368 3592 quod

1787 3612 1901 3666 fieri
1959 3627 2064 3667 non
2112 3613 2285 3681 possit
2312 3624 2467 3666 extra
2497 3612 2657 3683 392
2691 3614 2994 3669 Jerusalem
3029 3616 3205 3682 perire
3242 3633 3370 3683 pro-

1785 3702 2019 3769 phetam,
2081 3716 2148 3757 ne
2208 3712 2365 3769 putes
2414 3700 2628 3756 Judwos
2686 3704 2733 3756 vi
2781 3705 3012 3772 quadam
3060 3720 3124 3759 ac
3186 3721 3374 3764 neces.

1784 3796 1944 3849 sitate
1977 3794 2042 3847 ad
2084 3796 2186 3849 hoc
2210 3793 2515 3849 iaciendum
2542 3794 2813 3864 compelli,
2847 3796 2941 3850 sed
2966 3796 3109 3852 scias
3140 3812 3372 3851 eoosen-

1786 3898 1940 3940 uince
1957 3886 2021 3939 ad
2041 3886 2441 3956 sanguinariam
2464 3886 2675 3939 illorum
2701 3887 3032 3943 voluntatem
3059 3889 3201 3942 istud
3227 3888 3369 3943 diei:

1786 3985 1841 4026 ut
1872 3975 1914 4026 si
1945 3973 2067 4042 quis
2096 3973 2281 4027 videns
2310 3973 2745 4028 crudelissimum
2780 3976 3124 4044 maximeque
3155 3977 3373 4045 sangui-

1785 4063 1996 4115 narium
2032 4062 2295 4115 latronem
2331 4064 2450 4117 vias
2479 4063 2752 4128 obsidere,
2786 4064 2991 4118 diceret
3019 4068 3053 4132 ,ι
3087 4064 3228 4119 Fieri
3265 4079 3370 4119 non

1786 4162 1983 4221 potest,
2015 4152 2155 4205 viam
2188 4152 2327 4206 hanc
2352 4154 2403 4206 in
2436 4168 2537 4222 qua
2571 4154 2710 4207 latro
2754 4156 3206 4223 praetereuntibus
3236 4157 3373 4211 insi-

1783 4248 1987 4311 diatur,
2020 4261 2047 4299 a
2090 4246 2354 4313 sanguine
2385 4261 2573 4314 puram
2608 4262 2751 4302 esse.
2811 4246 3049 4302 Omnino
3096 4250 3239 4301 enim
3270 4249 3373 4303 hoc

1783 4340 1903 4395 loco
1942 4340 2084 4407 quod
2136 4349 2565 4394 consentaneum
2621 4350 2700 4393 est
2750 4341 2814 4394 ad
2857 4356 3020 4412 opera
3074 4341 3372 4407 latronum,

1783 4431 1933 4484 dicit.
1968 4429 2057 4485 Sic
2084 4430 2243 4500 igitur
2267 4440 2321 4484 et
2342 4430 2393 4484 in
2426 4430 2821 4501 Hierosolyma,
2850 4451 3009 4499 quam
3042 4446 3375 4503 occuparunt

102 4542 173 4578 σει
202 4525 513 4585 ἀκολούθως
536 4521 791 4590 λέγεσθαι
817 4521 1005 4573 τοῦτο’
1041 4521 1230 4592 ὥσπερ
1265 4522 1331 4575 ἂν
1374 4523 1424 4575 εί
1464 4520 1668 4595 λῃστὴν

1787 4523 2018 4577 latrones
2050 4521 2307 4577 Pharisaei
2338 4534 2390 4579 et
2420 4523 2645 4591 Scribze,
2680 4527 2794 4580 ﬁeri
2833 4542 2938 4580 non
2969 4537 3150 4595 potest
3176 4527 3232 4580 in
3268 4528 3375 4581 alio

99 4618 229 4686 ὁρῶν
261 4616 692 4689 μιαιφονώτατον
740 4613 1134 4666 ὁδοστατοῦντα
1164 4614 1370 4669 εἷποιέν
1403 4631 1521 4677 τις,
1553 4615 1668 4666 Οὐκ

101 4709 365 4780 ἐνδέχεται
392 4708 491 4779 τὴν
520 4708 636 4762 ὁδὸν
668 4708 894 4777 ταύτην,
928 4702 1036 4780 ἐνῆ
1061 4706 1303 4776 ὀληστής
1323 4706 1443 4768 τοὺς
1467 4706 1678 4759 ὁδεύονο

100 4820 185 4865 τας
208 4802 500 4874 ἐνεδρεύει,
531 4800 778 4872 καθαρὰν
806 4801 1055 4870 αἱμάτων
1089 4792 1266 4851 εἶναι’
1300 4798 1517 4861 πάντως
1566 4798 1674 4867 γὰρ

1784 4612 1899 4668 loco
1954 4629 2113 4682 quam
2150 4615 2199 4668 in
2240 4613 2331 4669 illo
2376 4615 2426 4670 in
2459 4632 2565 4685 quo
2598 4627 2725 4672 sunt
2750 4618 3011 4682 latrones,
3036 4621 3217 4687 perire
3245 4632 3374 4687 pro-

1787 4708 2066 4777 phetarum
2096 4707 2382 4761 Dominum
2426 4724 2440 4761 :
2471 4710 2671 4763 assueti
2720 4710 2864 4764 enim
2891 4710 3165 4765 elfundere
3193 4724 3378 4766 servo-

1794 4814 1912 4851 rum
1965 4798 2308 4866 sanguiuem,
2343 4798 2509 4851 etiam
2543 4798 2827 4854 Dominum
2885 4802 3057 4869 ipsum
3102 4801 3376 4856 occident.

101 4898 201 4959 τοῖς
235 4897 420 4966 ἔργοις
448 4895 543 4950 τοῦ
573 4896 772 4969 λῃστοῦ
803 4895 864 4947 τὸ
907 4893 1197 4951 ἀκόλουθόν
1234 4910 1417 4963 φησιν.
1478 4893 1664 4958 Οῦτως
1702 4889 1797 4948 οὖν
1861 4893 1962 4946 κάν
2016 4894 2083 4964 τῇ
2132 4891 2487 4964 Ἰερουσαλὴμ
2534 4892 2747 4965 λῃστῶν
2824 4893 3216 4963 ἐγκαθημένων
3266 4894 3378 4945 τῶν

100 4992 400 5065 Φαρισαίων
430 4992 523 5045 καὶ
554 4990 955 5063 Γραμματέων,
982 4990 1079 5043 οὐκ
1124 4988 1397 5059 ἐνεδέχετο
1450 4990 1507 5041 ἐν
1557 4989 1702 5061 ἄλλῳ
1743 4991 1945 5061 χωρίῳ,
1982 4988 2259 5059 ήπάντως
2292 4990 2350 5042 ἐν
2375 4988 2453 5059 τῷ
2518 4987 2624 5041 τῶν
2670 4988 2903 5059 λῃστῶν,
2944 4988 3239 5042 ἀπολέσθαι
3283 4988 3375 5041 τὸν

102 5090 198 5141 τῶν
264 5084 559 5157 προφητῶν
594 5083 872 5153 Δεσπότην
897 5099 910 5114 ο
959 5081 1327 5144 ἐνεθισθέντες
1388 5082 1498 5153 γὰρ
1555 5086 1666 5146 τοῖς
1706 5084 1902 5154 αἵμασι
1937 5080 2044 5134 τῶν
2074 5079 2296 5143 δούλων,
2328 5080 2421 5132 καὶ
2464 5081 2555 5131 τὸν
2589 5078 2795 5150 Κύριον
2826 5078 3212 5137 ἀποκτενοῦσι.

169 5203 186 5235 ι
233 5180 613 5252 Ἰερουσαλὴμ,
648 5177 1030 5248 Ἰερουσαλὴμ,
1068 5178 1101 5245 ἡ
1128 5176 1525 5229 ἀποκτείνουσα
1554 5175 1681 5238 τοὺς

104 5275 399 5344 προφήτας,
428 5270 523 5323 καὶ
553 5268 903 5323 λιθοϐολοῦσα
932 5269 1054 5328 τοὺς
1073 5265 1517 5335 ἀπεσταλμένους
1541 5265 1679 5336 πρὸς

105 5367 287 5438 αὐτὴν,
316 5364 546 5428 ποσάκις
569 5363 809 5433 ἠθέλησα
837 5360 1160 5423 ἐπισυνάξαι
1186 5362 1255 5412 τά
1284 5359 1448 5411 τέκνα
1481 5375 1596 5425 σου,
1622 5357 1682 5412 ὃν

102 5462 293 5529 τρόπον
322 5460 471 5529 ὅρνις
495 5460 592 5527 τὴν
624 5458 825 5525 ἑαυτῆς
853 5454 1073 5508 νοσσιὰν
1113 5452 1217 5507 ὑπὸ
1244 5452 1342 5517 τὰς
1376 5452 1679 5521 πτέρυγας,

107 5555 190 5605 καὶ
235 5552 337 5605 οὐκ
359 5551 693 5621 ἡθελήσατε;
744 5547 871 5602 Ἰδοὺ
900 5545 1117 5617 ἀφίεται
1150 5545 1279 5615 ὑμῖν
1308 5545 1335 5597 6
1354 5539 1499 5608 οἶκος
1531 5543 1683 5613 ὑμῶν

109 5640 324 5717 ἕρημος·
349 5642 406 5695 Ἀ
417 5643 524 5712 μὴν
554 5640 697 5708 λέγω
719 5639 870 5708 ὑμῖν,
895 5639 956 5691 ού
990 5638 1065 5708 μή
1099 5654 1166 5707 με
1190 5637 1335 5706 ἴδητε
1367 5636 1492 5707 ήδη,
1519 5636 1682 5707 ἄχρις

109 5732 167 5785 ἂν
199 5735 387 5801 εἴπητε
413 5749 425 5762 ·
496 5731 871 5802 Εὐλογημένος
908 5731 937 5782 6
1008 5729 1301 5799 ἐρχόμενος
1346 5730 1403 5779 ἐν
1452 5726 1677 5797 ὀνόματι

110 5822 327 5896 Κυρίου,
366 5841 384 5875 ι
446 5823 535 5896 Τῷ
564 5821 948 5892 διπλασιασμῷ
978 5822 1069 5875 τοῦ
1116 5820 1383 5889 ὀνόματος
1435 5818 1674 5872 δείκνυσι

1860 5172 2022 5227 Vens.
2042 5171 2137 5237 51,
2158 5174 2248 5229 55.
2287 5192 2305 5224 ι
2343 5170 2663 5236 Jerusalem,
2687 5168 3009 5234 Jerusalem,
3034 5185 3153 5240 QUEB
3172 5171 3378 5229 occidis

1788 5270 2108 5338 prophetas,
2136 5274 2189 5321 et
2210 5265 2429 5335 lapides
2450 5280 2545 5321 eos
2584 5264 2675 5333 qui
2713 5263 3003 5318 mittuntur
3037 5263 3104 5318 ad
3130 5274 3205 5329 te,
3232 5280 3373 5335 quo-

1792 5359 1891 5412 lies
1914 5359 2057 5414 volui
2092 5373 2425 5429 congregare
2455 5356 2593 5412 ﬁlios
2614 5367 2754 5424 tuos,
2779 5356 3232 5425 quemadmodum
3263 5358 3381 5412 avis

1787 5449 1979 5505 nidum
2028 5465 2186 5505 suum
2222 5447 2323 5504 sub
2357 5462 2586 5518 pennas,
2624 5446 3007 5503 et'noluistis?
3038 5448 3177 5505 Ecce
3218 5449 3381 5503 relin-

1791 5541 1978 5611 quitur
2005 5539 2159 5595 vobis
2181 5538 2370 5595 domus
2390 5547 2567 5593 vestra
2592 5537 2830 5593 deserta.
2856 5536 2990 5595 Dico
3015 5548 3195 5594 autem
3222 5538 3378 5594 vobis

1789 5635 1936 5704 quod
1969 5646 2075 5686 non
2105 5630 2354 5687 videbitis
2382 5644 2489 5697 me,
2536 5630 2711 5685 donec
2746 5632 2955 5688 venerit
3006 5640 3215 5701 tempus
3252 5646 3373 5684 cum

1788 5725 2022 5779 dicetis:
2061 5721 2383 5777 Benedictus
2410 5722 2501 5792 qui
2530 5721 2681 5776 venit
2715 5722 2769 5776 in
2819 5722 3037 5777 nomine
3070 5721 3303 5777 Domini.
3347 5739 3366 5771 ι

1792 5815 2167 5888 anlicationc
2202 5815 2434 5872 nominis
2474 5817 2711 5873 ostendit
2745 5831 2986 5874 amorem
3040 5830 3199 5887 quem
3243 5828 3368 5884 erga
