3896 6452
543 388 648 450 927
1438 394 2017 457 THEOPHYLACTI
2060 399 2473 462 BULGARIAE
2509 403 2874 470 ARCHIEP.
3677 418 3759 482 9‘38

543 495 663 553 illos
699 495 878 553 habet
896 496 1177 553 Dominus.
1236 497 1702 564 Quemadmodum
1727 504 1870 558 enim
1912 515 2107 559 amatnt

2227 507 2323 578 τὴν
2347 510 2604 581 στοργήν,
2637 513 2703 584 ἥν
2738 513 2851 582 ἔχει
2902 515 3027 584 περὶ
3059 516 3261 581 σύτοὺς
3289 518 3318 571 ό
3357 519 3589 590 Κύριος·
3617 522 3765 600 ὥσπερ

542 587 666 657 quis
712 588 778 642 ah
831 589 1004 642 amica
1051 579 1414 661 contemptus,
1468 593 1537 648 ita
1573 605 1788 648 revocat
1823 596 2107 652 adulteran

2229 599 2338 671 γάρ
2367 579 2453 664 τις
2481 579 2718 676 ἐραστής
2745 579 2916 676 ’ποιρά
2962 579 3061 678 τῆς
3113 579 3402 681 ἐρωμένης
3443 579 3765 683 Quaem-ir.

547 679 912 752 Synagogam.
969 682 1218 739 Ostendit
1279 687 1404 741 item
1453 702 1604 742 suam
1671 689 2098 745 misericordiam

2233 706 2413 759 μενος,
2445 692 2619 756 οὕτως
2646 695 2998 749 ἀνακαλεῖται
3022 696 3121 768 τὴν
3149 700 3431 769 μοιχαλίδα
3452 703 3763 780 Συναγωγήν·

540 773 686 841 quod
715 788 1086 842 saepenumero
1112 775 1341 832 voluerit
1374 793 1705 849 congregare
1732 781 1852 837 illos
1884 800 1897 837 :
1923 791 1976 836 et
2003 783 2107 838 illo

2228 780 2470 835 δείκνυσι
2499 785 2553 838 δὲ
2591 788 2684 839 καὶ
2712 787 2810 857 τὴν
2859 788 3069 842 οἰκείαν
3094 791 3524 862 φιλανθρωπίαν,
3562 796 3636 849 ὅτι
3664 773 3764 854 πολ·

544 878 663 917 rum
694 864 1368 937 signiﬁcatarrogantiam,
1395 869 1645 936 dicendo,
1680 871 1816 939 Quia
1855 875 2101 930 noluistis

2228 874 2387 938 λάκις
2407 876 2672 946 ἠθέλησεν
2717 881 3141 950 ἐπισυναγαγεῖν
3170 884 3390 949 αὐτοὺς,
3422 889 3515 940 καὶ
3542 890 3632 960 τὴν
3653 894 3762 947 ὲκεί-

541 955 790 1025 relinquo
827 972 925 1012 vos
965 969 1170 1028 postea.
1222 962 1277 1014 In
1335 971 1540 1015 tantmn
1596 964 1744 1018 enim
1783 967 1908 1021 odio
1960 969 2101 1021 halm

2227 980 2334 1018 νων
2361 965 2617 1019 ἀπόνοιαν
2642 969 2920 1038 σημαίνει,
2951 973 3008 1023 ἐν
3032 971 3109 1040 τῷ
3133 972 3328 1040 εἰπεῖν,
3359 975 3442 1027 ὅτι
3467 976 3575 1028 Ούκ
3610 978 3767 1051 ἠθελή-

545 1045 808 1100 malitiam
845 1059 1102 1111 vestram,
1129 1059 1187 1102 ut
1213 1065 1385 1119 neque
1405 1051 1660 1121 templum
1688 1053 1903 1109 domum
1949 1073 2107 1111 mean

2230 1070 2359 1106 σατε
2388 1069 2402 1083 ·
2437 1055 2643 1124 ἀφίημι
2675 1057 2859 1111 λοιπὸν
2913 1059 3078 1130 ὑμᾶς.
3115 1061 3385 1117 Τοσοῦτον
3416 1064 3523 1134 γάρ
3571 1045 3766 1140 ἐμίσησα

541 1153 664 1193 esse
684 1139 882 1206 dicam,
925 1141 1019 1196 sed
1053 1142 1270 1196 domum
1304 1154 1557 1200 vestram.
1596 1146 1728 1200 Nam
1775 1151 2013 1219 quandiu
2048 1153 2107 1203 vi-

2226 1143 2326 1215 τὴν
2354 1145 2618 1216 πονηρίαν
2670 1149 2844 1218 ὑμῶν,
2875 1149 3016 1204 ὥστε
3047 1151 3168 1205 οὐδὲ·
3217 1153 3309 1207 τὸν
3339 1155 3463 1209 ναὸν
3493 1157 3626 1226 λέγω
3651 1139 3764 1215 οἶκόν

545 1239 652 1283 tam
680 1241 911 1286 vestram
945 1233 1080 1286 bene
1106 1233 1398 1303 gerebatis.
1418 1245 1472 1291 et
1495 1240 1750 1308 templum
1778 1257 1952 1295 meum
1975 1253 2088 1296 erat

2232 1252 2333 1304 μου
2363 1231 2526 1301 εἶναι,
2561 1238 2676 1291 ἀλλ’
2704 1235 2853 1294 οἷκον
2881 1241 3036 1311 ὑμῶν
3059 1260 3073 1275 ⁸
3101 1245 3228 1316 ἄχρι
3263 1247 3372 1317 γὰρ
3405 1251 3766 1311 ἐνεπολιτεύετο

542 1321 668 1389 quia
720 1331 899 1377 autem
958 1322 1086 1377 illud
1144 1329 1578 1393 contaminastis,
1637 1341 1690 1385 et
1741 1333 2107 1401 negotiationis

2230 1325 2359 1396 ὑμῖν
2381 1328 2413 1397 ή
2446 1329 2636 1399 ἀρετὴ,
2665 1331 2760 1384 καὶ
2786 1333 2815 1384 ό
2844 1333 2969 1396 ναὸς
2994 1335 3124 1404 ἐμὸς
3152 1332 3221 1405 ἦν
3247 1353 3262 1368 ·
3302 1341 3424 1392 ἐπεὶ
3453 1340 3509 1395 δέ
3531 1345 3618 1396 καὶ
3640 1347 3767 1401 αὐτὸν

547 1414 796 1481 domum,
833 1429 889 1471 et
925 1416 1270 1486 sepeluncam
1298 1419 1566 1474 latronum
1592 1419 1820 1486 fecistis,
1852 1425 2107 1496 variisqut

2227 1419 2510 1486 ἐμιάνατε,
2555 1425 2649 1475 καὶ
2679 1424 2944 1497 ἐμπόριον
2983 1429 3078 1479 καὶ
3147 1431 3417 1499 σπήλαιον
3466 1433 3671 1506 λῃστῶν
3693 1458 3765 1493 πε-

539 1509 996 1576 negotiationibus
1041 1519 1096 1565 et
1126 1511 1306 1566 avaris
1337 1513 1533 1568 vestris
1564 1516 1757 1570 studiis
1779 1517 2012 1571 vicissim
2031 1533 2107 1573 vo:

2228 1511 2494 1581 ποιήκατε
2525 1517 2646 1576 ταῖς
2676 1515 2898 1579 πολλαῖς
2941 1519 3289 1590 καπηλείαις,
3315 1526 3412 1576 καὶ
3445 1526 3522 1595 τῷ
3549 1529 3765 1603 φιλοχρη-

540 1599 886 1668 exstinguitis
930 1603 1245 1670 (negotiatio
1288 1605 1430 1658 enim
1481 1605 1822 1662 latrocinium
1857 1621 1958 1672 est,
1992 1626 2107 1679 sup-

2231 1599 2385 1670 μάτῳ
2421 1602 2518 1672 τῆς
2566 1603 2792 1673 γνώμης
2833 1607 3097 1676 ἀλλήλους
3131 1613 3585 1678 ἀποκτιννύοντες
3607 1634 3620 1650 ο

539 1687 787 1754 plantans
811 1688 1030 1757 fratres,
1065 1702 1119 1745 et
1165 1693 1378 1762 rapiens
1421 1710 1540 1763 qum
1581 1697 1794 1751 illorum
1832 1718 1845 1752 :
1899 1701 1950 1754 id
1980 1716 2107 1771 quoc

2225 1690 2334 1760 γάρ
2362 1693 2509 1745 ἐστιν
2538 1696 2570 1764 ή
2602 1698 2954 1767 πραγματεία
2976 1701 3072 1769 τῆς
3105 1700 3359 1772 λῃστείας
3379 1707 3762 1773 ὑποσκελίζουσι

536 1789 590 1832 et
617 1779 854 1836 latrones
879 1781 1082 1837 faciunt
1111 1803 1123 1838 :
1152 1786 1411 1840 invadunt
1443 1789 1585 1842 enim
1619 1790 1871 1853 viatores,
1923 1801 1977 1847 ut
2005 1793 2107 1848 illo«

2223 1781 2315 1835 τὸν
2367 1784 2594 1854 ἀδελφὸν
2648 1788 2741 1841 καὶ
2788 1789 3116 1858 ἀρπάζουσα
3179 1793 3247 1846 τά
3311 1796 3516 1851 αὐτοῦ·
3573 1799 3764 1854 δκαὶοί

540 1883 658 1922 rum
685 1871 820 1924 bona
856 1875 1110 1945 rapiant),
1145 1886 1198 1928 et
1233 1877 1484 1945 quoniam
1519 1879 1827 1948 speluncam
1847 1883 2107 1938 latronum

2230 1874 2421 1946 λῃσταὶ
2453 1851 2688 1942 ποιοῦσι,
2728 1851 3148 1950 συμποδίζοντες
3185 1887 3295 1958 γὰρ
3328 1889 3456 1952 τοὺς
3486 1851 3767 1959 ι’)δίτσ.ς,οῦζ

539 1961 797 2030 templum
847 1962 1052 2019 fecistis
1108 1981 1204 2035 per
1247 1970 1670 2036 uegotiationum
1712 1973 1946 2041 speciem
1990 1990 2107 2046 qua:

2230 1985 2337 2041 τως
2365 1969 2462 2040 ήδη
2510 1972 2579 2024 τά
2627 1972 2805 2025 αὐτῶν
2843 1976 3238 2042 ἀφαιροῦνται·
3275 1982 3400 2034 ἐπεὶ
3428 1978 3523 2036 οὖν
3565 1986 3648 2036 τὸν
3669 1990 3765 2040 ναὸν

540 2051 592 2104 in
625 2051 740 2121 ipso
767 2056 1030 2111 orationis
1057 2057 1172 2112 loco
1195 2058 1476 2115 faciebatis
1503 2079 1518 2116 :
1560 2078 1663 2117 non
1699 2065 1838 2119 ultra
1871 2083 1989 2122 mea
2018 2070 2107 2122 eri:

2231 2058 2496 2124 σπήλαιον
2535 2061 2747 2131 λῃστῶν
2781 2067 3116 2134 πεποιήκατε
3174 2067 3260 2121 διὰ
3293 2070 3354 2122 τὸ
3405 2071 3514 2124 τῶν
3549 2092 3765 2146 πραγμα-

539 2145 756 2213 domus,
789 2147 885 2202 sed
918 2157 1114 2206 vestra.
1154 2151 1268 2206 Non
1292 2153 1479 2209 solum
1528 2165 1706 2209 autem
1747 2159 2003 2226 templum
2036 2160 2107 2213 in-

2228 2151 2394 2205 τειῶν
2448 2149 2607 2219 εἶδος,
2643 2153 2710 2218 ἀς
2750 2157 2807 2208 ἐν
2834 2157 2982 2226 αὐτῷ
3038 2157 3118 2230 τῷ
3173 2161 3273 2231 τῆς
3316 2167 3623 2236 προσευχῆς
3661 2169 3764 2241 οἴκῳ

541 2237 752 2307 telligas
774 2240 1014 2304 domum,
1049 2243 1143 2296 sed
1172 2252 1223 2296 et
1242 2258 1456 2299 onmem
1476 2249 1879 2317 generationem
1907 2249 2107 2306 Judaeu-

2227 2245 2478 2311 ἐποιεῖτε,
2509 2246 2691 2300 οὐκέτι
2724 2248 2855 2316 ἐμός
2880 2249 3027 2303 ἐστιν
3046 2247 3212 2316 οἶκος,
3235 2253 3352 2306 ἀλλ’
3381 2255 3537 2325 ὑμῶν
3555 2274 3568 2287 ·
3598 2259 3664 2313 οὐ
3688 2237 3761 2330 μόζ

544 2345 685 2382 rum.
733 2328 881 2385 Solet
909 2334 1050 2386 enim
1087 2333 1362 2405 Scriptura
1395 2347 1448 2392 et
1491 2354 1660 2408 genus
1690 2340 1905 2395 domum
1939 2343 2107 2412 appel-

2226 2351 2315 2389 νον
2343 2336 2398 2390 δὲ
2425 2337 2517 2390 τὸν
2548 2339 2672 2390 ναὸν
2701 2339 2916 2408 νοήσεις
2947 2335 3123 2409 οἷκον,
3166 2343 3299 2398 άλλά
3331 2346 3427 2398 καὶ
3455 2348 3552 2419 τήν
3581 2328 3763 2404 ἃπασαν

542 2420 677 2486 lare,
715 2432 770 2477 ut
803 2441 816 2477 :
855 2442 874 2474 ι
914 2425 1115 2479 Domus
1159 2426 1312 2493 Levi,
1347 2428 1649 2486 benedicite
1682 2432 1965 2488 Dominum
1996 2435 2060 2489 ⁸³.
2096 2455 2107 2488 ι

2226 2429 2418 2497 γενεὰν
2446 2429 2554 2484 τῶν
2591 2428 2882 2485 Ἰουδαίωνο
2910 2428 3019 2486 οἶδε
3049 2434 3157 2505 γάρ
3191 2439 3222 2506 ή
3271 2437 3467 2508 Γραφὴ
3502 2441 3590 2493 καὶ
3625 2443 3675 2494 τὸ
3691 2443 3760 2510 γέ-

539 2513 600 2566 Et
626 2513 728 2570 hoc
751 2515 868 2570 loco
893 2527 1068 2585 potest
1084 2518 1332 2592 intelligi,
1353 2520 1553 2578 Domus
1578 2533 1752 2579 vestra
1775 2526 2107 2596 relinquitur,

2226 2539 2316 2585 νος
2352 2518 2498 2576 οἷκον
2530 2522 2820 2592 ὀνομάζειν
2843 2539 2856 2554 ⁶
2904 2525 2980 2588 ὡς
3005 2526 3086 2590 τὸ,
3129 2546 3147 2579 ι
3176 2525 3337 2591 Οἶκος
3387 2530 3538 2594 Λευῒ,
3575 2533 3759 2604 εὐλογή-

542 2606 644 2660 hoc
675 2618 781 2674 est,
809 2621 1239 2678 genus‘vestrum
1275 2615 1603 2682 relinquitur
1648 2633 1676 2670 a
1714 2633 1799 2672 me
1830 2636 1842 2674 :
1882 2619 2023 2675 sicut
2064 2633 2107 2676 et

2227 2632 2355 2668 σατε
2384 2614 2476 2668 τὸν
2505 2615 2727 2684 Κύριον.
2769 2635 2788 2668 ο
2824 2618 3120 2673 Κάνταῦθα
3167 2619 3260 2674 οῦν
3289 2621 3511 2676 δύναται
3544 2626 3756 2696 νοηθῆναι

541 2710 637 2760 per
662 2697 976 2765 pr0phetatn
1012 2701 1139 2755 alibi
1170 2703 1323 2770 dicit,
1367 2703 1636 2776 Dereliqui
1665 2707 1882 2763 domum
1918 2725 2107 2776 meam,

2223 2706 2301 2769 τὸ,
2335 2701 2482 2769 οἶκος
2516 2706 2637 2760 ἀντὶ
2655 2705 2750 2759 τοῦ
2775 2706 2834 2761 ea
2861 2709 3020 2776 γένος
3046 2711 3199 2781 ὑμῶν
3233 2713 3452 2780 ἀφίεται
3485 2717 3605 2787 παρ’
3631 2716 3752 2788 ἐμοῦ,

543 2783 912 2843 Ιιιιειεάίιειιειη
956 2805 1130 2846 meam
1156 2792 1370 2863 reliqui.
1415 2793 1641 2851 Domum
1674 2798 1818 2853 enim
1853 2800 1962 2857 illic
1989 2804 2107 2858 dicit

2220 2796 2296 2862 ὡς
2325 2798 2420 2851 καὶ
2453 2797 2541 2851 διὰ
2570 2798 2664 2851 τοῦ
2709 2801 2990 2871 προφήτου
3037 2801 3270 2874 ἀλλαχοῦ
3306 2823 3493 2874 φησιν,
3538 2783 3758 2878 Tritaan

539 2875 833 2936 lsraelitas.
885 2881 1137 2939 Ostendit
1183 2896 1363 2941 autem
1405 2890 1548 2958 quod
1582 2899 1638 2946 et
1689 2903 1815 2946 ante
1862 2893 1963 2950 hoc
2003 2897 2107 2965 ipse

2223 2890 2448 2964 λέλοιπα
2475 2891 2567 2944 τὸν
2596 2888 2746 2946 οἶκόν
2778 2909 2904 2963 μου,
2929 2895 3116 2966 ἀφῆκα
3147 2898 3248 2966 τὴν
3271 2875 3627 2971 κληρονομίαν
3654 2921 3754 2971 μονα

537 2983 634 3024 eos
688 2975 1046 3041 conservarit,
1082 2987 1137 3031 et
1183 2978 1251 3032 ah
1291 2978 1526 3035 inimicis
1561 2981 1825 3040 liberarit.
1875 2984 2107 3056 Denique

2221 2979 2370 3039 οἶκον
2395 2983 2505 3056 γάρ
2529 2986 2649 3039 ἐκεῖ
2688 2986 2815 3050 τοὺς
2857 2987 3196 3058 Ἰσραηλίτας
3245 2993 3380 3063 φησί
3404 3009 3418 3024 ⁸
3454 2994 3671 3049 δείκνυσι
3693 2998 3753 3060 δὲ,

538 3059 729 3115 dicens
759 3080 771 3116 :
807 3062 923 3118 Non
954 3081 1038 3121 me
1068 3067 1320 3125 videbitis
1343 3072 1514 3128 donec
1545 3073 1764 3140 dicatis,
1791 3076 2107 3137 Benedicms

2221 3071 2303 3124 ὅτι
2328 3073 2430 3125 καὶ
2448 3072 2555 3143 πρὸ
2585 3074 2776 3128 τούτου
2804 3075 2968 3139 αὐτὸς
3014 3073 3083 3147 ἦν
3122 3079 3151 3130 ὁ
3181 3059 3428 3152 συνέχων
3459 3084 3658 3151 αὐτοὺς,
3683 3088 3756 3141 καὶ

537 3154 627 3221 qui
672 3157 817 3209 venit
847 3157 900 3211 in
949 3161 1171 3218 nomine
1200 3163 1412 3221 Domini
1444 3184 1460 3223 :
1495 3172 1790 3226 secundum
1840 3173 2107 3245 signiﬁcat

2209 3161 2317 3214 τῶν
2347 3161 2558 3232 ἐχθρῶν
2591 3163 2882 3233 ῥυόμενοςο
2925 3165 2985 3220 τὸ
3021 3167 3098 3232 δὲ,
3134 3170 3207 3223 Οὐ
3261 3174 3334 3241 μή
3373 3190 3441 3243 με
3472 3175 3605 3246 ῐδητε
3627 3177 3755 3246 ἄχρις

535 3244 697 3317 393
715 3248 1030 3320 adventum;
1051 3252 1394 3313 involuntarii
1408 3261 1552 3315 enim
1569 3271 1696 3318 tunc
1715 3244 2107 3323 conﬁtebuntur

2222 3251 2288 3305 ἂν
2309 3251 2502 3322 εἴπητε
2521 3291 2537 3317 ,
2567 3253 2946 3326 Εὐλογημένος
2976 3260 3004 3311 ό
3033 3260 3324 3330 ἐρχόμενος
3345 3265 3405 3317 ἐν
3433 3244 3756 3336 ὀνόματι

537 3344 592 3390 et
624 3337 958 3396 Salvatorem
996 3353 1052 3398 et
1081 3345 1388 3415 Dominum,
1423 3354 1639 3421 quando
1665 3354 1795 3424 ipsis
1821 3359 1965 3414 nulla
1994 3360 2107 3418 inde

2220 3342 2373 3414 ρίου·
2408 3343 2506 3415 τὴν
2551 3344 2814 3417 δευτέραν
2856 3349 3111 3418 σημαίνει
3159 3356 3482 3424 παρουσίαν.
3522 3359 3637 3413 Τότε
3665 3361 3753 3433 γὰρ

543 3425 753 3482 utilitas
786 3432 1018 3490 eveniet.
1067 3433 1206 3499 Quid
1239 3437 1436 3506 igitur?
1470 3440 1586 3496 Non
1627 3445 1893 3518 viderunt;
1913 3450 2061 3505 illum
2085 3467 2107 3506 a

2219 3434 2313 3488 καὶ
2337 3434 2563 3500 ἄκοντες
2595 3436 3026 3509 ὁμολογήσουσιν
3066 3443 3228 3497 αὐτὸν
3283 3446 3513 3519 Σωτῆρα
3554 3451 3637 3503 καὶ

538 3533 646 3587 quo
673 3529 912 3590 tempore
939 3525 1054 3580 haec
1077 3528 1250 3583 dixit?
1278 3529 1492 3601 Utique.
1523 3533 1714 3592 Dicens
1753 3540 1896 3594 enim
1932 3563 1945 3597 :
1998 3544 2107 3602 Non

2220 3540 2356 3593 ριον,
2413 3526 2501 3580 ὅτε
2549 3525 2734 3590 αὐτοῖς
2787 3529 2938 3583 οὐδὲν
2970 3531 3183 3601 ὄφελος.
3231 3536 3299 3589 Τί
3335 3534 3462 3605 οὗνς
3519 3543 3608 3595 οὐκ
3639 3537 3750 3595 εἶδον

541 3624 627 3664 me
650 3611 902 3669 videbitis
924 3631 990 3671 ex
1014 3617 1105 3672 illo
1136 3628 1397 3691 tempore,
1443 3640 1548 3680 non
1593 3633 1780 3685 horam
1815 3647 1935 3702 quae
1987 3647 2107 3694 tunc

2217 3617 2380 3672 αὐτὸν
2413 3620 2507 3689 ἀφ’
2533 3615 2594 3674 οὗ
2624 3621 2798 3676 ταῦτα
2819 3617 2939 3676 εἷπε
2961 3641 2976 3689 ;
3016 3625 3124 3678 Καὶ
3147 3628 3297 3695 μάλα
3323 3647 3336 3660 ·
3368 3630 3498 3686 ὅταν
3517 3628 3600 3686 οὖν
3623 3633 3747 3704 λέγῃ,

537 3711 657 3755 erat
689 3702 975 3774 signiﬁcat,
1005 3710 1098 3764 sed
1128 3720 1340 3782 tempus
1367 3718 1508 3784 quod
1536 3730 1653 3788 post
1685 3738 1903 3779 crucem
1935 3745 1948 3781 :
1977 3729 2107 3784 sicut

2215 3711 2297 3765 ὅτι
2347 3712 2420 3764 Οὐ
2455 3729 2523 3783 με
2559 3713 2705 3784 ἴδητε
2771 3716 2879 3768 ἀπὸ
2909 3716 3003 3769 τοῦ
3036 3717 3149 3783 νῦν,
3184 3721 3302 3791 οὐχὶ
3346 3725 3447 3793 τὴν
3493 3724 3600 3778 τότε
3629 3702 3750 3795 ὥραν

537 3794 585 3849 si
627 3795 853 3854 dixisset
883 3817 897 3854 :
935 3801 978 3854 A
1009 3811 1248 3872 tempore
1293 3821 1401 3876 quo
1450 3825 1536 3864 me
1564 3814 1972 3886 cruciﬁxcritis,
2008 3836 2107 3876 non

2218 3803 2495 3873 σημαίνει,
2517 3804 2654 3858 ἀλλά
2683 3805 2772 3859 τὸν
2804 3809 2938 3877 μετά
2963 3809 3052 3862 τὸν
3086 3816 3318 3884 σταυρδν
3347 3817 3535 3885 χρόνον
3557 3831 3569 3844 ’
3593 3794 3746 3885 ὥσπερ

538 3883 677 3940 ultra
709 3902 794 3944 me
832 3889 1106 3959 videbitis,
1145 3894 1316 3952 donec
1350 3900 1588 3957 redeam.
1959 3883 1966 3886 ν

2218 3894 2281 3949 ἂν
2322 3895 2370 3946 εί
2405 3893 2580 3960 εἶπεν,
2619 3896 2740 3967 Ἀφ’
2771 3894 2831 3952 οὗ
2877 3917 2943 3970 με
2981 3903 3345 3973 σταυρώσετε,
3399 3909 3574 3964 οὐκέτι
3602 3910 3653 3962 οὗ
3683 3913 3743 3980 μή

2219 4004 2288 4057 με
2319 3986 2484 4060 ίδητε,
2518 3988 2680 4061 ἄχρις
2701 3991 2768 4045 ἂν
2794 3993 2952 4048 πάλιν
2973 3995 3130 4051 ἔλθω.
3342 4004 3344 4007 ’

1121 4119 1348 4178 CAPUT
1382 4122 1519 4178 XIV.

543 4239 950 4326 Deﬁydrogico.
974 4248 1136 4326 Quod
1165 4269 1267 4308 non
1301 4254 1456 4310 liceat
1509 4259 1708 4314 ambire
1726 4277 1922 4326 primos
1952 4282 2110 4321 accu-

605 4315 763 4367 bitus.
797 4315 950 4380 Quod
974 4318 1165 4399 Tdeceat
1215 4327 1382 4399 magis
1423 4344 1608 4383 vocare
1641 4315 2114 4399 ad

604 4400 748 4461 pere:
777 4393 1180 4461 qumiromicos.
1210 4393 1286 4449 De
1305 4393 1514 4452 'vocatis
1558 4400 1627 4453 ad
1669 4417 1890 4457 contam.
1940 4393 2111 4461 Poro-

605 4453 725 4508 bola
754 4457 817 4510 de
839 4458 1067 4526 cedi/icio
1092 4465 1273 4518 turris.

2817 4130 3071 4186 ΚΕΦΔΛ.
3107 4134 3202 4186 1Δ⁹.

2213 4261 2353 4330 Περὶ
2398 4261 2506 4317 τοῦ
2540 4264 2902 4342 ιῦὃριυπικοῦξ
2950 4268 3089 4342 Περὶ
3122 4270 3228 4325 τοῦ
3279 4270 3368 4340 μὴ
3422 4271 3644 4342 ἀγαπᾷν
3664 4273 3739 4337 τὰς

2283 4337 2744 4410 προέτρκλισίας.
2769 4337 2908 4410 Περὶ
2955 4337 3065 4394 τοῦ
3104 4337 3380 4408 πτωχοὺς
3415 4337 3642 4410 μᾶλλον
3675 4348 3739 4406 εις

2284 4403 2359 4480 τὸ.
2381 4402 2630 4480 δεῖπιςον
2666 4402 2894 4480 {adsis},
2925 4410 2958 4476 ἣ
2986 4402 3391 4480 φίλους.’Περὶ
3415 4402 3536 4466 ἰῶν
3566 4402 3739 4468 καλοῶ

2147 4514 2190 4570 D
2629 4476 2709 4543 τῷ
2746 4471 3154 4548 ὄείπνῲῘΠερί
3181 4471 3196 4476 ⁷
3212 4471 3530 4553 οικὸὃομῆς
3558 4487 3736 4554 πύργου

2289 4557 2444 4612 παρα
2449 4545 2596 4612 ὄολή
2605 4582 2620 4598 .

602 4635 786 4696 Vsas.‘
815 4639 930 4696 1-6.
968 4661 986 4695 ι
1022 4645 1091 4699 Ει
1119 4643 1318 4701 factum
1372 4656 1456 4703 est
1493 4664 1616 4704 cum
1647 4651 1893 4709 introiret
1927 4655 1977 4709 in
2008 4656 2106 4711 do-

2288 4675 2306 4709 ι
2343 4657 2453 4712 Kal
2483 4657 2698 4728 ἐγένετο
2727 4661 2785 4714 ἐν
2814 4660 2891 4732 τῷ
2926 4661 3190 4717 εἰσελθεῖν
3218 4664 3381 4720 αὑτὸν
3414 4668 3496 4733 είς
3531 4664 3661 4723 οἶκόν
3679 4685 3736 4721 st-

532 4745 676 4785 mum
708 4731 985 4802 cujusdam
1033 4737 1295 4809 principis
1344 4738 1740 4799 Pharisaeorum
1770 4745 2004 4801 Sabbato
2040 4749 2106 4804 ad

2209 4766 2298 4813 νος
2328 4750 2433 4804 τῶν
2467 4752 2743 4823 ἀρχόντων
2776 4731 2883 4807 τῶν
2907 4755 3216 4826 Φαρισαίων
3272 4731 3554 4831 Σαϐϐάτῳ.
3583 4760 3735 4830 φαγεῖν

530 4824 848 4893 capiendum
878 4827 1079 4896 cibum,
1111 4839 1166 4884 et
1193 4831 1289 4902 ipsi
1317 4833 1676 4890 observabant
1705 4852 1851 4892 eum.
1890 4840 1958 4895 Et
1979 4855 2107 4897 ecce

2210 4841 2394 4913 ἄρτον,
2428 4843 2520 4896 καὶ
2566 4845 2724 4898 αὐτοὶ
2751 4841 2889 4916 ἦσαν
2936 4824 3413 4921 παρατηρούμενοι
3459 4824 3628 4906 αύτόν.
3656 4824 3736 4903 Kal

535 4917 696 4972 homo
735 4917 952 4988 quidam
1004 4920 1327 4993 hydmpicus
1376 4936 1492 4979 erat
1529 4936 1654 4984 ante
1696 4929 1864 4985 illum.
1919 4933 1986 4987 Et
2024 4949 2107 4988 re-

2213 4933 2323 4987 ίδοὺ
2355 4934 2640 5006 ἄνθρωπός
2665 4955 2748 5002 τις
2789 4933 2859 5010 ἦν
2889 4917 3196 5011 ύδρῴπικος
3231 4942 3546 5016 ἔμπροσθεν
3586 4943 3734 4998 αὑτοῦ.

2213 5027 2320 5080 Καὶ
2349 5027 2667 5100 ἀποκριθεὶς
2699 5031 2726 5083 ὁ
2763 5030 2968 5102 Ἰησοῦς
3001 5028 3119 5088 εἶπε
3156 5033 3291 5104 πρὸς
3315 5037 3444 5099 τοὺς
3458 5037 3733 5108 Φαρισαίους

2211 5115 2320 5169 καὶι
2334 5119 2608 5186 νομικοὺς,
2645 5115 2817 5186 λέγων
2841 5136 2853 5149 ·
2891 5121 2951 5174 Ei
2982 5122 3158 5189 ἔξεστι
3188 5123 3514 5194 θεραπεύειν
3534 5130 3587 5181 ἐν
3625 5125 3732 5179 Σαϐ-

532 5010 809 5077 spondens
848 5011 1007 5068 Jesus
1036 5015 1173 5070 dixit
1216 5018 1282 5070 ad
1317 5016 1652 5087 legispcritos
1701 5032 1755 5076 et
1789 5022 2108 5090 Pharisaaos,

528 5102 714 5158 dicens
745 5121 758 5158 :
785 5103 925 5159 Num
957 5105 1082 5160 licet
1108 5105 1343 5164 Sabbato
1372 5112 1595 5164 sanare?
1618 5110 1686 5166 At
1705 5113 1776 5168 illi
1805 5124 2111 5173 tacuerunt.

530 5191 650 5260 Ipse
705 5207 832 5249 vero
866 5197 1264 5266 apprehensum
1315 5201 1530 5255 sanavit
1583 5217 1730 5266 eum,
1780 5219 1845 5260 ac
1880 5206 2104 5264 dimisit.

531 5283 598 5337 Et
630 5289 959 5355 respondens
985 5289 1052 5344 ad
1086 5291 1207 5346 illos
1251 5292 1423 5347 dixit:
1451 5292 1616 5362 Cujus
1648 5306 1885 5352 vestrum
1919 5299 2103 5357 asinus

532 5377 741 5431 autbos
769 5379 821 5433 in
862 5392 1079 5451 puteum
1120 5385 1294 5450 cadet,
1335 5395 1389 5440 et
1419 5402 1522 5442 non
1555 5389 1812 5445 continuo
1856 5393 2106 5450 extrahet

533 5467 682 5522 illum
726 5470 776 5523 in
801 5471 886 5524 die
920 5472 1180 5528 Sabbati?
1215 5473 1278 5528 Et
1317 5491 1424 5530 non
1475 5485 1726 5547 poterant
1767 5479 1835 5534 ad
1872 5481 1985 5535 huic
2020 5497 2106 5536 re-

530 5563 799 5632 spondere
829 5564 926 5619 illi.
965 5583 986 5618 ι
1029 5567 1286 5623 Dominus
1323 5569 1456 5625 satis
1480 5571 1657 5626 sciens
1704 5570 2101 5628 Pharisaeorum

528 5657 926 5725 morositatem,
984 5659 1287 5729 ingreditur
1336 5661 1388 5718 in
1446 5677 1632 5720 eorum
1687 5664 1898 5724 domos.
1949 5665 2105 5724 Curae

607 5843 650 5874 ⁸³
680 5840 820 5899 Psal.
863 5859 1078 5911 cxxxw,
1113 5844 1202 5900 20.

2207 5205 2386 5276 6άτῳ;
2447 5207 2509 5260 Oi
2539 5207 2595 5260 δέ
2629 5207 2932 5280 ἡσύχασαν.
2972 5212 3082 5266 Kal
3141 5213 3534 5284 ἐπιλαϐόμενος
3582 5217 3730 5270 ἰάσατο

2203 5299 2380 5364 αὑτὸν,
2433 5301 2530 5354 καὶ
2569 5302 2828 5358 ἀπέλυσε.
2885 5304 2994 5359 Καὶ
3035 5306 3357 5378 ἀποκριθεὶς
3405 5310 3538 5381 πρὸς
3572 5310 3729 5370 αὐτοὺς

2201 5385 2320 5443 εἷπε
2350 5406 2363 5420 ο
2383 5391 2539 5457 Τίνος
2567 5392 2718 5463 ὑμῶν
2742 5393 2863 5458 ὄνος
2897 5394 2929 5465 ἢ
2964 5394 3087 5466 βοῦς
3123 5398 3203 5461 είς
3229 5399 3407 5471 φρέαρ
3435 5403 3726 5471 ἐμπεσεῖται,

2203 5482 2297 5536 καὶ
2320 5483 2419 5536 οῦκ
2449 5485 2652 5548 εὐθέως
2691 5486 2998 5541 ἀνασπάσει
3021 5488 3185 5542 αὐτὸν
3214 5491 3274 5544 ἐν
3323 5494 3389 5563 τῇ
3437 5494 3608 5564 ήμέρᾳ
3657 5488 3726 5543 τοῦ

2202 5575 2516 5644 Σαῦὅάτου;
2574 5577 2684 5632 Καὶ
2712 5579 2811 5632 οὐκ
2858 5581 3086 5651 ἴσχυσαν
3126 5583 3583 5655 ἀνταποκριθῆναι
3611 5580 3725 5651 αὐτῴ

2203 5669 2340 5740 πρὸς
2367 5667 2563 5725 ταῦτα.
2608 5688 2626 5724 ι
2681 5671 2742 5725 Εἰ
2774 5673 2868 5726 καὶ
2916 5673 3180 5744 ἐγίνωσκε
3224 5676 3286 5729 τὸ
3321 5675 3606 5749 δύστροπον
3639 5673 3723 5730 τῶν
