3896 6452
93 257 98 260 ’
128 285 255 349 929

927 286 1370 350 ENARRATIO
1410 291 1490 351 IN
1531 291 2029 355 EVANGELIUM
2070 297 2285 359 LUC/E
2314 325 2379 338 --
2410 301 2567 364 CAP.
2599 305 2751 368 XIV.

3293 307 3399 377 930

125 395 450 466 Φαρισαίων
471 396 498 448 6
528 393 750 466 Κύριος,
775 393 925 464 ὅμως
959 396 1118 448 είσίει
1148 399 1228 460 είς
1253 399 1378 462 τοὺς
1403 399 1586 463 οἴκους
1617 399 1709 452 αύ-

1817 403 1961 456 enim
1987 403 2032 457 ci
2061 414 2176 458 erat
2210 411 2512 463 animarum
2546 409 2769 477 utilitas,
2797 418 2850 466 et
2887 421 3170 480 propterea
3196 413 3400 486 ingres-

124 487 253 540 τῶν
273 502 286 514 ⁸
321 483 584 552 ὠφελείας
617 485 726 555 γὰρ
755 483 941 553 ψυχῶν
971 484 1277 553 ἐφρόντιζε,
1313 485 1405 538 καὶ
1437 485 1526 538 διὰ
1558 484 1717 538 τοῦτο

123 579 430 650 εἰσήρχετο
454 593 468 608 ο
505 575 537 646 ἢ
567 575 674 646 γὰρ
726 578 790 628 ἐκ
835 575 996 643 λόγου
1043 577 1137 629 καὶ
1183 576 1552 644 διδασκαλίας,
1585 577 1617 648 ἢ
1651 578 1716 631 ἐκ

122 668 385 740 σημείων
417 668 728 735 ἐπιδείξεως
754 668 976 723 δυνατὸν
1011 663 1080 740 ἦν
1140 669 1338 733 αὐτοὺς
1366 669 1714 739 ὠφελεῖσθαι,

124 763 259 829 εἴγε
279 760 590 830 ἠϐούλοντο.
618 759 986 829 Παρελθόντος
1009 757 1102 815 οὖν
1132 763 1212 824 εἰς
1242 761 1406 831 μέσον
1433 761 1529 814 τοῦ
1548 761 1718 831 ὑδρω-

125 851 327 917 πικοῦ,
355 853 383 903 6
417 851 616 920 Κύριος
643 850 703 903 ού
730 850 888 902 τοῦτο
913 851 1239 919 ἐσκόπησεν,
1273 850 1421 910 ὅπως
1446 847 1521 920 μὴ
1551 865 1717 902 σκαν-

120 943 331 1016 δαλίσῃ
360 943 578 1005 αὐτοὺς,
611 941 727 994 ἀλλ’
749 942 896 1004 ὅπως
928 942 1266 1011 εύεργετήσῃ
1294 939 1385 993 τὸν
1421 938 1716 1009 θεραπείας

118 1033 411 1103 δεόμενον.
463 1035 556 1085 Δεῖ
614 1032 724 1102 γὰρ
778 1033 945 1102 ἡμᾶς,
981 1031 1110 1085 ἔνθα
1142 1030 1381 1100 ὠφέλεια
1414 1031 1715 1084 ἀνακόπτει

124 1128 284 1196 μάλα
311 1125 504 1193 πολλὴ,
541 1124 614 1196 μὴ
648 1123 955 1194 φροντίζειν
985 1124 1092 1178 τῶν
1129 1124 1374 1195 ἀνοήτως
1427 1120 1714 1176 σκανδαλι-

120 1216 402 1284 ζομὲνων.
447 1216 690 1285 Ἐλέγχει
717 1215 773 1268 δὲ
823 1215 920 1285 τὴν
968 1215 1280 1286 ἀφροσύνην
1307 1213 1416 1267 τῶν
1463 1211 1713 1280 ἐγκαλεῖν

123 1310 442 1378 μελλόντων
470 1309 636 1378 αὑτῷ,
679 1309 758 1361 διὸ
791 1309 886 1362 καὶ
931 1310 1132 1379 ἐρωτᾷ,
1166 1308 1226 1360 Et
1258 1307 1436 1374 ἔξεστι
1465 1305 1542 1376 τῷ
1576 1303 1716 1358 Σαϐ-

121 1401 284 1472 ϐάτῳ
349 1401 706 1471 θεραπεύειν,
761 1401 793 1470 ἢ
845 1399 940 1465 ob;
975 1395 1121 1469 τΑρα
1153 1399 1260 1471 γὰρ
1315 1401 1376 1452 ού
1423 1398 1713 1469 προφανῶς

121 1494 418 1565 καταγελᾷ
445 1494 623 1547 αὐτῶν
654 1495 728 1558 ὼς
745 1494 1024 1565 ἀνοήτων;
1062 1495 1177 1561 εἴγε
1205 1493 1296 1546 τοῦ
1325 1492 1458 1547 Θεοῦ
1485 1492 1545 1545 τὸ
1573 1492 1712 1545 Σάϐσ

120 1584 299 1640 ϐατον
347 1586 756 1655 εὑλογήσαντος.
794 1584 949 1638 αὐτοὶ
1007 1583 1306 1638 κωλύουσιν
1362 1583 1711 1651 ἁγαθοποιεῖν

121 1679 183 1730 ἐν
223 1679 426 1748 τούτῳ,
452 1679 548 1731 καὶ
578 1676 822 1730 ποιοῦσιν
855 1677 988 1730 αὐτὸ
1020 1677 1237 1739 πάντως
1260 1676 1666 1744 ἐπικατάρατον
1692 1690 1706 1738 ;

131 1771 201 1823 Ἦ
232 1771 350 1842 γὰρ
376 1769 557 1840 ἡμέρα
605 1770 639 1840 ή
674 1769 838 1840 μηδὲν
866 1768 1027 1840 ἔργον
1065 1768 1270 1837 ἀγαθὸν
1323 1765 1705 1836 ἐπιδεχομένη,

119 1865 227 1918 οῦκ
262 1861 628 1932 εὐλογημένη.
673 1859 811 1912 Ἀλλ’
849 1853 1021 1939 οὗτοι.
1048 1875 1112 1927 γε
1145 1859 1365 1927 γνόντες
1405 1858 1527 1910 ὅποι
1556 1857 1710 1927 φέρει

119 1957 184 2006 τὸ
215 1956 508 2027 ἐρώτημα,
541 1955 848 2026 ἡσύχασαν·
879 1954 1001 2006 τότε
1029 1951 1093 2023 δὴ
1123 1954 1152 2005 6
1193 1951 1399 2022 Ἰησοῦς
1432 1952 1492 2003 τὸ
1513 1953 1711 2002 οἰκεῖον

121 2050 300 2110 ποιεῖ,
332 2046 427 2100 καὶ
461 2045 550 2099 διὰ
581 2046 679 2115 τῆς
720 2047 865 2116 ἁφῆς
903 2047 1048 2098 ἰᾶται
1096 2045 1186 2098 τὸν
1217 2044 1534 2115 ἄνθρωπον
1593 2037 1710 2096 εἶτα

121 2141 220 2192 καὶ
251 2141 382 2202 τοὺς
405 2138 727 2210 Φαρισαίους
758 2137 1010 2206 ἐντρέπει
1058 2137 1146 2190 διὰ
1174 2135 1386 2202 τούτου,
1429 2136 1710 2207 μονονουχὶ

118 2231 359 2286 τοιαῦτα
385 2232 556 2299 λέγων
584 2231 762 2293 αὐτοῖς
789 2247 801 2260 ⁸
836 2231 897 2283 Ei
929 2228 1240 2284 κεκώλυκεν
1279 2229 1306 2281 6
1348 2228 1509 2298 νόμος
1539 2229 1709 2282 ἐλεεῖν

120 2326 180 2378 ὲν
232 2324 522 2394 Σαϐϐάτῳ,
578 2321 652 2394 μὴ
693 2322 993 2394 φροντίσῃς
1046 2321 1164 2375 υἱοῦ
1209 2321 1609 2384 κινδυνεύοντος
1651 2322 1709 2374 ἐν

122 2410 431 2481 Σαϐϐάτῳ;
464 2411 574 2464 Κιπή⁸
595 2411 648 2464 τί
674 2410 817 2480 λέγω
831 2410 947 2464 υἱοῦ
969 2426 984 2478 ;
1005 2411 1138 2465 ὅπου
1167 2411 1287 2464 οὐδὲ
1313 2409 1438 2479 βοῦν
1467 2411 1707 2482 ἀϐοήθη-

119 2521 216 2557 τον
255 2503 604 2574 καταλείψεις
644 2505 692 2557 ei
729 2503 1108 2559 κινδυνεύοντα
1131 2505 1292 2574 δψει;
1333 2504 1456 2568 Πῶς
1485 2501 1577 2559 οῦν
1609 2506 1707 2558 οὑκ

121 2595 360 2665 ἀνόητον
385 2595 816 2666 παρατηρεῖσθαι
839 2595 941 2665 τὴν
961 2594 1056 2648 τοῦ
1082 2594 1390 2665 ύδρωπικοῦ
1412 2595 1708 2667 θεραπείαν

123 2689 180 2740 ἐν
216 2685 522 2757 Σαϐϐάτῳ;
590 2685 930 2757 ’Υδρωπικός
971 2689 1087 2739 ἐστι
1137 2687 1232 2740 καὶ
1269 2689 1377 2750 πᾶς
1402 2687 1461 2751 ὃς
1498 2687 1585 2741 διὰ
1613 2688 1706 2742 τοῦ

120 2779 420 2849 ἀνειμένου
451 2777 568 2849 βίου
610 2778 718 2850 καὶ,
747 2777 914 2850 ὑγροῦ
949 2778 1091 2832 κατά
1121 2778 1296 2850 ψυχὴν
1340 2780 1572 2852 νοσήσας
1597 2780 1705 2832 δει-

121 2872 256 2936 νῶς,
287 2870 460 2924 δεῖται
492 2870 754 2941 Χριστοῦ,
783 2869 977 2924 οὐκοῦν
1001 2871 1096 2924 καὶ
1127 2870 1621 2943 θεραπευθήσεται,
1656 2873 1706 2926 εί

122 2961 442 3032 ἔμπροσθεν
470 2962 707 3033 Χριστοῦ
737 2964 982 3034 γένηται.
1036 2964 1095 3016 ’0
1115 2963 1223 3035 γὰρ
1243 2964 1554 3036 ἔμπροσθεν
1570 2963 1704 3018 Θεοῦ

123 3049 270 3108 εἶναι
293 3053 491 3107 ἐννοῶν
515 3055 624 3120 ἀεὶ,
655 3055 750 3108 καὶ
781 3054 907 3126 παρ’
954 3054 1119 3109 αὑτοῦ
1153 3056 1407 3126 ὁρᾶσθαι,
1443 3053 1705 3127 ἐλάχιστα

124 3146 537 3214 ἁμαρτήσεται.
794 3200 799 3206 ,

201 3256 223 3288 ‹
269 3237 466 3304 Ἔλεγε
499 3237 553 3291 δέ
611 3238 744 3309 πρὸς
777 3239 904 3301 τοὺς
952 3237 1323 3309 κεκλημενους
1373 3237 1709 3310 παραϐολὴν,

126 3329 349 3398 ἐπέχων
397 3329 508 3392 πῶς
569 3329 668 3392 τὰς
720 3329 1118 3398 πρωτοκλισίας
1161 3329 1503 3398 ἐξελέγοντο,
1535 3330 1711 3399 λέγων

127 3420 272 3490 πρὸς
299 3419 497 3483 αὐτούς
517 3436 528 3447 ·
561 3420 732 3473 Ὅταν
772 3420 978 3490 κληθῇς
1018 3421 1123 3474 ὑπό
1145 3438 1289 3484 τινος
1313 3423 1390 3484 είς
1413 3422 1610 3492 γάμον,
1636 3422 1710 3494 μὴ

125 3508 468 3578 κατακλιθῇς
487 3509 565 3572 εἰς
593 3508 691 3579 τὴν
709 3509 1128 3580 πρωτοκλισίαν,
1150 3511 1712 3582 μήποτε-ἐντιμότερός

129 3617 232 3652 σου
335 3599 662 3669 κεκλημένος
695 3599 785 3652 ὑπ’
809 3598 994 3665 αὑτοῦ,
1032 3599 1125 3652 καὶ
1159 3598 1331 3653 ἐλθὼν
1359 3601 1386 3652 ό
1410 3601 1469 3652 σὲ
1491 3599 1587 3653 καὶ
1617 3601 1712 3653 αὑ-

125 3695 222 3743 τὸν
273 3691 529 3754 καλέσας,
573 3691 690 3762 ἐρεῖ
724 3707 827 3754 σοι,
863 3693 959 3755 Δὶς
985 3691 1164 3762 τούτῳ
1208 3693 1407 3758 τόπον,
1463 3693 1558 3746 καὶ
1586 3693 1706 3746 τότε

126 3782 275 3854 ἄρξῃ
308 3783 425 3853 μετ’
452 3783 711 3854 αἰσχύνης
733 3783 823 3836 τὸν
839 3782 1064 3854 ἔσχατον
1083 3784 1247 3838 τόπον
1281 3783 1564 3856 κατέχεινο
1595 3785 1711 3840 ἀλλ’

127 3877 266 3929 ὅταν
311 3875 539 3946 κληθῇς,
595 3875 882 3946 πορευθεὶς
930 3877 1200 3932 ἀνάπεσον
1242 3881 1322 3942 εἰς
1374 3879 1465 3950 τὸν
1489 3879 1712 3948 ἔσχατον

125 3968 318 4032 τόπον,
351 3968 435 4020 ἵνα
458 3968 584 4020 ὅταν
613 3967 741 4039 ἔλθῃ
773 3969 800 4020 6
834 3967 1116 4041 κεκληκώς
1152 3987 1232 4035 σε,
1265 3969 1394 4042 εἴπῃ
1421 3988 1532 4025 σοι’
1561 3972 1710 4036 Φίλε,

129 4059 513 4128 προσανάϐηθι
541 4059 840 4127 ἀνώτερονο
874 4061 994 4113 τότε
1023 4060 1176 4115 ἐσται
1204 4080 1286 4116 σοι
1317 4062 1445 4129 δόξα
1479 4064 1710 4117 ἐνώπιον

126 4153 242 4202 τῶν
279 4150 752 4221 συνανακειμένων
809 4167 913 4218 σοι,
973 4152 1056 4204 ὅτι
1096 4153 1203 4216 πᾶς
1249 4155 1277 4205 6
1321 4153 1471 4223 ὑψῶν
1519 4154 1709 4207 ἑαυτὸν

125 4241 624 4312 ταπεινωθήσεται,
645 4244 738 4295 καὶ
753 4243 780 4296 ὀ
802 4242 1069 4297 ταπεινῶν
1092 4243 1284 4298 ἑαυτὸν
1305 4243 1702 4314 ὑψωθήσεται.»

139 4331 312 4405 ὐρᾷς
343 4335 410 4386 τά
441 4334 629 4388 δεῖπνα
674 4333 768 4388 τοῦ
800 4335 1037 4406 Χριστοῦ
1073 4336 1201 4390 ποῖά
1244 4337 1368 4391 τινά
1419 4340 1575 4404 εἰσιν,
1629 4340 1709 4401 είς

1822 511 1913 549 sus
1940 505 2041 550 est.
2071 497 2375 552 Pomissent
2405 501 2548 553 enim
2570 501 2652 555 vel
2679 517 2742 556 ex
2769 503 3011 558 doctrina
3045 514 3099 559 et
3121 522 3395 574 sermone,

1819 587 1900 641 vel
1917 589 2312 669 exostensione
2339 591 2721 648 miraculorum
2755 596 3037 651 utilitatem
3061 600 3396 669 percepisSe,

1819 678 1864 732 si
1887 679 2102 747 quidem
2125 679 2440 735 voluissent.
2467 681 2636 738 Porro
2661 701 2784 738 cum
2818 686 2870 738 in
2891 686 3126 742 medium
3151 691 3394 746 venisset

1819 769 2168 840 hydropicus,
2232 786 2336 826 non
2393 771 2497 826 hoc
2542 773 2902 829 consideravit
2951 777 3227 844 Dominus,
3262 796 3397 848 quo-

1818 864 1978 918 modo
2030 879 2132 918 non
2171 863 2466 919 oﬂ‘enderet
2501 866 2667 934 ipsos,
2712 869 2805 922 sed
2851 873 3124 937 quomodo
3173 882 3392 928 sanaret

1817 967 1939 1007 enm
1988 955 2077 1022 qui
2126 970 2254 1010 cura
2313 971 2410 1010 sua
2468 956 2760 1024 indigebat.
2806 957 3029 1027 Oportet
3087 964 3228 1016 enim
3293 979 3393 1020 nos

1817 1048 1907 1102 ubi
1949 1063 2138 1118 magna
2201 1058 2509 1118 prospectat
2563 1051 2800 1112 utilitas,
2858 1067 2970 1106 non
3017 1069 3207 1109 curare
3258 1056 3395 1110 insi-

1818 1140 2028 1206 pientes
2085 1140 2178 1209 qui
2235 1141 2701 1197 scandalizantur.
2773 1142 2964 1213 Argnit
3011 1154 3189 1200 antem
3261 1147 3394 1201 insi-

1818 1231 2078 1300 pientiam
2119 1246 2306 1286 eorum
2361 1232 2449 1302 qui
2504 1234 2882 1300 reprehensuri
2934 1245 3109 1299 erant,
3168 1236 3396 1306 ideoque

1816 1323 2146 1390 interrogat:
2175 1323 2396 1380 Licetne
2429 1325 2669 1382 Subhato
2710 1343 2903 1382 sanare
2933 1344 2998 1382 an
3028 1344 3134 1382 non
3154 1329 3176 1368 ν
3206 1328 3394 1383 Nonne

1815 1415 2100 1470 manileste
2132 1416 2321 1470 irridet
2348 1432 2441 1473 eos
2466 1425 2521 1472 ut
2561 1418 2915 1487 insipientes?
2951 1419 3226 1487 Siquidem
3268 1436 3392 1474 cum

1814 1506 1957 1564 Deus
1987 1507 2281 1563 Sabbatum
2318 1509 2675 1575 benedixerit,
2712 1511 2809 1579 ipsi
2845 1510 3161 1565 benefacere
3205 1512 3393 1580 prohi-

1818 1598 1944 1653 bent
1982 1597 2034 1652 in
2059 1613 2142 1662 eo,
2175 1609 2228 1652 et
2259 1613 2355 1668 per
2389 1599 2490 1652 hoc
2519 1598 2724 1654 faciunt
2754 1602 2972 1655 omnino
3013 1599 3391 1654 maledictum?

1815 1687 1931 1742 Non
1965 1689 2110 1742 enim
2148 1689 2466 1744 benedictus
2484 1692 2702 1744 estdies
2740 1692 2792 1746 in
2826 1706 2932 1759 quo
2955 1691 3086 1745 nihil
3113 1690 3235 1766 boni
3276 1691 3390 1745 fieri

1813 1784 2003 1837 soleat.
2033 1782 2098 1835 At
2122 1797 2244 1836 eum
2275 1780 2326 1834 hi
2347 1782 2578 1837 scientes
2611 1796 2719 1849 quo
2749 1781 2994 1835 tenderet
3018 1781 3386 1848 interrogatio,

1813 1872 2101 1936 siluerunt,
2138 1882 2266 1926 tunc
2291 1871 2446 1927 Jesus
2478 1873 2619 1940 quod
2649 1885 2807 1926 suum
2833 1878 2951 1926 erat
2985 1869 3139 1933 facit,
3173 1882 3228 1926 et
3256 1886 3391 1925 con-

1819 1968 1962 2014 tactu
2019 1970 2180 2014 sanat
2231 1960 2546 2013 hominem:
2614 1959 2808 2012 deinde
2855 1961 3018 2014 etiam
3085 1959 3390 2014 Pharisaeos

1811 2051 2132 2107 erubescere
2177 2052 2325 2118 facit,
2360 2052 2515 2121 quasi
2573 2053 2699 2107 talia
2729 2053 2932 2106 diceret
2960 2053 3038 2107 cis
3069 2070 3080 2105 :
3121 2051 3176 2106 Si
3202 2053 3390 2122 prohi-

1810 2142 2016 2200 buisset
2049 2144 2134 2214 lex
2157 2143 2400 2201 misereri
2425 2143 2488 2218 _in
2517 2143 2774 2206 Sabbato,
2809 2159 2913 2198 non
2945 2159 3088 2198 cura:
3118 2145 3379 2199 tibifuis-

1809 2247 1894 2294 set
1946 2237 1991 2292 si
2044 2237 2186 2292 [ilius
2226 2246 2348 2292 tuus
2397 2238 2733 2307 periclitatus
2770 2238 2962 2295 {uisset
3010 2237 3062 2294 in
3098 2236 3383 2297 Sabhato?

1811 2329 1878 2384 Et
1897 2330 2028 2400 quid
2053 2331 2175 2384 dico
2210 2329 2394 2386 ﬁlius?
2423 2346 2598 2402 neque
2616 2333 2808 2388 bovem
2835 2335 3151 2404 reliquisses
3179 2337 3387 2404 ιιὺειμιε

1810 2421 2098 2490 adiutorio,
2126 2423 2169 2478 si
2199 2422 2592 2492 periclitantem
2624 2426 2873 2480 vidisses.
2911 2426 3192 2492 Quomodo
3225 2427 3388 2496 igitur

1811 2532 1915 2571 non
1947 2515 2169 2571 stultum
2200 2514 2362 2569 fuerit
2401 2517 2542 2585 quod
2573 2518 2878 2572 observatis
2922 2520 3256 2572 sanationem
3290 2520 3388 2588 hy-

1809 2605 2018 2676 dropici
2063 2609 2114 2661 in
2179 2606 3016 2679 Sabbat01394llydropicus
3071 2618 3155 2663 est
3209 2608 3388 2664 omnis

1807 2701 2013 2770 quijper
2034 2699 2348 2754 dissolutam
2374 2701 2534 2753 vitam
2562 2711 2610 2755 et
2649 2700 2906 2755 lubricam
2939 2700 3114 2754 anima
3151 2717 3245 2755 sua
3263 2717 3384 2772 gra-

1808 2793 1947 2849 viter
1977 2801 2225 2864 aegrotat,
2261 2793 2350 2861 qui
2383 2802 2436 2846 et
2490 2792 2706 2848 Christo
2733 2793 2977 2862 indiget:
3014 2804 3068 2847 et
3107 2793 3388 2847 sanabitur

1807 2882 1984 2953 plane,
2013 2886 2056 2940 si
2092 2895 2218 2940 ante
2261 2883 2538 2940 Christum
2591 2885 2774 2940 fuerit.
2838 2885 2976 2940 Nam
3028 2885 3118 2954 qui
3170 2900 3231 2941 se
3259 2899 3386 2942 ante

1807 2975 2082 3032 Christum
2126 2993 2247 3033 esse
2294 2977 2627 3044 considerat,
2685 2978 2930 3048 cogitans
2980 2991 3197 3047 semper
3249 2991 3386 3047 quo-

1733 3087 1778 3151 ρ
1813 3069 1970 3125 modo
2009 3069 2077 3124 ab
2119 3071 2235 3140 ipso
2257 3069 2524 3138 videatur,
2556 3070 2780 3125 minime
2816 3069 3082 3140 peccabit.
3176 3097 3180 3099 Α

1887 3249 2044 3306 Vens.
2096 3251 2248 3305 7-H.
2289 3265 2312 3303 ι
2346 3249 2570 3305 Dicebat
2600 3258 2778 3304 autem
2829 3249 2895 3303 ad
2941 3248 3192 3304 invitatos
3223 3264 3384 3320 para-

1809 3343 2010 3409 bolam,
2042 3343 2326 3396 intendens
2355 3343 2625 3410 quomodo
2649 3343 2853 3409 primos
2883 3340 3162 3396 accubitus
3215 3340 3384 3410 elige~

1810 3433 2159 3497 rent,.dice:;s
2185 3433 2250 3485 ad
2285 3432 2406 3487 illos
2431 3449 2444 3487 :
2475 3434 2608 3488 Cum
2637 3433 2892 3487 invitatus
2921 3430 3086 3486 fueris
3114 3433 3182 3486 ab
3204 3431 3385 3502 aliquo

1811 3529 1877 3583 ad
1923 3527 2160 3598 nuptias,
2225 3541 2292 3581 ne
2322 3528 2614 3580 accumbas
2650 3525 2700 3579 in
2729 3525 2904 3594 primo
2941 3524 3081 3588 loco,
3135 3539 3200 3577 ne
3243 3521 3383 3578 forte

1809 3621 2124 3676 honoratior
2161 3627 2212 3674 te
2256 3619 2324 3673 ab
2366 3618 2456 3673 illo
2506 3617 2578 3672 sit
2645 3617 2923 3684 invitatus,
2987 3626 3042 3670 et
3081 3616 3300 3690 veniens
3338 3617 3388 3672 is

1809 3709 1900 3779 qni
1931 3720 1980 3764 te
2009 3719 2065 3764 et
2093 3710 2238 3762 illum
2269 3710 2503 3773 vocavit,
2528 3708 2672 3762 dit-at
2710 3709 2801 3775 tibi
2839 3727 2851 3762 :
2895 3708 2965 3762 Da
2999 3708 3128 3763 huic
3151 3707 3330 3762 locum
3364 3725 3381 3762 :

1810 3808 1864 3854 et
1898 3809 2025 3854 tunc
2072 3800 2302 3870 incipias
2338 3815 2462 3854 cum
2515 3801 2712 3854 rubore
2749 3809 3051 3854 extremum
3081 3787 3256 3854 locum
3299 3808 3383 3854 te-

1812 3905 1940 3945 nere
2007 3909 2020 3945 :
2094 3892 2220 3960 quin
2270 3891 2448 3960 potius
2511 3905 2630 3946 cum
2676 3896 2902 3944 vocatus
2958 3888 3160 3954 fueris,
3205 3889 3381 3956 .vade,

1811 3984 2070 4038 accumbe
2135 3984 2186 4035 in
2264 3983 2558 4038 novissimo
2624 3984 2781 4047 loco,
2867 3991 2924 4036 nt
2981 3998 3101 4036 cum
3172 3984 3384 4038 venerit

1810 4073 1902 4142 qui
1929 4083 1979 4128 le
2010 4075 2278 4139 invitavit,
2305 4075 2450 4128 dicat
2492 4075 2588 4129 tibi
2642 4076 2902 4140 :Amice,
2944 4075 3175 4128 ascende
3226 4086 3387 4143 supc-

1814 4165 1922 4220 rius
1963 4183 1976 4218 :
2039 4173 2172 4219 tunc
2219 4167 2326 4220 erit
2357 4165 2452 4220 tibi
2485 4165 2654 4235 gloria
2695 4181 2880 4221 coram
2925 4165 3083 4220 simul
3138 4164 3384 4220 discum-

1812 4257 2063 4328 bentibus
2087 4275 2101 4313 :
2139 4259 2262 4328 quia
2285 4259 2463 4313 omnis
2489 4260 2577 4327 qui
2629 4274 2686 4314 se
2709 4258 2940 4322 extollit,
2972 4256 3340 4313 humiliabitur
3363 4295 3380 4323 ,

1811 4358 1866 4402 et
1899 4323 1988 4418 (iui
2038 4363 2098 4403 se
2130 4323 2398 4410 h-utniliat.
2422 4323 2729 4404 extolletur.
2775 4368 2793 4402 ι
2833 4348 3190 4404 Videscosnas
3226 4347 3384 4403 Chri-

127 4424 402 4494 ὠφέλειαν
428 4424 616 4494 ψυχῶν
639 4465 654 4490 ,
689 4426 788 4478 οὐκ
828 4428 905 4489 είς
933 4426 1096 4498 κόρον
1137 4428 1376 4498 γαστρὸς
1403 4430 1706 4499 καταστρὲ-

1814 4441 1878 4494 sti
1904 4439 2094 4509 quales
2139 4428 2272 4507 sint,
2319 4455 2512 4511 nempe
2545 4442 2598 4494 in
2634 4441 2923 4495 utilitatem
2953 4441 3170 4502 animat,
3198 4449 3250 4494 et
3279 4455 3382 4493 non

131 4506 337 4585 φονταξ
372 4516 475 4568 Ἴδε
502 4517 631 4588 γάρ,
666 4517 851 4570 ἰάσατο
885 4517 976 4570 τὸν
1003 4518 1326 4586 ύδρωπικδν,
1351 4518 1554 4585 ἐδίδαξε
1582 4521 1706 4584 τοὺς

129 4607 480 4678 Φαρισαίους,
527 4609 608 4662 ὃτι
667 4609 828 4662 καλὸν
861 4612 922 4661 τὸ
969 4610 1026 4662 ἐν
1059 4609 1321 4680 Σαϐϐάτῳ
1373 4611 1704 4679 εὐεργετεῖν.

140 4700 299 4753 Ἐπεὶ
348 4701 406 4753 δὲ
453 4696 592 4753 εἶδεν
643 4701 840 4766 αὐτοὺς
879 4703 973 4755 καὶ
1014 4704 1268 4772 περὶτῆς
1304 4703 1707 4773 πρωτοκλισίας

134 4793 588 4864 θορυϐουμένους,
647 4794 792 4847 ἰᾶται
843 4796 935 4847 καὶ
985 4793 1143 4847 τοῦτο
1174 4792 1236 4846 τὸ
1267 4793 1438 4857 πάθος
1467 4795 1567 4847 οὐκ
1599 4794 1707 4848 ἀπὸ

132 4885 377 4954 σμικρᾶς
403 4883 704 4953 ἀρχόμενον
757 4885 1106 4955 προφάσεως,
1161 4883 1276 4937 ἀλλ’
1324 4885 1432 4938 ἀπὸ
1468 4884 1708 4955 μεγάλης

131 4977 228 5028 καὶ
253 4975 702 5043 δυσδιαφεύκτου,
732 4977 827 5046 τῆς
847 4976 1148 5042 κενοδοξίας
1184 4977 1326 5049 φημί
1349 4994 1363 5008 ⁸
1391 4979 1485 5031 καὶ
1520 4978 1596 5049 μή
1623 4995 1707 5041 τις

131 5067 404 5136 νομιζέτω
431 5065 529 5136 τὴν
560 5069 688 5137 περὶ
727 5068 917 5122 τούτου
935 5069 1281 5123 διδασκαλίαν
1306 5071 1508 5141 μικρὰν
1543 5065 1706 5135 εἶναι,

133 5161 228 5211 καὶ
255 5159 484 5224 ἀναξίαν
503 5159 603 5229 τῆς
625 5159 719 5213 τοῦ
751 5160 886 5214 Θεοῦ
921 5163 1393 5233 μεγαλοπρεπείας
1420 5181 1431 5192 ·
1471 5163 1708 5234 μάλιστα

136 5251 237 5322 μὲν
283 5253 389 5322 γὰρ
432 5252 552 5306 οὐδὲ
595 5253 775 5324 ἰατρὸν
823 5254 1205 5325 φιλάνθρωπον
1248 5256 1423 5320 εἴποις
1474 5256 1563 5322 ἂν,
1617 5257 1709 5310 τὸν

133 5341 415 5409 ποδάγρας
457 5343 553 5415 μὲν
609 5345 791 5399 ἰᾶσθαι
838 5348 1326 5420 ἐπαγγελλόμενον,
1360 5355 1451 5403 καί
1478 5352 1576 5404 ὅσα
1602 5351 1709 5404 τῶν

133 5435 461 5505 νοσημάτων
520 5436 794 5506 ἀξιόλογα,
849 5437 1113 5494 δακτύλου
1191 5441 1246 5495 δέ
1304 5442 1618 5514 σύντριμμα
1673 5443 1707 5514 ἢ

132 5527 345 5590 ὀδόντος
361 5527 522 5597 ἄλγος
546 5530 621 5602 μὴ
647 5530 932 5600 δεχόμενον
958 5533 1298 5604 θεραπεύειν.
1336 5536 1571 5590 Ἔπειτα
1595 5536 1710 5599 πῶς

141 5619 338 5692 μικρὸν
364 5620 426 5673 τὸ
451 5622 550 5692 τῆς
581 5623 886 5690 κενοδοξίας
940 5625 1132 5693 πάθος,
1172 5625 1201 5678 ὃ
1229 5625 1458 5697 ἠνώχλει
1490 5628 1708 5691 πάντως

134 5714 250 5776 τοῖς
276 5709 376 5775 τὰς
400 5713 800 5782 πρωτοκλισίας
822 5714 1108 5787 {ntroin-tv;
1145 5717 1342 5789 Ἐχρῆν
1372 5714 1485 5785 οὖν,
1541 5718 1709 5790 ἐχρῆν

1815 4535 1869 4587 ἰη
1909 4535 2212 4589 satietatem
2246 4537 2450 4590 ventris
2477 4545 2784 4591 vertuntur.
2812 4533 2954 4589 Ecce
2983 4534 3123 4588 enim
3172 4533 3385 4587 sanavit

1814 4622 2164 4694 hydropicum
2197 4642 2210 4677 :
2245 4625 2424 4678 docuit
2453 4623 2758 4679 Pharismos
2782 4625 2923 4693 quod
2974 4623 3170 4678 bonum
3215 4623 3286 4676 sit
3327 4623 3381 4676 in

1815 4712 2051 4770 Sabbato
2076 4713 2414 4770 benefacere.
2455 4713 2522 4768 Et
2561 4721 2747 4784 postea
2775 4715 2963 4768 videns
2983 4728 3078 4768 eos
3116 4714 3181 4770 de
3211 4712 3384 4777 primo

1815 4807 2062 4861 accubitu
2085 4806 2428 4872 tumultuari,
2457 4814 2614 4862 sanat
2643 4817 2696 4861 et
2722 4807 2860 4861 hanc
2886 4805 3245 4867 adeptionem,
3265 4817 3384 4872 qua:

1814 4913 1918 4953 non
1943 4911 2168 4967 aparva,
2193 4898 2288 4952 sed
2312 4913 2503 4967 magna
2522 4907 2573 4952 et
2593 4899 2680 4952 vix
2698 4897 2968 4967 ellngaliili
2988 4911 3148 4950 causa
3177 4894 3382 4963 incipit,

1816 4989 1962 5043 inani
2003 4988 2218 5057 inquam
2257 4989 2448 5058 gloria.
2469 4988 2617 5043 Etne
2637 4989 2756 5056 quis
2782 4987 3054 5045 existimet
3077 4984 3384 5038 hocdocere

1817 5079 2074 5140 minuset
2106 5077 2380 5148 indignum
2399 5091 2519 5132 esse
2543 5073 3109 5146 magniﬁcentiaverbi
3139 5071 3254 5135 Dei,
3277 5071 3385 5124 imo

1814 5169 2052 5225 maxime
2090 5168 2250 5239 :quia
2286 5169 2524 5222 medicus
2558 5167 2648 5237 qui
2685 5166 2971 5237 pollicetur
3001 5179 3196 5219 sanare
3219 5164 3387 5232 poda-

1815 5276 1990 5332 gram,
2017 5273 2314 5328 omnesque
2361 5259 2576 5312 morbos
2621 5265 2919 5312 memoratu
2949 5255 3162 5326 dignos,
3211 5267 3385 5324 neque

1817 5353 2106 5423 digitorum
2168 5351 2500 5416 attritioncs,
2554 5348 2638 5404 vel
2680 5349 2860 5403 dentis
2898 5347 3139 5402 dolorem
3190 5360 3386 5402 sanare

1816 5448 2102 5504 detractat.
2159 5447 2362 5502 Deinde
2421 5445 2690 5515 quomodo
2741 5458 2939 5514 parvus
2993 5442 3171 5498 inanis
3203 5443 3385 5512 gloriae

1818 5540 2059 5604 morbus,
2103 5553 2212 5610 quo
2265 5539 2488 5593 omnino
2529 5539 2816 5593 turbantur
2848 5537 2940 5606 qui
2985 5535 3192 5606 primos
3227 5547 3388 5587 accu-

1816 5631 1956 5686 bitus
1972 5641 2217 5700 qnaernnt
2233 5633 2256 5686 ?
2271 5629 2567 5699 Oportebat
2595 5630 2754 5701 igitur
2777 5630 3096 5685 humilitatis
3112 5629 3385 5681 doctorem

1815 5731 1869 5777 et
1914 5722 2213 5793 principem
2261 5731 2317 5777 et
2344 5730 2842 5778 consummatorem
2894 5721 3169 5776 Christum
3200 5731 3387 5778 omne.
