3896 6452
557 294 659 361 97.11

1475 289 1578 352 TII
1591 287 2058 352 EOPIIYLACTI
2099 287 2140 346 Β

2245 284 2510 346 ,ῦΑΗΙΕ
2547 288 2590 344 Α
2603 283 2905 347 ΗΟΙΙΙΕΡ.
3645 286 3728 345 93!

547 423 732 466 ramos
761 405 935 462 inanis
984 404 1167 474 gloriae
1196 415 1498 474 amputare.
1548 407 1616 460 Et
1643 407 1746 460 hoc
1783 420 1998 474 quoque
2024 419 2120 458 cx-

2245 401 2318 454 τὺν
2342 404 2442 472 τῆς
2470 399 2853 462 ταπεινώσεως
2899 393 3238 459 διδάσκαλον,
3264 396 3358 447 καὶ
3405 393 3634 462 ἀρχηγδν,
3662 400 3731 449 καὶ

554 501 750 572 pende,
780 499 825 554 si
865 512 970 553 non
1005 496 1202 552 fuisset
1229 504 1444 567 tempus
1468 511 1688 561 mensae,
1713 503 1767 550 et
1783 495 1851 551 de
1876 495 1983 580 hoc
2017 496 2132 549 dis-

555 591 814 648 seruisset
846 590 1106 644 Dominus
1141 588 1332 643 relicto
1365 589 1432 643 de
1461 587 1584 642 aliis
1634 587 1796 643 rebus
1843 601 2118 648 sermone,

557 688 698 737 esset
724 681 862 734 forte
888 678 1307 748 {reprehensioni
1363 677 1557 732 locus:
1601 692 1742 730 nunc
1784 686 1961 730 autem
2006 677 2133 744 quia

560 777 688 830 hora
723 785 893 828 coena:
929 781 982 826 et
1025 770 1342 825 ambitionis
1395 771 1616 824 morbus
1647 770 1876 822 miseros
1912 767 2135 821 turbans

561 875 686 918 ante
725 861 911 918 oculos
947 860 1242 915 Salvatoris
1271 861 1612 924 versabatur,
1647 868 1854 927 tempus
1881 868 1999 912 erat
2033 856 2135 909 ad-

561 955 898 1010 monitionis.
954 951 1090 1006 Vide
1118 952 1262 1006 enim
1290 959 1345 1006 et
1374 950 1531 1003 aliter
1583 951 1856 1019 quomodo
1896 963 1925 1001 a
1973 948 2131 1016 culpa

561 1046 833 1102 hominem
874 1045 1090 1108 liberet,
1117 1043 1467 1113 ct-quomodo
1506 1042 1680 1109 ipsum
1705 1039 1916 1094 civilem
1947 1039 2132 1092 faciat.

559 1138 774 1205 Quanta
811 1136 958 1192 enim
1011 1136 1328 1191 confusione
1355 1136 1570 1204 plenus,
1607 1147 1728 1188 cum
1785 1130 2136 1197 requisivcris

560 1230 739 1284 locum
796 1239 846 1282 tc
901 1229 1201 1298 indignum,
1239 1235 1294 1280 et
1346 1225 1541 1280 deinde
1587 1239 1706 1278 cum
1759 1223 2137 1290 supervenerit

560 1322 792 1392 dignior,
825 1322 870 1376 is
899 1321 988 1389 qui
1021 1332 1071 1374 te
1092 1320 1330 1383 vocavit,
1360 1318 1506 1371 dicat
1536 1334 1550 1371 :
1582 1315 1657 1370 Da
1685 1315 1811 1370 huic
1834 1315 2031 1375 locum,
2064 1313 2139 1367 id-

560 1428 666 1484 que
716 1416 892 1485 smpe?
922 1413 1226 1468 Descendes
1269 1411 1412 1467 enim
1451 1421 1527 1475 tu,
1581 1410 1655 1464 illi
1687 1419 1865 1462 autem
1899 1409 2135 1478 primum

565 1509 738 1562 locum
776 1506 1140 1575 occupabunt.
1191 1505 1419 1570 Contra,
1466 1511 1670 1575 (manta
1718 1501 1878 1556 laude
1921 1501 2136 1570 dignus,

561 1601 778 1668 quando
828 1600 999 1668 prima
1057 1597 1190 1653 sella
1220 1598 1441 1669 dignus,
1473 1595 1748 1667 principio
1776 1595 1922 1652 sedet
1956 1594 2008 1646 in
2033 1594 2137 1647 hu-

563 1691 677 1747 mili
705 1693 847 1756 loco,
880 1700 935 1744 ct
981 1700 1166 1760 postea
1207 1704 1322 1759 pra:
1365 1690 1486 1744 aliis
1522 1690 1716 1743 sedere
1767 1685 2133 1757 comperitur,

564 1784 812 1838 omnibus
870 1783 945 1836 illi
986 1782 1159 1852 primo
1203 1782 1324 1836 loco
1371 1782 1728 1836 cedentibus?
1778 1779 1914 1835 Num
1973 1779 2136 1849 igitur

561 1891 726 1945 parva
759 1876 854 1929 tibi
879 1875 1091 1930 videtur
1123 1874 1212 1928 illa
1239 1874 1536 1930 admonitio
1565 1873 1798 1938 Domini,
1821 1889 1940 1944 qua:
1961 1874 2133 1927 niaxi-

565 1982 705 2020 mam
745 1967 1006 2020 virtutum
1033 1965 1395 2021 humilitatem
1441 1966 1617 2030 docet,
1643 1975 1698 2019 et
1729 1966 1783 2020 iu
1820 1965 2127 2018 auditorum

565 2061 846 2114 animabus
862 2060 1114 2125 collocat,
1151 2069 1206 2114 et
1235 2061 1300 2114 ad
1331 2061 1614 2115 honestam
1644 2060 1769 2115 vitae
1803 2061 2138 2115 observatio-

565 2165 685 2204 nem
710 2150 871 2222 395
902 2152 1090 2206 ducit?
1115 2152 1164 2206 id
1192 2153 1334 2222 quod
1357 2152 1557 2207 Christi
1590 2152 1816 2208 dilectus
1839 2151 2134 2222 discipulus

566 2241 763 2300 Paulus
796 2255 986 2316 postea
1013 2246 1148 2300 dixit
1175 2263 1188 2300 :
1227 2263 1245 2297 ι
1284 2243 1477 2300 Omnia
1509 2245 1733 2301 honeste
1755 2254 1809 2300 et
1831 2246 2128 2300 secundum

564 2337 838 2402 ordinem,
886 2339 1091 2405 inquit,
1128 2340 1277 2392 llant.
1316 2356 1334 2388 ι
1360 2336 1477 2404 Quo
1507 2347 1663 2407 pacto
1697 2338 1979 2407 igiturboc
2011 2335 2139 2392 lict?

563 2425 750 2484 Nullus
778 2438 981 2499 quaerat
1007 2431 1148 2498 quod
1180 2445 1336 2484 suum
1354 2438 1456 2493 est,
1484 2431 1576 2485 sed
1598 2431 1967 2500 unusquisque
1994 2429 2136 2499 quod

563 2517 808 2574 alterius.
845 2519 1006 2575 Vides
1054 2520 1374 2590 discipulum
1431 2525 1618 2576 eadem
1649 2521 1814 2592 loqui,
1869 2536 1986 2590 qum
2017 2538 2134 2574 ma-

562 2612 729 2679 gister
771 2611 920 2682 eius?
988 2612 1130 2667 Istud
1186 2629 1314 2670 vero
1361 2632 1428 2668 ει
1497 2613 1688 2670 Omnis
1747 2615 1838 2684 qui
1897 2615 2130 2684 scipsum

561 2705 763 2758 exaltat
785 2705 1159 2760 liumiliabitur
1180 2705 1246 2772 “,
1273 2725 1292 2759 ι
1350 2722 1454 2777 quo
1495 2717 1653 2777 pacto
1681 2707 2012 2778 intelligam?
2045 2706 2132 2760 Et-

565 2797 708 2849 enim
743 2799 894 2851 multi
920 2797 973 2851 in
1017 2799 1124 2851 vita
1167 2798 1266 2853 hac
1288 2814 1346 2853 se
1376 2799 1697 2864 exaltanles,
1728 2798 2139 2853 bonorelruun-

563 2892 674 2942 tur.
701 2887 870 2958 Igitur
897 2889 1001 2944 hoc
1052 2880 1270 2958 quidem
1307 2891 1577 2946 humiliari
1619 2902 1724 2957 est,
1759 2892 1978 2963 quando
2008 2897 2130 2964 quis

563 2977 761 3037 fruitur
791 2997 985 3050 magno
1019 2983 1224 3037 honore
1255 2983 1307 3038 in
1345 2983 1565 3046 mundo,
1599 2991 1709 3038 tum
1742 2984 1908 3040 miser
1937 2993 1991 3040 et
2025 2986 2130 3040 hu-

2234 493 2522 564 τελειωτὴν
2553 491 2786 564 Χριστὸν
2815 490 2995 543 πάντα
3027 488 3222 542 κλάδον
3251 486 3348 557 τῆς
3377 488 3594 557 πονηρᾶς
3617 490 3733 558 ῥίζης

2234 584 2333 653 τῆς
2362 581 2668 646 κενοδοξίας
2699 581 3008 648 ἐκτέμνειν.
3041 579 3150 632 Καὶ
3180 577 3337 631 τοῦτο
3363 576 3418 629 δέ
3450 593 3532 645 μοι
3553 580 3731 648 προσλο-

2235 675 2390 745 γίζου
2415 694 2430 709 ο
2471 679 2518 729 εί
2547 677 2644 743 μὲν
2671 670 2764 728 οὖν
2798 674 2900 727 οὐκ
2935 668 3005 742 ἦν
3033 670 3223 741 καιρὸς
3241 667 3528 740 τραπέζης,
3577 671 3655 724 καὶ
3679 672 3733 724 δι-

2237 766 2455 837 ελέγετο
2482 769 2608 837 περὶ
2637 766 2841 820 τούτων
2866 767 2894 818 ὁ
2911 763 3134 834 Κύριος,
3154 763 3312 830 ἀφεὶς
3330 760 3451 823 τοὺς
3478 761 3592 829 περὶ
3608 761 3736 814 ἄλλων

2237 861 2448 929 λόγους,
2480 856 2624 930 εἶχεν
2659 857 2725 912 ἂν
2757 857 2913 922 λόγον
2941 857 2974 925 ἡ
3014 854 3240 924 μέμψις,
3274 852 3371 904 νῦν
3399 852 3452 903 δὲ
3475 851 3656 904 δείπνου
3675 853 3737 904 ὃν·

2236 967 2347 1014 τος,
2371 950 2465 1002 καὶ
2487 949 2581 1002 τοῦ
2608 948 2706 1018 τῆς
2727 946 3126 1015 σιλοπρωτείας
3150 939 3355 1004 πάθους
3383 942 3484 1012 πρὸ
3505 941 3738 1012 ὀςθαλμῶν

2237 1042 2330 1096 τοῦ
2365 1042 2616 1111 Σωτῆρος
2650 1039 2993 1109 ἐνοχλοῦντος
3031 1039 3141 1099 τοῖς
3171 1037 3442 1096 ἐλεεινοῖς,
3478 1035 3644 1106 καιρὸν
3681 1034 3737 1089 εἷ·

2240 1151 2331 1203 χεν
2351 1136 2384 1203 ἡ
2415 1133 2755 1206 παραίνεσις.
2789 1132 2893 1182 Ἴδε
2922 1129 3031 1200 γὰρ
3069 1129 3165 1182 καὶ⁵
3199 1127 3375 1188 ἄλλως
3425 1126 3572 1178 πόσου
3599 1127 3739 1197 μώμου

2237 1227 2329 1279 τὸν
2359 1225 2644 1296 ἄνθρωπον
2693 1224 3049 1288 ἀπαλλάττει,
3099 1219 3342 1282 καὶπῶς
3386 1219 3593 1286 κόσμιον
3624 1219 3740 1272 αὐτὸν

2241 1319 2405 1370 ποιεῖ.
2437 1315 2616 1384 Πόσης
2665 1313 2774 1384 γὰρ
2805 1311 3068 1381 αἰσχύνης
3106 1309 3570 1379 άνάμεστον,ὃταν
3587 1309 3661 1361 τὸν
3690 1309 3741 1376 μὴ

2241 1409 2520 1481 πρέποντά
2563 1424 2644 1461 σοι
2701 1407 2862 1460 τόπον
2904 1405 3226 1476 ζητήσαντι,
3271 1396 3393 1453 εἶτα
3440 1400 3652 1462 ἐλθόντος
3677 1400 3742 1453 τοῦ

2240 1503 2610 1573 ὲντιμοτέρου,
2657 1502 2685 1553 δ
2720 1499 2956 1561 καλέσας
2990 1513 3049 1550 σε
3089 1497 3252 1567 εἴπῃ·
3298 1494 3396 1557 Δὸς
3425 1492 3584 1562 τούτῳ
3605 1495 3740 1556 τόπον,

2239 1596 2334 1648 καὶ
2361 1593 2519 1648 τοῦτο
2550 1592 2830 1654 πολλάκις,
2879 1591 2980 1643 καὶ
3013 1587 3315 1657 ύποῦαίνῃς
3351 1585 3448 1654 μὲν
3476 1584 3743 1648 summa.

2241 1705 2319 1741 νοι
2351 1686 2406 1740 δὲ
2433 1685 2834 1756 προεδρεύωσι;
2873 1683 3047 1735 Πόσου
3081 1681 3137 1734 δὲ
3169 1679 3394 1732 ἐπαίνου
3435 1676 3744 1741 άξιοντοὺναι-

2240 1781 2376 1842 τίον,
2405 1780 2533 1832 ὅταν
2561 1780 2588 1832 ὁ
2611 1778 2708 1846 τῆς
2739 1773 2962 1847 πρώτης
2997 1773 3267 1843 καθέδρας
3313 1767 3478 1836 ἄξιος,
3505 1769 3676 1832 ὑποδᾶς
3706 1769 3743 1832 ἐξ

2245 1874 2444 1946 ἀρχῆς,
2485 1867 2603 1924 εἶτα
2647 1867 2992 1940 προεδρεύων
3027 1864 3249 1936 εὑρεθῇ,
3289 1864 3502 1917 πάντων
3524 1861 3742 1930 ἐξισταμέ-

2246 1985 2350 2020 νων
2385 1962 2534 2035 αύτῷ
2575 1962 2683 2016 τῶν
2715 1959 3029 2030 πρωτείωνς
3055 1954 3204 2027 ’Λρα
3257 1956 3429 2026 μικρά
3469 1971 3543 2008 σοι
3589 1955 3743 2025 δοκεῖῄ

2245 2056 2466 2124 τοιαύτη
2495 2051 2589 2106 τοῦ
2638 2051 2844 2118 Κυρίου
2881 2047 3223 2118 παραίνεσις,
3279 2044 3380 2112 τὴν
3410 2043 3639 2114 μεγίστην
3667 2046 3742 2095 τῶν

2247 2146 2478 2220 ἀρετῶν,
2507 2146 2604 2215 τὴν
2631 2141 2961 2196 ταπείνωσιν
2981 2135 3401 2206 ύπογράφουσα,
3444 2137 3532 2187 καὶ
3554 2135 3648 2196 ταῖς
3669 2135 3744 2187 τῶν

2245 2239 2611 2312 ἀκροωμένων
2645 2236 2846 2305 ψυχαῖς
2877 2229 3285 2300 ὲγκαθιστῶσα,
3318 2230 3412 2282 καὶ
3455 2228 3574 2296 πρὸς
3604 2227 3650 2280 τὸ
3679 2227 3742 2278 είμ

2247 2350 2455 2405 σχημον
2485 2334 2692 2399 ἄγουσα
2712 2328 2871 2395 τότγε
2921 2325 3092 2392 αὐτῆς
3119 2324 3420 2388 ἀκούοντας
3445 2321 3565 2388 ὅπερ
3594 2314 3743 2374 οὖνκαὶ

2243 2427 2272 2477 ὁ
2295 2421 2530 2495 Χριστοῦ
2557 2419 2802 2492 μαθητὴς
2827 2415 3040 2481 Παῦλος
3063 2413 3291 2484 ὕστερον
3304 2409 3444 2474 εἷπε,
3473 2429 3490 2462 ι
3522 2411 3668 2464 Πάντα
3681 2411 3742 2460 εὐ-

2248 2515 2532 2586 σχημόνως
2570 2513 2667 2566 καὶ
2699 2510 2840 2564 κατὰ
2871 2510 3046 2576 τάξιν,
3071 2507 3222 2578 φησὶ,
3252 2503 3537 2572 γινέσθω.»
3566 2501 3660 2564 [ιὼς
3680 2496 3742 2552 ὧν

2247 2607 2406 2660 τοῦτο
2429 2604 2720 2674 γενήσεται
2744 2619 2758 2667 ;
2789 2601 2994 2670 Μηδεὶς
3021 2601 3082 2653 τὸ
3103 2597 3302 2652 ἑαυτοῦ
3328 2595 3564 2666 ζητείτω,
3587 2591 3740 2646 eum

2247 2696 2338 2750 τοῦ
2367 2696 2556 2765 ἑτέρου
2588 2693 2840 2756 ἕκαστος.
2881 2691 3046 2762 Ὀρᾷς
3072 2691 3163 2744 τὸν
3204 2688 3456 2761 μαθητὴν
3484 2685 3545 2738 τὰ
3571 2685 3676 2737 αὐτὰ
3690 2683 3739 2752 τῷ

2242 2789 2550 2845 διδασκάλω
2579 2786 2982 2855 φθεγγόμενον;
3008 2783 3082 2836 Τὸ
3102 2784 3178 2844 δὲ,
3211 2802 3230 2834 ι
3264 2783 3379 2844 Πᾶς
3402 2783 3431 2834 ὁ
3457 2779 3586 2849 ύψτῖιν
3609 2778 3740 2834 ἑαυτὸν

2247 2878 2767 2948 ταπεινωθήσεται,ι
2787 2891 2794 2903 '
2811 2876 2928 2938 πῶς
2953 2876 3249 2944 νοήσομενς
3283 2872 3394 2926 Καὶ
3421 2873 3522 2943 γὰρ
3548 2870 3688 2923 πολλοὶ
3704 2869 3742 2918 ὲν

2246 2973 2327 3043 τῷ
2359 2972 2459 3043 βίῳ
2489 2971 2665 3041 τούτῳ
2697 2969 2958 3038 ύψοῦντες
2997 2968 3251 3029 ἑαυτοὺς,
3271 2967 3435 3036 τιμῆς
3457 2963 3739 3018 ἀπολαύουσι·

563 3071 707 3127 milis
749 3072 808 3126 llt
839 3074 979 3142 apud
1014 3073 1200 3130 Deum.
1242 3074 1466 3146 Insuper
1493 3091 1597 3130 non
1641 3091 1812 3147 usque
1838 3078 1906 3132 ad
1954 3077 2139 3145 ﬁnem,

2245 3065 2528 3134 τοῦτομὲν
2559 3059 2652 3115 οὖν
2683 3061 2802 3114 ἐστι
2835 3060 2898 3114 se
2940 3058 3330 3114 ταπεινοῦσθαι
3350 3099 3364 3123 ,
3400 3061 3518 3112 ὅταν
3563 3074 3631 3119 τις
3650 3058 3741 3109 ἀπο-

564 3175 742 3233 ueque
764 3164 906 3233 apud
938 3180 1126 3221 omnes
1159 3167 1211 3221 in
1248 3167 1339 3221 tali
1382 3169 1588 3223 honore
1612 3177 1716 3232 est,
1745 3170 1840 3224 sed
1882 3178 2140 3240 quantum

568 3263 598 3305 a
635 3253 963 3324 quibusdam
999 3257 1345 3320 observatur,
1376 3268 1584 3312 tantum
1611 3259 1679 3314 ab
1705 3259 1825 3313 aliis
1857 3260 2144 3324 irridetur,

571 3354 626 3398 et
657 3359 1041 3416 nonnunquam
1079 3347 1145 3401 ab
1201 3349 1285 3402 his
1325 3365 1354 3403 a
1394 3351 1594 3419 quibus
1639 3352 1954 3405 honoratur.
2011 3349 2148 3406 Vera

567 3433 732 3505 igitur
761 3445 845 3490 est
889 3438 1181 3493 sententia.
1226 3438 1294 3494 Et
1337 3442 1524 3494 omnis
1551 3442 1803 3510 indignus
1852 3443 1993 3496 hanc
2046 3441 2148 3497 sibi

566 3524 954 3582 sublimitatem
997 3529 1302 3596 vindicans,
1327 3530 1721 3596 humiliabitur,
1747 3543 1800 3586 et
1821 3533 1958 3602 apud
1984 3535 2150 3589 Deum

567 3615 810 3685 quidem,
833 3620 1051 3686 quando
1086 3617 1330 3674 ultimum
1356 3620 1642 3690 judicium,
1667 3622 1718 3676 in
1743 3622 1852 3676 vita
1893 3635 2022 3677 vero
2049 3622 2150 3679 hac

569 3707 821 3762 maxime.
862 3708 1064 3763 Natura
1087 3709 1234 3764 enim
1268 3712 1445 3765 omnis
1489 3711 1650 3766 homo
1699 3711 1948 3781 indignus
1981 3713 2150 3768 subli-

567 3797 782 3853 mitate.
818 3799 1020 3856 Nullus
1049 3800 1215 3872 igitur
1237 3800 1557 3868 extollatur,
1584 3811 1641 3857 ut
1674 3817 1743 3858 ne
1772 3813 2014 3860 extreme
2044 3805 2146 3860 hu-

567 3890 772 3946 milietu
782 3907 826 3946 r.

644 4065 812 4124 Vens.
846 4067 1026 4124 12-15.
1068 4087 1087 4122 ι
1125 4069 1348 4125 Dicebat
1374 4081 1552 4127 autem
1584 4082 1637 4128 et
1665 4074 1711 4128 ei
1735 4074 1824 4144 qui
1865 4090 1924 4131 se
1952 4075 2148 4130 invita-

566 4167 725 4212 verat
761 4176 776 4214 :
801 4158 936 4213 Cum
964 4160 1096 4216 lacis
1119 4163 1407 4230 prandium
1434 4173 1525 4217 aut
1547 4177 1782 4228 coenam,
1810 4165 1924 4238 nuli
1956 4181 2149 4222 vocare

570 4248 774 4304 amicos
809 4256 966 4314 tuos,
1010 4267 1185 4320 neque
1233 4252 1433 4308 fratres
1463 4263 1623 4318 tuos,
1669 4271 1844 4326 neque
1889 4267 2148 4328 cognatos

571 4349 714 4406 tuos,
743 4354 924 4411 neque
947 4343 1153 4399 vicinos
1185 4347 1378 4400 divites
1401 4385 1417 4411 ,
1451 4348 1736 4416 nequando
1765 4359 1820 4422 e_t
1849 4350 1947 4418 ipsi
1989 4359 2041 4405 te
2064 4352 2142 4404 vi-

2254 3158 2391 3228 λαύῃ
2421 3156 2663 3217 πλείονος
2693 3155 2858 3224 τιμῆς
2888 3153 2946 3205 ἐν
2973 3151 3051 3222 τῷ
3079 3151 3271 3220 κόσμῳ
3300 3166 3316 3182 ο
3351 3151 3467 3204 τότε
3505 3150 3597 3220 γὰρ
3618 3147 3742 3209 ἄθλιος

2252 3250 2348 3303 καὶ
2381 3246 2635 3309 ταπεινὸς
2664 3245 2812 3316 παρά
2839 3242 2978 3313 Θεῷ.
2999 3243 3231 3295 Ἔπειτα
3247 3242 3310 3295 δὲ
3337 3245 3436 3295 οὐκ
3459 3242 3571 3310 ἄχρι
3593 3239 3740 3301 τέλους.

2252 3342 2374 3395 οὐδὲ
2411 3339 2561 3411 παρὰ
2613 3339 2780 3392 πᾶσιν
2820 3338 2850 3390 ὁ
2887 3335 3129 3398 τοιοῦτος
3190 3336 3440 3405 τιμᾶται,
3487 3333 3586 3386 ἀλλ’
3605 3332 3652 3384 ὲν
3671 3331 3743 3398 ὅσῳ

2249 3433 2461 3495 τούτοις
2505 3431 2733 3500 τιμᾶται
2755 3470 2770 3494 ,
2805 3430 3001 3482 ἐκεῖνοι
3043 3426 3393 3497 διασύρουσιν
3438 3426 3598 3490 αὐτὸν,
3629 3423 3655 3494 ἦ
3683 3424 3742 3473 καὶ

2250 3526 2410 3580 αὐτοὶ
2438 3524 2487 3577 oi
2518 3522 2807 3594 τιμῶντες.
2845 3520 3072 3592 Ἀληθὴς
3097 3519 3246 3591 οὖνὴ
3283 3519 3384 3589 τῆς
3413 3517 3635 3588 ἀληθείας
3651 3513 3742 3569 ἀπό-

2251 3635 2432 3689 φασις.
2471 3618 2580 3670 Καὶ
2615 3615 2724 3678 πᾶς
2753 3615 2782 3667 δ
2828 3613 3045 3677 ἀνάξιος
3101 3611 3274 3680 ὕψους
3297 3650 3312 3674 ,
3373 3609 3739 3680 σφετεριζόμενος

2252 3711 2434 3776 τοῦτο,
2463 3705 2954 3774 ταπεινωθήσεται,
3001 3705 3098 3757 καὶ
3152 3703 3309 3775 παρὰ
3338 3703 3416 3773 τῷ
3447 3701 3553 3772 Θεῷ
3575 3697 3741 3771 μὲν,6τι

2249 3803 2284 3872 ἡ
2313 3799 2599 3854 τελευταία
2637 3796 2842 3868 κρίσις,
2873 3797 2980 3850 κάν
3027 3795 3106 3865 τῷ
3150 3795 3251 3866 βίῳ
3296 3795 3355 3848 δὲ
3392 3793 3552 3863 τούτῳ
3584 3791 3739 3844 πάντων

2253 3892 2514 3964 μάλιστα⁹
2573 3887 2736 3958 φύσει
2780 3888 2837 3942 δὲ
2872 3889 2979 3951 πᾶς
3027 3885 3318 3959 ἄνθρωπος
3361 3884 3562 3950 ἀνάξιος
3605 3879 3737 3949 Wet.

2249 3984 2455 4057 Μηδεὶς
2481 3978 2578 4036 οὖν
2604 3979 2938 4051 ὲπαιρέσθω,
2974 3978 3062 4032 ἴνα
3099 3979 3176 4049 μὴ
3208 3976 3450 4048 ἐσχάτως
3479 3969 3736 4038 ταπεινωθῇ.

2325 4095 2345 4128 ι
2393 4075 2585 4143 Ἔλεγε
2608 4074 2665 4128 δὲ
2697 4071 2774 4142 τῷ
2797 4069 3086 4140 κεκληκότι
3114 4069 3303 4134 αὐτὸν,
3337 4069 3499 4122 Ὅταν
3521 4066 3646 4133 ποιῇς
3659 4063 3739 4130 ἁβ-

2250 4185 2374 4222 στον
2432 4168 2466 4238 ἢ
2513 4166 2728 4219 δεῖπνον
2755 4203 2769 4229 ,
2824 4164 2898 4234 μὴ
2937 4160 3105 4230 φώνει
3133 4161 3262 4224 τοὺς
3313 4160 3496 4228 φίλους
3526 4173 3620 4220 σου,
3645 4151 3737 4222 μηδὲ

2246 4258 2376 4320 τοὺς
2409 4253 2671 4323 ἀδελφούς
2709 4269 2802 4306 σου
2824 4289 2840 4315 ,
2874 4251 3009 4321 μηδὲ
3054 4250 3182 4313 τοὺς
3225 4249 3504 4316 συγγενεῖς
3531 4261 3625 4308 σου,
3645 4239 3738 4310 μηδὲ

2247 4350 2496 4417 γείτονας
2537 4345 2852 4409 πλουσίους,
2897 4343 3106 4413 μήποτε
3133 4341 3224 4394 καὶ
3253 4340 3409 4393 αὐτοί
3436 4355 3491 4391 σε
3527 4331 3736 4389 ἀντιιιαλὲ·

570 4430 756 4486 cissim
793 4433 1043 4498 imitent,
1074 4447 1137 4490 ac
1170 4438 1497 4506 rependatur
1533 4437 1627 4491 tibi
1661 4437 2002 4494 beneficium.
2037 4441 2140 4495 lmc

2256 4457 2411 4506 σωσι,
2444 4439 2540 4491 καὶ
2579 4434 2804 4505 γένηταί
2834 4449 2913 4487 σοι
2943 4430 3309 4500 ἀνταπόδομα,
3339 4428 3451 4482 ἀλλ’
3477 4429 3600 4504 ὅταν.
3629 4422 3735 4489 ποιῇς

569 4537 692 4577 cum
723 4522 860 4582 facis
889 4526 1222 4592 convivium,
1248 4542 1380 4583 voca
1413 4542 1695 4598 pauperes,
1745 4531 1969 4597 debiles,
1998 4535 2148 4586 clau-

571 4613 696 4680 dos,
733 4630 931 4682 caecos,
985 4628 1044 4673 et
1073 4619 1263 4674 beatus
1285 4620 1394 4674 eris
1433 4639 1448 4674 :
1479 4622 1606 4690 quia
1656 4634 1763 4675 non
1801 4633 2027 4691 possunt
2061 4639 2150 4678 re-

571 4707 804 4774 pendere
829 4708 926 4763 tibi
955 4726 971 4766 :
1002 4712 1333 4779 rependetur
1359 4711 1504 4766 enim
1535 4713 1627 4767 tibi
1665 4715 1716 4768 in
1749 4715 2152 4772 resurrectione

565 4796 862 4864 iustorum.
901 4797 1027 4855 [lare
1073 4816 1195 4856 cum
1227 4803 1468 4858 audisset
1499 4804 1714 4872 quidam
1760 4808 1826 4860 de
1860 4806 2020 4860 simul
2064 4820 2153 4861 ac-

569 4891 972 4956 cumbentibus,
1004 4892 1139 4945 dixit
1169 4891 1250 4946 illi
1281 4909 1295 4946 :
1329 4894 1530 4948 Beatus
1568 4895 1662 4964 qui
1705 4897 1942 4950 comedit
1990 4911 2153 4965 pran-

513 5037 523 5052 I
571 4981 717 5034 dium
749 4985 804 5036 in
840 4997 1003 5052 regno
1030 4983 1145 5038 Dei.
1180 5002 1199 5036 ι
1223 4983 1299 5038 Ex
1318 4985 1526 5040 duobus
1545 4986 1833 5055 generibus
1861 4989 2146 5042 constabat

571 5075 901 5139 convivium,
933 5090 1000 5130 ex
1025 5077 1254 5140 vocatis,
1283 5087 1339 5131 et
1368 5078 1451 5132 bis
1473 5079 1563 5145 qui
1594 5078 1882 5133 vocabant.
1917 5079 2149 5136 Vocate-

576 5181 697 5221 rum
727 5182 898 5237 genus
931 5168 1136 5224 salubri
1161 5170 1532 5225 admonitione
1561 5171 1628 5224 ad
1663 5171 2020 5226 humilitatem
2067 5172 2150 5226 in-

574 5254 838 5320 duxerat,
887 5266 941 5312 et
987 5257 1293 5312 convivium
1334 5260 1556 5314 minime
1611 5267 1988 5327 sumptuosum
2045 5261 2152 5317 illis

577 5355 955 5417 proposuerat.
985 5345 1142 5404 Nunc
1175 5358 1230 5405 et
1263 5349 1316 5404 in
1346 5364 1469 5405 eum
1521 5351 1613 5422 qui
1654 5364 1957 5418 vocaverat,
1993 5353 2154 5408 vicis-

575 5439 678 5492 sim
713 5437 1090 5495 liberalitatem
1117 5456 1270 5497 suam
1297 5455 1516 5500 exercet
1541 5461 1553 5497 :
1575 5454 1631 5499 et
1647 5445 2016 5500 admonitione
2032 5445 2154 5500 red-

578 5524 790 5595 iuvitat,
817 5527 1242 5598 abducenseum
1268 5546 1352 5602 .ne
1381 5533 1626 5588 convivia
1656 5533 1899 5590 instituat
1934 5535 2152 5592 humani

651 5707 698 5741 “
720 5706 852 5764 Luc.
886 5725 1039 5778 xvm,
1077 5712 1164 5767 M.

2247 4531 2434 4602 δοχὴν,
2485 4529 2714 4583 κάλεσον
2747 4525 2998 4594 πτωχοὺς
3017 4563 3032 4588 ,
3069 4523 3387 4592 ἀναπήρους
3413 4561 3428 4585 ,
3456 4517 3654 4589 χωλοὺς,
3676 4529 3734 4564 τυ·

2249 4622 2433 4693 φλοὺς,
2486 4621 2582 4674 καὶ
2614 4619 2888 4690 μακάριος
2934 4617 3054 4686 ἔσῃ,
3091 4614 3172 4667 ὅτι
3203 4611 3305 4665 οὑκ
3332 4612 3531 4681 ἔχουσιν
3568 4611 3735 4662 ἀνταπο-

2247 4712 2429 4768 δοῦναί
2453 4728 2555 4765 σοι’
2587 4707 3081 4778 ἀνταποδοθήσεται
3111 4704 3217 4774 γάρ
3255 4717 3337 4755 σοι
3363 4702 3420 4755 ὲν
3439 4702 3498 4772 τῇ
3521 4695 3735 4752 ἀναστάσει

2245 4807 2356 4861 τῶν
2389 4804 2633 4860 δικαίων.
2694 4800 2958 4862 Ἀκούσας
3001 4797 3056 4850 δέ
3084 4812 3168 4858 τις
3201 4793 3312 4847 τῶν
3348 4787 3735 4856 συνανακειμένων

2249 4896 2402 4952 εἶπεν
2435 4895 2602 4965 αὐτῷ’
2635 4893 2926 4963 Μακάριος
2955 4889 3015 4952 ὃς
3039 4890 3270 4970 φάγεται
3299 4884 3510 4955 ἄριστον
3540 4881 3590 4970 ἐν
3608 4878 3658 4946 τῇ
3678 4873 3736 4970 βξ

2247 4987 2423 5060 σιλείᾳ
2449 4962 2722 5040 τοῦ-Θεοῦ.
2757 5002 2775 5036 ι
2815 4962 2912 5036 Ἕκ
2940 4980 3087 5034 δυοῖν
3115 4962 3302 5048 μεροῖν
3335 4969 3650 5042 συγκειμένου

2247 5052 2486 5140 δείπνου,
2511 5075 2619 5128 τῶν
2668 5091 2730 5128 τε
2761 5071 3071 5128 καλούντων
3105 5068 3198 5123 καὶ
3233 5065 3341 5119 τῶν
3369 5060 3679 5133 καλουμένη),
3699 5052 3736 5104 ib

2255 5171 2352 5240 μὲν
2384 5169 2493 5222 τῶν
2525 5166 2873 5236 καλουμένων
2915 5163 3080 5235 μέρος
3127 5163 3264 5232 ἔφθη
3307 5160 3394 5216 διὰ
3433 5149 3732 5227 παραινέσεως

2253 5265 2335 5327 εἰς
2367 5262 2464 5332 τὴν
2515 5261 2777 5331 σωτήριον
2825 5253 3324 5328 ταπεινοφροσύνην
3377 5241 3730 5332 χειραγωγήπαις.

2254 5357 2348 5409 καὶ
2371 5327 2502 5424 adiuv
2522 5327 2707 5414 αύτοίς
2730 5349 3074 5420 ἁδαπάνητον
3094 5327 3355 5417 παραθεὶς
3377 5384 3392 5410 ,
3416 5331 3646 5424 λοιπὸν
3672 5327 3732 5378 τὸν

2259 5422 2566 5500 καλέσαντα
2614 5441 3127 5512 ἀντιφιλοτιμεῖται,
3179 5437 3272 5491 καὶ
3313 5433 3401 5488 διά
3439 5422 3732 5503 παραινέσεως

2258 5539 2536 5610 ἀνθεστιᾷ,
2566 5536 2794 5606 ἀπάγων
2838 5534 2998 5589 αὑτὸν
3026 5532 3122 5586 τοῦ
3154 5530 3243 5586 διά
3269 5545 3385 5582 τινα
3419 5525 3561 5598 χάριν
3584 5515 3731 5584 ἀνθρω-
