3896 6452
472 287 580 350 935
1401 281 1978 342 THEOPIIYLACTI
2021 279 2438 341 BULGARIIE
2474 277 2829 341 ARCHIEI‘.
3592 278 3679 342 936

471 406 524 455 et
572 392 728 466 quasi
758 391 822 446 ad
859 405 1134 462 vesperam
1170 389 1348 446 smculi
1382 391 1523 445 venit
1554 391 1830 446 Dominus.
1868 391 2048 460 Magna

2159 389 2448 460 ἄνθρωπον
2480 388 2643 442 αὐτὸν
2666 387 2912 457 ὠνόμασε
2939 400 2954 415 ⁸
2989 384 3200 438 δεῖπνον
3236 385 3288 439 δέ
3328 385 3466 453 μέγα
3492 389 3681 444 ἐκάλεσε

469 495 649 541 autem
685 497 837 539 cmna
867 483 1002 544 hinc.
1051 483 1303 552 quoniam
1354 496 1421 536 ex
1463 481 1714 537 confesso
1789 496 2043 551 maguum

2159 479 2244 551 τὴν
2265 481 2580 549 οἰκονομίαν
2615 477 2842 547 ταύτην,
2883 476 3096 530 δεῖπνον
3119 477 3239 546 μὲν,
3260 478 3446 546 ἐπειδὴ
3467 478 3521 530 ἐν
3547 480 3683 551 ἐσχά-

470 590 554 634 est
571 581 759 634 salutis
777 585 976 633 nostrae
1007 577 1348 648 mysterium.
1378 575 1442 630 Et
1471 575 1622 630 misit
1646 589 1860 629 servum
1896 575 2043 628 illum

2159 589 2256 634 τοις
2293 571 2524 641 καιροῖς,
2554 569 2647 622 καὶ
2676 565 2789 620 οἷον
2816 567 2909 618 ἐπὶ
2933 566 3165 636 δυσμαῖς
3199 567 3291 620 τοῦ
3335 567 3522 632 αἰῶνος
3550 565 3683 641 ἦλθεν

472 687 626 724 suum
659 671 786 724 hora
817 683 1006 722 οωηιε.
1039 668 1170 735 Quis
1201 678 1280 723 est
1304 681 1493 724 servus
1530 665 1654 720 ille?
1676 665 1726 720 Is
1759 665 1848 736 qui
1875 665 2044 719 forma

2159 665 2178 716 5
2231 661 2452 732 Κύριος.
2504 661 2695 730 Μέγας
2735 659 2792 712 δὲ
2831 660 2859 712 6
2894 660 3108 721 δεῖπνος
3149 652 3322 725 οὗτος,
3387 662 3564 734 ἐπειδὴ
3611 668 3687 719 καὶ

473 765 612 818 servi
638 773 938 833 assumpta,
975 761 1141 816 Filius
1175 762 1264 816 Dei
1305 762 1466 815 homo
1500 759 1672 813 Iactus
1705 767 1760 812 et
1792 768 1850 812 ut
1886 758 2047 812 homo

2159 753 2597 824 δμολογουμένως
2638 753 2781 822 μέγα
2802 750 2862 803 τὸ
2891 751 2990 820 τῆς
3025 751 3298 821 σωτηρίας
3332 751 3486 822 ἡμῶν
3513 758 3684 825 μυστή-

477 857 676 910 missus
711 869 831 910 esse
868 854 1081 908 dicitur.
1118 853 1348 907 Attende
1377 850 1645 919 quomodo
1677 863 1780 903 non
1826 848 2046 911 dixerit,

2159 867 2266 920 ριον
2289 865 2304 880 θ
2337 849 2432 901 καὶ
2469 845 2756 900 ἀπέστειλε
2814 847 2906 898 τὸν
2955 843 3146 897 δοῦλον
3187 843 3353 896 αὐτοῦ
3389 847 3454 913 τῇ
3491 843 3598 914 ὥρα
3616 847 3688 898 τοῦ

473 960 711 1008 servum,
745 943 836 998 sed
865 961 982 997 cum
1015 943 1266 1006 articulo,
1290 956 1501 996 servum
1526 939 1671 994 illum
1695 953 1871 992 suum.
1898 937 2047 990 Illum

2159 943 2386 995 Βείπνου.
2435 940 2530 1004 Τίς
2573 943 2721 992 ἐστιν
2763 933 2916 1001 οὗτος
2949 938 2978 989 6
3005 935 3220 1000 δοῦλοςς
3254 935 3312 988 ’0
3360 937 3457 1004 τὴν
3512 941 3690 1006 μορφὴν

475 1034 690 1103 proprie
709 1033 864 1096 dixit,
883 1034 972 1100 qui
999 1033 1152 1101 juxta
1189 1030 1416 1084 formam
1445 1031 1730 1082 humanam
1758 1026 1804 1080 ei
1828 1023 2048 1096 placuit,

2159 1034 2245 1087 τοῦ
2269 1033 2458 1087 δούλου
2485 1030 2768 1086 ἀναλαϐὼν
2793 1031 2822 1082 6
2856 1029 2982 1092 Υἱὸς
3014 1028 3108 1081 τοῦ
3131 1027 3286 1090 Θεοῦ,
3325 1027 3596 1096 ἄνθρωπος
3627 1047 3692 1097 γε·

476 1133 528 1177 et
561 1124 800 1178 servivit.
826 1121 942 1176 Non
971 1123 1116 1176 enim
1151 1131 1205 1175 ut
1234 1120 1401 1174 Filius
1418 1127 1472 1173 et
1497 1119 1634 1172 Deus
1656 1127 1860 1171 tantum
1889 1116 2048 1168 bene-

2159 1128 2396 1196 νόμενος,
2450 1126 2544 1177 καὶ
2573 1125 2648 1187 ὡς
2680 1123 2964 1193 ἄνθρωπος
2996 1121 3369 1191 ἀποσταλῆναι
3418 1121 3691 1189 λεγόμενος.

484 1217 713 1286 placitus
735 1225 816 1269 est
849 1213 1019 1277 Patri,
1049 1213 1142 1267 sed
1173 1221 1226 1265 et
1250 1212 1386 1265 sicut
1413 1211 1573 1265 homo
1596 1210 1710 1278 ipse
1755 1213 1900 1264 solus
1934 1213 2048 1264 siue

2159 1221 2394 1291 Πρόσχες
2423 1219 2480 1271 δέ
2505 1218 2620 1280 πῶς
2639 1219 2739 1269 οὐκ
2767 1213 2908 1279 εἷπε,
2932 1213 3137 1280 δοῦλον,
3180 1214 3318 1266 ἀλλά
3349 1213 3484 1282 μετά
3507 1213 3589 1265 τοῦ
3615 1215 3693 1286 ἀρ-

476 1317 718 1376 peccato,
752 1307 1000 1361 omnibus
1029 1303 1269 1374 paternis
1303 1302 1544 1356 consiliis
1574 1311 1629 1355 et
1660 1301 1928 1356 mandatis
1952 1301 2048 1355 mi-

2159 1310 2307 1379 θρου,
2338 1307 2428 1361 τὸν
2455 1307 2665 1370 δοῦλον,
2693 1306 2784 1360 τὸν
2813 1305 3044 1376 κυρίως,
3079 1306 3265 1372 φησιν,
3304 1302 3456 1374 αὐτῷ
3490 1309 3614 1372 κατὰ
3650 1307 3694 1356 τὸ

415 1388 426 1402 ’
478 1403 731 1456 nistravit
758 1411 806 1454 et
843 1399 1018 1469 paruit
1053 1417 1066 1452 :
1098 1408 1151 1452 et
1195 1396 1356 1467 397
1385 1394 1615 1464 implens
1649 1409 1862 1449 onmem
1891 1395 2048 1465 justi-

2159 1398 2490 1469 ἀνθρώπινον
2550 1397 2994 1468 εὐαρεστήσαντα
3021 1394 3114 1446 καὶ
3146 1389 3203 1447 εὖ
3232 1392 3601 1446 δουλεύσαντα.
3632 1394 3690 1446 Οὐ

480 1492 634 1556 tiam,
660 1491 863 1545 servire
885 1491 1080 1545 dicitur
1109 1489 1214 1543 Deo
1239 1499 1293 1542 et
1322 1487 1466 1542 Patri
1500 1505 1513 1540 :
1537 1488 1656 1540 ideo
1685 1495 1738 1541 et
1764 1488 1878 1556 ipse
1903 1486 2048 1542 solus

2159 1493 2316 1562 μόνον
2341 1491 2449 1561 γὰρ
2482 1490 2616 1543 καθὸ
2645 1489 2771 1552 Υἱὸς
2801 1488 2894 1540 xui.
2919 1486 3054 1549 Θεὸς
3099 1484 3397 1555 εὐάρεστος
3433 1484 3508 1553 τῷ
3535 1485 3694 1555 Πατρὶ.

478 1583 689 1650 proprie
715 1597 900 1635 servus
923 1581 1012 1633 Dei
1037 1579 1249 1633 dicitur.
1287 1578 1427 1631 liora
1461 1589 1640 1632 autem
1663 1592 1830 1632 omne:
1853 1577 2048 1631 missus

2159 1583 2286 1636 ἀλλά
2325 1581 2419 1635 καὶ
2455 1581 2589 1634 καθὸ
2624 1578 2929 1652 ἄνθρωπος,
2960 1577 3121 1640 αὐτὸς
3143 1577 3304 1648 μόνος
3335 1579 3696 1648 ἀναμαρτήτως

474 1685 593 1738 est,
632 1674 732 1726 hoc
780 1678 865 1726 est
914 1671 1136 1726 deﬁnito
1179 1680 1232 1724 et
1281 1681 1584 1740 Opportuuo
1619 1679 1880 1738 tempore.
1929 1666 2046 1724 Non

2159 1676 2356 1736 πάσαις
2391 1676 2512 1737 ταῖς
2545 1672 2638 1726 τοῦ
2672 1673 2882 1743 Πατρὸς
2918 1670 3134 1742 βουλαῖς
3198 1671 3293 1724 καὶ
3322 1670 3556 1734 ἐντολαῖς
3583 1673 3696 1741 ὑπη-

475 1765 617 1819 euim
655 1764 797 1817 aliud
845 1774 1055 1833 tempus
1105 1764 1440 1818 commodius
1476 1760 1578 1816 fuit
1616 1761 1773 1815 salut’i
1829 1771 2048 1827 nostra‘,

2159 1768 2411 1840 ρετήσας,
2448 1767 2545 1819 καὶ
2575 1765 2869 1836 πληρώσας
2905 1765 3086 1816 πᾶσαν
3115 1762 3492 1830 δικαιοσύνην,
3519 1763 3698 1815 δουλεῦ-

476 1869 636 1922 quam
659 1869 763 1922 quo
795 1857 1053 1923 regnabat
1075 1852 1253 1907 Ctesar
1282 1853 1580 1920 Augustus,
1611 1867 1733 1905 cum
1771 1852 1820 1904 iu
1843 1866 2048 1906 summo

2159 1877 2246 1912 σαι
2278 1857 2493 1926 λέγεται
2521 1855 2599 1924 τῷ
2619 1855 2735 1926 Θεῴ
2765 1857 2860 1908 καὶ
2883 1855 3075 1924 Πατρὶ,
3103 1854 3182 1907 διὸ
3206 1858 3302 1907 καὶ
3327 1855 3525 1926 κυρίως
3545 1855 3697 1919 δοῦλος

476 1955 622 2000 esset
649 1945 874 2008 malitia,
909 1959 1069 2014 quam
1107 1944 1314 1998 destrui
1362 1943 1669 2013 oportebat.
1714 1943 1865 1997 Sicut
1907 1943 2048 1996 cnim

2159 1949 2248 2004 τοῦ
2303 1948 2438 2002 Θεοῦ
2469 1948 2630 2010 αὐτὸς
2659 1947 2724 2001 ἂν
2765 1946 2978 2014 λέγοιτο
3019 1947 3200 2016 μόνος.
3249 1948 3332 2018 Τῇ
3374 1947 3491 2018 ὥρα
3536 1947 3584 2000 δὲ
3624 1949 3696 2001 τοῦ

480 2037 673 2092 medici
705 2039 891 2090 sinunt
929 2037 980 2090 iu
1014 2036 1137 2090 salvi
1179 2035 1348 2090 morbi
1385 2035 1654 2090 ulceribus
1694 2035 1891 2088 malum
1940 2049 2048 2088 om-

2159 2042 2371 2096 δείπνου
2401 2039 2704 2109 ἀπεστάλη,
2737 2039 3038 2101 τουτέστιν,
3074 2041 3130 2090 ἐν
3184 2036 3264 2109 τῷ
3318 2038 3598 2109 ὡρισμένῳ
3625 2043 3696 2092 καὶ

482 2143 602 2182 nem
644 2128 925 2180 humorem
959 2141 1269 2196 erumpere,
1301 2136 1356 2180 et
1381 2125 1575 2181 deinde
1610 2125 1845 2181 remedia
1891 2140 2048 2195 appo«

2159 2131 2456 2202 ἐπιτηδείῳ
2491 2130 2688 2201 καιρῷ.
2722 2131 2855 2184 Οὐδὲ
2871 2131 2975 2203 γὰρ
3005 2129 3163 2194 ἄλλος
3190 2131 3385 2199 καιρὸς
3413 2126 3480 2202 ἦν
3506 2131 3590 2200 τῆς
3615 2147 3698 2182 σω-

479 2228 648 2273 nuut:
676 2218 745 2273 ita
769 2225 823 2271 et
846 2225 1125 2287 peccatum
1155 2217 1438 2287 oportebat
1467 2231 1655 2272 omnes
1687 2233 1814 2272 suas
1849 2217 2048 2287 species

2159 2222 2356 2293 τηρίας
2382 2220 2542 2292 ἡμῶν
2589 2219 3043 2290 ἐπιτηδειότερος,
3078 2220 3110 2288 ἢ
3159 2221 3373 2283 ἐκεῖνος
3405 2222 3434 2272 6
3463 2219 3589 2273 κατά
3624 2218 3697 2288 τὴν

479 2311 758 2378 iudicare,
814 2321 869 2364 et
917 2309 1117 2364 deinde
1168 2325 1421 2380 magnum
1479 2311 1749 2366 medicum
1782 2311 2048 2382 imponere

2159 2311 2253 2365 τοῦ
2293 2310 2607 2380 Αὐγούστου
2635 2310 2907 2378 Καίσαρος
2938 2308 3238 2379 βασιλείαν,
3272 2309 3369 2361 ὅτε
3406 2309 3699 2380 κορυφωθεί-

479 2404 794 2473 pharm‘aca.
833 2403 898 2458 Et
930 2413 1215 2474 prapterea
1251 2403 1584 2473 exspectavit
1614 2403 1859 2460 Christus
1887 2405 2048 2460 donec

2162 2421 2262 2458 σαν
2286 2404 2383 2476 τὴν
2437 2402 2632 2456 κακίαν
2665 2401 2773 2454 ἔδει
2803 2399 3222 2472 καθαιρεθῆναι.
3259 2399 3480 2468 ’Ὠσπερ
3503 2401 3600 2469 γὰρ
3637 2399 3700 2452 νιε-

482 2495 727 2548 diabolus
746 2495 964 2548 malitiae
984 2509 1290 2548 mensuram
1316 2494 1582 2564 impleret,
1615 2507 1667 2549 et
1688 2504 1813 2550 tunc
1840 2496 2048 2548 demum

2163 2513 2312 2566 σημα
2335 2494 2586 2558 ὓπουλον,
2639 2493 2730 2546 καὶ
2767 2491 3040 2563 κακόηθες
3073 2491 3233 2544 ἐῶσιν
3260 2493 3313 2544 οἰ
3355 2491 3530 2561 ἰατροὶ
3557 2492 3698 2544 πάντα

482 2587 795 2642 incarnatus
818 2594 918 2652 est,
954 2596 1007 2641 et
1035 2603 1196 2644 omne
1223 2602 1393 2655 genus
1427 2586 1644 2640 malitiae
1671 2602 1766 2654 per
1812 2597 2048 2640 sanctam

2160 2588 2252 2640 τὸν
2290 2586 2526 2657 πονηρὸν
2558 2587 2732 2657 χυμὸν
2760 2586 3011 2657 ἐκρῆξαι,
3044 2578 3144 2637 εἶθ’
3179 2582 3360 2646 οὓτως
3393 2584 3490 2647 τὰς
3517 2599 3697 2652 φαρμα-

481 2680 644 2733 vitam
674 2694 828 2734 suam
856 2682 1084 2734 sanavit.
1115 2679 1306 2734 Missus
1331 2689 1417 2734 est
1437 2679 1601 2749 igitur
1624 2680 1779 2743 hora,
1826 2680 1930 2734 hoc
1974 2687 2048 2736 est

2162 2677 2313 2740 κείας
2336 2677 2657 2744 ἐπάγουσιν,
2689 2674 2862 2739 οὕτως
2885 2676 2980 2728 καὶ
2999 2674 3098 2746 τὴν
3125 2674 3412 2746 ἁμαρτίαν
3434 2675 3535 2727 ἔδει
3561 2675 3697 2727 πάντα

482 2779 783 2838 opportuno
830 2776 883 2823 et
916 2769 1266 2824 accommodo
1305 2777 1546 2838 tempore
1572 2807 1588 2835 ,
1639 2769 1779 2823 sicut
1806 2779 1858 2822 et
1892 2769 2048 2823 David

2161 2770 2230 2823 τὰ
2260 2771 2444 2822 οἰκεῖα
2484 2769 2681 2838 ἑαυτῆς
2715 2769 2832 2838 εἴδη
2868 2767 3260 2831 ἐπιδείξασθαι,
3297 2763 3424 2818 εἶτα
3453 2766 3536 2818 τὸν
3561 2764 3698 2833 μέγαν

484 2861 648 2916 dicit:
683 2878 702 2913 ι
739 2860 1037 2931 Accingere
1062 2861 1239 2930 gladio
1274 2871 1364 2916 tuo
1412 2877 1573 2931 super
1614 2861 1790 2918 l‘emur
1835 2872 1984 2916 tuum
2013 2862 2048 2894 ⁶⁴

2169 2862 2349 2934 ἰατρὸν
2372 2862 2642 2914 ἐπιθεῖναι
2675 2861 2736 2912 τὸ
2769 2861 3082 2931 φάρμακον.
3143 2859 3242 2912 Διά
3279 2859 3447 2911 τοῦτο
3479 2857 3538 2927 δὴ
3581 2873 3698 2926 περι-

483 2961 729 3019 potenter
760 2970 778 3002 ›
813 2952 1234 3021 tempeStivitate
1265 2963 1376 3009 tua.
1405 2952 1639 3009 Omnino
1661 2953 1805 3009 enim
1826 2953 2048 3024 gladius,

2165 2955 2378 3025 έμεινεν
2405 2954 2432 3004 6
2456 2954 2659 3023 Κύριος
2678 2952 2736 3006 τὸ
2762 2953 2960 3023 μέτρον
2985 2954 3084 3022 τῆς
3115 2952 3316 3014 κακίας
3349 2950 3613 3021 πληρῶσαι
3632 2950 3699 3000 τὸν

480 3045 706 3096 verbum
741 3042 834 3098 Dei
868 3061 882 3098 :
925 3058 1021 3112 per
1065 3044 1242 3099 femur
1270 3055 1448 3099 autem
1490 3045 1746 3100 nativitas
1794 3045 1846 3100 in
1889 3060 2048 3101 carne

2163 3045 2430 3110 διάϐολον,
2465 3047 2561 3098 καὶ
2585 3044 2756 3107 οὕτως
2783 3042 3086 3115 σαρκωθεὶς
3118 3043 3227 3097 πᾶν
3257 3040 3404 3105 εἶδος
3432 3043 3612 3104 κακίας
3635 3041 3700 3092 διὰ

480 3134 835 3206 signiﬁcatur,
857 3150 976 3206 quae
990 3137 1252 3209 contingit
1274 3136 1328 3192 in
1359 3137 1801 3209 tempestivitate,
1831 3141 1934 3193 hoc
1967 3146 2048 3194 est

2166 3137 2348 3208 πάσης
2385 3137 2483 3206 τῆς
2533 3135 2694 3204 ἀγίας
2748 3135 2911 3188 αὐτοῦ
2963 3134 3239 3199 πολιτείας
3285 3134 3560 3200 ἐξιάσατο.
3604 3132 3701 3185 ‘Ar,

482 3225 805 3302 In'tempore
849 3237 1176 3296 opportuno.
1217 3228 1410 3284 Missus
1461 3243 1588 3284 vero
1639 3237 1720 3284 est
1755 3237 1813 3282 ut
1847 3229 2048 3286 diceret

2166 3227 2367 3296 εστάλη
2385 3223 2477 3281 οὐν
2501 3228 2558 3280 ἐν
2579 3225 2721 3297 ὥρᾳ,
2739 3227 3007 3292 τουτέστι,
3027 3226 3104 3291 τῷ
3131 3226 3320 3297 ὡραίῳ
3352 3227 3444 3280 καὶ
3462 3224 3700 3293 ἐπιτηδείῳ

483 3315 742 3371 invitatis.
779 3304 880 3383 Qui
932 3326 1059 3372 suut
1107 3318 1161 3372 hi
1202 3319 1292 3388 qui
1345 3321 1516 3374 vocati
1569 3319 1731 3375 sunt?
1778 3318 2048 3376 Fortassis

2167 3323 2366 3395 καιρῷ,
2395 3320 2536 3376 καθά
2573 3321 2666 3374 καὶ
2689 3319 2850 3374 Δαυῒδ
2871 3319 3018 3389 λέγει
3055 3337 3069 3352 ο
3110 3318 3456 3390 «Περίζωσαι
3476 3317 3566 3387 τὴν
3594 3317 3698 3386 ῥομ-

481 3422 670 3462 omnes
702 3408 970 3464 homines.
1003 3410 1202 3464 Omnes
1231 3410 1375 3464 enim
1416 3410 1627 3464 vocavit
1675 3411 1817 3466 Deus
1871 3412 1938 3465 ad
1968 3409 2048 3465 sui

2167 3415 2332 3484 φαὲαν
2360 3430 2475 3480 σου,
2499 3411 2592 3465 ἐπὶ
2619 3411 2711 3465 τὸν
2747 3412 2921 3482 μηρόν
2943 3428 3066 3477 σου,
3085 3411 3278 3464 δυνατέ
3309 3429 3329 3461 ι
3359 3412 3426 3480 τῇ
3455 3405 3702 3480 ὡραιότητί

483 3501 834 3568 agnitionem,
875 3502 1074 3570 partim
1114 3516 1208 3570 per
1240 3503 1546 3556 ordinatam
1593 3502 1882 3557 visibilium
1925 3517 2048 3559 con-

2168 3523 2262 3559 σου
2283 3521 2297 3534 °
2327 3506 2542 3568 πάντως
2566 3503 2673 3574 γάρ
2703 3503 2949 3574 ῥομφαία
2985 3503 3083 3573 μὲν
3107 3504 3136 3556 6
3168 3503 3333 3570 λόγος
3359 3501 3453 3554 τοῦ
3471 3498 3610 3561 θεοῦ,
3632 3497 3699 3549 διὰ

485 3592 848 3658 stitutiouem,
884 3593 1081 3662 partim
1117 3609 1211 3663 per
1237 3593 1532 3648 naturalem
1559 3593 1728 3665 legem
1759 3611 1771 3648 :
1810 3593 2048 3650 fortassis

2167 3597 2260 3650 τοῦ
2305 3595 2478 3668 μηροῦ
2505 3595 2563 3648 δὲ
2617 3596 2650 3664 ἡ
2701 3597 2759 3648 ἐν
2800 3595 2963 3666 σαρκὶ
2991 3594 3203 3662 γένεσις
3237 3593 3580 3664 σημαίνεται,
3606 3590 3701 3660 ἣτις

484 3694 666 3743 autem
698 3685 867 3754 magis
907 3685 1122 3756 proprie
1177 3683 1465 3751 Israelitas,
1517 3685 1609 3755 qui
1643 3701 1738 3754 per
1777 3688 1943 3754 legem
2002 3694 2048 3741 et

2179 3691 2248 3760 τῇ
2284 3687 2580 3758 ὡραιότητι
2629 3687 2866 3755 ἐγένετο,
2895 3687 3196 3752 τουτέστιν,
3242 3688 3300 3739 ἐν
3350 3685 3428 3756 τῷ
3459 3683 3702 3753 ἐπιτηδείῳ

489 3774 780 3846 prophetas
807 3776 980 3829 vocati
1007 3774 1244 3830 luerunt.
1281 3775 1360 3829 Ad
1387 3775 1508 3829 illos
1551 3777 1716 3846 igitur
1745 3778 1940 3832 missus
1971 3788 2048 3834 est

2170 3787 2368 3851 καιρῷ.
2389 3779 2699 3850 Ἀπεστάλη
2724 3779 2781 3832 δὲ
2805 3781 2979 3832 εἰπεῖν
3014 3781 3126 3842 τοῖς
3160 3779 3536 3849 κεκλημένοις.
3579 3773 3701 3832 Τίνες

485 3870 718 3938 primum
747 3867 1025 3934 Dominus,
1081 3868 1156 3922 uti
1215 3868 1282 3922 ad
1320 3885 1448 3925 oves
1478 3871 1668 3926 domus
1706 3869 1893 3928 Israel.
1939 3872 2048 3941 Ipse

2168 3872 2225 3926 δέ
2253 3874 2388 3926 εἰσιν
2410 3867 2557 3926 οὗτοι
2586 3871 2636 3924 οι
2668 3871 3026 3942 κεκλημένοι;
3069 3871 3223 3940 Τάχα
3263 3870 3368 3940 μὲν
3409 3871 3501 3922 καὶ
3540 3869 3699 3926 πάντες

485 3961 630 4015 enim
663 3962 877 4016 dicebat
905 3977 920 4015 :
958 3961 1169 4030 Venite,
1187 3964 1312 4034 quia
1344 3972 1526 4031 parata
1553 3963 1662 4033 jam
1693 3972 1818 4018 sunt
1851 3963 2048 4018 omnia.

2167 3963 2464 4036 ἄνθρωποι·
2504 3965 2710 4028 πάντας
2738 3963 2847 4033 γάρ
2873 3962 3128 4016 ἐκάλεσεν
3153 3964 3180 4015 6
3219 3961 3352 4025 Θεὸς
3386 3962 3464 4024 είς
3490 3959 3576 4030 τὴν
3606 3956 3698 4010 ἐπί-

490 4051 662 4122 I’rope
687 4055 828 4108 enim
856 4068 976 4108 esse
1012 4070 1234 4124 regnum
1275 4055 1368 4110 Dei
1409 4057 1475 4122 ⁸⁷,
1500 4055 1751 4110 omnibus
1783 4055 2048 4125 evangeli-

2165 4074 2364 4126 γνωσιν
2394 4055 2582 4121 αὐτοῦ,
2617 4055 2776 4110 τοῦτο
2809 4055 2908 4124 μὲν
2936 4054 3024 4108 διά
3049 4056 3145 4124 τῆς
3185 4054 3295 4107 τῶν
3325 4053 3602 4124 δρωμένων
3626 4049 3695 4101 εὖ·

490 4145 649 4198 zabat
675 4143 954 4210 Dominus,
985 4153 1038 4200 et
1068 4145 1208 4200 intra
1231 4161 1344 4202 vos.
1373 4146 1443 4202 At
1470 4147 1544 4202 illi
1560 4157 1841 4216 cmperunt
1870 4147 2048 4212 simul,

2166 4151 2377 4215 ταξίας,
2400 4149 2557 4202 τοῦτο
2581 4148 2638 4202 δέ
2663 4148 2748 4202 διὰ
2768 4147 2862 4200 τοῦ
2896 4147 3128 4216 φυσικοῦ
3159 4147 3328 4216 νόμου
3351 4163 3365 4176 ·
3411 4145 3543 4214 τάχα
3570 4144 3616 4196 δέ
3640 4143 3699 4194 oi-

488 4233 540 4286 id
568 4242 650 4287 est
689 4249 753 4288 ex
778 4238 1098 4305 composito,
1130 4252 1412 4292 excusare.
1441 4237 1645 4294 Omnes
1678 4240 1820 4294 enim
1853 4241 2048 4306 princi-

2168 4242 2444 4313 κειότερον
2471 4242 2519 4294 οἱ
2574 4240 2631 4306 ἐξ
2670 4239 2882 4311 Ἰσραὴλ
2907 4280 2922 4304 ,
2963 4239 3011 4292 οἳ
3042 4239 3130 4292 διά
3181 4239 3275 4291 1:05
3306 4239 3474 4308 νόμου
3506 4239 3586 4289 καὶ
3617 4233 3697 4285 τῶν

486 4337 582 4394 pes
619 4324 923 4381 Iudaeorum
955 4328 1330 4385 detrectabant
1373 4329 1556 4386 Iesum
1593 4331 1796 4386 habere
1849 4346 2048 4402 regem,

2169 4333 2465 4404 προφητῶν
2509 4330 2818 4402 ἐκλήθησαν
2854 4345 2869 4360 ·
2914 4332 2994 4390 εἰς
3041 4329 3262 4393 τούτους
3315 4329 3412 4382 οὖν
3467 4325 3696 4380 ἀπεστάλη

486 4425 540 4468 et
570 4428 778 4470 canam
834 4431 939 4471 non
990 4428 1304 4474 meruerunt
1334 4436 1349 4473 :
1384 4419 1521 4475 alius
1558 4421 1775 4490 quidem
1823 4428 2047 4492 propter

2159 4424 2578 4498 προηγουμένως
2641 4425 2668 4476 6
2719 4422 2946 4492 Κύριος,
3003 4423 3082 4483 είς
3149 4421 3215 4473 τά
3298 4419 3542 4489 πρόϐατα
3584 4417 3697 4467 circa

486 4506 792 4563 divitiarum
835 4509 1209 4578 cupiditatem,
1245 4511 1385 4566 alius
1433 4522 1612 4568 autem
1649 4523 1867 4583 propter
1900 4515 2048 4570 volu-

2167 4517 2408 4590 Ἰσραήλ.
2445 4514 2614 4578 Αὐτὸς
2661 4513 2760 4584 μέν
2800 4511 2892 4566 οὐν
2944 4511 3096 4580 ἔλεγε
3124 4527 3139 4544 ο
3183 4510 3452 4582 Ἔρχεσθε
3508 4508 3582 4562 ὅτι
3623 4502 3695 4574 ἤδη

485 4610 704 4668 ptatem.
739 4598 873 4654 Nam
931 4601 1018 4656 ille
1064 4603 1283 4674 quidem
1323 4594 1508 4659 villam
1556 4615 1785 4674 emerat,
1825 4615 1881 4662 et
1918 4607 2048 4662 alius

2162 4610 2358 4678 ἕτοιμά
2389 4611 2506 4661 ἐστι
2535 4607 2731 4661 πάντα·
2765 4604 2933 4673 ἐγγύς
2983 4603 3089 4677 γάρ
3137 4598 3278 4656 εἶναι
3325 4603 3424 4674 τὴν
3458 4599 3697 4670 βασιλείαν

477 4690 604 4761 juga
632 4691 812 4757 boum,
840 4693 930 4760 qui
961 4694 1176 4763 signant
1203 4695 1514 4752 divitiarum
1541 4697 1788 4767 cupidos.
1820 4699 1890 4754 At
1918 4699 2048 4756 alius

2163 4702 2275 4754 τῶν
2300 4698 2545 4770 οὐρανῶν
2565 4738 2580 4762 ,
2641 4696 2842 4750 ἆπασιν
2873 4695 3260 4766 εὐηγγελίζετο
3299 4697 3328 4748 6
3384 4693 3595 4763 Κύριος,
3627 4689 3697 4740 καὶ

483 4783 576 4850 qui
605 4797 825 4837 uxorem
859 4781 1109 4850 duxerat,
1151 4786 1530 4856 voluptuarius
1559 4801 1694 4846 erat.
1739 4791 1960 4861 Insuper
2002 4803 2048 4848 et

2159 4793 2310 4856 ἐντὸς
2341 4791 2516 4861 ὑμῶν.
2548 4791 2611 4844 Oi
2657 4789 2713 4842 δὲ
2745 4788 2978 4859 ἤρξαντο
3025 4789 3133 4842 ἀπὸ
3162 4788 3294 4858 μιᾶς
3336 4781 3694 4856 παραιτεῖσθαι.

486 4875 532 4928 is
571 4874 748 4928 villam
782 4888 1165 4945 compararat,
1197 4883 1287 4948 qui
1339 4893 1556 4950 propter
1593 4885 1918 4939 mundanam
1965 4901 2048 4941 sa.

2165 4883 2442 4937 τουτέστιν
2468 4920 2484 4946 ,
2514 4881 2588 4944 ὡς
2639 4879 2699 4944 ἐξ
2733 4879 2848 4943 ἐνὸς
2878 4881 3217 4950 συνθήματος
3242 4895 3257 4909 ⁶
3293 4879 3491 4940 πάντες
3537 4874 3630 4942 γὰρ
3658 4869 3694 4921 οἱ

482 4963 738 5032 pientiam
793 4981 898 5020 non
947 4967 1144 5036 accipit
1193 4972 1530 5040 mysterium.
1585 4970 1720 5026 Villa
1774 4975 1915 5028 enim
1971 4986 2048 5031 est

2159 4970 2414 5047 ἄρχοντες
2455 4974 2563 5026 τῶν
2605 4971 2873 5026 Ἰουδαίων
2936 4970 3409 5041 παραιτησάμενοι
3452 4967 3584 5037 ἔχειν
3625 4966 3694 5014 τὸν

485 5057 714 5112 mundus
746 5057 857 5125 hic,
898 5068 952 5114 et
983 5069 1177 5114 natura
1211 5062 1546 5129 simpliciter.
1578 5065 1677 5131 Qui
1724 5076 1901 5121 autem
1948 5082 2049 5121 na-

484 5154 659 5202 turam
680 5148 952 5218 observat,
973 5167 1075 5207 non
1108 5154 1411 5222 recipitltoc
1433 5157 1570 5224 quod
1593 5172 1754 5228 super
1775 5171 2045 5216 naturam.

483 5236 649 5308 Igitur
671 5241 969 5309 pharisaeus
995 5244 1086 5313 qni
1120 5244 1298 5300 villam
1330 5245 1464 5302 forte
1485 5262 1914 5320 comparaverat.
1950 5253 2053 5307 hoc

482 5339 589 5395 est,
629 5331 720 5398 qui
773 5344 1080 5401 respexerat
1125 5337 1192 5390 ad
1245 5348 1450 5408 natura:
1494 5339 1658 5409 leges,
1701 5357 1807 5398 non
1860 5343 2051 5414 recipit

485 5420 747 5488 virginem
789 5433 978 5489 parere
1016 5421 1207 5492 Deum,
1258 5429 1399 5496 quod
1447 5444 1608 5498 super
1637 5441 1883 5485 naturam
1918 5443 2001 5488 est
2032 5451 2044 5488 :

483 5513 580 5567 sed
610 5518 664 5566 et
691 5525 880 5567 omnes
911 5511 1002 5585 qui
1048 5515 1099 5569 in
1139 5528 1364 5574 externa
1412 5521 1673 5590 sapientia
1727 5524 2050 5593 gloriantur,

551 5695 598 5728 ⁸⁸
625 5692 769 5752 Psal.
803 5711 909 5766 xu,
936 5695 990 5753 4.
1068 5687 1113 5731 ⁸⁷
1149 5698 1342 5756 Matth.
1379 5715 1464 5768 Ill,
1492 5701 1528 5754 2

2172 5065 2381 5138 Ἰησοῦν
2417 5065 2679 5136 βασιλέα,
2727 5063 2849 5117 οὐδέ
2891 5063 2986 5116 τοῦ
3043 5063 3261 5116 δείπνου
3313 5051 3693 5132 ἠξιώθησαν’6

2162 5161 2261 5232 μὲν
2290 5160 2378 5214 διά
2407 5157 2812 5229 φιλοπλουτίαν,
2876 5159 2904 5210 6
2947 5156 3004 5210 δὲ
3043 5155 3132 5210 διὰ
3173 5151 3498 5223 φιληδονίαν.
3539 5148 3590 5200 'O
3617 5143 3692 5214 μὲν

2155 5252 2265 5322 γὰρ
2300 5252 2390 5305 τὸν
2421 5250 2589 5322 ἀργὸν
2615 5249 2915 5319 ἀγοράσας.
2949 5248 3088 5301 καὶὸ
3120 5247 3188 5301 τά
3221 5247 3388 5314 ζεύγη
3428 5241 3531 5294 τῶν
3559 5235 3688 5308 βοῶν.

2157 5341 2496 5410 φιλόπλουτοι
2541 5340 2606 5394 ἂν
2642 5340 2883 5412 νοηθεῖεν
2908 5357 2922 5371 °
2967 5340 2996 5392 6
3025 5340 3080 5392 δὲ
3110 5340 3208 5408 τὴν
3249 5337 3479 5404 γυναῖκα
3520 5329 3689 5397 γήμας.

2156 5433 2469 5505 φιλήδονος·
2507 5435 2555 5486 εἰ
2611 5433 2790 5504 βούλει
2847 5433 2904 5486 δέ
2938 5450 3050 5504 μοι,
3085 5431 3256 5500 ἀγρὸν
3286 5423 3533 5496 ἀγοράζει
3573 5415 3686 5472 ὁδιὰ

2156 5529 2258 5599 τὴν
2296 5529 2390 5582 τοῦ
2420 5529 2625 5600 κόσμου
2661 5529 2853 5599 σοφίαν
2878 5527 2954 5598 μὴ
2982 5524 3412 5597 παραδεχόμενος
3433 5517 3492 5570 τὺ
3522 5511 3688 5586 μυστή-
