  <div class='ocr_page' id='page_1' title='image "/cluster/home/n/w/nwhite01/storage/ocr_20150623/123/hvd.32044019208198/479.png"; bbox 0 0 3932 6456; ppageno 0'>
   <div class='ocr_carea' id='block_1_1' title="bbox 491 318 595 381">
    <p class='ocr_par' dir='ltr' id='par_1_1' title="bbox 491 318 595 381">
     <span class='ocr_line' id='line_1_1' title="bbox 491 318 595 381; baseline 0 0"><span class='ocrx_word' id='word_1_1' title='bbox 491 318 595 381; x_wconf 72' lang='grc'><strong>931)</strong></span> 
     </span>
    </p>
   </div>
   <div class='ocr_carea' id='block_1_2' title="bbox 1363 318 3685 394">
    <p class='ocr_par' dir='ltr' id='par_1_2' title="bbox 1363 318 3685 394">
     <span class='ocr_line' id='line_1_2' title="bbox 1363 318 3685 394; baseline 0.006 -16"><span class='ocrx_word' id='word_1_2' title='bbox 1363 318 1932 382; x_wconf 63' lang='lat' dir='ltr'><strong>Tl—lEOPlIYLACTl</strong></span> <span class='ocrx_word' id='word_1_3' title='bbox 1987 323 2083 382; x_wconf 91' lang='lat' dir='ltr'>BU</span> <span class='ocrx_word' id='word_1_4' title='bbox 2094 321 2394 384; x_wconf 66' lang='lat' dir='ltr'><strong>LGARL’E</strong></span> <span class='ocrx_word' id='word_1_5' title='bbox 2440 324 2796 387; x_wconf 82' lang='lat' dir='ltr'><strong>ARCIIIEP.</strong></span> <span class='ocrx_word' id='word_1_6' title='bbox 3601 330 3685 394; x_wconf 62' lang='grc' dir='ltr'><strong>91ιύ</strong></span> 
     </span>
    </p>
   </div>
   <div class='ocr_carea' id='block_1_3' title="bbox 490 429 2067 507">
    <p class='ocr_par' dir='ltr' id='par_1_3' title="bbox 490 429 2058 501">
     <span class='ocr_line' id='line_1_3' title="bbox 490 429 2058 501; baseline 0.003 -17"><span class='ocrx_word' id='word_1_7' title='bbox 490 431 785 486; x_wconf 75' lang='lat' dir='ltr'><strong>credidisse</strong></span> <span class='ocrx_word' id='word_1_8' title='bbox 872 437 1062 501; x_wconf 77' lang='lat' dir='ltr'><strong>gentes</strong></span> <span class='ocrx_word' id='word_1_9' title='bbox 1149 429 1200 484; x_wconf 90' lang='lat' dir='ltr'><strong>in</strong></span> <span class='ocrx_word' id='word_1_10' title='bbox 1281 438 1430 484; x_wconf 86' lang='lat' dir='ltr'><strong>tanta</strong></span> <span class='ocrx_word' id='word_1_11' title='bbox 1526 443 1805 488; x_wconf 86' lang='lat' dir='ltr'><strong>versantes</strong></span> <span class='ocrx_word' id='word_1_12' title='bbox 1895 434 2058 501; x_wconf 74' lang='lat' dir='ltr'><strong>igno-</strong></span> 
     </span>
    </p>
   </div>
   <div class='ocr_carea' id='block_1_4' title="bbox 2168 429 3686 507">
    <p class='ocr_par' dir='ltr' id='par_1_4' title="bbox 2168 432 3686 507">
     <span class='ocr_line' id='line_1_4' title="bbox 2168 432 3686 507; baseline 0.004 -19"><span class='ocrx_word' id='word_1_13' title='bbox 2168 435 2276 504; x_wconf 77' lang='grc' dir='ltr'><strong>Τὴν</strong></span> <span class='ocrx_word' id='word_1_14' title='bbox 2316 435 2566 506; x_wconf 84' lang='grc' dir='ltr'><strong>κτηνὼδη</strong></span> <span class='ocrx_word' id='word_1_15' title='bbox 2601 432 2695 490; x_wconf 75' lang='grc' dir='ltr'><strong>οὖν</strong></span> <span class='ocrx_word' id='word_1_16' title='bbox 2723 436 2833 490; x_wconf 82' lang='grc' dir='ltr'><strong>τῶν</strong></span> <span class='ocrx_word' id='word_1_17' title='bbox 2867 433 3040 489; x_wconf 81' lang='grc' dir='ltr'><strong>ὲθνῶν</strong></span> <span class='ocrx_word' id='word_1_18' title='bbox 3082 435 3374 507; x_wconf 77' lang='grc' dir='ltr'><strong>διαγωγὴν,</strong></span> <span class='ocrx_word' id='word_1_19' title='bbox 3401 437 3489 490; x_wconf 79' lang='grc' dir='ltr'><strong>καὶ</strong></span> <span class='ocrx_word' id='word_1_20' title='bbox 3514 440 3583 500; x_wconf 80' lang='grc' dir='ltr'><strong>εἰς</strong></span> <span class='ocrx_word' id='word_1_21' title='bbox 3611 449 3686 502; x_wconf 71' lang='grc' dir='ltr'><strong>τὰς</strong></span> 
     </span>
    </p>
   </div>
   <div class='ocr_carea' id='block_1_5' title="bbox 491 522 2056 594">
    <p class='ocr_par' dir='ltr' id='par_1_5' title="bbox 491 522 2056 594">
     <span class='ocr_line' id='line_1_5' title="bbox 491 522 2056 594; baseline -0.001 -14"><span class='ocrx_word' id='word_1_22' title='bbox 491 526 706 587; x_wconf 87' lang='lat' dir='ltr'><strong>rantia,</strong></span> <span class='ocrx_word' id='word_1_23' title='bbox 768 525 888 579; x_wconf 89' lang='lat' dir='ltr'><strong>ideo</strong></span> <span class='ocrx_word' id='word_1_24' title='bbox 938 523 1118 578; x_wconf 80' lang='lat' dir='ltr'><strong>dixit:</strong></span> <span class='ocrx_word' id='word_1_25' title='bbox 1153 522 1447 593; x_wconf 81' lang='lat' dir='ltr'><strong>Compelle.</strong></span> <span class='ocrx_word' id='word_1_26' title='bbox 1504 523 1618 578; x_wconf 84' lang='lat' dir='ltr'><strong>Nisi</strong></span> <span class='ocrx_word' id='word_1_27' title='bbox 1665 526 1808 578; x_wconf 89' lang='lat' dir='ltr'><strong>enirn</strong></span> <span class='ocrx_word' id='word_1_28' title='bbox 1865 539 2056 594; x_wconf 81' lang='lat' dir='ltr'><strong>magna</strong></span> 
     </span>
    </p>
   </div>
   <div class='ocr_carea' id='block_1_6' title="bbox 487 614 2058 687">
    <p class='ocr_par' dir='ltr' id='par_1_6' title="bbox 487 614 2058 687">
     <span class='ocr_line' id='line_1_6' title="bbox 487 614 2058 687; baseline 0.001 -18"><span class='ocrx_word' id='word_1_29' title='bbox 487 615 655 687; x_wconf 77' lang='lat'><strong>399</strong></span> <span class='ocrx_word' id='word_1_30' title='bbox 705 614 893 669; x_wconf 85' lang='lat' dir='ltr'><strong>fuisset</strong></span> <span class='ocrx_word' id='word_1_31' title='bbox 953 615 1074 683; x_wconf 86' lang='lat' dir='ltr'><strong>ejus</strong></span> <span class='ocrx_word' id='word_1_32' title='bbox 1113 614 1205 682; x_wconf 88' lang='lat' dir='ltr'><strong>qui</strong></span> <span class='ocrx_word' id='word_1_33' title='bbox 1250 615 1640 685; x_wconf 71' lang='lat' dir='ltr'><strong>praedicabatur</strong></span> <span class='ocrx_word' id='word_1_34' title='bbox 1706 618 1880 672; x_wconf 86' lang='lat' dir='ltr'><strong>virtus</strong></span> <span class='ocrx_word' id='word_1_35' title='bbox 1920 656 1936 679; x_wconf 87' lang='lat'><strong>.</strong></span> <span class='ocrx_word' id='word_1_36' title='bbox 2003 627 2058 670; x_wconf 89' lang='lat' dir='ltr'><strong>et</strong></span> 
     </span>
    </p>
   </div>
   <div class='ocr_carea' id='block_1_7' title="bbox 491 707 2058 779">
    <p class='ocr_par' dir='ltr' id='par_1_7' title="bbox 491 707 2058 779">
     <span class='ocr_line' id='line_1_7' title="bbox 491 707 2058 779; baseline 0 -17"><span class='ocrx_word' id='word_1_37' title='bbox 491 723 682 779; x_wconf 78' lang='lat' dir='ltr'><strong>magna</strong></span> <span class='ocrx_word' id='word_1_38' title='bbox 713 710 858 763; x_wconf 83' lang='lat' dir='ltr'><strong>verbi</strong></span> <span class='ocrx_word' id='word_1_39' title='bbox 890 707 1124 774; x_wconf 88' lang='lat' dir='ltr'><strong>veritas,</strong></span> <span class='ocrx_word' id='word_1_40' title='bbox 1173 707 1443 776; x_wconf 89' lang='lat' dir='ltr'><strong>quomodo</strong></span> <span class='ocrx_word' id='word_1_41' title='bbox 1471 709 1714 776; x_wconf 82' lang='lat' dir='ltr'><strong>persuasi</strong></span> <span class='ocrx_word' id='word_1_42' title='bbox 1746 717 1928 764; x_wconf 90' lang='lat' dir='ltr'><strong>essent</strong></span> <span class='ocrx_word' id='word_1_43' title='bbox 1962 709 2058 763; x_wconf 82' lang='lat' dir='ltr'><strong>bo-</strong></span> 
     </span>
    </p>
   </div>
   <div class='ocr_carea' id='block_1_8' title="bbox 491 798 2058 868">
    <p class='ocr_par' dir='ltr' id='par_1_8' title="bbox 491 798 2058 868">
     <span class='ocr_line' id='line_1_8' title="bbox 491 798 2058 868; baseline -0.003 -13"><span class='ocrx_word' id='word_1_44' title='bbox 491 801 665 858; x_wconf 87' lang='lat' dir='ltr'><strong>mines</strong></span> <span class='ocrx_word' id='word_1_45' title='bbox 696 800 747 854; x_wconf 94' lang='lat' dir='ltr'><strong>in</strong></span> <span class='ocrx_word' id='word_1_46' title='bbox 792 799 1056 854; x_wconf 83' lang='lat' dir='ltr'><strong>idolorum</strong></span> <span class='ocrx_word' id='word_1_47' title='bbox 1088 799 1238 855; x_wconf 89' lang='lat' dir='ltr'><strong>cultu</strong></span> <span class='ocrx_word' id='word_1_48' title='bbox 1272 798 1604 854; x_wconf 71' lang='lat' dir='ltr'><strong>insanientes</strong></span> <span class='ocrx_word' id='word_1_49' title='bbox 1643 809 1698 854; x_wconf 91' lang='lat' dir='ltr'><strong>et</strong></span> <span class='ocrx_word' id='word_1_50' title='bbox 1751 798 1894 853; x_wconf 76' lang='lat' dir='ltr'><strong>fmda</strong></span> <span class='ocrx_word' id='word_1_51' title='bbox 1929 815 2058 868; x_wconf 82' lang='lat' dir='ltr'><strong>ope-</strong></span> 
     </span>
    </p>
   </div>
   <div class='ocr_carea' id='block_1_9' title="bbox 490 889 2060 963">
    <p class='ocr_par' dir='ltr' id='par_1_9' title="bbox 490 889 2060 963">
     <span class='ocr_line' id='line_1_9' title="bbox 490 889 2060 963; baseline -0.002 -16"><span class='ocrx_word' id='word_1_52' title='bbox 490 900 709 959; x_wconf 86' lang='lat' dir='ltr'><strong>rantes,</strong></span> <span class='ocrx_word' id='word_1_53' title='bbox 768 903 827 946; x_wconf 93' lang='lat' dir='ltr'><strong>ut</strong></span> <span class='ocrx_word' id='word_1_54' title='bbox 874 903 1095 962; x_wconf 83' lang='lat' dir='ltr'><strong>repente</strong></span> <span class='ocrx_word' id='word_1_55' title='bbox 1132 899 1491 960; x_wconf 76' lang='lat' dir='ltr'><strong>agnoscerent</strong></span> <span class='ocrx_word' id='word_1_56' title='bbox 1531 905 1716 946; x_wconf 87' lang='lat' dir='ltr'><strong>verum</strong></span> <span class='ocrx_word' id='word_1_57' title='bbox 1754 889 1960 963; x_wconf 90' lang='lat' dir='ltr'><strong>Deum,</strong></span> <span class='ocrx_word' id='word_1_58' title='bbox 2005 900 2060 944; x_wconf 88' lang='lat' dir='ltr'><strong>et</strong></span> 
     </span>
    </p>
   </div>
   <div class='ocr_carea' id='block_1_10' title="bbox 410 981 2056 1057">
    <p class='ocr_par' dir='ltr' id='par_1_10' title="bbox 410 981 2056 1057">
     <span class='ocr_line' id='line_1_10' title="bbox 410 981 2056 1057; baseline -0.003 -17"><span class='ocrx_word' id='word_1_59' title='bbox 410 981 421 1040; x_wconf 74' lang='grc' dir='ltr'>ζ</span> <span class='ocrx_word' id='word_1_60' title='bbox 489 986 828 1057; x_wconf 85' lang='lat' dir='ltr'><strong>spiritualem</strong></span> <span class='ocrx_word' id='word_1_61' title='bbox 879 987 1162 1057; x_wconf 79' lang='lat' dir='ltr'><strong>diligerent</strong></span> <span class='ocrx_word' id='word_1_62' title='bbox 1215 986 1423 1040; x_wconf 77' lang='lat' dir='ltr'><strong>vitam?</strong></span> <span class='ocrx_word' id='word_1_63' title='bbox 1471 985 1637 1053; x_wconf 71' lang='lat' dir='ltr'><strong>Igitur</strong></span> <span class='ocrx_word' id='word_1_64' title='bbox 1685 983 2056 1037; x_wconf 83' lang='lat' dir='ltr'><strong>admirabilem</strong></span> 
     </span>
    </p>
   </div>
   <div class='ocr_carea' id='block_1_11' title="bbox 412 1060 2058 1148">
    <p class='ocr_par' dir='ltr' id='par_1_11' title="bbox 412 1060 2058 1148">
     <span class='ocr_line' id='line_1_11' title="bbox 412 1060 2058 1148; baseline 0 -17"><span class='ocrx_word' id='word_1_65' title='bbox 412 1060 418 1069; x_wconf 68' lang='grc'><em>’</em></span> <span class='ocrx_word' id='word_1_66' title='bbox 491 1079 896 1134; x_wconf 87' lang='lat' dir='ltr'><strong>translationem</strong></span> <span class='ocrx_word' id='word_1_67' title='bbox 943 1078 1248 1148; x_wconf 81' lang='lat' dir='ltr'><strong>signiﬁcare</strong></span> <span class='ocrx_word' id='word_1_68' title='bbox 1283 1078 1502 1142; x_wconf 85' lang='lat' dir='ltr'><strong>volens,</strong></span> <span class='ocrx_word' id='word_1_69' title='bbox 1545 1075 1921 1131; x_wconf 83' lang='lat' dir='ltr'><strong>necessitatem</strong></span> <span class='ocrx_word' id='word_1_70' title='bbox 1964 1090 2058 1131; x_wconf 90' lang='lat' dir='ltr'><strong>no-</strong></span> 
     </span>
    </p>
   </div>
   <div class='ocr_carea' id='block_1_12' title="bbox 492 1167 2059 1242">
    <p class='ocr_par' dir='ltr' id='par_1_12' title="bbox 492 1167 2059 1242">
     <span class='ocr_line' id='line_1_12' title="bbox 492 1167 2059 1242; baseline -0.003 -15"><span class='ocrx_word' id='word_1_71' title='bbox 492 1173 740 1240; x_wconf 84' lang='lat' dir='ltr'><strong>minavit,</strong></span> <span class='ocrx_word' id='word_1_72' title='bbox 765 1173 918 1242; x_wconf 88' lang='lat' dir='ltr'><strong>quasi</strong></span> <span class='ocrx_word' id='word_1_73' title='bbox 950 1174 1154 1227; x_wconf 88' lang='lat' dir='ltr'><strong>diceret</strong></span> <span class='ocrx_word' id='word_1_74' title='bbox 1180 1172 1341 1242; x_wconf 90' lang='lat' dir='ltr'><strong>quis:</strong></span> <span class='ocrx_word' id='word_1_75' title='bbox 1373 1170 1616 1226; x_wconf 85' lang='lat' dir='ltr'><strong>Gentiles</strong></span> <span class='ocrx_word' id='word_1_76' title='bbox 1641 1169 1804 1224; x_wconf 86' lang='lat' dir='ltr'><strong>etiam</strong></span> <span class='ocrx_word' id='word_1_77' title='bbox 1835 1167 1974 1224; x_wconf 86' lang='lat' dir='ltr'><strong>idola</strong></span> <span class='ocrx_word' id='word_1_78' title='bbox 2005 1177 2059 1222; x_wconf 90' lang='lat' dir='ltr'><strong>et</strong></span> 
     </span>
    </p>
   </div>
   <div class='ocr_carea' id='block_1_13' title="bbox 490 1261 2058 1334">
    <p class='ocr_par' dir='ltr' id='par_1_13' title="bbox 490 1261 2058 1334">
     <span class='ocr_line' id='line_1_13' title="bbox 490 1261 2058 1334; baseline -0.003 -15"><span class='ocrx_word' id='word_1_79' title='bbox 490 1265 710 1321; x_wconf 82' lang='lat' dir='ltr'><strong>delicias</strong></span> <span class='ocrx_word' id='word_1_80' title='bbox 742 1266 1047 1334; x_wconf 69' lang='lat' dir='ltr'><strong>relinquere</strong></span> <span class='ocrx_word' id='word_1_81' title='bbox 1088 1263 1366 1329; x_wconf 88' lang='lat' dir='ltr'><strong>nolentes,</strong></span> <span class='ocrx_word' id='word_1_82' title='bbox 1403 1279 1431 1317; x_wconf 89' lang='lat' dir='ltr'><strong>a</strong></span> <span class='ocrx_word' id='word_1_83' title='bbox 1468 1261 1852 1333; x_wconf 69' lang='lat' dir='ltr'><strong>praedicatione</strong></span> <span class='ocrx_word' id='word_1_84' title='bbox 1879 1267 2058 1314; x_wconf 89' lang='lat' dir='ltr'><strong>tamen</strong></span> 
     </span>
    </p>
   </div>
   <div class='ocr_carea' id='block_1_14' title="bbox 490 1353 2061 1426">
    <p class='ocr_par' dir='ltr' id='par_1_14' title="bbox 490 1353 2061 1426">
     <span class='ocr_line' id='line_1_14' title="bbox 490 1353 2061 1426; baseline -0.005 -12"><span class='ocrx_word' id='word_1_85' title='bbox 490 1357 736 1414; x_wconf 58' lang='lat' dir='ltr'><strong>veritatis</strong></span> <span class='ocrx_word' id='word_1_86' title='bbox 757 1371 817 1412; x_wconf 88' lang='lat' dir='ltr'><strong>ea</strong></span> <span class='ocrx_word' id='word_1_87' title='bbox 843 1357 1148 1426; x_wconf 90' lang='lat' dir='ltr'><strong>relinquere</strong></span> <span class='ocrx_word' id='word_1_88' title='bbox 1169 1355 1342 1410; x_wconf 88' lang='lat' dir='ltr'><strong>coacti</strong></span> <span class='ocrx_word' id='word_1_89' title='bbox 1369 1363 1518 1410; x_wconf 91' lang='lat' dir='ltr'><strong>sunt.</strong></span> <span class='ocrx_word' id='word_1_90' title='bbox 1544 1353 1637 1406; x_wconf 80' lang='lat' dir='ltr'><strong>Vel</strong></span> <span class='ocrx_word' id='word_1_91' title='bbox 1656 1353 1848 1407; x_wconf 88' lang='lat' dir='ltr'><strong>aliter:</strong></span> <span class='ocrx_word' id='word_1_92' title='bbox 1874 1353 2061 1408; x_wconf 77' lang='lat' dir='ltr'><strong>Virtus</strong></span> 
     </span>
    </p>
   </div>
   <div class='ocr_carea' id='block_1_15' title="bbox 490 1447 2059 1522">
    <p class='ocr_par' dir='ltr' id='par_1_15' title="bbox 490 1447 2059 1522">
     <span class='ocr_line' id='line_1_15' title="bbox 490 1447 2059 1522; baseline -0.004 -17"><span class='ocrx_word' id='word_1_93' title='bbox 490 1451 762 1522; x_wconf 77' lang='lat' dir='ltr'><strong>signorum</strong></span> <span class='ocrx_word' id='word_1_94' title='bbox 806 1465 1052 1519; x_wconf 82' lang='lat' dir='ltr'><strong>magnam</strong></span> <span class='ocrx_word' id='word_1_95' title='bbox 1082 1447 1337 1503; x_wconf 78' lang='lat' dir='ltr'><strong>afferebat</strong></span> <span class='ocrx_word' id='word_1_96' title='bbox 1369 1447 1744 1501; x_wconf 87' lang='lat' dir='ltr'><strong>necessitatem</strong></span> <span class='ocrx_word' id='word_1_97' title='bbox 1790 1455 1846 1500; x_wconf 89' lang='lat' dir='ltr'><strong>ut</strong></span> <span class='ocrx_word' id='word_1_98' title='bbox 1877 1454 2059 1500; x_wconf 87' lang='lat' dir='ltr'><strong>trans-</strong></span> 
     </span>
    </p>
   </div>
   <div class='ocr_carea' id='block_1_16' title="bbox 493 1536 2056 1607">
    <p class='ocr_par' dir='ltr' id='par_1_16' title="bbox 493 1536 2056 1607">
     <span class='ocr_line' id='line_1_16' title="bbox 493 1536 2056 1607; baseline -0.005 -11"><span class='ocrx_word' id='word_1_99' title='bbox 493 1541 765 1597; x_wconf 91' lang='lat' dir='ltr'><strong>ferrentur</strong></span> <span class='ocrx_word' id='word_1_100' title='bbox 792 1542 859 1596; x_wconf 88' lang='lat' dir='ltr'><strong>ad</strong></span> <span class='ocrx_word' id='word_1_101' title='bbox 900 1541 1056 1596; x_wconf 79' lang='lat' dir='ltr'><strong>fidem</strong></span> <span class='ocrx_word' id='word_1_102' title='bbox 1115 1537 1340 1594; x_wconf 82' lang='lat' dir='ltr'><strong>Christi.</strong></span> <span class='ocrx_word' id='word_1_103' title='bbox 1383 1537 1450 1592; x_wconf 88' lang='lat' dir='ltr'><strong>Et</strong></span> <span class='ocrx_word' id='word_1_104' title='bbox 1491 1537 1730 1607; x_wconf 79' lang='lat' dir='ltr'><strong>quntidle</strong></span> <span class='ocrx_word' id='word_1_105' title='bbox 1773 1551 1927 1592; x_wconf 76' lang='lat' dir='ltr'><strong>canta</strong></span> <span class='ocrx_word' id='word_1_106' title='bbox 1970 1536 2056 1590; x_wconf 67' lang='lat' dir='ltr'><strong>illi</strong></span> 
     </span>
    </p>
   </div>
   <div class='ocr_carea' id='block_1_17' title="bbox 490 1627 2061 1705">
    <p class='ocr_par' dir='ltr' id='par_1_17' title="bbox 490 1627 2061 1705">
     <span class='ocr_line' id='line_1_17' title="bbox 490 1627 2061 1705; baseline -0.003 -17"><span class='ocrx_word' id='word_1_107' title='bbox 490 1643 864 1705; x_wconf 59' lang='lat' dir='ltr'><strong>praeparatur,</strong></span> <span class='ocrx_word' id='word_1_108' title='bbox 908 1641 963 1688; x_wconf 89' lang='lat' dir='ltr'><strong>et</strong></span> <span class='ocrx_word' id='word_1_109' title='bbox 1002 1647 1260 1688; x_wconf 87' lang='lat' dir='ltr'><strong>vocamur</strong></span> <span class='ocrx_word' id='word_1_110' title='bbox 1297 1645 1487 1686; x_wconf 87' lang='lat' dir='ltr'><strong>omnes</strong></span> <span class='ocrx_word' id='word_1_111' title='bbox 1528 1630 1594 1684; x_wconf 86' lang='lat' dir='ltr'><strong>ad</strong></span> <span class='ocrx_word' id='word_1_112' title='bbox 1647 1645 1870 1698; x_wconf 76' lang='lat' dir='ltr'><strong>regnum</strong></span> <span class='ocrx_word' id='word_1_113' title='bbox 1918 1627 2061 1698; x_wconf 88' lang='lat' dir='ltr'><strong>quod</strong></span> 
     </span>
    </p>
   </div>
   <div class='ocr_carea' id='block_1_18' title="bbox 493 1719 2057 1794">
    <p class='ocr_par' dir='ltr' id='par_1_18' title="bbox 493 1719 2057 1794">
     <span class='ocr_line' id='line_1_18' title="bbox 493 1719 2057 1794; baseline -0.001 -16"><span class='ocrx_word' id='word_1_114' title='bbox 493 1724 634 1780; x_wconf 89' lang='lat' dir='ltr'><strong>Deus</strong></span> <span class='ocrx_word' id='word_1_115' title='bbox 665 1724 988 1794; x_wconf 79' lang='lat' dir='ltr'><strong>praeparavit</strong></span> <span class='ocrx_word' id='word_1_116' title='bbox 1024 1731 1150 1777; x_wconf 90' lang='lat' dir='ltr'><strong>ante</strong></span> <span class='ocrx_word' id='word_1_117' title='bbox 1188 1722 1374 1777; x_wconf 89' lang='lat' dir='ltr'><strong>mundi</strong></span> <span class='ocrx_word' id='word_1_118' title='bbox 1407 1721 1672 1790; x_wconf 73' lang='lat' dir='ltr'><strong>originem</strong></span> <span class='ocrx_word' id='word_1_119' title='bbox 1713 1719 2057 1776; x_wconf 87' lang='lat' dir='ltr'><strong>hominibus:</strong></span> 
     </span>
    </p>
   </div>
   <div class='ocr_carea' id='block_1_19' title="bbox 493 1814 2058 1886">
    <p class='ocr_par' dir='ltr' id='par_1_19' title="bbox 493 1814 2058 1886">
     <span class='ocr_line' id='line_1_19' title="bbox 493 1814 2058 1886; baseline -0.003 -16"><span class='ocrx_word' id='word_1_120' title='bbox 493 1820 586 1870; x_wconf 84' lang='lat' dir='ltr'><strong>sed</strong></span> <span class='ocrx_word' id='word_1_121' title='bbox 613 1817 702 1870; x_wconf 89' lang='lat' dir='ltr'><strong>alii</strong></span> <span class='ocrx_word' id='word_1_122' title='bbox 736 1817 953 1886; x_wconf 83' lang='lat' dir='ltr'><strong>quidem</strong></span> <span class='ocrx_word' id='word_1_123' title='bbox 986 1824 1204 1885; x_wconf 88' lang='lat' dir='ltr'><strong>propter</strong></span> <span class='ocrx_word' id='word_1_124' title='bbox 1234 1815 1515 1883; x_wconf 65' lang='lat' dir='ltr'><strong>sapientiae</strong></span> <span class='ocrx_word' id='word_1_125' title='bbox 1548 1814 1938 1878; x_wconf 86' lang='lat' dir='ltr'><strong>curiositatem,</strong></span> <span class='ocrx_word' id='word_1_126' title='bbox 1969 1814 2058 1866; x_wconf 85' lang='lat' dir='ltr'><strong>alii</strong></span> 
     </span>
    </p>
   </div>
   <div class='ocr_carea' id='block_1_20' title="bbox 494 1905 2060 1978">
    <p class='ocr_par' dir='ltr' id='par_1_20' title="bbox 494 1905 2060 1978">
     <span class='ocr_line' id='line_1_20' title="bbox 494 1905 2060 1978; baseline -0.001 -19"><span class='ocrx_word' id='word_1_127' title='bbox 494 1923 621 1962; x_wconf 86' lang='lat' dir='ltr'><strong>vero</strong></span> <span class='ocrx_word' id='word_1_128' title='bbox 666 1917 886 1978; x_wconf 85' lang='lat' dir='ltr'><strong>propter</strong></span> <span class='ocrx_word' id='word_1_129' title='bbox 935 1923 1112 1963; x_wconf 89' lang='lat' dir='ltr'><strong>rerum</strong></span> <span class='ocrx_word' id='word_1_130' title='bbox 1159 1918 1500 1962; x_wconf 88' lang='lat' dir='ltr'><strong>terrenarum</strong></span> <span class='ocrx_word' id='word_1_131' title='bbox 1546 1905 1930 1976; x_wconf 89' lang='lat' dir='ltr'><strong>cupiditatem,</strong></span> <span class='ocrx_word' id='word_1_132' title='bbox 1972 1905 2060 1959; x_wconf 88' lang='lat' dir='ltr'><strong>alii</strong></span> 
     </span>
    </p>
   </div>
   <div class='ocr_carea' id='block_1_21' title="bbox 493 1998 2061 2071">
    <p class='ocr_par' dir='ltr' id='par_1_21' title="bbox 493 1998 2061 2071">
     <span class='ocr_line' id='line_1_21' title="bbox 493 1998 2061 2071; baseline -0.001 -17"><span class='ocrx_word' id='word_1_133' title='bbox 493 2011 674 2054; x_wconf 86' lang='lat' dir='ltr'><strong>autem</strong></span> <span class='ocrx_word' id='word_1_134' title='bbox 719 2011 939 2071; x_wconf 87' lang='lat' dir='ltr'><strong>propter</strong></span> <span class='ocrx_word' id='word_1_135' title='bbox 1009 1999 1382 2055; x_wconf 87' lang='lat' dir='ltr'><strong>carnalitatem</strong></span> <span class='ocrx_word' id='word_1_136' title='bbox 1443 2013 1548 2054; x_wconf 87' lang='lat' dir='ltr'><strong>non</strong></span> <span class='ocrx_word' id='word_1_137' title='bbox 1599 2012 1868 2054; x_wconf 87' lang='lat' dir='ltr'><strong>meremur</strong></span> <span class='ocrx_word' id='word_1_138' title='bbox 1911 1998 2061 2053; x_wconf 86' lang='lat' dir='ltr'><strong>illud.</strong></span> 
     </span>
    </p>
   </div>
   <div class='ocr_carea' id='block_1_22' title="bbox 496 2089 2062 2159">
    <p class='ocr_par' dir='ltr' id='par_1_22' title="bbox 496 2089 2062 2159">
     <span class='ocr_line' id='line_1_22' title="bbox 496 2089 2062 2159; baseline -0.001 -13"><span class='ocrx_word' id='word_1_139' title='bbox 496 2092 565 2146; x_wconf 82' lang='lat' dir='ltr'><strong>At</strong></span> <span class='ocrx_word' id='word_1_140' title='bbox 597 2090 688 2146; x_wconf 88' lang='lat' dir='ltr'><strong>Dei</strong></span> <span class='ocrx_word' id='word_1_141' title='bbox 721 2092 1092 2146; x_wconf 83' lang='lat' dir='ltr'><strong>misericordia</strong></span> <span class='ocrx_word' id='word_1_142' title='bbox 1129 2090 1248 2145; x_wconf 92' lang='lat' dir='ltr'><strong>aliis</strong></span> <span class='ocrx_word' id='word_1_143' title='bbox 1283 2091 1658 2159; x_wconf 84' lang='lat' dir='ltr'><strong>peccatoribus</strong></span> <span class='ocrx_word' id='word_1_144' title='bbox 1690 2091 1789 2145; x_wconf 91' lang='lat' dir='ltr'><strong>ltoc</strong></span> <span class='ocrx_word' id='word_1_145' title='bbox 1819 2089 2062 2158; x_wconf 80' lang='lat' dir='ltr'><strong>largitur,</strong></span> 
     </span>
    </p>
   </div>
   <div class='ocr_carea' id='block_1_23' title="bbox 495 2178 2068 2252">
    <p class='ocr_par' dir='ltr' id='par_1_23' title="bbox 495 2178 2068 2252">
     <span class='ocr_line' id='line_1_23' title="bbox 495 2178 2068 2252; baseline -0.001 -20"><span class='ocrx_word' id='word_1_146' title='bbox 495 2182 588 2252; x_wconf 89' lang='lat' dir='ltr'><strong>qui</strong></span> <span class='ocrx_word' id='word_1_147' title='bbox 626 2182 752 2236; x_wconf 68' lang='lat' dir='ltr'><strong>earci</strong></span> <span class='ocrx_word' id='word_1_148' title='bbox 795 2179 1120 2236; x_wconf 84' lang='lat' dir='ltr'><strong>mentalibus</strong></span> <span class='ocrx_word' id='word_1_149' title='bbox 1150 2181 1322 2236; x_wconf 85' lang='lat' dir='ltr'><strong>oculis</strong></span> <span class='ocrx_word' id='word_1_150' title='bbox 1343 2189 1505 2244; x_wconf 89' lang='lat' dir='ltr'><strong>sunt,</strong></span> <span class='ocrx_word' id='word_1_151' title='bbox 1537 2189 1594 2234; x_wconf 90' lang='lat' dir='ltr'><strong>et</strong></span> <span class='ocrx_word' id='word_1_152' title='bbox 1627 2195 1730 2233; x_wconf 90' lang='lat' dir='ltr'><strong>non</strong></span> <span class='ocrx_word' id='word_1_153' title='bbox 1764 2178 2068 2250; x_wconf 73' lang='lat' dir='ltr'><strong>intelligunt</strong></span> 
     </span>
    </p>
   </div>
   <div class='ocr_carea' id='block_1_24' title="bbox 494 2270 2065 2342">
    <p class='ocr_par' dir='ltr' id='par_1_24' title="bbox 494 2270 2065 2342">
     <span class='ocr_line' id='line_1_24' title="bbox 494 2270 2065 2342; baseline -0.002 -16"><span class='ocrx_word' id='word_1_154' title='bbox 494 2289 617 2342; x_wconf 65' lang='lat' dir='ltr'><strong>quae</strong></span> <span class='ocrx_word' id='word_1_155' title='bbox 654 2272 726 2327; x_wconf 91' lang='lat' dir='ltr'><strong>sit</strong></span> <span class='ocrx_word' id='word_1_156' title='bbox 755 2270 1003 2327; x_wconf 79' lang='lat' dir='ltr'><strong>voluntas</strong></span> <span class='ocrx_word' id='word_1_157' title='bbox 1045 2272 1170 2336; x_wconf 86' lang='lat' dir='ltr'><strong>Dei,</strong></span> <span class='ocrx_word' id='word_1_158' title='bbox 1215 2271 1297 2326; x_wconf 87' lang='lat' dir='ltr'><strong>vel</strong></span> <span class='ocrx_word' id='word_1_159' title='bbox 1339 2271 1646 2341; x_wconf 80' lang='lat' dir='ltr'><strong>intelligunt</strong></span> <span class='ocrx_word' id='word_1_160' title='bbox 1681 2270 1932 2341; x_wconf 89' lang='lat' dir='ltr'><strong>quidem,</strong></span> <span class='ocrx_word' id='word_1_161' title='bbox 1972 2270 2065 2326; x_wconf 88' lang='lat' dir='ltr'><strong>sed</strong></span> 
     </span>
    </p>
   </div>
   <div class='ocr_carea' id='block_1_25' title="bbox 495 2361 2064 2434">
    <p class='ocr_par' dir='ltr' id='par_1_25' title="bbox 495 2361 2064 2434">
     <span class='ocr_line' id='line_1_25' title="bbox 495 2361 2064 2434; baseline -0.003 -17"><span class='ocrx_word' id='word_1_162' title='bbox 495 2363 670 2418; x_wconf 79' lang='lat' dir='ltr'><strong>claudi</strong></span> <span class='ocrx_word' id='word_1_163' title='bbox 713 2373 869 2428; x_wconf 90' lang='lat' dir='ltr'><strong>sunt,</strong></span> <span class='ocrx_word' id='word_1_164' title='bbox 903 2370 957 2418; x_wconf 92' lang='lat' dir='ltr'><strong>et</strong></span> <span class='ocrx_word' id='word_1_165' title='bbox 995 2363 1060 2417; x_wconf 87' lang='lat' dir='ltr'><strong>ad</strong></span> <span class='ocrx_word' id='word_1_166' title='bbox 1100 2362 1433 2434; x_wconf 79' lang='lat' dir='ltr'><strong>operandam</strong></span> <span class='ocrx_word' id='word_1_167' title='bbox 1471 2362 1609 2416; x_wconf 89' lang='lat' dir='ltr'><strong>tardi</strong></span> <span class='ocrx_word' id='word_1_168' title='bbox 1639 2377 1701 2416; x_wconf 89' lang='lat' dir='ltr'><strong>ac</strong></span> <span class='ocrx_word' id='word_1_169' title='bbox 1741 2361 2064 2426; x_wconf 87' lang='lat' dir='ltr'><strong>immobiles,</strong></span> 
     </span>
    </p>
   </div>
   <div class='ocr_carea' id='block_1_26' title="bbox 494 2455 2066 2525">
    <p class='ocr_par' dir='ltr' id='par_1_26' title="bbox 494 2455 2066 2525">
     <span class='ocr_line' id='line_1_26' title="bbox 494 2455 2066 2525; baseline -0.003 -14"><span class='ocrx_word' id='word_1_170' title='bbox 494 2463 551 2511; x_wconf 88' lang='lat' dir='ltr'><strong>et</strong></span> <span class='ocrx_word' id='word_1_171' title='bbox 590 2455 812 2511; x_wconf 88' lang='lat' dir='ltr'><strong>omnino</strong></span> <span class='ocrx_word' id='word_1_172' title='bbox 851 2455 1055 2512; x_wconf 84' lang='lat' dir='ltr'><strong>debiles</strong></span> <span class='ocrx_word' id='word_1_173' title='bbox 1094 2469 1160 2511; x_wconf 87' lang='lat' dir='ltr'><strong>ac</strong></span> <span class='ocrx_word' id='word_1_174' title='bbox 1203 2468 1503 2525; x_wconf 83' lang='lat' dir='ltr'><strong>pauperes.</strong></span> <span class='ocrx_word' id='word_1_175' title='bbox 1547 2467 1612 2509; x_wconf 90' lang='lat' dir='ltr'><strong>eo</strong></span> <span class='ocrx_word' id='word_1_176' title='bbox 1652 2455 1793 2523; x_wconf 90' lang='lat' dir='ltr'><strong>quod</strong></span> <span class='ocrx_word' id='word_1_177' title='bbox 1836 2469 2066 2525; x_wconf 89' lang='lat' dir='ltr'><strong>superna</strong></span> 
     </span>
    </p>
   </div>
   <div class='ocr_carea' id='block_1_27' title="bbox 495 2543 2068 2615">
    <p class='ocr_par' dir='ltr' id='par_1_27' title="bbox 495 2543 2068 2615">
     <span class='ocr_line' id='line_1_27' title="bbox 495 2543 2068 2615; baseline 0 -17"><span class='ocrx_word' id='word_1_178' title='bbox 495 2543 665 2615; x_wconf 77' lang='lat' dir='ltr'><strong>gloria</strong></span> <span class='ocrx_word' id='word_1_179' title='bbox 695 2543 1038 2611; x_wconf 81' lang='lat' dir='ltr'><strong>exciderint,</strong></span> <span class='ocrx_word' id='word_1_180' title='bbox 1070 2557 1244 2615; x_wconf 88' lang='lat' dir='ltr'><strong>neque</strong></span> <span class='ocrx_word' id='word_1_181' title='bbox 1272 2543 1618 2598; x_wconf 88' lang='lat' dir='ltr'><strong>immaculata</strong></span> <span class='ocrx_word' id='word_1_182' title='bbox 1646 2545 1755 2596; x_wconf 87' lang='lat' dir='ltr'><strong>vita</strong></span> <span class='ocrx_word' id='word_1_183' title='bbox 1789 2543 2068 2612; x_wconf 89' lang='lat' dir='ltr'><strong>conspicui</strong></span> 
     </span>
    </p>
   </div>
   <div class='ocr_carea' id='block_1_28' title="bbox 497 2636 2071 2709">
    <p class='ocr_par' dir='ltr' id='par_1_28' title="bbox 497 2636 2071 2709">
     <span class='ocr_line' id='line_1_28' title="bbox 497 2636 2071 2709; baseline -0.001 -16"><span class='ocrx_word' id='word_1_184' title='bbox 497 2639 718 2694; x_wconf 89' lang='lat' dir='ltr'><strong>fuerint.</strong></span> <span class='ocrx_word' id='word_1_185' title='bbox 751 2637 864 2694; x_wconf 88' lang='lat' dir='ltr'><strong>lllis</strong></span> <span class='ocrx_word' id='word_1_186' title='bbox 892 2638 1054 2708; x_wconf 76' lang='lat' dir='ltr'><strong>igitur</strong></span> <span class='ocrx_word' id='word_1_187' title='bbox 1081 2637 1460 2709; x_wconf 84' lang='lat' dir='ltr'><strong>peccatoribus</strong></span> <span class='ocrx_word' id='word_1_188' title='bbox 1485 2638 1538 2692; x_wconf 91' lang='lat' dir='ltr'><strong>in</strong></span> <span class='ocrx_word' id='word_1_189' title='bbox 1565 2636 1690 2692; x_wconf 85' lang='lat' dir='ltr'><strong>latis</strong></span> <span class='ocrx_word' id='word_1_190' title='bbox 1717 2651 1782 2691; x_wconf 87' lang='lat' dir='ltr'><strong>ac</strong></span> <span class='ocrx_word' id='word_1_191' title='bbox 1809 2636 2071 2707; x_wconf 84' lang='lat' dir='ltr'><strong>spatiosis</strong></span> 
     </span>
    </p>
   </div>
   <div class='ocr_carea' id='block_1_29' title="bbox 497 2728 2066 2800">
    <p class='ocr_par' dir='ltr' id='par_1_29' title="bbox 497 2728 2066 2800">
     <span class='ocr_line' id='line_1_29' title="bbox 497 2728 2066 2800; baseline -0.003 -14"><span class='ocrx_word' id='word_1_192' title='bbox 497 2742 846 2800; x_wconf 83' lang='lat' dir='ltr'><strong>peccatorum</strong></span> <span class='ocrx_word' id='word_1_193' title='bbox 907 2731 1012 2788; x_wconf 88' lang='lat' dir='ltr'><strong>viis</strong></span> <span class='ocrx_word' id='word_1_194' title='bbox 1061 2731 1410 2796; x_wconf 89' lang='lat' dir='ltr'><strong>errantibus,</strong></span> <span class='ocrx_word' id='word_1_195' title='bbox 1465 2729 1629 2784; x_wconf 90' lang='lat' dir='ltr'><strong>mittit</strong></span> <span class='ocrx_word' id='word_1_196' title='bbox 1680 2728 1842 2786; x_wconf 83' lang='lat' dir='ltr'><strong>Pater</strong></span> <span class='ocrx_word' id='word_1_197' title='bbox 1867 2729 2066 2785; x_wconf 83' lang='lat' dir='ltr'><strong>Filium</strong></span> 
     </span>
    </p>
   </div>
   <div class='ocr_carea' id='block_1_30' title="bbox 497 2819 2068 2890">
    <p class='ocr_par' dir='ltr' id='par_1_30' title="bbox 497 2819 2068 2890">
     <span class='ocr_line' id='line_1_30' title="bbox 497 2819 2068 2890; baseline -0.004 -11"><span class='ocrx_word' id='word_1_198' title='bbox 497 2837 654 2879; x_wconf 88' lang='lat' dir='ltr'><strong>suum</strong></span> <span class='ocrx_word' id='word_1_199' title='bbox 695 2821 762 2876; x_wconf 80' lang='lat' dir='ltr'><strong>ad</strong></span> <span class='ocrx_word' id='word_1_200' title='bbox 792 2834 1005 2876; x_wconf 70' lang='lat' dir='ltr'><strong>emnam</strong></span> <span class='ocrx_word' id='word_1_201' title='bbox 1033 2821 1370 2885; x_wconf 86' lang='lat' dir='ltr'><strong>invitantem,</strong></span> <span class='ocrx_word' id='word_1_202' title='bbox 1399 2819 1491 2890; x_wconf 91' lang='lat' dir='ltr'><strong>qui</strong></span> <span class='ocrx_word' id='word_1_203' title='bbox 1523 2819 1820 2874; x_wconf 90' lang='lat' dir='ltr'><strong>secundum</strong></span> <span class='ocrx_word' id='word_1_204' title='bbox 1846 2831 2068 2874; x_wconf 85' lang='lat' dir='ltr'><strong>carnem</strong></span> 
     </span>
    </p>
   </div>
   <div class='ocr_carea' id='block_1_31' title="bbox 498 2909 2069 2982">
    <p class='ocr_par' dir='ltr' id='par_1_31' title="bbox 498 2909 2069 2982">
     <span class='ocr_line' id='line_1_31' title="bbox 498 2909 2069 2982; baseline -0.004 -12"><span class='ocrx_word' id='word_1_205' title='bbox 498 2929 690 2970; x_wconf 83' lang='lat' dir='ltr'><strong>servus</strong></span> <span class='ocrx_word' id='word_1_206' title='bbox 726 2913 846 2980; x_wconf 87' lang='lat' dir='ltr'><strong>fuit,</strong></span> <span class='ocrx_word' id='word_1_207' title='bbox 884 2913 974 2982; x_wconf 92' lang='lat' dir='ltr'><strong>qui</strong></span> <span class='ocrx_word' id='word_1_208' title='bbox 1007 2925 1113 2968; x_wconf 91' lang='lat' dir='ltr'><strong>non</strong></span> <span class='ocrx_word' id='word_1_209' title='bbox 1144 2911 1290 2967; x_wconf 87' lang='lat' dir='ltr'><strong>venit</strong></span> <span class='ocrx_word' id='word_1_210' title='bbox 1319 2922 1376 2966; x_wconf 92' lang='lat' dir='ltr'><strong>ut</strong></span> <span class='ocrx_word' id='word_1_211' title='bbox 1404 2918 1561 2966; x_wconf 89' lang='lat' dir='ltr'><strong>vocet</strong></span> <span class='ocrx_word' id='word_1_212' title='bbox 1588 2909 1785 2978; x_wconf 85' lang='lat' dir='ltr'><strong>jttslos,</strong></span> <span class='ocrx_word' id='word_1_213' title='bbox 1815 2909 1910 2965; x_wconf 87' lang='lat' dir='ltr'><strong>sed</strong></span> <span class='ocrx_word' id='word_1_214' title='bbox 1939 2923 2069 2980; x_wconf 84' lang='lat' dir='ltr'><strong>pec-</strong></span> 
     </span>
    </p>
   </div>
   <div class='ocr_carea' id='block_1_32' title="bbox 501 3001 2070 3075">
    <p class='ocr_par' dir='ltr' id='par_1_32' title="bbox 501 3001 2070 3075">
     <span class='ocr_line' id='line_1_32' title="bbox 501 3001 2070 3075; baseline -0.004 -13"><span class='ocrx_word' id='word_1_215' title='bbox 501 3017 736 3071; x_wconf 80' lang='lat' dir='ltr'><strong>calores,</strong></span> <span class='ocrx_word' id='word_1_216' title='bbox 765 3005 1063 3075; x_wconf 87' lang='lat' dir='ltr'><strong>invitatque</strong></span> <span class='ocrx_word' id='word_1_217' title='bbox 1087 3018 1181 3059; x_wconf 87' lang='lat' dir='ltr'><strong>eos</strong></span> <span class='ocrx_word' id='word_1_218' title='bbox 1215 3002 1509 3058; x_wconf 85' lang='lat' dir='ltr'><strong>liberaliter</strong></span> <span class='ocrx_word' id='word_1_219' title='bbox 1537 3017 1645 3072; x_wconf 61' lang='lat' dir='ltr'><strong>pra;</strong></span> <span class='ocrx_word' id='word_1_220' title='bbox 1675 3002 1848 3058; x_wconf 86' lang='lat' dir='ltr'><strong>doctis</strong></span> <span class='ocrx_word' id='word_1_221' title='bbox 1876 3001 1984 3058; x_wconf 85' lang='lat' dir='ltr'><strong>illis</strong></span> <span class='ocrx_word' id='word_1_222' title='bbox 2015 3008 2070 3057; x_wconf 90' lang='lat' dir='ltr'><strong>et</strong></span> 
     </span>
    </p>
   </div>
   <div class='ocr_carea' id='block_1_33' title="bbox 2159 526 3686 599">
    <p class='ocr_par' dir='ltr' id='par_1_33' title="bbox 2159 526 3686 599">
     <span class='ocr_line' id='line_1_33' title="bbox 2159 526 3686 599; baseline 0.005 -20"><span class='ocrx_word' id='word_1_223' title='bbox 2159 527 2361 590; x_wconf 83' lang='grc' dir='ltr'><strong>πολλὰς</strong></span> <span class='ocrx_word' id='word_1_224' title='bbox 2389 528 2548 594; x_wconf 76' lang='grc' dir='ltr'><strong>δόξας</strong></span> <span class='ocrx_word' id='word_1_225' title='bbox 2583 526 2997 599; x_wconf 77' lang='grc' dir='ltr'><strong>μεμερισμένην</strong></span> <span class='ocrx_word' id='word_1_226' title='bbox 3013 527 3309 582; x_wconf 76' lang='grc' dir='ltr'><strong>αἰνίττεται</strong></span> <span class='ocrx_word' id='word_1_227' title='bbox 3331 529 3420 582; x_wconf 82' lang='grc' dir='ltr'><strong>διά</strong></span> <span class='ocrx_word' id='word_1_228' title='bbox 3442 529 3546 582; x_wconf 86' lang='grc' dir='ltr'><strong>τῶν</strong></span> <span class='ocrx_word' id='word_1_229' title='bbox 3561 532 3686 598; x_wconf 81' lang='grc' dir='ltr'><strong>ὁδῶν,</strong></span> 
     </span>
    </p>
   </div>
   <div class='ocr_carea' id='block_1_34' title="bbox 2158 620 3689 692">
    <p class='ocr_par' dir='ltr' id='par_1_34' title="bbox 2158 620 3689 692">
     <span class='ocr_line' id='line_1_34' title="bbox 2158 620 3689 692; baseline 0.005 -22"><span class='ocrx_word' id='word_1_230' title='bbox 2158 621 2255 689; x_wconf 79' lang='grc' dir='ltr'><strong>τὴν</strong></span> <span class='ocrx_word' id='word_1_231' title='bbox 2281 620 2338 672; x_wconf 81' lang='grc' dir='ltr'><strong>δὲ</strong></span> <span class='ocrx_word' id='word_1_232' title='bbox 2374 625 2430 672; x_wconf 83' lang='grc' dir='ltr'><strong>ὲν</strong></span> <span class='ocrx_word' id='word_1_233' title='bbox 2475 621 2776 692; x_wconf 79' lang='grc' dir='ltr'><strong>ἁμαρτίαις</strong></span> <span class='ocrx_word' id='word_1_234' title='bbox 2802 621 2982 676; x_wconf 79' lang='grc' dir='ltr'><strong>αὐτῶν</strong></span> <span class='ocrx_word' id='word_1_235' title='bbox 3011 620 3155 692; x_wconf 77' lang='grc' dir='ltr'><strong>ζωὴν</strong></span> <span class='ocrx_word' id='word_1_236' title='bbox 3185 620 3272 673; x_wconf 86' lang='grc' dir='ltr'><strong>διά</strong></span> <span class='ocrx_word' id='word_1_237' title='bbox 3293 620 3401 674; x_wconf 86' lang='grc' dir='ltr'><strong>τῶν</strong></span> <span class='ocrx_word' id='word_1_238' title='bbox 3427 624 3689 692; x_wconf 77' lang='grc' dir='ltr'><strong>φραγμῶνο</strong></span> 
     </span>
    </p>
   </div>
   <div class='ocr_carea' id='block_1_35' title="bbox 2159 713 3694 784">
    <p class='ocr_par' dir='ltr' id='par_1_35' title="bbox 2159 713 3694 784">
     <span class='ocr_line' id='line_1_35' title="bbox 2159 713 3694 784; baseline 0.001 -18"><span class='ocrx_word' id='word_1_239' title='bbox 2159 713 2255 782; x_wconf 81' lang='grc' dir='ltr'><strong>οὐχ</strong></span> <span class='ocrx_word' id='word_1_240' title='bbox 2291 713 2477 777; x_wconf 82' lang='grc' dir='ltr'><strong>ἁπλῶς</strong></span> <span class='ocrx_word' id='word_1_241' title='bbox 2493 713 2550 766; x_wconf 84' lang='grc' dir='ltr'><strong>δὲ</strong></span> <span class='ocrx_word' id='word_1_242' title='bbox 2578 713 2791 767; x_wconf 82' lang='grc' dir='ltr'><strong>κελεύει</strong></span> <span class='ocrx_word' id='word_1_243' title='bbox 2810 713 3035 776; x_wconf 76' lang='grc' dir='ltr'><strong>τούτους</strong></span> <span class='ocrx_word' id='word_1_244' title='bbox 3059 713 3306 777; x_wconf 88' lang='grc' dir='ltr'><strong>καλέσαι,</strong></span> <span class='ocrx_word' id='word_1_245' title='bbox 3335 713 3470 766; x_wconf 92' lang='grc' dir='ltr'><strong>ἁλλά</strong></span> <span class='ocrx_word' id='word_1_246' title='bbox 3493 714 3694 784; x_wconf 76' lang='grc' dir='ltr'><strong>ἀναγκά-</strong></span> 
     </span>
    </p>
   </div>
   <div class='ocr_carea' id='block_1_36' title="bbox 2160 802 3692 874">
    <p class='ocr_par' dir='ltr' id='par_1_36' title="bbox 2160 802 3692 874">
     <span class='ocr_line' id='line_1_36' title="bbox 2160 802 3692 874; baseline 0.004 -21"><span class='ocrx_word' id='word_1_247' title='bbox 2160 819 2272 867; x_wconf 92' lang='grc' dir='ltr'><strong>σαι,</strong></span> <span class='ocrx_word' id='word_1_248' title='bbox 2308 804 2486 856; x_wconf 77' lang='grc' dir='ltr'><strong>καίτοι</strong></span> <span class='ocrx_word' id='word_1_249' title='bbox 2513 803 2898 874; x_wconf 82' lang='grc' dir='ltr'><strong>προαιρετικὸν</strong></span> <span class='ocrx_word' id='word_1_250' title='bbox 2930 802 3104 858; x_wconf 82' lang='grc' dir='ltr'><strong>ἁπασι</strong></span> <span class='ocrx_word' id='word_1_251' title='bbox 3155 803 3216 856; x_wconf 74' lang='grc' dir='ltr'><strong>τὸ</strong></span> <span class='ocrx_word' id='word_1_252' title='bbox 3250 803 3521 855; x_wconf 77' lang='grc' dir='ltr'><strong>πιστεύειν</strong></span> <span class='ocrx_word' id='word_1_253' title='bbox 3545 819 3558 834; x_wconf 77' lang='lat'><strong><em>°</em></strong></span> <span class='ocrx_word' id='word_1_254' title='bbox 3601 805 3692 858; x_wconf 80' lang='grc' dir='ltr'><strong>ἀλλ’</strong></span> 
     </span>
    </p>
   </div>
   <div class='ocr_carea' id='block_1_37' title="bbox 2159 895 3694 969">
    <p class='ocr_par' dir='ltr' id='par_1_37' title="bbox 2159 895 3694 969">
     <span class='ocr_line' id='line_1_37' title="bbox 2159 895 3694 969; baseline 0 -21"><span class='ocrx_word' id='word_1_255' title='bbox 2159 896 2245 949; x_wconf 82' lang='grc' dir='ltr'><strong>ἴνα</strong></span> <span class='ocrx_word' id='word_1_256' title='bbox 2287 897 2571 966; x_wconf 82' lang='grc' dir='ltr'><strong>μάθωμεν,</strong></span> <span class='ocrx_word' id='word_1_257' title='bbox 2603 899 2688 951; x_wconf 82' lang='grc' dir='ltr'><strong>ὅτι</strong></span> <span class='ocrx_word' id='word_1_258' title='bbox 2725 898 2969 967; x_wconf 78' lang='grc' dir='ltr'><strong>μεγάλης</strong></span> <span class='ocrx_word' id='word_1_259' title='bbox 3006 897 3099 950; x_wconf 82' lang='grc' dir='ltr'><strong>τοῦ</strong></span> <span class='ocrx_word' id='word_1_260' title='bbox 3145 895 3283 949; x_wconf 76' lang='grc' dir='ltr'><strong>Θεοῦ</strong></span> <span class='ocrx_word' id='word_1_261' title='bbox 3321 896 3588 965; x_wconf 80' lang='grc' dir='ltr'><strong>δυνάμεως</strong></span> <span class='ocrx_word' id='word_1_262' title='bbox 3615 915 3694 969; x_wconf 69' lang='lat' dir='ltr'><strong>eq.</strong></span> 
     </span>
    </p>
   </div>
   <div class='ocr_carea' id='block_1_38' title="bbox 2161 985 3694 1057">
    <p class='ocr_par' dir='ltr' id='par_1_38' title="bbox 2161 985 3694 1057">
     <span class='ocr_line' id='line_1_38' title="bbox 2161 985 3694 1057; baseline 0.001 -17"><span class='ocrx_word' id='word_1_263' title='bbox 2161 987 2312 1056; x_wconf 80' lang='grc' dir='ltr'><strong>μεῖόν</strong></span> <span class='ocrx_word' id='word_1_264' title='bbox 2347 988 2465 1039; x_wconf 74' lang='grc' dir='ltr'><strong>ἐστι</strong></span> <span class='ocrx_word' id='word_1_265' title='bbox 2504 987 2565 1040; x_wconf 74' lang='grc' dir='ltr'><strong>τὸ</strong></span> <span class='ocrx_word' id='word_1_266' title='bbox 2589 987 2877 1040; x_wconf 81' lang='grc' dir='ltr'><strong>πιστεῦσαι</strong></span> <span class='ocrx_word' id='word_1_267' title='bbox 2899 987 2968 1039; x_wconf 73' lang='grc' dir='ltr'><strong>τὰ</strong></span> <span class='ocrx_word' id='word_1_268' title='bbox 2998 986 3125 1057; x_wconf 77' lang='grc' dir='ltr'><strong>ἔθνη</strong></span> <span class='ocrx_word' id='word_1_269' title='bbox 3155 985 3426 1054; x_wconf 78' lang='grc' dir='ltr'><strong>τοσαύτην</strong></span> <span class='ocrx_word' id='word_1_270' title='bbox 3460 987 3694 1053; x_wconf 80' lang='grc' dir='ltr'><strong>ἀγνωσίαν</strong></span> 
     </span>
    </p>
   </div>
   <div class='ocr_carea' id='block_1_39' title="bbox 2159 1074 3694 1151">
    <p class='ocr_par' dir='ltr' id='par_1_39' title="bbox 2159 1074 3694 1151">
     <span class='ocr_line' id='line_1_39' title="bbox 2159 1074 3694 1151; baseline -0.001 -20"><span class='ocrx_word' id='word_1_271' title='bbox 2159 1079 2370 1150; x_wconf 81' lang='grc' dir='ltr'><strong>ἔχοντα,</strong></span> <span class='ocrx_word' id='word_1_272' title='bbox 2382 1079 2636 1133; x_wconf 77' lang='grc' dir='ltr'><strong>διὰτοῦτο</strong></span> <span class='ocrx_word' id='word_1_273' title='bbox 2647 1075 3180 1146; x_wconf 72' lang='grc' dir='ltr'><strong>εἷπεν,Ἀνάγκασον.</strong></span> <span class='ocrx_word' id='word_1_274' title='bbox 3200 1080 3260 1130; x_wconf 73' lang='lat' dir='ltr'><strong>El</strong></span> <span class='ocrx_word' id='word_1_275' title='bbox 3279 1079 3353 1151; x_wconf 80' lang='grc' dir='ltr'><strong>μὴ</strong></span> <span class='ocrx_word' id='word_1_276' title='bbox 3368 1074 3545 1148; x_wconf 74' lang='grc' dir='ltr'><strong>γὰρῆν</strong></span> <span class='ocrx_word' id='word_1_277' title='bbox 3559 1079 3694 1150; x_wconf 73' lang='grc' dir='ltr'><strong>πολλὴ</strong></span> 
     </span>
    </p>
   </div>
   <div class='ocr_carea' id='block_1_40' title="bbox 2157 1169 3696 1240">
    <p class='ocr_par' dir='ltr' id='par_1_40' title="bbox 2157 1169 3696 1240">
     <span class='ocr_line' id='line_1_40' title="bbox 2157 1169 3696 1240; baseline 0.001 -18"><span class='ocrx_word' id='word_1_278' title='bbox 2157 1170 2252 1223; x_wconf 77' lang='grc' dir='ltr'><strong>τοῦ</strong></span> <span class='ocrx_word' id='word_1_279' title='bbox 2309 1171 2710 1240; x_wconf 84' lang='grc' dir='ltr'><strong>κηρυττομένου</strong></span> <span class='ocrx_word' id='word_1_280' title='bbox 2773 1173 2806 1240; x_wconf 81' lang='grc' dir='ltr'>ἡ</span> <span class='ocrx_word' id='word_1_281' title='bbox 2862 1170 3113 1238; x_wconf 75' lang='grc' dir='ltr'><strong>δύναμις,</strong></span> <span class='ocrx_word' id='word_1_282' title='bbox 3174 1173 3268 1222; x_wconf 73' lang='grc' dir='ltr'><strong>καὶ</strong></span> <span class='ocrx_word' id='word_1_283' title='bbox 3316 1169 3521 1238; x_wconf 81' lang='grc' dir='ltr'><strong>μεγάλη</strong></span> <span class='ocrx_word' id='word_1_284' title='bbox 3563 1171 3696 1239; x_wconf 54' lang='lat' dir='ltr'><strong>ﬂre}</strong></span> 
     </span>
    </p>
   </div>
   <div class='ocr_carea' id='block_1_41' title="bbox 2158 1259 3696 1332">
    <p class='ocr_par' dir='ltr' id='par_1_41' title="bbox 2158 1259 3696 1332">
     <span class='ocr_line' id='line_1_41' title="bbox 2158 1259 3696 1332; baseline 0.001 -19"><span class='ocrx_word' id='word_1_285' title='bbox 2158 1261 2316 1328; x_wconf 84' lang='grc' dir='ltr'><strong>λόγου</strong></span> <span class='ocrx_word' id='word_1_286' title='bbox 2345 1261 2588 1330; x_wconf 84' lang='grc' dir='ltr'><strong>ἀλήθεια,</strong></span> <span class='ocrx_word' id='word_1_287' title='bbox 2634 1259 2749 1325; x_wconf 76' lang='grc' dir='ltr'><strong>πῶς</strong></span> <span class='ocrx_word' id='word_1_288' title='bbox 2795 1261 2862 1315; x_wconf 81' lang='grc' dir='ltr'><strong>ἂν</strong></span> <span class='ocrx_word' id='word_1_289' title='bbox 2895 1260 3222 1332; x_wconf 68' lang='grc' dir='ltr'><strong>ἐπείσθησαν</strong></span> <span class='ocrx_word' id='word_1_290' title='bbox 3255 1260 3529 1332; x_wconf 78' lang='grc' dir='ltr'><strong>ἄνθρωποι</strong></span> <span class='ocrx_word' id='word_1_291' title='bbox 3571 1262 3696 1314; x_wconf 74' lang='lat' dir='ltr'><strong>£le-</strong></span> 
     </span>
    </p>
   </div>
   <div class='ocr_carea' id='block_1_42' title="bbox 2159 1351 3698 1429">
    <p class='ocr_par' dir='ltr' id='par_1_42' title="bbox 2159 1351 3698 1429">
     <span class='ocr_line' id='line_1_42' title="bbox 2159 1351 3698 1429; baseline 0.003 -25"><span class='ocrx_word' id='word_1_292' title='bbox 2159 1351 2538 1429; x_wconf 78' lang='grc' dir='ltr'><strong>λομανοῦντες,</strong></span> <span class='ocrx_word' id='word_1_293' title='bbox 2571 1357 2663 1406; x_wconf 75' lang='grc' dir='ltr'><strong>καὶ</strong></span> <span class='ocrx_word' id='word_1_294' title='bbox 2695 1353 3182 1425; x_wconf 66' lang='grc' dir='ltr'><strong>αξσχῳυργοῦντες</strong></span> <span class='ocrx_word' id='word_1_295' title='bbox 3213 1353 3410 1425; x_wconf 77' lang='grc' dir='ltr'><strong>ἁθρόον</strong></span> <span class='ocrx_word' id='word_1_296' title='bbox 3442 1355 3698 1422; x_wconf 70' lang='grc' dir='ltr'><strong>ὲπιγνώνιι</strong></span> 
     </span>
    </p>
   </div>
   <div class='ocr_carea' id='block_1_43' title="bbox 2159 1444 3699 1515">
    <p class='ocr_par' dir='ltr' id='par_1_43' title="bbox 2159 1444 3699 1515">
     <span class='ocr_line' id='line_1_43' title="bbox 2159 1444 3699 1515; baseline 0.001 -17"><span class='ocrx_word' id='word_1_297' title='bbox 2159 1445 2250 1498; x_wconf 78' lang='grc' dir='ltr'><strong>τὸν</strong></span> <span class='ocrx_word' id='word_1_298' title='bbox 2282 1445 2452 1509; x_wconf 78' lang='grc' dir='ltr'><strong>ὅντως</strong></span> <span class='ocrx_word' id='word_1_299' title='bbox 2494 1445 2649 1508; x_wconf 77' lang='grc' dir='ltr'><strong>Θεὸν,</strong></span> <span class='ocrx_word' id='word_1_300' title='bbox 2684 1447 2778 1498; x_wconf 74' lang='grc' dir='ltr'><strong>καὶ</strong></span> <span class='ocrx_word' id='word_1_301' title='bbox 2808 1445 3180 1515; x_wconf 72' lang='grc' dir='ltr'><strong>πνευματικὸν</strong></span> <span class='ocrx_word' id='word_1_302' title='bbox 3209 1445 3324 1515; x_wconf 82' lang='grc' dir='ltr'><strong>βίον</strong></span> <span class='ocrx_word' id='word_1_303' title='bbox 3346 1444 3556 1499; x_wconf 78' lang='grc' dir='ltr'><strong>τελέσαι</strong></span> <span class='ocrx_word' id='word_1_304' title='bbox 3582 1461 3595 1510; x_wconf 86' lang='grc'><strong>;</strong></span> <span class='ocrx_word' id='word_1_305' title='bbox 3643 1447 3699 1499; x_wconf 70' lang='grc' dir='ltr'><strong>Τὸ</strong></span> 
     </span>
    </p>
   </div>
   <div class='ocr_carea' id='block_1_44' title="bbox 2160 1516 3697 1610">
    <p class='ocr_par' dir='ltr' id='par_1_44' title="bbox 2160 1516 3697 1610">
     <span class='ocr_line' id='line_1_44' title="bbox 2160 1516 3697 1610; baseline -0.003 -16"><span class='ocrx_word' id='word_1_306' title='bbox 2160 1541 2339 1594; x_wconf 81' lang='grc' dir='ltr'><strong>τοίνυν</strong></span> <span class='ocrx_word' id='word_1_307' title='bbox 2393 1540 2696 1610; x_wconf 81' lang='grc' dir='ltr'><strong>παράδοξον</strong></span> <span class='ocrx_word' id='word_1_308' title='bbox 2755 1541 2852 1609; x_wconf 81' lang='grc' dir='ltr'><strong>τῆς</strong></span> <span class='ocrx_word' id='word_1_309' title='bbox 2885 1539 3227 1608; x_wconf 79' lang='grc' dir='ltr'><strong>μεταθέσεως</strong></span> <span class='ocrx_word' id='word_1_310' title='bbox 3277 1516 3447 1592; x_wconf 74' lang='grc' dir='ltr'><strong>θέλων</strong></span> <span class='ocrx_word' id='word_1_311' title='bbox 3479 1539 3697 1608; x_wconf 83' lang='grc' dir='ltr'><strong>δηλῶσαι,</strong></span> 
     </span>
    </p>
   </div>
   <div class='ocr_carea' id='block_1_45' title="bbox 2162 1630 3702 1703">
    <p class='ocr_par' dir='ltr' id='par_1_45' title="bbox 2162 1630 3702 1703">
     <span class='ocr_line' id='line_1_45' title="bbox 2162 1630 3702 1703; baseline -0.001 -17"><span class='ocrx_word' id='word_1_312' title='bbox 2162 1633 2407 1702; x_wconf 75' lang='grc' dir='ltr'><strong>ἀνάγκην</strong></span> <span class='ocrx_word' id='word_1_313' title='bbox 2435 1634 2496 1685; x_wconf 80' lang='grc' dir='ltr'><strong>τδ</strong></span> <span class='ocrx_word' id='word_1_314' title='bbox 2522 1634 2753 1703; x_wconf 79' lang='grc' dir='ltr'><strong>πρᾶγμα</strong></span> <span class='ocrx_word' id='word_1_315' title='bbox 2781 1633 3063 1702; x_wconf 83' lang='grc' dir='ltr'><strong>ὠνόμασεν</strong></span> <span class='ocrx_word' id='word_1_316' title='bbox 3084 1647 3100 1662; x_wconf 75' lang='grc' dir='ltr'><strong><em>ο</em></strong></span> <span class='ocrx_word' id='word_1_317' title='bbox 3125 1630 3198 1691; x_wconf 82' lang='grc' dir='ltr'><strong>ὡς</strong></span> <span class='ocrx_word' id='word_1_318' title='bbox 3237 1630 3306 1683; x_wconf 80' lang='grc' dir='ltr'><strong>ἂν</strong></span> <span class='ocrx_word' id='word_1_319' title='bbox 3351 1631 3494 1683; x_wconf 80' lang='grc' dir='ltr'><strong>εἴποι</strong></span> <span class='ocrx_word' id='word_1_320' title='bbox 3525 1647 3616 1694; x_wconf 88' lang='grc' dir='ltr'><strong>τις,</strong></span> <span class='ocrx_word' id='word_1_321' title='bbox 3639 1631 3702 1684; x_wconf 76' lang='grc' dir='ltr'><strong>ὅτι</strong></span> 
     </span>
    </p>
   </div>
   <div class='ocr_carea' id='block_1_46' title="bbox 2164 1722 3701 1796">
    <p class='ocr_par' dir='ltr' id='par_1_46' title="bbox 2164 1722 3701 1796">
     <span class='ocr_line' id='line_1_46' title="bbox 2164 1722 3701 1796; baseline -0.002 -20"><span class='ocrx_word' id='word_1_322' title='bbox 2164 1725 2259 1777; x_wconf 73' lang='grc' dir='ltr'><strong>καὶ</strong></span> <span class='ocrx_word' id='word_1_323' title='bbox 2291 1723 2366 1796; x_wconf 82' lang='grc' dir='ltr'><strong>μὴ</strong></span> <span class='ocrx_word' id='word_1_324' title='bbox 2419 1723 2728 1794; x_wconf 82' lang='grc' dir='ltr'><strong>βουλόμενοι</strong></span> <span class='ocrx_word' id='word_1_325' title='bbox 2762 1724 2812 1776; x_wconf 82' lang='grc' dir='ltr'><strong>οί</strong></span> <span class='ocrx_word' id='word_1_326' title='bbox 2844 1723 3104 1792; x_wconf 82' lang='grc' dir='ltr'><strong>Ἕλληνες</strong></span> <span class='ocrx_word' id='word_1_327' title='bbox 3155 1722 3379 1792; x_wconf 80' lang='grc' dir='ltr'><strong>ἀφεῖναι</strong></span> <span class='ocrx_word' id='word_1_328' title='bbox 3425 1723 3493 1774; x_wconf 81' lang='grc' dir='ltr'><strong>τὰ</strong></span> <span class='ocrx_word' id='word_1_329' title='bbox 3523 1722 3701 1786; x_wconf 72' lang='grc' dir='ltr'><strong>εἴδωλα,</strong></span> 
     </span>
    </p>
   </div>
   <div class='ocr_carea' id='block_1_47' title="bbox 2165 1814 3703 1888">
    <p class='ocr_par' dir='ltr' id='par_1_47' title="bbox 2165 1814 3703 1888">
     <span class='ocr_line' id='line_1_47' title="bbox 2165 1814 3703 1888; baseline -0.002 -18"><span class='ocrx_word' id='word_1_330' title='bbox 2165 1819 2258 1871; x_wconf 77' lang='grc' dir='ltr'><strong>καὶ</strong></span> <span class='ocrx_word' id='word_1_331' title='bbox 2291 1817 2390 1885; x_wconf 77' lang='grc' dir='ltr'><strong>τὴν</strong></span> <span class='ocrx_word' id='word_1_332' title='bbox 2415 1818 2646 1888; x_wconf 84' lang='grc' dir='ltr'><strong>τρυφὴν,</strong></span> <span class='ocrx_word' id='word_1_333' title='bbox 2692 1818 2842 1887; x_wconf 80' lang='grc' dir='ltr'><strong>ὅμως</strong></span> <span class='ocrx_word' id='word_1_334' title='bbox 2865 1816 2971 1869; x_wconf 75' lang='grc' dir='ltr'><strong>ὑπὸ</strong></span> <span class='ocrx_word' id='word_1_335' title='bbox 3000 1815 3098 1884; x_wconf 79' lang='grc' dir='ltr'><strong>τῆς</strong></span> <span class='ocrx_word' id='word_1_336' title='bbox 3138 1814 3397 1885; x_wconf 78' lang='grc' dir='ltr'><strong>ἀληθείας</strong></span> <span class='ocrx_word' id='word_1_337' title='bbox 3441 1814 3530 1868; x_wconf 77' lang='grc' dir='ltr'><strong>τοῦ</strong></span> <span class='ocrx_word' id='word_1_338' title='bbox 3563 1815 3703 1885; x_wconf 79' lang='grc' dir='ltr'><strong>κηρύ-</strong></span> 
     </span>
    </p>
   </div>
   <div class='ocr_carea' id='block_1_48' title="bbox 2163 1905 3703 1976">
    <p class='ocr_par' dir='ltr' id='par_1_48' title="bbox 2163 1905 3703 1976">
     <span class='ocr_line' id='line_1_48' title="bbox 2163 1905 3703 1976; baseline -0.003 -18"><span class='ocrx_word' id='word_1_339' title='bbox 2163 1923 2369 1974; x_wconf 87' lang='grc' dir='ltr'><strong>γματος</strong></span> <span class='ocrx_word' id='word_1_340' title='bbox 2405 1905 2825 1976; x_wconf 78' lang='grc' dir='ltr'><strong>ἡναγκάσθησαν</strong></span> <span class='ocrx_word' id='word_1_341' title='bbox 2856 1906 3028 1960; x_wconf 76' lang='grc' dir='ltr'><strong>ταῦτα</strong></span> <span class='ocrx_word' id='word_1_342' title='bbox 3051 1909 3262 1973; x_wconf 80' lang='grc' dir='ltr'><strong>φυγεῖν.</strong></span> <span class='ocrx_word' id='word_1_343' title='bbox 3297 1906 3508 1969; x_wconf 78' lang='grc' dir='ltr'><strong>Ἀλλως</strong></span> <span class='ocrx_word' id='word_1_344' title='bbox 3539 1922 3591 1958; x_wconf 86' lang='grc' dir='ltr'><strong>τε</strong></span> <span class='ocrx_word' id='word_1_345' title='bbox 3613 1907 3703 1970; x_wconf 66' lang='grc' dir='ltr'><strong>καὶ,</strong></span> 
     </span>
    </p>
   </div>
   <div class='ocr_carea' id='block_1_49' title="bbox 2165 1996 3701 2068">
    <p class='ocr_par' dir='ltr' id='par_1_49' title="bbox 2165 1996 3701 2068">
     <span class='ocr_line' id='line_1_49' title="bbox 2165 1996 3701 2068; baseline -0.001 -18"><span class='ocrx_word' id='word_1_346' title='bbox 2165 1998 2199 2068; x_wconf 76' lang='grc' dir='ltr'>ἡ</span> <span class='ocrx_word' id='word_1_347' title='bbox 2227 1997 2454 2068; x_wconf 88' lang='grc' dir='ltr'><strong>δύναμις</strong></span> <span class='ocrx_word' id='word_1_348' title='bbox 2495 1997 2605 2049; x_wconf 81' lang='grc' dir='ltr'><strong>τῶν</strong></span> <span class='ocrx_word' id='word_1_349' title='bbox 2654 1996 2896 2067; x_wconf 79' lang='grc' dir='ltr'><strong>σημείων</strong></span> <span class='ocrx_word' id='word_1_350' title='bbox 2947 1997 3190 2066; x_wconf 82' lang='grc' dir='ltr'><strong>μεγάλην</strong></span> <span class='ocrx_word' id='word_1_351' title='bbox 3235 1998 3446 2064; x_wconf 73' lang='grc' dir='ltr'><strong>ὲπῆγεν</strong></span> <span class='ocrx_word' id='word_1_352' title='bbox 3497 1997 3701 2065; x_wconf 77' lang='grc' dir='ltr'><strong>ἀνάγκην</strong></span> 
     </span>
    </p>
   </div>
   <div class='ocr_carea' id='block_1_50' title="bbox 2165 2087 3700 2159">
    <p class='ocr_par' dir='ltr' id='par_1_50' title="bbox 2165 2087 3700 2159">
     <span class='ocr_line' id='line_1_50' title="bbox 2165 2087 3700 2159; baseline -0.003 -16"><span class='ocrx_word' id='word_1_353' title='bbox 2165 2090 2259 2143; x_wconf 81' lang='grc' dir='ltr'><strong>τοῦ</strong></span> <span class='ocrx_word' id='word_1_354' title='bbox 2293 2087 2652 2159; x_wconf 82' lang='grc' dir='ltr'><strong>μετατεθῆναι</strong></span> <span class='ocrx_word' id='word_1_355' title='bbox 2681 2089 2762 2152; x_wconf 86' lang='grc' dir='ltr'><strong>είς</strong></span> <span class='ocrx_word' id='word_1_356' title='bbox 2806 2089 2904 2158; x_wconf 78' lang='grc' dir='ltr'><strong>τὴν</strong></span> <span class='ocrx_word' id='word_1_357' title='bbox 2932 2089 3028 2141; x_wconf 85' lang='grc' dir='ltr'><strong>τοῦ</strong></span> <span class='ocrx_word' id='word_1_358' title='bbox 3081 2087 3320 2158; x_wconf 80' lang='grc' dir='ltr'><strong>Χριστοῦ</strong></span> <span class='ocrx_word' id='word_1_359' title='bbox 3364 2087 3560 2142; x_wconf 85' lang='grc' dir='ltr'><strong>πίστιν.</strong></span> <span class='ocrx_word' id='word_1_360' title='bbox 3615 2090 3700 2141; x_wconf 73' lang='grc' dir='ltr'><strong>Καὶ</strong></span> 
     </span>
    </p>
   </div>
   <div class='ocr_carea' id='block_1_51' title="bbox 2167 2170 3702 2249">
    <p class='ocr_par' dir='ltr' id='par_1_51' title="bbox 2167 2170 3702 2249">
     <span class='ocr_line' id='line_1_51' title="bbox 2167 2170 3702 2249; baseline -0.002 -16"><span class='ocrx_word' id='word_1_361' title='bbox 2167 2180 2516 2249; x_wconf 84' lang='grc' dir='ltr'><strong>καθεκὰστην</strong></span> <span class='ocrx_word' id='word_1_362' title='bbox 2541 2178 2598 2232; x_wconf 78' lang='grc' dir='ltr'><strong>δὲ</strong></span> <span class='ocrx_word' id='word_1_363' title='bbox 2621 2181 2648 2233; x_wconf 86' lang='grc' dir='ltr'><strong>ό</strong></span> <span class='ocrx_word' id='word_1_364' title='bbox 2672 2179 2886 2241; x_wconf 82' lang='grc' dir='ltr'><strong>δεῖπνος</strong></span> <span class='ocrx_word' id='word_1_365' title='bbox 2932 2170 3086 2240; x_wconf 73' lang='grc' dir='ltr'><strong>οὗτος</strong></span> <span class='ocrx_word' id='word_1_366' title='bbox 3119 2177 3489 2248; x_wconf 72' lang='grc' dir='ltr'><strong>έτοιμὰζεται,</strong></span> <span class='ocrx_word' id='word_1_367' title='bbox 3525 2180 3604 2231; x_wconf 84' lang='grc' dir='ltr'><strong>καὶ</strong></span> <span class='ocrx_word' id='word_1_368' title='bbox 3625 2196 3702 2231; x_wconf 83' lang='grc' dir='ltr'><strong>κα·</strong></span> 
     </span>
    </p>
   </div>
   <div class='ocr_carea' id='block_1_52' title="bbox 2167 2268 3707 2340">
    <p class='ocr_par' dir='ltr' id='par_1_52' title="bbox 2167 2268 3707 2340">
     <span class='ocr_line' id='line_1_52' title="bbox 2167 2268 3707 2340; baseline 0.001 -19"><span class='ocrx_word' id='word_1_369' title='bbox 2167 2269 2405 2340; x_wconf 83' lang='grc' dir='ltr'><strong>λούμεθα</strong></span> <span class='ocrx_word' id='word_1_370' title='bbox 2432 2268 2629 2332; x_wconf 78' lang='grc' dir='ltr'><strong>πάντες</strong></span> <span class='ocrx_word' id='word_1_371' title='bbox 2650 2271 2732 2330; x_wconf 70' lang='grc' dir='ltr'><strong>εἰς</strong></span> <span class='ocrx_word' id='word_1_372' title='bbox 2765 2269 2862 2340; x_wconf 77' lang='grc' dir='ltr'><strong>τὴν</strong></span> <span class='ocrx_word' id='word_1_373' title='bbox 2893 2268 3194 2338; x_wconf 84' lang='grc' dir='ltr'><strong>βασιλείαν,</strong></span> <span class='ocrx_word' id='word_1_374' title='bbox 3234 2268 3306 2339; x_wconf 70' lang='grc' dir='ltr'><strong>ἢν</strong></span> <span class='ocrx_word' id='word_1_375' title='bbox 3336 2269 3431 2321; x_wconf 74' lang='grc' dir='ltr'><strong>καὶ</strong></span> <span class='ocrx_word' id='word_1_376' title='bbox 3458 2269 3556 2337; x_wconf 68' lang='grc' dir='ltr'><strong>πρὸ</strong></span> <span class='ocrx_word' id='word_1_377' title='bbox 3577 2287 3707 2322; x_wconf 76' lang='grc' dir='ltr'><strong>κατει-</strong></span> 
     </span>
    </p>
   </div>
   <div class='ocr_carea' id='block_1_53' title="bbox 2169 2358 3706 2431">
    <p class='ocr_par' dir='ltr' id='par_1_53' title="bbox 2169 2358 3706 2431">
     <span class='ocr_line' id='line_1_53' title="bbox 2169 2358 3706 2431; baseline -0.003 -17"><span class='ocrx_word' id='word_1_378' title='bbox 2169 2361 2332 2431; x_wconf 77' lang='grc' dir='ltr'><strong>δολῆς</strong></span> <span class='ocrx_word' id='word_1_379' title='bbox 2363 2361 2566 2430; x_wconf 70' lang='grc' dir='ltr'><strong>κόσμου</strong></span> <span class='ocrx_word' id='word_1_380' title='bbox 2592 2361 2890 2431; x_wconf 78' lang='grc' dir='ltr'><strong>ἡτοίμασεν</strong></span> <span class='ocrx_word' id='word_1_381' title='bbox 2914 2361 2943 2414; x_wconf 88' lang='grc' dir='ltr'><strong>ό</strong></span> <span class='ocrx_word' id='word_1_382' title='bbox 2975 2359 3107 2423; x_wconf 74' lang='grc' dir='ltr'><strong>Θεὸς</strong></span> <span class='ocrx_word' id='word_1_383' title='bbox 3126 2362 3240 2422; x_wconf 89' lang='grc' dir='ltr'><strong>τοῖς</strong></span> <span class='ocrx_word' id='word_1_384' title='bbox 3261 2358 3567 2430; x_wconf 81' lang='grc' dir='ltr'><strong>ἀνθρώποις</strong></span> <span class='ocrx_word' id='word_1_385' title='bbox 3583 2374 3596 2390; x_wconf 72' lang='grc'>⁸</span> <span class='ocrx_word' id='word_1_386' title='bbox 3617 2359 3706 2412; x_wconf 80' lang='grc' dir='ltr'><strong>ἀλλ’</strong></span> 
     </span>
    </p>
   </div>
   <div class='ocr_carea' id='block_1_54' title="bbox 2168 2451 3706 2523">
    <p class='ocr_par' dir='ltr' id='par_1_54' title="bbox 2168 2451 3706 2523">
     <span class='ocr_line' id='line_1_54' title="bbox 2168 2451 3706 2523; baseline -0.001 -17"><span class='ocrx_word' id='word_1_387' title='bbox 2168 2453 2217 2507; x_wconf 75' lang='lat' dir='ltr'><strong>ei</strong></span> <span class='ocrx_word' id='word_1_388' title='bbox 2245 2453 2341 2522; x_wconf 73' lang='grc' dir='ltr'><strong>μὶν</strong></span> <span class='ocrx_word' id='word_1_389' title='bbox 2367 2452 2456 2505; x_wconf 87' lang='grc' dir='ltr'><strong>διὰ</strong></span> <span class='ocrx_word' id='word_1_390' title='bbox 2488 2451 2677 2519; x_wconf 81' lang='grc' dir='ltr'><strong>σοφία;</strong></span> <span class='ocrx_word' id='word_1_391' title='bbox 2724 2452 3070 2523; x_wconf 82' lang='grc' dir='ltr'><strong>περιεργίαν,</strong></span> <span class='ocrx_word' id='word_1_392' title='bbox 3102 2454 3151 2505; x_wconf 83' lang='lat' dir='ltr'><strong>el</strong></span> <span class='ocrx_word' id='word_1_393' title='bbox 3177 2453 3232 2505; x_wconf 83' lang='grc' dir='ltr'><strong>δὲ</strong></span> <span class='ocrx_word' id='word_1_394' title='bbox 3255 2452 3350 2505; x_wconf 79' lang='grc' dir='ltr'><strong>διὰ</strong></span> <span class='ocrx_word' id='word_1_395' title='bbox 3380 2451 3648 2522; x_wconf 74' lang='grc' dir='ltr'><strong>φιλοῦλίαν,</strong></span> <span class='ocrx_word' id='word_1_396' title='bbox 3670 2453 3706 2504; x_wconf 79' lang='lat' dir='ltr'><strong>el</strong></span> 
     </span>
    </p>
   </div>
   <div class='ocr_carea' id='block_1_55' title="bbox 2168 2541 3704 2614">
    <p class='ocr_par' dir='ltr' id='par_1_55' title="bbox 2168 2541 3704 2614">
     <span class='ocr_line' id='line_1_55' title="bbox 2168 2541 3704 2614; baseline -0.003 -15"><span class='ocrx_word' id='word_1_397' title='bbox 2168 2545 2224 2600; x_wconf 80' lang='grc' dir='ltr'><strong>δὲ</strong></span> <span class='ocrx_word' id='word_1_398' title='bbox 2254 2545 2338 2598; x_wconf 83' lang='grc' dir='ltr'><strong>διὰ</strong></span> <span class='ocrx_word' id='word_1_399' title='bbox 2373 2541 2732 2614; x_wconf 81' lang='grc' dir='ltr'><strong>φιλοσαρκίαν</strong></span> <span class='ocrx_word' id='word_1_400' title='bbox 2761 2543 2860 2596; x_wconf 82' lang='grc' dir='ltr'><strong>οὐκ</strong></span> <span class='ocrx_word' id='word_1_401' title='bbox 2885 2543 3186 2613; x_wconf 76' lang='grc' dir='ltr'><strong>ἁξιούμεθα</strong></span> <span class='ocrx_word' id='word_1_402' title='bbox 3220 2543 3466 2613; x_wconf 80' lang='grc' dir='ltr'><strong>ταύτης·</strong></span> <span class='ocrx_word' id='word_1_403' title='bbox 3496 2545 3527 2613; x_wconf 75' lang='grc' dir='ltr'>ἡ</span> <span class='ocrx_word' id='word_1_404' title='bbox 3559 2542 3609 2596; x_wconf 78' lang='grc' dir='ltr'><strong>δὲ</strong></span> <span class='ocrx_word' id='word_1_405' title='bbox 3632 2541 3704 2595; x_wconf 81' lang='grc' dir='ltr'><strong>τοῦ</strong></span> 
     </span>
    </p>
   </div>
   <div class='ocr_carea' id='block_1_56' title="bbox 2170 2635 3706 2710">
    <p class='ocr_par' dir='ltr' id='par_1_56' title="bbox 2170 2635 3706 2710">
     <span class='ocr_line' id='line_1_56' title="bbox 2170 2635 3706 2710; baseline -0.002 -19"><span class='ocrx_word' id='word_1_406' title='bbox 2170 2636 2305 2691; x_wconf 84' lang='grc' dir='ltr'><strong>Θεοῦ</strong></span> <span class='ocrx_word' id='word_1_407' title='bbox 2359 2635 2736 2707; x_wconf 82' lang='grc' dir='ltr'><strong>φιλανθρωπία</strong></span> <span class='ocrx_word' id='word_1_408' title='bbox 2794 2637 3002 2707; x_wconf 70' lang='grc' dir='ltr'><strong>ἑτέροις</strong></span> <span class='ocrx_word' id='word_1_409' title='bbox 3057 2637 3415 2710; x_wconf 79' lang='grc' dir='ltr'><strong>ἁμαρτωλοῖς</strong></span> <span class='ocrx_word' id='word_1_410' title='bbox 3466 2637 3706 2708; x_wconf 76' lang='grc' dir='ltr'><strong>χαρίζεται</strong></span> 
     </span>
    </p>
   </div>
   <div class='ocr_carea' id='block_1_57' title="bbox 2170 2725 3707 2800">
    <p class='ocr_par' dir='ltr' id='par_1_57' title="bbox 2170 2725 3707 2800">
     <span class='ocr_line' id='line_1_57' title="bbox 2170 2725 3707 2800; baseline -0.002 -18"><span class='ocrx_word' id='word_1_411' title='bbox 2170 2728 2395 2797; x_wconf 85' lang='grc' dir='ltr'><strong>ταύτην,</strong></span> <span class='ocrx_word' id='word_1_412' title='bbox 2425 2727 2644 2795; x_wconf 81' lang='grc' dir='ltr'><strong>τυφλοῖς</strong></span> <span class='ocrx_word' id='word_1_413' title='bbox 2675 2725 2774 2790; x_wconf 86' lang='grc' dir='ltr'><strong>τάς</strong></span> <span class='ocrx_word' id='word_1_414' title='bbox 2808 2727 3008 2797; x_wconf 81' lang='grc' dir='ltr'><strong>νοητὰς</strong></span> <span class='ocrx_word' id='word_1_415' title='bbox 3027 2727 3206 2798; x_wconf 63' lang='grc' dir='ltr'><strong>ὄψεις,</strong></span> <span class='ocrx_word' id='word_1_416' title='bbox 3238 2728 3318 2800; x_wconf 75' lang='grc' dir='ltr'><strong>μὴ</strong></span> <span class='ocrx_word' id='word_1_417' title='bbox 3363 2729 3580 2783; x_wconf 84' lang='grc' dir='ltr'><strong>συνιεῖσι</strong></span> <span class='ocrx_word' id='word_1_418' title='bbox 3601 2728 3707 2780; x_wconf 73' lang='grc' dir='ltr'><strong>τιτι</strong></span> 
     </span>
    </p>
   </div>
   <div class='ocr_carea' id='block_1_58' title="bbox 2171 2813 3703 2887">
    <p class='ocr_par' dir='ltr' id='par_1_58' title="bbox 2171 2813 3703 2887">
     <span class='ocr_line' id='line_1_58' title="bbox 2171 2813 3703 2887; baseline 0.001 -18"><span class='ocrx_word' id='word_1_419' title='bbox 2171 2816 2385 2886; x_wconf 85' lang='grc' dir='ltr'><strong>θέλημα</strong></span> <span class='ocrx_word' id='word_1_420' title='bbox 2413 2815 2506 2867; x_wconf 77' lang='grc' dir='ltr'><strong>τοῦ</strong></span> <span class='ocrx_word' id='word_1_421' title='bbox 2537 2813 2696 2878; x_wconf 80' lang='grc' dir='ltr'><strong>Θεοῦ,</strong></span> <span class='ocrx_word' id='word_1_422' title='bbox 2745 2814 2780 2884; x_wconf 76' lang='grc' dir='ltr'>ἢ</span> <span class='ocrx_word' id='word_1_423' title='bbox 2841 2816 3071 2870; x_wconf 76' lang='grc' dir='ltr'><strong>συνιεῖσι</strong></span> <span class='ocrx_word' id='word_1_424' title='bbox 3108 2816 3226 2887; x_wconf 76' lang='grc' dir='ltr'><strong>μὲν,</strong></span> <span class='ocrx_word' id='word_1_425' title='bbox 3264 2817 3466 2887; x_wconf 82' lang='grc' dir='ltr'><strong>χωλοῖς</strong></span> <span class='ocrx_word' id='word_1_426' title='bbox 3518 2817 3570 2870; x_wconf 75' lang='grc' dir='ltr'><strong>δὲ</strong></span> <span class='ocrx_word' id='word_1_427' title='bbox 3595 2816 3703 2884; x_wconf 74' lang='grc' dir='ltr'><strong>οὖσι,</strong></span> 
     </span>
    </p>
   </div>
   <div class='ocr_carea' id='block_1_59' title="bbox 2171 2909 3707 2983">
    <p class='ocr_par' dir='ltr' id='par_1_59' title="bbox 2171 2909 3707 2983">
     <span class='ocr_line' id='line_1_59' title="bbox 2171 2909 3707 2983; baseline 0 -20"><span class='ocrx_word' id='word_1_428' title='bbox 2171 2911 2266 2963; x_wconf 77' lang='grc' dir='ltr'><strong>καὶ</strong></span> <span class='ocrx_word' id='word_1_429' title='bbox 2285 2909 2600 2982; x_wconf 79' lang='grc' dir='ltr'><strong>ἁκινητοῦσι</strong></span> <span class='ocrx_word' id='word_1_430' title='bbox 2629 2910 2766 2980; x_wconf 77' lang='grc' dir='ltr'><strong>πρὸς</strong></span> <span class='ocrx_word' id='word_1_431' title='bbox 2800 2911 2864 2964; x_wconf 74' lang='grc' dir='ltr'><strong>τὸ</strong></span> <span class='ocrx_word' id='word_1_432' title='bbox 2889 2911 3146 2983; x_wconf 85' lang='grc' dir='ltr'><strong>πράττειν</strong></span> <span class='ocrx_word' id='word_1_433' title='bbox 3171 2913 3337 2966; x_wconf 81' lang='grc' dir='ltr'><strong>τοῦτο</strong></span> <span class='ocrx_word' id='word_1_434' title='bbox 3357 2928 3373 2943; x_wconf 87' lang='grc'><strong>·</strong></span> <span class='ocrx_word' id='word_1_435' title='bbox 3407 2914 3499 2968; x_wconf 75' lang='grc' dir='ltr'><strong>καί</strong></span> <span class='ocrx_word' id='word_1_436' title='bbox 3518 2913 3707 2974; x_wconf 69' lang='grc' dir='ltr'><strong>συνόλως</strong></span> 
     </span>
    </p>
   </div>
   <div class='ocr_carea' id='block_1_60' title="bbox 2173 3003 3706 3076">
    <p class='ocr_par' dir='ltr' id='par_1_60' title="bbox 2173 3003 3706 3076">
     <span class='ocr_line' id='line_1_60' title="bbox 2173 3003 3706 3076; baseline 0.003 -19"><span class='ocrx_word' id='word_1_437' title='bbox 2173 3006 2406 3075; x_wconf 82' lang='grc' dir='ltr'><strong>πτωχοῖς</strong></span> <span class='ocrx_word' id='word_1_438' title='bbox 2428 3003 2707 3058; x_wconf 81' lang='grc' dir='ltr'><strong>ἁποπεσοῦ</strong></span> <span class='ocrx_word' id='word_1_439' title='bbox 2717 3022 2766 3058; x_wconf 89' lang='grc' dir='ltr'><strong>σι</strong></span> <span class='ocrx_word' id='word_1_440' title='bbox 2791 3005 2890 3074; x_wconf 81' lang='grc' dir='ltr'><strong>τῆς</strong></span> <span class='ocrx_word' id='word_1_441' title='bbox 2915 3005 3029 3060; x_wconf 82' lang='grc' dir='ltr'><strong>ἀνω</strong></span> <span class='ocrx_word' id='word_1_442' title='bbox 3053 3005 3248 3076; x_wconf 33' lang='grc' dir='ltr'><strong>δόξης-⁸</strong></span> <span class='ocrx_word' id='word_1_443' title='bbox 3305 3006 3408 3060; x_wconf 75' lang='grc' dir='ltr'><strong>καὶ</strong></span> <span class='ocrx_word' id='word_1_444' title='bbox 3433 3006 3706 3076; x_wconf 79' lang='grc' dir='ltr'><strong>ἀναπήροις.</strong></span> 
     </span>
    </p>
   </div>
   <div class='ocr_carea' id='block_1_61' title="bbox 499 3092 2067 3178">
    <p class='ocr_par' dir='ltr' id='par_1_61' title="bbox 499 3092 2066 3162">
     <span class='ocr_line' id='line_1_61' title="bbox 499 3092 2066 3162; baseline -0.004 -10"><span class='ocrx_word' id='word_1_445' title='bbox 499 3095 799 3162; x_wconf 84' lang='lat' dir='ltr'><strong>divitibus,</strong></span> <span class='ocrx_word' id='word_1_446' title='bbox 856 3103 911 3150; x_wconf 83' lang='lat' dir='ltr'><strong>et</strong></span> <span class='ocrx_word' id='word_1_447' title='bbox 962 3094 1112 3150; x_wconf 91' lang='lat' dir='ltr'><strong>carni</strong></span> <span class='ocrx_word' id='word_1_448' title='bbox 1175 3093 1600 3162; x_wconf 75' lang='lat' dir='ltr'><strong>indulgentibus.</strong></span> <span class='ocrx_word' id='word_1_449' title='bbox 1658 3092 1837 3148; x_wconf 84' lang='lat' dir='ltr'><strong>Multis</strong></span> <span class='ocrx_word' id='word_1_450' title='bbox 1889 3102 2066 3148; x_wconf 90' lang='lat' dir='ltr'><strong>autem</strong></span> 
     </span>
    </p>
   </div>
   <div class='ocr_carea' id='block_1_62' title="bbox 2168 3092 3712 3178">
    <p class='ocr_par' dir='ltr' id='par_1_62' title="bbox 2174 3097 3712 3170">
     <span class='ocr_line' id='line_1_62' title="bbox 2174 3097 3712 3170; baseline -0.002 -20"><span class='ocrx_word' id='word_1_451' title='bbox 2174 3098 2402 3168; x_wconf 73' lang='grc' dir='ltr'><strong>ἄμωμον</strong></span> <span class='ocrx_word' id='word_1_452' title='bbox 2430 3097 2519 3150; x_wconf 80' lang='grc' dir='ltr'><strong>τὸν</strong></span> <span class='ocrx_word' id='word_1_453' title='bbox 2541 3097 2750 3150; x_wconf 75' lang='grc' dir='ltr'><strong>ἑαυτῶν</strong></span> <span class='ocrx_word' id='word_1_454' title='bbox 2775 3097 2886 3168; x_wconf 86' lang='grc' dir='ltr'><strong>βίον</strong></span> <span class='ocrx_word' id='word_1_455' title='bbox 2910 3097 2984 3168; x_wconf 77' lang='grc' dir='ltr'><strong>μὴ</strong></span> <span class='ocrx_word' id='word_1_456' title='bbox 3015 3097 3483 3170; x_wconf 74' lang='grc' dir='ltr'><strong>ἐπιδεικνυμένοις</strong></span> <span class='ocrx_word' id='word_1_457' title='bbox 3503 3113 3516 3126; x_wconf 89' lang='grc'><strong>·</strong></span> <span class='ocrx_word' id='word_1_458' title='bbox 3544 3101 3712 3157; x_wconf 55' lang='lat' dir='ltr'><strong>coiret;</strong></span> 
     </span>
    </p>
   </div>
   <div class='ocr_carea' id='block_1_63' title="bbox 503 3183 2073 3258">
    <p class='ocr_par' dir='ltr' id='par_1_63' title="bbox 503 3183 2073 3258">
     <span class='ocr_line' id='line_1_63' title="bbox 503 3183 2073 3258; baseline -0.003 -15"><span class='ocrx_word' id='word_1_459' title='bbox 503 3190 720 3243; x_wconf 89' lang='lat' dir='ltr'><strong>morbos</strong></span> <span class='ocrx_word' id='word_1_460' title='bbox 749 3197 802 3242; x_wconf 91' lang='lat' dir='ltr'><strong>et</strong></span> <span class='ocrx_word' id='word_1_461' title='bbox 831 3187 1070 3258; x_wconf 77' lang='lat' dir='ltr'><strong>pericula</strong></span> <span class='ocrx_word' id='word_1_462' title='bbox 1107 3184 1471 3252; x_wconf 80' lang='lat' dir='ltr'><strong>immittenda,</strong></span> <span class='ocrx_word' id='word_1_463' title='bbox 1501 3183 1630 3240; x_wconf 81' lang='lat' dir='ltr'><strong>facit</strong></span> <span class='ocrx_word' id='word_1_464' title='bbox 1661 3200 1756 3240; x_wconf 92' lang='lat' dir='ltr'><strong>eos</strong></span> <span class='ocrx_word' id='word_1_465' title='bbox 1793 3184 1954 3238; x_wconf 78' lang='lat' dir='ltr'><strong>etiam</strong></span> <span class='ocrx_word' id='word_1_466' title='bbox 1991 3183 2073 3238; x_wconf 90' lang='lat' dir='ltr'><strong>in-</strong></span> 
     </span>
    </p>
   </div>
   <div class='ocr_carea' id='block_1_64' title="bbox 501 3275 2072 3345">
    <p class='ocr_par' dir='ltr' id='par_1_64' title="bbox 501 3275 2072 3345">
     <span class='ocr_line' id='line_1_64' title="bbox 501 3275 2072 3345; baseline -0.001 -15"><span class='ocrx_word' id='word_1_467' title='bbox 501 3278 840 3332; x_wconf 86' lang='lat' dir='ltr'><strong>voluntarios</strong></span> <span class='ocrx_word' id='word_1_468' title='bbox 907 3275 1220 3331; x_wconf 89' lang='lat' dir='ltr'><strong>renuntiare</strong></span> <span class='ocrx_word' id='word_1_469' title='bbox 1285 3275 1410 3330; x_wconf 88' lang='lat' dir='ltr'><strong>huic</strong></span> <span class='ocrx_word' id='word_1_470' title='bbox 1459 3277 1625 3342; x_wconf 67' lang='lat' dir='ltr'><strong>vitae,</strong></span> <span class='ocrx_word' id='word_1_471' title='bbox 1679 3277 1873 3345; x_wconf 87' lang='lat' dir='ltr'><strong>quibus</strong></span> <span class='ocrx_word' id='word_1_472' title='bbox 1925 3278 2072 3330; x_wconf 86' lang='lat' dir='ltr'><strong>novit</strong></span> 
     </span>
    </p>
   </div>
   <div class='ocr_carea' id='block_1_65' title="bbox 495 3367 2072 3437">
    <p class='ocr_par' dir='ltr' id='par_1_65' title="bbox 495 3367 2072 3437">
     <span class='ocr_line' id='line_1_65' title="bbox 495 3367 2072 3437; baseline -0.001 -15"><span class='ocrx_word' id='word_1_473' title='bbox 495 3369 734 3437; x_wconf 79' lang='lat' dir='ltr'><strong>judit-iis,</strong></span> <span class='ocrx_word' id='word_1_474' title='bbox 752 3379 804 3423; x_wconf 89' lang='lat' dir='ltr'><strong>et</strong></span> <span class='ocrx_word' id='word_1_475' title='bbox 823 3369 1028 3422; x_wconf 84' lang='lat' dir='ltr'><strong>inducit</strong></span> <span class='ocrx_word' id='word_1_476' title='bbox 1045 3367 1166 3422; x_wconf 87' lang='lat' dir='ltr'><strong>illos</strong></span> <span class='ocrx_word' id='word_1_477' title='bbox 1184 3368 1251 3424; x_wconf 89' lang='lat' dir='ltr'><strong>ad</strong></span> <span class='ocrx_word' id='word_1_478' title='bbox 1270 3382 1476 3422; x_wconf 61' lang='lat' dir='ltr'><strong>scenam</strong></span> <span class='ocrx_word' id='word_1_479' title='bbox 1496 3383 1672 3430; x_wconf 90' lang='lat' dir='ltr'><strong>suam,</strong></span> <span class='ocrx_word' id='word_1_480' title='bbox 1692 3370 2072 3421; x_wconf 82' lang='lat' dir='ltr'><strong>necessitatem</strong></span> 
     </span>
    </p>
   </div>
   <div class='ocr_carea' id='block_1_66' title="bbox 501 3458 2074 3528">
    <p class='ocr_par' dir='ltr' id='par_1_66' title="bbox 501 3458 2074 3528">
     <span class='ocr_line' id='line_1_66' title="bbox 501 3458 2074 3528; baseline -0.002 -13"><span class='ocrx_word' id='word_1_481' title='bbox 501 3461 582 3516; x_wconf 85' lang='lat' dir='ltr'><strong>eis</strong></span> <span class='ocrx_word' id='word_1_482' title='bbox 612 3459 816 3514; x_wconf 71' lang='lat' dir='ltr'><strong>faciens</strong></span> <span class='ocrx_word' id='word_1_483' title='bbox 847 3458 1330 3528; x_wconf 86' lang='lat' dir='ltr'><strong>periclitationem;</strong></span> <span class='ocrx_word' id='word_1_484' title='bbox 1363 3468 1416 3513; x_wconf 88' lang='lat' dir='ltr'><strong>et</strong></span> <span class='ocrx_word' id='word_1_485' title='bbox 1444 3459 1598 3524; x_wconf 86' lang='lat' dir='ltr'><strong>hujus</strong></span> <span class='ocrx_word' id='word_1_486' title='bbox 1628 3461 1871 3526; x_wconf 67' lang='lat' dir='ltr'><strong>exempla</strong></span> <span class='ocrx_word' id='word_1_487' title='bbox 1905 3459 2074 3512; x_wconf 88' lang='lat' dir='ltr'><strong>multa</strong></span> 
     </span>
    </p>
   </div>
   <div class='ocr_carea' id='block_1_67' title="bbox 503 3548 2072 3619">
    <p class='ocr_par' dir='ltr' id='par_1_67' title="bbox 503 3548 2072 3619">
     <span class='ocr_line' id='line_1_67' title="bbox 503 3548 2072 3619; baseline 0 -14"><span class='ocrx_word' id='word_1_488' title='bbox 503 3560 650 3605; x_wconf 86' lang='lat' dir='ltr'><strong>sunt.</strong></span> <span class='ocrx_word' id='word_1_489' title='bbox 705 3550 871 3604; x_wconf 88' lang='lat' dir='ltr'><strong>Docet</strong></span> <span class='ocrx_word' id='word_1_490' title='bbox 913 3561 1093 3605; x_wconf 89' lang='lat' dir='ltr'><strong>autem</strong></span> <span class='ocrx_word' id='word_1_491' title='bbox 1139 3564 1241 3604; x_wconf 92' lang='lat' dir='ltr'><strong>nos</strong></span> <span class='ocrx_word' id='word_1_492' title='bbox 1291 3550 1544 3619; x_wconf 75' lang='lat' dir='ltr'><strong>parabole</strong></span> <span class='ocrx_word' id='word_1_493' title='bbox 1591 3551 1706 3604; x_wconf 79' lang='lat' dir='ltr'><strong>haec</strong></span> <span class='ocrx_word' id='word_1_494' title='bbox 1752 3548 2072 3619; x_wconf 85' lang='lat' dir='ltr'><strong>simplicius,</strong></span> 
     </span>
    </p>
   </div>
   <div class='ocr_carea' id='block_1_68' title="bbox 2173 3183 3708 3259">
    <p class='ocr_par' dir='ltr' id='par_1_68' title="bbox 2173 3183 3708 3259">
     <span class='ocr_line' id='line_1_68' title="bbox 2173 3183 3708 3259; baseline -0.003 -17"><span class='ocrx_word' id='word_1_495' title='bbox 2173 3183 2266 3242; x_wconf 80' lang='grc' dir='ltr'><strong>οὖν</strong></span> <span class='ocrx_word' id='word_1_496' title='bbox 2296 3192 2407 3251; x_wconf 86' lang='grc' dir='ltr'><strong>τοῖς</strong></span> <span class='ocrx_word' id='word_1_497' title='bbox 2443 3188 2784 3259; x_wconf 84' lang='grc' dir='ltr'><strong>ἁμαρτωλοῖς</strong></span> <span class='ocrx_word' id='word_1_498' title='bbox 2827 3190 2905 3251; x_wconf 84' lang='grc' dir='ltr'><strong>είς</strong></span> <span class='ocrx_word' id='word_1_499' title='bbox 2931 3189 3032 3252; x_wconf 86' lang='grc' dir='ltr'><strong>τὰς</strong></span> <span class='ocrx_word' id='word_1_500' title='bbox 3059 3187 3347 3256; x_wconf 86' lang='grc' dir='ltr'><strong>πλατείας,</strong></span> <span class='ocrx_word' id='word_1_501' title='bbox 3383 3190 3477 3243; x_wconf 76' lang='grc' dir='ltr'><strong>καὶ</strong></span> <span class='ocrx_word' id='word_1_502' title='bbox 3506 3185 3708 3258; x_wconf 75' lang='grc' dir='ltr'><strong>εὐρυχώ⁸</strong></span> 
     </span>
    </p>
   </div>
   <div class='ocr_carea' id='block_1_69' title="bbox 2177 3276 3712 3348">
    <p class='ocr_par' dir='ltr' id='par_1_69' title="bbox 2177 3276 3712 3348">
     <span class='ocr_line' id='line_1_69' title="bbox 2177 3276 3712 3348; baseline -0.003 -18"><span class='ocrx_word' id='word_1_503' title='bbox 2177 3295 2304 3348; x_wconf 83' lang='grc' dir='ltr'><strong>ρους</strong></span> <span class='ocrx_word' id='word_1_504' title='bbox 2335 3277 2486 3340; x_wconf 83' lang='grc' dir='ltr'><strong>ὁδοὺς</strong></span> <span class='ocrx_word' id='word_1_505' title='bbox 2524 3277 2622 3346; x_wconf 86' lang='grc' dir='ltr'><strong>τῆς</strong></span> <span class='ocrx_word' id='word_1_506' title='bbox 2657 3277 2933 3348; x_wconf 79' lang='grc' dir='ltr'><strong>ἁμαρτίας</strong></span> <span class='ocrx_word' id='word_1_507' title='bbox 2966 3276 3346 3348; x_wconf 80' lang='grc' dir='ltr'><strong>πλανωμένοις</strong></span> <span class='ocrx_word' id='word_1_508' title='bbox 3393 3276 3712 3346; x_wconf 81' lang='grc' dir='ltr'><strong>ὲπιπέμπειὸ</strong></span> 
     </span>
    </p>
   </div>
   <div class='ocr_carea' id='block_1_70' title="bbox 2176 3366 3712 3440">
    <p class='ocr_par' dir='ltr' id='par_1_70' title="bbox 2176 3366 3712 3440">
     <span class='ocr_line' id='line_1_70' title="bbox 2176 3366 3712 3440; baseline -0.003 -19"><span class='ocrx_word' id='word_1_509' title='bbox 2176 3368 2367 3440; x_wconf 85' lang='grc' dir='ltr'><strong>Πατὴρ</strong></span> <span class='ocrx_word' id='word_1_510' title='bbox 2389 3368 2478 3421; x_wconf 75' lang='grc' dir='ltr'><strong>τὸν</strong></span> <span class='ocrx_word' id='word_1_511' title='bbox 2505 3367 2929 3439; x_wconf 85' lang='grc' dir='ltr'><strong>δειπνοκλήτορα</strong></span> <span class='ocrx_word' id='word_1_512' title='bbox 2958 3367 3123 3423; x_wconf 79' lang='grc' dir='ltr'><strong>αὐτοῦ</strong></span> <span class='ocrx_word' id='word_1_513' title='bbox 3153 3369 3307 3436; x_wconf 76' lang='grc' dir='ltr'><strong>Υίὸν,</strong></span> <span class='ocrx_word' id='word_1_514' title='bbox 3337 3369 3431 3423; x_wconf 81' lang='grc' dir='ltr'><strong>τὸν</strong></span> <span class='ocrx_word' id='word_1_515' title='bbox 3450 3370 3540 3423; x_wconf 73' lang='grc' dir='ltr'><strong>καὶ</strong></span> <span class='ocrx_word' id='word_1_516' title='bbox 3564 3366 3712 3422; x_wconf 73' lang='grc' dir='ltr'><strong>δοῦλον</strong></span> 
     </span>
    </p>
   </div>
   <div class='ocr_carea' id='block_1_71' title="bbox 2175 3459 3711 3532">
    <p class='ocr_par' dir='ltr' id='par_1_71' title="bbox 2175 3459 3711 3532">
     <span class='ocr_line' id='line_1_71' title="bbox 2175 3459 3711 3532; baseline -0.001 -20"><span class='ocrx_word' id='word_1_517' title='bbox 2175 3461 2464 3531; x_wconf 84' lang='grc' dir='ltr'><strong>γενόμενον</strong></span> <span class='ocrx_word' id='word_1_518' title='bbox 2494 3459 2638 3514; x_wconf 83' lang='grc' dir='ltr'><strong>κατά</strong></span> <span class='ocrx_word' id='word_1_519' title='bbox 2669 3459 2868 3530; x_wconf 69' lang='grc' dir='ltr'><strong>σάρκα,</strong></span> <span class='ocrx_word' id='word_1_520' title='bbox 2897 3460 2990 3513; x_wconf 78' lang='grc' dir='ltr'><strong>τὸν</strong></span> <span class='ocrx_word' id='word_1_521' title='bbox 3019 3460 3094 3532; x_wconf 78' lang='grc' dir='ltr'><strong>μὴ</strong></span> <span class='ocrx_word' id='word_1_522' title='bbox 3122 3460 3371 3524; x_wconf 84' lang='grc' dir='ltr'><strong>δικαίους</strong></span> <span class='ocrx_word' id='word_1_523' title='bbox 3399 3460 3605 3513; x_wconf 76' lang='grc' dir='ltr'><strong>ἐλθόντα</strong></span> <span class='ocrx_word' id='word_1_524' title='bbox 3632 3475 3711 3511; x_wconf 78' lang='grc' dir='ltr'><strong>κα·</strong></span> 
     </span>
    </p>
   </div>
   <div class='ocr_carea' id='block_1_72' title="bbox 2176 3552 3713 3626">
    <p class='ocr_par' dir='ltr' id='par_1_72' title="bbox 2176 3552 3713 3626">
     <span class='ocr_line' id='line_1_72' title="bbox 2176 3552 3713 3626; baseline -0.002 -20"><span class='ocrx_word' id='word_1_525' title='bbox 2176 3553 2355 3616; x_wconf 83' lang='grc' dir='ltr'><strong>λέσαι,</strong></span> <span class='ocrx_word' id='word_1_526' title='bbox 2385 3553 2522 3606; x_wconf 84' lang='grc' dir='ltr'><strong>ἀλλὰ</strong></span> <span class='ocrx_word' id='word_1_527' title='bbox 2549 3552 2907 3625; x_wconf 85' lang='grc' dir='ltr'><strong>ἁμαρτωλούς</strong></span> <span class='ocrx_word' id='word_1_528' title='bbox 2927 3570 2940 3585; x_wconf 78' lang='grc'><strong><em>⁸</em></strong></span> <span class='ocrx_word' id='word_1_529' title='bbox 2985 3556 3078 3608; x_wconf 82' lang='grc' dir='ltr'><strong>καὶ</strong></span> <span class='ocrx_word' id='word_1_530' title='bbox 3112 3555 3266 3626; x_wconf 72' lang='grc' dir='ltr'><strong>ἑστιᾷ</strong></span> <span class='ocrx_word' id='word_1_531' title='bbox 3288 3553 3512 3617; x_wconf 80' lang='grc' dir='ltr'><strong>τούτους</strong></span> <span class='ocrx_word' id='word_1_532' title='bbox 3553 3553 3713 3620; x_wconf 73' lang='grc' dir='ltr'><strong>φιλοτίο</strong></span> 
     </span>
    </p>
   </div>
   <div class='ocr_carea' id='block_1_73' title="bbox 503 3638 2074 3711">
    <p class='ocr_par' dir='ltr' id='par_1_73' title="bbox 503 3638 2074 3711">
     <span class='ocr_line' id='line_1_73' title="bbox 503 3638 2074 3711; baseline 0.001 -18"><span class='ocrx_word' id='word_1_533' title='bbox 503 3641 833 3711; x_wconf 76' lang='lat' dir='ltr'><strong>punperibns</strong></span> <span class='ocrx_word' id='word_1_534' title='bbox 858 3649 912 3696; x_wconf 90' lang='lat' dir='ltr'><strong>et</strong></span> <span class='ocrx_word' id='word_1_535' title='bbox 941 3639 1208 3695; x_wconf 88' lang='lat' dir='ltr'><strong>debilibus</strong></span> <span class='ocrx_word' id='word_1_536' title='bbox 1234 3639 1416 3708; x_wconf 89' lang='lat' dir='ltr'><strong>potius</strong></span> <span class='ocrx_word' id='word_1_537' title='bbox 1439 3638 1670 3694; x_wconf 88' lang='lat' dir='ltr'><strong>dandum</strong></span> <span class='ocrx_word' id='word_1_538' title='bbox 1705 3654 1866 3708; x_wconf 89' lang='lat' dir='ltr'><strong>quam</strong></span> <span class='ocrx_word' id='word_1_539' title='bbox 1897 3639 2074 3694; x_wconf 82' lang='lat' dir='ltr'><strong>diviti-</strong></span> 
     </span>
    </p>
   </div>
   <div class='ocr_carea' id='block_1_74' title="bbox 503 3729 2075 3802">
    <p class='ocr_par' dir='ltr' id='par_1_74' title="bbox 503 3729 2075 3802">
     <span class='ocr_line' id='line_1_74' title="bbox 503 3729 2075 3802; baseline -0.003 -14"><span class='ocrx_word' id='word_1_540' title='bbox 503 3735 624 3794; x_wconf 84' lang='lat' dir='ltr'><strong>bus,</strong></span> <span class='ocrx_word' id='word_1_541' title='bbox 659 3731 712 3786; x_wconf 89' lang='lat' dir='ltr'><strong>id</strong></span> <span class='ocrx_word' id='word_1_542' title='bbox 741 3731 882 3801; x_wconf 88' lang='lat' dir='ltr'><strong>quod</strong></span> <span class='ocrx_word' id='word_1_543' title='bbox 909 3740 962 3786; x_wconf 91' lang='lat' dir='ltr'><strong>et</strong></span> <span class='ocrx_word' id='word_1_544' title='bbox 990 3729 1150 3802; x_wconf 87' lang='lat' dir='ltr'><strong>paulo</strong></span> <span class='ocrx_word' id='word_1_545' title='bbox 1181 3738 1342 3784; x_wconf 89' lang='lat' dir='ltr'><strong>antea</strong></span> <span class='ocrx_word' id='word_1_546' title='bbox 1377 3729 1761 3792; x_wconf 84' lang='lat' dir='ltr'><strong>adtnonnerat,</strong></span> <span class='ocrx_word' id='word_1_547' title='bbox 1793 3737 2075 3799; x_wconf 86' lang='lat' dir='ltr'><strong>propterea</strong></span> 
     </span>
    </p>
   </div>
   <div class='ocr_carea' id='block_1_75' title="bbox 2181 3643 3714 3714">
    <p class='ocr_par' dir='ltr' id='par_1_75' title="bbox 2181 3643 3714 3714">
     <span class='ocr_line' id='line_1_75' title="bbox 2181 3643 3714 3714; baseline -0.003 -16"><span class='ocrx_word' id='word_1_548' title='bbox 2181 3663 2296 3714; x_wconf 89' lang='grc' dir='ltr'><strong>μως</strong></span> <span class='ocrx_word' id='word_1_549' title='bbox 2329 3645 2445 3698; x_wconf 83' lang='grc' dir='ltr'><strong>ἀντ’</strong></span> <span class='ocrx_word' id='word_1_550' title='bbox 2475 3645 2699 3700; x_wconf 73' lang='grc' dir='ltr'><strong>ἐκείνων</strong></span> <span class='ocrx_word' id='word_1_551' title='bbox 2722 3645 2829 3699; x_wconf 82' lang='grc' dir='ltr'><strong>τῶν</strong></span> <span class='ocrx_word' id='word_1_552' title='bbox 2860 3646 3178 3712; x_wconf 85' lang='grc' dir='ltr'><strong>γνωστικῶν</strong></span> <span class='ocrx_word' id='word_1_553' title='bbox 3212 3645 3306 3699; x_wconf 81' lang='grc' dir='ltr'><strong>καὶ</strong></span> <span class='ocrx_word' id='word_1_554' title='bbox 3346 3646 3618 3708; x_wconf 80' lang='grc' dir='ltr'><strong>πλουσίων,</strong></span> <span class='ocrx_word' id='word_1_555' title='bbox 3640 3643 3714 3696; x_wconf 72' lang='grc' dir='ltr'><strong>καὶ</strong></span> 
     </span>
    </p>
   </div>
   <div class='ocr_carea' id='block_1_76' title="bbox 2179 3735 3715 3808">
    <p class='ocr_par' dir='ltr' id='par_1_76' title="bbox 2179 3735 3715 3808">
     <span class='ocr_line' id='line_1_76' title="bbox 2179 3735 3715 3808; baseline -0.002 -18"><span class='ocrx_word' id='word_1_556' title='bbox 2179 3739 2243 3806; x_wconf 80' lang='grc' dir='ltr'><strong>τῇ</strong></span> <span class='ocrx_word' id='word_1_557' title='bbox 2300 3738 2464 3806; x_wconf 77' lang='grc' dir='ltr'><strong>σαρκὶ</strong></span> <span class='ocrx_word' id='word_1_558' title='bbox 2494 3735 2889 3808; x_wconf 78' lang='grc' dir='ltr'><strong>χαριζομένων.</strong></span> <span class='ocrx_word' id='word_1_559' title='bbox 2928 3737 3147 3801; x_wconf 84' lang='grc' dir='ltr'><strong>Πολλοῖς</strong></span> <span class='ocrx_word' id='word_1_560' title='bbox 3192 3737 3250 3790; x_wconf 75' lang='grc' dir='ltr'><strong>δὲ</strong></span> <span class='ocrx_word' id='word_1_561' title='bbox 3287 3739 3386 3791; x_wconf 71' lang='grc' dir='ltr'><strong>καὶ</strong></span> <span class='ocrx_word' id='word_1_562' title='bbox 3425 3737 3597 3798; x_wconf 81' lang='grc' dir='ltr'><strong>νόσους</strong></span> <span class='ocrx_word' id='word_1_563' title='bbox 3623 3739 3715 3787; x_wconf 81' lang='grc' dir='ltr'><strong>ἐπι-</strong></span> 
     </span>
    </p>
   </div>
   <div class='ocr_carea' id='block_1_77' title="bbox 2180 3828 3714 3900">
    <p class='ocr_par' dir='ltr' id='par_1_77' title="bbox 2180 3828 3714 3900">
     <span class='ocr_line' id='line_1_77' title="bbox 2180 3828 3714 3900; baseline -0.003 -18"><span class='ocrx_word' id='word_1_564' title='bbox 2180 3829 2416 3900; x_wconf 82' lang='grc' dir='ltr'><strong>πέμπων</strong></span> <span class='ocrx_word' id='word_1_565' title='bbox 2449 3829 2543 3883; x_wconf 81' lang='grc' dir='ltr'><strong>καὶ</strong></span> <span class='ocrx_word' id='word_1_566' title='bbox 2578 3828 2892 3894; x_wconf 85' lang='grc' dir='ltr'><strong>κινδύνους,</strong></span> <span class='ocrx_word' id='word_1_567' title='bbox 2945 3832 3090 3882; x_wconf 87' lang='grc' dir='ltr'><strong>ποιεῖ</strong></span> <span class='ocrx_word' id='word_1_568' title='bbox 3129 3830 3330 3892; x_wconf 67' lang='grc' dir='ltr'><strong>αὐτοὺς</strong></span> <span class='ocrx_word' id='word_1_569' title='bbox 3383 3831 3477 3883; x_wconf 76' lang='grc' dir='ltr'><strong>καί⁷</strong></span> <span class='ocrx_word' id='word_1_570' title='bbox 3525 3829 3714 3888; x_wconf 73' lang='grc' dir='ltr'><strong>ἄκοντας</strong></span> 
     </span>
    </p>
   </div>
   <div class='ocr_carea' id='block_1_78' title="bbox 2179 3917 3715 3994">
    <p class='ocr_par' dir='ltr' id='par_1_78' title="bbox 2179 3917 3715 3994">
     <span class='ocr_line' id='line_1_78' title="bbox 2179 3917 3715 3994; baseline -0.003 -19"><span class='ocrx_word' id='word_1_571' title='bbox 2179 3922 2556 3990; x_wconf 73' lang='grc' dir='ltr'><strong>ἀποτάξασθαι</strong></span> <span class='ocrx_word' id='word_1_572' title='bbox 2594 3920 2672 3991; x_wconf 81' lang='grc' dir='ltr'><strong>τῷ</strong></span> <span class='ocrx_word' id='word_1_573' title='bbox 2704 3921 2823 3992; x_wconf 78' lang='grc' dir='ltr'><strong>βίῳ,</strong></span> <span class='ocrx_word' id='word_1_574' title='bbox 2850 3917 2932 3986; x_wconf 80' lang='grc' dir='ltr'><strong>οἷς</strong></span> <span class='ocrx_word' id='word_1_575' title='bbox 2963 3923 3228 3994; x_wconf 70' lang='grc' dir='ltr'><strong>κρίμασιν</strong></span> <span class='ocrx_word' id='word_1_576' title='bbox 3264 3918 3402 3987; x_wconf 78' lang='grc' dir='ltr'><strong>οἶδε,</strong></span> <span class='ocrx_word' id='word_1_577' title='bbox 3438 3925 3526 3977; x_wconf 83' lang='grc' dir='ltr'><strong>καὶ</strong></span> <span class='ocrx_word' id='word_1_578' title='bbox 3548 3922 3715 3987; x_wconf 76' lang='grc' dir='ltr'><strong>εἰσάγει</strong></span> 
     </span>
    </p>
   </div>
   <div class='ocr_carea' id='block_1_79' title="bbox 505 3817 2077 3891">
    <p class='ocr_par' dir='ltr' id='par_1_79' title="bbox 505 3817 2077 3891">
     <span class='ocr_line' id='line_1_79' title="bbox 505 3817 2077 3891; baseline -0.001 -16"><span class='ocrx_word' id='word_1_579' title='bbox 505 3823 647 3878; x_wconf 88' lang='lat' dir='ltr'><strong>istud</strong></span> <span class='ocrx_word' id='word_1_580' title='bbox 684 3823 898 3877; x_wconf 90' lang='lat' dir='ltr'><strong>videtur</strong></span> <span class='ocrx_word' id='word_1_581' title='bbox 937 3821 1191 3891; x_wconf 89' lang='lat' dir='ltr'><strong>parabola</strong></span> <span class='ocrx_word' id='word_1_582' title='bbox 1233 3820 1449 3884; x_wconf 89' lang='lat' dir='ltr'><strong>dicere,</strong></span> <span class='ocrx_word' id='word_1_583' title='bbox 1496 3833 1592 3888; x_wconf 80' lang='lat' dir='ltr'><strong>per</strong></span> <span class='ocrx_word' id='word_1_584' title='bbox 1624 3817 1724 3873; x_wconf 90' lang='lat' dir='ltr'><strong>ltoc</strong></span> <span class='ocrx_word' id='word_1_585' title='bbox 1768 3818 2077 3873; x_wconf 88' lang='lat' dir='ltr'><strong>credibilius</strong></span> 
     </span>
    </p>
   </div>
   <div class='ocr_carea' id='block_1_80' title="bbox 502 3911 2078 3988">
    <p class='ocr_par' dir='ltr' id='par_1_80' title="bbox 502 3911 2078 3988">
     <span class='ocr_line' id='line_1_80' title="bbox 502 3911 2078 3988; baseline -0.006 -16"><span class='ocrx_word' id='word_1_586' title='bbox 502 3919 708 3972; x_wconf 82' lang='lat' dir='ltr'><strong>faciens</strong></span> <span class='ocrx_word' id='word_1_587' title='bbox 743 3930 1011 3988; x_wconf 85' lang='lat' dir='ltr'><strong>pauperes</strong></span> <span class='ocrx_word' id='word_1_588' title='bbox 1045 3915 1294 3971; x_wconf 88' lang='lat' dir='ltr'><strong>convivio</strong></span> <span class='ocrx_word' id='word_1_589' title='bbox 1320 3913 1689 3983; x_wconf 82' lang='lat' dir='ltr'><strong>excipiendos.</strong></span> <span class='ocrx_word' id='word_1_590' title='bbox 1724 3911 1992 3966; x_wconf 86' lang='lat' dir='ltr'><strong>Discitnus</strong></span> <span class='ocrx_word' id='word_1_591' title='bbox 2023 3921 2078 3965; x_wconf 89' lang='lat' dir='ltr'><strong>et</strong></span> 
     </span>
    </p>
   </div>
   <div class='ocr_carea' id='block_1_81' title="bbox 501 4001 2067 4094">
    <p class='ocr_par' dir='ltr' id='par_1_81' title="bbox 501 4001 2067 4072">
     <span class='ocr_line' id='line_1_81' title="bbox 501 4001 2067 4072; baseline -0.004 -11"><span class='ocrx_word' id='word_1_592' title='bbox 501 4008 642 4061; x_wconf 88' lang='lat' dir='ltr'><strong>aliud</strong></span> <span class='ocrx_word' id='word_1_593' title='bbox 666 4047 682 4072; x_wconf 90' lang='lat'><strong>,</strong></span> <span class='ocrx_word' id='word_1_594' title='bbox 721 4006 919 4062; x_wconf 83' lang='lat' dir='ltr'><strong>debere</strong></span> <span class='ocrx_word' id='word_1_595' title='bbox 952 4019 1052 4059; x_wconf 90' lang='lat' dir='ltr'><strong>nos</strong></span> <span class='ocrx_word' id='word_1_596' title='bbox 1127 4005 1199 4057; x_wconf 84' lang='lat' dir='ltr'><strong>ita</strong></span> <span class='ocrx_word' id='word_1_597' title='bbox 1240 4018 1362 4057; x_wconf 88' lang='lat' dir='ltr'><strong>esse</strong></span> <span class='ocrx_word' id='word_1_598' title='bbox 1388 4001 1596 4057; x_wconf 88' lang='lat' dir='ltr'><strong>alacres</strong></span> <span class='ocrx_word' id='word_1_599' title='bbox 1625 4010 1680 4057; x_wconf 88' lang='lat' dir='ltr'><strong>et</strong></span> <span class='ocrx_word' id='word_1_600' title='bbox 1723 4002 1966 4056; x_wconf 85' lang='lat' dir='ltr'><strong>liberales</strong></span> <span class='ocrx_word' id='word_1_601' title='bbox 2010 4001 2067 4055; x_wconf 88' lang='lat' dir='ltr'><strong>ad</strong></span> 
     </span>
    </p>
   </div>
   <div class='ocr_carea' id='block_1_82' title="bbox 2168 4001 3711 4094">
    <p class='ocr_par' dir='ltr' id='par_1_82' title="bbox 2180 4010 3711 4094">
     <span class='ocr_line' id='line_1_82' title="bbox 2180 4010 3711 4094; baseline -0.002 -29"><span class='ocrx_word' id='word_1_602' title='bbox 2180 4013 2378 4076; x_wconf 70' lang='grc' dir='ltr'><strong>αὐτοὺς</strong></span> <span class='ocrx_word' id='word_1_603' title='bbox 2408 4013 2488 4075; x_wconf 85' lang='grc' dir='ltr'><strong>είς</strong></span> <span class='ocrx_word' id='word_1_604' title='bbox 2515 4011 2607 4065; x_wconf 78' lang='grc' dir='ltr'><strong>τὸν</strong></span> <span class='ocrx_word' id='word_1_605' title='bbox 2634 4011 2849 4065; x_wconf 87' lang='grc' dir='ltr'><strong>δεῖπνον</strong></span> <span class='ocrx_word' id='word_1_606' title='bbox 2895 4011 3082 4080; x_wconf 81' lang='grc' dir='ltr'><strong>αὐτοῦ,</strong></span> <span class='ocrx_word' id='word_1_607' title='bbox 3115 4013 3368 4094; x_wconf 60' lang='grc' dir='ltr'><strong>ἀνάγκην</strong></span> <span class='ocrx_word' id='word_1_608' title='bbox 3403 4014 3577 4076; x_wconf 76' lang='grc' dir='ltr'><strong>αὐτοῖς</strong></span> <span class='ocrx_word' id='word_1_609' title='bbox 3603 4010 3711 4063; x_wconf 71' lang='grc' dir='ltr'><strong>ἑπά-</strong></span> 
     </span>
    </p>
   </div>
   <div class='ocr_carea' id='block_1_83' title="bbox 501 4095 2067 4174">
    <p class='ocr_par' dir='ltr' id='par_1_83' title="bbox 501 4095 2067 4168">
     <span class='ocr_line' id='line_1_83' title="bbox 501 4095 2067 4168; baseline -0.005 -13"><span class='ocrx_word' id='word_1_610' title='bbox 501 4099 726 4155; x_wconf 87' lang='lat' dir='ltr'><strong>fratrutn</strong></span> <span class='ocrx_word' id='word_1_611' title='bbox 781 4096 1213 4168; x_wconf 90' lang='lat' dir='ltr'><strong>susceptionem,</strong></span> <span class='ocrx_word' id='word_1_612' title='bbox 1275 4106 1333 4149; x_wconf 91' lang='lat' dir='ltr'><strong>ut</strong></span> <span class='ocrx_word' id='word_1_613' title='bbox 1382 4097 1546 4150; x_wconf 89' lang='lat' dir='ltr'><strong>etiam</strong></span> <span class='ocrx_word' id='word_1_614' title='bbox 1622 4095 1863 4150; x_wconf 88' lang='lat' dir='ltr'><strong>nolentes</strong></span> <span class='ocrx_word' id='word_1_615' title='bbox 1915 4109 2067 4164; x_wconf 77' lang='lat' dir='ltr'><strong>coga-</strong></span> 
     </span>
    </p>
   </div>
   <div class='ocr_carea' id='block_1_84' title="bbox 2168 4095 3715 4174">
    <p class='ocr_par' dir='ltr' id='par_1_84' title="bbox 2181 4104 3715 4174">
     <span class='ocr_line' id='line_1_84' title="bbox 2181 4104 3715 4174; baseline -0.001 -18"><span class='ocrx_word' id='word_1_616' title='bbox 2181 4121 2293 4172; x_wconf 88' lang='grc' dir='ltr'><strong>γων</strong></span> <span class='ocrx_word' id='word_1_617' title='bbox 2321 4105 2421 4174; x_wconf 83' lang='grc' dir='ltr'><strong>τὴν</strong></span> <span class='ocrx_word' id='word_1_618' title='bbox 2445 4104 2553 4157; x_wconf 85' lang='grc' dir='ltr'><strong>τῶν</strong></span> <span class='ocrx_word' id='word_1_619' title='bbox 2588 4104 2851 4158; x_wconf 81' lang='grc' dir='ltr'><strong>κινδύνων</strong></span> <span class='ocrx_word' id='word_1_620' title='bbox 2873 4105 3141 4174; x_wconf 70' lang='grc' dir='ltr'><strong>ἐπιφοράν</strong></span> <span class='ocrx_word' id='word_1_621' title='bbox 3167 4121 3180 4135; x_wconf 85' lang='lat'><strong><em>°</em></strong></span> <span class='ocrx_word' id='word_1_622' title='bbox 3213 4109 3308 4159; x_wconf 75' lang='grc' dir='ltr'><strong>καὶ</strong></span> <span class='ocrx_word' id='word_1_623' title='bbox 3343 4106 3532 4158; x_wconf 87' lang='grc' dir='ltr'><strong>τούτου</strong></span> <span class='ocrx_word' id='word_1_624' title='bbox 3553 4106 3612 4156; x_wconf 73' lang='grc' dir='ltr'><strong>τὰ</strong></span> <span class='ocrx_word' id='word_1_625' title='bbox 3637 4119 3715 4154; x_wconf 76' lang='grc' dir='ltr'><strong>πσ-</strong></span> 
     </span>
    </p>
   </div>
   <div class='ocr_carea' id='block_1_85' title="bbox 502 4185 2067 4264">
    <p class='ocr_par' dir='ltr' id='par_1_85' title="bbox 502 4185 2067 4261">
     <span class='ocr_line' id='line_1_85' title="bbox 502 4185 2067 4261; baseline -0.003 -16"><span class='ocrx_word' id='word_1_626' title='bbox 502 4208 621 4245; x_wconf 89' lang='lat' dir='ltr'><strong>ntus</strong></span> <span class='ocrx_word' id='word_1_627' title='bbox 671 4201 725 4244; x_wconf 91' lang='lat' dir='ltr'><strong>nt</strong></span> <span class='ocrx_word' id='word_1_628' title='bbox 766 4191 1055 4261; x_wconf 75' lang='lat' dir='ltr'><strong>participes</strong></span> <span class='ocrx_word' id='word_1_629' title='bbox 1097 4189 1229 4243; x_wconf 81' lang='lat' dir='ltr'><strong>fiant</strong></span> <span class='ocrx_word' id='word_1_630' title='bbox 1285 4199 1591 4242; x_wconf 90' lang='lat' dir='ltr'><strong>nostrorum</strong></span> <span class='ocrx_word' id='word_1_631' title='bbox 1635 4186 1921 4241; x_wconf 89' lang='lat' dir='ltr'><strong>bonorum.</strong></span> <span class='ocrx_word' id='word_1_632' title='bbox 1969 4185 2067 4240; x_wconf 79' lang='lat' dir='ltr'><strong>llot</strong></span> 
     </span>
    </p>
   </div>
   <div class='ocr_carea' id='block_1_86' title="bbox 2168 4185 3716 4264">
    <p class='ocr_par' dir='ltr' id='par_1_86' title="bbox 2186 4192 3716 4264">
     <span class='ocr_line' id='line_1_86' title="bbox 2186 4192 3716 4264; baseline -0.003 -20"><span class='ocrx_word' id='word_1_633' title='bbox 2186 4192 2526 4262; x_wconf 86' lang='grc' dir='ltr'><strong>ραδείγματα</strong></span> <span class='ocrx_word' id='word_1_634' title='bbox 2571 4192 2763 4246; x_wconf 89' lang='grc' dir='ltr'><strong>πολλά.</strong></span> <span class='ocrx_word' id='word_1_635' title='bbox 2818 4193 3070 4246; x_wconf 82' lang='grc' dir='ltr'><strong>Διδάσκει</strong></span> <span class='ocrx_word' id='word_1_636' title='bbox 3117 4193 3172 4246; x_wconf 87' lang='grc' dir='ltr'><strong>δὲ</strong></span> <span class='ocrx_word' id='word_1_637' title='bbox 3224 4195 3376 4264; x_wconf 70' lang='grc' dir='ltr'><strong>ἡμᾶς</strong></span> <span class='ocrx_word' id='word_1_638' title='bbox 3410 4195 3501 4247; x_wconf 76' lang='grc' dir='ltr'><strong>καὶ</strong></span> <span class='ocrx_word' id='word_1_639' title='bbox 3530 4192 3716 4245; x_wconf 74' lang='grc' dir='ltr'><strong>κατὰτὸ</strong></span> 
     </span>
    </p>
   </div>
   <div class='ocr_carea' id='block_1_87' title="bbox 501 4277 2067 4356">
    <p class='ocr_par' dir='ltr' id='par_1_87' title="bbox 501 4277 2067 4350">
     <span class='ocr_line' id='line_1_87' title="bbox 501 4277 2067 4350; baseline -0.003 -14"><span class='ocrx_word' id='word_1_640' title='bbox 501 4289 556 4336; x_wconf 91' lang='lat' dir='ltr'><strong>et</strong></span> <span class='ocrx_word' id='word_1_641' title='bbox 613 4280 854 4350; x_wconf 78' lang='lat' dir='ltr'><strong>magistri</strong></span> <span class='ocrx_word' id='word_1_642' title='bbox 909 4281 1342 4346; x_wconf 87' lang='lat' dir='ltr'><strong>admoneamur,</strong></span> <span class='ocrx_word' id='word_1_643' title='bbox 1401 4279 1543 4348; x_wconf 90' lang='lat' dir='ltr'><strong>quod</strong></span> <span class='ocrx_word' id='word_1_644' title='bbox 1610 4293 1787 4348; x_wconf 68' lang='lat' dir='ltr'><strong>opera:</strong></span> <span class='ocrx_word' id='word_1_645' title='bbox 1848 4277 2067 4348; x_wconf 65' lang='lat' dir='ltr'><strong>pretiun‘</strong></span> 
     </span>
    </p>
   </div>
   <div class='ocr_carea' id='block_1_88' title="bbox 2168 4277 3716 4356">
    <p class='ocr_par' dir='ltr' id='par_1_88' title="bbox 2185 4283 3716 4356">
     <span class='ocr_line' id='line_1_88' title="bbox 2185 4283 3716 4356; baseline -0.002 -19"><span class='ocrx_word' id='word_1_646' title='bbox 2185 4283 2553 4352; x_wconf 84' lang='grc' dir='ltr'><strong>ἁπλούστερον</strong></span> <span class='ocrx_word' id='word_1_647' title='bbox 2589 4284 2622 4351; x_wconf 81' lang='grc' dir='ltr'>ἡ</span> <span class='ocrx_word' id='word_1_648' title='bbox 2661 4283 2944 4354; x_wconf 79' lang='grc' dir='ltr'><strong>παραϐολὴ</strong></span> <span class='ocrx_word' id='word_1_649' title='bbox 2967 4285 3081 4347; x_wconf 86' lang='grc' dir='ltr'><strong>τοῖς</strong></span> <span class='ocrx_word' id='word_1_650' title='bbox 3111 4284 3308 4356; x_wconf 81' lang='grc' dir='ltr'><strong>πένησι</strong></span> <span class='ocrx_word' id='word_1_651' title='bbox 3343 4287 3438 4338; x_wconf 80' lang='grc' dir='ltr'><strong>καὶ</strong></span> <span class='ocrx_word' id='word_1_652' title='bbox 3459 4284 3716 4352; x_wconf 52' lang='lat' dir='ltr'><strong>an:qu</strong></span> 
     </span>
    </p>
   </div>
   <div class='ocr_carea' id='block_1_89' title="bbox 503 4370 2067 4446">
    <p class='ocr_par' dir='ltr' id='par_1_89' title="bbox 503 4370 2067 4442">
     <span class='ocr_line' id='line_1_89' title="bbox 503 4370 2067 4442; baseline -0.002 -13"><span class='ocrx_word' id='word_1_653' title='bbox 503 4376 576 4429; x_wconf 88' lang='lat' dir='ltr'><strong>sit</strong></span> <span class='ocrx_word' id='word_1_654' title='bbox 619 4373 916 4441; x_wconf 88' lang='lat' dir='ltr'><strong>discipulos</strong></span> <span class='ocrx_word' id='word_1_655' title='bbox 961 4373 1122 4427; x_wconf 87' lang='lat' dir='ltr'><strong>etiam</strong></span> <span class='ocrx_word' id='word_1_656' title='bbox 1166 4372 1412 4426; x_wconf 86' lang='lat' dir='ltr'><strong>nolentes</strong></span> <span class='ocrx_word' id='word_1_657' title='bbox 1445 4370 1641 4427; x_wconf 89' lang='lat' dir='ltr'><strong>docere</strong></span> <span class='ocrx_word' id='word_1_658' title='bbox 1683 4385 1746 4426; x_wconf 89' lang='lat' dir='ltr'><strong>ea</strong></span> <span class='ocrx_word' id='word_1_659' title='bbox 1791 4385 1913 4440; x_wconf 79' lang='lat' dir='ltr'><strong>quae</strong></span> <span class='ocrx_word' id='word_1_660' title='bbox 1949 4372 2067 4442; x_wconf 69' lang='lat' dir='ltr'><strong>ipsi:</strong></span> 
     </span>
    </p>
   </div>
   <div class='ocr_carea' id='block_1_90' title="bbox 2168 4370 3718 4446">
    <p class='ocr_par' dir='ltr' id='par_1_90' title="bbox 2187 4371 3718 4446">
     <span class='ocr_line' id='line_1_90' title="bbox 2187 4371 3718 4446; baseline -0.001 -20"><span class='ocrx_word' id='word_1_661' title='bbox 2187 4371 2511 4446; x_wconf 76' lang='grc' dir='ltr'><strong>χαρίζεσθαι</strong></span> <span class='ocrx_word' id='word_1_662' title='bbox 2551 4373 2750 4443; x_wconf 84' lang='grc' dir='ltr'><strong>μᾶλλον</strong></span> <span class='ocrx_word' id='word_1_663' title='bbox 2793 4374 2825 4444; x_wconf 84' lang='grc' dir='ltr'><strong>ἢ</strong></span> <span class='ocrx_word' id='word_1_664' title='bbox 2855 4376 2964 4436; x_wconf 85' lang='grc' dir='ltr'><strong>τοῖς</strong></span> <span class='ocrx_word' id='word_1_665' title='bbox 2990 4375 3264 4438; x_wconf 81' lang='grc' dir='ltr'><strong>πλουσίοις</strong></span> <span class='ocrx_word' id='word_1_666' title='bbox 3283 4416 3298 4439; x_wconf 95' lang='grc'><strong>,</strong></span> <span class='ocrx_word' id='word_1_667' title='bbox 3335 4376 3364 4429; x_wconf 85' lang='grc' dir='ltr'><strong>ὃ</strong></span> <span class='ocrx_word' id='word_1_668' title='bbox 3399 4377 3490 4430; x_wconf 78' lang='grc' dir='ltr'><strong>καὶ</strong></span> <span class='ocrx_word' id='word_1_669' title='bbox 3515 4375 3608 4445; x_wconf 74' lang='grc' dir='ltr'><strong>πρὸ</strong></span> <span class='ocrx_word' id='word_1_670' title='bbox 3638 4371 3718 4425; x_wconf 78' lang='grc' dir='ltr'><strong>ὀλί-</strong></span> 
     </span>
    </p>
   </div>
   <div class='ocr_carea' id='block_1_91' title="bbox 505 4461 3718 4538">
    <p class='ocr_par' dir='ltr' id='par_1_91' title="bbox 505 4461 3718 4538">
     <span class='ocr_line' id='line_1_91' title="bbox 505 4461 3718 4538; baseline -0.001 -17"><span class='ocrx_word' id='word_1_671' title='bbox 505 4465 852 4521; x_wconf 83' lang='lat' dir='ltr'><strong>conveniant.</strong></span> <span class='ocrx_word' id='word_1_672' title='bbox 2105 4461 2148 4515; x_wconf 82' lang='grc' dir='ltr'><strong>Ι)</strong></span> <span class='ocrx_word' id='word_1_673' title='bbox 2182 4485 2280 4536; x_wconf 78' lang='grc' dir='ltr'><strong>γου</strong></span> <span class='ocrx_word' id='word_1_674' title='bbox 2327 4467 2636 4538; x_wconf 56' lang='grc' dir='ltr'><strong>παραινῶν,</strong></span> <span class='ocrx_word' id='word_1_675' title='bbox 2671 4466 2758 4518; x_wconf 76' lang='grc' dir='ltr'><strong>διὰ</strong></span> <span class='ocrx_word' id='word_1_676' title='bbox 2787 4465 2946 4519; x_wconf 84' lang='grc' dir='ltr'><strong>τοῦτο</strong></span> <span class='ocrx_word' id='word_1_677' title='bbox 2975 4467 3104 4520; x_wconf 74' lang='grc' dir='ltr'><strong>αὐτὸ</strong></span> <span class='ocrx_word' id='word_1_678' title='bbox 3135 4467 3280 4520; x_wconf 85' lang='grc' dir='ltr'><strong>δοκεῖ</strong></span> <span class='ocrx_word' id='word_1_679' title='bbox 3322 4468 3420 4538; x_wconf 85' lang='grc' dir='ltr'><strong>τὴν</strong></span> <span class='ocrx_word' id='word_1_680' title='bbox 3454 4463 3718 4537; x_wconf 75' lang='grc' dir='ltr'><strong>παραὸολὴν</strong></span> 
     </span>
    </p>
   </div>
   <div class='ocr_carea' id='block_1_92' title="bbox 504 4551 3718 4630">
    <p class='ocr_par' dir='ltr' id='par_1_92' title="bbox 504 4551 3718 4630">
     <span class='ocr_line' id='line_1_92' title="bbox 504 4551 3718 4630; baseline -0.003 -12"><span class='ocrx_word' id='word_1_681' title='bbox 504 4560 698 4617; x_wconf 75' lang='grc' dir='ltr'><strong>εἰπεῖν.</strong></span> <span class='ocrx_word' id='word_1_682' title='bbox 745 4554 1103 4626; x_wconf 69' lang='grc' dir='ltr'><strong>πιστούμενος</strong></span> <span class='ocrx_word' id='word_1_683' title='bbox 1131 4552 1220 4607; x_wconf 66' lang='grc' dir='ltr'><strong>διὰ</strong></span> <span class='ocrx_word' id='word_1_684' title='bbox 1267 4551 1492 4623; x_wconf 79' lang='grc' dir='ltr'><strong>ταύτης,</strong></span> <span class='ocrx_word' id='word_1_685' title='bbox 1528 4551 1609 4605; x_wconf 82' lang='grc' dir='ltr'><strong>δτι</strong></span> <span class='ocrx_word' id='word_1_686' title='bbox 1664 4553 1788 4614; x_wconf 72' lang='grc' dir='ltr'><strong>τοὺς</strong></span> <span class='ocrx_word' id='word_1_687' title='bbox 1821 4557 2072 4626; x_wconf 76' lang='grc' dir='ltr'><strong>πτωχοὺς</strong></span> <span class='ocrx_word' id='word_1_688' title='bbox 2109 4561 2190 4614; x_wconf 89' lang='grc' dir='ltr'><strong>δεῖ</strong></span> <span class='ocrx_word' id='word_1_689' title='bbox 2253 4559 2459 4630; x_wconf 80' lang='grc' dir='ltr'><strong>έστιᾷν.</strong></span> <span class='ocrx_word' id='word_1_690' title='bbox 2531 4559 2641 4612; x_wconf 73' lang='grc' dir='ltr'><strong>Καὶ</strong></span> <span class='ocrx_word' id='word_1_691' title='bbox 2676 4557 2804 4612; x_wconf 83' lang='grc' dir='ltr'><strong>ἀλλο</strong></span> <span class='ocrx_word' id='word_1_692' title='bbox 2835 4559 2888 4611; x_wconf 83' lang='grc' dir='ltr'><strong>δὲ</strong></span> <span class='ocrx_word' id='word_1_693' title='bbox 2918 4559 3284 4628; x_wconf 83' lang='grc' dir='ltr'><strong>μανθάνομεν,</strong></span> <span class='ocrx_word' id='word_1_694' title='bbox 3315 4560 3376 4612; x_wconf 83' lang='grc' dir='ltr'><strong>τὸ</strong></span> <span class='ocrx_word' id='word_1_695' title='bbox 3409 4559 3628 4629; x_wconf 80' lang='grc' dir='ltr'><strong>ὀφείλειν</strong></span> <span class='ocrx_word' id='word_1_696' title='bbox 3648 4552 3718 4609; x_wconf 77' lang='grc' dir='ltr'><strong>οὔ·</strong></span> 
     </span>
    </p>
   </div>
   <div class='ocr_carea' id='block_1_93' title="bbox 503 4647 3719 4724">
    <p class='ocr_par' dir='ltr' id='par_1_93' title="bbox 503 4647 3719 4724">
     <span class='ocr_line' id='line_1_93' title="bbox 503 4647 3719 4724; baseline -0.002 -16"><span class='ocrx_word' id='word_1_697' title='bbox 503 4671 609 4717; x_wconf 89' lang='grc' dir='ltr'><strong>τως</strong></span> <span class='ocrx_word' id='word_1_698' title='bbox 638 4648 775 4707; x_wconf 79' lang='grc' dir='ltr'><strong>εἶναι</strong></span> <span class='ocrx_word' id='word_1_699' title='bbox 809 4647 1208 4722; x_wconf 75' lang='grc' dir='ltr'><strong>πρόθυμοι,καὶ</strong></span> <span class='ocrx_word' id='word_1_700' title='bbox 1230 4648 1500 4718; x_wconf 82' lang='grc' dir='ltr'><strong>φιλότιμοι</strong></span> <span class='ocrx_word' id='word_1_701' title='bbox 1530 4649 1658 4718; x_wconf 77' lang='grc' dir='ltr'><strong>περὶ</strong></span> <span class='ocrx_word' id='word_1_702' title='bbox 1679 4647 1777 4720; x_wconf 79' lang='grc' dir='ltr'><strong>τὴν</strong></span> <span class='ocrx_word' id='word_1_703' title='bbox 1801 4649 2072 4722; x_wconf 79' lang='grc' dir='ltr'><strong>ὑποδοχὴν</strong></span> <span class='ocrx_word' id='word_1_704' title='bbox 2110 4655 2218 4709; x_wconf 81' lang='grc' dir='ltr'><strong>τῶν</strong></span> <span class='ocrx_word' id='word_1_705' title='bbox 2282 4653 2548 4722; x_wconf 81' lang='grc' dir='ltr'><strong>ἀδελφῶν,</strong></span> <span class='ocrx_word' id='word_1_706' title='bbox 2574 4651 2714 4706; x_wconf 81' lang='grc' dir='ltr'><strong>ὥστε</strong></span> <span class='ocrx_word' id='word_1_707' title='bbox 2743 4653 2836 4706; x_wconf 80' lang='grc' dir='ltr'><strong>καὶ</strong></span> <span class='ocrx_word' id='word_1_708' title='bbox 2871 4652 2946 4722; x_wconf 84' lang='grc' dir='ltr'><strong>μὴ</strong></span> <span class='ocrx_word' id='word_1_709' title='bbox 2971 4653 3219 4716; x_wconf 78' lang='grc' dir='ltr'><strong>θέλοντας</strong></span> <span class='ocrx_word' id='word_1_710' title='bbox 3239 4655 3566 4724; x_wconf 78' lang='grc' dir='ltr'><strong>ἀναγκάζειν</strong></span> <span class='ocrx_word' id='word_1_711' title='bbox 3613 4650 3719 4721; x_wconf 65' lang='grc' dir='ltr'><strong>πρὶς</strong></span> 
     </span>
    </p>
   </div>
   <div class='ocr_carea' id='block_1_94' title="bbox 503 4737 3718 4814">
    <p class='ocr_par' dir='ltr' id='par_1_94' title="bbox 503 4737 3718 4814">
     <span class='ocr_line' id='line_1_94' title="bbox 503 4737 3718 4814; baseline -0.002 -17"><span class='ocrx_word' id='word_1_712' title='bbox 503 4746 564 4798; x_wconf 85' lang='grc' dir='ltr'><strong>τὸ</strong></span> <span class='ocrx_word' id='word_1_713' title='bbox 591 4741 1030 4814; x_wconf 73' lang='grc' dir='ltr'><strong>μεταλαμϐάνειν</strong></span> <span class='ocrx_word' id='word_1_714' title='bbox 1055 4739 1162 4792; x_wconf 85' lang='grc' dir='ltr'><strong>τῶν</strong></span> <span class='ocrx_word' id='word_1_715' title='bbox 1203 4739 1480 4810; x_wconf 76' lang='grc' dir='ltr'><strong>ἡμετέρων</strong></span> <span class='ocrx_word' id='word_1_716' title='bbox 1511 4737 1751 4808; x_wconf 84' lang='grc' dir='ltr'><strong>ἀγαθῶν.</strong></span> <span class='ocrx_word' id='word_1_717' title='bbox 1786 4739 1956 4796; x_wconf 85' lang='grc' dir='ltr'><strong>Τοῦτο</strong></span> <span class='ocrx_word' id='word_1_718' title='bbox 1978 4743 2074 4796; x_wconf 78' lang='grc' dir='ltr'><strong>καὶ</strong></span> <span class='ocrx_word' id='word_1_719' title='bbox 2109 4747 2222 4810; x_wconf 88' lang='grc' dir='ltr'><strong>τοῖς</strong></span> <span class='ocrx_word' id='word_1_720' title='bbox 2283 4745 2598 4798; x_wconf 80' lang='grc' dir='ltr'><strong>διδάσκουσι</strong></span> <span class='ocrx_word' id='word_1_721' title='bbox 2631 4742 2843 4814; x_wconf 87' lang='grc' dir='ltr'><strong>μεγάλη</strong></span> <span class='ocrx_word' id='word_1_722' title='bbox 2874 4743 3148 4810; x_wconf 88' lang='grc' dir='ltr'><strong>νουθεσία,</strong></span> <span class='ocrx_word' id='word_1_723' title='bbox 3206 4742 3350 4797; x_wconf 83' lang='grc' dir='ltr'><strong>ὥστε</strong></span> <span class='ocrx_word' id='word_1_724' title='bbox 3417 4746 3508 4798; x_wconf 73' lang='lat' dir='ltr'><strong>xz‘t</strong></span> <span class='ocrx_word' id='word_1_725' title='bbox 3532 4744 3718 4801; x_wconf 78' lang='grc' dir='ltr'><strong>ἄκοντας</strong></span> 
     </span>
    </p>
   </div>
   <div class='ocr_carea' id='block_1_95' title="bbox 505 4831 1456 4905">
    <p class='ocr_par' dir='ltr' id='par_1_95' title="bbox 505 4831 1456 4905">
     <span class='ocr_line' id='line_1_95' title="bbox 505 4831 1456 4905; baseline -0.002 -16"><span class='ocrx_word' id='word_1_726' title='bbox 505 4836 630 4900; x_wconf 83' lang='grc' dir='ltr'><strong>τοὺς</strong></span> <span class='ocrx_word' id='word_1_727' title='bbox 655 4833 902 4905; x_wconf 85' lang='grc' dir='ltr'><strong>μαθητὰς</strong></span> <span class='ocrx_word' id='word_1_728' title='bbox 935 4831 1210 4885; x_wconf 81' lang='grc' dir='ltr'><strong>παιδεύειν</strong></span> <span class='ocrx_word' id='word_1_729' title='bbox 1235 4831 1294 4884; x_wconf 82' lang='grc' dir='ltr'><strong>τὸ</strong></span> <span class='ocrx_word' id='word_1_730' title='bbox 1316 4831 1456 4887; x_wconf 82' lang='grc' dir='ltr'><strong>δέον.</strong></span> 
     </span>
    </p>
   </div>
   <div class='ocr_carea' id='block_1_96' title="bbox 581 4921 2084 4994">
    <p class='ocr_par' dir='ltr' id='par_1_96' title="bbox 581 4921 2084 4994">
     <span class='ocr_line' id='line_1_96' title="bbox 581 4921 2084 4994; baseline -0.001 -14"><span class='ocrx_word' id='word_1_731' title='bbox 581 4929 745 4982; x_wconf 66' lang='lat' dir='ltr'><strong>Vens.</strong></span> <span class='ocrx_word' id='word_1_732' title='bbox 779 4924 969 4979; x_wconf 63' lang='grc' dir='ltr'><strong>ι25-27.</strong></span> <span class='ocrx_word' id='word_1_733' title='bbox 1005 4941 1023 4974; x_wconf 81' lang='grc' dir='ltr'><strong>ι</strong></span> <span class='ocrx_word' id='word_1_734' title='bbox 1054 4921 1208 4978; x_wconf 80' lang='lat' dir='ltr'><strong>Ibant</strong></span> <span class='ocrx_word' id='word_1_735' title='bbox 1238 4932 1416 4978; x_wconf 85' lang='lat' dir='ltr'><strong>autem</strong></span> <span class='ocrx_word' id='word_1_736' title='bbox 1451 4925 1621 4979; x_wconf 66' lang='lat' dir='ltr'><strong>turba!</strong></span> <span class='ocrx_word' id='word_1_737' title='bbox 1651 4927 1830 4982; x_wconf 77' lang='lat' dir='ltr'><strong>multa:</strong></span> <span class='ocrx_word' id='word_1_738' title='bbox 1852 4942 1972 4980; x_wconf 82' lang='lat' dir='ltr'><strong>cum</strong></span> <span class='ocrx_word' id='word_1_739' title='bbox 1998 4943 2084 4994; x_wconf 88' lang='lat' dir='ltr'><strong>eo,</strong></span> 
     </span>
    </p>
   </div>
   <div class='ocr_carea' id='block_1_97' title="bbox 509 5015 2084 5086">
    <p class='ocr_par' dir='ltr' id='par_1_97' title="bbox 509 5015 2084 5086">
     <span class='ocr_line' id='line_1_97' title="bbox 509 5015 2084 5086; baseline -0.001 -10"><span class='ocrx_word' id='word_1_740' title='bbox 509 5031 562 5076; x_wconf 89' lang='lat' dir='ltr'><strong>et</strong></span> <span class='ocrx_word' id='word_1_741' title='bbox 597 5034 888 5076; x_wconf 71' lang='lat' dir='ltr'><strong>conversus</strong></span> <span class='ocrx_word' id='word_1_742' title='bbox 931 5017 1068 5071; x_wconf 78' lang='lat' dir='ltr'><strong>dixit</strong></span> <span class='ocrx_word' id='word_1_743' title='bbox 1110 5017 1177 5070; x_wconf 88' lang='lat' dir='ltr'><strong>ad</strong></span> <span class='ocrx_word' id='word_1_744' title='bbox 1224 5015 1384 5072; x_wconf 91' lang='lat' dir='ltr'><strong>illos:</strong></span> <span class='ocrx_word' id='word_1_745' title='bbox 1419 5017 1476 5072; x_wconf 91' lang='lat' dir='ltr'><strong>Si</strong></span> <span class='ocrx_word' id='word_1_746' title='bbox 1522 5018 1644 5085; x_wconf 90' lang='lat' dir='ltr'><strong>quis</strong></span> <span class='ocrx_word' id='word_1_747' title='bbox 1682 5019 1828 5072; x_wconf 84' lang='lat' dir='ltr'><strong>venit</strong></span> <span class='ocrx_word' id='word_1_748' title='bbox 1869 5020 1935 5073; x_wconf 86' lang='lat' dir='ltr'><strong>ad</strong></span> <span class='ocrx_word' id='word_1_749' title='bbox 1979 5037 2084 5086; x_wconf 88' lang='lat' dir='ltr'><strong>me,</strong></span> 
     </span>
    </p>
   </div>
   <div class='ocr_carea' id='block_1_98' title="bbox 508 5107 2085 5177">
    <p class='ocr_par' dir='ltr' id='par_1_98' title="bbox 508 5107 2085 5177">
     <span class='ocr_line' id='line_1_98' title="bbox 508 5107 2085 5177; baseline 0 -12"><span class='ocrx_word' id='word_1_750' title='bbox 508 5125 608 5165; x_wconf 91' lang='lat' dir='ltr'><strong>nec</strong></span> <span class='ocrx_word' id='word_1_751' title='bbox 650 5107 767 5165; x_wconf 90' lang='lat' dir='ltr'><strong>odit</strong></span> <span class='ocrx_word' id='word_1_752' title='bbox 807 5115 1010 5177; x_wconf 83' lang='lat' dir='ltr'><strong>patrem</strong></span> <span class='ocrx_word' id='word_1_753' title='bbox 1051 5121 1206 5161; x_wconf 90' lang='lat' dir='ltr'><strong>suum</strong></span> <span class='ocrx_word' id='word_1_754' title='bbox 1245 5119 1312 5160; x_wconf 85' lang='lat' dir='ltr'><strong>ac</strong></span> <span class='ocrx_word' id='word_1_755' title='bbox 1347 5115 1610 5168; x_wconf 87' lang='lat' dir='ltr'><strong>matrem,</strong></span> <span class='ocrx_word' id='word_1_756' title='bbox 1657 5117 1711 5162; x_wconf 91' lang='lat' dir='ltr'><strong>et</strong></span> <span class='ocrx_word' id='word_1_757' title='bbox 1757 5125 1979 5163; x_wconf 70' lang='lat' dir='ltr'><strong>uxorem</strong></span> <span class='ocrx_word' id='word_1_758' title='bbox 2019 5126 2085 5166; x_wconf 87' lang='lat' dir='ltr'><strong>ac</strong></span> 
     </span>
    </p>
   </div>
   <div class='ocr_carea' id='block_1_99' title="bbox 509 5199 2085 5268">
    <p class='ocr_par' dir='ltr' id='par_1_99' title="bbox 509 5199 2085 5268">
     <span class='ocr_line' id='line_1_99' title="bbox 509 5199 2085 5268; baseline 0.001 -12"><span class='ocrx_word' id='word_1_759' title='bbox 509 5202 670 5264; x_wconf 86' lang='lat' dir='ltr'><strong>tilios,</strong></span> <span class='ocrx_word' id='word_1_760' title='bbox 705 5208 761 5254; x_wconf 86' lang='lat' dir='ltr'><strong>et</strong></span> <span class='ocrx_word' id='word_1_761' title='bbox 791 5199 984 5253; x_wconf 80' lang='lat' dir='ltr'><strong>fratres</strong></span> <span class='ocrx_word' id='word_1_762' title='bbox 1013 5207 1067 5251; x_wconf 90' lang='lat' dir='ltr'><strong>et</strong></span> <span class='ocrx_word' id='word_1_763' title='bbox 1094 5212 1344 5263; x_wconf 85' lang='lat' dir='ltr'><strong>sorores,</strong></span> <span class='ocrx_word' id='word_1_764' title='bbox 1374 5208 1636 5268; x_wconf 67' lang='lat' dir='ltr'><strong>praeterea</strong></span> <span class='ocrx_word' id='word_1_765' title='bbox 1677 5211 1852 5256; x_wconf 87' lang='lat' dir='ltr'><strong>autetu</strong></span> <span class='ocrx_word' id='word_1_766' title='bbox 1885 5211 1939 5256; x_wconf 89' lang='lat' dir='ltr'><strong>et</strong></span> <span class='ocrx_word' id='word_1_767' title='bbox 1965 5203 2085 5257; x_wconf 89' lang='lat' dir='ltr'><strong>ani-</strong></span> 
     </span>
    </p>
   </div>
   <div class='ocr_carea' id='block_1_100' title="bbox 512 5282 2067 5364">
    <p class='ocr_par' dir='ltr' id='par_1_100' title="bbox 512 5293 2059 5361">
     <span class='ocr_line' id='line_1_100' title="bbox 512 5293 2059 5361; baseline 0.001 -14"><span class='ocrx_word' id='word_1_768' title='bbox 512 5309 653 5347; x_wconf 93' lang='lat' dir='ltr'><strong>mam</strong></span> <span class='ocrx_word' id='word_1_769' title='bbox 697 5305 884 5357; x_wconf 88' lang='lat' dir='ltr'><strong>suam,</strong></span> <span class='ocrx_word' id='word_1_770' title='bbox 928 5305 1034 5344; x_wconf 92' lang='lat' dir='ltr'><strong>non</strong></span> <span class='ocrx_word' id='word_1_771' title='bbox 1082 5299 1258 5358; x_wconf 85' lang='lat' dir='ltr'><strong>potest</strong></span> <span class='ocrx_word' id='word_1_772' title='bbox 1299 5305 1453 5345; x_wconf 89' lang='lat' dir='ltr'><strong>meus</strong></span> <span class='ocrx_word' id='word_1_773' title='bbox 1495 5305 1618 5347; x_wconf 87' lang='lat' dir='ltr'><strong>esse</strong></span> <span class='ocrx_word' id='word_1_774' title='bbox 1655 5293 1988 5361; x_wconf 79' lang='lat' dir='ltr'><strong>discipulus:</strong></span> <span class='ocrx_word' id='word_1_775' title='bbox 2030 5312 2059 5348; x_wconf 87' lang='lat' dir='ltr'><strong>e</strong></span> 
     </span>
    </p>
   </div>
   <div class='ocr_carea' id='block_1_101' title="bbox 2168 5282 3713 5364">
    <p class='ocr_par' dir='ltr' id='par_1_101' title="bbox 2187 5282 3713 5364">
     <span class='ocr_line' id='line_1_101' title="bbox 2187 5282 3713 5364; baseline -0.009 -16"><span class='ocrx_word' id='word_1_776' title='bbox 2187 5294 2443 5364; x_wconf 85' lang='grc' dir='ltr'><strong>ἀδελφὰς,</strong></span> <span class='ocrx_word' id='word_1_777' title='bbox 2489 5294 2570 5348; x_wconf 72' lang='grc' dir='ltr'><strong>ἔτι</strong></span> <span class='ocrx_word' id='word_1_778' title='bbox 2610 5293 2668 5346; x_wconf 87' lang='grc' dir='ltr'><strong>δὲ</strong></span> <span class='ocrx_word' id='word_1_779' title='bbox 2700 5293 2795 5348; x_wconf 78' lang='grc' dir='ltr'><strong>καὶ</strong></span> <span class='ocrx_word' id='word_1_780' title='bbox 2824 5292 2921 5364; x_wconf 80' lang='grc' dir='ltr'><strong>τὴν</strong></span> <span class='ocrx_word' id='word_1_781' title='bbox 2956 5291 3150 5346; x_wconf 80' lang='grc' dir='ltr'><strong>ἑαυτοῦ</strong></span> <span class='ocrx_word' id='word_1_782' title='bbox 3187 5291 3386 5361; x_wconf 77' lang='grc' dir='ltr'><strong>ψυχὴν,</strong></span> <span class='ocrx_word' id='word_1_783' title='bbox 3417 5292 3475 5342; x_wconf 77' lang='grc' dir='ltr'><strong>οὐ</strong></span> <span class='ocrx_word' id='word_1_784' title='bbox 3527 5282 3713 5340; x_wconf 75' lang='grc' dir='ltr'><strong>δύναταί</strong></span> 
     </span>
    </p>
   </div>
   <div class='ocr_carea' id='block_1_102' title="bbox 508 5379 2067 5456">
    <p class='ocr_par' dir='ltr' id='par_1_102' title="bbox 508 5379 2067 5456">
     <span class='ocr_line' id='line_1_102' title="bbox 508 5379 2067 5456; baseline -0.001 -16"><span class='ocrx_word' id='word_1_785' title='bbox 508 5383 754 5456; x_wconf 78' lang='lat' dir='ltr'><strong>quisquis</strong></span> <span class='ocrx_word' id='word_1_786' title='bbox 787 5396 891 5436; x_wconf 91' lang='lat' dir='ltr'><strong>non</strong></span> <span class='ocrx_word' id='word_1_787' title='bbox 919 5379 1121 5448; x_wconf 87' lang='lat' dir='ltr'><strong>bajulat</strong></span> <span class='ocrx_word' id='word_1_788' title='bbox 1146 5395 1362 5437; x_wconf 90' lang='lat' dir='ltr'><strong>crucem</strong></span> <span class='ocrx_word' id='word_1_789' title='bbox 1389 5397 1545 5437; x_wconf 81' lang='lat' dir='ltr'><strong>suam</strong></span> <span class='ocrx_word' id='word_1_790' title='bbox 1571 5393 1626 5439; x_wconf 88' lang='lat' dir='ltr'><strong>et</strong></span> <span class='ocrx_word' id='word_1_791' title='bbox 1651 5384 1801 5438; x_wconf 86' lang='lat' dir='ltr'><strong>venit</strong></span> <span class='ocrx_word' id='word_1_792' title='bbox 1825 5395 1947 5454; x_wconf 88' lang='lat' dir='ltr'><strong>post</strong></span> <span class='ocrx_word' id='word_1_793' title='bbox 1975 5400 2067 5439; x_wconf 91' lang='lat' dir='ltr'><strong>me.</strong></span> 
     </span>
    </p>
   </div>
   <div class='ocr_carea' id='block_1_103' title="bbox 2168 5379 3718 5456">
    <p class='ocr_par' dir='ltr' id='par_1_103' title="bbox 2189 5379 3718 5456">
     <span class='ocr_line' id='line_1_103' title="bbox 2189 5379 3718 5456; baseline -0.008 -17"><span class='ocrx_word' id='word_1_794' title='bbox 2189 5402 2292 5456; x_wconf 89' lang='grc' dir='ltr'><strong>μου</strong></span> <span class='ocrx_word' id='word_1_795' title='bbox 2323 5383 2461 5439; x_wconf 81' lang='grc' dir='ltr'><strong>εἶναι</strong></span> <span class='ocrx_word' id='word_1_796' title='bbox 2491 5385 2764 5456; x_wconf 77' lang='grc' dir='ltr'><strong>μαθητήςο</strong></span> <span class='ocrx_word' id='word_1_797' title='bbox 2795 5384 2890 5438; x_wconf 75' lang='grc' dir='ltr'><strong>καὶ</strong></span> <span class='ocrx_word' id='word_1_798' title='bbox 2915 5385 3062 5446; x_wconf 86' lang='grc' dir='ltr'><strong>ὅστις</strong></span> <span class='ocrx_word' id='word_1_799' title='bbox 3093 5382 3155 5435; x_wconf 83' lang='grc' dir='ltr'><strong>ού</strong></span> <span class='ocrx_word' id='word_1_800' title='bbox 3187 5381 3447 5452; x_wconf 79' lang='grc' dir='ltr'><strong>βαστάζει</strong></span> <span class='ocrx_word' id='word_1_801' title='bbox 3473 5379 3557 5431; x_wconf 82' lang='grc' dir='ltr'><strong>τὸν</strong></span> <span class='ocrx_word' id='word_1_802' title='bbox 3588 5390 3718 5428; x_wconf 76' lang='lat' dir='ltr'><strong>atau-</strong></span> 
     </span>
    </p>
   </div>
   <div class='ocr_carea' id='block_1_104' title="bbox 513 5468 2067 5548">
    <p class='ocr_par' dir='ltr' id='par_1_104' title="bbox 513 5473 2061 5546">
     <span class='ocr_line' id='line_1_104' title="bbox 513 5473 2061 5546; baseline -0.002 -15"><span class='ocrx_word' id='word_1_803' title='bbox 513 5492 618 5532; x_wconf 90' lang='lat' dir='ltr'><strong>nott</strong></span> <span class='ocrx_word' id='word_1_804' title='bbox 649 5483 824 5546; x_wconf 86' lang='lat' dir='ltr'><strong>potest</strong></span> <span class='ocrx_word' id='word_1_805' title='bbox 863 5487 1012 5528; x_wconf 88' lang='lat' dir='ltr'><strong>meus</strong></span> <span class='ocrx_word' id='word_1_806' title='bbox 1055 5488 1176 5528; x_wconf 84' lang='lat' dir='ltr'><strong>esse</strong></span> <span class='ocrx_word' id='word_1_807' title='bbox 1217 5474 1536 5543; x_wconf 84' lang='lat' dir='ltr'><strong>discipulus.</strong></span> <span class='ocrx_word' id='word_1_808' title='bbox 1577 5493 1598 5527; x_wconf 73' lang='grc' dir='ltr'><strong>ι</strong></span> <span class='ocrx_word' id='word_1_809' title='bbox 1625 5473 1890 5541; x_wconf 89' lang='lat' dir='ltr'><strong>Quoniam</strong></span> <span class='ocrx_word' id='word_1_810' title='bbox 1930 5477 2061 5529; x_wconf 89' lang='lat' dir='ltr'><strong>mult</strong></span> 
     </span>
    </p>
   </div>
   <div class='ocr_carea' id='block_1_105' title="bbox 2168 5468 3715 5548">
    <p class='ocr_par' dir='ltr' id='par_1_105' title="bbox 2181 5468 3715 5548">
     <span class='ocr_line' id='line_1_105' title="bbox 2181 5468 3715 5548; baseline -0.011 -17"><span class='ocrx_word' id='word_1_811' title='bbox 2181 5477 2277 5548; x_wconf 80' lang='grc' dir='ltr'><strong>ρὺν</strong></span> <span class='ocrx_word' id='word_1_812' title='bbox 2309 5475 2507 5542; x_wconf 76' lang='grc' dir='ltr'><strong>αὑτοῦ,</strong></span> <span class='ocrx_word' id='word_1_813' title='bbox 2550 5477 2645 5530; x_wconf 78' lang='grc' dir='ltr'><strong>καὶ</strong></span> <span class='ocrx_word' id='word_1_814' title='bbox 2674 5476 2890 5546; x_wconf 75' lang='grc' dir='ltr'><strong>ἔρχεται</strong></span> <span class='ocrx_word' id='word_1_815' title='bbox 2919 5475 3092 5528; x_wconf 85' lang='grc' dir='ltr'><strong>ὀπίσω</strong></span> <span class='ocrx_word' id='word_1_816' title='bbox 3142 5490 3266 5544; x_wconf 87' lang='grc' dir='ltr'><strong>μου,</strong></span> <span class='ocrx_word' id='word_1_817' title='bbox 3315 5473 3373 5525; x_wconf 83' lang='grc' dir='ltr'><strong>οὐ</strong></span> <span class='ocrx_word' id='word_1_818' title='bbox 3400 5468 3607 5524; x_wconf 81' lang='grc' dir='ltr'><strong>δύναταί</strong></span> <span class='ocrx_word' id='word_1_819' title='bbox 3638 5481 3715 5534; x_wconf 80' lang='grc' dir='ltr'><strong>μου</strong></span> 
     </span>
    </p>
   </div>
   <div class='ocr_carea' id='block_1_106' title="bbox 513 5556 2067 5638">
    <p class='ocr_par' dir='ltr' id='par_1_106' title="bbox 513 5561 2067 5634">
     <span class='ocr_line' id='line_1_106' title="bbox 513 5561 2067 5634; baseline -0.003 -10"><span class='ocrx_word' id='word_1_820' title='bbox 513 5571 660 5626; x_wconf 65' lang='lat' dir='ltr'><strong>ibant</strong></span> <span class='ocrx_word' id='word_1_821' title='bbox 703 5581 825 5622; x_wconf 90' lang='lat' dir='ltr'><strong>cum</strong></span> <span class='ocrx_word' id='word_1_822' title='bbox 875 5561 1034 5631; x_wconf 82' lang='lat' dir='ltr'><strong>Jesu,</strong></span> <span class='ocrx_word' id='word_1_823' title='bbox 1077 5565 1166 5634; x_wconf 89' lang='lat' dir='ltr'><strong>qui</strong></span> <span class='ocrx_word' id='word_1_824' title='bbox 1215 5581 1320 5619; x_wconf 92' lang='lat' dir='ltr'><strong>non</strong></span> <span class='ocrx_word' id='word_1_825' title='bbox 1366 5581 1488 5621; x_wconf 90' lang='lat' dir='ltr'><strong>cum</strong></span> <span class='ocrx_word' id='word_1_826' title='bbox 1536 5566 1682 5620; x_wconf 88' lang='lat' dir='ltr'><strong>onmi</strong></span> <span class='ocrx_word' id='word_1_827' title='bbox 1714 5567 1992 5622; x_wconf 86' lang='lat' dir='ltr'><strong>alacritate</strong></span> <span class='ocrx_word' id='word_1_828' title='bbox 2027 5580 2067 5622; x_wconf 78' lang='lat' dir='ltr'><strong>et</strong></span> 
     </span>
    </p>
   </div>
   <div class='ocr_carea' id='block_1_107' title="bbox 2168 5556 3707 5638">
    <p class='ocr_par' dir='ltr' id='par_1_107' title="bbox 2179 5556 3707 5638">
     <span class='ocr_line' id='line_1_107' title="bbox 2179 5556 3707 5638; baseline -0.003 -18"><span class='ocrx_word' id='word_1_829' title='bbox 2179 5564 2318 5621; x_wconf 82' lang='grc' dir='ltr'><strong>εἶναι</strong></span> <span class='ocrx_word' id='word_1_830' title='bbox 2345 5568 2611 5638; x_wconf 79' lang='grc' dir='ltr'><strong>μαθητής.</strong></span> <span class='ocrx_word' id='word_1_831' title='bbox 2652 5585 2671 5619; x_wconf 73' lang='grc' dir='ltr'><strong>ι</strong></span> <span class='ocrx_word' id='word_1_832' title='bbox 2731 5567 2945 5637; x_wconf 83' lang='grc' dir='ltr'><strong>Ἐπειδὴ</strong></span> <span class='ocrx_word' id='word_1_833' title='bbox 2979 5566 3165 5619; x_wconf 76' lang='grc' dir='ltr'><strong>πολλοὶ</strong></span> <span class='ocrx_word' id='word_1_834' title='bbox 3193 5565 3303 5620; x_wconf 84' lang='grc' dir='ltr'><strong>τῶν</strong></span> <span class='ocrx_word' id='word_1_835' title='bbox 3332 5556 3707 5634; x_wconf 76' lang='grc' dir='ltr'><strong>συμπορευομέ-</strong></span> 
     </span>
    </p>
   </div>
   <div class='ocr_carea' id='block_1_108' title="bbox 510 5644 2067 5729">
    <p class='ocr_par' dir='ltr' id='par_1_108' title="bbox 510 5657 2067 5728">
     <span class='ocr_line' id='line_1_108' title="bbox 510 5657 2067 5728; baseline 0.001 -15"><span class='ocrx_word' id='word_1_836' title='bbox 510 5659 815 5717; x_wconf 80' lang='lat' dir='ltr'><strong>obedientia</strong></span> <span class='ocrx_word' id='word_1_837' title='bbox 841 5659 1227 5728; x_wconf 86' lang='lat' dir='ltr'><strong>sequebantur,</strong></span> <span class='ocrx_word' id='word_1_838' title='bbox 1260 5659 1350 5712; x_wconf 89' lang='lat' dir='ltr'><strong>sed</strong></span> <span class='ocrx_word' id='word_1_839' title='bbox 1377 5657 1684 5728; x_wconf 80' lang='lat' dir='ltr'><strong>frigidiores</strong></span> <span class='ocrx_word' id='word_1_840' title='bbox 1706 5668 1895 5726; x_wconf 88' lang='lat' dir='ltr'><strong>erant;</strong></span> <span class='ocrx_word' id='word_1_841' title='bbox 1921 5661 2067 5715; x_wconf 78' lang='lat' dir='ltr'><strong>docet</strong></span> 
     </span>
    </p>
   </div>
   <div class='ocr_carea' id='block_1_109' title="bbox 2168 5644 3712 5729">
    <p class='ocr_par' dir='ltr' id='par_1_109' title="bbox 2187 5644 3712 5729">
     <span class='ocr_line' id='line_1_109' title="bbox 2187 5644 3712 5729; baseline 0.001 -18"><span class='ocrx_word' id='word_1_842' title='bbox 2187 5675 2292 5712; x_wconf 92' lang='grc' dir='ltr'><strong>νων</strong></span> <span class='ocrx_word' id='word_1_843' title='bbox 2315 5658 2393 5728; x_wconf 82' lang='grc' dir='ltr'><strong>τῷ</strong></span> <span class='ocrx_word' id='word_1_844' title='bbox 2422 5657 2619 5728; x_wconf 81' lang='grc' dir='ltr'><strong>Ἰησοῦ,</strong></span> <span class='ocrx_word' id='word_1_845' title='bbox 2649 5657 2710 5712; x_wconf 84' lang='grc' dir='ltr'><strong>ού</strong></span> <span class='ocrx_word' id='word_1_846' title='bbox 2735 5657 2832 5710; x_wconf 79' lang='grc' dir='ltr'><strong>σὺν</strong></span> <span class='ocrx_word' id='word_1_847' title='bbox 2863 5655 3142 5729; x_wconf 71' lang='grc' dir='ltr'><strong>προθυμία</strong></span> <span class='ocrx_word' id='word_1_848' title='bbox 3170 5656 3339 5727; x_wconf 75' lang='grc' dir='ltr'><strong>πάσῃ,</strong></span> <span class='ocrx_word' id='word_1_849' title='bbox 3385 5653 3474 5708; x_wconf 81' lang='grc' dir='ltr'><strong>καὶ</strong></span> <span class='ocrx_word' id='word_1_850' title='bbox 3509 5644 3712 5713; x_wconf 70' lang='grc' dir='ltr'><strong>ἀποταγῇ</strong></span> 
     </span>
    </p>
   </div>
   <div class='ocr_carea' id='block_1_110' title="bbox 507 5742 2067 5823">
    <p class='ocr_par' dir='ltr' id='par_1_110' title="bbox 507 5746 2067 5823">
     <span class='ocr_line' id='line_1_110' title="bbox 507 5746 2067 5823; baseline 0.001 -23"><span class='ocrx_word' id='word_1_851' title='bbox 507 5770 602 5811; x_wconf 49' lang='lat' dir='ltr'><strong>eos</strong></span> <span class='ocrx_word' id='word_1_852' title='bbox 638 5753 850 5823; x_wconf 79' lang='lat' dir='ltr'><strong>qualem</strong></span> <span class='ocrx_word' id='word_1_853' title='bbox 896 5757 1140 5818; x_wconf 83' lang='lat' dir='ltr'><strong>oporteat</strong></span> <span class='ocrx_word' id='word_1_854' title='bbox 1183 5746 1347 5818; x_wconf 65' lang='grc'><strong>400</strong></span> <span class='ocrx_word' id='word_1_855' title='bbox 1373 5762 1495 5803; x_wconf 89' lang='lat' dir='ltr'><strong>esse</strong></span> <span class='ocrx_word' id='word_1_856' title='bbox 1533 5748 1855 5820; x_wconf 80' lang='lat' dir='ltr'><strong>discipulum</strong></span> <span class='ocrx_word' id='word_1_857' title='bbox 1896 5765 2067 5816; x_wconf 80' lang='lat' dir='ltr'><strong>suum,</strong></span> 
     </span>
    </p>
   </div>
   <div class='ocr_carea' id='block_1_111' title="bbox 2168 5742 3713 5823">
    <p class='ocr_par' dir='ltr' id='par_1_111' title="bbox 2189 5742 3713 5820">
     <span class='ocr_line' id='line_1_111' title="bbox 2189 5742 3713 5820; baseline -0.005 -21"><span class='ocrx_word' id='word_1_858' title='bbox 2189 5747 2541 5818; x_wconf 68' lang='grc' dir='ltr'><strong>ἠκολούθουν,</strong></span> <span class='ocrx_word' id='word_1_859' title='bbox 2593 5747 2728 5802; x_wconf 89' lang='grc' dir='ltr'><strong>ἀλλὰ</strong></span> <span class='ocrx_word' id='word_1_860' title='bbox 2783 5747 3118 5820; x_wconf 72' lang='grc' dir='ltr'><strong>ψυχρότερον</strong></span> <span class='ocrx_word' id='word_1_861' title='bbox 3166 5748 3445 5811; x_wconf 86' lang='grc' dir='ltr'><strong>διέκειντο,</strong></span> <span class='ocrx_word' id='word_1_862' title='bbox 3491 5742 3713 5797; x_wconf 76' lang='grc' dir='ltr'><strong>διδάσκων</strong></span> 
     </span>
    </p>
   </div>
   <div class='ocr_carea' id='block_1_112' title="bbox 2271 4923 3719 4997">
    <p class='ocr_par' dir='ltr' id='par_1_112' title="bbox 2271 4923 3719 4997">
     <span class='ocr_line' id='line_1_112' title="bbox 2271 4923 3719 4997; baseline -0.003 -19"><span class='ocrx_word' id='word_1_863' title='bbox 2271 4946 2288 4978; x_wconf 81' lang='grc' dir='ltr'><strong>ι</strong></span> <span class='ocrx_word' id='word_1_864' title='bbox 2330 4924 2764 4997; x_wconf 85' lang='grc' dir='ltr'><strong>Συνεπορεύοντο</strong></span> <span class='ocrx_word' id='word_1_865' title='bbox 2793 4924 2850 4978; x_wconf 82' lang='grc' dir='ltr'><strong>δὲ</strong></span> <span class='ocrx_word' id='word_1_866' title='bbox 2886 4923 3036 4995; x_wconf 85' lang='grc' dir='ltr'><strong>αὐτῷ</strong></span> <span class='ocrx_word' id='word_1_867' title='bbox 3064 4923 3208 4994; x_wconf 85' lang='grc' dir='ltr'><strong>ὄχλοι</strong></span> <span class='ocrx_word' id='word_1_868' title='bbox 3233 4923 3440 4990; x_wconf 71' lang='grc' dir='ltr'><strong>πολλοὶ,</strong></span> <span class='ocrx_word' id='word_1_869' title='bbox 3476 4923 3564 4976; x_wconf 77' lang='grc' dir='ltr'><strong>καὶ</strong></span> <span class='ocrx_word' id='word_1_870' title='bbox 3588 4937 3719 4991; x_wconf 70' lang='lat' dir='ltr'><strong>etp:-</strong></span> 
     </span>
    </p>
   </div>
   <div class='ocr_carea' id='block_1_113' title="bbox 2191 5009 3719 5089">
    <p class='ocr_par' dir='ltr' id='par_1_113' title="bbox 2191 5009 3719 5089">
     <span class='ocr_line' id='line_1_113' title="bbox 2191 5009 3719 5089; baseline -0.009 -16"><span class='ocrx_word' id='word_1_871' title='bbox 2191 5013 2457 5088; x_wconf 77' lang='grc' dir='ltr'><strong>φεὶςεῖπε</strong></span> <span class='ocrx_word' id='word_1_872' title='bbox 2491 5017 2625 5089; x_wconf 81' lang='grc' dir='ltr'><strong>πρὸς</strong></span> <span class='ocrx_word' id='word_1_873' title='bbox 2655 5016 2853 5082; x_wconf 84' lang='grc' dir='ltr'><strong>αὐτούς</strong></span> <span class='ocrx_word' id='word_1_874' title='bbox 2879 5031 2895 5047; x_wconf 90' lang='grc'>⁶</span> <span class='ocrx_word' id='word_1_875' title='bbox 2929 5015 2996 5070; x_wconf 70' lang='lat' dir='ltr'><strong>Et</strong></span> <span class='ocrx_word' id='word_1_876' title='bbox 3015 5033 3099 5080; x_wconf 88' lang='grc' dir='ltr'><strong>τις</strong></span> <span class='ocrx_word' id='word_1_877' title='bbox 3123 5016 3344 5088; x_wconf 78' lang='grc' dir='ltr'><strong>ἔρχεται</strong></span> <span class='ocrx_word' id='word_1_878' title='bbox 3387 5015 3519 5085; x_wconf 87' lang='grc' dir='ltr'><strong>πρός</strong></span> <span class='ocrx_word' id='word_1_879' title='bbox 3546 5031 3623 5084; x_wconf 87' lang='grc' dir='ltr'><strong>με,</strong></span> <span class='ocrx_word' id='word_1_880' title='bbox 3647 5009 3719 5062; x_wconf 75' lang='grc' dir='ltr'><strong>καὶ</strong></span> 
     </span>
    </p>
   </div>
   <div class='ocr_carea' id='block_1_114' title="bbox 2189 5102 3719 5181">
    <p class='ocr_par' dir='ltr' id='par_1_114' title="bbox 2189 5102 3719 5181">
     <span class='ocr_line' id='line_1_114' title="bbox 2189 5102 3719 5181; baseline -0.005 -17"><span class='ocrx_word' id='word_1_881' title='bbox 2189 5110 2251 5164; x_wconf 80' lang='grc' dir='ltr'><strong>οὐ</strong></span> <span class='ocrx_word' id='word_1_882' title='bbox 2277 5112 2429 5179; x_wconf 87' lang='grc' dir='ltr'><strong>μισεί</strong></span> <span class='ocrx_word' id='word_1_883' title='bbox 2443 5109 2534 5163; x_wconf 81' lang='grc' dir='ltr'><strong>τὸν</strong></span> <span class='ocrx_word' id='word_1_884' title='bbox 2566 5109 2779 5181; x_wconf 87' lang='grc' dir='ltr'><strong>πατέρα</strong></span> <span class='ocrx_word' id='word_1_885' title='bbox 2807 5106 2996 5172; x_wconf 79' lang='grc' dir='ltr'><strong>αὑτοῦ,</strong></span> <span class='ocrx_word' id='word_1_886' title='bbox 3035 5107 3132 5161; x_wconf 80' lang='grc' dir='ltr'><strong>καὶ</strong></span> <span class='ocrx_word' id='word_1_887' title='bbox 3165 5107 3266 5179; x_wconf 79' lang='grc' dir='ltr'><strong>τὴν</strong></span> <span class='ocrx_word' id='word_1_888' title='bbox 3300 5107 3510 5179; x_wconf 85' lang='grc' dir='ltr'><strong>μητέρα</strong></span> <span class='ocrx_word' id='word_1_889' title='bbox 3537 5105 3618 5159; x_wconf 76' lang='grc' dir='ltr'><strong>καὶ</strong></span> <span class='ocrx_word' id='word_1_890' title='bbox 3642 5102 3719 5168; x_wconf 76' lang='grc' dir='ltr'><strong>τὴν</strong></span> 
     </span>
    </p>
   </div>
   <div class='ocr_carea' id='block_1_115' title="bbox 2189 5193 3718 5271">
    <p class='ocr_par' dir='ltr' id='par_1_115' title="bbox 2189 5193 3718 5271">
     <span class='ocr_line' id='line_1_115' title="bbox 2189 5193 3718 5271; baseline -0.003 -15"><span class='ocrx_word' id='word_1_891' title='bbox 2189 5205 2442 5271; x_wconf 85' lang='grc' dir='ltr'><strong>γυναῖκα,</strong></span> <span class='ocrx_word' id='word_1_892' title='bbox 2477 5203 2571 5256; x_wconf 74' lang='grc' dir='ltr'><strong>καὶ</strong></span> <span class='ocrx_word' id='word_1_893' title='bbox 2597 5203 2665 5256; x_wconf 88' lang='grc' dir='ltr'><strong>τά</strong></span> <span class='ocrx_word' id='word_1_894' title='bbox 2708 5201 2899 5268; x_wconf 86' lang='grc' dir='ltr'><strong>τέκνα,</strong></span> <span class='ocrx_word' id='word_1_895' title='bbox 2923 5201 3017 5254; x_wconf 59' lang='grc' dir='ltr'><strong>καί⁵</strong></span> <span class='ocrx_word' id='word_1_896' title='bbox 3047 5199 3175 5264; x_wconf 77' lang='grc' dir='ltr'><strong>τοὺς</strong></span> <span class='ocrx_word' id='word_1_897' title='bbox 3201 5199 3479 5266; x_wconf 59' lang='grc' dir='ltr'><strong>ἀδελφοὺς,</strong></span> <span class='ocrx_word' id='word_1_898' title='bbox 3521 5197 3603 5248; x_wconf 77' lang='grc' dir='ltr'><strong>καὶ</strong></span> <span class='ocrx_word' id='word_1_899' title='bbox 3643 5193 3718 5252; x_wconf 68' lang='grc' dir='ltr'><strong>τὰς</strong></span> 
     </span>
    </p>
   </div>
  </div>
