3932 6456
254 238 353 307 Cll

942 237 1388 305 ENARBATIO
1428 243 1511 305 IN
1542 240 2045 308 EVANGELIUM
2090 242 2327 304 LUC/E.
2353 269 2421 279 —
2443 243 2602 305 CAP.
2639 242 2796 305 XIV.

3412 238 3518 302 942

246 357 445 419 αὐτοὺς
476 350 588 409 οἷον
610 354 690 409 δεῖ
708 355 800 410 τὸν
829 356 1077 428 μαθητὴν
1100 357 1266 413 αὐτοῦ
1297 354 1841 427 εἷναι,ἁποφαίνεται

1951 369 2008 410 ac
2037 352 2199 409 veluti
2233 355 2490 411 informat
2516 365 2569 412 et
2601 355 2841 427 depingit
2875 368 3030 420 eum,
3072 368 3319 410 asserens
3353 371 3519 425 opor-

248 468 315 504 πε
325 451 382 521 pi.
410 447 627 515 τούτου,
661 449 753 502 καὶ
787 443 899 503 οἷον
920 450 1172 504 διατυποῖ
1201 451 1384 515 αὐτὸν,
1431 449 1525 502 καὶ
1555 449 1836 519 ζωγραφεῖ

246 539 642 611 εἰσηγούμενος
689 540 801 594 δεῖν
833 540 999 594 αὐτον
1036 544 1217 612 μισεῖν
1244 542 1305 595 οὐ
1345 541 1507 612 μόνον
1547 542 1675 603 τοὺς
1704 539 1836 604 ἕξω-

248 630 342 682 θεν
368 628 521 700 αὐτῷ
547 630 952 702 ᾠκειωμένους,
984 632 1122 686 ἀλλὰ
1150 634 1247 686 καὶ
1277 632 1378 703 τὴν
1417 631 1609 685 ἐαυτοῦ
1631 631 1833 701 ψυχήν.

251 722 398 792 Ὅρα
416 721 474 776 δὲ
504 724 578 794 μὴ
615 726 1004 796 συναρπασθῇς
1030 725 1108 796 τῷ
1144 724 1295 797 ρητῷ
1320 724 1510 787 ἁπλῶς
1536 723 1710 787 οὕτως
1740 724 1837 777 καὶ

246 815 724 886 ἀνεπιστημόνως.
785 818 859 870 Ού
896 818 1006 889 γὰρ
1063 817 1465 889 ἀπανθρωπίαν
1515 817 1758 872 διδάσκει
1804 818 1834 870 ό

248 906 664 978 φιλάνθρωπος,
710 909 830 962 οὐδὲ
859 910 1279 982 διαχειρίζεσθαι
1307 910 1537 974 ἑαυτοὺς
1570 909 1835 975 νουθετεῖ,

246 998 392 1051 ἀλλά
416 1001 510 1052 τόν
558 1015 622 1068 γε
648 1002 870 1069 γνήσιον
915 1003 1083 1056 αὐτοῦ
1129 1003 1380 1075 μαθητὴν
1409 1002 1661 1074 βούλεται
1712 1001 1836 1055 τότε

251 1093 436 1158 μισεῖν
464 1092 589 1154 τοὺς
604 1092 747 1145 κατὰ
775 1092 933 1160 γένος
963 1096 1218 1161 οἰκείους,
1247 1097 1335 1149 ὅτε
1357 1098 1493 1166 πρὸς
1526 1092 1838 1148 θεοσέϐειαν

250 1180 406 1251 αὒτῷ
435 1182 777 1251 ἐμποδίζοιεν
811 1183 906 1237 καὶ
931 1184 1021 1237 διὰ
1070 1185 1170 1254 τὴν
1205 1187 1350 1257 πρὸς
1400 1184 1600 1249 αὐτοὺς
1652 1183 1838 1256 σχέσιν

168 1303 174 1306 -
248 1272 518 1327 κωλύοιτο
541 1274 703 1336 αὐτὸς
731 1274 792 1328 τὸ
825 1274 990 1329 καλὸν
1027 1278 1303 1346 μετιέναιδ
1338 1279 1461 1330 ἐπεὶ
1484 1278 1532 1330 εί
1567 1276 1642 1348 μὴ
1667 1278 1840 1346 ἐμπο-

244 1367 473 1432 δίζοιεν,
505 1369 673 1439 τιμᾷν
707 1368 907 1439 μᾶλλον
933 1369 1062 1440 άχρι
1092 1371 1193 1441 τῆς
1215 1368 1533 1433 τελευταίας
1559 1367 1839 1437 ἀναπνοῆς

247 1460 520 1515 διδάσκει.
554 1462 667 1515 Καὶ
690 1460 809 1525 πῶς
843 1462 1117 1530 διδάσκεις
1150 1464 1249 1516 Διά
1282 1466 1383 1534 τῆς
1421 1462 1664 1534 μείζονος
1688 1460 1839 1515 διδαιι

250 1551 506 1615 σκαλίας,
539 1553 703 1623 φημὶ,
743 1553 812 1607 δι’
854 1547 930 1607 ὧν
975 1554 1210 1625 ἔπραξεν
1256 1555 1421 1617 αὐτός
1444 1570 1460 1587 ⁶
1492 1555 1589 1609 καὶ
1622 1555 1731 1625 γὰρ
1760 1553 1838 1624 τῷ

263 1643 489 1717 Ἰωσὴφ,
510 1646 689 1699 καίτοι
719 1646 840 1701 οὐδὲ
867 1649 1073 1718 κυρίως
1129 1648 1296 1702 αὐτοῦ
1332 1648 1501 1718 πατρὶ
1530 1647 1667 1712 ὄντι,
1700 1646 1837 1702 ἀλλὰ

249 1740 622 1812 νομιζομένῳ,
656 1736 726 1812 ἦν
792 1741 1276 1813 ὑποτασσόμενος,
1328 1742 1427 1796 καὶ
1467 1741 1565 1813 τῆς
1621 1741 1845 1811 Μητρὸς

251 1830 529 1902 τοσαύτην
548 1833 783 1886 ἐποιεῖτο
798 1832 886 1887 ἀεὶ
918 1832 1015 1903 τὴν
1044 1832 1323 1903 πρόνοιαν,
1350 1830 1491 1885 ὥστε
1520 1830 1644 1885 οὐδὲ
1672 1835 1840 1884 σταυ-

256 1922 527 1993 ρούμενος
555 1923 798 1995 ἠμέλησε
819 1925 1047 1994 ταύτης,
1081 1924 1215 1978 ἀλλὰ
1270 1922 1559 1995 παρεδίδου
1588 1921 1666 1994 τῷ
1699 1923 1844 1993 ἡγι-

257 2016 498 2087 πημένῳ
549 2016 789 2089 μαθητῇ.
826 2018 951 2081 Πῶς
980 2018 1074 2071 οῦν
1112 2020 1141 2072 ό
1168 2016 1343 2071 ταῦτα
1377 2016 1596 2081 διδάξας
1624 2016 1712 2070 διὰ
1738 2015 1846 2069 τῶν

254 2110 466 2183 ἔργων,
496 2112 584 2165 ἐτε
596 2130 664 2184 ρα
685 2112 771 2166 διὰ
802 2112 910 2166 τῶν
936 2113 1112 2181 λόγων
1159 2114 1477 2182 εἰσηγοῖτο;
1510 2111 1653 2166 Ἀλλ’
1709 2111 1847 2181 ὅπερ

257 2205 425 2274 ἔφην,
465 2208 644 2274 μισεῖν
669 2206 818 2277 ἡμᾶς
850 2207 979 2268 τοὺς
1013 2205 1192 2274 γονεῖς
1218 2205 1547 2266 ἐντέλλεται,
1597 2204 1687 2256 ὅτε
1713 2202 1847 2266 Θεὸς

254 2295 323 2347 τὸ
370 2295 836 2366 κινδυνευόμενον.
871 2294 1005 2349 Τότε
1040 2295 1151 2368 γὰρ
1203 2296 1264 2348 ού
1314 2297 1493 2363 γονεῖς
1538 2294 1847 2363 λογίζονται

256 2388 386 2441 οὐδὲ
414 2389 627 2454 οίκεῖοι,
651 2388 788 2459 πρὸς
810 2388 911 2458 τὴν
934 2388 1195 2459 τοιαύτην
1225 2387 1493 2456 ὠφέλειαν
1540 2388 1671 2457 ἡμῖν
1694 2387 1846 2439 ἀντι-

259 2480 575 2542 πίπτοντες.
628 2479 939 2534 Κάντεύθεν
966 2480 1025 2533 δὲ
1076 2480 1256 2550 δῆλον,
1293 2478 1322 2533 ὃ
1347 2479 1601 2550 λέγομεν,
1658 2480 1724 2532 ἐκ
1751 2475 1846 2531 τοῦ

257 2573 358 2623 καὶ
390 2572 491 2643 τὴν
513 2570 709 2625 ἑαυτοῦ
758 2571 935 2643 ψυχὴν
979 2570 1325 2626 ἐντέλλεσθαι
1377 2573 1555 2641 μισεῖν
1580 2586 1594 2600 ·
1631 2570 1848 2634 πάντως

258 2665 375 2733 γὰρ
406 2665 469 2716 ού
500 2663 657 2716 τοῦτο
685 2663 1057 2716 διακελεύεται
1084 2663 1145 2716 τὸ
1175 2664 1404 2727 ἑαυτοὺς
1434 2662 1844 2729 ἀποκτιννύναι,

262 2756 404 2810 ἀλλὰ
436 2756 498 2808 τὸ
519 2758 639 2819 ταῖς
659 2755 981 2827 ἐπιθυμίαις
1002 2754 1100 2824 τῆς
1122 2754 1304 2825 ψυχῆς
1342 2757 1459 2818 ταῖς
1489 2754 1848 2827 χωριζούσαις

262 2849 415 2916 ἡμᾶς
448 2848 541 2901 τοῦ
571 2847 706 2902 Θεοῦ
738 2848 1172 2902 ἀποτάσσεσθαι·
1199 2846 1292 2899 καὶ
1313 2847 1361 2900 εί
1392 2849 1674 2918 πρόκειται
1706 2863 1849 2916 μαρ-

262 2940 474 3011 τύριον,
501 2939 576 3013 μὴ
594 2942 903 3011 φροντίζειν
928 2941 1029 3007 τῆς
1044 2940 1246 3013 ψυχῆς,
1269 2942 1429 3011 μόνον
1458 2940 1681 3010 κέρδους
1714 2957 1848 3009 προδ

1942 456 2058 502 tere
2096 460 2220 500 eum
2263 448 2390 502 odio
2426 448 2626 502 habere
2670 463 2775 503 non
2819 446 2991 503 solum
3028 461 3122 503 eos
3162 448 3254 519 qui
3293 457 3515 503 externa

1939 534 2315 591 familiaritate
2334 536 2506 603 juncti
2531 546 2676 602 sunt,
2697 536 2791 592 sed
2815 548 2869 592 et
2890 552 3042 591 suam
3068 538 3236 607 ipsius
3254 539 3515 593 animam.

1939 626 2077 684 Vide.
2099 636 2280 683 autem
2321 643 2390 683 ne
2415 628 2597 682 littera
2629 642 2856 697 prorsus
2890 628 3142 699 imperite
3170 628 3246 699 (α)
3278 630 3517 700 τιιιττρὶειο

1941 725 2037 778 ris.
2068 721 2183 777 Non
2208 723 2350 778 enim
2386 721 2843 776 inhumanitatem
2869 733 2924 776 et
2957 721 3330 778 crudelitatem
3361 722 3521 776 docet

1956 814 2290 878 misericors,
2325 827 2498 885 neque
2522 813 2727 884 sibiipsi
2756 815 2912 868 docet
2937 796 3151 867 manum
3182 813 3403 875 inferre,
3427 816 3518 867 sed

1942 909 2222 979 proprium
2270 925 2428 964 suum
2469 907 2792 978 discipnlmn
2831 907 2948 962 vult
2989 917 3117 962 tunc
3152 908 3276 963 odio
3317 907 3518 961 habere

1938 1010 2203 1070 cognatos
2246 1015 2408 1065 suos,
2463 999 2681 1070 quando
2727 997 2793 1052 ad
2840 999 3096 1068 pietatem
3142 997 3192 1053 ei
3236 996 3515 1052 obstaculo

1941 1102 2102 1158 sunt,
2145 1101 2198 1146 et
2233 1099 2455 1162 propter
2503 1091 2964 1147 necessitudinem
3001 1103 3033 1143 a
3066 1088 3222 1144 bonis
3264 1088 3521 1158 operibus

1940 1186 2300 1258 prohibetur:
2331 1183 2592 1256 quoniam
2623 1183 2727 1240 nisi
2763 1183 3121 1244 obsisterent,
3155 1182 3323 1250 magis
3348 1181 3520 1234 hono-

1943 1278 2145 1332 randos
2170 1277 2330 1331 docet
2354 1291 2525 1348 usque
2555 1277 2621 1331 ad
2651 1283 2956 1332 extremum
2984 1274 3254 1345 spiritum.
3292 1272 3357 1325 Et
3384 1286 3522 1341 quo-

1945 1370 2105 1425 modo
2146 1369 2352 1425 docet?
2408 1368 2513 1423 Per
2572 1366 2830 1436 majorem
2894 1366 3216 1429 doctrinam,
3280 1363 3524 1431 inquam,

1943 1477 2137 1529 nempe
2183 1477 2279 1533 per
2344 1476 2406 1516 ea
2469 1476 2590 1532 qua:
2640 1468 2893 1529 operatus
2939 1468 3056 1522 est;
3108 1458 3222 1527 ipse
3273 1456 3418 1511 enim
3470 1464 3524 1506 el.

1941 1555 2179 1625 Joseph,
2228 1556 2477 1626 quamvis
2516 1568 2625 1608 non
2672 1562 2814 1607 esset
2860 1552 3110 1623 proprius
3151 1562 3380 1618 parens,
3426 1547 3520 1601 sed

1947 1647 2329 1710 existimatus,
2362 1644 2621 1700 obediens
2661 1642 2802 1697 fuit:
2839 1650 2893 1696 et
2942 1640 3131 1695 Matris
3173 1653 3284 1692 sua:
3318 1644 3520 1689 tantam

1947 1752 2165 1807 semper
2195 1737 2301 1804 egit
2346 1747 2564 1799 curam,
2607 1743 2668 1787 ut
2712 1746 2888 1803 neque
2929 1746 3050 1787 eum
3092 1729 3522 1799 crucifigeretur,

1946 1845 2066 1884 eam
2108 1829 2441 1899 negligerct,
2476 1826 2571 1881 sed
2611 1825 3009 1881 commendavit
3051 1821 3314 1891 discipulo
3359 1835 3517 1888 quem

1948 1922 2224 1991 diligebat.
2275 1920 2557 1989 Quomodo
2608 1920 2772 1989 igitur
2818 1918 2863 1971 is
2912 1914 3003 1983 qui
3055 1914 3169 1969 haec
3216 1929 3311 1983 per
3356 1925 3511 1981 oper:

1948 2016 2156 2081 docuit,
2180 2014 2284 2068 alia
2327 2014 2671 2069 sermonibus
2700 2008 3065 2065 asseveravit?
3090 2009 3183 2071 At,
3218 2007 3357 2061 sicut
3387 2003 3520 2069 dixi,

1948 2108 2191 2177 praecipit
2227 2121 2328 2161 nos
2364 2106 2489 2161 odio
2521 2104 2722 2160 habere
2748 2111 3021 2172 parentes,
3050 2098 3264 2169 quando
3295 2098 3349 2151 in
3378 2097 3520 2151 cnltn

1950 2200 2043 2255 Dei
2068 2200 2365 2269 periculum
2404 2209 2508 2254 est.
2536 2198 2687 2252 Tunc
2710 2196 2854 2251 enim
2878 2209 2985 2248 non
3017 2201 3265 2263 parentes
3294 2204 3523 2245 censen-

1952 2304 2063 2358 tur,
2094 2311 2268 2365 neque
2300 2294 2612 2359 familiares,
2654 2292 2698 2346 si
2734 2291 2785 2345 in
2818 2291 2919 2344 hoc
2948 2288 3103 2342 nobis
3134 2287 3424 2341 obsistaut.
3459 2281 3523 2335 Et

1950 2383 2076 2437 hinc
2118 2382 2460 2436 manifestum
2495 2382 2635 2449 quod
2667 2380 2916 2435 dicimus.
2952 2375 3088 2430 Nam
3123 2389 3246 2430 cum
3283 2382 3522 2429 nostram

1950 2478 2184 2530 animam
2209 2475 2334 2532 odio
2361 2475 2561 2530 habere
2593 2473 2858 2542 praecipit,
2882 2472 3104 2526 omnino
3129 2484 3233 2524 non
3261 2468 3525 2540 prtecipit,

1951 2580 2009 2624 ut
2040 2570 2332 2640 nobisipsis
2371 2579 2599 2624 mortem
2633 2568 3062 2629 consciseamus,
3101 2564 3199 2619 sed
3231 2573 3287 2617 ut
3323 2577 3526 2616 renun-

1953 2665 2147 2717 tiemns
2189 2661 2647 2732 concupiscentiis
2677 2661 2892 2723 anitnte,
2923 2674 3043 2729 qum
3083 2673 3183 2711 nos
3220 2663 3471 2722 separant
3495 2668 3525 2708 a

1949 2755 2094 2822 Deo;
2125 2755 2335 2811 etiamsi
2372 2753 2746 2824 perferendum
2776 2750 3114 2821 martyrium,
3156 2762 3259 2802 non
3291 2746 3525 2802 curanda

1950 2851 2170 2912 anima,
2227 2847 2484 2918 quoniam
2540 2854 2857 2915 perpetuum
2918 2843 3126 2897 lucrum
3185 2839 3523 2909 proponitur.

1952 2940 2066 2996 lloc
2100 2941 2243 2997 enim
2276 2948 2362 2996 est
2392 2940 2535 3009 quod
2567 2953 2667 2992 nos
2690 2939 2867 3001 docet,
2904 2944 2958 2990 et
2985 2950 3089 2989 non
3124 2934 3442 3004 simpliritcr
3469 2942 3528 2986 ut

263 3033 524 3102 κειμένου
555 3034 798 3087 αἰωνίου.
840 3034 1040 3087 Ὀτιδέ
1069 3032 1228 3087 τοῦτο
1268 3033 1529 3096 διδάσκει,
1563 3033 1656 3085 καὶ
1698 3032 1760 3085 ού
1786 3032 1845 3085 τὸ

1954 3037 2073 3113 quis
2106 3036 2341 3110 seipsutr.
2371 3035 2599 3095 occidat.
2643 3031 2996 3106 Ostenditque
3024 3031 3153 3091 illud
3189 3030 3382 3090 iterum
3411 3029 3527 3104 ipse

262 3122 458 3190 ἁπλῶς
503 3124 729 3193 ἑαυτοὺς
769 3126 1177 3194 ἀποκτιννύναι,
1221 3124 1459 3183 δείκνυσι
1499 3128 1659 3182 πάλιν
1685 3129 1847 3192 αὐτὸς

264 3217 327 3283 ἐξ
354 3212 429 3271 ὧν
457 3218 551 3271 τοῦ
591 3220 838 3273 διαϐόλου
872 3221 1223 3292 πειράζοντος
1248 3220 1430 3286 αὑτὸν,
1479 3219 1617 3273 ῶστε
1667 3219 1847 3289 βαλεῖν

266 3310 460 3364 ἑαυτὸν
485 3310 634 3364 κάτω
662 3312 771 3366 ἀπὸ
814 3313 906 3365 τοῦ
961 3313 1129 3384 ἱεροῦ,
1162 3311 1546 3383 ἀπεκρούσατο
1574 3313 1673 3381 τὴν
1727 3314 1849 3365 πείθ-

269 3420 394 3471 ραν,
451 3406 545 3459 καὶ
575 3406 697 3460 οὐδὲ
738 3407 984 3460 ἐπεδίδου
1020 3405 1210 3459 ἐαυτὸν
1240 3408 1352 3468 τοῖς
1379 3404 1674 3468 Ἰουδαίοις,
1710 3404 1847 3457 ἀλλὰ

267 3500 367 3551 καὶ
432 3501 717 3573 ἀνεχώρει,
760 3504 858 3557 καὶ
902 3503 990 3556 διὰ
1052 3503 1217 3575 μέσου
1281 3501 1459 3555 αὐτῶν
1490 3501 1848 3572 ἀνερχόμενος

266 3594 399 3659 τοὺς
431 3596 739 3664 φωνοῦντας
774 3595 836 3669 [Ῑ.
867 3595 1170 3667 φονῶντας]
1225 3594 1623 3665 ἀπεκρύπτετο.
1660 3594 1848 3657 Ὅστις

267 3690 365 3743 οὖν
422 3689 791 3760 βλαπτόμενος
847 3692 928 3754 είς
987 3689 1302 3743 θεοσέϐειαν
1353 3688 1457 3741 ύπό
1526 3704 1670 3750 τινος
1738 3686 1849 3739 τῶν

266 3782 511 3845 οἰκείων,
542 3783 757 3853 στέργει
790 3784 887 3853 την
918 3783 1056 3853 πρὸς
1105 3781 1298 3844 αὐτοὺς
1344 3780 1547 3850 σχέσιν,
1592 3778 1686 3832 καὶ
1716 3796 1848 3849 προσ

268 3876 562 3947 τιμοτέραν
583 3875 785 3946 ταύτην
809 3876 1042 3927 ποιεῖται
1072 3873 1167 3944 τῆς
1191 3871 1327 3943 πρὸς
1370 3872 1462 3924 τὸν
1490 3870 1621 3924 θεὸν
1655 3871 1849 3942 εὐαρε-

1956 3152 2050 3206 ριΤ
2078 3137 2178 3190 hoc
2202 3135 2369 3204 quod,
2393 3130 2604 3188 diabolo
2628 3133 2801 3202 ipsum
2833 3136 3073 3187 tentante
3106 3139 3163 3183 ιιι
3190 3144 3249 3186 se
3274 3129 3341 3184 de
3374 3145 3526 3183 sum-

1956 3229 2144 3282 mitate
2178 3225 2359 3295 templi
2387 3223 2665 3291 dejiceret,
2696 3224 3046 3277 tentationem
3070 3221 3265 3290 repulit
3291 3238 3306 3275 :
3336 3229 3390 3273 et
3421 3234 3525 3272 non

1954 3332 2015 3371 se
2044 3314 2246 3370 Iudaeis
2279 3312 2534 3376 tradidit,
2569 3312 2662 3366 sed
2696 3310 2942 3373 secessit,
2971 3318 3135 3377 atque
3162 3322 3258 3376 per
3292 3306 3524 3360 medium

1955 3422 2142 3463 eorum
2177 3405 2482 3469 transiens,
2524 3402 2593 3457 ab
2629 3401 2736 3456 illis
2766 3415 2826 3454 se
2862 3399 3171 3454 occultavit.
3203 3396 3370 3466 Igitur
3404 3395 3525 3451 cui-

1955 3508 2171 3569 cunque
2200 3498 2478 3553 domestici
2509 3506 2563 3551 et
2594 3494 2751 3549 amici
2789 3490 3007 3548 obstant
3044 3491 3096 3546 in
3129 3490 3324 3559 pietate
3344 3529 3361 3556 ,
3395 3497 3450 3543 et
3480 3488 3523 3542 is

1956 3592 2167 3647 illorum
2208 3582 2631 3646 familiaritatem
2662 3587 2792 3652 Deo,
2821 3585 2906 3639 cui
2940 3584 3149 3652 placere
3179 3583 3355 3646 debet,
3387 3598 3525 3650 prmo

1956 3686 2090 3751 fert,
2138 3683 2223 3739 vel
2272 3683 2437 3740 etiam
2486 3691 2706 3753 propter
2756 3692 2996 3733 amorem
3048 3678 3167 3731 vitm
3214 3675 3529 3731 lnmtiuente

1957 3777 2218 3848 martyrio
2253 3775 2433 3831 deficit
2464 3783 2519 3829 et
2546 3784 2729 3843 negat,
2764 3772 2854 3827 ille
2885 3784 2989 3826 non
3020 3778 3196 3841 potest
3219 3784 3340 3825 esse
3368 3770 3530 3825 disci-

1956 3870 2114 3942 pulus
2136 3867 2360 3923 Christi.

273 3969 542 4038 στὴσεως,
589 3966 669 4019 ἔτι
699 3984 759 4020 τε
801 3967 896 4020 καὶ
926 3965 1013 4018 διὰ
1041 3963 1135 4019 τοῦ
1184 3962 1468 4034 φιλοζωεῖν
1500 3963 1757 4028 πολλάκις
1780 3965 1872 4019 καὶ
1926 3962 2226 4037 μαρτυρίου
2267 3960 2626 4033 προκειμένου
2676 3959 2755 4023 εἰς
2787 3950 3013 4029 ἄρνησιν
3043 3954 3525 4031 ἐκτραχηλίζεται,

268 4056 428 4123 οὗτος
468 4060 530 4113 ού
593 4060 813 4114 δύναται
858 4055 1096 4129 Χριστοῦ
1147 4052 1284 4111 εἶναι
1342 4056 1611 4126 μαθητής.

357 4173 376 4205 ι
413 4153 509 4218 Τίς
539 4154 646 4224 γὰρ
682 4150 743 4216 ἐξ
786 4150 939 4222 ὑμῶν
989 4149 1157 4203 θέλων
1210 4148 1418 4220 πύργον
1469 4147 1847 4219 οἰκοδομῆσαι,

2030 4146 2194 4203 Vens.
2224 4143 2409 4201 98-50.
2441 4162 2461 4196 ι
2497 4143 2628 4212 Quis
2654 4142 2795 4198 enim
2829 4152 2893 4196 ex
2923 4142 3096 4211 vobis,
3126 4142 3214 4212 qui
3248 4143 3373 4198 velit
3409 4153 3527 4198 tur-

270 4246 393 4317 οὐχὶ
423 4243 637 4315 πρῶτον
662 4240 889 4303 καθίσας
917 4240 1143 4310 ψηφίζει
1167 4238 1264 4311 τὴν
1286 4239 1552 4308 δαπάνην,
1578 4241 1625 4292 εί
1648 4238 1759 4308 ἔχει
1782 4239 1845 4292 τὰ

1957 4242 2057 4297 rim
2087 4239 2373 4304 :editicare,
2402 4237 2528 4308 quin
2558 4238 2707 4308 prius
2734 4237 2930 4291 sedens
2952 4245 3226 4305 computet
3254 4247 3524 4305 sumptus,

273 4340 354 4401 ei;
381 4336 728 4407 ἀπαρτισμὸν
747 4374 760 4395 ,
798 4335 883 4387 ἴνα
910 4337 1157 4405 μήπωτε,
1180 4332 1361 4396 θέντος
1386 4332 1551 4385 αὑτοῦ
1584 4332 1852 4402 θεμέλιον,

274 4431 370 4484 καὶ
400 4429 474 4502 μὴ
511 4431 787 4500 ἰσχύοντος
835 4428 1139 4489 ἐκτελέσαι,
1175 4426 1375 4488 πάντες
1428 4427 1478 4479 οἱ
1523 4424 1856 4496 θεωροῦντες

274 4523 546 4592 ἄρξωνται
580 4520 869 4592 ἐμπαίζειν
894 4520 1042 4589 αὐτῷ
1075 4520 1348 4587 λέγοντες,
1384 4519 1486 4583 ὅτι,
1508 4511 1679 4580 Οὗτος
1711 4519 1739 4571 ό
1763 4517 1856 4571 ἄν·

277 4618 496 4689 (lpmrro;
528 4616 730 4685 ἤρξατο
756 4612 1077 4682 οἰκοδομεῖν,
1132 4612 1227 4665 καὶ
1258 4613 1359 4664 οὐκ
1388 4611 1604 4681 ἴσχυσεν
1635 4610 1854 4662 ἐκτελέ-

278 4728 370 4762 σαι
396 4727 411 4775 ;
444 4728 462 4760 ι
490 4711 585 4761 Δια
610 4708 709 4776 τῆς
740 4704 833 4758 τοῦ
861 4705 1068 4776 πύργου
1101 4704 1413 4775 παραϐολῆς
1438 4704 1679 4756 διδάσκει
1710 4704 1856 4771 ἡμᾶς

275 4806 305 4855 ὁ
347 4801 549 4870 Κύριος
573 4797 717 4865 ἅπαξ
755 4796 1066 4850 ἀκολουθεῖν
1096 4796 1242 4866 αύτῷ
1275 4794 1584 4865 ἑλομένους,
1620 4796 1852 4863 φυλάξαι

274 4894 375 4961 τὴν
407 4892 574 4962 αὐτὴν
625 4892 967 4962 προαίρεσιν,
1012 4889 1107 4940 καὶ
1157 4889 1231 4957 μὴ
1263 4886 1513 4957 θεμέλιον
1554 4887 1653 4954 μὲν
1684 4903 1853 4938 κειται

276 4980 534 5033 ϐαλέσθαι
556 5022 570 5045 ,
609 4981 727 5051 ἦτοι
772 4979 945 5051 ἀρχὴν
975 4977 1407 5049 ἁκολουθήσεως,
1439 4972 1557 5029 εἶτα
1590 4976 1740 5038 τέλος
1779 4976 1853 5047 μὴ

277 5071 562 5133 ἐπιθεῖναι,
595 5072 669 5135 ὡς
699 5072 775 5142 μὴ
803 5071 1020 5140 ἔχοντας
1049 5068 1325 5138 ἀρκοῦσαν
1349 5069 1447 5138 τὴν
1495 5068 1853 5138 παρασκευὴν

275 5163 375 5232 τῆς
404 5164 732 5234 προθῦμίας.
761 5163 1001 5216 Τοιοῦτοι
1022 5158 1161 5233 ἦσαν
1188 5164 1406 5223 ἐκεῖνοι,
1427 5162 1555 5231 περὶ
1575 5154 1648 5212 ὧν
1675 5158 1855 5213 Ἰωάν-

277 5274 377 5325 νης
407 5258 435 5309 ὁ
459 5258 848 5326 εύαγγελιστὴς
868 5255 994 5326 ἐφηδ
1029 5254 1222 5307 Πολλοὶ
1251 5249 1343 5307 οὖν
1371 5255 1435 5306 ἐκ
1462 5253 1567 5305 τῶν
1593 5253 1850 5324 μαθητῶν

278 5351 445 5405 αὐτοῦ
470 5350 711 5422 ἀπῆλθον
745 5351 823 5413 είς
858 5350 925 5403 τὰ
955 5350 1153 5403 ὀπίσω.
1184 5347 1295 5402 Καὶ
1322 5348 1428 5410 πᾶς
1456 5346 1515 5399 δὲ
1560 5347 1845 5419 ἄνθρωπος

352 5531 397 5561 ⁸⁹
421 5529 583 5587 Joau.
608 5545 722 5594 xvr,
757 5529 848 5584 52.

352 5687 427 5761 (α)
456 5687 552 5742 Ed.
584 5689 704 5743 Lut.
750 5704 851 5742 non
887 5687 1068 5750 habet,
1097 5701 1311 5753 prorsus
1343 5680 1598 5753 imperite.

1953 4350 2022 4389 an
2051 4334 2247 4388 habeat
2274 4333 2469 4402 quibus
2493 4345 2628 4399 opus
2651 4342 2727 4385 est
2756 4330 2818 4382 ad
2847 4328 3272 4398 perficiendum?
3294 4344 3360 4382 ne
3382 4340 3528 4395 post-

1951 4441 2111 4495 quam
2136 4424 2377 4496 posuerit
2405 4423 2837 4487 fundamentum,
2864 4436 2960 4476 nec
2983 4422 3217 4489 poluerit
3244 4421 3526 4489 perlicere,

1952 4534 2140 4573 omnes
2192 4519 2283 4586 qui
2319 4516 2553 4573 viderint
2588 4515 2849 4584 incipiant
2886 4513 3108 4567 illudere
3138 4512 3210 4576 ei,
3249 4513 3524 4566 dicentes:

1954 4604 2053 4661 llic
2076 4608 2234 4661 homo
2256 4608 2420 4674 cmpit
2441 4605 2729 4671 aulilicare,
2758 4619 2854 4657 nec
2876 4604 3047 4671 potuit
3070 4617 3469 4655 consummare.
3502 4620 3520 4650 ι

1952 4696 2055 4751 Per
2087 4698 2397 4765 parabolam
2440 4697 2608 4750 turris
2639 4696 2797 4749 docet
2826 4710 2925 4749 nos
2966 4694 3223 4748 Dominus
3258 4704 3317 4747 ut
3347 4694 3398 4747 hi
3435 4693 3525 4761 qui

1952 4790 2117 4843 semel
2158 4788 2455 4858 delegerint
2490 4803 2612 4841 eum
2649 4788 2838 4856 sequi,
2871 4789 3011 4841 idem
3045 4788 3374 4858 propositum
3408 4801 3523 4840 scr—

1952 4889 2119 4933 vent:
2156 4893 2253 4933 nec
2284 4876 2454 4932 solum
2483 4876 2687 4947 iaciant
2720 4877 3153 4939 fundamentum,
3185 4876 3286 4929 hoc
3316 4884 3417 4937 est,
3459 4889 3526 4928 ne

1953 4971 2212 5040 incipiant
2251 4980 2458 5024 Iantmn
2490 4969 2664 5038 sequi,
2697 4980 2751 5024 et
2782 4979 2964 5039 postea
3010 4968 3168 5021 finem
3210 4980 3314 5021 non
3355 4965 3528 5032 impoo

1952 5076 2119 5131 nant,
2154 5074 2210 5119 ut
2252 5065 2302 5118 lii
2328 5064 2417 5133 qui
2453 5079 2555 5118 non
2594 5063 2793 5118 habent
2830 5062 3181 5117 sufﬁcientem
3229 5060 3528 5114 alacritatis

1954 5158 2423 5229 prmparationem.
2455 5153 2614 5211 Tales
2646 5154 2860 5210 fuerunt
2894 5156 2945 5209 hi
2971 5155 3035 5208 de
3066 5153 3261 5224 quibus
3290 5168 3523 5222 evange-

1956 5252 2079 5307 lista
2110 5247 2269 5324 401
2301 5249 2540 5305 Joannes
2571 5249 2696 5303 dicit
2729 5264 2747 5303 :
2777 5247 2923 5301 Multi
2958 5246 3120 5315 igitur
3147 5259 3213 5301 ex
3247 5244 3526 5313 discipulis

1957 5348 2070 5415 ejus
2102 5350 2350 5403 abierunt
2380 5354 2673 5400 retrorsum
2704 5342 2772 5396 ".
2807 5341 2871 5396 Et
2898 5338 3073 5395 omnis
3106 5339 3266 5395 homo
3299 5336 3390 5409 qui
3417 5338 3529 5393 vir-
