3932 6456
452 271 565 331 9i}

1297 260 1398 320 ΤΠ
1413 259 1602 320 EOl’li
1616 261 1704 320 YL
1718 261 1879 319 ~\l‘.'l'I
1929 260 2177 321 HIILGA
2191 261 2338 323 “UE
2372 260 2731 324 ARCHIEP.
3586 272 3674 336 ιιι

459 417 623 456 tutcut
655 400 870 467 quidem
903 395 1117 464 operari
1165 395 1315 459 vult.
1358 405 1412 451 et
1444 409 1548 449 nou
1581 408 1646 449 eo
1672 374 1952 462 pervenit,
1978 402 2027 447 ut

2144 393 2405 464 πράττειν
2443 391 2541 462 μὲν
2573 390 2672 463 τὴν
2725 388 2930 463 ἀρετὴν
2977 390 3252 460 ἑλόμενος,
3291 391 3367 463 μὴ
3396 390 3589 460 φθάσας
3611 398 3673 457 δι,

440 507 508 557 ,οι
534 492 767 548 divinam
793 487 1153 558 cognitionem
1178 486 1432 555 accipiat,
1458 500 1524 539 eo
1549 485 1693 556 quod
1716 483 2028 553 imperfecte

455 600 508 639 et
540 589 740 653 alisque
770 580 977 636 ratione
1008 580 1262 633 virtutem
1292 579 1522 641 orditur,
1558 576 1871 647 imperfecte
1896 576 2029 631 aedt-

458 680 603 739 ticat,
638 691 741 730 utm
769 674 956 729 valens
978 671 1260 728 absolvere
1294 669 1489 726 turrim
1515 682 1740 726 stnnmte
1765 668 2029 736 cognitio-

458 775 560 825 nis.
614 769 763 825 Unde
802 777 858 823 et
898 765 1137 822 illuditur
1187 763 1256 818 ab
1293 762 1377 818 his
1416 777 1446 817 ο
1487 761 1682 831 quibus
1720 758 1933 814 videtur
1974 767 2029 814 et

458 861 766 916 hominibus
788 864 845 912 et
869 853 1123 912 diabolis.
1154 850 1247 907 Vel
1271 852 1465 907 aliter:
1498 866 1594 921 per
1615 847 2026 904 fundamentum

456 952 674 1023 quidem
716 947 988 1016 intelligas
1022 958 1327 999 sermonem
1363 940 1620 997 doctoris.
1661 938 1854 993 Sermo
1881 939 2026 994 enim

454 1047 716 1101 imitrintc
738 1082 754 1105 ,
793 1049 975 1109 utpote
1005 1046 1245 1092 tractans
1275 1035 1343 1091 de
1370 1032 1699 1090 continentia
1719 1071 1735 1098 ,
1762 1030 1943 1104 jactus
1971 1030 2025 1085 iu

456 1132 706 1203 discipuli
732 1132 969 1185 animam
995 1127 1347 1183 fundamento
1375 1132 1742 1192 ccuiparatur.
1770 1120 1916 1191 Opus
1943 1129 2028 1176 est

456 1237 635 1281 autem
658 1221 894 1279 sermoni
907 1220 1048 1283 huic,
1066 1218 1168 1273 hoc
1188 1227 1268 1271 est
1307 1213 1677 1277 fundamento.
1696 1210 2026 1279 super-aedifi-

444 1319 688 1383 rcatione,
705 1329 868 1387 opere
886 1313 1029 1377 dico,
1045 1318 1102 1366 ut
1117 1310 1279 1364 turris
1297 1319 1476 1362 nostra
1490 1304 1824 1360 fortitudinis
1841 1319 1869 1357 a
1890 1302 2023 1358 facie

457 1410 661 1465 inimici
687 1404 952 1467 absoluta,
978 1405 1051 1457 sit
1071 1403 1247 1455 virtus
1273 1399 1359 1453 illa
1384 1413 1544 1468 quam
1569 1396 2021 1466 proponebamus.

457 1503 608 1569 Quod
629 1508 807 1554 autem
834 1496 1239 1551 fundamentum
1259 1492 1473 1561 quidem
1499 1490 1568 1544 sit
1591 1502 1793 1549 sermo,
1817 1496 2027 1542 exstru-

456 1597 565 1651 ctio
590 1605 769 1650 autem
791 1604 948 1660 opus,
978 1587 1113 1642 satis
1145 1585 1487 1640 abuude'nos
1518 1582 1675 1637 docet
1697 1579 2024 1648 Apostolus:

462 1686 933 1742 iFundamentum
950 1679 1102 1750 posui
1125 1677 1310 1734 Jesum
1328 1675 1599 1731 Christum
1622 1714 1639 1740 ,
1672 1672 1814 1728 alius
1846 1683 2024 1726 autem

2133 482 2276 537 ὥστε
2319 484 2413 536 καὶ
2446 483 2598 537 θείαν
2648 481 2850 550 γνῶσιν
2888 479 3238 551 προσλαῶῐν.
3264 481 3357 534 διὰ
3400 483 3461 535 τδ
3504 486 3677 551 ἀτελῶς

2133 576 2227 627 και
2251 573 2461 640 ἀλόγως
2490 574 2586 643 τῆς
2612 572 2814 644 ἀρετῆς
2837 570 3123 643 ἄρξασθαι,
3159 570 3373 634 ἀτελῶς
3394 571 3592 638 κτίζει,
3618 575 3678 648 μὴ

2132 664 2430 734 δυνάμενος
2466 663 2768 733 ἀπαρτίσαι
2799 663 2893 716 τδν
2949 662 3158 733 πύργον
3187 663 3295 733 τῆς
3328 663 3533 735 ὑψηλῆς
3558 669 3673 734 γνῶ.

2134 771 2273 819 σεως
2295 768 2313 787 ·
2343 753 2464 807 ὅθεν
2481 754 2574 807 καὶ
2602 751 2930 823 ἐμπαίζεται
2954 751 3060 806 ὑπὸ
3086 751 3193 806 τῶν
3236 751 3577 823 θεωρούντων
3602 760 3679 811 ab.

2132 846 2224 900 τὸν
2256 846 2350 901 καὶ
2375 844 2682 917 ἀνθρώπων
2702 844 2797 898 καὶ
2839 843 3131 914 δαιμόνων.
3168 844 3281 897 Καὶ
3307 844 3480 909 ἄλλως
3510 844 3581 910 δὲ,
3606 849 3676 903 θε.

2134 937 2326 1008 μίλιον
2355 938 2452 1007 μὲν
2500 940 2723 1007 νοήσαις
2766 936 2858 990 τὸν
2888 936 3272 991 διδασκαλικὸν
3295 938 3474 1005 λόγον.
3511 940 3567 993 '0
3591 942 3680 1014 γὰρ

2131 1029 2233 1102 τῆς
2274 1029 2627 1094 διδασκαλίας
2675 1029 2833 1098 λόγος
2883 1030 3291 1101 διαλαμϐάνων,
3342 1030 3477 1102 φέρε
3512 1034 3678 1099 clasis,

2134 1123 2263 1192 περὶ
2282 1123 2608 1194 ἐγκρατείας
2632 1121 2871 1194 θεμελίῳ
2895 1120 3040 1176 ἔοικε
3079 1122 3456 1192 καταδληθεὶς
3491 1126 3575 1178 ἐπὶ
3599 1126 3680 1199 τὴν

2133 1212 2230 1268 τοῦ
2267 1213 2510 1286 μαθητοῦ
2526 1213 2732 1285 ψυχήν.
2772 1216 2866 1267 Ac!
2886 1213 2981 1268 οῦν
3006 1212 3241 1285 τῷλόγῳ
3273 1214 3471 1286 τούτῳ,
3494 1216 3599 1287 ἦτοι
3620 1220 3680 1288 τῷ

2132 1306 2391 1378 θεμελίῳ,
2419 1306 2514 1360 καὶ
2561 1306 2959 1377 ιποικοδομεϊν,
3013 1305 3084 1359 τά
3108 1305 3210 1376 τῆς
3242 1306 3499 1376 πράξεως
3533 1307 3678 1374 λέγω·

2135 1400 2223 1453 ἵνα
2252 1401 2345 1451 καὶ
2372 1398 2580 1471 πύργος
2622 1400 2756 1470 ἡμῖν
2791 1398 2978 1469 ίσχύος
3011 1397 3121 1452 duro
3164 1397 3464 1469 προσώπου
3512 1398 3679 1472 ἐχθροῦ

2132 1488 2496 1558 ἁπαρτισθείη
2523 1489 2558 1557 ἡ
2592 1487 2763 1559 ἀρετὴ
2785 1489 2992 1558 εκείνη,
3026 1488 3096 1559 ην
3121 1486 3490 1558 προεθέμεθα.
3513 1489 3681 1545 Ὅτιίὶ

2134 1578 2383 1649 θεμέλιος
2415 1578 2562 1649 μὲνὸ
2594 1578 2774 1647 λόγος,
2810 1579 3068 1650 οἰκοδομὴ
3100 1578 3159 1632 δὲ
3190 1580 3227 1650 ή
3268 1578 3488 1647 πρᾶξις,
3513 1581 3679 1646 ίκανῶς

2133 1672 2279 1741 ἡμᾶς
2327 1672 2355 1725 ό
2405 1670 2730 1736 Ἀπόστολος
2787 1672 3028 1728 διδάσκει
3058 1671 3261 1740 λέγων,
3292 1672 3379 1725 ὅτι
3405 1691 3424 1723 ι
3456 1672 3680 1743 Septima

454 1775 852 1851 superexstruit
872 1774 976 1839 ",i
1001 1780 1056 1827 et
1086 1771 1264 1825 statim
1283 1778 1564 1825 enumerat
1599 1768 1745 1821 varia
1774 1764 2021 1829 aedilicia,

2132 1762 2347 1816 τέθεικα
2363 1762 2573 1833 Ἰησοῦν
2595 1762 2852 1835 Χριστὸν,
2885 1763 3045 1828 ἄλλος
3073 1763 3129 1818 δὲ
3150 1764 3502 1833 ἐποικοδομεῖ
3518 1780 3533 1797 ο
3558 1783 3577 1816 ι
3603 1766 3678 1818 καί

457 1869 558 1923 hoc
606 1874 731 1929 est,
781 1862 1123 1931 operationes
1175 1859 1257 1913 vel
1306 1857 1570 1912 bonormn
1629 1855 1713 1909 vel
1767 1853 2029 1910 malorum

451 1973 701 2031 operum.
747 1953 1061 2009 Timeamus
1103 1952 1270 2022 igitur
1315 1967 1383 2004 ne
1431 1949 1570 2004 forte
1610 1948 1833 2003 illudant
1876 1947 2031 2000 nobis

457 2052 750 2112 daemones,
769 2046 834 2100 de
856 2044 1051 2114 quibus
1066 2042 1326 2112 propheta
1347 2042 1477 2096 dicit
1498 2059 1512 2096 :
1539 2057 1556 2091 ι
1584 2038 1837 2094 lllusores
1855 2037 2032 2091 domi-

456 2140 731 2197 nabuntur
762 2137 864 2202 eis,
901 2154 920 2187 ι
958 2135 1043 2190 his
1072 2133 1281 2191 scilicet
1311 2134 1399 2202 qui
1437 2148 1465 2186 a
1496 2132 1602 2187 Deo
1647 2123 1847 2199 rcpnlsi
1880 2138 2026 2183 sunt.

529 2318 695 2373 Vens.
722 2313 905 2372 ’ὀί-55.
941 2330 959 2366 ι
990 2313 1096 2367 Aut
1124 2311 1245 2381 quis
1282 2326 1373 2365 rex
1404 2308 1757 2380 proficiscens
1790 2317 1842 2359 nt
1880 2321 2029 2361 cmu-

455 2411 639 2467 mittat
685 2408 930 2479 praelium
971 2407 1232 2460 adversus
1275 2404 1502 2459 alterum
1556 2416 1733 2473 regem
1772 2441 1789 2467 ,
1849 2414 2030 2456 nouue

456 2502 650 2558 sedens
684 2500 833 2571 prius
870 2497 1074 2569 cogitat
1110 2511 1178 2551 an
1207 2497 1378 2567 possit
1402 2510 1522 2551 cum
1558 2493 1745 2549 decem
1791 2491 2029 2547 millibus

455 2607 740 2651 occurrere
772 2591 820 2645 ei
860 2591 952 2660 qui
990 2604 1113 2645 cum
1140 2588 1330 2660 viginti
1374 2588 1612 2642 millibus
1652 2586 1798 2640 venit
1841 2595 2026 2638 cutura

454 2687 546 2744 se?
576 2686 811 2754 alioquin
838 2684 1015 2740 adhuc
1036 2681 1127 2738 illo
1152 2682 1305 2751 longe
1335 2688 1546 2749 agente,
1571 2678 1836 2748 legatione
1867 2676 2025 2731 missa

454 2778 588 2850 petit
616 2793 680 2833 ea
704 2791 822 2845 qua!
849 2775 997 2846 pacis
1022 2774 1185 2831 sunt?
1204 2771 1294 2827 Sic
1315 2785 1447 2843 ergo
1466 2770 1655 2825 ‘omuis
1674 2784 1741 2824 ex
1764 2767 1914 2823 vobis
1934 2767 2027 2838 qui

456 2889 563 2927 non
612 2852 886 2925 renuntiat
944 2866 1201 2925 omnibus
1240 2853 1358 2935 quae
1400 2864 1674 2934 possidet,
1720 2875 1826 2917 non
1854 2868 2031 2930 potest

460 2978 612 3017 incus
652 2976 774 3015 esse
819 2956 1135 3028 discipulus.
1187 2954 1393 3009 Bonum
1440 2965 1519 3009 est
1559 2954 1659 3010 sal.
1697 2954 1753 3009 Si
1791 2968 1921 3008 vero
1951 2951 2030 3005 sal

457 3055 779 3112 iiifatuamm
829 3051 1023 3116 fuerit,
1068 3063 1161 3120 per
1197 3049 1339 3118 quod
1379 3046 1702 3102 coudictur?
1743 3043 1929 3115 Neque
1975 3042 2027 3097 in

2133 1853 2260 1926 ἑξῆς
2284 1853 2574 1922 καταλέγει
2600 1854 2699 1917 τὰς
2727 1854 3019 1926 διαφόρους
3037 1855 3357 1926 οίκοδομὰς,
3395 1855 3511 1925 ἦτοι
3540 1857 3678 1926 ἔργα-

2134 1946 2254 2010 σίας
2283 1945 2315 2018 ἦ
2363 1945 2544 2000 καλῶν
2600 1946 2636 2018 ἢ
2666 1948 2919 2019 πονηρῶν
2970 1947 3149 2019 ἔργων
3171 1965 3188 1981 σ
3221 1948 3546 2018 φοϐηθῶμεν
3582 1948 3673 2017 οὖν,

2135 2039 2348 2109 μήποτε
2374 2037 2717 2111 ὲμπαίζωσιν
2742 2041 2877 2111 ἡμῖν
2905 2042 2953 2093 oi
2971 2040 3255 2111 δαίμονες,
3281 2040 3414 2111 περὶ
3430 2034 3501 2092 ὢν
3520 2042 3545 2092 ὀ
3574 2058 3679 2110 προ-

2133 2132 2311 2203 φήτης
2330 2131 2609 2203 malva“,
2637 2149 2656 2184 t
2683 2130 3017 2203 Ἐμπαῖκται
3036 2133 3421 2204 κυριεύσουσιν
3452 2132 3626 2192 αὐτῶν,
3655 2152 3669 2183 ι

2133 2224 2239 2278 τῶν
2269 2223 2376 2277 ὑπὸ
2397 2224 2492 2277 τοῦ
2514 2221 2653 2277 Θεοῦ
2672 2222 2874 2294 δηλαδὴ
2903 2225 3275 2293 άπωσμένων.

2205 2334 2224 2367 ι
2260 2316 2331 2368 Ἢ
2366 2315 2450 2379 τίς
2483 2314 2738 2386 βασιλεὺς
2794 2315 3163 2387 πορευόμενος
3197 2316 3498 2385 συμϐαλεῖν
3534 2317 3673 2387 ἑτέρῳ

2131 2405 2341 2478 βασιλεῖ
2379 2409 2458 2472 είς
2488 2406 2747 2477 πόλεμον.
2783 2408 2907 2478 οὐχι
2936 2407 3167 2468 καθίσας
3220 2408 3444 2479 πρῶτον
3491 2408 3671 2478 βουλεὺο

2130 2513 2269 2562 εται,
2293 2497 2341 2549 si
2367 2495 2590 2561 δυνατός
2619 2498 2767 2551 ἐστιν
2792 2499 2850 2551 ἐν
2875 2498 3006 2551 δέκα
3038 2498 3281 2568 χιλιάσιν
3305 2499 3595 2569 ἀπαντῆσαι
3612 2499 3671 2570 τῷ

2135 2588 2273 2661 μετά
2320 2588 2492 2643 εἴκοσι
2543 2589 2798 2660 χιλιάδων
2829 2592 3111 2662 ἐρχομένῳ
3145 2592 3286 2658 πρὸς
3328 2591 3517 2645 αὐτόν·
3556 2593 3599 2644 εί
3626 2592 3671 2644 δὲ

2133 2683 2274 2753 μήγε
2309 2679 2389 2734 ἔτι
2410 2682 2598 2752 πόρρω
2636 2681 2800 2734 αὑτοῦ
2839 2682 3012 2746 δντος,
3055 2682 3360 2752 πρεσϐείαν
3384 2681 3669 2744 ἀποστείλας

2133 2775 2314 2844 ἐρωτᾷ
2342 2776 2409 2826 τὰ
2437 2774 2573 2845 πρὸς
2598 2773 2821 2844 είρήνην
2844 2789 2858 2839 ;
2887 2773 3073 2838 Οὕτως
3100 2773 3192 2828 οὖν
3222 2776 3336 2838 πᾶς
3367 2774 3425 2841 ἑξ
3448 2773 3603 2844 ὑμῶν,
3624 2772 3668 2835 ὃς

2131 2866 2231 2919 οὐκ
2252 2865 2619 2918 ἀποτάσσεται
2664 2867 2802 2919 πᾶσι
2849 2867 2964 2929 τοῖς
3010 2866 3206 2920 ἑαυτοῦ
3237 2867 3584 2938 ὑπάρχουσιν,
3619 2864 3669 2917 ού

2130 2957 2351 3011 δύναταί
2375 2973 2478 3027 μου
2496 2951 2636 3010 εἶναι
2669 2956 2942 3029 μαθητής.
2964 2959 3142 3013 Καλὸν
3167 2958 3230 3013 τδ
3263 2958 3417 3022 ἃλαςο
3452 2960 3538 3012 ἐάν
3559 2958 3605 3011 δὲ
3622 2957 3670 3008 τὺ

2132 3050 2266 3114 ἅλας
2300 3051 2583 3122 μωρανθῇ,
2617 3051 2674 3103 ἐν
2696 3051 2804 3104 τίνι
2836 3050 3232 3122 άρτυθήσεταις
3271 3051 3412 3107 Οὔτε
3450 3052 3523 3113 είς
3567 3051 3667 3118 γῆν,

458 3159 691 3213 terram,
736 3158 912 3216 neque
965 3144 1015 3198 iu
1071 3140 1470 3212 sterquilinium
1517 3140 1650 3195 utile
1700 3149 1826 3193 est:
1885 3138 2027 3194 foras

2132 3142 2255 3199 05::
2287 3148 2364 3207 si;
2390 3109 2624 3215 κοπρίαν
2654 3141 2876 3197 εὔθετόν
2928 3109 3076 3197 ἐστίν
3101 3143 3206 3209 ἔξω
3231 3145 3513 3214 βάλλουσιν

458 3238 749 3310 projiciuut
801 3235 951 3289 i.lud.
1002 3234 1104 3301 Qui
1174 3232 1334 3288 habet
1364 3248 1521 3287 aures
1562 3235 1627 3286 ad
1675 3231 2025 3293 audiendum,

455 3333 659 3385 audiat.
695 3347 714 3380 ι
757 3328 823 3381 Ει
850 3329 962 3380 haec
992 3324 1244 3394 parabola
1282 3327 1437 3378 docet
1482 3338 1578 3376 nos
1618 3338 1681 3377 uc
1723 3324 1893 3377 simus
1925 3320 2027 3376 du-

457 3419 581 3489 plici
612 3420 793 3472 animo
812 3454 828 3481 ,
864 3428 1037 3484 neque
1067 3412 1218 3468 carni
1248 3419 1303 3467 ct
1347 3411 1454 3466 Deo
1484 3412 1852 3465 adluereamus
1882 3427 1894 3464 :
1933 3410 2025 3465 sed

455 3512 499 3565 si
539 3508 784 3563 volumus
810 3505 1009 3560 bellqu
1040 3513 1229 3558 contra
1267 3501 1532 3571 nralignos
1562 3503 1832 3557 diciiiones
1858 3501 2029 3557 susci-

455 3618 616 3673 pere,
664 3607 720 3653 ut
768 3598 1005 3651 feramur
1053 3596 1106 3650 iu
1137 3609 1233 3651 eos
1279 3604 1530 3664 tauquam
1576 3593 1793 3662 hostes,
1828 3606 1880 3650 et
1920 3596 2027 3650 illis

458 3711 584 3749 vere
609 3691 971 3747 obluctemur.
997 3686 1109 3742 Rex
1135 3689 1296 3758 igitur
1313 3697 1395 3743 est
1417 3698 1469 3742 et
1492 3697 1769 3757 pem-atqu
1796 3682 2027 3758 regnans

456 3793 509 3844 in
539 3784 750 3841 mortali
782 3794 969 3838 neatro
998 3795 1247 3849 corpore,
1272 3780 1317 3834 si
1350 3778 1479 3833 illud
1515 3778 1871 3836 admittimus.
1911 3778 2026 3835 Rex

455 3879 617 3933 etiam
638 3883 691 3930 et
717 3875 928 3929 animus
952 3879 1136 3926 noster
1167 3871 1414 3925 conditus
1444 3879 1550 3926 est.
1584 3869 1660 3926 Ne
1688 3871 1877 3941 igitur,
1904 3886 2027 3926 cum

457 3966 815 4024 resistendum
850 3975 933 4020 est
961 3971 1206 4034 peccato,
1244 3960 1660 4032 pusillanimiter
1687 3961 1813 4016 illud
1849 3962 2026 4032 impu-

456 4070 606 4132 gnet.
633 4058 827 4116 Gravis
854 4058 1001 4113 enim
1026 4065 1081 4112 et
1110 4055 1368 4112 terribilis
1397 4064 1481 4111 est
1505 4054 1624 4126 ejus
1656 4056 1951 4122 exercitus,
1975 4062 2029 4110 et

458 4151 634 4223 Ittajor
681 4164 736 4206 et
792 4147 1131 4203 numerosior
1180 4146 1393 4219 videtur
1446 4150 1608 4215 quam
1668 4160 1766 4201 nos
1814 4160 2026 4201 sumus.

456 4248 665 4316 Quippe
694 4242 965 4302 «laniones
986 4224 1112 4294 sunt
1137 4239 1335 4294 milites
1360 4239 1591 4309 peccati,
1618 4238 1710 4308 qui
1739 4245 2028 4294 censentur

454 4335 647 4408 νίεῖιιιί
678 4332 843 4387 millia
877 4339 1067 4387 contra
1097 4338 1282 4384 nostra
1328 4329 1511 4384 decem
1548 4328 1738 4385 millia.
1768 4324 1902 4381 Nam
1941 4327 2026 4382 iu-

2142 3237 2202 3299 ΪΟ
2248 3238 2387 3308 ἔχων
2435 3230 2552 3291 ὦτα
2575 3235 2815 3302 ἀκούειν,
2839 3237 3100 3292 ἀκουέτω.
3123 3254 3143 3290 ι
3165 3238 3276 3290 Καὶ
3297 3236 3433 3307 αὕτη
3463 3238 3495 3305 ἡ
3523 3251 3667 3302 παρσ-

2132 3328 2263 3400 6ολὴ
2311 3329 2556 3384 διδάσκει
2595 3330 2742 3399 ἡμᾶς
2794 3328 2872 3400 μὴ
2899 3328 3155 3400 διψύχους
3189 3327 3352 3391 εἶναι,
3387 3327 3511 3400 μηδὲ
3534 3326 3667 3396 σσρκὶ

2132 3422 2226 3475 καὶ
2254 3421 2373 3493 Θεῷ
2399 3421 2785 3492 προσηλῶσθαι
2809 3439 2823 3451 ⁸
2853 3421 2970 3476 ἀλλ’
3005 3425 3055 3475 εί
3105 3422 3398 3493 μέλλοιμεν
3435 3421 3520 3475 τὸν
3552 3419 3664 3472 κατὰ

2130 3515 2239 3568 τῶν
2270 3513 2524 3584 πονηρῶν
2565 3515 2850 3589 δυνάμεων
2884 3515 3120 3585 πόλεμον
3141 3515 3380 3584 ἄρασθαι
3402 3553 3417 3580 ,
3461 3511 3660 3583 προσφί·

2135 3607 2324 3678 ρεσθαι
2356 3608 2538 3670 autat;
2565 3607 2640 3670 ὡ;
2673 3608 2909 3679 ἐχθροῖς,
2936 3609 3031 3661 καὶ
3053 3608 3269 3678 ἀληθῶς
3301 3604 3664 3676 ἀντιπαρετάτ-

2131 3701 2317 3754 τεσθαι
2370 3700 2632 3763 Βασιλεὺς
2680 3701 2778 3770 μὲν
2810 3697 2903 3754 οὖν
2932 3702 3047 3753 ἐστι
3076 3700 3173 3753 καὶ
3213 3702 3246 3767 ἡ
3283 3700 3516 3769 ἁμαρτία
3541 3696 3662 3767 βασι-

2130 3788 2361 3844 λεύουσα
2383 3791 2439 3843 ὲν
2467 3790 2544 3859 τῷ
2573 3788 2751 3860 θνητῷ
2770 3788 2984 3861 σώματι
3011 3790 3169 3861 ἡμῶν
3192 3790 3303 3843 τῶν
3338 3786 3660 3858 παραδεχομέ-

2132 3900 2236 3935 νων
2264 3883 2433 3954 αύτήν
2460 3896 2478 3914 ⁸
2510 3880 2759 3953 βασιλεὺς
2777 3885 2832 3935 δὲ
2862 3883 2957 3936 καὶ
2986 3882 3014 3935 ὁ
3037 3881 3162 3944 νοῦς
3190 3880 3353 3952 ἡμῶν
3372 3880 3587 3943 ἐκτίσθη.
3611 3878 3658 3928 εἰ

2130 3974 2308 4027 τοίνυν
2348 3974 2592 4044 μέλλοιεν
2642 3974 2957 4044 ἀντιστῆναι
3009 3975 3076 4043 τῇ
3111 3973 3381 4046 ἁμαρτίᾳ,
3429 3969 3659 4039 δλοψύχως

2132 4065 2440 4137 πολεμείτω
2494 4065 2655 4137 αὐτῇ.
2691 4066 2871 4128 Δεινδς
2898 4066 3005 4137 γὰρ
3043 4068 3071 4119 ό
3117 4066 3351 4137 στρατὸς
3384 4063 3565 4133 ταύτης
3586 4058 3658 4114 le

2133 4157 2383 4228 φοϐερὸς,
2403 4158 2497 4211 καὶ
2526 4158 2729 4228 μείζων
2752 4157 2844 4209 κα¹ι
2874 4155 3074 4212 πλείων
3101 4157 3249 4210 δοκεί
3277 4156 3460 4227 ἡμῶν⁹
3490 4156 3533 4207 οἱ
3570 4153 3653 4219 γὰρ

2133 4251 2387 4322 δαίμονες
2423 4250 2753 4321 στρατιῶται
2785 4250 2883 4320 τῆς
2933 4250 3237 4321 ἁμαρτίας,
3266 4250 3317 4303 οἳ
3341 4247 3568 4303 δοκοῦσιν
3594 4244 3654 4295 el-

2134 4360 2254 4396 κοσι
2284 4341 2536 4412 χιλιάδων
2568 4340 2802 4416 ἀριθμὸν
2840 4341 3085 4412 ἐπέχειν,
3125 4342 3261 4411 πρὸς
3289 4340 3423 4395 δέκα
3462 4335 3658 4409 χιλιάδας

453 4426 698 4498 corporei
727 4430 872 4490 sunt,
896 4431 953 4477 et
986 4428 1225 4492 pugnant
1254 4430 1442 4475 contra
1471 4436 1569 4475 nos
1598 4419 1762 4490 quiin
1801 4432 2027 4488 corpore

2132 4436 2438 4506 ἡμειέρας·
2457 4433 2753 4506 ἀσώματοι
2783 4434 2891 4507 γάρ
2934 4433 3110 4499 ὄντες,
3142 4436 3237 4489 καὶ
3265 4434 3405 4504 πρὸς
3445 4433 3556 4493 τοὺς
3586 4429 3655 4481 ἐν·

453 4534 675 4581 sumus,
734 4524 789 4569 et
840 4513 1103 4582 majorem
1161 4511 1415 4566 virtutem
1483 4511 1685 4566 habere
1750 4511 2025 4565 videntur.

453 4610 707 4682 Quamvis
732 4617 912 4665 autem
938 4608 1222 4661 videantur
1247 4604 1522 4667 fortiores,
1549 4619 1650 4660 nos
1681 4615 1857 4658 tamen
1886 4602 2021 4658 resi-

452 4718 595 4762 stere
622 4702 944 4775 poterimus.
972 4716 990 4750 ι
1017 4696 1071 4752 In
1089 4697 1196 4752 Deo
1217 4700 1381 4760 enim,
1399 4695 1595 4765 inquit,
1629 4694 1889 4750 faciemus
1920 4696 2028 4749 vir-

453 4812 620 4854 tutem
647 4798 728 4861 "';
762 4814 780 4847 ι
807 4801 861 4849 ct
894 4812 907 4848 :
940 4809 958 4843 ι
993 4790 1251 4845 Dominus
1275 4787 1598 4842 illuminatio
1619 4802 1759 4853 mea,
1802 4795 1857 4842 et
1883 4786 2027 4843 salus

456 4905 608 4955 mea,
654 4904 811 4956 quem
865 4881 1114 4939 timebo?
1156 4881 1213 4936 Si
1241 4879 1587 4935 coastiteriut
1629 4881 1914 4935 adversum
1944 4897 2031 4936 me

456 4992 651 5046 castra,
684 4995 788 5033 uon
817 4972 1135 5032 timebitcor
1153 4988 1329 5028 meum
1350 4973 1450 5027 τ’.»
1478 4970 1641 5045 402
1668 4970 1822 5029 Dedit
1845 4984 2024 5029 autem

453 5076 608 5130 nobis
654 5071 820 5137 Deus,
878 5068 970 5140 qui
1003 5077 1225 5138 propter
1259 5082 1356 5121 nos
1389 5065 1703 5120 incarnatus
1733 5073 1835 5130 est,
1867 5065 2023 5135 pote-

450 5176 642 5221 Slnlcttt
682 5161 921 5218 calcaudi
950 5173 1112 5228 super
1155 5172 1368 5213 onmem
1422 5156 1676 5210 virtutem
1724 5156 1928 5212 inimici
1954 5158 2021 5214 ⁷³.

453 5259 660 5314 Idcirco
679 5264 732 5310 et
762 5254 1017 5324 quoniam
1040 5251 1093 5305 iu
1125 5264 1289 5306 carne
1323 5249 1648 5304 exsisteutes
1694 5262 1807 5302 non
1835 5263 2026 5303 carna-

452 5353 520 5407 lia
552 5363 700 5404 arma
742 5346 1031 5408 habemus,
1064 5343 1275 5399 etiamsi
1305 5343 1490 5396 decem
1535 5340 1699 5395 millia
1751 5342 2031 5397 videamur

452 5442 674 5504 habere,
708 5454 773 5492 eu
819 5435 963 5505 quod
1008 5434 1059 5487 in
1102 5447 1326 5503 corpore
1368 5447 1592 5500 sumus;
1635 5440 1686 5487 et
1727 5433 1803 5487 illi
1844 5434 2033 5502 viginti

456 5533 620 5589 millia
643 5568 660 5594 ,
702 5545 768 5585 eo
810 5527 952 5598 quod
984 5526 1314 5595 incorporeas
1340 5535 1548 5581 naturae
1582 5535 1750 5583 sunt:
1790 5534 2033 5582 attamen

2134 4529 2423 4598 σωμάτους
2463 4528 2606 4598 ἡμᾶς
2658 4516 3101 4600 συγκρινόμενοι,
3141 4527 3365 4581 πλείονα
3416 4525 3502 4595 τὴν
3535 4520 3654 4589 ίσχδν

2130 4618 2382 4673 δοκοῦσιν
2428 4618 2604 4689 ἔχειν·
2636 4618 2740 4672 κᾶν
2763 4618 2854 4672 οῦν
2887 4618 3119 4672 δοκῶσιν
3180 4618 3527 4689 ἰσχυρότεροι,
3565 4609 3656 4665 ἀλλ’

2128 4710 2163 4781 η
2173 4712 2288 4779 μεῖς
2311 4708 2585 4778 δυνάμεθα
2598 4708 3185 4778 ἀντιπαρατάσσεσθαιο
3201 4726 3219 4759 ι
3250 4707 3338 4760 Ἐν
3356 4705 3430 4778 τῷ
3441 4700 3541 4770 Θεῷ
3550 4698 3656 4768 γάρν

2128 4801 2288 4872 φησι,
2313 4800 2615 4870 ποιήσομεν
2640 4799 2869 4871 δύναμιν
2890 4814 2903 4827 ·
2938 4818 2957 4851 ι
2983 4800 3077 4853 καί
3100 4813 3117 4829 ο
3152 4820 3171 4852 ι
3203 4802 3404 4870 Κύριος
3427 4788 3655 4865 φωτίσειρς

2137 4909 2238 4964 μου
2268 4892 2362 4945 καὶ
2387 4890 2581 4963 Σωτήρ
2610 4908 2734 4961 μου,
2761 4891 2883 4945 τίνα
2922 4890 3308 4960 φοϐηθήσομαι
3329 4906 3345 4956 ;
3369 4888 3484 4941 Ἐάν
3510 4895 3653 4949 παρα-

2132 4982 2360 5052 τάξηται
2384 4980 2472 5034 ἐπ’
2499 4983 2598 5052 ἐμὲ
2622 4982 2966 5054 παρεμϐολὴ,
2986 4982 3045 5034 οὐ
3068 4980 3431 5052 φοϐηθήσεται
3454 4970 3652 5047 quth

2139 5087 2263 5143 μου.
2302 5091 2325 5124 ι
2359 5070 2567 5125 Δέδωκε
2603 5071 2661 5124 δὲ
2691 5073 2822 5143 ἡμῖν
2847 5075 3063 5134 πάντως
3085 5072 3115 5125 ὁ
3141 5067 3514 5144 σαρκωθεὶςδι⁹
3538 5060 3651 5133 ἡμᾶς

2134 5164 2265 5227 Θεὸς
2290 5165 2478 5216 πατεῖν
2506 5165 2600 5217 ἐπὶ
2649 5166 2831 5219 πᾶσαν
2856 5166 2954 5236 τὴν
2977 5164 3211 5236 δύναμιν
3236 5163 3331 5216 τοῦ
3366 5157 3555 5231 ἐχθροῦ.
3583 5152 3652 5204 Διδ

2134 5257 2228 5309 καὶ
2259 5256 2448 5327 ἐπειδὴ
2471 5258 2528 5309 ἐν
2559 5258 2723 5328 σαρκὶ
2745 5258 2920 5322 ὄντες,
2948 5259 3011 5312 ού
3057 5257 3296 5329 σαρκικὰ
3319 5253 3451 5310 ὅπλα
3477 5253 3647 5321 ἔχομεν,

2133 5348 2241 5401 κᾶν
2287 5347 2417 5401 δέκα
2441 5348 2686 5418 χιλιάδας
2710 5348 2958 5419 δοκῶμεν
2996 5348 3165 5420 ἔχειν,
3202 5350 3291 5403 διὰ
3329 5349 3388 5401 τὸ
3412 5343 3651 5408 ἐνσώματι

2131 5432 2293 5502 εἶναι,
2330 5438 2556 5491 ἐκείνων
2583 5439 2756 5493 εἴκοσι
2794 5440 3047 5511 χιλιάδων
3075 5440 3245 5493 ὄντων
3266 5439 3357 5494 διὰ
3384 5438 3441 5491 τὸ
3469 5428 3644 5498 ἀσώμα-

2132 5546 2226 5581 τον
2259 5529 2357 5600 τῆς
2384 5528 2623 5597 φύσεως,
2642 5531 2788 5600 ὅμως
2812 5533 2989 5599 λέγειν
3017 5530 3308 5602 ὀφείλομεν
3340 5547 3354 5562 ’
3393 5546 3411 5581 ι
3443 5514 3648 5594 Κόριοέδ

521 5712 569 5749 ⁷⁸
601 5710 768 5769 lCor.
804 5724 889 5775 ut,
922 5708 1009 5763 ll.
1084 5707 1129 5743 ⁷¹
1162 5704 1305 5763 Psal.
1342 5719 1454 5773 ιιι,
1494 5705 1579 5762 Η.
1654 5707 1698 5739 ⁷³
1722 5703 2021 5764 Psal.‘xxv1.

2197 5708 2242 5743 ”'
2278 5706 2412 5763 Lstc.
2448 5724 2500 5772 Χ,
2540 5707 2627 5761 i9.
