3932 6456
206 466 307 529 945

868 461 1313 525 ENARRATIO
1354 463 1432 523 IN
1474 461 1969 525 EVANGELIUM
2012 462 2246 522 LUCzE.
2286 486 2355 497 —
2385 462 2545 525 CAP.
2586 464 2709 527 XV.

3294 463 3406 530 946

192 576 312 637 Θεός
333 568 691 644 μον,δύναμίς
719 585 842 640 μου*
874 587 893 621 ι
920 571 1013 624 καὶ
1039 569 1302 641 μηδέποτε
1343 570 1746 642 είρηνεύσωμεν

1869 571 2029 625 licere
2044 570 2330 625 debemus:
2356 588 2374 622 ι
2392 569 2646 625 Dominus
2664 572 2802 626 Deus
2821 571 3186 637 meus,’virtus
3212 588 3363 630 mea:
3389 595 3409 627 ι

200 667 319 737 πρὸς
340 666 434 732 τὴν
456 662 749 733 ἁμαρτίαν,
778 661 914 731 ὅπερ
935 662 1050 715 ἐστὶ
1078 662 1407 733 δουλωθῆναι
1436 664 1549 725 τοῖς
1580 662 1746 716 πάθε-

198 777 275 813 σιν
299 772 314 787 ο
345 754 475 808 ἀλλὰ
518 754 721 825 μᾶλλον
769 754 1107 825 ἁντιστῶμεν
1131 754 1312 818 αὐτοῖς
1341 756 1436 808 καὶ
1488 754 1746 809 ἄσπονδον

197 854 340 920 μῖσος
372 848 505 916 πρὸς
537 847 676 901 αὐτὰ
709 846 1114 916 ἀναδεξώμεθα,
1142 847 1306 918 μηδὲν
1338 846 1579 910 θέλοντες
1605 846 1747 915 ἔχειν

192 943 292 995 τῶν
335 939 426 992 τοῦ
474 930 678 1009 κόσμου
712 938 1001 1009 ὲμπαθῶν,
1034 939 1148 992 ἀλλ’
1180 938 1615 1010 ἀποτασσόμενοι
1646 938 1748 991 πᾶ·

194 1050 308 1087 σιν·
352 1033 434 1086 ὅτι
470 1032 532 1084 οὐ
581 1030 1065 1100 δύναταιΧριστοῦ
1107 1028 1247 1085 εἶναι
1287 1029 1531 1101 μαθητής
1579 1032 1609 1082 δ
1673 1029 1748 1101 μὴ

191 1122 617 1192 ἀποτασσόμενος
647 1124 814 1177 πᾶσιν
833 1165 848 1189 ,
881 1122 996 1176 ἀλλ’
1023 1122 1317 1194 είρηνεύων
1341 1122 1475 1191 πρός
1499 1138 1620 1174 τινα
1642 1121 1751 1174 τῶν

194 1220 246 1270 ἐν
279 1216 352 1286 τῷ
375 1216 567 1285 κόσμῳ
587 1213 966 1285 ψυχοδλαδῶν.
995 1213 1056 1266 ⁸0
1076 1216 1184 1284 γὰρ
1214 1214 1450 1285 Χριστοῦ
1482 1213 1727 1284 μαθητὴς
1735 1251 1749 1275 ο

194 1308 318 1373 ἃλας
370 1309 573 1377 ὀφείλει
606 1305 768 1374 εἶναι,
799 1309 860 1362 οὐ
902 1310 1062 1380 μόνον
1112 1309 1272 1374 αὐτὸς
1301 1308 1501 1377 ἀγαθὸς
1524 1306 1618 1373 ὠν,
1657 1307 1753 1360 καὶ
1792 1306 1795 1311 ’

191 1402 377 1463 κακίας
403 1403 691 1473 ἀμέτοχος,
719 1402 856 1457 ἀλλὰ
884 1405 976 1457 καὶ
1007 1403 1187 1466 ἄλλοις
1237 1402 1587 1472 μεταδοτικὸς
1615 1401 1754 1470 ἀγοι⁸

193 1488 403 1559 Θότητος
427 1504 445 1521 θ
479 1490 721 1544 τοιοῦτον
775 1491 884 1562 γὰρ
919 1491 980 1544 τὸ
1027 1491 1160 1554 ἃλας
1181 1506 1194 1521 ⁸
1228 1490 1358 1544 αὑτό
1400 1507 1459 1544 τε
1508 1489 1753 1559 ἄσηπτον

196 1580 345 1648 μένον
372 1579 469 1633 καὶ
497 1580 753 1646 ἀϐλαϐὲς,
797 1584 891 1635 καὶ
939 1581 1102 1652 ἔτερα
1129 1580 1478 1649 διαφυλάττει
1509 1579 1751 1649 ἄσηπτα,

192 1665 265 1729 οἷς
294 1666 358 1722 ἂν
387 1668 602 1741 μεταδῷ
647 1671 748 1740 τῆς
784 1671 1087 1742 ποιότητος.
1125 1670 1252 1724 Ἐὰν
1276 1670 1331 1724 δὲ
1362 1670 1422 1724 τὸ
1450 1669 1584 1734 ἃλας
1618 1671 1754 1724 ἀπο-

194 1760 322 1833 ϐάλῃ
351 1760 449 1833 τὴν
489 1761 695 1816 οἰκείαν
751 1762 936 1832 φύσιν,
985 1762 1256 1835 ἄχρηστον
1297 1764 1475 1836 πάντη
1520 1762 1751 1832 γίνεται,

192 1849 302 1904 οὔτε
330 1855 410 1916 είς
441 1854 568 1923 γῆν,
592 1853 717 1908 οὔτε
748 1856 830 1914 είς
858 1854 1090 1926 κοπρίαν
1118 1853 1333 1908 εὔθετον
1367 1855 1444 1909 δν,
1486 1856 1550 1908 Ὃ
1583 1855 1639 1907 δὲ
1668 1853 1755 1907 λέο

192 1959 292 2010 γει,
321 1943 565 1998 τοιοῦτόν
619 1946 789 2000 ἐστιν’
830 1945 976 2015 Ἐγὼ
1039 1946 1140 2017 μὲν
1198 1947 1377 2001 πάντα
1427 1946 1755 2014 Χριστιανὸν

192 2031 459 2102 ὠφέλιμον
487 2035 583 2088 καὶ
626 2036 919 2109 ἀρτυτικὸν
977 2036 1237 2108 βούλομαι
1291 2032 1451 2104 εἶναι,
1500 2038 1560 2091 οὐ
1597 2038 1756 2108 μόνον

192 2125 276 2176 τὸν
300 2121 645 2190 διδασκαλίας
675 2126 920 2198 χάρισμα
960 2129 1457 2200 ὲγκεχειρισμὲνον,
1487 2123 1589 2182 οἷοι
1616 2124 1757 2201 ἦσαν

192 2214 238 2266 οί
268 2215 574 2283 ἀπόστολοι,
620 2219 716 2272 καὶ
762 2220 1092 2284 διδάσκαλοι,
1140 2223 1232 2276 καὶ
1283 2223 1561 2295 ποιμένες,
1619 2221 1758 2276 ἀλλὰ

196 2306 277 2356 καὶ
315 2307 447 2372 τοὺς
478 2307 700 2375 λαῖκοὺς
730 2311 926 2376 αὐτοὺς
957 2316 1303 2385 χρησίμους,
1334 2314 1427 2368 καὶ
1462 2313 1758 2383 ὲπωφελεϊς

193 2400 295 2462 τοῖς
323 2400 553 2472 πλησίον
573 2404 791 2459 ἀπαιτῶ
815 2401 975 2460 εἶναι.
1003 2407 1132 2458 Ἐὰν
1159 2407 1214 2460 δὲ
1246 2408 1274 2460 ό
1309 2392 1514 2477 μέλλῶν
1538 2407 1759 2479 ἐτέρους

194 2488 439 2558 ὠφελεῖν,
495 2494 657 2559 αὐτὸς
716 2497 975 2568 ἀδόκιμος
1034 2498 1281 2569 γένηται,
1316 2498 1411 2552 καὶ
1463 2499 1630 2569 ἐκστῇ
1661 2498 1761 2568 τῆς

195 2585 570 2655 προσηκούσης
594 2585 668 2657 τῷ
695 2587 999 2659 Χριστιανῷ
1030 2588 1438 2653 καταστάσεως,
1465 2588 1587 2642 οὔτε
1618 2590 1762 2658 ὠφε-

190 2670 366 2740 λῆσαι,
410 2673 535 2729 οὕτε
586 2676 932 2750 ὠφεληθῆναι
962 2680 1268 2751 δυνήσεται.
1315 2697 1333 2732 t
1367 2679 1505 2733 Οὔτε
1547 2680 1655 2750 γὰρ
1681 2682 1761 2745 εἰς

194 2765 310 2833 γῆν,
349 2768 541 2837 φησιν,
574 2767 697 2824 οὔτε
730 2774 807 2836 εἰς
834 2772 1065 2843 κοπρίαν
1093 2771 1311 2826 εὔθετόν
1335 2775 1500 2827 ἐστιν.
1534 2793 1553 2824 ι
1580 2773 1761 2827 Αίνξτ-

195 2869 334 2908 τεται
363 2856 427 2910 δὲ
454 2857 539 2912 διὰ
570 2860 670 2930 μὲν
688 2862 786 2932 τῆς
814 2862 919 2932 γῆς
945 2861 1005 2915 τδ
1030 2860 1428 2935 ὠφελούμενον,
1464 2865 1551 2917 διὰ
1579 2865 1634 2918 δὲ
1663 2866 1762 2935 τῆς

198 2948 429 3018 κοπρίας
460 2950 520 3003 τὸ
551 2951 815 3021 ὠφελοῦν.
871 2954 962 3008 Διδ
1006 2954 1081 3018 ὠς
1140 2955 1276 3026 μήτε
1327 2954 1574 3022 ὠερελῶν,
1626 2958 1761 3029 μήτε

196 3038 570 3113 ὠφελούμενος
625 3044 931 3118 ἀπόϐλητος
987 3048 1166 3119 πάντη
1218 3050 1313 3103 καὶ
1356 3050 1758 3121 ἁπορριπτέος*

198 3135 310 3189 ἐπεὶ
335 3136 395 3191 δὲ
444 3139 717 3205 σκοτεινὸς
765 3144 860 3194 καὶ
891 3141 1259 3210 παραϐολικδς
1289 3144 1317 3195 ὁ
1345 3143 1505 3213 λόγος
1530 3139 1616 3215 ἦν,
1648 3143 1757 3197 διες

191 3224 395 3295 γείρων
424 3228 546 3291 τοὺς
575 3231 849 3301 ἀκροατὰς
877 3233 906 3285 ό
952 3231 1155 3303 Κύριος
1210 3235 1290 3296 εἰς
1344 3232 1403 3286 τὸ
1458 3235 1530 3305 μὴ
1576 3234 1762 3296 ἁπλῶς

199 3316 680 3386 παραδέξασῦαιτὸ
703 3319 868 3393 ῥηθὲν
882 3321 1010 3392 περὶ
1034 3322 1126 3376 τοῦ
1153 3322 1368 3387 ᾶλατος,
1397 3323 1562 3395 φησίν
1581 3341 1594 3354 ·
1638 3343 1657 3376 ι
1705 3326 1765 3378 ὐ

198 3406 326 3476 ἔχων
361 3402 489 3464 ὦτα
530 3410 769 3475 ἀκούειν,
795 3413 1063 3481 ἀκουέτω,
1097 3433 1116 3466 ι
1153 3414 1296 3468 τοῦτ’
1329 3414 1494 3477 ἔστιν,
1542 3416 1600 3469 Ὀ
1627 3415 1765 3487 ἔχων

201 3498 416 3554 σύνεσιν
445 3502 700 3556 συνιέτωο
741 3497 853 3558 ὦτα
884 3505 993 3576 γὰρ
1029 3505 1260 3560 ἐνταῦθα
1310 3507 1409 3577 τὴν
1443 3506 1768 3578 αἰσθητικὴν

197 3590 431 3663 δύναμιν
460 3596 556 3667 τῆς
598 3595 797 3667 ψυχῆς,
824 3599 918 3652 καὶ
945 3599 1043 3671 τὴν
1064 3599 1201 3669 πρὸς
1217 3599 1278 3652 τὸ
1308 3599 1543 3653 συνιέναι
1575 3602 1770 3672 ἐπιτη-

198 3681 449 3756 δειότητα
478 3687 730 3755 νοητέονο
791 3688 1020 3754 ἕκαστος
1064 3687 1158 3744 οὖν
1205 3691 1364 3761 ἡμῶν
1401 3690 1510 3745 τῶν
1561 3690 1768 3745 πιστῶν

199 3772 324 3838 ἃλας
348 3777 523 3840 ἐστὶν,
563 3780 625 3830 ἐκ
652 3778 763 3832 τῶν
791 3778 951 3833 Θείων
973 3779 1148 3849 λόγων
1170 3782 1263 3835 καὶ
1286 3768 1287 3771 η
1312 3782 1414 3848 τῆς
1435 3781 1646 3837 ’ἄνωθεν
1667 3784 1770 3854 χάκ-

201 3881 340 3933 ριτος
359 3866 565 3937 ταύτην
590 3869 690 3937 τὴν
712 3868 969 3939 ποιότητα
996 3870 1311 3941 δεδεγμένος
1337 3889 1351 3903 ·
1385 3872 1506 3926 ’Ότι
1528 3872 1584 3926 δὲ
1609 3873 1642 3945 ἠ
1672 3874 1773 3944 χά-

204 3973 282 4028 ρις
307 3958 447 4022 ἃλας
478 3961 644 4027 ἐστὶν,
676 3961 840 4016 ἄκουε
874 3962 966 4015 τοῦ
998 3961 1210 4017 Παύλου
1237 3980 1251 3995 ο
1286 3982 1305 4016 ι
1350 3964 1405 4018 Ὀ
1427 3964 1583 4034 λόγος
1618 3964 1771 4037 ὑμῶν

201 4049 332 4102 ἔστω
367 4052 431 4103 ἐν
471 4053 651 4123 χάριτι
681 4053 837 4108 ἅλατι
868 4056 1172 4126 ἠρτυμένος
1197 4073 1209 4087 ·
1244 4073 1262 4107 ι
1298 4055 1373 4119 ὠς
1400 4057 1525 4110 ὅταν
1559 4058 1586 4110 ὁ
1616 4057 1773 4126 λόγος

201 4143 282 4210 είη
325 4143 549 4215 ἄχαρις,
597 4147 788 4210 ἄναλος
817 4147 1027 4215 λέγοιτο
1053 4147 1136 4201 ἄν.
1184 4148 1247 4203 Εἰ
1276 4147 1456 4201 τοίνυν
1489 4166 1768 4221 καταφρο-

201 4235 438 4304 νήσομεν
467 4236 561 4305 τῆς
581 4235 688 4289 τῶν
719 4236 877 4289 θείων
912 4236 1082 4306 λόγων
1115 4237 1419 4305 ποιότητος,
1463 4239 1558 4292 καὶ
1599 4241 1658 4291 οὑ
1685 4240 1774 4293 δε-

203 4324 414 4395 χόμεθα
444 4327 649 4398 ταύτην
680 4330 759 4390 είς
792 4329 1018 4391 ἑαυτοὺς
1047 4330 1136 4383 καὶ
1167 4329 1468 4400 ποιούμεθα
1499 4329 1559 4395 ἐξ
1584 4331 1773 4402 αὐτῆς,

201 4418 318 4472 τότε
358 4420 539 4490 μωροὶ
568 4421 661 4473 καὶ
694 4420 943 4476 ἀσύνετοι
974 4422 1260 4491 γινόμεθα,
1292 4426 1385 4477 κοιλ⁵
1431 4422 1599 4487 ὅντως
1627 4425 1774 4494 epu-

204 4512 378 4584 ράνθη
432 4514 492 4566 τὸ
533 4513 667 4577 ἃλας
697 4515 876 4586 ἡμῶν,
916 4515 991 4579 ὠς
1030 4514 1105 4587 μὴ
1136 4515 1259 4587 ἕχον
1298 4515 1397 4587 τὴν
1440 4516 1539 4588 τῆς
1570 4516 1775 4572 ἄνωθεν

202 4604 427 4676 χάριτος
457 4606 734 4678 ποιότητα.

797 4740 1047 4799 ΚΕΦΔΛ.
1083 4743 1187 4799 1Ε’.

205 4850 341 4919 Περὶ
377 4848 498 4922 τῶν
533 4849 750 4922 ἑκατόν
782 4851 1094 4920 προϐάτων
1133 4852 1465 4922 παραϐολή.
1505 4852 1641 4922 Περὶ
1672 4853 1779 4908 τοῦ

409 4920 921 4992 ἀποδημήσαντος
956 4925 1045 4988 εις
1079 4920 1277 4992 χώραν
1309 4923 1570 4993 μακράν.

287 5074 306 5108 ι
347 5052 534 5110 ἾΙσαν
569 5056 626 5111 δὲ
670 5055 980 5127 ἐγγίζοντες
1027 5055 1175 5127 αύτῷ
1206 5058 1405 5122 πάντες
1443 5061 1492 5112 οί
1517 5059 1780 5127 τελῶναι,

208 5148 303 5200 καὶ
342 5148 393 5201 ot
439 5128 757 5218 ἁμαρτωλοὶ
799 5147 1021 5202 ἀκούειν
1069 5148 1232 5202 αὐτοῦ
1259 5166 1271 5178 ·
1307 5150 1400 5202 καὶ
1432 5148 1780 5217 διεγόγγυζον

207 5238 257 5289 οἱ
291 5239 579 5308 Φαρισαῖοι
613 5238 770 5293 καλοί
805 5236 1159 5309 Γραμματεῖς
1186 5237 1458 5308 λέγοντες,
1484 5240 1585 5306 ὅτι,
1616 5235 1782 5306 Οὗτος

209 5327 572 5397 ἁμαρτωλοὺς
602 5327 958 5400 προσδέχεται
984 5329 1079 5382 καὶ
1109 5328 1378 5385 συνεσθίει
1414 5331 1617 5394 αὐτοῖς.
1650 5326 1783 5384 Εῐπε

207 5421 266 5475 δὲ
300 5420 436 5491 πρὸς
478 5422 675 5485 αὐτοὺς
722 5420 821 5492 τὴν
851 5422 1166 5494 παραϐολὴν
1201 5420 1406 5492 ταύτην
1444 5421 1652 5491 λέγωνῃ
1687 5423 1784 5485 Τίς

209 5512 498 5584 ἂνθρωπος
530 5513 591 5579 ἐξ
621 5513 776 5584 ὑμῶν
812 5513 950 5585 ἔχων
979 5515 1174 5568 ἑκατὸν
1201 5513 1450 5584 πρόϐατα
1469 5553 1483 5578 ,
1526 5512 1618 5568 καὶ
1648 5513 1787 5567 ἀπε-

208 5601 379 5668 Hoc;
408 5604 465 5658 ἓν
495 5604 556 5671 ἐξ
578 5604 759 5659 αὐτῶν
778 5645 794 5671 ,
821 5605 883 5658 οὐ
906 5606 1225 5660 καταλείπει
1247 5607 1318 5660 τὰ
1344 5607 1784 5676 ιννενηκονταεν-

206 5697 311 5751 νέα
344 5698 401 5749 ἐν
432 5700 499 5768 τῇ
534 5698 725 5769 ἐρήμῳ
747 5739 761 5763 ,
794 5696 887 5751 καὶ
919 5697 1210 5770 πορεύεται
1248 5698 1339 5752 ἐπὶ
1382 5698 1442 5754 τὸ
1475 5697 1778 5763 ἀπολωλὸς,

288 5874 338 5907 ⁷⁸
366 5877 570 5934 ίὶοιυδε.
603 5895 676 5935 tv.
707 5878 760 5934 6.

1854 662 2158 733 rutilamque
2199 677 2435 732 unquam
2452 677 2574 717 cum
2608 671 2827 732 peccato
2867 663 3160 719 habeamus
3195 680 3412 734 pacem,

1850 755 1900 808 id
1933 755 2072 824 quod
2095 763 2179 811 est
2205 754 2412 814 servire
2433 752 2831 816 all'ectionibus,
2860 755 2952 809 sed
3001 756 3171 827 magis
3194 759 3417 813 resista-

1852 863 1974 900 mus
2006 847 2117 908 eis.
2149 856 2204 902 et
2240 846 2587 902 ostendamus
2622 846 2799 902 nullas
2829 861 2949 902 esse
2985 846 3227 903 inducias
3263 849 3414 904 odio-

1851 953 1967 991 rum
1991 953 2112 1007 erga
2133 937 2270 1007 illas,
2289 952 2461 1008 neque
2488 937 2688 994 habere
2717 936 2942 994 velimus
2970 940 3408 1007 concupiscibilia

1852 1030 2057 1097 mundi,
2093 1029 2186 1086 sed
2228 1031 2595 1086 reuuuticmus
2654 1029 2926 1096 omnibus,
2975 1031 3412 1103 quandoquidem

1852 1136 1958 1175 non
1999 1121 2479 1193 pxztestdiscipulus
2495 1122 2692 1178 Christi
2715 1137 2854 1189 esse,
2884 1124 2973 1192 qui
3006 1139 3112 1178 non
3143 1126 3417 1181 renuntiat

1853 1214 2124 1279 omnibus,
2145 1213 2240 1270 sed
2270 1228 2454 1283 pacem
2478 1214 2781 1270 habetcum
2810 1214 2895 1270 his
2917 1231 3034 1285 quae
3055 1216 3108 1269 iu
3138 1217 3240 1271 hoc
3270 1233 3421 1270 muu-

1853 1303 1921 1357 do
1948 1303 2153 1358 animus
2170 1303 2372 1360 damno
2414 1304 2671 1360 alliciunt.
2722 1304 2923 1360 Christi
2975 1320 3105 1361 sane
3126 1306 3422 1375 discipulus

1854 1393 1930 1449 sal
1952 1410 2072 1451 esse
2102 1396 2280 1461 debet,
2308 1411 2411 1451 non
2443 1396 2613 1451 solum
2647 1397 2759 1466 ipse
2774 1397 3225 1452 bonuscxsistcns
3245 1408 3299 1453 et
3318 1413 3428 1452 ma-

1857 1489 1981 1544 litiae
2005 1491 2327 1560 expers,sed
2366 1490 2562 1558 et‘_aliis
2583 1492 2992 1547 communiCans
3006 1490 3321 1546 bonitatem.
3346 1491 3423 1543 Ita

1855 1582 1996 1634 enim
2025 1598 2084 1636 se
2120 1582 2280 1636 habet
2302 1580 2406 1639 sal.
2436 1579 2613 1653 Ipsum
2639 1582 2783 1638 enim
2811 1597 2934 1637 cum
2961 1588 3174 1636 maneat
3201 1581 3422 1636 illaesum

1855 1682 1910 1730 et
1949 1675 2351 1744 incorruptum,
2387 1673 2491 1728 alia
2522 1688 2738 1746 quoque
2771 1688 2990 1731 servare
3026 1674 3167 1728 valet
3209 1688 3276 1729 ne
3307 1687 3429 1728 cor-

1859 1771 2200 1833 rumpantur.
2249 1764 2446 1834 quibus
2495 1779 2649 1820 suam
2691 1763 3004 1835 qualitatem
3042 1762 3425 1820 communicat.

1858 1857 1924 1910 At
1963 1857 2007 1912 si
2051 1866 2300 1911 naturam
2341 1872 2495 1912 suam
2537 1858 2616 1913 sal
2654 1856 2944 1927 abiecerit,
2976 1857 3198 1913 omnino
3241 1855 3431 1911 inutile

1863 1957 1979 2015 est,
2040 1963 2213 2018 neque
2263 1957 2422 2004 terra:
2476 1964 2652 2020 neque
2709 1949 2936 2006 stercori
2985 1945 3421 2004 accommodum.

1863 2039 2013 2107 Quod
2039 2050 2219 2096 autem
2245 2040 2401 2108 dicit,
2428 2039 2499 2095 ita
2524 2054 2584 2095 se
2610 2039 2809 2097 habet:
2840 2039 2949 2111 Ego
2970 2039 3187 2109 quidem
3213 2051 3430 2094 omnem

1862 2132 2229 2188 Christianum
2268 2132 2450 2189 utilem
2486 2142 2540 2188 et
2572 2132 2795 2189 condire
2829 2132 3100 2188 valentem
3131 2144 3254 2188 esse
3287 2129 3429 2197 volo,

1865 2240 1970 2280 uon
2012 2224 2186 2280 solum
2228 2241 2352 2281 eum
2392 2228 2478 2282 cui
2519 2227 2888 2283 concreditum
2931 2226 3162 2284 docendi
3207 2226 3428 2291 donum,

1865 2315 2048 2383 quales
2087 2324 2213 2371 sunt
2261 2316 2488 2386 apostoli
2528 2327 2583 2372 et
2627 2318 2872 2397 doctores
2914 2327 2970 2374 et
3009 2326 3291 2388 pastores,
3338 2316 3434 2371 sed

1866 2406 2027 2460 etiam
2070 2407 2228 2477 exigo
2268 2418 2326 2461 ut
2362 2407 2487 2462 laici
2527 2407 2632 2479 ipsi
2666 2407 2821 2464 bonae
2856 2406 3024 2479 frugis
3052 2417 3107 2464 et
3134 2407 3295 2465 utiles
3323 2407 3432 2463 sint

1868 2493 2148 2563 proximis.
2177 2492 2297 2549 1am
2324 2495 2369 2550 si
2406 2496 2722 2565 profuturus
2750 2497 2872 2553 aliis
2905 2498 3166 2571 reprobus
3199 2498 3431 2562 llat,eta

1866 2583 2292 2641 Christianorum
2306 2585 2493 2643 ordine
2509 2588 2778 2659 ejiciatur,
2798 2592 3238 2662 neqqurodesse
3261 2604 3436 2661 neque

1870 2678 2155 2759 utilitatem
2188 2692 2381 2750 capere
2397 2680 2612 2752 poterit.
2652 2698 2672 2733 ι
2703 2678 2887 2752 Neque
2926 2682 3072 2736 enim
3114 2682 3166 2736 iu
3209 2692 3432 2747 terram,

1869 2774 2062 2844 inquit,
2099 2788 2270 2845 neque
2291 2775 2342 2831 in
2360 2776 2752 2847 sterquiliulum
2786 2775 2916 2833 utile
2947 2784 3051 2832 est.
3080 2794 3098 2828 ι
3130 2774 3436 2831 lusinuatur

1871 2856 2047 2922 atttem
2077 2882 2171 2937 per
2205 2876 2402 2924 terram
2438 2866 2580 2938 quod
2610 2868 2898 2924 utilitatem
2929 2867 3128 2939 capiat,
3167 2883 3261 2937 per
3294 2876 3437 2922 ster-

1868 2957 2156 3028 quiliuium
2188 2966 2364 3014 autem
2396 2957 2541 3027 quod
2581 2957 2774 3030 prosit.
2804 2956 2931 3013 ldeo
2956 2957 3196 3026 rejicitur
3219 2964 3274 3011 et
3308 2954 3438 3025 reji-

1816 3102 1819 3105 λ
1872 3048 2095 3105 ciendus
2121 3058 2233 3113 est,
2272 3058 2527 3120 tanquam
2558 3049 2648 3120 qui
2672 3064 2774 3105 nec
2799 3049 2990 3119 prosit,
3025 3063 3127 3105 nec
3153 3047 3438 3102 utilitatem

1873 3141 2153 3212 percipiat.
2218 3138 2287 3195 Et
2338 3140 2594 3210 quoniam
2658 3146 2925 3196 obscurus
2989 3138 3439 3208 parabolicusque

1872 3245 2051 3286 sermo
2084 3230 2173 3285 ille
2203 3228 2322 3297 fuit,
2354 3230 2602 3287 excitans
2641 3231 2920 3287 auditores
2953 3229 3212 3286 Dominus
3244 3237 3300 3284 ut
3330 3243 3435 3283 nou

1870 3322 2185 3393 simpliciter
2220 3324 2519 3392 suscipiant
2555 3323 2758 3379 dictum
2798 3323 2862 3378 de
2896 3323 3029 3390 sale,
3063 3321 3228 3377 dicit:
3277 3338 3296 3373 ι
3335 3318 3441 3386 Qui

1872 3414 2035 3470 habet
2064 3429 2227 3471 aures
2263 3416 2330 3471 ad
2362 3415 2712 3481 audiendum,
2754 3413 2961 3482 audiat,
2997 3431 3015 3466 ι
3057 3414 3158 3469 hoc
3193 3419 3295 3478 est,
3331 3409 3437 3477 Qui

1874 3508 2035 3564 habet
2068 3509 2430 3577 intellectum,
2476 3510 2756 3582 intelligat.
2789 3510 2965 3567 Aures
3000 3509 3144 3564 enim
3179 3507 3283 3563 hoc
3321 3506 3439 3561 loco

1872 3601 2184 3656 sensitivam
2231 3601 2488 3656 virtutem
2531 3601 2761 3669 animte,
2812 3609 2866 3657 et
2911 3599 2979 3656 ad
3031 3598 3436 3670 intelligendum

1874 3691 2229 3762 aptitudinem
2274 3690 2601 3763 signiﬁcant.
2658 3690 2858 3747 Omnes
2906 3691 3086 3760 itaque
3130 3687 3441 3744 ﬂdelessal

1874 3791 2021 3850 sunt,
2054 3798 2119 3837 ex
2160 3782 2358 3839 divinis
2384 3781 2726 3837 sermonibus
2750 3789 2810 3837 et
2840 3794 3074 3852 superna
3104 3779 3278 3850 gratia
3306 3793 3441 3847 qua-

1874 3874 2079 3929 litatem
2120 3874 2257 3928 hanc
2296 3873 2676 3942 suscipientes.
2719 3872 2784 3927 Et
2823 3873 2967 3943 quod
3006 3871 3176 3943 gratia
3220 3869 3301 3924 sal
3349 3869 3443 3930 sit.

1876 3965 1998 4020 audi
2030 3961 2256 4018 Paulum
2283 3964 2552 4019 dicentem
2572 3979 2593 4019 ι
2617 3981 2638 4016 ι
2658 3963 2849 4019 Sermo
2878 3973 3057 4018 vester
3076 3961 3147 4018 sit
3179 3962 3231 4015 iu
3268 3962 3440 4031 gratia

1876 4052 1986 4109 sale
2002 4054 2331 4111 conditus".
2363 4072 2383 4106 ι
2417 4053 2480 4108 Et
2514 4053 2586 4108 ita
2608 4054 2654 4108 si
2686 4052 2849 4108 fuerit
2877 4067 3057 4107 sermo
3089 4051 3306 4123 ἄχαρις,
3341 4051 3446 4106 hoc

1876 4154 1979 4212 est,
2008 4145 2123 4201 sine
2152 4144 2348 4216 gratia,
2374 4144 2610 4201 insulsus
2633 4144 2849 4200 dicitur.
2876 4144 3042 4214 igitur
3061 4143 3108 4199 si
3138 4143 3445 4198 divinorum

1877 4237 2212 4308 eloquiorunt
2274 4236 2591 4308 qualitatem
2649 4237 3169 4307 contempserimus,
3230 4242 3288 4290 et
3339 4248 3445 4288 nou

1878 4329 2277 4402 susceperimus
2311 4344 2428 4385 eam
2466 4328 2519 4383 iu
2551 4343 2649 4384 uos
2688 4329 2912 4400 ejusque
2950 4328 3211 4398 qualitate
3246 4326 3448 4383 allicia-

1880 4437 2037 4487 mur,
2088 4429 2216 4477 tunc
2261 4419 2409 4475 stulti
2454 4430 2507 4476 et
2552 4418 2823 4475 intellectu
2868 4431 3117 4475 carentes
3162 4417 3444 4473 emcimur.

1880 4513 1944 4568 Et
1970 4510 2210 4584 proiecto
2238 4511 2563 4566 infat‘uatum
2597 4519 2679 4567 est
2708 4509 2788 4567 sal
2819 4519 3060 4565 nostrum
3082 4550 3097 4575 ,
3129 4510 3173 4566 si
3207 4523 3309 4564 nou
3352 4510 3448 4564 ha-

1804 4619 1856 4683 D
1883 4603 2060 4660 buerit
2089 4616 2336 4673 supernae
2363 4603 2551 4675 gratia:
2582 4601 2920 4673 qualitatem.

2361 4730 2523 4803 403
2569 4730 2797 4788 carur
2834 4728 2951 4785 xv.

1872 4841 2139 4897 Parabolas
2167 4842 2231 4897 de
2261 4850 2462 4898 centum
2495 4843 2696 4897 ovibus.
2737 4841 2813 4896 De
2859 4857 3071 4912 peregre
3129 4839 3360 4911 profecto
3389 4841 3445 4896 in

2338 4914 2598 4983 regionem
2626 4912 2984 4983 longinquam.

1951 5049 2114 5107 Vens.
2169 5049 2314 5106 HO.
2347 5066 2366 5101 ι
2400 5046 2739 5103 Accedebant
2771 5054 2950 5100 autem
2992 5045 3060 5099 ad
3091 5059 3216 5099 eum
3261 5059 3451 5101 omnes

1883 5143 2152 5216 publicani
2184 5153 2237 5196 et
2267 5153 2579 5210 peccatores
2610 5146 2669 5194 ut
2723 5137 2972 5193 audirent
3018 5137 3189 5201 illum,
3218 5146 3276 5192 et
3304 5153 3452 5192 mur-

1888 5235 2174 5290 murabaut
2203 5232 2455 5289 Pharisaﬁ
2484 5246 2547 5287 ac
2572 5230 2775 5288 Scriba:
2820 5231 3057 5285 dicentes
3090 5245 3104 5285 :
3140 5226 3237 5284 Hie
3265 5244 3452 5298 pecca-

1884 5338 2029 5383 tores
2061 5327 2275 5397 recipit,
2335 5341 2398 5381 ac
2449 5327 2624 5381 eihum
2682 5325 2828 5395 capit
2874 5337 2997 5379 cum
3051 5321 3179 5380 illis.
3237 5322 3455 5378 Dicebat

1886 5432 2063 5476 autem
2095 5421 2162 5474 ad
2212 5418 2331 5475 illos
2373 5417 2679 5491 parabolam
2722 5417 2882 5481 hanc,
2933 5415 3162 5470 dicens:
3218 5414 3348 5482 Quis
3385 5432 3450 5470 ex

1891 5514 2039 5569 vobis
2064 5523 2144 5567 est
2178 5511 2338 5566 homo
2363 5511 2454 5581 qui
2488 5510 2648 5564 habet
2678 5519 2893 5565 centum
2929 5524 3074 5575 oves,
3105 5517 3160 5565 et
3195 5511 3240 5563 si
3276 5511 3454 5578 perdi-

1888 5606 2025 5662 derit
2050 5618 2208 5659 unam
2249 5618 2315 5659 ex
2341 5601 2469 5669 illis,
2520 5616 2700 5659 nonne
2747 5601 3003 5675 relinquit
3031 5602 3324 5672 nonaginta
3356 5615 3455 5654 no-

1891 5711 2008 5757 vem
2040 5696 2093 5753 in
2116 5696 2349 5763 deserto,
2394 5705 2449 5753 et
2506 5695 2650 5752 vadit
2708 5696 2774 5750 ad
2832 5693 2973 5748 illam
3029 5707 3147 5762 quae
3200 5691 3453 5760 perierat,
