3932 6456
521 480 622 540 947

518 592 689 646 donec
759 589 998 644 inveniat
1077 593 1242 648 eam?
1310 605 1365 649 et
1431 612 1554 652 cum
1616 597 1882 654 invenerit
1946 615 2096 662 eam,

519 681 743 752 imponit
790 683 841 738 in
903 683 1158 740 humeros
1229 700 1353 741 suos
1415 689 1690 757 gaudens,
1762 690 2093 762 veniensque

519 778 760 842 domum,
797 786 1064 832 convocat
1098 777 1302 833 amicos
1347 788 1403 834 et
1471 780 1702 846 vicinos,
1731 781 1917 838 dicens
1949 783 2089 838 illis:

516 868 760 924 Batttlele
816 884 1060 936 mecum,
1124 871 1248 938 quia
1301 871 1478 926 inveni
1545 887 1699 928 ovem
1752 889 1924 928 meant
1973 889 2094 944 qua:

517 960 774 1026 perierat.
837 959 967 1016 Dico
1034 961 1208 1023 vobis.
1262 963 1403 1032 quod
1447 965 1519 1021 ita
1572 964 1822 1033 gaudium
1874 964 1978 1019 erit
2037 964 2090 1019 in

515 1053 652 1109 cmlo
724 1068 885 1122 super
946 1068 1053 1107 uno
1119 1065 1404 1124 peccatore
1470 1056 1840 1126 resipiscente,
1921 1056 2092 1125 magis

513 1161 677 1218 quam
737 1161 897 1214 super
935 1148 1221 1216 nonaginta
1254 1163 1442 1202 novem
1495 1147 1681 1218 justis,
1727 1149 1814 1217 qui
1848 1163 1952 1202 non
2011 1147 2094 1201 in-

517 1238 1071 1306 digentpmnitentia.
1129 1239 1235 1292 Aut
1298 1255 1416 1307 quae
1469 1240 1661 1295 mulier
1713 1241 1916 1299 habens
1965 1241 2092 1294 dra-

515 1329 706 1384 Clinias
741 1329 946 1393 decem,
980 1329 1023 1383 si
1050 1329 1346 1399 perdiderit
1371 1330 1684 1386 drachmam
1710 1347 1891 1396 unam,
1917 1346 2095 1387 nonne

514 1419 761 1476 accendit
805 1421 1099 1486 lucernam,
1153 1431 1209 1476 et
1265 1423 1436 1477 verrit
1499 1423 1738 1490 domum,
1797 1423 2093 1494 quaeritque

513 1513 798 1584 diligenter
819 1513 989 1569 donec
1038 1514 1398 1580 ἰιινειιὶιιιῖοι
1447 1531 1567 1569 cum
1619 1517 1844 1582 invenit,
1899 1532 2096 1571 convo-

513 1614 601 1659 cat
640 1605 840 1660 amicas
892 1621 956 1662 ac
1006 1607 1507 1671 vicinas,dicens:
1569 1607 1812 1664 Gaudete
1861 1622 2091 1672 mecum,

511 1697 636 1767 quia
672 1697 847 1752 inveni
901 1699 1211 1754 drachmam
1239 1713 1398 1772 quam
1450 1698 1816 1770 perdideram.
1853 1698 1929 1754 ιω
1971 1700 2095 1754 dico

512 1787 687 1851 vobis,
720 1789 972 1856 gaudium
1004 1791 1108 1844 erit
1153 1805 1334 1850 coram
1389 1791 1596 1860 angelis
1652 1790 1742 1846 Dei
1767 1805 1929 1860 super
1988 1805 2094 1846 uno

514 1892 795 1950 peccatore
859 1882 1227 1954 resipisceute.
1260 1900 1279 1935 ι
1354 1883 1614 1945 Dominus
1683 1883 1897 1953 quidem
1966 1881 2092 1935 illud

515 1973 768 2041 faciebat,
805 1975 958 2043 cujus
1009 1976 1181 2044 gratia
1239 1977 1555 2035 incarnatus
1598 1984 1702 2040 est,
1734 1975 1998 2029 accedens
2023 1973 2090 2026 ad

515 2066 832 2137 publicanos
857 2076 913 2123 et
940 2078 1276 2138 peccatores,
1313 2079 1568 2136 tanquam
1607 2067 1850 2122 medicus
1893 2064 1960 2119 ad
2011 2065 2094 2118 in-

517 2157 723 2214 ﬁrmos.
756 2159 856 2226 Qui
895 2169 1074 2214 autem
1115 2174 1300 2221 revera
1347 2169 1666 2228 peccatores
1718 2167 1876 2214 erant
1906 2156 2097 2212 Phari-

514 2250 1206 2315 smi,obmurtnurati0netn
1251 2262 1414 2314 tanta:
1467 2249 1788 2306 humanitati
1841 2250 2097 2321 repende-

516 2346 665 2399 bant.
716 2345 1122 2400 Abominabiles
1174 2345 1318 2406 enim
1390 2343 1687 2404 censebant
1753 2342 2093 2414 publicanos,

515 2436 616 2506 ipsi
649 2449 826 2491 autem
865 2439 1052 2492 domos
1077 2437 1356 2490 viduarqu
1387 2444 1441 2490 et
1481 2435 1854 2502 orpltanorum
1912 2449 2098 2489 come-

517 2529 736 2584 debaut.
802 2529 940 2596 Quid
985 2528 1145 2597 igitur
1193 2527 1489 2582 Dominus?
1557 2525 1710 2582 Sicut
1785 2526 2095 2583 misericors

514 2629 634 2676 erat
659 2636 783 2691 crga
806 2619 1139 2691 publicanos,
1186 2620 1260 2676 ita
1309 2628 1364 2672 et
1415 2633 1541 2688 erga
1593 2617 1735 2682 illos,
1789 2618 1880 2689 qui
1939 2632 2091 2673 suam

513 2711 988 2767 calunmiabantur
1025 2711 1472 2774 misericordiam.
1512 2709 1632 2774 Non
1683 2707 1829 2765 enim
1872 2723 2093 2764 aversa-

516 2813 607 2866 tur
649 2817 744 2860 eos
798 2812 1052 2873 tanquam
1115 2801 1439 2860 insanabiles
1489 2811 1544 2857 et
1591 2802 2091 2867 obmurmurantes,

515 2894 614 2953 sed
657 2905 942 2951 mansuete
999 2905 1174 2961 sanat,
1240 2893 1548 2965 parabolam
1599 2893 1740 2956 hanc
1789 2893 1857 2948 de
1903 2892 2094 2947 ovibus

514 2986 746 3046 dicens:
783 2996 839 3043 et
891 2988 960 3047 de
1001 2986 1303 3048 manifestis
1335 2997 1390 3042 et
1443 2987 1609 3042 certis
1655 2986 1736 3041 eis
1785 2985 2091 3056 persuadet,

467 3133 483 3141 ,,
515 3088 568 3134 et
597 3077 843 3133 confutat
885 3078 979 3146 ita,
1032 3093 1098 3141 ne
1144 3092 1288 3149 :egre
1336 3079 1512 3133 ferant
1571 3087 1773 3135 tantam
1835 3075 2092 3131 bonitatis

515 3168 859 3226 cii'usionem.
885 3167 1020 3226 Nam
1049 3169 1092 3225 si
1122 3169 1175 3234 in
1208 3184 1310 3224 ove
1347 3184 1454 3233 una
1510 3166 1835 3234 irrationali,
1863 3181 1981 3237 quae
2023 3165 2091 3221 ad

515 3259 803 3333 imaginem
837 3261 930 3328 Dei
961 3278 1065 3319 non
1097 3272 1180 3318 est
1202 3259 1364 3328 facta,
1399 3261 1444 3316 si
1479 3276 1603 3317 cum
1647 3260 1931 3326 erraverit,
1974 3258 2092 3314 fue-

515 3351 586 3405 rit
614 3353 852 3413 inventa,
880 3349 1132 3420 gaudium
1162 3349 1220 3415 lit
1247 3358 1452 3405 tantum
1478 3364 1492 3416 ;
1514 3356 1773 3420 quantum
1795 3347 2090 3402 verisimile

514 3448 599 3496 est
637 3440 751 3498 ﬁeri
778 3441 830 3496 in
861 3441 1076 3506 homine
1105 3441 1348 3501 rationali
1376 3440 1444 3495 ad
1485 3439 1774 3510 imaginem
1825 3438 1913 3493 Dei
1961 3454 2094 3493 con-

516 3533 671 3590 dito?
699 3531 981 3594 Manifeste
1005 3534 1167 3606 igitur
1196 3532 1445 3604 parabola
1469 3532 1582 3588 haec
1621 3530 1800 3600 justos
1823 3531 1954 3586 dicit
1998 3545 2094 3600 per

515 3641 645 3683 oves
689 3625 978 3698 nonaginta
1021 3641 1254 3692 novem;
1289 3634 1344 3681 et
1374 3641 1471 3698 per
1520 3640 1700 3689 unam,
1752 3633 2092 3696 peccatorem

521 3719 612 3789 qui
645 3719 900 3789 perierat.
935 3718 1126 3774 Dicunt
1167 3727 1348 3773 autem
1401 3716 1642 3772 nonnulli
1693 3726 1908 3772 centum
1967 3728 2095 3769 oves

514 3826 733 3868 omnem
759 3820 1064 3868 creaturam
1097 3809 1450 3869 rationalem:
1481 3825 1643 3864 unam
1691 3818 1870 3863 autem
1914 3820 2092 3870 ovem,

518 3903 801 3964 rationalis
830 3911 1038 3969 natura:
1071 3902 1367 3969 hominem,
1393 3917 1555 3970 quam
1584 3909 1852 3956 errantem
1908 3898 2093 3968 requi-

517 3995 644 4050 sivit
677 3994 866 4056 Pastor
901 3995 1096 4060 bonus,
1125 3994 1328 4056 relictis
1359 3992 1652 4065 nonaginta
1702 4005 1893 4048 novem
1925 3990 1976 4044 in
2004 4005 2095 4044 so-

519 4086 768 4154 litudine,
801 4086 905 4153 hoc
931 4097 1036 4154 est,
1071 4087 1123 4142 in
1148 4101 1383 4155 superno
1415 4085 1533 4140 loco
1571 4084 1797 4142 cmlesti.
1847 4082 2095 4146 Solitudo

518 4179 662 4233 enim
689 4189 776 4234 est
802 4182 1021 4247 coelum,
1054 4193 1084 4232 a
1109 4179 1381 4232 mundano
1414 4177 1641 4232 tumultu
1666 4182 2093 4250 sequestratum,

519 4279 578 4325 et
613 4270 828 4340 plenum
875 4275 1020 4328 onmi
1068 4269 1458 4341 tranquillitate
1505 4281 1572 4330 ac
1624 4283 1776 4338 pace.
1837 4266 2095 4320 Dominus

523 4377 652 4416 vero
681 4372 738 4416 ut
774 4361 979 4426 invenit
1015 4362 1166 4428 illam
1210 4376 1330 4432 quae
1379 4368 1678 4424 erraverat,
1730 4358 1986 4429 imposuit
2043 4359 2094 4412 iu

519 4456 800 4522 humeros.
830 4454 1182 4527 lunt-mitates
1210 4454 1354 4509 enim
1384 4461 1600 4509 nostras
1625 4459 1681 4518 et
1715 4457 1934 4518 peccata
1965 4463 2093 4504 nos-

523 4561 604 4604 tra
824 4548 935 4620 ipse
958 4549 1209 4619 portavit.
1245 4555 1299 4602 et
1329 4545 1507 4602 omnia
1541 4558 1706 4599 onera
1753 4553 1938 4599 nostra
1988 4556 2093 4596 non

520 4626 795 4713 gravatim
829 4641 943 4712 ipse
1012 4641 1273 4712 suscepit,
1328 4637 1616 4712 persolutis
1679 4637 1929 4692 omnibus
1972 4647 2092 4704 quae

518 4733 868 4800 debebamus,
897 4739 954 4787 et
989 4746 1088 4786 nos
1126 4741 1316 4802 sponte
1343 4745 1407 4784 ac
1448 4729 1677 4785 libenter
1716 4726 1947 4798 portavit
2001 4740 2096 4779 us-

521 4840 628 4894 que
665 4825 717 4880 in
747 4826 970 4882 domum
995 4840 1172 4886 suam,
1207 4824 1308 4884 hoc
1336 4832 1439 4888 est,
1481 4824 1536 4877 in
1579 4823 1797 4878 coelum.
1821 4820 2098 4876 Convocat

523 4916 727 4970 amicos
753 4926 806 4970 et
836 4916 1064 4978 vicinos,
1114 4914 1362 4968 fortassis
1410 4913 1651 4984 angelos,
1682 4927 1817 4981 quos
1863 4921 1918 4965 et
1968 4925 2097 4967 oves

519 5008 758 5064 diximus
787 5022 908 5064 esse
935 5005 1087 5078 juxta
1119 5007 1279 5061 aliam
1314 5015 1368 5061 et
1387 5004 1548 5059 aliam
1595 5003 1934 5066 relationem.
1962 5001 2094 5056 Nam

520 5102 818 5156 secundum
849 5102 991 5172 quod
1038 5100 1215 5155 omnis
1252 5107 1504 5156 creatura
1550 5098 1766 5152 condita
1810 5097 1875 5150 ad
1928 5097 2094 5150 Deuut

518 5193 817 5258 confertur,
852 5194 1077 5263 pecuina
1103 5203 1186 5248 cst
1217 5203 1272 5247 et
1323 5193 1499 5258 bruta,
1549 5201 1602 5245 ct
1648 5191 1944 5245 secundum
1994 5189 2098 5248 hoc

519 5281 779 5336 dicuntur
794 5281 870 5352 (a)
896 5283 1057 5338 etiam
1077 5298 1323 5352 superna:
1343 5283 1569 5339 virtutes
1588 5294 1746 5345 oves;
1770 5279 1820 5347 in
1836 5288 2097 5349 quantum

520 5385 654 5425 vero
685 5369 1000 5437 rationales,
1034 5373 1086 5430 id
1137 5381 1223 5429 est
1269 5373 1684 5436 intellectuales,
1730 5381 1784 5425 et
1836 5380 2102 5442 quatenus

523 5461 648 5516 aliis
730 5465 998 5520 creaturis
1071 5465 1358 5521 viciniores
1424 5466 1708 5530 videntur,
1791 5463 2093 5519 secundum

521 5553 627 5610 boc
651 5552 810 5608 amici
855 5564 910 5611 et
957 5555 1119 5615 vicini
1181 5555 1402 5627 intelligi
1457 5567 1684 5626 possunt
1734 5555 2095 5625 angelicarum

1365 482 1910 550 TIIEOPIIYLACT
1917 490 1942 550 Ι
1985 489 2399 550 BULGAllHi
2434 491 2795 552 ARCHIEP.

3599 498 3677 558 ΕΗ

2129 606 2171 660 Α
2203 599 2308 663 ἕως
2359 599 2493 672 εὕρῃ
2543 601 2674 654 αὑτό
2705 617 2720 632 ⁸
2787 603 2880 655 καὶ
2933 601 3110 671 εὑρὼν
3153 601 3446 673 ἐπιτίθησιν
3488 603 3566 656 ἐπὶ
3606 609 3699 664 sub;

2197 690 2381 762 ῶμους
2415 692 2579 745 αὑτοῦ
2613 693 2851 766 χαίρων.
2885 695 2977 748 καὶ
3008 693 3179 748 ἐλθὼν
3203 696 3281 758 εἰς
3313 695 3396 748 τὸν
3426 689 3554 748 οἷκον
3574 697 3698 751 αὐτοῦ

2198 785 2456 852 συγκαλεῖ
2477 784 2604 847 τοὺς
2627 785 2812 853 φίλους
2842 786 2934 839 καὶ
2955 787 3082 848 τοὺς
3103 785 3346 855 γείτονας
3371 786 3525 853 λέγων
3541 789 3698 852 aii-.07.;

2199 875 2520 946 Συγχέρητέ
2555 893 2665 946 μοι,
2699 876 2782 930 ὅτι
2812 871 2969 948 εὗρον
2998 877 3059 930 τὸ
3089 876 3361 947 πρόϐατόν
3401 893 3493 947 μου
3519 877 3570 931 τὺ
3596 879 3700 932 ἀπο-

2195 968 2400 1035 λω>ὁ;;
2455 953 2612 1039 Λέγω
2649 971 2808 1039 ὑμῖν,
2850 972 2932 1024 ὅτι
2967 971 3110 1025 οὕτω
3143 969 3289 1042 χαρὰ
3326 973 3381 1024 ἐν
3423 971 3494 1039 τῷ
3534 973 3700 1042 οὐρανῷ

2196 1059 2350 1121 ἔσται
2384 1064 2476 1115 ἐπὶ
2504 1063 2586 1115 ἐνὶ
2611 1062 2920 1134 ἀμαρτωλῷ
2949 1063 3335 1133 μετανοοῦντι,
3360 1064 3392 1133 ἢ
3421 1064 3508 1116 ἐπὶ
3535 1064 3702 1131 ἐννενη-

2195 1150 2518 1204 κονταεννέα
2546 1152 2798 1218 δικαίοις,
2835 1153 3031 1216 οἵτινες
3064 1154 3124 1206 οὐ
3157 1151 3344 1222 χρείαν
3377 1151 3540 1222 ἔχουσι
3576 1171 3703 1222 μετι-

2196 1241 2360 1304 νοίας.
2401 1243 2471 1295 Ἦ
2504 1243 2587 1306 τίς
2618 1245 2755 1313 γυνὴ
2796 1243 3044 1314 δραχμὰς
3071 1242 3267 1314 ἔχουσα
3302 1242 3463 1310 δέκα,
3493 1243 3575 1298 ἐὰν
3603 1245 3702 1299 ἀπο-

2195 1334 2329 1407 λέσῃ
2357 1333 2605 1406 δραχμὴν
2649 1334 2813 1404 μίαν,
2859 1335 2978 1404 οὐχὶ
3010 1335 3171 1390 ἆπτει
3216 1333 3435 1406 λύχνον,
3474 1336 3556 1388 καὶ
3593 1342 3708 1405 σαροῖ

2197 1422 2294 1491 τὴν
2325 1425 2504 1478 οἰκίαν
2523 1467 2538 1489 ,
2569 1425 2661 1480 καὶ
2690 1425 2842 1494 ζητεί
2873 1425 3177 1494 ἐπιμελῶς,
3206 1425 3310 1489 ἕως
3334 1426 3452 1479 ὅτου
3480 1424 3620 1500 εὕρῃ,
3641 1428 3710 1481 καὶ

2196 1515 2464 1586 εὑροῦσα.
2517 1517 2780 1586 συγκαλεὶ⁹
2808 1518 2910 1582 τάς
2940 1519 3100 1587 φίλας
3139 1519 3234 1571 καὶ
3264 1519 3364 1580 τὰς
3398 1518 3615 1584 γείτονας
3649 1519 3710 1573 λέ⁶

2196 1623 2409 1674 γουσα·
2459 1608 2780 1679 Συγχάρητέ
2823 1626 2947 1678 μοι,
2997 1611 3080 1663 ὃτι
3129 1603 3288 1680 εὗρον
3345 1608 3441 1678 τὴν
3478 1608 3708 1679 δραχμὴν,

2195 1701 2264 1771 ἣν
2295 1700 2586 1766 ἀπώλεσας
2629 1701 2785 1755 Οὕτω
2828 1701 2971 1770 λέγω
3012 1702 3160 1772 ὑμῖν,
3193 1701 3344 1772 χαρὰ
3395 1699 3580 1767 γίνεται
3613 1699 3711 1754 ἐνώ-

2199 1808 2323 1844 πιον
2352 1789 2461 1844 τῶν
2486 1791 2734 1860 ἀγγέλων
2761 1790 2856 1845 τοῦ
2881 1790 3017 1846 Θεοῦ
3040 1792 3133 1845 ἐπὶ
3156 1792 3236 1846 ἐνὶ
3261 1788 3558 1860 ἁμαρτωλῷ
3589 1807 3711 1860 μετα-

2197 1882 2425 1937 νοοῦντι.
2469 1881 2530 1937 Ὀ
2564 1882 2664 1952 μὲν
2693 1881 2896 1953 Κύριος
2922 1883 3098 1936 ἐκεῖνο
3152 1883 3332 1936 ἐποίει
3363 1874 3422 1934 οὗ
3451 1881 3612 1934 ἕνεκεν
3642 1885 3710 1934 καὶ

2131 1956 2167 2010 υ
2199 1971 2522 2044 ἐσαρκώθη,
2583 1973 2940 2044 προσιέμενος
3030 1974 3157 2037 τοὺς
3217 1973 3459 2036 τελώνας
3505 1973 3584 2026 καὶ
3620 1973 3712 2036 τοὺς

2201 2064 2592 2136 ἁμαρτωλοὺς,
2645 2064 2722 2126 ὡς
2775 2063 2958 2134 ἰατρὸς
3009 2065 3137 2128 τοὺς
3186 2063 3570 2127 ἀσθενοῦντας·
3609 2063 3713 2116 alii

2196 2157 2512 2230 ἁμαρτωλοὶ
2543 2156 2622 2228 τῷ
2654 2157 2769 2213 δντι
2801 2159 3086 2229 Φαρισαῖοι
3125 2155 3428 2226 γογγυσμῷ
3455 2155 3543 2226 τὴν
3573 2154 3713 2222 φιλαν-

2198 2251 2445 2324 θρωπίαν
2487 2249 2692 2320 ταύτην
2726 2249 3019 2322 ἠμείϐοντο
3041 2268 3056 2282 ·
3106 2249 3431 2321 βδελυκτοὺς
3471 2247 3566 2317 γὰρ
3591 2247 3713 2317 ἡγού-

2200 2362 2352 2416 μενοι
2380 2343 2508 2408 τοὺς
2535 2342 2794 2407 τελώνας,
2825 2343 2980 2397 αὐτοὶ
3008 2342 3107 2405 τάς
3131 2343 3312 2405 οἰκίας
3341 2340 3447 2394 τῶν
3470 2339 3626 2410 χηρῶν
3643 2339 3712 2390 καὶ

2195 2436 2304 2490 τῶν
2336 2433 2587 2505 ὀρφανῶν
2630 2433 2944 2503 κατήσθιον.
2980 2433 3046 2487 Τί
3087 2431 3179 2486 οῦν
3213 2435 3240 2486 6
3282 2430 3514 2507 Κύριοςς
3552 2429 3712 2497 Ὠσπερ

2199 2528 2334 2598 πρὸς
2367 2527 2494 2590 τοὺς
2543 2524 2779 2589 τελώνας
2816 2523 3329 2595 ἐφιλανθρωπεύετο
3349 2564 3365 2590 ,
3395 2521 3528 2574 οῦτω
3562 2519 3615 2590 δὴ
3647 2518 3712 2570 καὶ

2196 2619 2333 2690 πρὸς
2365 2617 2589 2682 τούτους
2627 2617 2825 2680 αὐτοὺς
2853 2617 2978 2680 τοὺς
3003 2615 3100 2685 τὴν
3127 2612 3535 2685 φιλανθρωπίαν
3561 2611 3712 2678 ταύτην

2194 2710 2613 2777 διαϐάλλοντας*
2665 2709 2726 2762 οὐ
2789 2711 2898 2779 γάρ
2961 2707 3371 2776 ἀποστρέφεται
3426 2704 3620 2764 τούτους
3660 2701 3712 2760 ὡς

2195 2804 2446 2864 ἀνιάτους
2474 2802 2551 2879 (5)
2584 2800 2677 2856 καὶ
2706 2800 3035 2870 γογγυστάς,
3065 2799 3202 2853 ἀλλά
3232 2796 3457 2870 πραέως
3481 2791 3713 2866 θεραπεύει

2195 2893 2510 2966 παραϐολὴν
2557 2893 2743 2958 αὐτοῖς
2791 2891 2965 2962 λέγων
3017 2892 3120 2959 τὴν
3163 2889 3272 2943 τῶν
3321 2887 3617 2960 προϐάτων,
3647 2881 3714 2936 καὶ

2195 2987 2303 3044 ἀπ’)
2342 2985 2450 3040 τῶν
2495 2983 2748 3056 ἐναργῶν
2783 2985 2877 3039 καὶ
2906 2981 3154 3055 φανερῶν
3186 2980 3397 3034 πείθων
3427 2977 3626 3042 αὐτοὺς,
3647 2973 3715 3029 καὶ

2195 3079 2565 3150 ἐπιστομίζων
2613 3077 2689 3148 μὴ
2721 3074 3096 3147 δυσχεραίνειν
3139 3073 3232 3127 ἐπὶ
3279 3072 3362 3144 τῷ
3395 3068 3608 3138 τοσούτῳ
3641 3067 3714 3134 τῆς

2195 3173 2532 3244 ἁγαθότητος
2550 3170 2780 3242 χύματι.
2807 3169 3000 3224 Καίτοι
3015 3169 3062 3221 εξ
3079 3168 3171 3222 ἐπὶ
3194 3166 3455 3238 προϐάτῳ
3473 3163 3545 3216 ἐνὶ
3563 3160 3714 3228 ἀλὸγῳ,

2195 3266 2290 3319 καὶ⁵
2327 3263 2403 3336 μὴ
2432 3263 2555 3321 κατ’
2585 3261 2770 3316 εἰκόνα
2810 3257 2944 3313 Θεοῦ
2983 3256 3342 3332 γεγενημένῳ
3369 3253 3585 3320 τοσαύτη
3609 3248 3716 3319 χαρὰ

2195 3357 2404 3427 γίνεται
2435 3353 2716 3424 εὑρεθέντι
2749 3351 2889 3423 μετά
2917 3351 2977 3405 τὸ
3010 3348 3384 3420 πλανηθῆναι,
3414 3345 3572 3412 πόσην
3607 3338 3715 3399 εἰκὸς

2197 3448 2444 3518 γίνεσθαι
2475 3449 2568 3499 ἐπὶ
2604 3444 2874 3516 ἀνθρώπῳ
2902 3441 3104 3514 λογικῷ
3141 3440 3261 3504 κατ’
3295 3439 3478 3494 εἰκόνα
3510 3431 3714 3487 Θεοῦ

2195 3539 2696 3614 δημιουργημένῳ;
2753 3534 3044 3606 Προδήλως
3100 3534 3199 3604 μὲν
3249 3527 3348 3586 οὖν
3400 3531 3435 3600 ἠ
3490 3519 3715 3614 παραϐολὴ

2196 3633 2322 3696 τοὺς
2349 3611 2592 3690 δικαίους
2638 3611 2775 3698 φησι
2805 3625 3057 3695 πρόϐατα
3088 3618 3617 3694 ὲννενηκονταεννὲα,
3649 3611 3716 3664 καὶ

2196 3725 2255 3778 ἓν
2298 3724 2390 3778 τὸν
2429 3721 2730 3783 ἐκπεσόντα
2750 3717 3102 3791 ἀμαρτωλόν.
3137 3714 3280 3769 Φασὶ
3313 3713 3372 3768 δέ
3409 3727 3543 3773 τινες
3569 3701 3716 3760 ἑκατὸν

2199 3817 2298 3887 μὲν
2334 3813 2580 3886 πρόϐατα
2614 3812 2795 3867 πᾶσαν
2833 3811 2931 3882 τὴν
2961 3810 3186 3878 λογικὴν
3224 3806 3427 3869 κτίσιν,
3460 3803 3514 3854 ἒν
3548 3798 3597 3852 δὲ
3624 3793 3718 3864 πρέ·

2201 3908 2365 3963 ϐατον
2393 3906 2491 3976 τῆς
2525 3905 2751 3977 λογικῆς
2790 3904 3006 3975 φύσεως
3043 3901 3136 3963 τὸν
3167 3898 3476 3969 ἄνθρωπον,
3511 3893 3537 3956 δ
3567 3887 3720 3953 πλανη-

2202 3998 2294 4052 θὲν
2324 3997 2657 4069 ἀνεζήτησεν
2691 3996 2721 4049 ὁ
2754 3994 2961 4068 ποιμὴν
2992 3994 3021 4046 ὁ
3052 3989 3236 4053 καλὸς,
3273 3988 3435 4057 ἀφεὶς
3458 3984 3522 4050 τὰ
3553 3983 3721 4069 ἐννενησ

2200 4067 2523 4155 κονταεννέήα
2581 4090 2640 4142 ἐν
2679 4090 2749 4166 τῇ
2821 4067 3046 4158 ἐρήμῳ,
3095 4082 3412 4142 τουτέστιν,
3452 4079 3508 4129 ἐν
3546 4071 3611 4142 τῷ
3639 4067 3721 4136 ἀνω

2198 4185 2348 4256 τόπῳ
2373 4181 2454 4252 τῷ
2482 4180 2740 4252 οὐρανίῳ.
2790 4179 3039 4252 Ἐρημος
3075 4177 3185 4249 γάρ
3225 4171 3542 4248 πολυοχλίας
3573 4177 3722 4256 κοσμι-

2198 4255 2327 4347 κῆς
2355 4273 2745 4345 ἀπῳκισμένος
2777 4273 2807 4328 ὀ
2849 4257 3117 4344 οὐρανὸς,
3155 4270 3251 4336 καὶ
3315 4267 3492 4331 πάσης
3531 4255 3720 4347 γαλήνης

2198 4346 2294 4431 καθ-
2346 4368 2574 4440 deﬂvit;
2639 4365 3091 4436 μεμεστωμένος,
3154 4357 3345 4434 Εὑρὼν
3397 4356 3454 4408 δὲ
3496 4353 3523 4404 ὁ
3567 4346 3719 4440 Κύριος

2197 4459 2359 4514 τοῦτο
2382 4438 2446 4512 τὸ
2470 4457 2768 4528 πλανηθξθ,
2796 4455 3065 4525 ἐπέθηκεν
3088 4453 3182 4506 ἐπὶ
3213 4449 3340 4511 τοὺς
3368 4446 3544 4517 ᾣμους
3574 4438 3716 4528 αὐτῷ·

2126 4573 2174 4633 ι)
2200 4552 2312 4615 Τάς
2347 4552 2456 4622 γάρ
2491 4524 2775 4612 ἀσθενείας
2817 4546 2977 4620 ήμῶν
2999 4587 3015 4612 ,
3046 4544 3270 4614 καὶτὰς
3304 4537 3567 4633 ἁμαρτίας
3585 4524 3721 4633 Δαι’ξτξ

2202 4645 2502 4710 ἐϐάστασε,
2544 4644 2636 4696 καὶ
2682 4643 2862 4696 πάντα
2900 4639 2971 4693 τὰ
3001 4638 3142 4710 βάρη
3168 4635 3326 4708 ἡμῶν
3363 4631 3521 4692 αὐτὸς
3549 4623 3721 4690 ἁϐσρῶς

2202 4736 2524 4800 ἀνεδέξατοο
2566 4735 2744 4788 πάντα
2781 4734 2883 4786 ὅσα
2925 4723 3370 4802 ἐχρεωστοῦμεν,
3412 4722 3562 4781 norb;
3620 4715 3721 4767 ἀπο·

2204 4826 2439 4898 φλήσας,
2491 4829 2588 4879 καὶ
2616 4826 2766 4896 ἡμᾶς
2817 4824 3017 4896 ῥαδίως
3049 4823 3145 4875 καὶ
3170 4819 3384 4879 ἀπόνως
3423 4813 3589 4903 σώσας
3627 4803 3721 4903 ἄχρξ

2204 4917 2301 4971 καὶ
2348 4914 2442 4968 τοῦ
2476 4914 2627 4969 οίκου
2677 4905 2874 4979 αὑτοῦ,
2919 4914 3196 4978 τουτέστι,
3240 4907 3337 4963 τοῦ
3372 4898 3622 4976 οὖρανοῦο
3653 4898 3723 4944 καὶ

2203 5006 2464 5076 συγκαλεῖ
2500 5009 2628 5073 τοὺς
2707 5007 2894 5076 φίλους
2959 5007 3053 5062 καὶ
3109 5005 3238 5067 τοὺς
3295 5003 3566 5071 γείτονας.
3618 4987 3723 5052 ia!“

2198 5101 2326 5164 τοὺς
2352 5100 2641 5170 ἀγγέλους,
2670 5099 2764 5163 οὓς
2793 5099 2886 5153 καὶ
2915 5098 3164 5168 πρόϐατα
3190 5092 3329 5153 εἶναι
3356 5087 3723 5150 ἀποδεδώκαμεν

2200 5195 2322 5248 κατ’
2357 5193 2526 5264 ἄλλην
2579 5192 2675 5248 καὶ
2722 5192 2890 5261 ἀλλην
2939 5189 3219 5259 ἐπιϐολήν,
3263 5185 3402 5240 Καθ’
3445 5184 3473 5236 ὂ
3525 5179 3612 5249 μὲν
3640 5170 3721 5264 ii?

2201 5288 2353 5340 πᾶσα
2395 5289 2589 5356 κτιστὴ
2631 5286 2794 5354 φύσις
2847 5284 2923 5346 ὼς
2955 5285 3092 5352 πρὸς
3131 5281 3264 5334 Θεὸν
3298 5274 3568 5347 κτηνὼδης
3600 5263 3720 5320 ἐστὶ,

2199 5380 2339 5432 κατά
2381 5379 2540 5432 τοῦτο
2585 5378 2832 5449 πρόϐατα
2877 5375 3126 5432 καλοῖντο
3164 5374 3232 5445 ᾂν
3261 5373 3314 5426 αἱ
3353 5370 3465 5429 ἄνω
3488 5361 3718 5454 δυνάμεις.

2205 5469 2356 5524 Καθὸ
2381 5470 2439 5524 δέ
2459 5469 2696 5538 λογικαὶ,
2728 5471 2896 5542 ἧγουν
2917 5468 3098 5540 νοεραὶ
3133 5467 3228 5525 καὶ
3249 5460 3616 5533 πλησιέστεραι
3640 5461 3720 5542 των

2203 5561 2379 5617 ἄλλων
2417 5561 2733 5631 κτισμάτων
2767 5561 3061 5624 δοκοῦσαι,
3112 5558 3255 5617 κατὰ
3300 5553 3455 5616 τοῦτο
3493 5546 3618 5618 φίλοι
3647 5533 3720 5590 καὶ

1476 5697 1564 5755 Ex
1596 5694 1940 5756 collatione
1973 5694 2158 5756 codd.
2194 5699 2422 5760 Venet.
2455 5699 2516 5760 S.
2552 5699 2770 5761 Marci.

594 5816 670 5882 (ὃ)
711 5814 844 5870 Cod.
872 5815 965 5882 26,
1011 5817 1320 5888 Ἀνοήτους,
1361 5838 1379 5870 ι
1420 5819 1715 5874 dementes.
1757 5835 1775 5867 ι

591 5932 816 6018 Wﬁlin
846 5935 968 6004 μοι.
1002 5947 1054 5994 at
1087 5937 1133 5994 ai
1161 5938 1229 5994 ad
1257 5937 1392 6004 alias
1436 5946 1710 5993 creaturas
1742 5937 2083 6008 conferuntur
2121 5936 2427 6004 rationales,
2461 5936 2729 6004 dicuntur,
2761 5945 2867 5997 etc.
