3932 6456
240 366 353 432 949
370 378 375 388 ’

916 372 1359 435 ENARRATIO
1391 374 1470 436 IN
1512 372 2009 436 EVANGELIUM
2040 379 2275 440 LUCJS.
2313 406 2375 414 —
2414 379 2570 439 CAP.
2606 379 2726 443 XV.

3368 381 3473 447 950

237 483 482 554 γείτονες
509 484 559 537 oi
586 482 696 538 τῶν
723 484 1030 554 ἁγγελικῶν
1055 485 1339 558 δυνάμεων
1362 487 1514 560 χοροὶ
1547 486 1806 556 νοηθεῖεν.

1930 487 2149 543 irtutum
2180 486 2354 543 chori.
2392 485 2451 542 Et
2486 504 2579 558 per
2620 489 2901 545 mulierem
2946 490 3212 560 intelligas
3258 491 3477 562 sapien-

240 575 355 630 Kal
389 575 624 643 γυναῖκα
671 575 730 630 δὲ
769 575 1026 648 νοήσαις,
1061 578 1159 648 τὴν
1201 578 1412 650 σοφίαν,
1444 579 1539 634 καὶ
1581 577 1808 647 δύναμιν

243 668 339 724 τοῦ
370 667 506 723 Θεοῦ
551 669 644 722 καὶ
694 669 907 741 Πατρδς
938 672 1033 725 τὸν
1070 672 1234 726 αὑτοῦ
1274 672 1422 737 Υἱδν,
1457 672 1515 736 ὃς
1559 670 1809 727 ἀπώλεσε

241 761 379 834 μίαν
413 761 661 834 δραχμὴν
718 763 784 818 ἑκ
833 763 942 817 τῶν
992 764 1256 833 λογικῶν,
1311 766 1408 819 καὶ
1456 764 1578 820 κατ’
1625 766 1811 820 εἰκόνα

238 852 413 908 αὑτοῦ
464 853 793 908 κτισθέντων
847 856 1161 924 κτισμάτων
1208 854 1300 910 τὸν
1349 853 1669 929 ἄνθρωπον,
1716 857 1811 912 καὶ

238 946 409 1001 ἅπτει
432 943 659 1017 λύχνον,
691 944 787 1017 τὴν
813 946 1008 1000 ἑαυτοῦ
1045 946 1243 1019 σάρκα.
1278 948 1488 1019 Ὠσπερ
1522 932 1687 1020 γάρδ
1714 948 1810 1003 λύ-

234 1052 368 1107 χνος
419 1036 485 1090 ὲκ
534 1034 642 1105 γῆς
676 1032 754 1089 ὢν
783 1034 853 1089 τὰ
898 1037 1256 1107 ὲσκοτισμένα
1306 1037 1530 1108 φωτίζει
1581 1036 1670 1092 διὰ
1717 1037 1810 1092 τοῦ

235 1126 442 1195 φωτὸς,
470 1119 531 1197 οὗ
560 1125 794 1197 δέχεται,
824 1126 968 1182 οὕτω
990 1128 1138 1201 καὶὴ
1166 1128 1302 1202 σὰρξ
1328 1128 1420 1182 τοῦ
1451 1128 1657 1200 Κυρίου
1684 1128 1812 1200 γήϊ-

234 1233 333 1281 νος
368 1213 541 1284 οὖσα,
589 1218 687 1272 καὶ
734 1219 897 1290 ὁμοία
918 1221 1072 1292 ἡμῖν,
1111 1218 1189 1290 τῷ
1217 1221 1358 1289 φωτί⁹
1395 1221 1493 1291 τῆς
1528 1219 1810 1292 θεότητος,

233 1306 335 1378 ὑφ’
365 1302 433 1383 ἧς
460 1310 815 1383 προσελήφθη
834 1350 850 1375 ,
889 1311 1053 1382 ἔφανε
1073 1329 1087 1343 ο
1118 1312 1212 1366 καὶ
1243 1312 1349 1383 μὴν
1378 1312 1628 1386 ὲσαρώθη
1660 1313 1757 1367 καὶ
1784 1313 1814 1367 6

231 1396 424 1466 οἶκος,
471 1402 785 1468 τουτέστιν,
830 1398 976 1468 ἅπας
1018 1405 1046 1457 6
1098 1405 1299 1474 κόσμος
1329 1404 1685 1476 ἀπεκαθάροη
1716 1404 1815 1476 τῆς

235 1492 541 1565 ἁμαρτίας.
597 1492 835 1565 Χριστὸς
878 1495 985 1566 γὰρ
1025 1489 1093 1567 ἦν
1131 1495 1173 1549 6.
1204 1494 1376 1568 αἴρων
1409 1496 1509 1566 τὴν
1540 1495 1816 1568 ἁμαρτίαν

232 1583 338 1639 τοῦ
387 1585 614 1656 κόσμου.
669 1585 782 1639 Kal
812 1584 877 1656 δὴ
910 1584 1108 1658 εὑρέθη
1138 1586 1172 1658 ἡ
1201 1586 1438 1658 δραχμὴ,
1490 1587 1525 1658 ή
1561 1586 1815 1661 βασιλικὴ

233 1675 429 1741 εἰκὼν,
464 1676 560 1732 καὶ
582 1677 726 1749 χαρὰ
747 1676 958 1746 γίνεται
986 1676 1135 1749 αὐτῷ
1155 1695 1214 1730 τε
1231 1677 1309 1750 τῷ
1329 1679 1544 1750 εὑρόντι
1570 1678 1813 1750 Χριστῷ,

234 1770 340 1825 καὶ
376 1771 499 1834 ταῖς
531 1770 643 1825 άνω
672 1769 995 1841 δυνάμεσιν,
1030 1768 1087 1826 αϊ
1127 1769 1279 1839 φίλαι
1308 1770 1458 1836 αύτῷ
1502 1770 1598 1825 καὶ
1640 1771 1817 1840 γείτο-

233 1861 336 1927 νές
384 1862 525 1916 εισι·
558 1860 710 1930 φίλαι
744 1861 842 1933 μὲν
881 1861 956 1926 ὡς
986 1861 1048 1915 τὸ
1077 1861 1292 1933 θέλημα
1325 1861 1494 1916 αὐτοῦ
1545 1862 1815 1930 ποιοῦσαι,

236 1955 488 2023 γείτονες
531 1955 588 2009 δὲ
630 1954 708 2019 ὡς
738 1954 1045 2028 ἀσώματοι.
1095 1954 1252 2026 Ζητῶ
1295 1955 1352 2008 δὲ
1398 1955 1637 2027 μήποτε
1668 1957 1819 2026 φίλαι

241 2046 353 2117 μὲν
391 2046 557 2101 αὐτοῦ
593 2048 701 2100 εἰσι
733 2047 906 2102 πᾶσαι
941 2048 998 2101 at
1026 2046 1140 2102 ἄνω
1173 2045 1452 2115 δυνάμεις,
1496 2047 1735 2114 γείτονες
1761 2048 1819 2103 δὲ

234 2136 299 2190 αἱ
326 2136 736 2208 πλησιέστεραι,
761 2132 873 2192 οἷον
912 2136 1126 2208 Θρόνοι,
1152 2136 1487 2208 Χερουϐεὶμ,
1510 2136 1817 2211 Σεραφείμ.

240 2230 393 2301 Ὅρα
416 2228 526 2300 γὰρ
551 2229 650 2302 τὴν
682 2230 851 2298 λέξιν.
885 2248 904 2282 t
942 2230 1054 2283 Kal
1090 2228 1353 2297 συγκαλεῖ
1390 2230 1490 2294 τὰς
1523 2229 1683 2300 φίλας
1729 2230 1821 2284 καὶ

233 2317 345 2383 τὰς
372 2320 642 2389 γείτονας
666 2339 687 2374 ι
711 2319 978 2391 ἐοικεγὰρ
1008 2319 1101 2375 δύο
1127 2319 1251 2375 τινὰ
1283 2320 1426 2393 μέρη
1457 2321 1820 2394 παραδηλοῦν,

235 2413 292 2467 εί
327 2413 422 2467 καὶ
450 2415 870 2487 περιεργότερον
901 2414 1064 2481 δόξει.

325 2524 344 2560 ε
371 2503 505 2562 Eius
534 2507 614 2561 δέ·
640 2507 1050 2581 ’Δνθρωπόςτις
1082 2506 1197 2581 εἶχε
1222 2506 1319 2563 δύο
1344 2507 1517 2573 υἱοὺς,
1545 2510 1637 2563 καὶ
1665 2503 1822 2569 εἶπεν

234 2600 265 2652 6
302 2597 571 2673 νεώτερος
595 2601 775 2656 αὐτῶν
796 2601 876 2674 τῷ
904 2602 1075 2676 πατρί
1095 2619 1111 2637 ο
1144 2602 1350 2674 Πάτερ,
1377 2601 1467 2669 δός
1498 2619 1589 2675 μοι
1617 2602 1677 2657 τὸ
1702 2602 1820 2662 ἐπι-

235 2689 445 2747 ϐάλλον
501 2694 667 2766 μέρος
701 2695 802 2767 τῆς
849 2694 1038 2762 οὐσίας
1059 2711 1076 2728 ο
1127 2695 1224 2751 καὶ
1259 2695 1465 2754 διεῖλεν.
1509 2696 1694 2761 αὐτοῖς
1729 2695 1822 2751 τὸν

238 2784 389 2855 βίον.
413 2786 524 2841 Καὶ
548 2786 668 2860 μετ’
688 2787 748 2842 ού
780 2786 980 2854 πολλὰς
1008 2786 1223 2862 ἡμέρας
1248 2788 1575 2861 συναγαγὼν
1605 2788 1823 2844 ἅπαντα

237 2877 268 2930 6
291 2874 563 2949 νεώτερος
596 2877 732 2946 υίὸς,
757 2878 1114 2952 ἀπεδήμησεν
1137 2881 1221 2945 είς
1247 2879 1433 2952 χώραν
1458 2880 1698 2953 μακρὰν,
1730 2882 1823 2934 xal

239 2968 373 3023 ἐκεῖ
418 2969 767 3044 διεσκόρπισε
813 2972 916 3043 τὴν
965 2972 1157 3032 οὐσίαν
1199 2972 1366 3028 αύτοῦ
1415 2973 1524 3039 ζῶν
1557 2970 1819 3038 ἀσώτως⁶

237 3060 658 3134 δαπανήσαντος
681 3064 738 3122 δὲ
762 3064 928 3123 αὐτοῦ
953 3065 1153 3130 πάντα,
1179 3065 1397 3136 ἐγένετο
1420 3065 1577 3136 λιμδς
1606 3066 1824 3138 ίσχυρδς

1894 578 2021 633 tiam
2053 588 2106 635 et
2144 579 2396 635 virtutem
2443 579 2534 635 Dei
2568 589 2621 634 ct
2658 579 2855 649 Patris,
2907 580 3094 638 Jcsum
3136 582 3336 652 ipsum,
3377 584 3469 653 qui

1892 676 2127 748 perdidit
2168 691 2334 733 unam
2390 677 2730 744 drachmam,
2782 693 2849 733 ex
2899 679 3255 734 rationalibus
3297 687 3353 733 et
3406 678 3473 732 ad

1893 769 2180 842 imaginem
2205 770 2295 826 Dei
2313 769 2883 838 conditiscreaturam,
2909 772 3204 838 hominem,
3229 771 3476 844 inquam,

1894 869 1950 918 et
2004 861 2253 918 accendit
2301 863 2612 930 lucernam,
2657 879 2811 920 suam
2853 880 3098 920 carnem.
3134 866 3287 921 Sicut
3329 864 3477 920 enim

1896 953 2139 1023 lucerna,
2168 956 2420 1027 quamvis
2465 956 2539 1013 sit
2568 972 2633 1012 es
2659 966 2822 1022 terra,
2873 957 3143 1013 illuminat
3191 957 3479 1013 tenebrosa

1909 1055 2008 1113 per
2042 1040 2225 1096 lucem
2255 1057 2417 1111 quam
2440 1042 2658 1112 recipit;
2690 1039 2766 1095 ita
2794 1047 2848 1094 et
2886 1053 3017 1094 caro
3054 1037 3267 1093 Domini
3298 1076 3315 1103 ,
3346 1035 3476 1090 licet

1912 1137 2126 1189 terrena
2165 1144 2328 1199 esset,
2367 1134 2671 1206 similisque
2723 1131 2899 1197 nobis,
2956 1130 3159 1186 lumine
3202 1127 3420 1184 deitatis
3449 1143 3485 1196 :t

1913 1240 2015 1294 qua
2046 1235 2316 1296 assumpta
2350 1222 2475 1292 est,‘
2494 1225 2674 1282 lumen
2701 1222 2963 1282 exhibuit.
2988 1221 3127 1290 Quin
3158 1220 3323 1277 etiam
3354 1232 3479 1275 sco‘

1913 1315 1996 1386 pis
2028 1316 2280 1371 mundata
2314 1325 2399 1371 est
2424 1317 2637 1382 domus,
2683 1319 2788 1373 hoc
2810 1323 2896 1372 est
2933 1312 3216 1369 universus
3250 1310 3482 1366 mundus

1913 1414 2232 1479 repurgatus
2264 1415 2345 1462 est
2398 1421 2427 1460 a
2483 1418 2725 1476 peccato.
2770 1406 3020 1463 Christus
3060 1403 3207 1459 enim
3260 1399 3483 1457 abstulit

1916 1507 2193 1568 peccatum
2231 1498 2435 1553 mundi.
2490 1497 2555 1553 Et
2601 1498 2758 1568 plane
2801 1498 3020 1552 inventa
3071 1504 3157 1551 est
3202 1494 3481 1558 drachma,

1917 1589 2061 1658 regia
2115 1588 2323 1645 scilicet
2367 1589 2546 1660 imago
2597 1598 2652 1644 et
2711 1588 2963 1659 gaudium
3007 1585 3109 1641 fuit
3154 1576 3211 1640 et.
3267 1582 3485 1641 Christo

1916 1680 2184 1738 inventori
2212 1691 2267 1738 et
2305 1681 2554 1753 supernis
2599 1681 2907 1746 virtutibus,
2957 1693 3077 1751 qua:
3139 1677 3328 1732 amica:
3371 1674 3485 1744 ejus

1917 1783 1974 1829 et
2015 1774 2203 1830 vicinae
2225 1782 2395 1830 sunt:
2445 1772 2650 1829 Amicae
2707 1772 2946 1841 quidem,
2992 1771 3116 1840 quia
3151 1768 3484 1824 voluntatem

1924 1866 2044 1938 ejus
2080 1867 2283 1923 faciunt
2310 1886 2325 1923 :
2355 1867 2545 1922 vicinae
2583 1881 2732 1931 vero,
2782 1865 2909 1937 quia
2952 1864 3298 1933 incorporeas.
3348 1858 3488 1929 Quid

1924 1968 2105 2014 autem
2136 1959 2179 2032 si
2216 1957 2402 2013 amicae
2425 1957 2537 2013 sint
2565 1970 2756 2012 omnes
2792 1970 3038 2027 superna:
3060 1952 3320 2018 Virtutes,
3349 1949 3488 2005 vici-

1925 2066 2005 2106 nae
2032 2058 2230 2117 autem,
2260 2065 2379 2119 quae
2417 2049 2695 2120 propiores
2732 2048 2803 2116 ei,
2854 2055 2913 2101 ut
2959 2044 3164 2102 'l‘ltroni
3199 2051 3254 2099 et
3280 2042 3490 2098 Cheru-

1924 2139 2032 2196 bim
2054 2140 2077 2193 τ
2098 2138 2336 2195 Dicendo
2366 2141 2509 2196 enim
2545 2140 2750 2196 amicas
2781 2146 2837 2194 et
2868 2138 3093 2202 vicinas,
3135 2137 3242 2191 duo
3293 2149 3493 2207 genera

1928 2231 2313 2299 manifestavit,
2340 2231 2589 2303 quamvis
2617 2231 2720 2287 hoc
2760 2229 3026 2287 curiosius
3052 2228 3319 2284 videatur.

1999 2506 2160 2566 Vens.
2194 2507 2375 2565 11-16.
2409 2527 2430 2562 ι
2455 2509 2543 2563 Ait
2580 2516 2759 2563 autem
2786 2524 2799 2561 ι
2824 2505 2995 2560 ιΙοιηο
3040 2503 3256 2575 quidam
3309 2501 3499 2558 habuit

1926 2598 2058 2654 duos
2106 2599 2264 2664 (illos,
2321 2590 2385 2655 et
2426 2600 2560 2655 dixit
2607 2597 3004 2653 adolescentior
3056 2595 3270 2650 illorum
3318 2594 3494 2664 patri:

1926 2690 2107 2757 Pater,
2139 2691 2208 2746 da
2241 2690 2370 2746 tnihi
2416 2689 2717 2762 portionem
2767 2685 3082 2743 substantia:
3126 2699 3245 2756 quae
3290 2682 3357 2737 ad
3414 2698 3498 2735 me

1927 2783 2088 2841 redit.
2118 2785 2185 2841 Et
2209 2784 2390 2841 divisit
2418 2783 2521 2838 illis
2554 2781 2931 2837 substantiam.
2966 2781 3034 2834 At
3072 2787 3194 2849 post
3234 2778 3351 2832 dies
3393 2792 3496 2830 non

1929 2874 2126 2931 multos
2151 2890 2271 2931 cum
2300 2874 2483 2932 omnia
2509 2873 2890 2939 contraxisset,
2926 2870 3320 2927 adolescentior
3356 2869 3500 2925 lilius

1928 2981 2152 3038 peregre
2201 2966 2472 3038 profectus
2500 2975 2584 3023 est
2631 2966 2684 3022 in
2734 2965 3005 3037 regionem
3038 2963 3404 3034 longinquam,
3445 2970 3500 3014 et

1930 3057 2003 3113 ibi
2030 3057 2311 3130 dissipavit
2358 3056 2715 3114 substantiam
2742 3069 2893 3111 suam
2923 3053 3154 3110 vivendo
3182 3051 3454 3107 luxuriose
3481 3065 3499 3103 :

240 3152 404 3253 ara-1&-
433 3153 533 3225 τὴν
566 3153 753 3227 χώραν
798 3155 1037 3230 εκείνην,
1077 3156 1179 3213 καὶ
1215 3157 1376 3223 αὐτὸς
1427 3155 1631 3232 ἦρξατο
1669 3158 1826 3214 ὑστε-

1930 3159 1985 3205 et
2007 3157 2287 3221 postquam
2314 3151 2494 3206 omnia
2533 3148 2985 3219 consumpsisset,
3032 3144 3170 3203 facta
3212 3152 3297 3200 est
3331 3142 3502 3199 iantes

243 3245 499 3314 ρετσθαι,
538 3246 634 3305 καὶ
683 3249 972 3322 πορευθεὶς
1010 3251 1277 3325 ικολλήθη
1316 3252 1399 3308 lvl
1441 3252 1551 3308 τῶν
1593 3252 1826 3308 πολιτῶν

220 3336 353 3410 ,τῆς
403 3338 586 3412 χώρας
624 3340 846 3414 ἐκείνης
868 3357 886 3375 ⁶
924 3343 1021 3399 καὶ⁸
1067 3342 1314 3417 επεμψεν
1362 3345 1528 3400 αὐτὸν
1575 3346 1656 3411 εἰς
1701 3347 1829 3412 τοὺς

243 3428 463 3500 ἀγροὺς
499 3430 666 3486 αὐτοῦ
708 3431 923 3504 βόσκειν
962 3431 1209 3506 χοίρους,
1250 3437 1347 3491 καὶ
1373 3436 1638 3508 ἐπεθύμει
1672 3435 1831 3508 γεμίι

248 3539 352 3578 σαι
394 3523 496 3595 τὴν
525 3523 732 3579 κοιλίαν
769 3524 935 3581 αὐτοῦ
986 3529 1051 3581 ἑκ
1078 3526 1190 3582 τῶν
1227 3528 1497 3599 κερατίων
1537 3522 1613 3584 ὧν
1641 3527 1829 3601 ἤσθιον

244 3615 309 3672 οἱ
319 3617 520 3687 χοῖροι,
545 3616 644 3672 καὶ
659 3617 832 3683 οὐδεὶς
856 3617 1028 3673 ἐδίδου
1055 3618 1227 3692 αὐτῷ.
1255 3640 1276 3675 ι
1307 3621 1420 3676 Καὶ
1439 3618 1579 3693 αὕτη
1601 3623 1832 3693 ἡπαρα-

247 3708 391 3779 ϐολὴ
409 3708 569 3780 ὁμοία
593 3713 717 3776 ταῖς
746 3710 1148 3784 προλαϐούσαις
1168 3713 1319 3769 ἐστίν
1333 3731 1347 3746 ο
1370 3713 1581 3784 εἰσάγει
1603 3714 1713 3787 γὰρ
1734 3714 1832 3770 καὶ

247 3800 399 3874 αὕτη
414 3802 700 3876 ἄνθρωπον
731 3804 853 3877 μὲν,
883 3805 978 3860 τὸν
1012 3806 1176 3875 Θεδν,
1208 3806 1302 3861 τὸν
1329 3805 1499 3872 δντως
1525 3806 1833 3879 φιλάνθρω-

250 3914 383 3951 πον·
412 3898 562 3964 υεεῦς
591 3897 710 3965 δύο,
739 3898 807 3954 τὰ
840 3898 935 3954 δύο
966 3899 1223 3971 τάγματα
1248 3899 1359 3955 τῶν
1396 3900 1730 3974 ἀνθρώπων,
1750 3901 1832 3956 δι-

249 3989 452 4054 καίους
492 3990 636 4063 φημὶ
671 3990 767 4046 καὶ
797 3991 1176 4064 ἁμαρτωλούς.
1213 3988 1351 4048 Eine
1373 3992 1432 4047 δὲ
1466 3993 1496 4049 δ
1526 3993 1830 4063 νεώτεροςο

251 4083 363 4146 Δός
391 4099 484 4154 μοι
510 4083 574 4138 τὸ
618 4084 911 4141 επισάλλον
949 4083 1115 4157 μέρος
1146 4085 1246 4156 τῆς
1277 4084 1490 4149 οὐσίας.
1529 4084 1595 4139 Ἦ
1619 4085 1828 4141 δικαιο-

254 4171 417 4243 σύνηο
436 4171 536 4244 μιν
568 4173 796 4246 ἀρχαῖον
840 4176 1027 4247 κτῆμα
1057 4175 1168 4247 τῆς
1201 4175 1549 4248 ἀνθρωπίνης
1596 4174 1832 4246 φύσεως,

250 4264 341 4318 διδ
389 4265 485 4319 καὶ
529 4265 559 4319 δ
613 4265 983 4339 πρεσϐύτερος
1024 4267 1139 4332 υίὸς
1189 4266 1289 4322 οὐκ
1321 4267 1662 4341 ἀποσκιρτᾷ·
1697 4268 1732 4338 ἠ
1775 4266 1834 4321 δὲ

253 4357 511 4429 ἁμαρτία
539 4358 891 4430 ύστερογενὲς
913 4359 1104 4426 κακὸν,
1136 4359 1217 4416 διὸ
1244 4362 1339 4417 καὶ
1357 4363 1386 4415 ό
1414 4361 1677 4434 νεώτερος
1700 4361 1836 4415 ἁπο-

255 4448 484 4519 σκιρτᾷ,
515 4448 544 4502 δ
570 4450 641 4520 τῇ
698 4449 947 4522 ἁμαρτίᾳ.
988 4449 1190 4522 δηλαδὴ
1229 4452 1296 4523 τῇ
1362 4451 1589 4524 ὕστερον
1646 4454 1835 4507 ἐπεισ-

1931 3242 2103 3298 valida
2134 3244 2185 3299 in
2218 3243 2435 3315 regione
2472 3242 2583 3308 illa,
2607 3251 2663 3297 et
2696 3242 2809 3310 ipse
2836 3240 3003 3310 cmpit
3039 3252 3219 3309 cgere.
3249 3236 3314 3291 Et
3368 3251 3495 3305 pro-

1931 3334 2100 3393 fectus
2126 3346 2231 3404 est,
2262 3345 2317 3392 et
2366 3335 2593 3391 adhmsit
2621 3333 2711 3390 uni
2763 3333 2957 3389 civium
3014 3331 3249 3404 regionis
3303 3328 3447 3385 illius
3486 3344 3504 3387 :

1929 3438 2091 3498 atque
2117 3428 2163 3484 is
2217 3427 2371 3483 misit
2418 3428 2567 3483 illum
2618 3426 2673 3482 in
2728 3425 2911 3483 villam
2949 3440 3101 3481 suam
3157 3432 3216 3480 ut
3262 3434 3507 3495 pasceret

1931 3536 2162 3593 porcos:
2189 3529 2243 3577 et
2280 3520 2530 3592 cupiebat
2555 3518 2783 3591 implere
2825 3526 3068 3573 ventrem
3106 3531 3263 3572 suum
3305 3516 3371 3570 de
3392 3514 3506 3570 sili-

1929 3616 2054 3685 quis
2100 3613 2296 3684 quibus
2336 3612 2486 3683 porci
2534 3609 2916 3675 vescebantur,
2970 3623 3068 3664 nec
3101 3608 3385 3680 quisquam
3429 3604 3507 3661 illi

1931 3706 2112 3761 dabat.
2152 3724 2183 3761 ι.
2209 3704 2273 3760 Et
2309 3701 2700 3774 hmcparabola
2753 3700 3015 3773 superiori
3052 3698 3246 3756 similis
3282 3707 3387 3754 est.
3416 3694 3508 3751 In-

1931 3796 2077 3853 ducit
2094 3796 2237 3851 enim
2275 3804 2330 3850 et
2358 3795 2472 3853 han:
2509 3794 2781 3851 hominem
2813 3793 3050 3862 quidem,
3107 3789 3274 3845 Deum
3314 3787 3507 3844 videli-

1932 3900 2043 3960 cet,
2084 3905 2209 3947 vere
2248 3888 2654 3945 misericordem
2689 3902 2707 3942 :
2747 3887 2885 3941 ﬁlios
2906 3895 3085 3940 autem
3114 3883 3271 3949 duos,
3312 3896 3507 3949 nempe

1931 3983 2149 4043 ordines
2197 3982 2474 4041 hominum
2519 3980 2789 4053 justorum
2840 3978 2966 4035 dico
3027 3985 3082 4032 et
3126 3983 3498 4048 peccatorum.

1934 4076 2080 4135 Dixit
2115 4084 2299 4131 autem
2331 4073 2558 4146 iunior:
2597 4072 2673 4128 Da
2738 4072 2871 4128 mihi
2922 4080 3129 4141 partem
3187 4070 3509 4126 substantia:

1933 4182 2054 4239 qua
2078 4168 2144 4223 ad
2174 4182 2261 4223 me
2287 4166 2539 4239 pertinet.
2568 4166 2708 4223 Olim
2744 4166 2996 4221 humana:
3058 4173 3266 4228 natura:
3294 4177 3511 4233 posses-

1934 4262 2016 4318 sio
2031 4269 2158 4317 erat
2182 4260 2430 4333 iustitia;
2465 4260 2587 4315 ideo
2615 4269 2671 4317 et
2695 4258 2837 4314 illius
2876 4258 3055 4313 senior
3074 4273 3179 4313 non
3210 4254 3508 4311 insolescit.

1938 4355 2219 4412 Peccatum
2261 4364 2446 4425 postea
2486 4361 2670 4409 natum
2708 4362 2814 4421 est,
2842 4350 3004 4425 405
3047 4350 3189 4406 unde
3218 4358 3272 4406 et
3325 4348 3512 4421 iunior

1938 4449 2236 4517 insolescit.
2275 4449 2372 4521 qui
2401 4464 2521 4505 cum
2559 4457 2805 4521 peccato,
2842 4446 2983 4518 quod
3013 4456 3200 4517 postea
3232 4444 3509 4501 introduc-

254 4537 497 4611 αχθείσῃ
539 4539 915 4611 συναυξηθείς.
949 4542 1057 4595 Kal
1101 4541 1276 4606 άλλως
1306 4541 1364 4596 δὲ
1409 4541 1674 4615 νεώτερος
1716 4543 1826 4609 uio;

1937 4550 2049 4597 tum
2084 4552 2189 4609 est,
2215 4541 2406 4598 crevit.
2441 4538 2538 4597 Vel
2583 4540 2777 4596 aliter:
2800 4538 2986 4609 junior
3012 4537 3210 4592 dicitur
3232 4545 3510 4606 peccator,

254 4627 491 4697 λέγεται,
513 4628 905 4701 δάμαρτωλδς,
926 4629 1016 4695 ’ὡς
1033 4632 1416 4703 νεωτεριστὴς,
1445 4632 1540 4692 καὶ
1588 4633 1831 4687 ἀποστά-

255 4738 387 4792 της,
421 4722 517 4778 καὶ
547 4721 787 4793 ἀντάρας
815 4721 894 4796 τῷ
926 4723 1179 4795 πατρικῷ
1251 4724 1539 4796 θελήματι.
1576 4743 1595 4777 t
1629 4726 1834 4798 Πάτερ,

257 4813 356 4878 δός
386 4829 481 4885 μοι
502 4814 562 4868 τδ
589 4812 879 4870 ἐπιϐάλλον
907 4814 1203 4887 μέροςτῆς
1228 4813 1439 4878 οὐσίας.
1476 4833 1507 4869 ε.
1536 4814 1706 4869 Ούσία
1740 4814 1836 4870 τοῦ

258 4904 557 4977 ἀνθρώπου
600 4909 664 4961 τδ
706 4906 925 4976 λογικόν
972 4908 1143 4973 ἐστιν,
1190 4901 1235 4978 ᾧ
1283 4908 1590 4980 παρέπεται
1626 4911 1720 4964 καὶ
1777 4910 1840 4965 τὸ

262 4996 645 5068 αὐτεξούσιον,
700 5002 809 5056 πᾶν
838 4999 947 5072 γὰρ
974 5000 1192 5069 λογικὸν
1212 5000 1579 5067 αὐτεξούσιον.
1613 5002 1840 5056 Δίδωσιν

264 5088 364 5143 οὖν
396 5090 530 5162 ἡμῖν
558 5091 588 5146 6
621 5090 823 5164 Κύριος
860 5092 951 5147 τδν
988 5092 1166 5165 λόγον,
1198 5091 1285 5148 ἵνα
1308 5091 1645 5165 χρησώμεθα
1709 5094 1841 5149 αύτ-

267 5180 534 5247 εξουσίως
576 5182 749 5255 τούτῳ
781 5184 855 5249 ὡς
880 5184 1038 5256 οὐσίᾳ
1089 5183 1204 5239 δντι
1237 5185 1506 5260 ἡμετέρα.
1561 5185 1756 5240 Δίδωσι
1785 5186 1843 5242 δὲ

246 5274 685 5346 ,πᾶσινὲπίσης
726 5275 927 5340 πάντες
958 5276 1082 5348 γὰρ.
1128 5275 1326 5347 ἐπίσης
1370 5275 1603 5344 λογικοὶ,
1647 5277 1842 5349 ἐπίσης

269 5367 647 5433 αὐτεξούσιον
681 5368 798 5422 ἀλλ’
838 5370 890 5423 οι
944 5370 1044 5441 μὲν
1088 5370 1234 5425 κατὰ
1269 5370 1427 5441 λόγον
1460 5371 1722 5444 χρώμεθα
1774 5375 1841 5445 τῇ

272 5457 559 5530 φιλοτιμίᾳ
590 5460 783 5534 ταύτῃ,
824 5464 873 5517 οἱ
894 5463 952 5516 δὲ
979 5463 1073 5517 καὶ
1094 5464 1428 5536 ἁχρειοῦμεν
1459 5467 1520 5519 τὸ
1564 5465 1707 5520 θεῖον
1742 5465 1844 5519 δῶ-

275 5569 389 5624 ρον.
424 5553 533 5606 Καὶ
565 5554 743 5608 πάντα
775 5554 832 5609 δὲ
864 5554 1073 5619 ἁπλῶς,
1109 5556 1209 5609 ὅσα
1245 5556 1477 5610 δέδωκεν
1522 5540 1652 5627 ἠμέν
1679 5557 1708 5608 6
1741 5556 1847 5610 Κύ-

274 5659 418 5712 ριος,
444 5642 604 5697 ούσία
628 5644 782 5713 ἡμῶν
798 5643 1117 5707 λογισθεῖεν,
1146 5639 1256 5697 οἷον
1277 5645 1422 5713 λέγω
1447 5647 1698 5716 οὐρανὸν,
1718 5645 1844 5714 γῆν.

276 5732 462 5798 ἁπλῶς
495 5732 595 5805 τήν
625 5734 803 5789 κτίσιν
832 5736 1034 5799 πᾶσαν,
1071 5736 1254 5806 νόμον,
1308 5739 1611 5808 προφήτας.
1652 5736 1791 5789 Ἀλλ’
1819 5739 1848 5789 ὁ

280 5823 382 5895 μὲν
416 5823 681 5899 νεώτερος
738 5827 849 5893 υἱὸς
881 5822 1018 5882 εἶδεν
1047 5828 1294 5903 οὐρανὸν,
1336 5830 1432 5885 καὶ
1471 5828 1843 5900 ἐθεοποίησεν,

1941 4632 2065 4701 quia
2095 4642 2323 4687 novator
2376 4644 2554 4687 rerum
2585 4630 2822 4686 insolens
2871 4637 2928 4682 et
2978 4634 3222 4698 apostata
3271 4641 3336 4680 ac
3377 4625 3510 4679 dell-

1942 4723 2140 4779 ciensa
2171 4733 2394 4792 paterna
2439 4721 2731 4775 voluntate.
2771 4738 2790 4771 ι
2844 4718 3021 4782 Pater,
3050 4718 3115 4772 da
3143 4714 3273 4769 mihi
3306 4721 3512 4784 partem

1943 4812 2260 4889 substantia}
2283 4826 2406 4882 qua:
2429 4810 2495 4866 ad
2520 4824 2605 4864 me
2641 4809 2893 4879 pertinet.
2915 4826 2935 4861 ι
2969 4804 3247 4862 Rationale
3277 4803 3342 4857 ad
3374 4802 3515 4871 quod

1944 4902 2290 4974 subsequitur
2318 4901 2549 4958 liberum
2571 4896 2878 4963 arbitrium,
2906 4896 3204 4954 substantia
3226 4903 3310 4953 est
3347 4892 3520 4948 homi-

1946 4999 2054 5056 nis.
2080 4995 2253 5053 Omne
2295 5005 2474 5052 autem
2513 4994 2772 5050 rationale
2788 5032 2815 5058 ,,
2835 4991 2989 5050 liberi
3027 4988 3239 5045 atbitrii
3276 4994 3379 5041 est.
3422 4987 3522 5040 Dat

1948 5089 2112 5160 igitur
2156 5086 2310 5145 nobis
2359 5087 2616 5141 Dominus
2668 5081 2950 5142 rationem,
3001 5088 3060 5132 ul.
3104 5090 3167 5133 ea
3206 5075 3376 5131 libere
3405 5082 3524 5129 uta.

1950 5198 2071 5237 mur
2094 5187 2349 5252 tanquam
2374 5186 2553 5232 nostra
2577 5172 2901 5229 substantia.
2931 5171 3034 5227 Dat
3064 5181 3243 5224 autem
3271 5168 3523 5224 omnibus

1948 5292 2012 5332 ex
2030 5290 2200 5346 aequo.
2215 5273 2414 5331 Omnes
2426 5269 2569 5326 enim
2587 5282 2649 5321 ex
2665 5279 2821 5335 atquo
2833 5261 3127 5317 rationales
3143 5269 3289 5325 sunt,
3306 5271 3354 5315 et
3368 5274 3524 5329 reque

1951 5367 2176 5422 liberum
2221 5365 2420 5418 habent
2466 5356 2771 5413 arbitrium.
2814 5353 2885 5412 At
2923 5352 3010 5409 alii
3053 5350 3267 5421 quidem
3322 5350 3525 5405 utimur

1955 5460 2053 5512 hac
2077 5458 2323 5511 libertate
2353 5451 2648 5507 secundum
2678 5444 2963 5505 rationem.
2992 5443 3082 5496 alii
3114 5448 3293 5496 autem
3321 5437 3522 5508 dilapi-

1955 5551 2145 5606 damus
2179 5549 2375 5601 donum
2415 5540 2676 5596 divinum.
2714 5535 2778 5593 Et
2824 5534 3142 5603 simpliciter
3186 5531 3363 5588 omnia
3402 5545 3525 5597 quae

1954 5643 2104 5697 dedit
2135 5637 2289 5691 nobis
2312 5633 2587 5695 Dominus,
2614 5629 2909 5685 substantia
2942 5636 3126 5681 nostra
3152 5622 3359 5678 censeri
3395 5635 3525 5688 pos-

1955 5742 2079 5788 sunt
2119 5748 2135 5786 :
2161 5736 2217 5781 nt
2239 5725 2469 5792 exempli
2506 5723 2696 5792 gratia,
2726 5720 2917 5775 caelum
2943 5725 2997 5773 et
3023 5726 3185 5778 terra,
3209 5722 3263 5768 et
3295 5710 3347 5764 in
3375 5723 3531 5763 smn-

1958 5841 2043 5881 ma
2074 5832 2334 5881 creatura:
2359 5830 2573 5880 omnes,
2596 5813 2701 5879 lex,
2727 5810 3012 5881 prophetae.
3039 5802 3196 5878 Atqui
3226 5802 3365 5855 ﬁlius
3392 5810 3532 5857 natu
