3826 6592
381 455 488 519 955

1229 451 1812 514 THEOPHYLACTI
1862 450 2271 514 BULGARL’E
2311 451 2667 512 ARClllEP.

3515 455 3604 520 955

384 571 451 625 Et
507 569 700 623 iterum
743 583 756 620 :
794 583 812 617 ι
847 564 1043 620 Levavi
1074 579 1264 619 manus
1294 577 1438 618 ineas
1465 563 1531 618 ad
1568 560 1819 616 mandata
1847 568 1957 621 tua,
1989 585 2000 619 Α

2086 561 2370 628 ιαρτυρείο
2423 576 2442 610 t
2490 559 2576 620 Ὧς
2609 556 2877 627 ἠγάπησα
2913 555 3006 612 τὸν
3054 557 3221 629 νόμον
3249 575 3364 623 σου,
3427 561 3603 633 Κύριεῑ

382 677 502 734 qum
527 661 710 724 dilexi,
746 677 765 711 ι
793 673 922 724 ηοιι,
955 672 1074 726 qua:
1104 656 1276 711 timui.
1310 657 1377 711 Et
1411 655 1606 710 itei-um
1645 669 1660 707 :
1691 669 1710 704 ι
1746 650 1965 705 Mirabi-

387 754 456 807 lia
506 749 808 806 testimonia
865 758 976 816 tua,
1016 759 1070 804 et
1096 748 1220 818 quia
1273 757 1400 804 sunt
1429 743 1689 800 mirabilia
1715 743 1814 815 (a),
1844 744 1966 799 ideo

385 852 621 899 scrutata
675 857 737 898 ea
793 849 877 897 est
935 839 1114 895 anima
1172 855 1313 895 mea.
1374 859 1394 892 ›
1453 838 1586 894 Cum
1651 836 1814 906 igitur
1845 835 1968 905 quis

387 935 548 990 fuerit
598 934 652 990 in
697 923 886 989 ordine
917 933 1078 999 (ilius,
1110 941 1166 988 et
1215 932 1408 986 deinde
1440 939 1659 1000 pr0pter
1686 940 1967 1000 peccatum

387 1026 690 1090 abdicatur,
732 1025 983 1096 videtque
1009 1026 1141 1080 alios
1166 1023 1271 1078 frui
1304 1022 1497 1078 divinis
1527 1022 1700 1086 donis,
1734 1029 1788 1077 ct
1827 1035 1972 1076 com-

386 1117 722 1173 municantes
780 1117 977 1173 divinis
1021 1117 1374 1191 lttYSlCl’iiSﬁl
1433 1115 1616 1170 divino
1651 1130 1789 1184 pane
1816 1133 1831 1170 :
1863 1129 1969 1170 non

387 1205 532 1260 enim
584 1207 652 1261 de
712 1205 847 1262 solis
898 1205 1302 1262 catechumeuis
1331 1205 1552 1275 intelligi
1584 1213 1796 1276 oportet
1825 1204 1968 1276 quod

388 1298 457 1354 de
503 1298 844 1354 mercenaria
893 1299 1111 1366 dicitur,
1165 1298 1258 1354 sed
1315 1308 1372 1352 et
1423 1297 1490 1352 de
1530 1298 1596 1353 iis
1624 1298 1712 1367 qui
1764 1299 1971 1354 suntin

390 1389 629 1448 Ecclesia
654 1390 972 1462 simpliciter
1029 1406 1133 1446 non
1166 1392 1218 1446 in
1250 1391 1424 1460 primo
1453 1391 1645 1446 ordine
1669 1392 1744 1462 (ὁ)
1780 1409 1795 1459 ;
1839 1400 1973 1447 tunc

391 1481 485 1538 illa
563 1482 678 1539 haec
751 1483 1244 1539 commiserationis
1299 1484 1459 1538 verba
1511 1484 1611 1539 sibi
1645 1484 1742 1553 ipsi
1793 1484 1975 1540 dicere

389 1572 550 1628 debet
579 1588 594 1627 :
622 1571 757 1640 Quot
791 1575 1109 1629 mercenarii
1145 1573 1320 1629 Patris
1350 1574 1451 1627 mei
1502 1573 1776 1628 abundant
1799 1574 1971 1642 pane!

390 1680 491 1736 ego
542 1653 720 1721 autem
770 1661 908 1720 fame
960 1680 1140 1734 pereo.
1169 1666 1275 1721 Sed
1303 1680 1529 1735 surgens
1555 1666 1621 1719 de
1658 1666 1808 1719 ruina
1844 1681 1971 1732 pec-

395 1755 523 1820 cati,
593 1755 683 1811 ibo
716 1757 782 1810 ad
825 1755 1040 1811 Patrem
1097 1771 1292 1819 meum,
1347 1766 1398 1810 et
1443 1757 1618 1810 dicam
1669 1758 1716 1811 ei
1747 1773 1760 1809 :
1794 1755 1976 1825 Pater,

2067 648 2197 718 ὅλην
2226 647 2325 720 τὴν
2355 649 2567 720 ἡμέραν
2625 649 2824 720 μελέτη
2875 665 2977 720 μου
3029 649 3145 702 ἐστί
3175 667 3188 682 ·
3239 667 3258 701 ι
3314 651 3407 704 καὶ
3453 655 3605 708 πάλιν·

2086 760 2105 793 ι
2133 737 2286 811 Ἦρα
2319 742 2418 804 τὰς
2455 742 2641 812 χεῖράς
2685 759 2788 812 μου
2841 741 2978 812 πρὸς
3011 741 3110 805 τάς
3164 743 3388 804 ἐντολάς
3419 761 3526 811 σου,
3557 747 3611 811 ἃς

2067 833 2350 905 ἠγάπησα,
2380 852 2398 885 ι
2432 837 2531 903 οὺχ
2562 833 2627 896 ἃς
2651 833 2948 904 ἐφοϐήθην
2969 833 3064 887 καὶ
3089 834 3271 887 πάλιν·
3302 852 3320 884 ι
3345 834 3614 905 Θαυμαστὰ

2067 927 2137 979 τὰ
2188 927 2464 998 μαρτυρία
2497 945 2612 994 σου,
2647 929 2740 982 καὶ
2780 928 2869 982 διὰ
2893 929 2955 982 τὸ
3008 926 3149 985 εἶναι
3199 930 3504 1000 θαυμαστὰ,
3544 935 3614 987 διὰ

2068 1017 2226 1070 τοῦτο
2262 1018 2622 1089 ἐξηρεύνησεν
2651 1019 2787 1075 αὐτὰ
2816 1021 2849 1091 ἡ
2877 1023 3022 1093 ψυχή
3058 1039 3184 1092 μου.
3221 1024 3426 1078 »Ὅταν
3451 1024 3534 1077 οὖν
3571 1030 3616 1079 ὲν

2068 1111 2136 1179 τῇ
2165 1108 2320 1176 τάξει
2347 1108 2443 1162 τοῦ
2482 1110 2598 1163 υίοῦ
2639 1109 2714 1163 ὧν
2763 1128 2872 1177 τις,
2917 1107 3036 1165 εἷτα
3093 1112 3185 1166 διὰ
3225 1113 3327 1184 τὴν
3377 1114 3618 1185 ἁμαρτίαν

2080 1200 2520 1272 ἀποκηρυχθείη,
2569 1203 2663 1256 καὶ
2699 1203 2846 1275 ὁρῴη
2898 1203 3093 1268 ἄλλους
3127 1206 3499 1270 ἀπολαύοντας
3531 1210 3620 1262 τῶν

2074 1289 2236 1344 θείων
2281 1291 2662 1363 χαρισμάτων,
2718 1295 2815 1347 καὶ
2871 1295 3273 1360 κοινωνοῦντας
3319 1297 3424 1350 τῶν
3481 1298 3621 1353 θείων

2077 1383 2418 1452 μυστηρίων,
2473 1385 2566 1438 καὶ
2623 1384 2716 1438 τοῦ
2751 1386 2917 1456 ἄρτου
2973 1387 3070 1440 τοῦ
3124 1387 3310 1441 θείουο
3365 1388 3482 1443 οὐδὲ
3533 1394 3623 1464 γὰρ

2075 1474 2204 1544 περὶ
2228 1474 2337 1529 τῶν
2367 1477 2796 1548 κατηχουμένων
2831 1480 2997 1549 μόνον
3028 1479 3134 1551 χρὴ
3155 1482 3298 1534 νοεῖν
3321 1481 3396 1544 ὡς
3419 1483 3626 1552 μισθίων

2075 1567 2410 1638 λεγομένων,
2451 1569 2590 1623 ἀλλὰ
2632 1570 2729 1624 καὶ
2761 1571 2869 1626 τῶν
2905 1574 2962 1626 ὲν
2993 1575 3061 1645 τῇ
3121 1573 3420 1646 Ἐκκλησία
3462 1576 3626 1640 ἁπλῶς

2080 1661 2155 1731 μὴ
2192 1660 2291 1730 τῆς
2343 1660 2570 1733 πρώτης
2610 1663 2817 1730 τάξεως
2861 1665 3061 1719 δντωνο
3095 1665 3218 1719 τότε
3251 1666 3315 1737 δὴ
3363 1667 3530 1720 ταῦτα
3575 1672 3630 1722 τὰ

2085 1752 2280 1822 οἰκτρὰ
2314 1752 2520 1821 ὀφείλει
2551 1753 2824 1822 ἐπιλέγειν
2855 1755 3063 1827 ἐαυτῷο
3122 1758 3284 1810 Πόσοι
3322 1759 3522 1828 μίσθιοι
3553 1760 3630 1812 τοῦ

396 1846 610 1914 peccavi
636 1846 689 1901 in
720 1844 912 1900 ccclum
945 1854 998 1900 et
1021 1861 1207 1900 coram
1246 1857 1318 1900 Ie.
1372 1835 1800 1915 Dercliuquendo
1829 1849 1971 1901 enim

2086 1845 2292 1914 Πατρός
2322 1862 2423 1914 μου
2484 1847 2902 1913 περισσεύουσιν
2945 1847 3172 1916 άρτωνο
3238 1849 3347 1916 ὲγὼ
3403 1850 3458 1903 δὲ
3511 1852 3649 1922 λιμῷ·

395 1935 654 2001 coelestia,
684 1937 903 2003 peccavi
964 1936 1126 2002 inea,
1187 1936 1475 2006 pt-a‘l‘erens
1500 1935 1630 2004 ipsis
1654 1937 1978 2005 voluptatem

394 2028 872 2098 contemptibilem,
907 2037 963 2083 et
1000 2028 1311 2098 prmeligens
1360 2028 1568 2082 cmlesti
1614 2028 1802 2096 patria:
1853 2044 1984 2082 mea:

396 2120 668 2192 regionem
723 2119 901 2176 famis.
955 2119 1413 2188 Quemadmodum
1445 2120 1611 2187 enim,
1664 2131 1722 2175 ut
1752 2121 1980 2191 exempli

396 2216 569 2283 gratia
630 2214 904 2281 dicamus,
951 2214 1003 2268 in
1047 2230 1234 2268 aurum
1267 2229 1492 2284 peccare
1530 2215 1744 2278 dicitur,
1781 2214 1869 2283 qui
1903 2199 1982 2267 illi

399 2303 677 2372 plumbum
728 2303 950 2374 praefert
983 2319 998 2356 :
1030 2303 1105 2358 ita
1162 2303 1218 2357 in
1283 2304 1477 2357 caelum
1534 2313 1742 2372 peccat,
1783 2304 1872 2373 qui
1907 2303 1980 2358 illi

398 2402 619 2450 terrena
668 2395 956 2466 praeponit.
994 2395 1162 2450 Abest
1196 2405 1372 2449 autem
1416 2397 1638 2450 omnino
1693 2412 1721 2450 a
1754 2398 1832 2450 via
1865 2411 1984 2465 qum

399 2485 502 2538 fert
553 2486 605 2538 in
656 2485 874 2540 etelum.
907 2484 1062 2540 Scias
1131 2487 1258 2540 item
1299 2487 1440 2555 quod
1467 2488 1681 2556 quando
1719 2488 1981 2556 peccavit,

398 2575 550 2644 quasi
595 2591 699 2629 nott
743 2590 924 2631 coram
975 2577 1081 2632 Deo
1130 2592 1361 2648 operans
1427 2578 1710 2647 peccavit;
1767 2581 1984 2648 quando

399 2678 578 2721 autem
641 2668 952 2736 confitetur,
1015 2683 1197 2724 coram
1253 2667 1363 2724 Deo
1396 2685 1454 2724 se
1500 2685 1755 2739 pet-casse
1796 2671 1979 2726 sentit.

401 2760 570 2814 l’orro
620 2760 787 2832 ωε
831 2776 1058 2831 surgens
1112 2763 1257 2816 vadit
1290 2764 1355 2816 ad
1397 2762 1609 2817 Patrem
1655 2779 1832 2818 suum.
1865 2762 1983 2818 Non

399 2854 573 2909 solum
630 2857 774 2910 enim
823 2857 1238 2912 consultandum
1285 2867 1369 2912 est
1399 2859 1465 2912 de
1498 2859 1581 2912 bis
1616 2873 1734 2928 quae
1772 2857 1984 2928 placent

405 2946 536 3012 Deo,
595 2944 686 2999 sed
743 2955 800 3000 et
845 2956 1114 3016 opusqcst
1149 2946 1310 3001 facto.
1339 2945 1493 3000 Nunc
1533 2948 1982 3018 quemadmodum

403 3035 580 3090 vidisti
619 3035 882 3091 fervidam
919 3037 1317 3105 paenitentiam,
1351 3037 1424 3092 ita
1465 3048 1521 3092 et
1548 3038 1777 3094 celerem
1802 3037 1984 3094 Patris

403 3125 826 3181 misericordiam
861 3126 1002 3182 vide.
1042 3125 1221 3195 Neque
1274 3128 1419 3182 enim
1453 3127 1786 3198 exspectavit
1815 3129 1985 3184 donec

404 3217 546 3271 titius
587 3217 808 3271 veniret'
839 3219 905 3288 ad
955 3233 1034 3282 se,
1081 3217 1172 3272 sed
1231 3218 1489 3287 praevenit
1519 3227 1572 3274 et
1599 3218 1934 3288 amplexatur
1960 3235 1975 3286 ;
2006 3243 2052 3306 ο

410 3318 565 3378 pater
621 3310 768 3364 enim
808 3316 890 3364 est
941 3309 1293 3381 benignitate,
1331 3310 1495 3366 etiam
1531 3311 1576 3367 si
1608 3319 1801 3366 natura
1841 3310 1985 3368 Deus

401 3408 504 3463 est,
565 3409 620 3455 et
674 3408 818 3455 totus
875 3407 1047 3454 totum
1123 3399 1464 3470 amplectitur
1493 3439 1510 3463 .
1580 3409 1639 3454 ut
1707 3401 1985 3470 undequa-

403 3505 512 3560 que
533 3491 708 3562 ipsum
731 3493 797 3546 ad
836 3506 894 3548 se
918 3491 1271 3562 constringat,
1293 3491 1434 3546 sicut
1465 3491 1670 3548 dictum
1700 3502 1784 3550 est
1812 3510 1826 3547 :
1861 3511 1881 3546 ι
1922 3492 1991 3548 Ει

403 3581 576 3652 gloria
612 3580 704 3638 Dei
730 3581 1090 3638 circumdabit
1140 3591 1209 3638 te.
1251 3601 1270 3637 ι
1321 3582 1462 3640 Olim
1509 3584 1724 3654 quidem
1774 3586 1991 3655 quando

405 3673 692 3744 elongabat
733 3687 794 3729 se
848 3671 1010 3742 (ilius,
1057 3685 1268 3746 tempus
1299 3685 1417 3733 erat
1441 3685 1496 3732 et
1519 3675 1668 3733 Patri
1701 3686 1757 3732 ut
1779 3679 1846 3734 ab
1877 3693 1992 3733 am-

416 3762 577 3832 plexu
613 3777 673 3820 se
711 3766 994 3835 elongaret
1023 3781 1040 3820 :
1072 3781 1217 3822 nunc
1254 3781 1384 3822 vero
1403 3783 1524 3822 cum
1560 3769 1697 3824 redit
1726 3777 1780 3826 et
1801 3783 1996 3839 appro-

411 3855 638 3928 pinquat
661 3870 758 3926 per
790 3858 1200 3914 conversionem
1227 3869 1281 3915 et
1309 3859 1632 3925 orationem,
1669 3869 1879 3930 tempus
1911 3870 1996 3915 est

410 3949 775 4020 amplexandi.
811 3949 940 4005 Ruit
994 3952 1158 4023 igitur
1198 3953 1254 4009 in
1288 3953 1484 4010 collum
1533 3951 1675 4024 ejus,
1705 3954 1996 4008 ostendens

411 4060 535 4100 eum
589 4045 679 4118 qui
728 4048 857 4105 olim
909 4040 1229 4114 desciverat,
1278 4062 1420 4103 nunc
1462 4047 1802 4102 obedientem
1873 4060 1997 4102 esse

416 4136 641 4193 factum.
701 4137 770 4194 Et
817 4139 1094 4194 osculatur
1139 4151 1284 4202 eum,
1329 4135 1820 4193 reconciliationem
1860 4135 1998 4190 indi-

413 4242 565 4290 cans.
596 4237 651 4282 et
700 4229 854 4298 quasi
875 4227 1202 4285 vestibulum
1257 4227 1524 4298 quoddam
1555 4241 1620 4281 os
1648 4225 1836 4298 polluti
1868 4239 1998 4282 sau-

413 4320 678 4388 ct-iticaus,
733 4336 796 4377 ac
833 4336 931 4393 per
990 4321 1094 4376 hoc
1152 4322 1218 4376 ad
1251 4322 1463 4377 interna
1512 4320 1995 4375 sanctiﬁcationetn

417 4411 738 4466 immittens.

2083 1935 2418 2005 ἀπόλλυμαι.
2471 1935 2611 1989 Ἀλλ’
2649 1937 2914 2002 ἀναστὰς,
2950 1938 3251 2003 τουτέστιν,
3284 1940 3348 1993 ὲκ
3381 1940 3472 1994 τοῦ
3506 1942 3633 1994 πτώ-

2087 2044 2255 2096 ματος
2287 2028 2386 2097 τῆς
2412 2029 2706 2100 ἁμαρτίας,
2761 2030 3102 2101 πορεύσομαι
3133 2032 3267 2103 πρὸς
3306 2033 3400 2087 τὸν
3436 2035 3633 2105 Πατέρα

2088 2135 2214 2190 μου,
2247 2120 2340 2172 καὶ
2375 2120 2487 2190 ἐρῶ
2520 2121 2669 2192 αὐτῷ
2695 2138 2710 2152 ·
2743 2122 2948 2192 Πάτερ,
2982 2122 3230 2193 ἥμαρτον
3268 2125 3348 2187 είς
3381 2123 3469 2176 τὸν
3496 2125 3635 2192 οὖρα-

2067 2208 2193 2276 ·νὺν,
2226 2211 2319 2264 καὶ
2371 2210 2606 2265 ἐνώπιόν
2650 2228 2745 2265 σου
2779 2229 2792 2242 ο
2820 2211 3145 2268 καταλιπὼν
3179 2213 3288 2286 γὰρ
3313 2213 3382 2266 τά
3409 2215 3635 2284 οὐράνια,

2085 2303 2334 2372 ἥμαρτον
2366 2303 2445 2366 είς
2469 2301 2664 2368 ταῦτα,
2685 2307 3035 2375 προτιμήσας
3057 2305 3235 2359 αὐτῶν
3257 2306 3353 2376 τὴν
3381 2306 3623 2360 κατάπτιι

2087 2411 2209 2446 στον
2238 2393 2453 2464 ἡδονὴν,
2492 2398 2586 2448 καὶ
2617 2395 2714 2466 τῆς
2745 2397 3005 2468 πατρίδος
3037 2414 3141 2467 μου
3173 2399 3406 2468 ούρανοῦ
3438 2399 3539 2467 τὴν
3560 2400 3637 2452 τοῦ

2083 2485 2243 2557 λιμοῦ
2293 2485 2477 2558 χώραν
2526 2488 2854 2560 προκρίνας.
2915 2489 3130 2557 Ὠσπερ
3178 2491 3284 2562 γὰρ
3323 2492 3640 2560 ἁμαρτάνειν

2083 2579 2320 2648 λέγεται,
2358 2580 2490 2651 φέρε
2534 2583 2710 2634 εἰπεῖν
2742 2583 2832 2646 είς
2887 2583 3112 2653 χρυσὸν,
3157 2582 3185 2635 δ
3217 2582 3465 2652 μόλιϐδον
3493 2583 3640 2636 αὑτοῦ

2084 2669 2390 2740 προτιμῶν,
2441 2668 2616 2734 οὕτως
2651 2671 2730 2734 είς
2758 2671 2987 2742 οὐρανὸν
3019 2672 3352 2742 ἁμαρτάνει,
3405 2674 3432 2724 ὁ
3468 2671 3640 2726 τούτου

2083 2761 2432 2832 προτιμήσας
2490 2761 2557 2815 τὰ
2586 2762 2771 2832 γήϊνα.
2803 2763 3200 2834 Ἀποτυγχάνει
3261 2763 3370 2831 γὰρ
3443 2762 3645 2826 πάντως

2083 2852 2182 2922 τῆς
2212 2853 2293 2916 εἰς
2336 2852 2428 2906 τὸν
2467 2853 2695 2924 οὐρανὸν
2735 2854 3004 2926 φερούσης
3035 2854 3184 2909 ὁδοῦ.
3226 2853 3550 2924 Ἐπίστησον
3575 2854 3642 2920 δὲ,

2085 2943 2167 2998 ὅτι
2191 2984 2206 3010 ,
2237 2945 2366 2999 ὅταν
2404 2945 2504 3016 μὲν
2530 2947 2866 3018 ἡμάρτανεν,
2893 2948 2971 3011 ὡς
3006 2949 3082 3018 μὴ
3113 2946 3347 3001 ἐνώπιον
3375 2947 3470 3000 τοῦ
3523 2947 3641 3000 Θεοῦ

2089 3037 2348 3106 πράττων
2375 3036 2712 3109 ἡμάρτανεν,
2742 3038 2832 3092 ὅτε
2863 3039 2919 3091 δὲ
2959 3038 3386 3109 ἐξομολογεῖται,
3424 3038 3642 3092 ἐνώπιον

2083 3127 2178 3181 τοῦ
2207 3128 2343 3183 Θεοῦ
2378 3129 2714 3200 ἡμαρτηκὼς
2762 3130 3098 3185 αἰσθάνεται.
3144 3131 3416 3194 Ἀναστὰς
3449 3130 3509 3183 δὲ
3538 3125 3650 3201 ἦλθε

2085 3219 2221 3290 πρὸς
2257 3219 2348 3273 τὸν
2403 3220 2618 3290 πατέρα
2673 3218 2866 3286 αὑτοῦ,
2901 3219 2983 3274 δεῖ
3023 3219 3133 3292 γάρ
3187 3221 3337 3289 ἡμᾶς
3389 3219 3470 3290 μὴ
3508 3220 3651 3290 μόνον

2099 3312 2386 3385 βούλεσθαι
2422 3313 2489 3367 τὰ
2522 3313 2650 3381 φίλα
2672 3312 2813 3383 Θεῷ,
2842 3312 2980 3366 ἀλλὰ
3007 3313 3103 3367 καὶ
3131 3313 3410 3384 πράττειν.
3459 3311 3656 3381 Ὠσπερ

2096 3403 2153 3458 δὲ
2182 3399 2320 3466 εἶδες
2348 3402 2559 3474 θερμὴν
2605 3405 2705 3476 τὴν
2743 3402 3057 3474 μετάνοιαν,
3101 3401 3276 3466 οὕτως
3319 3403 3408 3454 καὶ
3446 3401 3548 3471 τὴν
3577 3401 3657 3452 εύ-

2101 3494 2438 3565 σπλαγχνίαν
2466 3493 2560 3548 τοῦ
2589 3495 2794 3566 πατρὸς
2829 3495 2954 3565 δρα.
2993 3494 3128 3548 Οὐδὲ
3156 3493 3266 3564 γὰρ
3294 3493 3551 3563 ἀνέμεινε
3582 3491 3660 3545 τὸν

2097 3589 2212 3643 υίδν
2241 3589 2420 3642 ἐλθεῖν
2457 3589 2618 3659 ἁχρις
2644 3587 2834 3653 αὐτοῦ,
2871 3587 3008 3642 ἀλλά
3034 3587 3360 3658 προφθάνει,
3393 3587 3496 3639 καὶ
3525 3603 3662 3655 περι⁴

2098 3680 2380 3735 πλέκεται.
2436 3680 2625 3752 Πατὴρ
2658 3681 2768 3752 γὰρ
2803 3682 2868 3751 τῇ
2905 3679 3262 3750 χρηστότητι,
3297 3679 3346 3731 εί
3375 3679 3478 3731 καὶ
3519 3676 3663 3747 φύσει

2095 3771 2249 3836 Θεὸς,
2290 3771 2524 3834 καὶδλος
2553 3772 2672 3825 ὅλον
2721 3772 3069 3842 περιφύεται,
3103 3770 3192 3824 ἵνα
3227 3767 3501 3823 πάντοθεν
3521 3769 3665 3821 αὑτὸν

2097 3866 2235 3936 πρὸς
2250 3865 2440 3918 ἑαυτὸν
2453 3864 2746 3935 συσφίγξῃ,
2766 3864 2901 3917 καθὸ
2918 3864 3156 3932 εῐρηται·
3189 3881 3208 3913 ι
3241 3862 3350 3914 Καὶ
3375 3864 3403 3932 ἡ
3432 3859 3565 3926 δόξα
3585 3859 3667 3915 τοῦ

2097 3955 2233 4010 Θεοῦ
2282 3955 2595 4025 περιστελεῖ
2627 3971 2710 4008 σε.
2743 3973 2761 4007 ι
2786 3954 2896 4008 Καὶ
2921 3953 3091 4009 πάλαι
3128 3954 3228 4022 μὲν
3252 3953 3340 4006 ὅτε
3369 3954 3668 4022 ἑμάκρυνεν

2104 4049 2296 4102 ἑαυτὸν
2320 4049 2348 4100 δ
2378 4047 2515 4113 υἱὸς,
2549 4045 2740 4117 καιρὸς
2762 4042 2831 4118 ἦν
2861 4047 2955 4100 καὶ
2991 4045 3072 4117 τῷ
3104 4045 3275 4116 πατρὶ
3303 4043 3396 4097 τοῦ
3438 4059 3671 4114 μακρυν-

2103 4139 2260 4211 θῆναι
2289 4138 2396 4194 άπὸ
2424 4139 2525 4207 τῆς
2553 4138 2899 4211 περιλήψεως
2929 4153 2943 4168 ·
2973 4138 3064 4192 ὅτε
3113 4138 3172 4191 δὲ
3207 4138 3400 4208 ῆγγισε
3467 4136 3556 4189 διὰ
3585 4136 3671 4203 τῆς

2105 4231 2419 4303 προσευχῆς
2449 4232 2550 4286 καὶ
2601 4232 2700 4302 τῆς
2728 4230 3084 4304 ἐπιστροφῆς,
3120 4229 3316 4301 καιρὸς
3338 4229 3563 4298 ἐγένετο
3589 4223 3672 4280 τοῦ

2105 4323 2444 4396 περιλαϐεῖν.
2490 4322 2811 4378 Ἐπιπίπτει
2842 4322 3024 4378 τοίνυν
3072 4322 3167 4376 επὶ
3223 4321 3317 4375 τὸν
3375 4320 3670 4392 τράχηλον,

2104 4414 2197 4468 τὸν
2242 4413 2656 4471 ἀποστατοῦντα
2690 4411 2917 4484 πρώην,
2971 4412 3252 4483 πειθήνιον
3303 4409 3398 4464 νῦν
3434 4408 3676 4476 γενέσθαι

415 4502 844 4575 ἐνδεικνύμενος.
867 4507 976 4562 Καὶ
999 4505 1288 4578 καταφιλεῖ
1307 4506 1494 4574 αὐτὸν,
1514 4505 1612 4578 τὴν
1639 4505 1987 4575 καταλλαγὴν
2025 4505 2306 4569 δεικνύων.
2341 4507 2437 4560 καὶ
2503 4501 2619 4559 οἷό)
2649 4523 2704 4560 τι
2737 4505 3079 4576 προπύλαιον
3115 4505 3178 4558 τὸ
3226 4504 3403 4574 στόμα
3475 4502 3678 4573 πρῶτον

416 4595 511 4650 τοῦ
565 4597 883 4668 μιανθέντος
918 4601 1182 4669 ἁγιάζων,
1216 4595 1335 4655 εἶτα
1369 4601 1456 4655 διά
1506 4600 1696 4655 τούτου
1749 4603 1844 4656 καὶ
1889 4602 1982 4655 ἐπὶ
2021 4603 2090 4655 τά
2123 4602 2274 4657 ἔνδον
2307 4602 2397 4656 τὸν
2428 4602 2702 4670 ἁγιασμὸν
2735 4601 3076 4672 εἰσπέμπων.

489 4693 651 4751 Vsus.
676 4695 867 4751 22-24.
893 4715 911 4749 ι
945 4695 1088 4752 Dixit
1109 4705 1285 4752 autem
1313 4705 1464 4768 pater
1493 4696 1560 4749 ad
1597 4710 1783 4751 servos
1811 4709 1938 4751 suos
1975 4713 1989 4750 :

2175 4715 2194 4746 ι
2237 4691 2371 4749 Εἷπε
2392 4695 2449 4749 δὲ
2473 4696 2501 4748 ὁ
2529 4693 2710 4764 πατὴρ
2729 4693 2867 4765 πρὸς
2889 4695 3016 4756 τοὺς
3055 4691 3275 4754 δούλους
3300 4692 3474 4744 αὐτοῦ
3514 4710 3527 4722 ο
3576 4692 3678 4754 Ἐξ-

421 4787 662 4845 Proferte
703 4791 895 4846 Stolam
961 4792 1210 4857 primam,
1266 4799 1321 4845 et
1372 4789 1578 4844 induite
1639 4788 1788 4844 illum
1826 4807 1840 4844 :
1878 4790 2000 4844 date

2108 4786 2370 4854 ενέγκατε
2394 4786 2493 4857 τὴν
2509 4785 2700 4856 στολὴν
2715 4785 2814 4854 τὴν
2832 4782 3076 4854 πρώτην,
3099 4784 3192 4837 καὶ
3216 4784 3484 4838 ἐνδύσατε
3512 4784 3678 4846 att-:35»,

418 4881 675 4936 annulum
726 4883 778 4935 in
843 4896 1060 4935 manum
1124 4881 1262 4951 ejus,
1308 4891 1363 4936 et
1411 4881 1777 4936 calceameuta
1828 4881 2000 4950 inpe-

2107 4880 2201 4933 καὶ
2230 4879 2348 4931 δότε
2381 4877 2667 4932 δακτύλιον
2699 4877 2780 4939 εἰς
2809 4876 2908 4946 τὴν
2929 4878 3088 4946 χεῖρα
3137 4874 3328 4939 αὐτοῦ,
3366 4878 3466 4928 καὶ
3497 4876 3686 4944 suae-

421 4975 518 5030 des
549 4992 562 5028 :
591 4984 646 5030 et
699 4975 949 5029 adducite
998 4973 1219 5028 vitulum
1273 4974 1418 5028 illum
1460 4973 1786 5044 saginatum,
1837 4985 2000 5042 atque

2111 4989 2258 5042 ματα
2300 4973 2382 5035 είς
2423 4971 2554 5033 τοὺς
2593 4969 2757 5033 πόδας
2788 4967 2976 5033 αὑτοῦ,
3031 4967 3128 5021 καὶ
3156 4967 3559 5034 ἐξενέγκαντες
3602 4966 3684 5019 τὸν

425 5075 680 5130 mactate,
709 5066 1045 5136 sumptisque
1071 5065 1248 5136 epulis
1273 5066 1516 5120 ltetemur
1547 5081 1560 5118 :
1595 5063 1717 5133 quia
1740 5063 1829 5118 hic
1859 5062 2000 5118 [ilius

2114 5067 2314 5138 μόσχον
2341 5066 2433 5120 τὸν
2466 5065 2712 5120 σιτευτὸν
2743 5064 2968 5129 θύσατε,
3026 5063 3124 5118 καὶ
3147 5063 3418 5132 φαγόντες
3453 5065 3688 5130 εὐφραν-

425 5170 578 5212 meus
606 5164 852 5212 mortuus
877 5169 1014 5225 erat,
1039 5166 1093 5212 et
1122 5156 1352 5223 revixit;
1389 5155 1647 5227 perierat,
1679 5167 1735 5212 et
1760 5156 2000 5210 inventus

2109 5159 2316 5229 θῶμεν,
2353 5159 2438 5214 ὅτι
2461 5159 2489 5211 ὁ
2510 5157 2623 5220 uid;
2648 5174 2749 5227 μου
2770 5149 2926 5219 οὗτος
2957 5154 3152 5223 νεκρὸς
3183 5149 3276 5224 ἦν,
3307 5155 3403 5207 καὶ
3427 5152 3682 5219 άνέζησε,

425 5257 531 5304 est.
563 5249 632 5304 Et
678 5259 959 5320 coeperunt
1013 5249 1205 5304 laetari.
1239 5267 1261 5302 ι
1300 5247 1402 5304 Per
1424 5263 1610 5304 servos
1652 5247 1890 5318 intellige
1918 5246 2000 5303 vel

2113 5251 2206 5304 καὶ
2235 5246 2532 5310 ἀπολωλὼς
2570 5243 2660 5317 ἦν,
2688 5246 2781 5299 καὶ
2810 5245 3030 5316 εὑρέθη.
3062 5242 3174 5297 Καὶ
3199 5243 3440 5314 ἤρξαντο
3473 5241 3693 5312 εὐφραὶ-

427 5340 646 5409 angelos
699 5341 1119 5396 ministratorios
1157 5341 1400 5411 spiritus,
1460 5339 1552 5410 qui
1608 5339 1895 5394 mittuntur
1957 5339 2000 5392 in

2113 5339 2327 5394 νεσθαι.
2405 5355 2423 5389 ι
2477 5337 2711 5399 Δούλους
2757 5335 2792 5406 ἢ
2825 5336 2954 5400 τοὺς
3013 5333 3282 5402 ἀγγέλους
3347 5336 3606 5400 νοήσαις,
3638 5331 3694 5380 τὰ

429 5431 786 5487 ministerium
837 5443 1058 5503 propter
1107 5447 1200 5488 eos
1234 5432 1324 5502 qui
1352 5431 1523 5488 salute
1573 5432 1720 5503 digni
1752 5440 1897 5486 sunt.
1938 5431 1996 5486 lll

2114 5429 2467 5499 λειτουργικὰ
2509 5428 2800 5498 πνεύματα
2833 5427 2902 5480 τὰ
2931 5425 3262 5496 στελλόμενα
3303 5427 3380 5487 εἰς
3417 5424 3696 5478 διακονίαν

428 5522 572 5577 enim
628 5524 866 5579 vestiunt
914 5541 943 5579 a
977 5536 1196 5593 peccato
1230 5533 1586 5580 revertentem
1635 5523 1776 5579 stola
1819 5524 2000 5590 prima,

2119 5524 2207 5577 διὰ
2236 5522 2360 5584 τοὺς
2397 5521 2671 5589 σωτηρίας
2702 5519 2907 5585 ἀξίους
2951 5517 3046 5570 καὶ
3080 5518 3188 5584 γὰρ
3218 5509 3363 5570 οὗτοι
3392 5515 3697 5578 στολίζουσι

430 5613 546 5669 sive
596 5615 796 5684 prisca,
839 5631 1022 5685 quam,
1080 5617 1392 5686 priusquam
1428 5630 1798 5686 peccaremus,
1833 5625 2000 5683 gestat

2121 5616 2214 5668 τὸν
2235 5616 2300 5668 ἐκ
2340 5613 2538 5674 κακίας
2566 5610 2967 5679 ἐπιστρέφοντα
2991 5606 3088 5675 τὴν
3114 5606 3304 5676 στολὴν
3326 5605 3427 5673 τὴν
3457 5604 3697 5673 πρώτην,

429 5703 621 5762 l'amus
647 5746 662 5773 ,
686 5707 1000 5762 indumento
1046 5709 1255 5763 scilicet
1286 5709 1708 5779 incorruptionis
1739 5727 1754 5764 :
1784 5708 1862 5762 vel
1895 5725 2000 5777 pre-

2125 5707 2243 5778 ἦτοι
2268 5710 2368 5775 τὴν
2406 5705 2663 5777 ἀρχαίαν,
2688 5705 2753 5773 ἣν
2803 5702 2932 5772 πρὶν
2970 5700 3238 5769 ἁμαρτεῖν
3267 5697 3610 5768 ἑφοροῦμεν,
3651 5694 3699 5743 τὸ

2125 5838 2333 5893 Caetera
2377 5848 2500 5893 sunt
2531 5854 2693 5895 :sane
2731 5835 2824 5891 illa
2872 5829 3192 5889 miserabilia
3241 5840 3444 5902 Oportet
3483 5833 3536 5885 ei
3584 5843 3697 5883 cns-

2131 5925 2352 5963 morare.

613 5841 756 5913 _Et|it.
787 5843 909 5913 Lttt.
933 5843 1151 5905 omittit,
1173 5851 1220 5896 ct
1245 5843 1368 5913 quia
1395 5852 1513 5896 sunt
1543 5841 1831 5897 mirabilia.

507 5909 584 5984 (ὑ)
612 5909 665 5967 In
701 5912 796 5968 Ed.
831 5909 1321 5984 Lut._outittunttir,
1354 5931 1456 5968 non
1506 5914 1556 5967 iu
1605 5914 1774 5984 primo
1816 5911 2017 5966 ordine.
