3932 6456
355 436 461 498 95Ἱ

1098 443 1541 505 ENARRATIO
1581 444 1662 505 IN
1701 443 2201 509 EVANGELIUM
2229 449 2466 512 LUC/E.
2498 476 2558 486 -
2579 453 2737 515 CAP.
2770 454 2894 517 XV.

3500 448 3605 513 958

348 547 554 618 ἔνδυμα
574 546 671 619 τῆς
706 548 1041 621 ἀφθαρσίας,
1070 554 1104 622 ἦ
1142 553 1242 623 τὴν
1294 556 1485 625 τιμίαν
1528 554 1626 627 τὴν
1660 555 1770 626 πρὸ
1810 554 1914 607 τῶν

2027 557 2159 612 tiosa
2207 574 2327 629 qua:
2359 559 2618 628 dignitate
2674 569 2892 630 pra-stat
2927 559 3047 617 aliis
3104 536 3381 623 omnibus,
3414 567 3474 614 ut
3505 560 3602 613 ba-

348 639 525 694 ἀλλων
558 639 770 703 πασῶν,
798 635 888 694 οἷά
915 643 1066 696 ἐστιν
1095 644 1128 715 ὴ
1155 642 1247 697 τοῦ
1281 644 1679 716 βαπτίσματος.
1727 643 1925 717 Πρώτη

351 736 463 807 γάρ
494 752 588 805 μοι
618 735 756 807 αὕτη
788 736 1148 806 περιτίθεται,
1189 741 1284 794 καὶ
1311 742 1440 809 παρ’
1471 743 1641 811 αὐτῆς
1666 741 1926 811 λαμϐάνω

345 829 452 899 τὴν
494 829 595 899 τῆς
652 829 1044 900 ἀσχημοσύνης
1082 833 1434 903 περιστολήν.
1477 834 1543 889 Ἢ
1577 834 1754 887 τοίνυν
1801 836 1925 897 τοὺς

346 921 617 988 ἀγγέλους
638 922 861 993 νοήσαις
889 922 1132 987 δούλους,
1174 925 1301 988 τοὺς
1350 926 1485 978 πᾶσι
1518 929 1627 989 τοῖς
1673 926 1762 996 ὑφ’
1792 928 1924 996 ἡμῖν

345 1014 699 1083 τελουμένοις
732 1015 1203 1085 διακονουμένους,
1256 1017 1350 1069 καὶ
1382 1016 1450 1071 δι’
1485 1011 1559 1072 ὧν
1590 1018 1925 1088 ἀγιαζόμεθα

348 1105 533 1175 μέσων
565 1121 580 1136 ⁸
628 1106 660 1177 ἢ
703 1107 948 1170 καὶτοὺς
980 1108 1167 1178 ἱερεῖς,
1197 1109 1323 1172 τοὺς
1358 1109 1449 1162 καὶ
1480 1109 1565 1163 διά
1611 1110 1923 1179 βαπτίσμα-

342 1215 457 1262 τος,
483 1198 580 1250 καὶ
603 1198 761 1267 λόγου
783 1198 1165 1253 διδασκαλικοῦ
1182 1200 1273 1253 τὸν
1296 1201 1689 1272 ἐπιστρέφοντα
1712 1202 1923 1256 ἐνδύονο

343 1308 464 1357 τας,
494 1294 590 1347 καὶ
626 1292 820 1364 στολὴν
864 1292 1088 1366 πρώτην
1124 1295 1522 1366 περιτιθέντας,
1555 1296 1646 1350 τὸν
1689 1297 1922 1367 Χριστὸν

343 1382 508 1435 αὐτόν
558 1381 695 1453 (ὅσοι
718 1382 827 1453 γὰρ
858 1384 1271 1454 ἐϐαπτίσθημεν
1291 1387 1370 1449 είς
1403 1387 1661 1456 Χρ;στὸν.
1690 1389 1922 1458 Χριστὸν

342 1472 754 1543 ἐνεδυσάμεθα).
777 1476 869 1528 καὶ
909 1474 1197 1529 δακτύλιον
1233 1476 1471 1531 διδόασιν
1499 1480 1577 1541 είς
1615 1479 1712 1549 τὴν
1736 1482 1920 1549 χεῖρα,

338 1564 443 1635 τὴν
498 1565 770 1636 σφραγῖδα
809 1564 903 1618 τοῦ
936 1566 1392 1638 Χριστιανισμοῦ,
1424 1570 1494 1640 ἣν
1513 1568 1600 1622 διὰ
1615 1571 1724 1622 τῶν
1746 1570 1921 1639 ἔργων

340 1656 577 1727 ἔχομεν’
626 1660 660 1727 ἡ
695 1659 793 1729 μὲν
834 1660 942 1730 γάρ
974 1662 1094 1731 χεὶρ
1131 1661 1233 1730 τῆς
1277 1662 1532 1732 πράξεως
1574 1662 1862 1732 σύμϐολον,
1893 1666 1921 1718 6

246 1814 254 1821 .
339 1748 397 1802 δὲ
435 1748 717 1813 δακτύλιος
754 1751 852 1821 τῆς
893 1752 1231 1821 σφραγῖδοςο
1280 1754 1310 1806 6
1354 1752 1533 1806 τοίνυν
1577 1752 1917 1823 βαπτισθεὶς,

340 1842 440 1895 καὶ
464 1841 650 1906 ἁπλῶς
688 1845 715 1896 6
754 1843 859 1896 ἀπὸ
890 1845 1089 1908 κακίας
1132 1846 1501 1916 ἐπιστρέφων,
1541 1846 1746 1916 ὀφείλει
1776 1848 1917 1918 ἔχειν

342 1933 438 1985 ἐπὶ
488 1933 587 2002 τῆς
619 1936 824 2005 χειρὸς,
876 1936 1177 2001 τουτέστιν,
1222 1938 1317 1992 ἐπὶ
1351 1938 1533 2008 πάσης
1600 1941 1915 2010 πρακτικῆς

338 2022 647 2094 δυνάμεως,
674 2026 972 2097 σφραγῖδα,
1008 2025 1100 2079 καὶ
1118 2025 1405 2097 γνώρισμα
1438 2027 1788 2097 Χριστιανοῦ,
1830 2030 1915 2082 ἵνα

337 2112 613 2167 δεικνύναι
650 2113 776 2185 ἔχῃ,
827 2115 901 2177 ὡς
933 2117 1053 2169 κατ’
1083 2117 1267 2169 εἰκόνα
1297 2116 1390 2169 τοῦ
1438 2118 1721 2179 κτίσαντος
1756 2120 1916 2172 αὑτὸν

338 2204 719 2275 ἀνεκαινίσθη.
770 2207 839 2258 Ἦ
868 2205 964 2258 καί⁷
993 2206 1171 2269 ἄλλως
1210 2207 1438 2274 νοήσαις
1484 2208 1574 2260 τὸν
1608 2204 1914 2275 δακτύλιον,

340 2292 638 2364 ἀρραϐῶνα
665 2294 757 2347 τοῦ
788 2295 1126 2365 Πνεύματοςο
1158 2292 1271 2351 οἷον
1312 2296 1368 2351 τί
1400 2314 1561 2367 φημι⁶
1603 2298 1664 2352 '0
1687 2298 1819 2364 Θεὸς
1847 2302 1916 2355 τὰ

345 2381 448 2455 μὲν
471 2383 783 2437 τελειότατα
808 2385 989 2452 ἀγαθὰ
1016 2386 1135 2439 τότε
1182 2386 1416 2450 δίδωσιν,
1445 2387 1532 2440 ὅτε
1556 2387 1759 2441 τούτων
1791 2407 1913 2443 και-

341 2474 459 2543 ρὸς,
502 2474 595 2526 καὶ
620 2473 716 2526 νῦν
737 2474 793 2527 δὲ
825 2476 1187 2547 πιστούμενος
1229 2478 1452 2547 δηλαδὴ,
1486 2481 1668 2534 ἐκεῖνα
1702 2482 1914 2536 δίδωσιν

336 2568 473 2635 ἡμῖν
494 2567 829 2637 χαρίσματα,
854 2562 965 2621 οίόν
994 2586 1146 2633 τινας
1185 2571 1513 2643 ἀρραϐῶνας
1558 2573 1665 2627 τῶν
1696 2573 1915 2644 μελλόν-

336 2675 470 2721 των,
504 2660 615 2721 τοῖς
659 2660 755 2728 μὲν
796 2661 1265 2731 θαυματουργίαν,
1319 2665 1431 2726 τοῖς
1454 2663 1509 2718 δὲ
1541 2665 1909 2729 διδασκαλίαν,

337 2752 455 2806 τοῖς
481 2748 540 2803 δὲ
569 2749 698 2802 ἄλλο
747 2767 823 2814 τι,
873 2744 973 2805 και
1017 2750 1191 2805 ταῦτα
1241 2751 1520 2822 δεχόμενοι
1562 2754 1672 2807 ἀπὸ
1711 2755 1913 2808 τούτων

338 2840 437 2895 καὶ
463 2840 534 2895 τὰ
565 2842 876 2912 τελειότερα
906 2841 1140 2912 βεϐαίως
1198 2843 1511 2914 ἐλπίζομεν.
1553 2847 1911 2918 Ύποδήματα

341 2933 424 2996 είς
448 2934 574 2998 τοὺς
605 2934 795 2997 πόδας,
832 2935 919 2987 ἴνα
954 2934 1324 3002 φυλάττωνται
1348 2937 1455 2990 ἀπὸ
1478 2937 1588 2991 τῶν
1613 2941 1909 3011 σκορπίων,

336 3024 451 3077 τῶν
483 3025 694 3095 μικρῶν
738 3026 937 3095 δηλαδὴ
975 3026 1279 3080 δοκούντων
1328 3029 1763 3100 ἁμαρτημάτων,
1818 3034 1913 3085 καὶ

339 3117 609 3189 κρυφίων,
643 3116 718 3180 ὡς
766 3118 869 3189 ἔφη
920 3118 1108 3183 Δαυῖδ,
1147 3120 1290 3189 πλὴν
1325 3119 1649 3175 θανατωδῶν
1677 3122 1771 3175 καὶ
1809 3123 1910 3177 αύ-

337 3208 448 3263 τῶν
468 3226 483 3241 ·
518 3210 605 3263 ναὶ
638 3210 743 3281 μὴν
765 3210 858 3262 καὶ
885 3210 992 3263 ἀπὸ
1014 3211 1190 3279 ὄφεων
1211 3213 1317 3264 τῶν
1339 3212 1628 3282 προφανῶς
1655 3212 1911 3282 βλάπτειν
1939 3252 1984 3309 C

337 3302 735 3372 νομιζομένων,
784 3301 930 3372 φημὶ
965 3302 1269 3373 ἁμαρτιῶν.
1314 3305 1424 3357 Καὶ
1466 3304 1638 3368 ἄλλως
1674 3306 1754 3371 δὲ,
1785 3306 1915 3360 ὕπο-

337 3393 560 3463 δήματα
591 3392 826 3449 δίδονται
860 3394 938 3463 τῷ
988 3391 1271 3458 ἀξιωθέντι
1305 3394 1407 3465 τῆς
1441 3394 1665 3467 πρώτης
1699 3397 1911 3465 στολῆς,

337 3483 625 3549 ποιοῦντος
649 3483 742 3538 τοῦ
782 3484 918 3538 Θεοῦ
967 3486 1129 3540 αὐτὸν
1160 3486 1380 3556 ἕτοιμον
1411 3488 1492 3552 είς
1536 3488 1596 3540 τὸ
1630 3490 1916 3557 εὐαγγελί-

340 3578 556 3645 ζεσθαι,
588 3580 685 3633 καί⁵
714 3579 944 3649 ὠφελεῖν
981 3580 1221 3650 ἑτέρους.
1252 3579 1425 3634 Τοῦτο
1456 3580 1566 3651 γὰρ
1593 3582 1622 3634 6
1658 3583 1914 3652 Χριστια-

339 3669 431 3733 νὸς
461 3669 557 3723 τοῦ
590 3660 878 3742 πλησίονή
907 3670 1166 3741 ὠφέλεια.
1201 3671 1417 3741 Μόσχος
1447 3671 1504 3725 δὲ
1538 3673 1780 3736 σιτευτὸς
1815 3674 1915 3728 οὐκ

340 3762 620 3827 ἀγνοεῖται
658 3764 739 3825 τίς
771 3764 940 3825 ἐστιν,
988 3765 1017 3816 6
1067 3763 1348 3833 θυόμενος,
1401 3762 1495 3817 καὶ
1559 3764 1911 3834 ὲσθιόμενοςο

339 3853 561 3917 πάντως
593 3856 701 3924 γάρ
747 3855 775 3906 6
806 3852 1011 3924 ἀληθὴς
1043 3852 1170 3916 Υἱὸς
1204 3853 1298 3905 τοῦ
1336 3852 1495 3919 Θεοῦ,
1529 3852 1665 3905 καθὸ
1702 3852 1913 3924 ἄνθρω-

342 3959 466 4006 πος,
522 3943 617 3996 καὶ
666 3943 847 4013 σάρκα
904 3942 1117 4011 εἴληφε,
1172 3941 1272 4011 τὴν
1324 3939 1519 4007 ἄλογον
1573 3939 1755 4009 φύσει,
1819 3940 1915 3992 καὶ

342 4033 621 4105 κτηνώδη,
656 4033 761 4087 κᾶν
813 4034 983 4102 αὐτὴν
1020 4033 1131 4086 τῶν
1181 4029 1400 4086 οἰκείων
1438 4032 1774 4102 αὐχημάτων
1812 4048 1915 4085 πε-

344 4126 623 4195 πλήρωκε.
656 4124 813 4180 Κατά
860 4124 1019 4177 τοῦτο
1054 4126 1253 4195 μόσχος
1288 4125 1512 4189 νοεῖται,
1554 4125 1915 4196 ἀπειρόζυγος

347 4216 447 4287 μὲν
483 4216 577 4269 τοῦ
612 4215 779 4284 νόμου
826 4214 927 4285 τῆς
962 4214 1261 4285 ἁμαρτίας·
1301 4214 1543 4278 σιτευτὸς
1577 4215 1654 4277 δὲ,
1682 4214 1815 4268 καθὸ
1834 4217 1914 4278 είς

342 4307 508 4377 τοῦτο
524 4307 583 4361 τὸ
607 4308 907 4379 μυστήριον
931 4306 1211 4379 ἀφώριστο
1231 4306 1337 4377 πρὸ
1356 4305 1665 4376 καταϐολῆς
1682 4306 1912 4375 κόσμου.

346 4398 455 4451 Καὶ
505 4398 929 4470 περιεργότερον
955 4396 1013 4449 δὲ
1045 4395 1176 4459 ἴσως
1219 4394 1361 4461 δόξει
1406 4395 1469 4449 τὸ
1520 4395 1911 4466 ῥηθησόμεκον,

340 4494 494 4565 ὅμως
521 4490 853 4562 ῥηθήσεται⁸
885 4491 969 4543 ὅτι
1013 4492 1042 4543 6
1100 4491 1285 4560 ἄρτος,
1329 4490 1388 4543 ὃν
1423 4488 1640 4559 κλῶμεν
1673 4487 1814 4541 κατά
1853 4487 1913 4540 τὸ

2028 648 2207 717 ptismi
2259 650 2543 721 dignitate.
2570 650 2747 704 Prima
2781 652 2923 707 enim
2960 667 3056 708 nos
3095 651 3185 706 illa
3219 650 3403 713 vestit,
3440 659 3495 704 et
3534 652 3602 703 ab

2027 752 2088 790 ea
2147 738 2409 794 sumimus
2470 739 2763 795 honestatis
2813 740 3085 795 vestitum.
3145 739 3237 795 Vel
3287 754 3383 811 per
3419 753 3605 794 servos

2028 826 2265 898 intellige
2315 830 2553 901 angelos,
2610 831 2698 899 qui
2731 830 3039 886 ministrant
3062 833 3311 887 omnibus
3337 847 3455 900 qua:
3481 847 3606 901 pro-

2029 928 2111 972 ter
2145 935 2241 973 nos
2295 920 2446 984 linnt,
2477 932 2529 975 et
2573 922 2767 990 quibus
2791 923 3149 977 mediantibus
3180 922 3601 978 sanctiﬁcamur.

2030 1007 2125 1063 Vel
2151 1012 2315 1063 etiam
2366 1012 2696 1076 sacerdotes,
2772 1013 2861 1082 qui
2895 1027 3184 1067 conversos
3266 1028 3362 1082 per
3434 1012 3605 1082 bapti-

2026 1116 2198 1155 smum
2228 1103 2308 1156 vel
2334 1106 2555 1158 verbum
2580 1105 2837 1159 doctrina:
2863 1105 3114 1170 induunt,
3182 1115 3236 1159 et
3259 1106 3483 1158 induunt
3510 1120 3604 1159 eos

2024 1191 2293 1247 Christum
2347 1195 2536 1251 stolam
2600 1198 2826 1266 primam
2880 1197 3207 1268 (quicunque
3264 1197 3406 1249 enim
3436 1196 3603 1262 bapti-

2024 1284 2130 1339 znti
2186 1301 2371 1339 sumus
2404 1288 2455 1341 in
2486 1285 2785 1351 Christum,
2835 1289 3005 1343 indttti
3040 1301 3230 1341 sumus
3277 1286 3602 1352 Christum),

2022 1389 2076 1434 et
2103 1379 2355 1433 annulum
2413 1385 2502 1436 dat
2538 1383 2590 1437 in
2620 1399 2857 1448 manum,
2891 1384 3223 1455 signaculum
3279 1382 3605 1437 Christiani-

2024 1466 2150 1529 smi,
2180 1470 2321 1536 quod
2370 1484 2467 1538 per
2487 1485 2650 1541 Opera
2674 1473 2954 1529 habemus.
2992 1472 3127 1527 Nam
3166 1488 3357 1527 manus
3392 1472 3607 1542 symbo-

2028 1558 2141 1613 lum
2176 1564 2509 1628 operationis
2540 1573 2640 1631 est,
2692 1567 2923 1622 annulus
2954 1583 3080 1622 vero
3119 1567 3402 1631 signaculi.
3438 1567 3607 1637 igitur

2025 1651 2345 1719 baptizatus,
2410 1664 2463 1709 et
2528 1656 2703 1712 oninis
2761 1659 2853 1726 qui
2902 1669 3185 1727 apeccato
3239 1658 3594 1722 convertitur,

2022 1743 2181 1797 debet
2235 1743 2436 1801 habere
2491 1747 2542 1800 in
2590 1763 2769 1813 manu,
2813 1749 2914 1805 hoc
2939 1749 3342 1819 est,operativa
3375 1749 3596 1811 virtute,

2021 1834 2354 1903 signaculum
2385 1837 2677 1893 Christiani
2712 1857 2725 1894 :
2764 1849 2823 1895 ιιι
2869 1842 3241 1895 demonstrare
3270 1848 3430 1910 queat
3461 1840 3602 1907 quod

2025 1936 2303 1981 recreatus
2354 1929 2422 1983 sit
2453 1930 2518 1984 ad
2551 1932 2835 2000 imaginem
2860 1932 2977 2002 ejus
3009 1932 3099 1999 qui
3130 1948 3188 1987 se
3215 1932 3476 1985 condidit.
3511 1931 3603 1984 Vel

2015 2016 2170 2070 aliter
2203 2036 2216 2072 :
2248 2034 2346 2087 per
2365 2020 2622 2073 annulum
2650 2022 2915 2092 intelliges
2946 2023 3301 2076 arrhabonem
3322 2021 3553 2092 Spiritus
3584 2039 3601 2076 :

2016 2118 2074 2161 ιιι
2106 2110 2334 2179 exempli
2383 2115 2554 2181 gratia
2608 2115 2736 2183 quid
2798 2115 2993 2179 dicam,
3030 2116 3167 2171 Deus
3207 2115 3601 2184 perfectissima

2015 2201 2154 2255 bona
2212 2213 2338 2256 tunc
2395 2204 2508 2263 dat.
2566 2207 2784 2275 quando
2832 2222 3013 2261 eorum
3065 2218 3273 2276 tempus
3308 2206 3510 2261 fuerit:
3548 2215 3606 2259 ct

2016 2308 2157 2348 nunc
2206 2304 2257 2349 ut
2285 2295 2558 2351 credibilia
2616 2299 2743 2361 sint,
2776 2298 2865 2351 illa
2906 2300 3059 2352 nobis
3105 2300 3195 2353 dat
3241 2300 3595 2357 charismata,

2017 2395 2076 2439 ut
2107 2386 2466 2441 arrltabonem
2502 2389 2801 2442 futurorum
2834 2408 2848 2444 :
2875 2400 2927 2443 et
2949 2392 3067 2444 aliis
3098 2394 3293 2445 donum
3346 2391 3600 2456 operandi

2016 2479 2304 2542 miracula,
2334 2479 2457 2535 aliis
2489 2482 2735 2542 docendi,
2774 2483 2894 2536 aliis
2935 2498 3062 2537 vero
3092 2483 3234 2537 aliud
3262 2483 3604 2554 Mquid-

2021 2570 2146 2625 dam
2188 2579 2434 2624 :etcnm
2494 2571 2581 2625 illa
2639 2574 2985 2642 suscipimus,
3043 2574 3268 2629 llrmiter
3317 2585 3370 2628 et
3423 2576 3603 2642 perfe-

2016 2662 2187 2714 ctiora
2245 2671 2615 2728 expectamus.
2670 2663 2732 2716 Et
2778 2664 2987 2717 calceos
3017 2664 3083 2718 ad
3111 2665 3293 2733 pedes,
3335 2672 3393 2717 ιιι
3421 2674 3603 2718 custo-

2014 2753 2233 2807 diantur
2264 2768 2292 2806 a
2347 2755 2593 2823 scorpiis,
2652 2757 2890 2825 peccatis
2933 2756 3145 2812 scilicet
3172 2772 3291 2826 qua:
3343 2757 3596 2811 videntur

2014 2860 2178 2914 parva
2212 2853 2265 2899 et
2294 2846 2527 2912 occulta,
2558 2847 2696 2902 sicut
2730 2847 2940 2901 dicebat
2970 2849 3156 2912 David,
3182 2858 3419 2902 attamen
3451 2862 3599 2903 mor-

2017 2937 2192 2992 tiferis
2226 2948 2279 2993 et
2322 2939 2453 3009 ipsis
2487 2955 2501 2993 :
2535 2949 2697 3009 atque
2723 2940 2884 2993 etiam
2938 2956 2966 2994 a
2997 2941 3362 3008 serpentibus,
3395 2941 3446 2993 id
3495 2952 3595 3001 est.

2014 3029 2249 3098 peccatis
2269 3046 2387 3099 qua:
2421 3032 2702 3085 manifeste
2725 3046 2919 3087 nocere
2947 3041 3257 3086 censentur.
3285 3030 3378 3086 Vel
3409 3032 3590 3087 aliter:

2014 3121 2374 3175 calceamenta
2410 3124 2605 3176 dantur
2633 3122 2680 3176 ei
2706 3125 2796 3192 qni
2831 3124 3058 3192 primam
3096 3124 3291 3178 stolam
3318 3133 3601 3179 assecutus

2015 3224 2117 3278 est,
2150 3213 2379 3269 faciente
2422 3215 2528 3268 Deo
2557 3229 2678 3268 eum
2719 3225 2901 3284 aptum
2933 3224 2991 3268 ut
3034 3215 3313 3269 annuntiet
3352 3216 3603 3285 Evangeo

2021 3307 2172 3370 litnn,
2227 3316 2387 3375 atque.
2420 3306 2541 3361 aliis
2599 3305 2791 3374 prosit.
2850 3306 3143 3361 Christiani
3179 3307 3323 3361 enim
3353 3317 3434 3361 est
3474 3322 3588 3376 pro-

2022 3397 2178 3452 desse
2245 3398 2510 3465 proximo.
2566 3395 2780 3451 Vitulus
2843 3399 3121 3468 saginatus
3175 3413 3278 3451 non
3320 3398 3599 3468 ignoratur

2019 3492 2141 3560 quis
2175 3491 2268 3557 sit,
2301 3490 2391 3560 qui
2444 3491 2758 3546 immolatur
2786 3501 2840 3545 et
2874 3492 3194 3546 comeditur.
3230 3491 3365 3544 Nam
3399 3499 3483 3545 est
3509 3504 3600 3545 ve-

2019 3599 2109 3638 rus
2161 3582 2327 3638 Filius
2358 3582 2473 3647 Dei,
2508 3592 2559 3636 et
2602 3584 2671 3637 ita
2707 3582 2868 3637 homo
2894 3584 2985 3653 qui
3021 3598 3248 3638 carnem
3283 3583 3596 3651 assumpsit,

2019 3685 2204 3729 natura
2260 3672 2703 3738 irrationabilem,
2747 3683 2801 3728 et
2852 3674 3091 3741 brutam,
3136 3673 3390 3743 illamque
3419 3674 3599 3727 divino

2018 3766 2220 3819 honore
2250 3764 2490 3833 implevit
2533 3782 2546 3817 :
2579 3772 2630 3816 et
2657 3765 2975 3817 secundum'
3003 3762 3107 3815 hoc
3142 3762 3337 3817 vitulus
3379 3762 3597 3823 dicitur,

2017 3873 2123 3911 non
2173 3856 2315 3911 enim
2350 3865 2602 3923 expertus
2641 3853 2924 3921 estjngum
2940 3854 3069 3924 legis
3104 3854 3308 3923 peccati
3340 3867 3356 3917 ;
3384 3854 3601 3920 sagina-

2019 3958 2105 4003 tus
2136 3962 2287 4013 vero,
2318 3947 2612 4001 secundum
2646 3946 2789 4016 quod
2832 3945 2897 3998 ad
2953 3946 3055 3999 hoc
3110 3944 3421 4016 mysterium
3453 3944 3600 3997 ordi-

2018 4045 2177 4090 natus
2227 4046 2311 4091 est
2362 4044 2489 4089 ante
2540 4035 2977 4089 constitutionem
3010 4035 3216 4089 mundi.
3244 4034 3309 4089 Et
3346 4032 3598 4087 fortassis

2016 4128 2278 4183 curiosius
2319 4126 2587 4181 videbitur
2615 4127 2658 4182 si
2691 4126 2924 4190 dicatur,
2973 4127 3189 4180 dicetur
3230 4137 3430 4179 tamen.
3460 4126 3597 4191 Quia

2016 4218 2168 4287 panis
2192 4230 2353 4287 quem
2394 4215 2713 4286 frangimus,
2749 4215 3043 4271 secundum
3077 4216 3129 4269 id
3175 4216 3314 4285 quod
3351 4224 3595 4281 apparet,

2016 4323 2081 4363 ex
2122 4309 2300 4364 tritico
2328 4308 2605 4363 confectus
2633 4318 2735 4374 est,
2764 4308 3060 4378 saginatus.
3104 4317 3179 4372 et,
3216 4318 3276 4361 ut
3306 4307 3477 4362 Graeci
3511 4308 3600 4359 di-

2017 4414 2173 4470 cunt,
2232 4402 2494 4470 σιτευτὸς,
2525 4403 2794 4459 frumento
2824 4414 3008 4472 pastus
3054 4403 3311 4456 dicendus
3340 4412 3445 4457 est.
3496 4400 3596 4454 Se-

2017 4498 2251 4551 cundmn
2285 4496 2387 4550 hoc
2420 4506 2600 4549 autem
2631 4495 2773 4564 quod
2800 4508 2895 4565 per
2924 4494 3073 4548 illum
3106 4493 3420 4563 intelligitur
3451 4491 3593 4562 quod

342 4588 665 4658 φαινόμενον
707 4587 827 4654 μὲν,
874 4586 938 4639 ὲκ
972 4584 1122 4639 σίτου
1171 4583 1461 4647 συνεστὼς,
1514 4583 1757 4645 σιτευτὸς
1807 4584 1909 4653 611-

2021 4600 2142 4639 raro
2188 4596 2289 4648 est,
2345 4583 2542 4638 vitulus
2594 4584 2769 4638 dictus
2794 4590 2897 4636 est.
2941 4580 3005 4634 Et
3028 4583 3141 4649 ipse
3170 4592 3252 4634 est
3288 4580 3507 4639 vitulus,
3539 4591 3596 4635 et

342 4679 500 4749 θείηο
541 4678 683 4731 κατά
727 4677 789 4730 τὸ
832 4676 1122 4748 νοούμενον
1173 4676 1229 4729 δὲ
1271 4676 1409 4746 σὰρξ
1465 4674 1561 4737 ὢν,
1597 4674 1798 4744 μόσχος
1849 4673 1915 4727 ἂν

339 4771 576 4842 λεχθείη.
614 4772 773 4824 Καὶὸ
801 4770 962 4834 αὐτός
993 4771 1109 4822 ὲστι
1133 4769 1355 4839 μόσχος,
1384 4769 1479 4822 καὶ
1509 4768 1771 4829 σιτευτός.
1802 4768 1916 4829 Πᾶς

244 4930 251 4939 ⁸
342 4865 438 4918 οὖν
469 4863 885 4934 βαπτιζόμενος,
931 4861 1027 4919 ml.
1056 4861 1169 4924 υίὸς
1200 4860 1337 4913 Θεοῦ
1376 4860 1681 4928 γινόμενος,
1711 4858 1912 4927 μᾶλλον

340 4955 397 5026 δὲ
429 4954 960 5025 ἀποκαθιστάμενος,
993 4951 1089 5004 καὶ
1119 4949 1305 5012 ἁπλῶς
1324 4951 1429 5012 πᾶς
1453 4951 1481 5002 6
1504 4948 1611 5001 ἀπὸ
1638 4946 1913 5017 ἁμαρτίας

247 5048 256 5061 “
338 5046 793 5117 καθαριςόμενος,
853 5044 945 5097 τοῦ
1008 5043 1211 5114 μόσχου
1268 5040 1458 5094 τούτου
1516 5039 1610 5094 τοῦ
1668 5037 1913 5092 σιτευτοῦ

341 5140 608 5207 κοινωνεῖ,
642 5139 734 5191 καὶ
768 5135 1103 5205 εὐφροσύνης
1141 5136 1313 5197 αἴτιος
1343 5133 1435 5185 καὶ
1477 5132 1554 5202 τῷ
1589 5131 1786 5199 Πατρὶ,
1821 5130 1914 5185 καὶ

340 5232 451 5293 τοῖς
481 5228 687 5292 δούλοις
715 5227 879 5281 αὑτοῦ
925 5226 1267 5292 καθίσταται,
1305 5225 1558 5294 ἀγγέλοις
1596 5226 1690 5276 καὶ
1731 5223 1911 5294 ίερεῦ-

343 5339 429 5376 σιν
472 5321 548 5385 ῶς
594 5323 656 5373 ἐκ
686 5321 1009 5391 νεκρώσεως
1055 5319 1353 5389 ἀναζήσας,
1391 5318 1484 5370 καὶ
1534 5316 1594 5382 ἐξ
1634 5316 1910 5381 ἀπωλείας

339 5412 620 5483 εὑρεθείς·
653 5412 914 5479 ὃσονίμὲν
964 5412 1071 5479 γὰρ
1124 5412 1216 5463 ἐπὶ
1244 5413 1308 5478 τῇ
1336 5409 1436 5477 τῆς
1467 5408 1663 5470 κακίας
1688 5424 1909 5477 περιου-

341 5504 434 5574 σία
466 5506 658 5572 νεκρίς
686 5498 775 5573 ἦν,
820 5502 1238 5571 ἀπεγνωσμένος
1273 5501 1512 5571 δηλαδή·
1564 5500 1686 5553 ὅσον
1723 5500 1779 5552 δὲ
1812 5496 1903 5552 ἐπὶ

334 5597 406 5665 τῇ
459 5594 776 5675 ἀνθρωπίνη
821 5592 980 5662 φύσει
1036 5594 1101 5662 τῇ
1154 5596 1399 5661 τρεπτῇ,
1441 5591 1531 5643 καὶ
1581 5592 1644 5642 ἐκ
1693 5590 1890 5653 κακίας

2026 4678 2323 4745 saginatus.
2360 4673 2547 4729 Omnis
2598 4673 2757 4741 igitur
2782 4674 2872 4742 qui
2902 4673 3225 4740 baptizatur,
3253 4678 3307 4723 et
3334 4669 3474 4723 [ilius
3502 4668 3596 4723 Dei

2027 4766 2273 4829 edicitur,
2326 4766 2434 4819 imo
2461 4765 2783 4827 restituitur,
2830 4775 2884 4818 et
2908 4764 2959 4817 in
2987 4778 3194 4816 summa
3228 4760 3403 4814 onmis
3440 4761 3528 4829 qni
3566 4774 3597 4813 a

2025 4866 2249 4926 peccato
2300 4865 2561 4926 purgatur
2600 4855 2867 4923 particeps
2932 4854 2991 4907 lit
3043 4852 3273 4920 saginati
3321 4850 3467 4906 illius
3500 4850 3594 4905 Vi-

2027 4949 2143 5014 tuli,
2172 4956 2227 5002 et
2261 4947 2457 5002 lwtitiae
2494 4958 2683 5001 auctor
2711 4944 2769 4999 lit
2800 4944 2945 4999 Patri
2992 4958 3045 4997 et
3077 4944 3245 4998 servis
3268 4943 3404 5011 ejus,
3437 4955 3600 5011 ange-

2013 5040 2085 5095 lis
2110 5048 2163 5094 et
2212 5037 2606 5102 sacerdotibus,
2643 5047 2895 5105 tanquam
2943 5050 3009 5089 ex
3042 5044 3213 5087 morte
3264 5034 3596 5087 resurrexis«

2014 5142 2119 5195 set,
2150 5140 2204 5185 et
2234 5139 2353 5201 post
2373 5128 2727 5199 perditionem
2759 5128 2950 5181 fuisset
2981 5122 3398 5179 inventus.Nam
3420 5139 3596 5193 quan-

2014 5235 2127 5278 tum
2163 5222 2229 5278 ad
2266 5222 2485 5277 malitia:
2512 5220 2892 5275 abundantiam
2932 5228 3173 5273 mortuus
3193 5227 3331 5282 erat,
3378 5229 3431 5271 et
3465 5219 3591 5272 des-

1958 5306 1963 5311 ’
2011 5327 2260 5387 peratus:
2314 5322 2576 5384 quantum
2612 5326 2737 5366 vero
2764 5313 2831 5365 ad
2855 5312 3143 5365 humanam
3174 5320 3441 5375 naturam,
3474 5323 3593 5378 quae
3692 5324 3705 5337 ·

2010 5405 2276 5461 vertibilis
2326 5413 2408 5458 est
2456 5412 2508 5457 et
2549 5401 2731 5456 valeta
2752 5401 2951 5455 malitia
2970 5402 3318 5465 adtirtntem
3360 5399 3587 5467 ingredi,

2012 5497 2250 5568 perditus
2279 5495 2498 5550 dicitur.
2534 5493 2779 5549 Perditus
2799 5493 2942 5547 enim
2970 5493 3152 5550 mitius
3184 5494 3407 5554 dicitur,
3430 5507 3592 5563 quam

2017 5597 2281 5641 mortuus.

338 5688 609 5754 ζυναμένη
638 5685 717 5747 εἰς
764 5684 962 5754 ἀρετὴν
1022 5685 1371 5750 μεταπεσεῖν,
1393 5680 1687 5743 ἀπολωλὼς
1709 5681 1951 5747 λέγεταιο
1987 5681 2014 5733 6
2046 5680 2155 5746 γάρ
2188 5676 2483 5740 ἀπολωλὼς
2514 5677 2900 5749 μετριώτερον,
2932 5678 2965 5747 ἢ
2997 5678 3024 5729 6
3052 5676 3261 5747 νεκρός.

418 5798 435 5830 ι
473 5775 583 5831 Ἦν
612 5778 667 5830 δὲ
699 5778 727 5828 6
767 5778 878 5838 υίὸς
921 5775 1087 5829 αὑτοῦ
1140 5776 1168 5826 6
1212 5772 1581 5844 πρεσϐύτερος
1631 5774 1687 5825 ὲν
1726 5771 1900 5843 ἀγρῷ,

345 5872 436 5941 καὶ
459 5871 532 5937 ὡς
557 5868 845 5941 ἐρχόμενος
869 5868 1062 5936 ﬁrma:
1088 5869 1152 5937 τῇ
1177 5864 1343 5935 οἰκία,
1368 5865 1564 5937 ἤκουσε
1591 5865 1908 5934 συμφωνίας

2088 5768 2245 5823 Vens.
2303 5769 2497 5824 25-52.
2536 5790 2553 5821 ι
2587 5770 2719 5824 Erat
2766 5782 2944 5823 autem
2982 5769 3121 5823 [ilius
3173 5768 3295 5836 ejus
3323 5770 3508 5823 senior
3535 5772 3588 5827 iu

2026 5878 2175 5931 agro,
2225 5872 2281 5918 et
2325 5877 2448 5918 cum
2500 5864 2704 5919 veniret
2741 5873 2795 5919 ct
2845 5864 3326 5933 appropinquasset
3380 5864 3586 5925 domui.
