3932 6456
235 284 339 351 961

979 288 1424 349 ENARBATIO
1460 288 1539 349 ΙΝ
1580 286 2075 348 EVANGELIUM
2118 286 2348 350 LUC/E.
2381 312 2453 327 -
2478 291 2633 354 CAP.
2674 295 2795 355 XV.

3383 301 3489 366 962

239 399 363 469 σίας
385 394 721 462 ἐνδείξασθαι
756 394 1072 467 βουλόμενοι
1090 399 1152 451 τὸ
1185 397 1439 467 μέγεθος,
1464 396 1624 451 τοῦτο
1647 394 1811 449 πλάτ-

1926 396 2007 448 lcr
2041 398 2376 464 parabolam.
2425 400 2497 485 ,ιιι
2522 415 2650 468 agro
2687 413 2807 457 crat
2836 401 2975 457 ﬁlius
3003 404 3204 469 senior,
3249 406 3349 463 hor.
3380 419 3482 470 est.

234 507 427 560 τομεν.
465 488 695 558 ’Ῑδωμεν
721 488 777 541 δὲ
821 488 915 542 καὶ
950 489 1093 543 κατά
1125 489 1289 560 μέρος
1340 489 1417 553 ὼς
1469 491 1528 542 ὲν
1576 488 1809 559 ἐπιτομῇ

236 582 339 650 τὴν
372 581 710 653 παραϐολήν.
740 580 834 635 Ἐν
866 582 1021 653 ἀγρῷ
1040 578 1108 654 ἦν
1136 583 1165 636 6
1193 581 1568 653 πρεσϐύτερος
1591 582 1726 645 υίὸς,
1755 581 1813 634 ὲν

235 670 315 739 τῷ
349 671 540 738 κόσμῳ
571 668 768 741 τούτῳ,
805 671 1176 741 ἐργαζόμενος
1205 671 1303 743 τὴν
1324 673 1521 726 ἑαυτοῦ
1549 673 1673 743 γῆν,
1714 671 1839 742 τῆν’

238 761 424 829 σάρκα
456 761 621 830 φημὶ,
658 761 743 816 ἵνα
770 762 1064 832 ἐμπλησθῇ
1103 763 1306 834 ἀρτων,
1352 763 1445 816 καὶ¹
1472 762 1713 834 σπείρων
1755 765 1814 816 ὲν

233 851 521 922 δάκρυσιν,
553 851 641 906 ίνα
695 853 753 905 ὲν
781 853 1100 921 ἀγαλλιάσει
1143 853 1356 928 θερίσῃ.
1405 854 1611 908 Μαθὼν
1656 853 1713 907 δὲ
1745 855 1816 907 τά

236 941 580 1013 πραχθέντα,
627 943 727 995 ούκ
760 942 952 1013 ἢθελεν
983 946 1062 1007 είς
1085 944 1183 1016 τὴν
1210 944 1395 1017 κοινὴν
1430 947 1606 1017 χαρὰν
1639 945 1817 999 εἰσελ-

236 1034 377 1087 θεῖν.
420 1035 478 1088 '0
510 1035 566 1087 δὲ
591 1033 978 1107 φιλάνθρωπος
1005 1037 1187 1110 πατὴρ
1215 1036 1404 1105 ἔξεισι,
1434 1038 1529 1092 καὶ
1561 1054 1817 1109 παρακα-

214 1125 345 1191 “).ε”ί,
420 1127 515 1181 καὶ
567 1126 911 1181 ἀναδιδάσκει
972 1128 1134 1182 αὐτὸν
1180 1128 1279 1200 τὴν
1322 1129 1422 1199 τῆς
1477 1126 1818 1199 εὐφροσύνης

235 1218 445 1281 αίτίαν,
476 1217 558 1272 ὅτι
597 1218 792 1290 νεκροῦ
826 1223 974 1273 ἐστιν
1005 1219 1323 1285 ἀναζὼωσις
1344 1234 1359 1249 ⁸
1396 1218 1561 1273 διὰτὸ
1603 1222 1817 1288 ἀγνοεῖν

238 1313 318 1375 ὡς
336 1311 621 1383 ἄνθρωπον
646 1312 1155 1383 σκανδαλιζὸμενον,
1177 1314 1271 1367 καὶ
1289 1311 1615 1385 αἰτιώμενον
1632 1312 1814 1378 αὑτὸν,

243 1404 321 1468 ὡς
351 1405 501 1475 αῦτῷ
536 1405 660 1476 μὲν,
688 1406 810 1459 οὐδὲ
857 1405 1046 1477 ἔριφον
1095 1404 1370 1472 ἐδεδώκει,
1406 1406 1485 1477 τῷ
1535 1406 1592 1461 δὲ
1623 1404 1818 1477 ἀσώτῳ

234 1495 334 1548 τὸν
386 1495 627 1550 σιτευτὸν
663 1494 990 1550 καταθύσειε
1039 1496 1260 1567 μόσχον.
1295 1496 1362 1550 Τί
1394 1496 1450 1550 δέ
1483 1497 1600 1549 ἔστι
1644 1495 1705 1550 τὸ
1729 1495 1817 1550 διὰ

236 1587 335 1641 τοῦ
365 1588 554 1660 ἐρίφου
585 1588 952 1660 δηλούμενον;
984 1581 1113 1643 Ὧδε
1139 1588 1204 1644 ἂν
1237 1589 1450 1660 μάθοις*
1483 1590 1600 1653 Πᾶς
1632 1589 1817 1660 ἔριφος

235 1679 342 1749 τῆς
395 1680 690 1750 ἀριστερᾶς
746 1681 840 1733 καὶ
895 1679 1217 1760 ἀμαρτωλοῦ
1271 1680 1487 1751 μερίδος
1539 1681 1813 1735 τάττεται.

234 1769 414 1839 Φησὶν
437 1768 528 1823 οὖν
549 1770 883 1840 ὸεύάρεστος
901 1771 1032 1839 υίὸς,
1059 1772 1140 1826 ὅτι
1166 1771 1257 1843 :Ev
1280 1772 1412 1825 πᾶσι
1438 1771 1619 1835 πόνοις
1635 1770 1818 1842 διῆγον

236 1862 341 1930 τὴν
368 1862 532 1931 ζωὴν,
553 1861 906 1931 διωκόμενος,
922 1862 1346 1934 κακοχούμενος,
1374 1863 1478 1916 ὑπὸ
1501 1864 1609 1917 τῶν
1640 1863 1818 1937 ἀμαρ-

236 1952 430 2005 τωλῶν
460 1953 798 2025 θλιϐόμενος,
828 1955 924 2009 καὶ
953 1955 1211 2008 οὐδέποτε
1245 1955 1385 2027 ὑπὲρ
1414 1956 1552 2026 ἐμοῦ
1578 1955 1818 2025 ἔσφαξας

232 2045 339 2096 ’καὶ
375 2044 708 2110 ἀπέκτεινας
744 2046 954 2119 ἔριφον,
987 2049 1284 2112 τουτέστιν,
1339 2048 1660 2120 ἁμαρτωλὸν
1703 2048 1820 2102 θλί-

238 2135 408 2188 ϐοντά
441 2154 528 2207 με,
569 2137 646 2201 ὡς
692 2139 760 2192 ἀν
812 2138 959 2211 εῦρω
1009 2139 1213 2210 μικρὰν
1242 2140 1426 2195 ἄνεσιν
1454 2156 1471 2173 ·
1496 2137 1606 2196 οἷον
1633 2141 1819 2213 ἔριφος

236 2221 311 2294 ἦν
349 2225 428 2296 τῷ
459 2226 641 2283 Ἠλιοῦ
682 2231 711 2282 6
765 2229 991 2299 ’Δχαάϐ.
1049 2231 1303 2285 Ἐδίωκεν
1348 2231 1441 2287 οὖν
1476 2233 1568 2287 τὸν
1599 2235 1818 2306 προφή-

238 2326 367 2388 την,
396 2318 492 2372 καὶ
516 2320 616 2374 οὐκ
645 2320 844 2376 ἔδωκεν
872 2325 900 2375 6
927 2322 1132 2396 Κύριος
1159 2324 1347 2379 τοῦτον
1371 2325 1463 2378 τὸν
1499 2325 1687 2397 ἔρι’,ςον
1718 2344 1815 2380 τα·

239 2407 385 2477 χέως
416 2409 496 2472 είς
540 2409 772 2480 σφαγὴν,
809 2411 896 2466 ἵνα
943 2413 1141 2485 μικρὸν
1192 2415 1402 2480 ἀνεθεὶς
1452 2416 1634 2471 Ἦλιοὺ
1679 2416 1817 2470 ἀνά-

239 2499 523 2569 παύσηται
555 2502 695 2572 μετά
723 2504 833 2558 τῶν
859 2505 1026 2575 φίλων
1052 2506 1217 2560 αὐτοῦ
1245 2508 1355 2561 τῶν
1387 2510 1704 2580 προφητῶν.
1728 2508 1820 2563 Διὸ

240 2592 341 2645 καὶ
389 2592 523 2663 φησὶ
571 2595 704 2665 πρὸς
757 2595 890 2650 Θεόν
917 2613 933 2629 ·
977 2616 995 2649 ι
1026 2594 1221 2669 Κύριε,
1242 2599 1367 2663 τοὺς
1390 2602 1691 2671 προφήτας
1724 2619 1818 2654 σου

242 2683 594 2753 ἀπέκτειναν,
646 2688 738 2741 καὶ
792 2691 860 2742 τά
884 2689 1246 2762 θυσιαστήριά
1267 2709 1358 2745 σου
1387 2692 1758 2762 κατέσκαψαν.
1793 2711 1812 2745 ι

244 2774 475 2847 Ἔριφος
498 2778 575 2848 τῷ
602 2778 764 2834 Δαυίδ
792 2782 820 2833 6
853 2780 1045 2848 Σαοὺλ,
1092 2785 1182 2835 καὶ
1213 2783 1411 2846 πάντες
1455 2784 1505 2835 οἱ
1537 2783 1818 2837 ἐνδιαϐάλ-

239 2867 428 2931 λοντες
459 2870 641 2937 αὐτὸν,
691 2869 783 2936 οὓς
811 2873 952 2941 ἐφίει
1002 2873 1032 2926 6
1078 2873 1280 2944 Κύριος
1326 2873 1604 2948 πειράζειν
1634 2875 1816 2945 αὑτὸν,

242 2962 340 3012 καὶ
368 2961 471 3013 οὐκ
497 2962 783 3031 ἐσφαττεν,
814 2965 889 3028 ὡς
922 2963 988 3018 ἀν
1013 2964 1205 3036 ἡσθείη
1237 2966 1400 3018 Δαυῖδ
1424 2982 1437 2995 ⁸
1469 2967 1549 3021 διὸ
1576 2969 1669 3020 καὶ
1707 2968 1822 3022 ἔλε-

239 3065 361 3119 γεν·
402 3070 421 3103 ι
443 3051 589 3115 Ἕως
624 3053 753 3105 πότε
783 3053 1116 3124 ἁμαρτωλοὶ,
1148 3054 1337 3124 Κύριε,
1366 3054 1471 3118 ἕως
1496 3056 1624 3107 πότε
1642 3055 1821 3128 ἀμαρ-

242 3144 405 3198 τωλώ
445 3147 810 3216 καυχήσονται
847 3162 909 3212 »;
957 3145 1141 3199 Ταῦτα
1193 3146 1338 3214 λέγει
1396 3147 1490 3199 καὶ
1557 3149 1585 3200 6
1629 3149 1687 3201 ἐν
1742 3146 1820 3219 τῷ

246 3236 563 3305 Εὐαγγελίῳ
612 3237 726 3301 υἱός
768 3255 781 3268 σ
833 3237 1069 3290 Πάντοτε
1113 3255 1181 3308 με
1232 3240 1290 3291 ὲν
1332 3240 1521 3301 κόποις
1560 3240 1690 3293 ὅντα
1731 3241 1822 3292 οὐ·

241 3330 439 3398 δεμιᾶς
487 3330 838 3400 παραμυθίας
899 3329 1162 3401 ἠξίωσας,
1219 3330 1340 3385 οὐδὲ
1395 3329 1502 3385 τῶν
1531 3332 1821 3385 θλιϐόντων

247 3421 316 3490 μέ
377 3439 500 3475 τινα
555 3425 736 3493 σφαγῇ
799 3424 1164 3495 παρέδωκας,
1223 3423 1316 3477 νῦν
1359 3424 1416 3478 δὲ
1470 3424 1644 3486 οὕτως
1683 3427 1819 3481 ἁπό-

241 3529 354 3576 ιως
402 3512 592 3578 σώζεις
629 3516 721 3568 τὸν
761 3515 986 3571 ἄσωτον.
1036 3510 1202 3580 Οὗτος
1252 3516 1352 3588 μὲν
1413 3515 1504 3570 οὖν
1547 3519 1575 3570 6
1623 3519 1821 3582 σκοπὸς

242 3603 341 3670 τῆς
370 3604 683 3674 παραϐολῆς
722 3604 887 3669 ἅπας,
931 3606 1018 3659 δια
1068 3606 1193 3670 τοὺς
1248 3606 1616 3677 γογγύζοντας
1665 3610 1822 3681 Φαρι-

254 3699 433 3760 ιαίους
485 3699 576 3749 ἐπὶ
633 3700 743 3760 τοῖς
799 3697 903 3751 ὑπὸ
956 3698 1051 3751 τοῦ
1122 3699 1328 3770 Κυρίου
1402 3699 1821 3771 προσλαμϐανο-

248 3791 430 3862 μένοις
463 3791 801 3862 ἁμαρτωλοῖς
832 3791 1135 3863 λεχθείσης,
1164 3793 1258 3846 καλ⁵
1295 3794 1675 3864 παιδευούσης,
1716 3793 1820 3848 κᾶν

245 3878 401 3952 ὦμεν
446 3885 663 3949 δίκαιοι,
718 3884 793 3955 μὴ
850 3885 973 3946 τοὺς
1033 3885 1390 3956 ἁμαρτωλοὺς
1444 3886 1818 3952 ἀποσείεσθαι,

249 3974 386 4044 μηδὲ
411 3975 839 4044 προσδεχομένου
864 3974 1060 4038 αὐτοὺς
1083 3974 1176 4028 τοῦ
1201 3975 1337 4028 Θεοῦ
1364 3977 1821 4046 γαταγογγύζεινδ

246 4064 375 4127 Υἱὸς
404 4065 581 4118 τοίνυν
608 4064 873 4135 νεώτερος
906 4066 962 4117 αί
995 4066 1208 4135 πόρναι,
1240 4066 1331 4118 καὶ
1360 4066 1410 4119 οί
1436 4066 1681 4120 τελῶναν
1703 4068 1820 4132 υἱὸς

244 4156 618 4229 πρεσϐύτερος
650 4159 698 4210 oi.
728 4157 1009 4228 Φαρισαῖοι
1066 4161 1160 4211 καὶ
1190 4158 1240 4210 οί
1282 4158 1654 4230 Γραμματείς.
1692 4160 1816 4217 καθ’

248 4248 504 4303 ὑπόθεσιν
531 4249 727 4301 δίκαιοι
756 4249 1174 4320 λαμϐανόμενοι,
1208 4250 1406 4304 ὡσανεὶ
1433 4232 1711 4321 λέγοντος.ἱ
1723 4252 1818 4307 τοῦ

245 4339 404 4394 Θεοῦ·
449 4339 652 4405 Ἔστω,
695 4341 852 4411 ὑμεῖς
897 4339 1094 4393 δίκαιοι
1138 4339 1376 4409 ἀληθῶς,
1424 4348 1519 4395 καὶ
1562 4341 1819 4413 οὐδεμίαν

1916 486 1969 541 in
2006 488 2202 543 mundo
2233 489 2352 553 hoc,
2399 500 2452 544 et
2479 494 2805 562 operabatur
2832 509 2985 550 suam
3028 509 3247 564 terram,
3269 514 3485 555 carnem

1915 577 2057 640 dico,
2088 589 2142 630 ιιι
2172 577 2485 647 impleretur
2516 582 2764 650 panibus,
2795 589 2849 637 et
2873 587 3087 639 serebat
3118 587 3168 640 in
3214 587 3485 659 Iacrymis,

1916 678 1973 722 ιιι
1999 680 2235 724 ιιιειετει.
2295 673 2345 725 in
2378 673 2757 731 exsultatione.
2817 675 2987 733 Porro
3016 679 3101 733 ubi
3132 680 3318 735 didicit
3367 698 3488 753 quge

1915 758 2055 815 facta
2085 773 2261 829 erant,
2309 763 2478 818 noluit
2531 766 2596 817 ad
2622 777 2908 822 cotnmuiie
2927 771 3176 840 gaudium
3228 773 3483 839 ingredi:

1915 854 2009 906 sed
2064 854 2372 908 misericors
2400 864 2552 923 pater
2594 857 2891 926 egreditur,
2928 865 2988 913 et'
3010 860 3283 922 obsecrat.
3312 872 3367 916 et
3395 864 3491 916 do-

1917 951 2003 997 cet
2021 958 2162 1011 eum,
2177 945 2376 1001 laetitiae
2396 960 2613 1000 causam
2636 962 2759 1002 esse
2774 950 2972 1003 mortui
2993 951 3485 1008 rcvivilicatiouettt:

1919 1049 1983 1088 eo
2040 1037 2181 1104 quod
2235 1038 2489 1108 ignorans
2551 1040 2948 1095 scandalizatus
3013 1053 3155 1098 essit
3209 1046 3390 1110 homo,
3436 1055 3492 1099 et

1918 1137 2170 1198 arguerat
2215 1142 2339 1183 eum
2387 1131 2530 1199 quod
2578 1131 2676 1185 sibi
2729 1149 2904 1204 neque
2964 1135 3174 1190 haedum
3230 1136 3487 1202 dedisset,

1915 1216 2075 1291 411
2104 1219 2464 1284 ἱιιιβυπ-ωτηο
2495 1233 2675 1277 autem
2702 1225 3002 1294 saginatum
3034 1228 3319 1283 occidisset
3347 1230 3489 1282 vitn-

1918 1307 2047 1363 lum.
2086 1307 2226 1373 Quid
2253 1320 2429 1364 autem
2460 1319 2543 1364 est
2572 1312 2713 1380 quod
2754 1328 2847 1384 per
2872 1316 3083 1370 haedum
3112 1317 3491 1387 signiﬁcatur?

1923 1399 2034 1454 Hoc
2068 1400 2187 1455 loco
2217 1401 2364 1457 disce
2391 1419 2404 1457 :
2440 1401 2633 1459 Omnis
2654 1404 2843 1461 haedus
2860 1417 2909 1461 et
2931 1417 3181 1476 peccator
3206 1408 3493 1462 ordinatur

1918 1492 1985 1547 ad
2027 1492 2304 1548 sinistram
2329 1505 2558 1564 partem.
2584 1496 2726 1551 Dicit
2758 1499 2922 1569 igitur
2956 1504 3105 1554 bona:
3126 1499 3299 1572 frugis
3327 1500 3489 1556 ﬁlius:

1920 1579 2178 1654 Transegi
2203 1585 2367 1639 vitam
2391 1586 2444 1640 in
2465 1588 2716 1643 omnibus
2736 1587 3033 1656 laboribus,
3057 1591 3490 1660 persecutionem

1920 1690 2113 1745 passus
2146 1686 2199 1732 et
2223 1676 2455 1732 amictus
2478 1688 2533 1734 et
2564 1693 2593 1733 a
2620 1681 2998 1748 peccatoribus
3030 1696 3243 1752 passus,
3274 1693 3329 1737 et
3354 1698 3492 1737 nun-—

1922 1782 2081 1836 quam
2115 1766 2244 1822 mihi
2275 1768 2521 1825 occidisti
2560 1770 2800 1836 haedum,
2867 1773 2968 1827 hoc
3024 1784 3126 1838 est,
3191 1774 3513 1828 humiliasti.

1916 1866 2286 1932 peccatorem,
2314 1872 2375 1917 ut
2400 1861 2701 1920 invenirem
2729 1863 2809 1918 vel
2832 1878 3050 1932 parvam
3077 1866 3312 1935 quietem
3344 1867 3489 1919 :hze-

1919 1950 2020 2004 dus
2053 1959 2170 2004 erat
2204 1950 2333 2005 Elite
2374 1948 2580 2007 Achab.
2609 1950 3038 2023 Persequebatur
3066 1955 3210 2007 enim
3260 1956 3493 2023 prophe-

1922 2050 2052 2107 tam,
2088 2052 2141 2095 Et
2196 2057 2299 2096 non
2342 2042 2488 2097 dedit
2510 2043 2774 2099 Dominus
2805 2044 3014 2098 haedum
3045 2047 3224 2099 Statim
3256 2045 3323 2098 ad
3350 2046 3497 2099 oeci-

1921 2129 2176 2195 demtum,
2218 2140 2275 2184 ut
2310 2126 2607 2202 parumper
2636 2131 3027 2189 refocillaretur
3080 2143 3135 2187 et
3191 2133 3493 2201 quiesceret

1922 2235 2042 2275 cum
2091 2223 2280 2278 amicis
2310 2224 2584 2294 prophetis
2609 2225 2742 2280 suis.
2777 2224 3005 2281 Proinde
3032 2225 3163 2279 dicit
3195 2227 3260 2277 ad
3280 2227 3443 2277 Deum
3474 2240 3489 2277 :

1927 2332 1945 2364 ι
1984 2314 2226 2383 Domine,
2259 2316 2545 2385 protihetas
2580 2328 2701 2372 tuos
2729 2321 3062 2381 occiderunt,
3102 2330 3151 2371 et
3189 2318 3376 2371 altaria
3404 2327 3495 2370 tua

1922 2407 2324 2463 subverterttnt.
2364 2420 2382 2461 ι
2426 2405 2622 2464 Haedus
2663 2409 2848 2464 Davidi
2875 2421 2995 2465 erat
3044 2410 3193 2476 Saul‘,
3221 2420 3274 2465 et
3302 2425 3491 2464 omnes

1920 2503 2011 2572 qui
2058 2501 2530 2556 calumniahantur
2561 2517 2708 2568 eum,
2747 2502 2942 2572 quibus
2976 2503 3327 2574 permittebat
3380 2500 3491 2556 Do-

1920 2596 2097 2648 minus
2129 2603 2335 2650 tentare
2365 2610 2510 2661 eum,
2549 2605 2603 2651 et
2642 2613 2748 2653 non
2814 2596 3034 2663 occidit,
3101 2606 3158 2651 ut
3216 2595 3498 2650 laetaretur

1922 2681 2124 2747 David;
2155 2684 2275 2740 ideo
2304 2696 2357 2740 et
2387 2686 2633 2756 dicebat}:
2665 2704 2685 2739 ι
2721 2687 3356 2757 Usquequopeccatores,
3388 2685 3495 2738 θυι

1922 2779 2086 2843 mine,
2122 2793 2396 2851 usquequo
2426 2790 2736 2848 peccatores
2774 2782 3155 2853 gloriabuntur
3176 2778 3266 2831 σοί
3305 2799 3321 2829 ι
3366 2777 3491 2833 Η,ιό

1924 2869 2048 2923 dicit
2078 2870 2133 2924 in
2171 2870 2461 2941 Evangelio
2502 2881 2557 2926 et
2611 2872 2774 2940 ﬁlius,
2829 2888 2951 2927 cum
3003 2873 3054 2926 in
3116 2871 3296 2925 multis
3350 2884 3492 2925 esset

1924 2961 2222 3029 laboribus,
2271 2972 2327 3017 et
2355 2964 2555 3018 nullam
2596 2962 2791 3021 fuisset
2851 2977 3134 3019 assecutus
3163 2961 3491 3017 consolatio-

1926 3066 2044 3105 nem
2083 3069 2096 3104 :
2133 3051 2314 3122 Neque
2349 3053 2578 3124 aliquem
2606 3070 2670 3109 ex
2701 3055 3137 3125 persecutoribus
3167 3054 3299 3107 meis
3331 3052 3494 3107 morti

1927 3142 2219 3206 tradidisti,
2263 3158 2407 3198 nunc
2439 3154 2618 3199 autem
2652 3146 2724 3199 ita
2754 3144 2910 3199 facile
2958 3146 3137 3199 salvas
3188 3145 3488 3211 prodigum.

1924 3234 2023 3289 llic
2054 3236 2214 3305 igitur
2242 3244 2386 3290 totus
2426 3252 2623 3306 scapus
2655 3237 2919 3307 parabolae
2948 3246 3029 3291 est
3060 3246 3273 3306 propter
3297 3232 3492 3288 Phari-

1923 3340 2057 3380 saeos
2120 3328 2594 3382 obmurmurantes
2624 3328 2765 3397 quod
2797 3339 3108 3397 peccatores
3138 3334 3440 3396 susciperet
3474 3340 3489 3379 :

1923 3433 2026 3488 qua
2053 3419 2229 3481 docet,
2260 3417 2472 3472 etiamsi
2491 3418 2620 3486 justi
2652 3426 2841 3486 simus,
2869 3435 2971 3474 non
3006 3418 3340 3489 repellendos
3366 3434 3493 3488 pec-

1920 3520 2151 3578 catores,
2206 3525 2379 3581 neque
2432 3512 2970 3577 obmurmurandum,
3035 3514 3327 3583 recipiente
3376 3512 3501 3567 illos

1923 3601 2053 3656 Deo.
2083 3601 2251 3660 Filius
2280 3605 2446 3674 igitur
2474 3602 2682 3675 iunior,
2729 3615 2851 3657 sunt
2880 3606 3194 3659 meretrices
3216 3614 3271 3671 et
3321 3605 3493 3674 publi-

1921 3714 2042 3754 cant
2072 3716 2088 3754 :
2127 3699 2309 3753 senior
2348 3712 2496 3761 vero,
2520 3696 2778 3751 Pharisaei
2813 3706 2867 3751 et
2901 3694 3104 3751 Scriba:
3134 3698 3246 3766 qui,
3300 3711 3491 3752 secun-

1916 3792 2047 3855 dum
2082 3790 2364 3845 materiam
2395 3789 2684 3859 parabola',
2713 3789 2841 3856 justi
2897 3790 3304 3859 intelliguntur;
3337 3792 3490 3861 quasi

1923 3881 2134 3936 dicente
2168 3879 2275 3934 Deo
2307 3896 2321 3932 :
2355 3876 2503 3941 Esto,
2536 3893 2629 3934 vos
2655 3879 2776 3933 sitis
2812 3890 2937 3933 vere
2969 3878 3122 3948 justi,
3182 3881 3493 3951 nullumque

1925 3972 2245 4043 transgressi
2276 3970 2589 4026 mandatum
2626 3988 2641 4025 :
2686 3985 2794 4025 non
2814 3982 3025 4040 oportet
3054 3973 3218 4042 igitur
3282 3974 3486 4027 assumi

1922 4080 2016 4120 eos
2044 4064 2137 4135 qui
2172 4079 2203 4119 a
2230 4061 2466 4133 peceatis
2491 4062 2925 4119 cenvertuutur?
2953 4054 3114 4119 Tales
3162 4065 3343 4132 itaque
3393 4065 3492 4120 ob.

1922 4166 2358 4213 murmuratores
2381 4158 2538 4210 docet
2567 4171 2664 4227 per
2682 4157 2820 4212 hanc
2840 4172 2904 4227 pa
2915 4157 3171 4214 rabolam.
3199 4157 3314 4217 Non
3334 4143 3489 4230 igno-

1924 4266 1986 4305 ro
2020 4261 2199 4305 autem
2222 4249 2364 4321 quod
2391 4247 2613 4319 quidam
2636 4263 2732 4321 per
2757 4249 3025 4307 seniorem
3059 4251 3226 4306 tilium
3271 4254 3491 4323 angelos

1921 4353 2218 4415 exponunt,
2244 4357 2341 4412 per
2365 4343 2637 4411 juniorem
2670 4352 2849 4399 autem
2884 4343 3175 4398 btttnauam
3219 4356 3494 4410 naturam,

242 4432 462 4504 ἐντολὴν
504 4432 955 4503 ’παραϐεϐηκότες
979 4432 1005 4464 ⁶’
1026 4434 1086 4486 οὐ
1137 4434 1218 4488 δεῖ
1263 4434 1356 4488 οὖν
1402 4437 1817 4509 προσλαμϐάνε-

1920 4449 2042 4505 qua
2069 4434 2390 4490 tumultuata
2424 4447 2528 4501 εει,
2561 4441 2617 4490 et
2642 4447 2828 4489 contra
2851 4434 3036 4491 datum
3060 4436 3371 4492 mandatum
3397 4452 3489 4489 van

245 4524 373 4579 σθαι
406 4526 529 4588 τοὺς
560 4525 623 4578 ὲκ
654 4523 919 4597 πονηρίας
954 4525 1420 4597 ὲπιστρέφοντας;
1472 4526 1612 4593 Τοὺς
1644 4530 1817 4584 τοιού-

242 4635 371 4680 τους
402 4614 494 4669 οῦν
548 4617 856 4684 γογγυστάς
907 4615 1149 4668 παιδεύει
1188 4615 1276 4670 διὰ
1323 4617 1421 4688 τῆς
1473 4619 1812 4690 παραϐολῆς.

243 4707 362 4761 υύκ
410 4706 589 4775 ἀγνοῶ
626 4705 704 4771 δὲ,
751 4705 835 4758 ὅτι
865 4706 1007 4768 τινὲς
1047 4706 1129 4770 εἰς
1153 4705 1279 4770 τοὺς
1302 4708 1567 4776 ἀγγέλους
1598 4709 1696 4779 μὲν
1724 4711 1815 4764 τὸν

243 4799 615 4871 πρεσϐύτερον
652 4798 787 4863 υἱὸν,
837 4797 927 4850 τὸν
960 4796 1016 4850 δὲ
1045 4797 1308 4870 νεώτερον
1332 4800 1411 4862 είς
1451 4799 1551 4870 τὴν
1579 4800 1687 4852 τῶν
1726 4802 1819 4855 ἀν-

242 4894 272 4944 θ
281 4891 483 4961 ρώπων
506 4889 669 4959 φύσιν
693 4889 792 4958 τὴν
825 4888 1228 4959 νεωτερίσασαν
1267 4887 1411 4942 κατὰ
1449 4889 1547 4960 τῆς
1571 4887 1819 4960 δοθείσης

242 4982 467 5052 ἐντολῆς
522 4984 617 5035 καὶ
677 4978 1060 5051 ἀφηνιάσασαν
1110 4976 1425 5047 ὲξελάϐοντο
1462 4995 1478 5011 ο
1535 4980 1685 5035 ἄλλοι
1736 4985 1817 5046 εἰς

238 5075 373 5138 τοὺς
416 5074 759 5145 Ἰσραηλίτας
801 5074 896 5127 καὶ
940 5074 1066 5136 τοὺς
1091 5071 1357 5139 ἑθνικούς.
1412 5074 1636 5147 ’Δληθὲς
1680 5075 1761 5142 δὲ,
1787 5074 1817 5130 6

243 5170 475 5237 εἴπομεν
505 5166 686 5238 μόνον,
709 5166 792 5220 ὅτι
819 5168 899 5230 είς
922 5168 1024 5238 μὲν
1043 5162 1153 5218 τῶν
1175 5160 1400 5220 δικαίων
1423 5165 1483 5220 τὸ
1505 5169 1815 5238 πρόσωπον,

241 5256 581 5326 λαμϐάνεται
599 5259 625 5310 6
639 5255 1009 5329 πρεσϐύτερος
1025 5255 1158 5321 υἱὸς,
1179 5254 1260 5321 είς
1282 5257 1341 5310 τὸ
1352 5256 1461 5311 τῶν
1477 5256 1816 5330 ἁμαρτωλῶν

240 5351 303 5403 δε
338 5350 431 5403 καὶ
457 5350 915 5424 ἐπιστρεφόντων,
962 5349 991 5402 6
1020 5347 1302 5420 νεώτερος.
1332 5348 1407 5403 Τὸ
1431 5350 1489 5403 δὲ
1521 5352 1639 5404 ὅλον
1684 5350 1817 5420 ὓφος

239 5441 345 5510 τῆς
370 5438 686 5512 παραϐολῆς
732 5440 821 5494 διὰ
860 5440 986 5504 τοὺς
1013 5440 1341 5511 Φαρισαίους
1389 5440 1644 5513 συνέστη,
1693 5459 1816 5496 παι-

237 5531 489 5596 δεύοντος
511 5533 705 5596 αὐτοὺς
729 5529 824 5585 τοῦ
853 5531 1084 5603 Κυρίου,
1118 5530 1193 5605 μὴ
1219 5533 1593 5606 δυσχεραίνειν
1624 5535 1714 5587 ἐπὶ
1745 5536 1812 5605 τῇ

237 5621 529 5693 παραδοχῇ
575 5620 684 5675 τῶν
715 5620 1077 5692 ἀμαρτωλῶν,
1121 5623 1226 5676 κᾶν
1251 5625 1405 5677 αὐτοὶ
1447 5625 1644 5679 δίκαιοι
1676 5619 1811 5677 εἶεν.

313 5744 363 5777 ⁸ο
391 5742 538 5803 Psal.
579 5762 729 5815 xcm,
755 5744 810 5801 3.

1925 4528 2036 4584 enit
2065 4528 2309 4595 deliciis;
2333 4527 2422 4581 alii
2453 4542 2579 4582 vero
2603 4526 2877 4583 lsraelitas
2906 4537 2960 4583 et
2985 4528 3229 4599 gentiles.
3291 4527 3491 4606 Verum

1922 4630 2099 4675 autem
2123 4620 2226 4674 hoc
2251 4620 2539 4677 tenendum
2563 4631 2646 4676 est
2669 4622 2812 4689 quod
2870 4621 3149 4685 diximus,
3182 4620 3307 4690 quia
3348 4619 3494 4674 titius

1922 4712 2103 4766 senior
2130 4710 2582 4780 personamgerit
2597 4709 2893 4778 iustorum,
2920 4710 3106 4780 junior
3131 4722 3309 4765 autem
3364 4725 3494 4781 pec-

1922 4814 2161 4857 catorum
2186 4809 2240 4855 et
2261 4814 2320 4856 se
2360 4801 2819 4855 convertentium.
2839 4799 3006 4855 Totus
3019 4814 3197 4856 autem
3221 4802 3493 4872 parabolae

1918 4900 2203 4946 contextus
2228 4898 2449 4961 propter
2471 4887 2776 4945 Pharisaaos
2790 4901 2868 4945 est
2900 4892 3128 4961 positus,
3178 4900 3237 4945 ut
3297 4890 3494 4946 doceat

1917 4999 2013 5057 eos
2059 4971 2320 5037 Dominus
2351 4998 2417 5037 ne
2444 4996 2585 5052 aegre
2617 4982 2789 5036 lerant
2817 4986 3211 5050 susceptionem
3242 4992 3496 5052 peccato:

1924 5091 2066 5141 rum,
2099 5072 2314 5130 etiamsi
2340 5073 2440 5143 ipsi
2479 5072 2616 5143 justi
2649 5084 2853 5127 essent.
2902 5068 3088 5129 Nullus
3117 5089 3245 5145 ergo
3287 5075 3489 5145 judicia

1925 5167 2019 5224 Dei
2048 5166 2314 5239 gravatim
2342 5166 2502 5232 ferat,
2526 5165 2620 5221 sed
2647 5173 2859 5237 gratum
2889 5167 2958 5220 sit
2983 5168 3054 5232 ei,
3079 5167 3123 5222 si
3154 5165 3191 5221 ii
3224 5167 3316 5236 qui
3365 5182 3498 5237 pec-

1924 5270 2136 5316 catores
2157 5260 2434 5327 videntur,
2474 5258 2706 5313 feliciter
2749 5268 2911 5328 agant
2940 5268 2994 5311 et
3044 5258 3338 5312 salventur.
3389 5260 3488 5325 Qui

1921 5353 2064 5408 enim
2104 5353 2234 5417 scis,
2254 5354 2300 5408 si
2320 5352 2365 5407 is
2391 5366 2550 5422 quem
2580 5361 2634 5405 ιιι
2669 5362 3008 5422 peccatorem
3054 5365 3271 5411 censes.
3321 5351 3500 5419 pmni-t

1921 5445 2143 5500 tentiam
2174 5444 2423 5514 egeritet
2471 5454 2658 5514 gratus
2710 5442 2889 5498 factus
2922 5442 3037 5497 sit?
3088 5444 3225 5510 Quid
3261 5445 3409 5507 item,
3442 5442 3495 5496 si

1917 5534 2157 5591 occultas
2188 5533 2350 5589 habet
2393 5533 2646 5602 virtutes,
2676 5544 2730 5591 et
2787 5544 3067 5605 propterea
3098 5548 3128 5587 ιι
3163 5534 3272 5590 Deo
3338 5532 3499 5587 benic

1919 5640 2021 5696 gne
2053 5626 2340 5697 respicitur
2365 5626 2392 5681 ἲ
