3932 6456
481 267 586 330 963

1340 251 1921 320 THEOPIIYLAC’I‘I
1956 246 2369 310 Blll.GARI.E
2397 246 2754 309 ARCHIEP.
3585 252 3669 318 9M

469 377 672 448 Μηδεὶς
701 367 796 431 οὖν
817 374 908 430 ἐπὶ
931 373 1043 440 τοῖς
1065 370 1156 429 τοῦ
1187 370 1321 426 Θεοῦ
1352 371 1583 444 κρίμασι
1611 364 2030 438 δυσλεραινέτω,
2070 359 2186 413 ἀλλ’
2251 359 2528 429 ἀνεχὲσθω
2571 357 3014 448 εὐπραγοῦντων,
3065 359 3159 414 καὶ
3237 358 3550 428 σωζομένων
3594 368 3681 420 τῶν

465 445 802 541 ἁμαρτωλῶν
823 465 1148 522 δοκούντων.
1196 463 1255 516 Γί
1288 472 1396 534 γάρ
1442 456 1613 524 οἶδας,
1648 459 1697 512 εἰ
1742 457 1840 511 ενα
1905 453 1969 507 σὺ
2031 450 2270 520 νομίζεις
2333 449 2677 520 ἁμαρτωλὸν,
2743 445 2896 514 οὗτος
2941 450 3258 520 μετενόησε,
3308 454 3406 506 καὶ
3433 453 3514 506 διὰ
3554 455 3683 509 τοῦτο

471 563 808 637 προσεδέχθη
834 579 850 629 ;
893 561 960 616 Τί
992 561 1048 616 δὲ
1079 561 1128 614 εἰ
1157 559 1408 630 κρυπτὰς
1439 557 1640 628 ἀρετὰς
1665 553 1802 624 ἔχει,
1841 550 1938 606 καὶ
1965 547 2054 602 διά
2082 544 2288 610 ταύτας
2322 545 2474 616 παρὰ
2511 543 2606 598 τοῦ
2635 544 2769 598 Θεοῦ
2809 545 3055 616 εὐμενῶς
3083 546 3312 614 opacat;

947 678 1110 751 412
1143 674 1371 733 CAPUT
1422 672 1562 730 xw.

470 788 546 845 De
577 791 935 860 dispensatore
963 792 1184 860 injuslo.
1224 789 1380 855 Quod
1415 805 1476 842 ne
1524 801 1662 860 apex
1719 785 1923 860 quidem
1975 785 2040 839 de

542 858 1078 931 legeprwtercundm
1100 863 1191 914 sit.
1227 861 1298 931 με
1325 876 1424 912 non
1476 858 1790 912 dimittenda
1851 869 2034 910 uxore.

541 929 614 987 oe
637 929 842 985 Lazaro
865 943 909 986 et
945 929 1103 986 divite
1130 929 1369 997 epulone.

543 1109 709 1166 Vens.
771 1108 907 1164 l-9.
951 1127 970 1160 ι
1018 1107 1234 1164 Dicebat
1285 1114 1462 1162 autem
1538 1115 1593 1161 et
1645 1106 1709 1160 ad
1752 1103 2040 1176 discipulos

465 1218 632 1258 suos:
667 1202 840 1257 Homo
876 1202 1092 1272 quidam
1128 1209 1248 1255 erat
1301 1197 1474 1262 dives,
1505 1199 1594 1270 qui
1653 1198 1880 1254 habebat
1928 1197 2037 1252 dis-

469 1305 831 1365 pensatorem,
863 1304 915 1350 et
977 1293 1294 1348 lticdelatus
1334 1301 1414 1346 est
1444 1292 1582 1360 apud
1629 1291 1774 1344 illum
1837 1300 1896 1345 ut
1946 1289 2037 1361 qui

469 1387 762 1455 dissiparet
793 1386 930 1438 bona
965 1384 1134 1454 ipsius
1166 1399 1180 1438 :
1222 1393 1274 1436 et
1298 1384 1505 1438 vocavit
1536 1383 1708 1447 illum,
1729 1391 1783 1438 et
1809 1383 1886 1436 ait
1915 1382 1990 1436 illi
2019 1400 2033 1437 :

471 1475 609 1542 Quid
656 1477 756 1529 hoc
807 1474 982 1529 audio
1015 1471 1083 1527 de
1113 1472 1200 1527 te?
1237 1472 1403 1527 redde
1443 1472 1704 1527 rationem
1763 1472 2039 1543 dispensa-

469 1567 630 1622 tionis
663 1576 768 1622 tua:
800 1582 814 1619 :
849 1581 955 1621 non
989 1565 1131 1620 enim
1173 1565 1376 1635 poteris
1418 1565 1645 1633 posthac
1697 1563 2028 1631 dispensare.

468 1661 762 1714 Aitautem
791 1658 1142 1726 dispensator
1183 1657 1323 1712 intra
1363 1671 1422 1711 se
1456 1673 1470 1710 :
1505 1655 1642 1723 Quid
1675 1653 1871 1710 faciam
1908 1655 2035 1725 quia

468 1750 718 1806 dominus
747 1765 898 1806 meus
953 1749 1132 1805 aufert
1155 1765 1183 1803 a
1209 1763 1295 1804 me
1313 1747 1770 1817 dispensationem
1791 1747 1815 1802 ἰ
1837 1738 2041 1802 Fodere

431 1830 578 1893 'nou
636 1837 811 1904 valeo,
844 1837 1157 1894 mendicare
1181 1835 1442 1892 erubesco
1475 1851 1491 1889 :
1524 1837 1638 1890 scio
1667 1834 1794 1905 quid
1818 1833 2035 1901 faciam,

470 1940 530 1984 ut
568 1945 691 1984 cum
720 1939 933 1985 amotus
998 1927 1201 1985 fueroa
1265 1926 1692 1996 dispensatione,
1763 1925 2034 1994 recipiant

2073 669 2121 730 Α

2737 665 2988 719 Recita.
3024 664 3139 732 ις’.

2143 778 2278 846 Περί
2309 777 2414 832 τοῦ
2452 777 2920 850 οίκονόμουεεῆς
2963 777 3387 850 ἀδικίαςηηερί
3417 779 3516 834 τοῦ
3554 782 3681 850 μηδέ

2211 850 2455 919 κεραίαν
2473 849 2591 901 ἀπὸ
2619 847 2724 900 τοῦ
2757 849 2942 917 νόμον
2972 848 3291 919 παρελθεῖν
3317 849 3415 919 ἅτ.
3445 847 3570 919 Περὶ
3594 847 3678 907 τοῦ

2207 919 2294 987 μὴ
2345 918 2639 987 ἀπολύειν
2668 919 2783 983 τὴν
2816 917 3093 986 γυναῖκα.
3118 918 3254 986 Περὶ
3288 917 3397 971 τοῦ
3414 917 3680 978 πλουσίου

2213 986 2311 1041 καί
2343 987 2448 1042 τοῦ
2491 986 2776 1055 Λαζάρου.

2221 1115 2241 1154 t
2283 1102 2473 1169 Ἔλεγε
2492 1101 2547 1155 δὲ
2565 1101 2659 1156 καὶ
2684 1101 2820 1171 πρὸς
2846 1102 2970 1164 τοὺς
2998 1101 3244 1171 μαθητὰς
3267 1102 3434 1156 αὑτοῦ
3457 1119 3470 1134 ⁸
3487 1103 3685 1176 ’Ἀνθρω-

2143 1197 2244 1259 πός
2277 1213 2357 1258 τις
2386 1192 2453 1267 ἦν
2486 1196 2760 1261 πλούσιος,
2805 1196 2864 1259 ὃς
2903 1191 3053 1267 εἶχεν
3085 1199 3393 1268 οἰκονόμον,
3428 1200 3519 1252 καὶ
3551 1192 3680 1268 οὗτος

2139 1287 2398 1357 διεϐλήθη
2452 1287 2637 1356 αὐτῷ,
2691 1287 2765 1350 ὼς
2817 1288 3220 1358 διασκορπίζων
3276 1291 3346 1343 τὰ
3406 1291 3686 1363 ὑπάρχοντι

2142 1380 2330 1434 αὑτοῦ.
2393 1381 2502 1434 Kal
2533 1381 2788 1452 φωνήσας
2825 1381 3009 1446 αὑτὸν,
3058 1377 3216 1435 εἶπεν
3242 1383 3394 1454 αὐτῷ
3418 1402 3431 1414 ·
3466 1385 3527 1438 Τί
3557 1386 3686 1440 τοῦτο

2143 1471 2328 1526 ἀκούω
2354 1473 2482 1543 περὶ
2515 1471 2643 1538 eoi};
2694 1473 2914 1537 Ἀπόδος
2953 1474 3043 1528 τὸν
3083 1474 3239 1544 λόγον
3276 1476 3378 1547 τῆς
3407 1479 3688 1546 οἰκονομίας

2143 1581 2258 1632 σου,
2287 1563 2346 1618 οὐ
2374 1567 2482 1646 γὰρ
2515 1563 2717 1636 δυνήσῃ
2747 1564 2826 1618 ἔτι
2857 1566 3183 1636 οίκονομεῐν.
3220 1562 3351 1620 Eius
3378 1568 3436 1621 δὲ
3457 1571 3512 1622 ἐν
3535 1571 3685 1641 ἑαυτῷ

2139 1657 2168 1709 6
2217 1654 2519 1725 οἰκονόμος·
2557 1655 2624 1708 Τί
2668 1655 2900 1726 ποιήσω,
2934 1656 3018 1710 ὅτι
3068 1657 3097 1710 ὁ
3166 1656 3356 1728 κύριός
3406 1676 3506 1730 μου
3547 1661 3687 1728 ἀφαιδ

2145 1749 2318 1818 ρεῑται
2336 1746 2436 1817 τὴν
2457 1746 2770 1818 οἰκονομίαν
2797 1747 2892 1801 ἀπ’
2918 1747 3052 1819 ἐμοῦ
3079 1765 3093 1813 ;
3117 1748 3387 1802 Σκάτπειν
3407 1751 3504 1803 οὐκ
3525 1751 3685 1821 ἰσχύω,

2139 1833 2383 1893 ἐπαιτεῖν
2398 1837 2724 1910 αἰσχύνομαι
2744 1856 2759 1871 ·
2780 1839 2951 1908 ἔγνων
2979 1839 3032 1892 τί
3067 1842 3295 1910 ποιήσω,
3331 1839 3442 1903 ἵνα,
3469 1841 3587 1894 ὅταν
3611 1860 3688 1912 μεθ

2139 1927 2393 1984 τασταθῶ
2420 1928 2520 1999 τῆς
2541 1928 2875 1999 οἰκονομίας,
2900 1917 3160 1993 δέξωνταί
3189 1945 3256 2000 με
3283 1930 3360 1993 εἰς
3382 1930 3508 1992 τοὺς
3533 1931 3684 1994 οίκους

471 2036 558 2075 me
619 2021 672 2075 in
711 2021 903 2075 domos
965 2034 1112 2075 suas.
1155 2017 1484 2075 Convocatis
1551 2017 1732 2087 itaque
1811 2015 2038 2088 singulis

2146 2014 2342 2072 αὑτῶν.
2374 2017 2481 2071 Kal
2510 2018 3025 2090 προσκαλεσάμενος
3052 2008 3148 2071 ἕνα
3169 2019 3400 2071 ’ἑκαστον
3425 2019 3531 2071 τῶν
3550 2037 3681 2088 xpeto

473 2112 812 2168 debitoribus
845 2111 1047 2168 domini
1087 2111 1192 2178 sui,
1233 2111 1444 2168 dicebat
1501 2110 1724 2180 primo:
1768 2109 2037 2178 Quantum

473 2204 641 2260 debes
664 2203 885 2260 domino
922 2221 1043 2261 meo
1067 2205 1092 2258 ἲ
1116 2205 1185 2258 At
1213 2203 1303 2258 ille
1365 2202 1497 2258 dixit
1534 2221 1548 2258 :
1590 2202 1820 2259 Centum
1885 2203 2042 2258 batos

472 2293 600 2348 olei.
644 2293 896 2366 Dixitque
959 2295 1032 2350 illi
1069 2313 1083 2349 :
1129 2295 1328 2365 Accipe
1414 2297 1720 2350 cautionem
1783 2305 1950 2360 luant.
1989 2304 2044 2350 et

475 2386 604 2440 sede
660 2387 790 2452 cito,
830 2398 883 2442 et
929 2387 1110 2443 scribe
1172 2387 1583 2459 quinquaginta.
1631 2387 1834 2442 Deinde
1888 2388 2043 2444 alteri

475 2479 611 2535 dixit
638 2495 654 2532 :
681 2477 761 2532 Tu
809 2495 943 2535 vero
978 2488 1238 2550 quantum
1309 2479 1519 2536 debes?
1547 2479 1651 2548 Qui
1676 2481 1788 2536 ait.
1817 2479 2042 2536 Centum

475 2584 634 2625 coros
662 2569 847 2624 tritici.
898 2570 991 2626 Ait
1026 2571 1100 2626 illi
1134 2588 1148 2625 :
1182 2570 1383 2638 Accipe
1439 2570 1742 2626 cautionem
1780 2580 1949 2639 tuam,
1993 2579 2048 2627 et

477 2659 657 2717 scribe
684 2661 976 2733 octoginta.
1003 2660 1068 2715 Et
1095 2660 1332 2716 laudavit
1353 2659 1602 2716 dominus
1626 2660 2045 2732 dispensatorem

479 2754 750 2823 iniquum,
778 2755 919 2823 quod
934 2754 1225 2824 prudenter
1245 2751 1459 2809 fecisset
1477 2751 1573 2822 (a):
1607 2753 1731 2823 quia
1763 2752 1856 2808 lilii
1888 2751 2048 2823 hujus

480 2843 660 2898 saeculi
689 2845 1072 2914 prudentiores
1101 2855 1225 2899 sunt
1256 2843 1378 2898 filiis
1418 2843 1557 2899 lucis
1612 2843 1663 2898 in
1687 2845 1905 2898 natione
1929 2859 2044 2902 sua.

488 2932 553 2988 Et
578 2950 676 3005 ego
705 2935 858 2989 vobis
883 2936 1004 2990 dico
1034 2951 1048 2989 :
1073 2930 1257 2990 Facite
1281 2933 1428 2988 vobis
1459 2933 1662 2990 amicos
1698 2949 1762 2989 ex
1788 2947 2046 2988 mammo-

479 3040 548 3078 na
584 3024 805 3095 iujusto,
838 3036 896 3080 ut
943 3041 1064 3081 cum
1116 3026 1442 3093 defeceritis,
1499 3024 1764 3094 recipiant
1841 3038 1937 3079 vos
1989 3023 2042 3078 in

476 3123 674 3170 arterna
704 3115 1066 3172 tabernacula.
1083 3136 1101 3170 ι
1124 3115 1312 3172 Omnis
1337 3117 1588 3188 parabola
1614 3115 1827 3186 oblique
1847 3126 1900 3170 et
1925 3114 2052 3185 ﬂgu.

477 3217 600 3262 rato
642 3209 802 3263 modo
833 3221 1011 3262 rerum
1043 3209 1395 3276 quarumdam
1432 3220 1676 3261 naturam
1717 3205 2046 3271 manifestat,

481 3314 587 3352 non
611 3315 706 3366 per
733 3301 910 3354 omnia
945 3301 1106 3355 rebus
1132 3301 1235 3355 illis
1293 3300 1589 3355 assimilata
1640 3310 1857 3370 propter
1911 3314 2047 3370 quas

477 3400 752 3459 assumpta
778 3399 881 3445 est.
901 3389 1106 3444 Idcirco
1124 3406 1229 3446 non
1283 3401 1494 3460 oportet
1535 3405 1724 3445 omnes
1759 3391 2041 3460 parabola-
2071 3373 2117 3437 (ἶ

479 3494 600 3532 rum
633 3490 813 3549 partes
841 3479 1110 3536 curiosius
1138 3481 1436 3550 inquirere,
1461 3480 1556 3534 sed
1579 3489 1847 3549 quatenus
1873 3496 2042 3550 appa-

480 3579 602 3624 rent
641 3571 916 3641 proposito
945 3571 1152 3646 utiles;
1197 3571 1413 3642 reliquae
1441 3574 1587 3626 enim
1641 3571 1877 3626 sinenda‘.
1921 3581 2046 3626 sunt

480 3661 632 3729 quasi
662 3661 970 3731 parabolam
993 3671 1366 3726 contexentes,
1400 3672 1454 3716 et
1472 3661 1600 3716 nihil
1619 3661 1685 3715 ad
1711 3663 2044 3733 propositum

479 3751 868 3816 condat-entes,
927 3752 1197 3823 quomodo
1247 3754 1383 3808 etin
1457 3755 1730 3824 proposita
1791 3753 2043 3824 parabola

478 3840 804 3897 faciendum.
838 3841 970 3896 Nam
1015 3842 1061 3898 si
1127 3859 1223 3914 per
1282 3852 1470 3899 tenues
1537 3843 1826 3914 particulas
1866 3846 2044 3900 omnia

477 3949 752 4005 exponere
780 3943 1076 3999 teutavero,
1121 3935 1245 4006 quis
1279 3938 1636 4008 dispensator,
1673 3936 1794 4006 quis
1826 3936 1857 3990 d
1881 3951 2044 4007 spen-

482 4026 682 4080 saturis
716 4024 986 4090 dominus,
1024 4037 1079 4081 et
1105 4042 1134 4080 a
1166 4041 1273 4096 quo
1299 4026 1504 4081 delatus
1533 4028 1623 4094 sit,
1653 4037 1707 4084 et
1734 4026 1824 4098 qui
1847 4029 2049 4082 debito-

481 4131 590 4183 res,
621 4123 676 4170 et
699 4126 916 4186 propter
972 4132 1131 4188 quam
1189 4132 1409 4173 causam
1451 4118 1540 4172 ille
1597 4118 1812 4190 quidem
1847 4119 2045 4184 oleum,

483 4209 623 4265 alius
651 4220 830 4265 autem
875 4210 1138 4276 triticum,
1176 4220 1230 4265 et
1264 4225 1368 4280 qua
1398 4200 1462 4266 de
1495 4226 1655 4266 causa
1686 4221 1899 4266 centum
1949 4212 2045 4266 de-

483 4299 613 4355 bere
636 4300 908 4366 dicantur,
943 4310 998 4356 et
1055 4301 1099 4356 si
1147 4301 1253 4355 alia
1313 4302 1490 4356 omnia
1551 4301 2046 4372 perquisiverimus,

480 4392 773 4448 obscurum
827 4402 883 4448 et
939 4392 1223 4449 molestum
1274 4407 1576 4448 sermonem
1635 4395 1938 4449 faciemus:
1993 4404 2048 4448 et

485 4485 751 4552 fortassis,
783 4485 826 4540 si
857 4485 1012 4541 valde
1039 4485 1490 4549 bmsitaverimus,
1521 4482 1682 4539 etiam
1715 4486 1921 4541 ridiculi
1939 4489 2048 4542 eri-

485 4590 622 4629 mus.
653 4572 821 4645 Igitur
856 4583 1062 4630 tantum
1099 4575 1347 4630 utilitatis
1376 4589 1443 4627 ex
1499 4573 1746 4644 praesenti
1794 4573 2043 4640 parabole

2139 2108 2400 2178 φειλετῶν
2426 2107 2520 2162 τοῦ
2569 2101 2759 2179 κυρίου
2789 2099 2977 2171 αὐτοῦ,
3005 2107 3156 2188 ἔλεγε
3189 2098 3267 2176 et}:
3294 2108 3512 2179 πρὼτῳο
3540 2109 3680 2161 Πόσον

2137 2198 2373 2269 ὀφείλεις
2402 2200 2476 2269 τῷ
2516 2199 2692 2272 κυρίῳ
2723 2216 2861 2268 μους
2899 2191 2957 2252 Ὅ
2982 2193 3038 2254 δὲ
3061 2193 3237 2253 εἶπεν·
3275 2199 3498 2254 Ἑκατὸν
3516 2199 3678 2270 βάτους

2141 2290 2344 2344 ἐλαίουσ
2397 2292 2496 2344 καὶ
2526 2283 2681 2344 εἶπεν
2719 2290 2889 2362 αὐτῷ’
2921 2291 3082 2356 Δέξαι
3116 2308 3210 2346 σου
3240 2291 3301 2345 τὸ
3333 2293 3575 2362 γράμμα,
3601 2293 3677 2346 tui

2095 2420 2114 2432 .
2141 2381 2372 2442 καθίσας
2396 2381 2603 2452 ταχέως
2633 2382 2842 2454 γράψον
2881 2384 3240 2454 πεντήκοντα.
3280 2383 3505 2437 Ἔπειτα
3537 2385 3675 2455 ἑτέρῳ

2142 2469 2264 2527 εἷπε
2297 2489 2310 2505 °
2357 2473 2430 2527 Σὺ
2464 2473 2521 2526 δέ
2545 2473 2711 2527 πόσον
2762 2474 3024 2544 ὀφείλειςς
3077 2473 3138 2528 '0
3179 2474 3237 2528 δὲ
3271 2470 3446 2528 εἶπενο
3491 2473 3676 2529 Ἐκατὶν

2142 2567 2338 2637 κὸρους
2365 2565 2537 2620 σίτου.
2571 2567 2680 2618 Kal
2713 2563 3049 2637 λέγειαὺτῷο
3079 2565 3238 2630 Δέξαι
3267 2581 3362 2619 σου
3381 2565 3671 2635 τὺγράμμε,

2143 2660 2240 2712 καὶ
2268 2658 2478 2729 γράψον
2512 2657 2860 2728 ὁγδοήκοντα.
2894 2659 3006 2712 Καὶ
3045 2657 3314 2730 ἐπῄνεσεν
3342 2658 3372 2711 ὁ
3413 2657 3674 2727 κύριοςτὸν

2143 2749 2426 2820 οἰκονόμον
2456 2749 2554 2819 τῆς
2581 2749 2816 2814 ἀδικίας,
2847 2749 2932 2803 ὅτι
2955 2749 3006 2802 οί
3037 2750 3145 2802 υίοί
3175 2747 3270 2802 τοῦ
3304 2748 3492 2811 αἰῶνος
3520 2747 3669 2802 τούτου

2147 2841 2548 2914 φρονιμώτεροι
2582 2845 2720 2896 εἰσιν
2770 2841 2911 2913 ὑπὲρ
2946 2841 3070 2905 τοὺς
3099 2842 3248 2901 υίοῦς
3303 2841 3397 2894 τοῦ
3431 2840 3586 2910 φωτὸς
3609 2841 3670 2903 είς

2146 2936 2244 3007 τὴν
2271 2935 2466 3004 γενεάν
2495 2935 2592 3006 τὴν
2618 2935 2856 2989 ἑαυτῶν.
2891 2933 3061 3002 Κάγὼ
3095 2935 3225 3004 ὑμῖν
3251 2935 3416 3004 λέγω,
3454 2934 3668 3004 ποιήσατε

2147 3025 2358 3089 ἑαυτοῖς
2387 3025 2568 3096 φίλους
2586 3029 2648 3080 ἐκ
2673 3026 2766 3080 τοῦ
2789 3027 3029 3096 μαμωνᾶ
3054 3026 3154 3095 τῆς
3193 3025 3425 3090 ἀδικίας,
3457 3024 3552 3086 ἵνα,
3573 3026 3669 3076 ὅταν

2148 3119 2460 3190 ἐκλείπητε,
2488 3117 2746 3183 δέξωνται
2770 3115 2914 3187 ὑμᾶς
2945 3117 3026 3180 εις
3050 3117 3149 3179 τὰς
3174 3114 3427 3179 αἰωνίους
3448 3113 3663 3184 mnam

2151 3211 2306 3265 Πᾶσα
2341 3209 2624 3280 παραϐολὴ
2665 3208 2910 3278 πλαγίως
2943 3208 3038 3261 καὶ
3068 3207 3356 3271 εἰκονικῶς
3397 3206 3535 3278 δηλοῖ
3557 3221 3666 3270 πρα-

2152 3301 2378 3372 γμάτων
2420 3301 2582 3356 τινῶν
2626 3299 2808 3370 φύσιν,
2856 3300 2918 3354 οὐ
2965 3299 3107 3353 κατά
3137 3297 3314 3352 πάντα
3360 3300 3552 3352 ἐοικυῖα
3582 3296 3667 3358 rei:

2150 3391 2471 3460 πράγμασιν
2501 3389 2751 3453 ἐκείνοις,
2790 3388 2857 3441 δι’
2887 3388 2924 3442 ἃ
2969 3387 3316 3460 παρελήφθη.
3349 3389 3439 3441 Διδ
3463 3387 3567 3441 οὐδὲ
3591 3386 3668 3456 χρὴ

2147 3481 2324 3535 πάντα
2346 3481 2416 3535 τὰ
2447 3481 2586 3552 μέρη
2641 3473 2752 3534 τῶν
2810 3479 3135 3551 παραϐολῶν
3183 3479 3395 3544 λεπτῶς
3445 3480 3669 3550 πολυπρα-

2149 3573 2495 3644 γμονεῖσθαι,
2527 3571 2642 3627 ἀλλ’
2673 3573 2796 3626 ὅσον
2825 3570 2965 3624 ἔοικε
3001 3569 3080 3640 τῷ
3107 3569 3449 3641 προκειμένῳ
3477 3583 3671 3637 καρπον

2151 3664 2365 3737 μένους,
2402 3665 2473 3719 τά
2504 3665 2666 3718 λοιπά
2709 3665 2825 3737 ἐᾷν,
2863 3663 2939 3726 ὡς
2975 3659 3041 3734 τῇ
3078 3662 3364 3734 παραϐολῇ
3398 3658 3669 3725 συνυφιστάο

2153 3776 2308 3830 μενα,
2336 3757 2432 3812 καὶ
2456 3757 2622 3829 μηδὲν
2645 3756 2778 3825 πρὸς
2801 3756 2861 3810 τὸ
2886 3754 3246 3827 προκείμενον
3274 3753 3665 3824 συμϐαλλόμενα.

2147 3847 2260 3903 οἷον
2291 3850 2356 3920 δὴ
2389 3851 2485 3902 καὶ
2516 3847 2610 3902 ἐπὶ
2649 3849 2749 3919 τῆς
2801 3845 3157 3918 προτεθείσης
3203 3844 3543 3917 παραϐολῆς,
3589 3842 3668 3911 χρὴ

2151 3941 2397 4012 ποιῆσαι.
2429 3941 2490 3994 Εἰ
2521 3939 2628 4010 γὰρ
2656 3940 2832 3994 πάντα
2861 3937 3136 4004 ἐξετάζειν
3178 3937 3580 4007 ἐπιχειρήσομεν
3604 3934 3668 3983 λε-

2149 4031 2460 4105 πτομερᾶκ,
2494 4031 2578 4095 τίς
2604 4033 2632 4084 ὁ
2677 4029 2979 4105 οἰκονόμος,
3017 4031 3100 4093 τίς
3127 4032 3156 4084 ὁ
3201 4029 3392 4083 τοῦτον
3426 4025 3669 4099 προϐαλλόο

2153 4140 2314 4194 μενος
2335 4104 2422 4186 εἰς
2452 4123 2550 4194 τὴν
2578 4104 2924 4192 οίκονομίαν,⁸
2943 4122 3038 4175 καὶ
3075 4121 3227 4192 παρὰ
3265 4122 3410 4185 τίνος
3436 4116 3668 4187 διεϐλήθη.

2151 4219 2244 4268 καὶ
2284 4215 2429 4278 τίνες
2475 4214 2524 4266 οἰ
2570 4212 2989 4284 χρεωστοῦντες,
3043 4214 3136 4267 καὶ
3165 4211 3253 4268 διὰ
3283 4212 3442 4266 ποίαν
3480 4209 3670 4263 αἰτίανό

2156 4305 2254 4376 μὲν
2277 4304 2475 4369 ἔλαιον,
2500 4305 2528 4357 ὁ
2555 4303 2611 4358 δὲ
2646 4303 2812 4367 σῖτον,
2838 4304 2935 4356 καὶ
2978 4303 3120 4358 διατί
3147 4304 3252 4358 ἀνὰ
3274 4302 3464 4357 ἐκατδν
3481 4295 3671 4368 ὀςλῆσαι

2152 4395 2400 4464 λέγονται
2423 4411 2437 4425 ο
2467 4395 2559 4448 καὶ
2586 4390 2774 4458 ἅπλῶς
2807 4391 2976 4449 τᾶλλα
3009 4395 3186 4449 πάντα
3219 4395 3268 4448 εἰ
3306 4392 3672 4465 περιεργότερον

2153 4485 2522 4556 ἐξετάζωμεν,
2564 4484 2835 4538 σκοτεινὸν
2875 4480 2967 4538 τὸν
2999 4483 3156 4552 λόγον
3188 4482 3537 4555 ποιησόμεθα,
3567 4479 3671 4550 πρὸς

2151 4577 2228 4647 τῷ
2265 4577 2361 4630 καὶ
2405 4576 2781 4644 καταγέλαστα
2814 4578 2945 4639 ῑσως
2993 4575 3303 4646 ἐξηγεῖσθαι
3341 4575 3428 4629 διὰ
3470 4573 3558 4644 τὴν
3594 4570 3670 4637 τῆς

485 4681 678 4736 eapere
704 4675 937 4735 oportet,
962 4675 1224 4735 quantum
1248 4663 1501 4734 possibile
1530 4674 1636 4718 est.
1667 4663 1730 4717 Et
1764 4674 1820 4717 ut
1849 4663 2042 4734 aliquid

2156 4666 2392 4734 ἀπορίας
2421 4667 2689 4736 ἀνάγκην.
2724 4667 2816 4718 Δεῖ
2859 4665 3038 4718 τοίνυν
3084 4665 3336 4719 τοσοῦτον
3375 4662 3671 4733 ὠφεληθῆναι

482 4759 679 4823 dicam,
717 4757 974 4811 Dominus
1003 4756 1104 4811 hoc
1133 4756 1250 4810 loco
1281 4756 1392 4810 vult
1432 4770 1531 4810 nos
1580 4753 1775 4810 docere
1821 4765 1878 4808 ut
1911 4757 2045 4809 bene

481 4853 857 4921 dispensentur
886 4852 1106 4906 credita:
1143 4849 1298 4904 nobis
1329 4849 1548 4903 divitia).
1585 4846 1649 4902 Et
1680 4847 1910 4918 primum
1943 4847 2045 4900 hoc

481 4944 767 5010 discimus,
800 4945 943 5015 quod
976 4959 1080 4998 non
1111 4958 1298 4998 sumus
1327 4943 1525 4997 domini
1579 4943 1907 4997 divitiarum.
1948 4939 2046 4994 Ni-

481 5037 556 5090 liil
578 5039 719 5092 enim
752 5037 1015 5092 habemus
1048 5035 1344 5108 proprium,
1370 5035 1465 5090 sed
1488 5035 1885 5104 dispensatores
1915 5032 2049 5086 alie-

487 5143 674 5185 narum
708 5144 884 5182 rerum
913 5144 1124 5193 sumus,
1156 5143 1276 5198 quae
1298 5141 1328 5180 a
1369 5124 1596 5179 Domino
1633 5123 1785 5180 nobis
1825 5135 2043 5178 concre-

484 5218 609 5270 ditae
637 5228 762 5270 sunt
787 5229 844 5272 ut
870 5219 986 5273 illas
1009 5221 1143 5274 bene
1170 5219 1542 5288 dis‘pensemus
1565 5215 1700 5270 sicut
1741 5215 1854 5284 ipse
1878 5213 2046 5280 impe-

486 5317 592 5361 rat.
623 5310 690 5361 At
717 5307 876 5380 413
901 5311 944 5364 si
971 5311 1318 5366 concreditas
1352 5309 1566 5364 divitias
1597 5322 1701 5362 non
1729 5305 2046 5375 expenderi-

487 5412 607 5450 mus
631 5395 780 5464 juxta
813 5409 1042 5454 mentem
1085 5398 1323 5465 Domini,
1359 5409 1413 5455 et
1442 5397 1596 5453 abusi
1651 5394 1914 5451 fuerimus
1943 5394 2046 5450 illis

486 5488 540 5542 in
579 5497 822 5544 nostrum
869 5489 1074 5554 luxum,
1109 5491 1498 5547 accusabimur.
1540 5489 1746 5545 Etenim
1799 5487 2048 5542 voluntas

2149 4757 2255 4810 ἀπὸ
2292 4760 2391 4825 τῆς
2419 4756 2698 4829 παρούσης
2739 4756 3078 4827 παραϐολῆς,
3107 4757 3230 4811 ὅσον
3262 4757 3543 4827 ἐνδέχεται.
3573 4749 3671 4806 Οἷον

2145 4851 2198 4906 τί
2246 4863 2424 4924 φημι·
2470 4851 2499 4902 ὁ
2545 4848 2748 4919 Κύριος
2779 4847 3011 4902 ἐνταῦθα
3043 4843 3291 4917 βούλεται
3325 4849 3466 4917 ἡμᾶς
3503 4842 3668 4908 διδάξαι

2149 4943 2278 5013 περί
2314 4940 2409 4994 τοῦ
2440 4941 2529 4994 τὸν
2575 4939 2798 4994 δοθέντα
2823 4940 2955 5009 ἡμῖν
3002 4937 3226 4992 πλοῦτον
3259 4939 3437 5002 καλῶς
3476 4933 3666 4990 διατίθε-

2151 5033 2294 5087 σθαι.
2351 5033 2459 5084 Καὶ
2504 5031 2722 5101 πρῶτον
2767 5029 2866 5100 μὲν
2898 5027 3056 5082 τοῦτο
3106 5029 3466 5098 μανθάνομεν,
3501 5024 3667 5080 ὅτιούκ

2155 5124 2322 5192 ἐσμὲν
2341 5122 2525 5192 «κύριοι
2551 5121 2869 5192 χρημάτων,
2894 5119 3045 5173 οὐδὲν
3074 5119 3182 5190 γὰρ
3204 5119 3398 5189 ἔχομεν
3423 5120 3553 5178 ἴδιον,
3578 5109 3666 5166 ἀλλ’

2151 5215 2427 5283 οἰκονόμοι
2461 5215 2755 5286 ἀλλοτρίων
2789 5217 2956 5288 ἐσμὲν
2985 5219 3133 5286 παρὰ
3161 5217 3256 5270 τοῦ
3275 5218 3527 5270 Δεσπάτου
3563 5213 3663 5280 ἡμῖν

2157 5307 2675 5376 ἐγκεχειρισμένων,
2728 5308 2816 5362 ἵνα
2864 5309 3042 5371 καλῶς
3079 5309 3218 5362 αὐτὰ
3263 5305 3564 5376 διαθώμεθα,
3592 5302 3664 5352 καὶ

2152 5397 2227 5459 ὥς
2258 5399 2468 5460 ἐκεῖνος
2529 5399 2852 5470 προστάττει
2886 5415 2900 5430 ·
2955 5399 3146 5452 ἔπειτα
3173 5401 3256 5453 ὅτι
3297 5399 3371 5469 μὴ
3404 5397 3527 5450 κατὰ
3551 5393 3660 5460 γνώο

2156 5499 2259 5559 μην
2290 5488 2384 5542 τοῦ
2430 5489 2699 5543 Δεσπότου
2750 5491 2849 5562 τὴν
2883 5493 3194 5562 οἰκονομίαν
3241 5492 3335 5545 τοῦ
3363 5489 3566 5542 πλούτου
3590 5500 3653 5552 με·

565 5602 873 5678 (a)__Yerba,
897 5603 979 5658 ὅτι
1006 5605 1282 5678 φρονίμως
1311 5607 1587 5677 ἐποίησεν,
1609 5619 1716 5661 non
1752 5602 1962 5675 legebat
2027 5603 2040 5656 i

2159 5618 2257 5659 suo
2300 5606 2488 5661 codice
2545 5600 2999 5676 Tlteopbylactus,
3049 5607 3338 5662 adnotante
3381 5606 3440 5660 ad
3464 5603 3581 5657 hunc
3604 5599 3663 5648 lo-

488 5672 628 5729 cum
649 5672 833 5729 Millio.
