3932 6456
269 350 319 414 9τ.
344 354 380 420 5

987 354 1431 418 ENABRATIO
1472 355 1550 417 IN
1594 354 2087 419 EVANGELIUM
2120 359 2331 419 LUC}E
2374 362 2622 424 —CAP-
2649 364 2801 427 XVI.

3433 372 3537 440 966

262 459 723 534 ταχειριζόμενοι,
743 459 857 514 ἀλλ’
877 459 957 524 εἰς
984 461 1193 525 οἰκείας
1240 460 1519 523 σπατάλας
1543 462 1657 525 τοῖς
1686 459 1852 512 δοθεῖ-

1961 461 2165 519 Domini
2196 475 2273 520 est
2306 467 2448 523 datis
2495 469 2571 524 nti
2602 469 2652 523 in
2712 487 2838 527 usus
2871 488 3278 545 conservorum,
3316 496 3417 537 non
3480 486 3536 540 in

266 573 359 608 σιν
409 553 821 625 ἀποχρώμενοι,
874 552 1292 623 διαϐεϐλημένοι
1347 555 1513 623 ἐσμὲν
1561 553 1856 622 οἰκονόμοι.

264 646 525 715 Βούλημα
550 646 659 717 γὰρ
688 644 781 699 τοῦ
807 645 1078 700 Δεσπότου
1103 645 1217 698 ἐστὶ
1240 645 1476 715 χρᾶσθαι
1501 647 1610 705 τοῖς
1632 644 1861 696 δοθεῖσιν

263 740 345 800 εἰς
383 739 483 801 τὰς
514 738 622 791 τῶν
658 738 969 809 ὁμοδούλων
999 738 1208 809 χρείας,
1244 737 1343 790 οὐκ
1372 739 1452 800 εἰς
1480 738 1687 800 οἰκείας
1720 752 1855 806 τρυ-

270 831 403 899 φάς
457 830 870 901 διαϐαλλόμενοι
925 830 982 884 δὲ
1036 831 1130 883 καὶ
1183 830 1468 900 μέλλοντες
1502 826 1857 897 μεθίστασθαι

261 926 361 994 τῆς
390 925 701 995 οἰκονομίας
730 927 839 979 τῶν
890 926 1211 997 χρημάτων,
1246 926 1365 995 ἡτοι
1393 923 1489 978 τοῦ
1526 922 1641 993 βίου
1667 923 1856 977 τούτου

265 1016 661 1081 ἑκκόπτεσθαι,
725 1017 813 1069 ὅτε
871 1015 1073 1087 δηλαδὴ
1120 1015 1215 1068 καὶ
1264 1014 1423 1081 λόγον
1462 1012 1708 1084 δώσομεν
1757 1013 1857 1083 τῆς

264 1109 581 1177 οἰκονομίας
625 1106 762 1176 μετὰ
788 1106 885 1178 τὴν
917 1105 1127 1160 ἐνθένδε
1160 1105 1513 1176 μετάστασιν,
1544 1104 1639 1158 ἑὰν
1668 1103 1857 1175 φρόνι-

264 1217 359 1270 μοι
399 1193 575 1271 ὦμεν,
607 1197 1055 1269 ἑπαισθανόμεθα
1084 1198 1181 1268 ὀψὲ
1210 1196 1343 1266 γοῦν
1381 1195 1477 1250 τοῦ
1505 1196 1738 1259 δέοντος,
1762 1194 1858 1249 καὶ

263 1290 533 1362 ποιοῦμεν
572 1291 705 1363 ἡμῖν
753 1291 965 1355 ἑαυτοῖς
1000 1290 1189 1359 φίλους
1236 1291 1301 1343 ἐκ
1352 1287 1462 1342 τῶν
1503 1288 1601 1360 τῆς
1634 1287 1854 1351 ἀδικίας

264 1385 598 1454 χρημάτων·
638 1380 852 1444 ἀδικίας
883 1381 937 1436 δὲ
959 1382 1220 1453 χρήματα
1254 1382 1436 1434 ἐκεῖνα
1465 1379 1851 1451 ὀνομάζονται,

261 1477 368 1529 ὅσα
412 1477 439 1529 ὁ
481 1475 580 1545 μὲν
614 1475 820 1546 Κύριος
851 1474 1084 1528 δέδωκεν
1123 1472 1510 1528 ἀναλίσκεσθαι
1537 1474 1619 1537 εἰς
1664 1473 1853 1545 χρείας

258 1568 374 1619 τῶν
409 1567 677 1636 ἀδελφῶν,
710 1568 805 1620 καὶ
840 1565 1170 1636 ὁμοδούλων,
1214 1566 1379 1636 ἡμεῖς
1423 1565 1479 1619 δὲ
1509 1566 1721 1629 ἑαυτοῖς
1752 1581 1857 1618 πα-

265 1659 703 1729 ρακατέσχομεν.
766 1656 909 1710 Ἀλλ’
952 1656 1051 1726 6ψὲ
1100 1656 1231 1726 γοῦν
1277 1655 1719 1727 πναισθώμεθα,
1755 1656 1850 1709 ποῖ

1962 557 2207 624 proprias
2231 556 2499 613 delicias:
2546 575 2709 629 porro
2756 564 2846 632 qui
2893 579 3221 624 accusantur
3269 578 3324 627 et
3363 573 3535 630 desti-

1961 655 2231 702 tuuntura
2263 650 2666 719 dispensatione
2718 655 3051 726 divitiarum,
3079 662 3134 718 hi
3169 675 3295 719 sunt
3324 668 3415 735 qui
3463 685 3531 724 ex

1960 737 2062 795 huc
2087 740 2192 794 vita
2215 743 2506 812 emigrant,
2556 746 2771 814 quando
2796 750 3000 807 scilicet
3026 764 3081 809 et
3112 757 3374 815 rationem
3439 762 3536 816 da-

1959 827 2135 883 bimus
2161 830 2228 885 de
2251 833 2672 903 dispensatione,
2707 854 2827 893 cum
2863 843 3100 900 destituti
3150 848 3431 909 fuerimus.
3475 853 3531 907 Si

1960 918 2141 1015 itaque
2171 922 2462 990 prudentes
2486 940 2749 993 essemus,
2773 930 2856 986 vel
2886 934 3037 989 tarde
3060 938 3383 997 sentiremus
3398 944 3528 1015 quid

1959 1006 2109 1063 facto
2148 1024 2310 1081 opus,
2345 1022 2399 1067 et
2442 1014 2747 1073 faceremus
2778 1019 2931 1077 nobis
2983 1025 3187 1081 amicos
3212 1042 3277 1083 ex
3329 1006 3532 1088 divitiis

1959 1103 2258 1173 iniustitiae.
2340 1107 2604 1165 Dicuntur
2665 1120 2844 1169 autem
2920 1114 3123 1173 divitia:
3208 1121 3531 1194 iniustitiae,

1957 1208 2096 1263 quas
2144 1197 2299 1253 nobis
2330 1196 2588 1256 Dominus
2633 1201 2691 1258 in
2758 1218 2886 1260 usus
2934 1205 3163 1263 fratrum
3225 1224 3275 1266 et
3305 1228 3531 1271 conser-

1956 1303 2145 1343 vnrum
2183 1291 2530 1348 insnmendas
2569 1294 2733 1362 dedit,
2789 1310 2887 1352 nos
2941 1308 3119 1354 autem
3177 1302 3331 1358 nobis
3356 1305 3522 1376 depo-

1955 1381 2086 1437 sitas
2153 1392 2415 1440 tenemus.
2467 1385 2662 1443 Verum
2718 1389 2802 1444 vel
2848 1391 3002 1447 tarde
3074 1395 3376 1452 sentiamus
3426 1415 3532 1468 quo

1956 1473 2215 1542 feramur,
2251 1488 2302 1533 et
2326 1480 2466 1547 quod
2493 1495 2614 1535 cum
2641 1481 2756 1537 dies
2778 1482 2867 1538 illa
2886 1486 3114 1553 venerit,
3147 1502 3321 1557 neque
3375 1490 3530 1546 labo-

1956 1582 2075 1622 rare
2130 1569 2451 1638 poterimus.
2490 1572 2607 1627 Nou
2642 1574 2784 1629 enim
2817 1586 2943 1634 tunc
2970 1578 3072 1633 erit
3099 1582 3355 1650 operandi
3399 1591 3535 1637 tem-

1955 1677 2074 1731 pus,
2139 1679 2313 1734 neque
2339 1676 2463 1721 tunc
2494 1668 2779 1724 honestum
2840 1672 2944 1727 erit
2980 1674 3324 1730 mendicare:
3356 1677 3535 1731 stultae

262 1748 572 1820 φερόμεθα,
608 1751 703 1802 καὶ
734 1749 814 1802 ὅτι
844 1750 901 1802 ἑν
935 1750 1001 1819 τῇ
1036 1747 1220 1818 ἡμέρᾳ
1252 1746 1438 1819 ἐκείνῃ
1463 1744 1587 1800 οὔτε
1617 1745 1850 1817 κάμνειν

1961 1757 2095 1810 cnim
2130 1757 2363 1829 virgines
2386 1760 2773 1834 dicunturqua:
2826 1766 3320 1838 mendicant:quid
3369 1769 3533 1839 igitur

261 1841 543 1912 δυνάμεθα
568 1858 583 1873 ’
612 1840 874 1913 ἐργασίας
904 1839 1013 1911 γὰρ
1043 1838 1142 1891 οὐκ
1170 1837 1286 1890 ἑστι
1335 1836 1459 1890 τότε
1487 1837 1699 1908 καιρός
1729 1835 1853 1891 οὔτε

1961 1846 2248 1917 reliquum,
2283 1864 2443 1920 quam
2476 1860 2535 1906 ut
2564 1830 2756 1909 harum
2781 1855 3089 1913 divitiarum
3114 1830 3312 1914 fratres
3364 1830 3531 1931 parti-

263 1936 515 1988 ἐπαιτεῖν
541 1932 850 2005 εὐπρεπές*
882 1931 1064 2003 μωραὶ
1093 1929 1203 2001 γάρ
1237 1929 1295 1983 αἰ
1324 1927 1582 2001 παρθένοι
1614 1930 1670 1982 αἰ
1697 1930 1854 1983 ἑπαι-

264 2028 510 2098 τὴσασαι
538 2025 920 2096 ὀνομάζονται.
950 2022 1017 2076 Τί
1046 2021 1227 2076 τοίνυν
1271 2021 1496 2088 λοιπόν;
1533 2020 1607 2074 Τὸ
1638 2034 1853 2093 συμμε-

270 2119 464 2190 ριστάς
490 2118 714 2189 ποιῆσαι
734 2117 843 2171 τῶν
866 2116 1165 2188 χρημάτων
1182 2113 1391 2168 τούτων
1411 2113 1539 2177 τοὺς
1566 2113 1849 2183 ἀδελφοὺς,

267 2211 340 2264 ἵν’
364 2211 493 2264 ὅταν
512 2209 823 2280 ἑκλίπωμεν
849 2207 1121 2274 ἑντεῦθεν,
1143 2207 1447 2273 τουτέστιν,
1474 2205 1583 2260 ἀπὸ
1614 2205 1709 2260 τοῦ
1735 2205 1852 2277 βίου

266 2305 461 2358 τούτου
492 2303 887 2376 ἀναχωρῶμεν,
927 2302 1187 2370 δέξωνται
1208 2301 1356 2372 ἡμᾶς
1399 2301 1449 2353 οἰ
1506 2298 1736 2369 πένητες
1775 2297 1855 2362 εἰς

263 2396 370 2458 τὰς
393 2395 644 2458 αἰωνίους
675 2393 898 2465 σκηνάς⁸
925 2396 1037 2455 τοῖς
1059 2392 1167 2462 γὰρ
1188 2394 1247 2446 ἑν
1279 2389 1503 2463 Χριστῷ
1533 2389 1761 2461 πένησιν
1788 2390 1843 2442 αἰ

268 2488 492 2542 αἰώνιαι
525 2487 722 2557 σκηναί
737 2483 1235 2557 ἀπεκληρώθησαν,
1274 2483 1356 2549 εἰς
1387 2482 1455 2549 ἃς
1483 2481 1738 2536 δύνανται
1759 2481 1853 2536 δέ·

269 2579 468 2647 ξασθαι
479 2580 604 2642 τοὺς
618 2576 852 2632 ἐνταῦθα
867 2576 1048 2641 αὐτοῖς
1064 2576 1418 2645 φιλιάσαντας
1438 2575 1467 2629 δ
1474 2575 1526 2630 ιά
1542 2576 1642 2646 τῆς
1660 2575 1858 2640 δόσεως

270 2676 385 2727 τῶν
417 2671 738 2743 χρημάτων,
773 2669 810 2724 ἃ
845 2668 1160 2723 Δεσποτικά
1184 2668 1315 2723 ὄντα
1348 2672 1461 2733 τοῖς
1498 2668 1724 2739 πένησιν
1751 2668 1859 2722 ἔδει

269 2767 333 2833 ἑξ
361 2765 536 2836 ἀρχῆς
572 2762 810 2835 δοθῆναι.
845 2755 1006 2816 Οὗτοι
1035 2759 1144 2831 γὰρ
1174 2759 1225 2812 οἰ
1271 2758 1545 2831 χρεῶσται
1601 2758 1741 2813 κατά
1786 2758 1847 2812 τὸ

268 2858 584 2927 εἰρημένον·
606 2870 626 2905 ι
661 2848 831 2923 Ὅλην
846 2851 943 2923 τὴν
959 2850 1173 2922 ἡμέραν
1200 2850 1359 2914 ἑλεεῖ,
1380 2849 1474 2903 καί⁵
1498 2849 1729 2913 δανείζει
1746 2849 1861 2903 ὁδί-

267 2964 482 3011 καιος’›
507 2948 604 3001 καὶ
625 2945 805 3000 πάλιν
847 2962 865 2996 ι
903 2943 963 2999 '0
987 2943 1151 2996 ἑλεῶν
1176 2942 1392 3013 πτωχὸν
1423 2941 1655 3006 δανείζει
1676 2941 1812 3012 Θεῷ.
1834 2959 1853 2993 ι

275 3041 425 3094 Ἔδει
480 3040 580 3108 μὲν
626 3033 720 3091 οὖν
771 3034 1198 3106 προηγουμένως
1239 3033 1417 3087 πάιτα
1471 3033 1690 3103 δοθῆναι
1743 3033 1855 3094 τοῖς

272 3130 462 3192 καλοῖς
491 3127 701 3188 τούτοις
731 3125 1156 3196 χρεωφειλέταις
1179 3126 1292 3187 τοῖς
1323 3121 1857 3176 ἑκατονταπλασίονα

271 3218 609 3276 ἀποδιδοῦσι.
656 3218 802 3287 Πλὴν
849 3217 970 3270 ἐπεὶ
1016 3215 1292 3287 οἰκονόμοι
1330 3216 1430 3284 τῆς
1470 3214 1681 3277 ἀδικίας
1710 3214 1856 3283 εὑρι-

276 3314 549 3381 σκόμεθα,
600 3311 802 3373 ἀδίκως
843 3310 1321 3381 παρακατέχοντες
1351 3308 1387 3363 ἃ
1439 3306 1619 3369 ἄλλοις
1650 3304 1860 3377 ἀφώρι-

271 3425 420 3474 σται,
452 3408 525 3479 μὴ
548 3406 725 3476 πάντη
761 3403 1021 3476 μενητέον
1050 3403 1108 3455 ἑν
1152 3401 1323 3473 ταύτῃ
1368 3404 1434 3472 τῇ
1467 3399 1855 3470 ἀπανθρωπίᾳ,

272 3500 411 3554 ἀλλὰ
448 3498 767 3570 μεταδοτέον
811 3500 923 3561 τοῖς
951 3496 1201 3568 πένησιν,
1231 3495 1318 3549 ἵνα
1351 3495 1479 3564 παρ’
1507 3494 1686 3548 αὐτῶν
1719 3494 1854 3549 ὑπο-

270 3592 554 3662 δεχθῶμεν
581 3592 659 3653 εἰς
682 3589 783 3652 τὰς
802 3588 1055 3652 αἰωνίους
1080 3586 1304 3656 σκηνάς.
1327 3585 1513 3650 Οὕτως
1540 3581 1633 3639 οὖν
1654 3585 1859 3653 ἐκλαμ-

273 3684 526 3737 ϐάνουσιν
554 3683 683 3753 ἡμῖν
700 3681 796 3751 τὴν
813 3678 1144 3750 παραϐολὴν,
1162 3677 1310 3731 οῦδὲν
1344 3676 1616 3747 περιτ;ὸν,
1639 3675 1671 3745 ἢ
1707 3674 1858 3745 περί-

272 3790 458 3844 εργον,
481 3773 515 3844 ἡ
545 3772 1045 3846 ὀνειροκριτκὶντῇ
1077 3769 1333 3839 ἐξηγήσει
1359 3769 1679 3839 ἀπαντήσει.
1707 3767 1864 3820 Δοκεῖ

269 3866 333 3922 δὲ
353 3866 640 3920 ἀλλόκοτόν
669 3883 723 3919 τι
754 3864 1039 3935 σημαίνειν
1063 3863 1124 3916 τό
1147 3878 1161 3894 ο
1188 3861 1306 3915 Υἰοὶ
1329 3860 1423 3915 τοῦ
1450 3861 1643 3923 αἰῶνος
1668 3861 1857 3912 τούτου

272 3958 680 4031 φρονιμώτεροι
707 3958 836 4020 εἰσι,
866 3956 961 4009 καὶ
989 3958 1058 4010 τά
1082 3954 1232 4026 ἑξῆς.
1264 3954 1377 4008 Ούκ
1407 3953 1523 4006 ἔστι
1560 3952 1617 4005 δὲ
1647 3952 1857 4004 δυσπα-

274 4051 701 4124 ρακολούθητον,
748 4049 782 4120 ἢ
832 4047 1058 4112 ξενίζον.
1106 4046 1270 4109 Υἰοὺς
1329 4046 1437 4115 γὰρ
1481 4044 1674 4107 αἰῶνός
1725 4060 1857 4113 φησι

271 4147 494 4211 τούτου,
550 4144 673 4206 τοὺς
723 4140 1141 4210 ἑπινοουμένους
1197 4140 1377 4192 πάντα
1425 4137 1494 4190 τὰ
1555 4140 1614 4191 ἑν
1663 4139 1731 4208 τῇ
1784 4140 1854 4207 γῇ

274 4240 464 4300 αὐτοῖς
504 4231 908 4289 λυσιτελοῦντα*
946 4232 1093 4295 υἱοὺς
1123 4231 1179 4284 δὲ
1224 4230 1424 4300 φωτὸς,
1467 4228 1858 4297 τοὺςεόφείλον-

274 4345 380 4389 τας
409 4327 497 4379 τὸν
530 4324 898 4394 πνευματικὸν
940 4322 1169 4376 πλοῦτον
1219 4320 1696 4393 μεταχειρίζεσθαι
1742 4321 1858 4374 θεο-

280 4417 478 4488 φιλῶς.
516 4417 687 4469 Τοῦτο
724 4411 816 4469 οὖν
855 4414 1025 4483 λέγει,
1067 4415 1148 4467 ὅτι
1176 4414 1239 4467 Οἰ
1277 4413 1553 4483 ἄνθρωποι
1585 4413 1857 4482 οἰκονόμοι

1954 1940 2104 2009 cipes
2133 1938 2420 2009 faciamus,
2449 1951 2509 1997 ut
2552 1947 2766 2015 quando
2810 1946 2937 2004 hinc
2995 1949 3374 2015 deiecerimus,
3427 1953 3530 2008 hoc

1954 2039 2039 2085 est
2095 2045 2163 2086 ex
2187 2031 2288 2087 hae
2303 2034 2411 2088 vita
2430 2037 2844 2101 excesserimus,
2871 2040 3140 2110 accipiant
3184 2058 3282 2097 nos
3320 2058 3524 2115 paupe-

1954 2133 2042 2176 res
2059 2120 2111 2175 iu
2130 2132 2333 2180 acterna
2361 2124 2709 2183 tabernacula
2733 2127 3001 2185 ‘UEterna
3016 2131 3159 2187 enim
3184 2133 3532 2190 tabernacula

1954 2215 2287 2284 pauperibus
2310 2215 2363 2272 in
2394 2217 2615 2275 Christo
2651 2223 2943 2277 constituta
2978 2234 3125 2286 sunt,
3157 2225 3210 2280 in
3239 2242 3359 2295 quae
3405 2244 3531 2298 pos-

1957 2306 2069 2361 sint
2103 2308 2344 2378 recipere
2374 2324 2470 2366 cos
2517 2311 2609 2382 qui
2650 2312 2738 2369 hic
2797 2314 2933 2384 ipsis
2989 2317 3164 2372 amice
3231 2321 3298 2375 de
3354 2321 3531 2387 bonis,

1956 2414 2078 2470 quae
2111 2410 2236 2454 sunt
2287 2401 2586 2469 Dominica,
2618 2402 2941 2475 largiuntur.
2996 2406 3332 2479 Pauperibus
3388 2414 3532 2469 enim

1957 2489 2190 2559 primum
2232 2492 2560 2549 debebamus
2588 2494 2719 2549 dare
2751 2513 2765 2550 :
2793 2510 2916 2551 nam
2953 2497 3026 2551 illi
3054 2499 3325 2556 debitores
3381 2512 3532 2567 sunt,

1958 2583 2251 2637 secundum
2287 2584 2390 2639 hoc
2418 2586 2562 2655 quod
2589 2586 2787 2642 dictum
2819 2596 2904 2643 est
2931 2606 2945 2641 :
2984 2607 3002 2641 ι
3034 2589 3168 2646 Tota
3198 2592 3285 2648 die
3312 2596 3537 2650 misere-

1959 2681 2044 2726 tur
2058 2680 2111 2727 et
2127 2674 2425 2729 commodat
2443 2677 2620 2742 justus
2637 2677 2735 2744 ⁸⁰⁶;
2765 2697 2785 2730 ι
2823 2689 2877 2734 et
2903 2680 3153 2745 iterum,¢
3178 2683 3279 2750 Qui
3309 2685 3537 2742 misere-

1960 2772 2045 2818 tur
2074 2765 2317 2834 pauperi,
2344 2765 2620 2822 feneratur
2652 2768 2759 2824 Deo
2790 2770 2890 2826 ⁸³.»
2924 2771 3219 2843 Oportebat
3244 2776 3407 2848 igitur
3428 2778 3538 2847 pri-

1959 2869 2104 2908 mum
2138 2854 2267 2909 dare
2325 2854 2479 2911 bonis
2538 2857 2646 2912 illis
2711 2860 3069 2929 debitoribus,
3134 2864 3223 2932 qui
3283 2866 3534 2936 centupla

1963 2945 2217 3002 reddunt.
2255 2946 2452 3001 Verum
2486 2948 2609 3018 quia
2644 2948 3047 3020 dispensatores
3075 2954 3352 3022 iniustitia:
3380 2957 3537 3012 inve-

1968 3034 2170 3101 nimur,
2200 3034 2401 3105 injuste
2439 3038 2732 3093 retinentes
2758 3054 2878 3107 quae
2914 3041 3035 3097 aliis
3095 3045 3329 3113 seposita
3386 3055 3535 3114 sunt,

1961 3140 2071 3179 non
2101 3140 2319 3196 semper
2344 3130 2667 3183 manendum
2696 3131 2800 3186 erit
2828 3133 2882 3185 in
2922 3133 3023 3189 hac
3051 3134 3388 3203 inﬁdelitate,
3438 3141 3532 3193 sed

1962 3220 2472 3273 communicandum
2500 3222 2846 3292 pauperibus,
2868 3233 2925 3278 ut
2943 3227 3010 3280 ab
3032 3227 3161 3295 ipsis
3175 3229 3538 3297 suscipiantur

1962 3310 2017 3364 in
2047 3320 2250 3365 eterna
2282 3311 2653 3367 tabernacula.
2687 3313 2778 3369 Sic
2812 3315 2975 3385 igitur
3009 3316 3166 3372 nobis
3213 3322 3537 3389 exponenti-

1967 3400 2068 3455 bus
2099 3400 2433 3471 parabolam,
2466 3404 2597 3458 nihil
2621 3406 2703 3459 vel
2731 3406 3086 3475 superﬂuum,
3119 3411 3199 3464 vel
3235 3413 3532 3477 curiosmn,

1962 3494 2046 3549 vel
2080 3494 2501 3550 somniculosum
2537 3499 2847 3552 enarrando
2884 3509 3153 3557 occurret.
3190 3500 3414 3556 Videtur
3440 3518 3537 3556 au—

1963 3594 2067 3640 tem
2100 3593 2153 3640 et
2178 3584 2410 3641 alienum
2436 3587 2689 3656 quiddam
2760 3588 3087 3658 significare,
3135 3591 3360 3646 dicens:
3414 3591 3534 3648 Filii

1962 3677 2120 3746 hujus
2152 3678 2335 3733 smculi
2384 3680 2762 3749 prudentiores
2817 3692 2963 3748 sunt,
3017 3694 3125 3736 etc.
3175 3681 3291 3737 Non
3354 3695 3534 3740 autem

1962 3773 2100 3824 male
2131 3770 2387 3837 cobtnret,
2413 3786 2588 3841 neque
2606 3771 2841 3826 alienum
2875 3783 2978 3827 est.
3008 3773 3175 3829 Filios
3202 3777 3346 3829 enim
3369 3777 3530 3844 hujus

1960 3860 2140 3916 smculi
2185 3862 2314 3916 dicit
2342 3875 2437 3917 eos
2492 3863 2581 3931 qui
2648 3863 2866 3917 laudant
2897 3866 3076 3918 omnia
3107 3881 3228 3934 qua:
3282 3866 3335 3920 in
3393 3878 3534 3921 terra

1961 3953 2171 4008 lucrosa
2197 3963 2363 4009 sunt:
2401 3954 2537 4009 ﬁlios
2566 3956 2875 4018 verolucis,
2900 3971 2995 4011 eos
3057 3959 3148 4026 qui
3190 3959 3385 4012 debent
3447 3961 3535 4029 pie

1960 4043 2270 4112 spirituales
2300 4045 2519 4099 divitias
2550 4046 2973 4102 communicare.
3005 4046 3118 4101 lloc
3166 4048 3330 4118 igitur
3361 4050 3489 4104 dicit
3516 4067 3531 4105 :

1960 4136 2219 4192 Homines
2268 4136 2519 4192 humanis
2565 4138 3052 4208 dispensationibus
3113 4139 3374 4208 praefecti,
3412 4158 3533 4197 om.

1962 4232 2119 4286 nibus
2184 4230 2357 4285 modis
2403 4245 2587 4285 curam
2647 4232 2849 4286 habent
2911 4239 2964 4286 et
3000 4233 3284 4302 provident
3315 4244 3372 4287 ut
3412 4250 3532 4289 cum

1958 4320 2198 4377 destituti
2240 4321 2442 4375 lueriut
2471 4335 2499 4373 a
2530 4320 2950 4389 dispensationis
2985 4337 3232 4387 munere,
3288 4324 3535 4379 consola-

1961 4415 2160 4469 tionem
2219 4412 2492 4481 habeant;
2536 4414 2625 4483 qni
2662 4423 2841 4467 autem
2879 4414 2974 4469 filii
3017 4414 3150 4470 lucis
3194 4416 3531 4490 ordinantur,

284 4515 387 4585 μὲν
438 4512 792 4583 ἀνθρωπίνων
857 4506 1175 4580 διοικήσεων
1229 4509 1619 4579 καθιστάμενοι
1675 4508 1855 4561 πάντα

1963 4508 2065 4561 hoc
2092 4516 2196 4571 est,
2235 4505 2432 4575 quibus
2473 4505 2781 4561 concredita
2819 4517 2903 4561 est
2938 4507 3235 4576 spiritualis
3279 4509 3536 4576 pecunia-

277 4607 482 4678 τρόπον
513 4601 1019 4675 πραγματεύονται,
1060 4602 1207 4664 ὅπως
1238 4601 1375 4669 μετά
1420 4602 1482 4653 τὸ
1515 4599 1853 4670 μετασταθῆ-

278 4716 375 4753 ναι
408 4698 472 4749 ἐκ
502 4696 600 4765 τῆς
645 4693 977 4765 οἰκονομίας,
1028 4691 1195 4762 ἔχωσι
1240 4692 1607 4762 παρηγορίαν·
1648 4690 1751 4743 υίοί
1800 4689 1856 4742 δὲ

280 4790 461 4860 φωτὸς
489 4787 831 4857 ταττόμενοι,
862 4787 1133 4849 τουτέστι,
1171 4782 1549 4852 πνευματικὴν
1592 4781 1856 4851 διοίκησιν

280 4882 587 4954 χρημάτων
618 4877 1025 4946 πιστευόμενοι,
1071 4874 1224 4927 οὐδὲν
1254 4872 1595 4926 ἑπινοοῦνται
1624 4870 1759 4938 πρὸς
1797 4870 1857 4922 τὸ

280 4972 635 5043 ὠφεληθῆναι
668 4970 806 5042 μετὰ
828 4968 1001 5022 ταῦτα
1026 4984 1039 4999 ·
1073 4966 1181 5020 υἱοὶ
1206 4963 1297 5018 οὖν
1326 4962 1422 5016 τοῦ
1451 4964 1642 5026 αἰῶνος
1665 4961 1854 5016 τούτου

280 5069 331 5120 οἰ
360 5065 706 5131 ἀνθρωπίνας
748 5060 1042 5131 διοικήσεις
1092 5056 1538 5125 πεπιστευμένοι,
1570 5055 1664 5107 καὶ
1700 5056 1757 5106 ὲν
1788 5057 1852 5125 τῇ

281 5159 450 5227 γενεᾷ
481 5158 547 5225 τῇ
580 5151 811 5218 ἑαυτῶν,
844 5150 1144 5214 τουτέστιν,
1175 5149 1233 5202 ὲν
1258 5146 1336 5218 τῷ
1365 5146 1467 5217 βίῳ
1495 5144 1691 5215 τούτῳ,
1727 5162 1861 5216 φρο-

283 5249 459 5317 νίμως
483 5249 551 5298 τὰ
585 5242 706 5296 καθ’
733 5242 958 5303 ἑαυτοὺς
984 5238 1335 5299 διοικοῦντες.
1368 5236 1489 5289 Υἱοὶ
1514 5236 1572 5288 δὲ
1612 5235 1786 5304 φωτὸς
1813 5237 1861 5288 οἰ

282 5340 547 5410 χρήματα
599 5335 878 5398 Λαϐόντες,
934 5333 1075 5386 ὥστε
1123 5332 1344 5385 διοικεῖν
1394 5330 1534 5382 αὐτὰ
1578 5328 1862 5397 θεοφιλῶς.

286 5429 674 5501 Εὑρισκόμεθα
696 5423 788 5481 οὖν
814 5428 872 5478 ὲν
897 5426 994 5496 μὲν
1019 5427 1137 5479 ταῖς
1170 5421 1535 5493 ἀνθρωπίναις
1564 5421 1860 5491 διοικήσεσι

285 5524 569 5596 φρονίμως
612 5522 682 5575 τά
716 5520 923 5574 ἑαυτῶν
956 5517 1304 5582 διοικοῦντες,
1340 5514 1435 5570 καὶ
1476 5514 1860 5586 πραγματευό-

288 5638 465 5692 μενοι,
499 5619 606 5684 ivx,
644 5619 692 5671 εί
719 5617 812 5670 καί
846 5615 1167 5684 ἑκπέσωμέν
1221 5628 1351 5666 ποτε
1400 5612 1496 5681 τῆς
1527 5612 1858 5682 οἰκονομίας.

364 5805 441 5835 9“
474 5801 614 5856 l‘sal.
645 5816 824 5868 xxxvi,
850 5799 939 5855 9.6.
1015 5800 1059 5831 ⁸⁸
1094 5797 1251 5854 Prov.
1289 5812 1401 5863 xu,
1444 5797 1523 5851 l7.

1967 4615 2083 4652 rum
2105 4598 2577 4668 dispensatio,}non
2597 4598 2838 4668 cogitant
2854 4599 3123 4668 quomodo
3141 4607 3261 4668 post
3288 4598 3428 4654 hanc
3455 4601 3504 4654 vi
3525 4636 3535 4641 -

1965 4701 2074 4746 tam
2098 4689 2778 4759 commodum;percipiant.
2804 4689 2926 4743 Filii
2944 4690 3126 4759 itaque
3143 4691 3319 4745 saeculi
3354 4691 3534 4761 hujus,

1967 4783 2002 4836 ii
2043 4790 2170 4836 sunt
2207 4779 2402 4849 quibus
2431 4778 2682 4834 humanae
2720 4779 3148 4850 dispensationes
3215 4783 3536 4836 concreditae

1965 4882 2113 4936 sunt,
2146 4882 2200 4927 et
2233 4871 2287 4926 in
2340 4872 2690 4940 generatione
2723 4885 2847 4937 sua,
2900 4872 3004 4944 hoc
3057 4881 3160 4937 est,
3191 4872 3245 4927 in
3276 4874 3382 4927 vita
3413 4873 3535 4933 hac.

1965 4965 2255 5032 prudenter
2306 4978 2395 5019 res
2451 4960 2616 5035 416
2673 4977 2799 5017 suas
2860 4963 3218 5032 dispensant;
3272 4963 3368 5019 ﬁlii
3407 4978 3538 5020 vero

1964 5057 2121 5121 lucis,
2179 5058 2269 5126 qui
2326 5062 2583 5125 pecunias
2639 5065 2957 5125 receperunt
3027 5066 3085 5110 ut
3136 5056 3259 5112 illas
3308 5058 3360 5111 in
3422 5059 3536 5127 pios

1963 5165 2093 5205 usus
2159 5151 2491 5219 dispensent.
2568 5150 2875 5203 lnvenimur
2958 5151 3139 5219 itaque
3192 5148 3245 5202 in
3291 5149 3535 5204 humanis

1962 5243 2455 5311 diSpensationibus
2500 5256 2585 5295 res
2623 5251 2835 5295 nostras
2893 5241 3183 5309 prudenter
3209 5240 3537 5309 dispensare,
3590 5298 3595 5307 ,

1970 5342 2025 5388 ut
2072 5334 2233 5389 etiam
2295 5334 2339 5387 si
2392 5332 2866 5387 administratione
2919 5329 3299 5395 exciderimus,
3347 5330 3540 5384 habea-

1971 5442 2091 5480 mus
2128 5426 2395 5494 quoddam
2432 5423 2694 5493 refugium
2733 5423 2859 5477 vita:
2894 5441 2907 5477 :
2946 5422 2998 5477 in
3032 5422 3116 5476 his
3174 5430 3351 5476 autem
3380 5423 3541 5475 rebus

1970 5532 2088 5587 qua:
2137 5519 2329 5571 debent
2371 5518 2668 5571 secundum
2714 5515 2880 5572 Deum
2939 5514 3260 5586 dispensari,
3338 5511 3537 5565 nullam

1975 5609 2217 5664 videmur
2241 5622 2429 5679 gerere
2456 5623 2642 5663 curam
2684 5610 2955 5679 quomodo
3018 5607 3276 5663 rationem
3323 5602 3540 5673 dispen-
