3932 6456
438 297 581 363 967‘

1331 301 1912 366 THEOPHYLACTI
1959 302 2057 365 BU
2068 302 2372 364 LGARM!
2409 302 2763 368 ARCﬂlEP.
3577 302 3661 366 968

444 405 670 464 sationis
729 404 1038 477 reddamus,
1070 424 1135 466 ex
1163 409 1265 466 hac
1311 411 1418 465 vita
1446 411 1646 476 educti.
1677 427 1746 468 ne
1792 412 2016 468 invenia-

2130 411 2348 482 ἔχοιμεν
2367 429 2419 466 τι
2454 413 2790 484 καταφύγιον
2812 404 2905 468 τοῦ
2933 411 3071 484 βίου’
3102 413 3159 465 ἑν
3184 412 3241 467 δὲ
3269 413 3377 475 τοῖς
3402 409 3535 464 κατὶ
3552 410 3664 467 Θεὶν

439 515 565 555 mur
625 503 691 553 ab
717 500 862 555 omni
894 501 1269 558 consolatione
1306 503 1569 560 destituti.
1604 504 1728 559 Ideo
1777 514 1831 560 et
1884 504 2021 560 insi-

442 593 493 661 pi
516 600 652 647 ntes
681 608 955 657 vocamur,
980 611 1083 649 non
1107 596 1382 664 sapientes
1407 611 1468 651 ea
1485 611 1606 667 quae
1625 596 1779 651 nobis
1795 596 2020 665 posthac

440 688 549 740 sint
601 683 904 756 profutura.
967 684 1254 743 Faciamus
1317 687 1483 760 igitur
1551 688 1704 742 nobis
1756 702 2019 758 pauperes

441 778 649 831 anticus
673 777 1088 833 communicatis
1144 779 1348 835 divitiis
1410 779 1703 852 iniustitiae,
1766 780 1867 835 hoc
1911 788 2015 844 est,

448 869 531 921 his
549 883 669 938 qua;
689 870 828 922 datae
853 880 980 923 sunt
1015 871 1170 925 nobis
1197 886 1226 924 a
1254 872 1361 927 Deo
1391 883 1446 925 ut
1466 872 1575 928 sint
1599 887 1746 926 arma
1773 868 2017 939 iustitiae,

440 961 533 1014 sed
559 977 586 1012 ιι
611 962 765 1014 nobis
802 960 1138 1026 detinentur,
1173 974 1223 1017 et
1260 975 1541 1035 propterea
1574 964 1641 1018 ad
1692 962 2015 1033 iniustitiam

440 1053 732 1119 pertinent.
761 1053 817 1107 Si
844 1063 1025 1109 autem
1064 1056 1266 1110 divitiae
1285 1071 1404 1126 quae
1433 1055 1598 1126 justis
1635 1056 1810 1111 modis
1854 1067 2021 1127 parta:

444 1147 836 1215 sunt,quando
886 1163 991 1201 non
1037 1146 1174 1202 bene
1222 1150 1607 1218 dispensantur
1666 1164 1765 1204 nec
1820 1149 2019 1202 dantur

442 1238 793 1305 pauperibus,
844 1239 1107 1308 iujustitia
1179 1252 1234 1295 et
1292 1256 1598 1295 mammona
1664 1250 2016 1310 rcputanlur:

443 1344 564 1399 quae
594 1346 658 1385 ex
721 1331 1006 1399 injustitia,
1049 1332 1217 1388 multo
1286 1335 1482 1404 magis.
1536 1334 1610 1389 Ex
1675 1335 1804 1404 ipsis
1860 1334 2021 1405 igitur

442 1419 712 1477 faciamus
761 1424 918 1479 nobis
966 1425 1192 1490 amicos,
1249 1435 1307 1479 ut
1358 1426 1576 1498 quando
1634 1425 2017 1488 defecerimus,

441 1521 498 1565 et
535 1529 602 1566 ex
648 1514 748 1568 hac
796 1515 905 1567 vita
979 1516 1446 1585 etnigravcrimus,
1521 1516 1605 1572 vel
1655 1517 1816 1571 etiam
1863 1516 2022 1571 aliter

442 1604 659 1672 quando
725 1607 921 1677 pusillo
976 1608 1156 1663 animo
1212 1624 1419 1672 sumus,
1480 1617 1534 1664 et
1572 1609 2019 1677 condemnamur,

442 1692 569 1746 illuc
592 1693 859 1764 accipiant
891 1712 989 1751 nos
1013 1698 1062 1751 in
1092 1708 1293 1754 aeterna
1323 1698 1694 1755 tabernacula.

2126 504 2398 575 ὀφείλουσι
2430 504 2745 559 διοικεῖσθαι
2788 507 3066 577 χρήμασιν
3098 504 3159 557 οὐ
3210 503 3504 574 φαινόμεθα
3550 504 3663 573 πρό·

2127 612 2274 649 νοιαν
2310 593 2643 665 ποιούμενοι.
2681 596 2878 667 μήπως
2925 596 3082 664 λόγον
3130 596 3309 666 δῶμεν
3357 593 3452 662 τῆς
3488 595 3665 645 οἰκονοο

2129 685 2255 756 μίας
2288 686 2655 756 μεταστάντες
2690 688 2754 740 ἐκ
2785 686 2938 741 τοῦδε
2966 687 3059 740 τοῦ
3091 685 3231 757 βίον,
3261 685 3351 737 καὶ
3381 681 3664 754 εσζιρεθῶμιν

2128 778 2307 848 πάσης
2355 779 2709 851 παραμυθίας
2758 780 3134 852 ἐστερημένοι.
3180 779 3272 831 Διὸ
3324 780 3413 830 καὶ
3458 778 3664 845 ἄφρονες

2128 868 2458 938 καλούμεθα,
2499 872 2575 942 μὴ
2606 872 2929 943 φρονοῦντες
2954 874 3022 925 τὰ
3069 870 3208 940 μετᾶ
3240 870 3409 923 ταῦτα
3439 870 3561 939 ἡμῖν
3586 868 3665 921 is.»

2127 960 2497 1032 σιτελήσοντα.
2544 964 2679 1019 ἀλλὰ
2724 964 3039 1037 ποιήσωμεν
3088 965 3300 1025 ἑαυτοῖς
3344 960 3521 1029 φίλους
3559 961 3666 1023 τοῦς

2128 1054 2387 1124 πένητας.
2420 1056 2792 1125 μεταδιδόντες
2822 1056 3005 1121 αὐτοῖς
3039 1056 3131 1109 τοῦ
3160 1057 3259 1123 τῆς
3296 1054 3501 1115 ἀδικίας
3531 1053 3669 1105 πλού.

2126 1164 2239 1210 τοι),
2287 1148 2556 1212 τουτέστι,
2602 1151 2696 1203 τοῦ
2737 1149 2982 1205 δοθέντος
3028 1149 3124 1220 μὲν
3163 1151 3297 1219 ἡμῖν
3342 1148 3489 1217 παρὰ
3532 1145 3667 1205 Θεεῦ.

2126 1238 2268 1292 ὥστε
2306 1239 2653 1311 δικαιοσύνης
2698 1242 2861 1296 ὅπλον
2913 1243 3184 1311 γενέσθαι,
3226 1240 3670 1309 ὑποκριτῃθὲντος

2125 1332 2181 1386 δὲ
2207 1333 2336 1403 παρ’
2370 1333 2550 1404 ἡμῶν,
2588 1337 2683 1389 καὶ
2708 1335 2797 1388 διὰ
2836 1334 2994 1388 τοῦτο
3036 1337 3114 1397 εἰς
3154 1334 3369 1387 ἀδικίαν
3400 1334 3669 1402 μεταστὶ-ι-

2124 1441 2238 1488 τος.
2269 1426 2329 1479 Et
2372 1426 2427 1479 δὲ
2458 1430 2486 1481 ό
2525 1430 2589 1482 ἔκ
2611 1428 2836 1483 δικαίων
2859 1429 3021 1498 δῆθεν
3063 1428 3244 1499 πόρων
3292 1423 3540 1487 πλοῦτος,
3563 1423 3669 1475 ὅταν

2129 1515 2206 1586 μὴ
2237 1515 2417 1579 καλῶς
2444 1518 2798 1590 οἱκονομηθῇ,
2831 1520 2923 1572 καὶ
2945 1518 3071 1590 δοθῇ
3107 1520 3356 1588 πένησιν,
3395 1515 3569 1569 ἀδικία
3594 1517 3670 1590 καὶ

2130 1609 2396 1676 μαμωνᾶς
2417 1587 2712 1676 λογίζεται,
2794 1610 2852 1673 ἐξ
2878 1587 3114 1672 ἀδικίας,
3145 1587 3297 1678 πόσῳ
3332 1606 3549 1678 μᾶλλον.
3589 1587 3670 1658 Ἐκ

2126 1699 2317 1753 τούτου
2337 1695 2429 1753 οὖν
2449 1702 2759 1771 ποιήσωμεν
2782 1703 2914 1770 ἡμῖν
2945 1702 3150 1771 φίλους,
3178 1701 3287 1763 ἵνα,
3314 1700 3440 1753 ὅταν
3467 1695 3669 1750 ἐκλίπω-

445 1800 565 1852 μεν,
601 1786 695 1839 καὶ
725 1787 1100 1860 ἀναχωρῶμεν
1126 1793 1189 1844 ἐκ
1213 1788 1305 1845 τοῦ
1339 1790 1479 1863 βίον,
1509 1791 1543 1858 ἢ
1571 1792 1664 1846 καὶ
1693 1791 1896 1859 ἄλλως,
1921 1794 2051 1850 ὅταν
2085 1794 2496 1866 όλιγοᾷυχῶμεν
2536 1796 3014 1869 κατακρινόμενοι,
3069 1796 3248 1849 ἐκεῖσε
3278 1792 3672 1859 δέξωπαιὴμᾶς

443 1881 522 1943 εις
550 1880 650 1942 τὰς
679 1881 931 1944 αἰωνίους
963 1883 1189 1953 σκηνάς.

516 1969 679 2023 Vens.
709 1969 893 2024 10-13.
928 1989 946 2020 ι
1011 1971 1112 2037 Qui
1146 1970 1317 2028 fidelis
1337 1981 1418 2027 est
1454 1973 1507 2027 in
1565 1972 1808 2043 minimo,
1859 1986 1914 2030 et
1967 1976 2016 2032 in

2199 1993 2220 2028 ι
2264 1973 2324 2028 '0
2376 1972 2565 2036 πιστὸς
2614 1972 2671 2025 ὲν
2712 1966 3003 2041 ἐλαχίστῳ,
3047 1972 3143 2026 καὶ
3187 1972 3243 2024 ἐν
3301 1970 3480 2040 πολλῷ
3507 1972 3670 2035 πιστός

448 2065 620 2117 multo
648 2062 820 2117 fidelis
844 2074 923 2117 est
951 2081 965 2117 :
995 2076 1049 2117 et
1074 2064 1165 2135 qui
1200 2065 1254 2120 in
1284 2065 1509 2121 minimo
1551 2066 1769 2138 iniquus
1818 2081 1920 2127 est.
1971 2070 2019 2127 is

443 2165 494 2209 et
525 2156 575 2206 in
600 2153 766 2208 multo
793 2153 1011 2225 iniquus
1045 2165 1150 2210 est.
1182 2154 1240 2211 Si
1264 2171 1393 2223 ergo
1424 2157 1474 2210 in
1497 2157 1682 2227 iniquo
1710 2173 2016 2216 mammona

444 2245 630 2300 fideles
683 2261 788 2299 non
835 2244 1034 2309 fuistis.
1083 2248 1226 2317 quod
1283 2264 1469 2305 verum
1512 2260 1595 2304 est
1665 2252 1786 2320 quis
1832 2254 2017 2308 credet

442 2340 637 2393 vobis?
668 2337 733 2393 Et
763 2340 809 2394 si
842 2341 892 2394 in
923 2340 1101 2395 alieno
1129 2340 1314 2397 ﬁdeles
1336 2358 1441 2398 non
1476 2342 1681 2411 fuistis,
1704 2346 1846 2414 quod
1896 2361 2015 2400 ves-

447 2440 586 2483 trum
631 2440 735 2497 est,
777 2431 899 2501 quis
949 2431 1099 2487 dabit
1143 2433 1341 2489 vobis?
1383 2432 1553 2491 Nemo
1598 2451 1790 2491 servus
1841 2447 2019 2505 potest

443 2523 653 2577 duobus
671 2524 907 2579 dominis
935 2525 1171 2591 servire;
1210 2538 1304 2581 aut
1331 2527 1473 2583 enim
1506 2544 1673 2584 unum
1697 2529 1822 2584 odio
1850 2529 2017 2586 habe-

444 2613 543 2679 bit,
574 2616 873 2670 etalterum
907 2615 1054 2670 illum
1080 2618 1268 2691 diliget
1292 2636 1307 2675 :
1333 2628 1426 2673 aut
1449 2620 1541 2674 uni
1593 2621 1910 2686 adlncrebit,
1961 2629 2018 2676 et

446 2704 673 2759 alterum
714 2706 861 2761 illum
882 2717 1216 2763 contemnet.
1239 2708 1354 2765 Non
1416 2711 1643 2782 potestis
1664 2713 1769 2767 Deo
1810 2714 2017 2770 servire

444 2804 499 2849 et
523 2810 863 2851 unanimonae.
900 2815 918 2849 ι
967 2797 1158 2853 Adhuc
1203 2798 1361 2854 docet
1409 2803 1677 2868 quomodo
1719 2804 2014 2857 secundum

444 2883 611 2940 Deum
638 2887 1010 2956 dispensanda:
1059 2890 1170 2945 sint
1226 2890 1449 2947 divitiae.
1486 2893 1585 2961 Qui
1649 2894 1792 2949 enim
1846 2895 2018 2951 fidelis

442 2978 599 3032 estin
637 2978 879 3043 minimo,
922 2979 1023 3036 hoc
1043 2993 1149 3045 est,
1176 2983 1267 3052 qui
1294 2983 1431 3040 bene
1460 2986 1854 3055 dispensaverit
1880 3003 2012 3041 rou-

443 3070 675 3125 creditas
691 3071 793 3126 sibi
815 3072 1029 3129 divitias
1050 3073 1101 3127 iu
1118 3074 1218 3130 hoc
1237 3077 1457 3143 mundo,
1475 3078 1637 3132 etiam
1662 3079 1712 3132 in
1739 3068 1905 3135 multo
1950 3078 2015 3134 ti-

441 3162 577 3216 delis
593 3173 693 3229 est,
711 3165 811 3219 hoc
830 3174 934 3230 est,
961 3167 1013 3221 in
1029 3165 1212 3223 futuro
1228 3167 1425 3225 saeculo
1445 3170 1585 3226 veris
1602 3171 1805 3226 divitiis
1825 3172 2019 3243 dignus

441 3264 544 3309 est.
573 3253 845 3309 Minimum
866 3257 1024 3325 igitur
1055 3268 1209 3314 vocat
1231 3268 1474 3316 terrenas
1486 3261 1729 3329 divitias,
1751 3273 1807 3315 ut
1832 3278 2017 3319 revera

2126 2072 2294 2123 ἐστιν·
2328 2067 2358 2120 ὁ
2387 2065 2445 2120 δὲ
2475 2066 2533 2119 tv
2564 2064 2828 2135 ἐλαχίστῳ
2860 2064 3063 2129 ἄδικος,
3095 2064 3191 2118 καὶ
3221 2065 3277 2116 ἐν
3310 2063 3487 2134 πολλῴ
3516 2063 3670 2127 ἄδικός

2125 2163 2295 2216 ἐστιν.
2335 2160 2397 2213 Et
2424 2154 2517 2214 οῦν
2545 2159 2604 2211 ὲν
2647 2155 2724 2228 τῷ
2753 2158 2923 2226 ἀδίκῳ
2957 2159 3193 2230 μαμωνᾷ
3234 2158 3416 2211 πιστοὶ
3446 2156 3541 2209 οὐκ
3568 2158 3669 2222 ἐγέ.

2124 2248 2306 2313 νεσθε,
2357 2251 2419 2304 τὸ
2468 2250 2720 2319 ἀληθινὸν
2761 2249 2845 2312 τις
2899 2250 3027 2320 ὑμῖν
3058 2244 3380 2315 πιστεύσεις
3419 2249 3528 2301 Καὶ
3554 2251 3598 2302 εἰ
3624 2252 3669 2301 ἐν

2125 2343 2202 2414 τῷ
2245 2341 2510 2413 ἀλλοτρίῳ
2541 2343 2726 2394 πιστοὶ
2769 2342 2869 2394 οὐκ
2907 2340 3181 2410 ἐγένεσθε,
3230 2341 3293 2394 τὸ
3323 2340 3578 2410 ὑμέτερον
3605 2344 3668 2403 τίς

2125 2438 2255 2507 ὑμῖν
2299 2434 2497 2502 δώσεις
2551 2435 2738 2500 οὐδεὶς
2784 2430 3001 2503 οἰκέτης
3045 2434 3271 2488 δύναται
3319 2434 3442 2487 δυσὶ
3485 2435 3667 2504 κυρίοις

2123 2528 2429 2584 δουλεύειν
2475 2528 2510 2598 ἢ
2542 2528 2652 2599 γὰρ
2700 2527 2793 2581 τὸν
2841 2527 2938 2580 ἕνα
2982 2527 3225 2597 μισήσει,
3259 2527 3353 2580 καὶ
3398 2526 3487 2579 τὸν
3512 2526 3669 2595 ἕτερον

2125 2624 2425 2693 ἀγαπήσει,
2467 2623 2500 2691 ἢ
2538 2619 2656 2683 ἑνὸς
2698 2618 3002 2684 ἀνθέξεται,
3030 2620 3125 2673 καὶ
3167 2618 3259 2673 τοῦ
3290 2617 3478 2691 ἐτέρου
3525 2637 3667 2672 κατα-

2128 2716 2406 2786 φρονήσει·
2441 2713 2503 2767 οῦ
2530 2711 2758 2766 δύνασθε
2792 2711 2912 2782 Θεῷ
2935 2709 3208 2765 δουλεύειν
3257 2713 3349 2765 καὶ
3378 2714 3619 2783 μαμωνᾷ.
3647 2734 3659 2756 ·-

2127 2808 2250 2861 Ἔτι
2272 2807 2400 2877 περὶ
2429 2804 2522 2858 τοῦ
2550 2803 2662 2858 δεῖν
2692 2804 2832 2857 κατὰ
2858 2804 2991 2857 Θεὸν
3019 2804 3325 2874 οἰκονομεῖν
3354 2809 3442 2860 τὶν
3468 2805 3666 2859 πλοῦτον

2122 2900 2383 2955 διδάσκει.
2443 2899 2503 2952 '0
2535 2900 2644 2969 γὰρ
2673 2897 2861 2961 πιστὸς
2902 2899 2961 2950 ιν
3007 2898 3298 2970 ἐλαχίστῳ,
3337 2892 3669 2957 τοντέστιν,θ

2122 2993 2405 3062 διοικήσας
2442 2990 2625 3054 καλῶς
2656 2989 2747 3043 τὸν
2794 2990 3225 3057 ὲμπιστενθέντα
3276 2976 3425 3061 αὑτῷ
3465 2991 3667 3044 mam

2124 3086 2183 3137 ὲν
2246 3082 2324 3152 τῷ
2357 3082 2546 3153 κόσμῳ
2574 3080 2769 3153 τούτῳ,
2815 3082 2911 3134 καὶ
2959 3083 3017 3133 ὲν
3075 3081 3253 3154 πολλῷ
3308 3084 3492 3149 πιστός
3548 3087 3665 3145 ἐστ.

2124 3175 2395 3241 τουτέστι,
2426 3177 2521 3229 καὶ
2549 3176 2607 3226 ὲν
2633 3172 2710 3245 τῷ
2741 3173 2989 3245 μέλλοντι
3017 3175 3175 3228 αἰῶνι
3203 3175 3297 3227 τοῦ
3322 3175 3487 3239 δντως
3524 3174 3615 3227 πλο
3644 3196 3668 3214 ο

2123 3284 2220 3321 του
2271 3267 2421 3334 ἄξιός
2478 3269 2645 3320 ἐστιν.
2676 3266 2991 3335 Ἐλάχιστον
3042 3264 3135 3319 οὖν
3185 3268 3342 3320 καλεί
3372 3268 3461 3320 τὸν
3502 3269 3665 3338 γήϊνον

445 3361 661 3415 parvas,
691 3345 802 3402 imo
835 3363 960 3417 qua:
979 3349 1113 3403 nihil
1150 3360 1297 3413 sunt,
1318 3354 1748 3423 quandoquidem
1766 3358 2016 3411 transito-

2125 3359 2373 3426 πλοῦτον,
2401 3357 2477 3423 ὡς
2513 3357 2590 3429 τῷ
2620 3358 2734 3412 ὄντι
2772 3358 2991 3429 μικρὸν,
3023 3358 3226 3429 μᾶλλον
3259 3360 3316 3413 δὲ
3351 3360 3495 3412 οὐδὲν
3533 3359 3663 3423 ὄντα,

445 3441 540 3493 rite
562 3448 685 3491 sunt
705 3438 957 3493 :multnm
973 3456 1124 3508 vero,
1139 3441 1409 3510 caelestes,
1431 3456 1481 3496 ιιι
1491 3452 1613 3512 pote
1628 3460 1840 3515 semper
1860 3450 2022 3501 dura-

445 3536 616 3591 turas,
656 3538 709 3583 et
737 3528 932 3597 quibus
968 3545 1182 3599 semper
1230 3535 1461 3589 accedit.
1496 3533 1599 3602 Qui
1641 3552 1768 3593 vero
1827 3541 1879 3595 in
1936 3542 2021 3597 his

445 3621 676 3674 terrenis
698 3620 902 3675 divitiis
929 3622 1163 3691 iniustus
1193 3629 1525 3694 apparuerit.
1556 3636 1612 3684 et
1644 3629 1747 3684 sibi
1773 3632 2021 3688 vendicat

443 3727 564 3782 quae
592 3712 647 3766 in
702 3728 1045 3770 communem
1087 3731 1241 3773 usum
1291 3718 1516 3774 fratrum
1563 3729 1691 3776 sunt
1744 3736 2020 3791 concessa,

447 3822 623 3877 neque
648 3806 739 3861 Illo
763 3808 931 3861 multo
949 3810 1145 3878 dignus
1168 3810 1492 3879 invenietur,
1524 3816 1617 3870 sed
1659 3815 1801 3871 sicut
1849 3818 2023 3886 injus-

445 3905 529 3949 tus
551 3896 941 3966 repudiabitur.
979 3898 1342 3970 lnterpretans
1380 3913 1557 3959 autem
1611 3906 1755 3976 quod
1807 3908 2008 3963 dictum

440 3998 546 4050 est,
575 3990 756 4044 addit:
789 3989 844 4044 Si
868 3991 919 4043 in
950 3991 1151 4062 injusto
1166 4009 1470 4051 mammona
1495 3997 1675 4055 fideles
1696 4014 1803 4056 non
1821 4000 2018 4069 fuistis,

440 4081 584 4150 quod
603 4095 785 4136 verum
811 4092 923 4147 est,
957 4099 1079 4153 quis
1103 4086 1259 4142 vobis
1295 4088 1519 4142 credet?
1553 4088 1817 4159 lnjustum
1848 4108 2018 4145 mam-

446 4187 603 4225 mona
637 4174 885 4229 nominat
915 4176 1136 4233 divitias
1164 4195 1283 4249 qua:
1307 4182 1446 4249 apud
1492 4197 1590 4238 nos
1620 4193 1763 4239 sunt.
1796 4184 1933 4241 Nam
1972 4186 2016 4241 si

443 4272 549 4312 non
579 4270 763 4316 essent
793 4262 1025 4330 iniustae,
1050 4279 1227 4335 neque
1261 4274 1401 4336 apud
1442 4285 1542 4326 nos
1585 4280 1775 4329 essent
1811 4288 1827 4327 :
1879 4289 2018 4329 nunc

446 4360 627 4403 autem
669 4351 792 4419 quia
821 4358 961 4422 apud
988 4371 1085 4409 nos
1110 4366 1256 4422 sunt,
1294 4359 1636 4416 manifestum
1663 4365 1807 4431 quod
1834 4372 2017 4418 tenen-

446 4451 554 4507 tur,
573 4452 626 4495 et
652 4458 777 4496 cum
800 4447 1133 4514 pauperibus
1166 4465 1271 4505 non
1341 4452 1763 4520 distribuantur,
1800 4453 2018 4525 injuste:

442 4533 592 4587 sint:
633 4535 734 4592 hoc
789 4547 968 4592 autem
1015 4550 1101 4595 est
1162 4541 1434 4599 vindicare
1493 4543 1598 4599 sibi
1654 4560 1740 4601 res
1790 4547 2015 4616 alienas,

437 4622 603 4699 415
635 4639 795 4699 ³¹ι⁴1¹¹θ
827 4646 918 4686 eas
948 4648 1068 4702 quae
1107 4647 1406 4703 pauperum
1446 4646 1572 4691 sunt
1616 4653 1630 4691 :
1673 4638 1725 4693 id
1756 4640 1899 4709 quod
1930 4640 2016 4694 in-

435 4719 660 4788 justitia:
700 4732 807 4777 est.
859 4722 1045 4792 itaque
1090 4726 1137 4779 ei
1171 4728 1259 4795 qui
1307 4728 1521 4784 divitias
1560 4729 1680 4785 illas
1719 4732 1859 4786 male
1902 4732 2015 4788 dis-

442 4822 630 4876 pensat
671 4823 724 4865 et
766 4812 1073 4882 infideliter,
1120 4819 1392 4884 quomodo
1426 4836 1566 4875 verae
1606 4821 1899 4877 credentur
1931 4823 2017 4878 di-

440 4900 623 4956 vitiae?
655 4914 710 4958 et
746 4906 900 4959 nobis
930 4907 1020 4974 qni
1056 4908 1193 4962 male
1220 4908 1594 4980 dispensamus
1622 4913 1878 4982 alienum,
1910 4916 2012 4972 hoc

437 5003 546 5055 est,
588 4997 848 5064 pecunias
892 5014 906 5051 :
952 4997 1143 5054 aliena:
1172 5000 1319 5055 enim
1352 5014 1478 5056 sunt
1516 5004 1632 5069 hae,
1663 5017 1848 5077 utpote
1882 5022 2017 5078 pau-

440 5085 665 5150 peribus
700 5086 1028 5158 designata),
1061 5090 1148 5146 vel
1195 5093 1376 5159 aliter,
1407 5104 1675 5164 quatenus
1713 5098 1848 5153 nihil
1878 5110 2019 5155 attu-

440 5179 663 5236 lerimns
694 5184 745 5237 in
774 5184 911 5239 hunc
938 5186 1221 5252 mundum,
1247 5188 1484 5260 nudique
1515 5190 1568 5245 in
1591 5191 1732 5248 hunc
1761 5197 2014 5249 mundum

439 5274 549 5326 nati
586 5274 798 5330 simus:
837 5277 987 5347 quod
1024 5290 1271 5335 nostrum
1317 5291 1401 5336 est
1438 5283 1561 5352 quis
1589 5283 1777 5339 dabit?
1808 5285 2017 5342 Nostra:

450 5374 630 5419 autem
662 5378 790 5422 sunt
821 5369 1024 5426 divitiae
1061 5371 1313 5428 cmlestes
1343 5381 1399 5428 et
1442 5374 1673 5440 divinae,
1716 5376 1824 5431 illic
1868 5378 2012 5433 enim

442 5465 630 5511 noster
663 5460 1022 5530 municipatus
1051 5472 1164 5529 est;
1196 5473 1249 5519 et
1273 5463 1478 5520 homini
1505 5466 1571 5520 ad
1602 5466 1890 5538 imaginem
1922 5470 2011 5524 liei

440 5548 584 5602 facto
613 5551 854 5618 pecuniae
880 5552 1097 5622 quidem
1128 5564 1183 5609 et
1217 5555 1587 5622 possessiones
1625 5558 1813 5614 aliena:
1851 5569 2006 5625 sunt,

441 5639 573 5692 nihil
607 5642 751 5694 enim
786 5642 963 5698 simile
1003 5645 1077 5699 illi
1107 5661 1171 5700 ex
1211 5646 1317 5701 his.
1350 5647 1668 5705 Divinorum
1708 5662 1886 5706 autem
1921 5654 2013 5705 bo-

445 5745 635 5785 norum
681 5732 903 5803 fruitio,
954 5744 1008 5793 et
1053 5737 1399 5810 participatio
1454 5738 1578 5807 Dei,
1625 5751 1810 5796 nostra
1865 5754 2009 5797 sinit.

2124 3453 2357 3522 ἐπείπερ
2418 3450 2642 3521 ρευστός
2667 3465 2683 3481 ⁸
2734 3448 2903 3503 πολὺν
2934 3448 3015 3516 δὲ,
3053 3450 3145 3502 τὸν
3174 3450 3445 3522 οὐράνιον.
3476 3449 3545 3513 ὡς
3582 3453 3665 3517 pio

2122 3561 2282 3598 νοντα
2326 3545 2433 3607 ἀεὶ,
2480 3541 2577 3600 καὶ
2623 3541 3072 3612 προστιθέμενον.
3112 3541 3170 3594 '0
3217 3541 3274 3595 δὲ
3311 3543 3369 3595 ιν
3416 3540 3580 3610 τούτῳ
3602 3542 3666 3608 τῷ

2121 3632 2295 3705 γηῖνῳ
2339 3633 2524 3697 ἄδικος
2577 3635 2788 3702 φανεὶς,
2850 3631 2947 3686 καὶ
3000 3634 3462 3704 σφετερισάμενος
3505 3633 3569 3685 τὰ
3601 3635 3666 3694 εἰς

2120 3729 2308 3797 κοινὴν
2337 3725 2447 3779 τῶν
2477 3723 2723 3794 ἀδελφῶν
2745 3725 2937 3795 χρείαν
2977 3723 3199 3778 δοθέντα
3248 3724 3421 3796 αὐτῷ,
3448 3726 3558 3779 οὐδὲ
3586 3724 3662 3778 τοῦ

2121 3817 2317 3871 πολλοῦ
2345 3815 2555 3870 ἐκείνου
2602 3814 2752 3880 ἄξιος
2785 3812 3164 3887 εὑρεθήσεται,
3215 3814 3332 3868 ἀλλ’
3379 3815 3456 3880 ὡς
3508 3816 3664 3878 ἄδικος

2121 3906 2582 3979 ammoneant.
2625 3903 2981 3977 Ἐρμηνεύων
3023 3905 3083 3958 δὲ
3114 3905 3176 3959 τὸ
3208 3906 3397 3977 ῥηθὲν,
3421 3905 3660 3976 ἑπιςέρει·

2122 4001 2185 4054 Εἰ
2230 4002 2290 4054 ἐν
2316 3999 2393 4071 τῷ
2424 3999 2595 4071 ἀδίκῳ
2633 3996 2869 4070 μαμωνᾷ
2915 3999 3095 4052 πιστοὶ
3148 4001 3249 4053 οῦκ
3297 3999 3565 4067 ἐγένεσθε,
3590 3999 3662 4051 τὸν

2120 4093 2373 4164 ἀληθινὸν
2393 4092 2477 4155 τίς
2514 4092 2642 4163 ὑμῖν
2670 4090 2951 4145 πιστεύσει
2979 4108 2995 4157 ;
3032 4091 3251 4145 ’Δδικον
3280 4093 3379 4161 μὲν
3427 4095 3661 4164 μαμωνᾶ-δ

2119 4186 2212 4239 τὸν
2243 4184 2515 4259 προσόντα
2562 4181 2793 4237 πλοῦτον
2843 4183 2972 4253 ὑμῖν
3006 4183 3289 4253 ὠνόμασεν
3315 4198 3333 4219 °
3359 4186 3407 4237 εξ
3458 4186 3555 4255 γὰρ
3579 4185 3660 4236 οἰκ

2117 4272 2189 4349 ἦν
2233 4276 2437 4340 ἄδικος,
2484 4275 2585 4329 οὐκ
2636 4274 2702 4330 ἂν
2736 4275 2970 4346 προσῆν,
3011 4273 3105 4328 νῦν
3145 4274 3202 4328 δὲ
3242 4276 3365 4329 ἐπεὶ
3406 4277 3659 4347 πρόσεστιν

2120 4371 2274 4441 ἡμῖν,
2306 4367 2529 4439 εὔδηλον
2555 4369 2635 4421 ὅτι
2670 4368 3172 4440 ὑποκρατούμενος,
3205 4368 3301 4423 καὶ
3333 4369 3410 4441 μὴ
3458 4370 3659 4439 πτωχοῖς

2119 4461 2504 4532 διαδιδόμενος,
2580 4459 2765 4524 ἄδικός
2829 4460 2980 4513 ἐστι·
3036 4461 3198 4514 τοῦτο
3268 4461 3327 4515 δὲ
3396 4462 3658 4532 vacuaque;

2119 4554 2415 4625 ἀλλοτρίων
2446 4553 2744 4624 χρημάτων
2793 4554 2885 4606 καὶ
2947 4553 3260 4623 πωχικῶν,
3300 4554 3459 4609 τοῦτο
3497 4554 3547 4608 δὲ
3568 4552 3658 4607 ἀδι-

2122 4649 2233 4705 κία.
2301 4650 2398 4712 Ὃς
2449 4645 2542 4700 οῦν
2596 4646 2690 4700 τδν
2754 4644 2979 4700 πλοῦτον
3028 4647 3216 4700 τοῦτον
3265 4645 3453 4710 κακῶς
3496 4648 3657 4702 διοικεῖ

2124 4742 2220 4796 καὶ
2258 4739 2524 4803 ἀπιστως,
2572 4719 2691 4801 πῶς
2718 4738 2811 4791 τδν
2841 4736 3094 4808 ἀληθινὸν
3137 4737 3369 4792 πλοῦτον
3398 4738 3652 4807 πιπευθήο

2124 4848 2311 4897 σεται;
2340 4831 2437 4885 καὶ
2464 4832 2574 4895 τοῖς
2601 4830 2677 4901 μὴ
2698 4829 2905 4894 πιστῶς
2931 4830 3268 4901 διαθεμένοις
3293 4834 3423 4902 ἡμῖν
3450 4831 3508 4886 τὸ
3530 4830 3654 4886 aut.

2120 4939 2294 4996 τριον,
2319 4922 2590 4985 τουτέστι.
2615 4923 2683 4976 τὰ
2710 4923 2993 4995 χρήματα·
3023 4924 3281 4995 ἀλλότρια
3319 4924 3378 4977 δὲ
3407 4923 3568 4978 ταῦτα
3596 4922 3654 4984 ὡς

2119 5018 2233 5079 τοῖς
2286 5015 2521 5085 πτωχοῖς
2571 5013 2965 5085 ἁφωρισμένα,
3016 5012 3112 5066 καὶ
3149 5013 3359 5079 ἄλλως,
3414 5014 3540 5068 καθὸ
3575 5014 3652 5066 οὐκ

2117 5125 2140 5160 ε
2153 5106 2516 5178 ἰσηνέγκαμέν
2532 5122 2584 5159 τι
2601 5108 2681 5169 εἰς
2700 5104 2793 5163 τὸν
2810 5106 3036 5177 κόσμον,
3056 5105 3191 5160 ἀλλὰ
3216 5111 3415 5177 γυμνοὶ
3433 5106 3654 5183 γεγεννήο

2125 5197 2264 5267 μεθα
2278 5214 2292 5228 ·
2318 5197 2377 5251 τὸ
2395 5197 2665 5267 ἡμέτερον
2691 5196 2769 5261 τίς
2786 5195 2948 5250 δώσει
2967 5215 2983 5262 ;
3018 5196 3317 5269 Ἦμέτερον
3336 5199 3392 5252 δὲ
3408 5198 3436 5252 ό
3458 5197 3653 5257 πλοῦτος

2118 5290 2147 5342 δ
2172 5291 2424 5361 οὐράνιος
2451 5290 2547 5343 καὶ
2577 5289 2750 5357 θεῖος,
2796 5292 2911 5343 ἐκεῖ
2939 5290 3048 5361 γὰρ
3080 5292 3241 5362 ἡμῶν
3272 5295 3335 5346 τὸ
3366 5292 3648 5357 πολίτευμα.

2118 5381 2328 5435 καὶτοῦ
2359 5383 2479 5435 κατ’
2508 5382 2690 5435 εἰκόνα
2710 5381 2848 5436 Θεοῦ
2878 5381 3377 5455 δημιουργηθέντος
3403 5383 3649 5455 ἀνθρώπων

2120 5473 2381 5544 χρήματα
2431 5473 2560 5543 μὲν,
2616 5472 2712 5527 καὶ
2749 5474 3010 5544 κτήματα
3058 5474 3350 5547 ἀλλότρια,
3393 5475 3533 5529 οὐδὲν
3564 5471 3649 5540 γὰρ

2120 5568 2298 5620 ἔοικεν
2344 5566 2493 5637 αὐτῷ
2520 5565 2747 5621 τούτων.
2792 5568 2966 5620 Θείων
2994 5567 3050 5621 δὲ
3100 5569 3322 5637 ἀγαθῶν
3368 5568 3645 5625 ἀπόλαυσις,

2121 5656 2217 5709 καὶ
2237 5654 2373 5709 Θεοῦ
2393 5656 2632 5725 μέθεξις,
2660 5656 2816 5710 τοῦτό
2843 5658 2959 5711 ἐστι
2981 5658 3043 5711 τὸ
3066 5658 3359 5729 ἡμέτερον.
3388 5658 3545 5729 Μέχρι
3567 5654 3646 5722 μὲν

2120 5744 2213 5798 οὖν
2238 5745 2428 5799 τούτου
2461 5745 2697 5810 ἐδίδαξεν
2723 5748 2888 5819 ἡμᾶς,
2918 5747 3033 5812 πῶς
3065 5749 3146 5803 δεῖ
3167 5749 3389 5804 διοικεῖν
3414 5748 3494 5803 τὸν
3522 5740 3645 5799 7.2.96-
