3932 6456
206 312 313 397 969

994 340 1437 402 ENARRATIO
1485 344 1563 406 IN
1604 346 2103 412 EVANGELIUM
2142 350 2377 414 LUC/E.
2412 346 2656 414 —'CAP.
2686 354 2842 415 XVI.

3347 358 3451 418 970

205 459 302 496 τον
358 440 588 505 πιστῶς·
646 443 922 517 ἀλλότριος
974 448 1080 518 γάρ
1132 451 1278 514 ἐστι,
1317 452 1412 504 καὶ
1464 452 1562 524 οὐχ
1599 455 1770 525 ἡμῶν·

1885 458 2050 529 lgitur
2080 461 2360 533 hucusque
2392 463 2572 518 docuit
2604 479 2700 519 nos
2729 458 2989 522 Dominus
3020 469 3290 537 quomodo
3322 475 3454 528 iide-

209 536 375 604 ἡμεῖς
404 535 512 605 γὰρ
542 536 835 607 οἰκονόμοι,
864 538 959 592 καὶ
989 539 1108 610 οὐχὶ
1140 540 1320 610 κύριοι
1377 543 1470 596 καὶ
1500 543 1779 602 δεσπόται.

1891 552 2014 608 liter
2051 554 2423 625 dispensanda:
2458 565 2585 612 sunt
2618 557 2852 626 divitiae;
2904 559 3092 618 alienat
3130 565 3271 619 enim
3302 578 3449 632 sum,

220 628 377 680 Ἐπεὶ
420 628 480 681 δὲ
530 630 563 699 ὴ
608 629 751 683 κατά
794 628 928 689 Θεὸν
965 631 1061 685 τοῦ
1105 634 1337 689 πλούτου
1383 636 1649 709 διοίκησις
1685 642 1770 694 οὐκ

1885 654 1939 700 et
1969 660 2075 701 non
2119 656 2317 702 nostra:
2357 664 2373 703 :
2413 663 2512 704 nos
2546 650 2688 705 enim
2730 653 3129 722 dispensatores
3172 673 3358 715 sumus
3395 671 3452 715 et

205 720 388 785 ἄλλως
436 722 819 793 κατορθοῦται,
870 726 918 778 εί
949 726 1025 796 μὴ
1059 726 1149 781 διὰ
1182 728 1283 798 τῆς
1329 730 1780 800 ἀπροσπαθείας,

206 813 535 883 προστίθησι
569 815 662 867 καὶ
693 815 851 869 τοῦτο
894 821 960 888 τῇ
991 818 1332 893 διδασκαλίᾳ,
1356 822 1549 877 εἰπών·
1580 825 1655 879 Οὐ
1688 826 1781 879 δύ-

203 905 376 959 νασθε
404 906 523 977 Θεῷ
552 900 823 962 δουλεύειν
852 911 948 963 καὶ
972 914 1227 985 μαμωνᾷ,
1261 915 1560 984 τουτέστιν,
1588 917 1782 973 ἀδύνα-

199 1013 297 1049 τον
319 996 411 1051 τὸν
433 999 858 1071 προσηλωμένον
880 1001 957 1073 τῷ
984 1004 1221 1076 πλούτῳ,
1254 1006 1350 1060 καὶ
1370 1008 1782 1080 ὑποκρατοῦντά

198 1107 256 1142 τι
304 1091 450 1145 κατὰ
495 1094 893 1164 προσπάθειαν,
937 1096 1124 1152 δοῦλον
1162 1093 1304 1153 εἶναι
1340 1102 1514 1156 Θεοῦο
1553 1102 1695 1157 ὥστε
1731 1106 1780 1158 εί

202 1181 427 1250 μέλλεις
470 1183 676 1248 πιστῶς
716 1184 941 1242 διοικεῖν
974 1188 1065 1241 τὸν
1097 1190 1345 1259 πλοῦτον,
1382 1194 1457 1265 μὴ
1489 1194 1781 1270 δουλεύσῃς

196 1273 374 1345 αὐτῷ,
409 1276 545 1346 ὅπερ
584 1277 720 1345 ἐστὶ,
770 1279 846 1351 μὴ
890 1278 1020 1352 ἔχῃς
1052 1281 1238 1352 σχέσιν
1286 1285 1422 1355 πρὸς
1469 1286 1652 1353 αὐτὸν,
1686 1289 1781 1342 καὶ

194 1364 373 1429 ὅντως
412 1368 731 1433 ὲδούλευσας
760 1371 839 1443 τῷ
869 1372 1021 1442 Θεῷο
1055 1376 1333 1446 πανταχοῦ
1367 1377 1475 1449 γάρ
1507 1380 1540 1449 ἡ
1582 1380 1777 1449 φιλαρ-

194 1459 368 1530 γυρία
388 1460 750 1527 διαϐάλλεται,
778 1464 913 1537 ὅπερ
939 1466 1085 1522 ἔστιν
1107 1468 1139 1538 ή
1164 1469 1419 1542 ἐμπαθὴς
1450 1471 1631 1543 σχέσις
1686 1473 1779 1527 καὶ

194 1553 355 1621 φιλία
382 1554 475 1608 τοῦ
510 1555 765 1612 πλούτου.

274 1665 296 1700 ι
344 1649 581 1705 Ἤκουον
612 1652 667 1706 δὲ
695 1654 869 1709 ταῦτα
912 1656 1090 1711 πάντα
1130 1660 1224 1712 καὶ
1274 1660 1324 1712 oi
1374 1660 1654 1731 Φαρισαῖοι
1689 1679 1775 1731 φι-

194 1740 469 1814 λάργυροι
501 1744 837 1818 ὑπάρχοντες
865 1748 958 1802 καὶ
994 1749 1423 1821 ἐξεμυκτήριζον
1450 1752 1633 1808 αὐτόν.
1667 1754 1777 1807 Καὶ

1885 752 1992 791 ηοη
2023 739 2247 794 domini.
2273 739 2540 807 Quoniam
2570 751 2750 797 autem
2778 746 3110 815 dispensatio
3136 750 3445 808 divitiarum

1880 830 2030 898 juxta
2068 831 2232 886 Deum
2283 848 2389 889 non
2435 835 2592 891 aliter
2624 836 2684 891 iit
2728 848 2904 906 recte,
2956 842 3058 896 nisi
3111 842 3285 899 absint
3323 861 3449 915 erga

1884 922 2002 977 illas
2047 924 2208 979 etiam
2250 923 2598 993 aﬂectioncs,
2651 929 2754 984 hoc
2792 944 3011 999 quoque
3056 932 3155 989 hac
3203 935 3447 991 doctrina

1883 1011 2019 1065 dixit
2049 1028 2065 1066 :
2095 1011 2209 1068 Non
2239 1014 2463 1082 potestis
2500 1014 2608 1070 Deo
2634 1017 2839 1073 servire
2858 1028 2910 1074 et
2942 1035 3262 1077 mammona:
3290 1040 3307 1089 ;
3348 1024 3449 1079 hoc

1883 1110 1994 1166 est,
2022 1102 2354 1172 impossibile
2374 1116 2457 1160 est
2480 1106 2638 1161 simul
2664 1107 2937 1163 addictum
2960 1124 3080 1165 esse
3106 1127 3447 1181 mammonae,

1881 1199 1936 1247 et
1968 1192 2061 1246 tali
2106 1191 2397 1250 aliectione
2429 1195 2709 1253 detentum
2744 1198 3113 1257 servire'Deo.
3165 1202 3342 1273 Atque
3376 1206 3449 1260 ita

1881 1285 1924 1340 si
1954 1285 2035 1339 vis
2070 1284 2299 1340 ﬁdeliter
2325 1287 2640 1358 dispensare
2671 1291 2888 1347 divitias
2909 1331 2924 1357 ,
2966 1308 3070 1349 non
3111 1296 3319 1351 svrvias
3348 1300 3450 1361 eis,

1882 1378 1982 1432 hoc
2008 1386 2112 1444 est,
2140 1393 2245 1433 non
2281 1382 2512 1437 tenearis
2537 1380 2817 1440 aliectione
2847 1400 2972 1456 erga
3006 1386 3123 1442 illas
3142 1425 3157 1450 ,
3189 1397 3241 1441 et
3265 1404 3450 1444 revera

1880 1469 2084 1524 servias
2121 1470 2250 1526 Deo.
2288 1469 2500 1542 Ubique
2532 1474 2676 1528 enim
2717 1489 2872 1530 amor
2907 1480 3146 1545 pecunia:
3183 1489 3397 1535 taxatur
3433 1522 3448 1547 ,

1881 1560 1981 1614 hoc
2010 1569 2094 1616 est
2122 1558 2334 1616 affectio
2367 1576 2495 1633 erga
2523 1562 2638 1618 illas
2669 1574 2722 1620 et
2747 1566 3008 1625 studium.

1949 1650 2109 1707 Vens.
2155 1653 2345 1720 ΗΑΒ.
2400 1672 2419 1705 ι
2458 1654 2759 1714 Audiebant
2788 1669 2968 1715 autem
3014 1661 3129 1717 haec
3174 1664 3354 1719 omnia
3394 1676 3449 1719 et

1877 1743 2167 1811 Pharisaei,
2204 1747 2295 1816 qui
2336 1758 2493 1803 erant
2533 1750 2712 1817 avari,
2753 1761 2809 1807 et
2837 1752 3153 1811 deridehant
3182 1758 3348 1815 illum.
3384 1760 3451 1814 Et

193 1833 353 1888 εἶπεν
401 1836 619 1902 αὐτοῖς·
662 1838 855 1910 Ὑμεῖς
899 1841 1021 1894 ἐστε
1070 1842 1120 1895 οἱ
1166 1841 1505 1908 δικαιοῦντες
1549 1845 1770 1910 ἑαυτοὺς

1877 1838 1953 1891 ait
1988 1838 2096 1894 illis
2128 1856 2141 1892 :
2178 1837 2286 1895 Vos
2318 1840 2450 1896 eStis
2484 1842 2576 1911 qui
2614 1842 2929 1911 jusulicatis
2972 1849 3221 1919 vosipsos
3264 1866 3446 1907 coram

193 1925 430 1980 ἐνώπιον
450 1926 561 1981 τῶν
590 1928 917 2000 ἀνθρώπων,
947 1934 975 1985 ὁ
993 1932 1051 1985 δὲ
1076 1932 1209 1995 Θεὸς
1235 1934 1493 2002 γινώσκει
1514 1935 1612 1999 τὰς
1634 1953 1772 2008 καρ-

193 2018 320 2082 δίας
359 2019 535 2090 ὑμῶν,
571 2021 657 2075 ὅτι
698 2022 760 2074 τὸ
792 2024 850 2077 ὲν
885 2022 1194 2095 ἀνθρώποις
1229 2024 1463 2096 ὑψηλὸν,
1500 2024 1773 2098 βδέλυγμα

196 2111 355 2181 παρά
382 2109 460 2182 τῷ
485 2111 623 2181 Θεῷ.
662 2131 680 2164 ι
709 2113 772 2167 Οί
803 2114 902 2185 μὲν
925 2115 1208 2184 Φαρισαῖοι
1229 2116 1657 2188 ἐξεμυκτήριζον
1683 2118 1774 2173 τὸν

196 2201 427 2273 Κύριον,
451 2201 527 2266 ὡς
549 2202 643 2255 ἐπὶ
662 2204 773 2267 τοῖς
789 2202 968 2273 λόγοις
984 2204 1327 2273 δακνόμενοι*
1348 2205 1480 2277 δυση
1490 2206 1775 2276 ρεστοῦντο

190 2295 308 2366 γάρ
354 2296 429 2360 ὡς
475 2296 799 2369 φιλάργυροι
847 2298 976 2369 περὶ
1009 2298 1394 2370 ἀκτημοσύνης
1447 2299 1768 2365 ἀκούοντες,

191 2388 323 2440 ἐπεὶ
364 2389 459 2441 καὶ
503 2388 739 2458 εἴρηταιο
773 2387 1061 2460 Βδέλυγμα.
1108 2390 1420 2462 ἀμαρτωλῷ
1462 2392 1769 2459 θεοσέϐεια,

191 2480 293 2532 καὶ
339 2480 391 2533 oi
441 2479 653 2550 ἔλεγχοι
685 2480 763 2553 τῷ
792 2481 980 2535 ἀσεϐεῖ
1011 2480 1302 2551 μώλωπες.
1364 2482 1424 2537 Ὀ
1466 2484 1523 2538 δὲ
1569 2484 1774 2556 Κύριος

190 2569 559 2626 ὲκκαλύπτων
587 2573 686 2644 τὴν
727 2564 1227 2645 ὐποκεκρυμμένην
1266 2572 1447 2629 αὐτῶν
1482 2577 1769 2649 πονηρίαν,

193 2664 291 2716 καὶ
337 2662 585 2729 δεικνὺς,
628 2666 711 2718 ὅτι
744 2666 792 2718 εί
839 2666 935 2719 καλ⁵
982 2666 1367 2737 ὑποκρίνονται
1397 2666 1769 2741 δικαιοςύνην,

193 2756 483 2827 βδελυκτοί
510 2761 616 2812 είσι
652 2758 805 2831 παρά
830 2759 907 2827 τῷ
934 2758 1052 2829 Θεῷ
1076 2758 1166 2813 διὰ
1189 2758 1289 2831 τὴν
1315 2761 1515 2830 οῖησιν,
1544 2761 1611 2832 ἢν
1644 2764 1772 2833 περὶ

196 2850 411 2906 ἑαυτῶν
448 2851 654 2923 έχουσι,
708 2852 893 2923 φησίν·
954 2852 1146 2922 Ὑμεῖς
1188 2852 1310 2906 ἐστε
1346 2853 1395 2907 οι
1435 2852 1773 2919 δικαιοῦντες

190 2947 448 3014 ἑαυτοὺς,
476 2948 572 3000 καὶ
599 2947 858 3018 οἰόμενοι,
884 2947 959 3011 ὡς
989 2948 1170 3019 μόνοις
1195 2948 1322 3019 ὑμῖν
1351 2950 1412 3004 τὸ
1440 2952 1581 3005 νοεῖν
1606 2950 1641 3005 ἂ
1669 2951 1769 3019 δεῖ,

190 3040 291 3093 καὶ
308 3038 581 3095 διδάσκειν
602 3039 829 3094 δέδοται·
851 3040 929 3095 διὸ
954 3042 1047 3094 καὶ
1073 3042 1436 3113 μυκτηρίζετε
1456 3044 1583 3108 τοὺς
1604 3044 1772 3116 ἐμοὺς

1875 1929 2187 1987 hominibus
2217 1950 2232 1988 :
2266 1931 2410 1989 Deus
2437 1943 2617 1990 autem
2665 1936 2814 1991 novit
2860 1939 3023 1995 corda
3059 1954 3235 1996 vestra
3270 1961 3283 1998 :
3320 1946 3446 2014 quia

1874 2024 2019 2091 quod
2061 2023 2373 2081 hominibus
2417 2024 2688 2083 excelsum
2734 2037 2848 2093 est,
2898 2031 3316 2090 abominandum
3366 2049 3446 2093 est

1875 2127 2056 2167 coram
2080 2113 2209 2170 Deo.
2237 2134 2256 2168 ι
2282 2116 2540 2174 Pharisaei
2565 2118 2781 2189 quidem
2806 2121 3119 2178 deridebant
3139 2124 3446 2199 Dominum,

1876 2219 1940 2259 eo
1961 2207 2102 2276 quod
2130 2209 2479 2267 sermonibus
2505 2211 2608 2268 illis
2632 2222 2974 2272 notarentur.
3003 2216 3276 2275 Gravatim
3302 2222 3445 2277 enim

1875 2297 2060 2354 ferunt
2111 2302 2295 2367 avari,
2347 2303 2392 2359 si
2443 2305 2661 2376 quando
2712 2307 2780 2363 de
2817 2320 3136 2379 paupertate
3185 2314 3443 2379 audiunt;

1874 2392 2127 2461 quoniam
2162 2404 2217 2450 et
2251 2396 2453 2451 dictum
2494 2406 2577 2451 est
2622 2416 2635 2453 :
2680 2399 3025 2457 Abominatio
3056 2413 3140 2460 est
3175 2408 3444 2475 peccatori

1874 2486 2081 2554 pietas,
2112 2495 2168 2541 et
2207 2489 2656 2559 reprehensiones
2698 2493 2861 2563 impio
2900 2504 3024 2551 sunt
3062 2496 3292 2568 ﬂagella.
3334 2498 3443 2553 Do-

1876 2576 2053 2632 minus
2076 2588 2256 2633 autem
2288 2590 2535 2652 retegens
2558 2584 2822 2639 occultam
2856 2601 3043 2643 eorum
3081 2590 3365 2654 malitiam,
3394 2602 3449 2647 et

1874 2670 2166 2725 ostendens
2199 2686 2294 2727 eos
2326 2674 2584 2730 simulare
2622 2676 2926 2745 justitiam,
2972 2690 3024 2734 et
3059 2680 3449 2738 abominabiles

1874 2775 1994 2817 esse
2015 2764 2153 2832 apud
2181 2764 2351 2819 Deum
2379 2775 2597 2838 promer
2622 2769 2934 2840 Opinionem
2962 2787 3124 2841 quam
3161 2775 3227 2829 de
3257 2789 3314 2830 se
3348 2775 3447 2831 ha-

1874 2854 2105 2921 bebant,
2144 2854 2277 2911 dicit
2314 2875 2329 2913 :
2384 2855 2485 2913 Vos
2526 2861 2659 2916 estis
2696 2863 2787 2932 qui
2820 2863 3132 2933 justiﬁeatis
3174 2868 3446 2936 vosipsos,

1873 2946 2159 3017 Opinantes
2185 2947 2318 3005 solis
2347 2949 2496 3006 vobis
2554 2948 2740 3009 datum
2780 2970 2941 3011 nosse
2971 2970 3090 3025 quae
3134 2967 3348 3028 oportet
3394 2971 3449 3014 et

1874 3039 2103 3106 docere,
2143 3048 2198 3096 et
2230 3040 2351 3096 ideo
2383 3041 2639 3099 deridetis
2665 3059 2816 3102 meos
2838 3061 3137 3115 sermones,
3171 3048 3449 3117 cupientes

189 3133 392 3201 λόγους
425 3134 501 3198 ὡς
541 3132 807 3204 ἄφρονος,
841 3133 1085 3199 θέλοντες
1118 3135 1436 3207 νομίζεσθαι
1469 3136 1547 3208 τῷ
1577 3136 1770 3209 πλήθει

1878 3130 2065 3189 haberi
2110 3146 2142 3187 a
2192 3132 2539 3189 multitudine
2583 3135 2833 3192 doctores
2879 3138 3142 3194 veritatis.
3182 3138 3287 3195 Sed
3339 3156 3449 3196 non

188 3224 453 3296 ἀληθείας
487 3224 819 3281 διδάσκαλοι.
874 3226 1015 3280 Ἀλλ’
1063 3227 1161 3298 οὐχ
1193 3226 1386 3292 οὑτωςο
1420 3228 1448 3281 ό
1488 3228 1596 3301 γὰρ
1635 3229 1770 3295 Θεὸς

188 3318 457 3387 γινώσκει
491 3319 589 3381 τάς
627 3318 855 3388 καρδίας
902 3318 1089 3390 ὑμῶν,
1131 3319 1228 3374 καὶ
1268 3318 1592 3391 βδελυκτούς
1629 3322 1772 3393 ὑμᾶς

188 3411 412 3480 ἡγεῖται
442 3408 530 3463 διά
559 3408 660 3480 τὴν
689 3408 1159 3481 ὑψηλοφροσύνην,
1192 3412 1287 3465 καὶ
1314 3410 1411 3484 τὴν
1436 3412 1536 3482 τῆς
1564 3411 1773 3484 ἀνθρω-

187 3503 358 3573 πίνης
422 3501 581 3571 δόξης
632 3502 947 3573 ἐπιθυμίαν.
999 3523 1017 3556 ι
1074 3504 1148 3557 Τὸ
1205 3507 1314 3575 γὰρ
1357 3505 1415 3558 ἐν
1463 3504 1772 3577 ἀνθρώποις

187 3592 400 3662 ὑψηλὸν
439 3593 718 3665 βδέλυγμα
759 3594 907 3665 παρά
953 3595 1031 3667 τῷ
1065 3594 1219 3667 Θεῷ,
1247 3616 1265 3648 ι
1306 3597 1618 3669 ἀκάθαρτος
1662 3598 1770 3667 γὰρ

188 3686 348 3757 παρά
375 3684 567 3757 Κυρίῳ
599 3686 706 3748 πᾶς
740 3684 1157 3758 ὑψηλοκάρδιος.
1194 3686 1345 3740 Ἔδει
1370 3686 1500 3755 γοῦν
1532 3688 1693 3757 ὑμᾶς’
1725 3680 1771 3740 ὦ

183 3778 496 3848 Φαρισαῖοι,
530 3777 608 3849 μὴ
640 3777 776 3848 πρὸς
806 3777 1075 3848 ὑπόληψιν
1109 3777 1210 3849 ζῇν
1238 3776 1605 3850 ἀνθρωπίνην,
1637 3778 1770 3844 Θεὸς

182 3873 299 3941 γάρ
332 3870 714 3941 διεσκόρπισεν
746 3870 878 3923 ὀστᾶ
908 3869 1409 3940 ἀνθρωπαρέσκωνο
1438 3866 1685 3923 δικαιοῦν
1711 3869 1769 3923 δὲ

186 3962 396 4035 μᾶλλον
426 3963 652 4027 ἑαυτοὺς
683 3961 913 4016 ἐνώπιον
946 3959 1040 4016 τοῦ
1065 3958 1225 4016 Θεοῦ.

266 4075 286 4108 ι
326 4056 385 4110 ’0
407 4056 568 4127 νόμος
583 4073 597 4088 ·
619 4056 713 4109 καὶ
731 4056 780 4109 oi
803 4055 1080 4127 προφῆται
1098 4055 1201 4118 ἕως
1230 4054 1500 4122 Ἰωάννου,
1521 4054 1629 4109 ἀπὸ
1646 4055 1767 4108 τότε

184 4151 220 4220 ἡ
253 4148 503 4220 βασιλεία
525 4147 620 4201 τοῦ
638 4146 772 4201 Θεοῦ
797 4146 1233 4217 εὐαγγελίζεται*
1259 4146 1353 4200 καὶ
1372 4148 1477 4210 πᾶς
1498 4146 1576 4211 είς
1598 4145 1767 4217 αὐτὴν

185 4239 460 4310 βιάζεται.
515 4237 908 4310 Εὐκοπώτερον
968 4237 1027 4290 δέ
1074 4239 1190 4290 ἐστι
1243 4238 1337 4292 τὸν
1381 4238 1609 4309 οὐρανὸν
1670 4242 1765 4293 καὶ¹

179 4330 286 4400 τὴν
310 4329 414 4399 γῆν
441 4328 753 4399 παρελθεῖν,
782 4328 815 4400 ἢ
843 4327 933 4382 τοῦ
958 4329 1124 4399 νόμου
1152 4329 1281 4400 μίαν
1301 4329 1531 4401 κεραίαν
1554 4333 1761 4385 πεσεῖν.

183 4426 305 4488 ne;
334 4424 363 4476 ό
393 4422 645 4478 ἀπολύων
674 4423 773 4494 τὴν
804 4426 1042 4492 γυναῖκα
1073 4423 1264 4491 αὐτοῦ,
1298 4423 1394 4477 καὶ
1426 4422 1623 4493 γαμῶν
1645 4424 1761 4477 ἐτέ-

182 4533 310 4588 ραν,
352 4515 616 4587 μοιχεύει,
648 4516 745 4571 καὶ
775 4517 883 4581 πᾶς
915 4516 944 4569 ὁ
976 4515 1387 4588 ἀπολελυμένην
1427 4516 1536 4570 ἀπὸ
1568 4516 1759 4586 ἀνδρὸς

182 4606 407 4677 γαμῶν,
442 4606 708 4678 μοιχεύει.
748 4625 766 4660 ι
804 4610 963 4663 Δοκεῖ
994 4608 1361 4680 ἀπηρτημένα
1395 4608 1537 4664 εἶναι
1563 4607 1759 4671 ταῦτα,

181 4700 283 4753 καὶ
318 4700 593 4771 μηδεμίαν
614 4701 899 4754 κοινωνίαν
916 4700 1061 4771 ἔχειν
1092 4701 1229 4772 πρὸς
1257 4702 1325 4755 τά
1346 4700 1759 4774 προρρηθέντα,

180 4793 324 4846 ἀλλά
375 4794 453 4863 τῷ
503 4795 824 4865 προσέχοντι
874 4793 975 4847 οὐκ
1022 4793 1363 4849 ἀνακόλουθα
1410 4793 1623 4860 δόξαιεν
1672 4794 1760 4858 ἂν,

181 4887 313 4956 λίαν
347 4886 408 4940 δὲ
451 4888 565 4951 τοῖς
611 4884 980 4957 προλαϐοῦσιν
1032 4886 1320 4940 ἀκόλουθα.
1383 4884 1600 4957 Ἐπειδὴ
1654 4885 1762 4956 γὰρ

181 4977 352 5043 αὐτὸς
389 4978 490 5048 μὲν
520 4976 911 5049 ἀκτημοσύνην
941 4978 1274 5049 είσηγὴσατο
1305 4976 1371 5031 δι’
1396 4968 1472 5031 ὧν
1507 4975 1764 5046 ἀνωτέρω

183 5066 343 5135 εἶπε,
376 5071 475 5125 καὶ
506 5071 596 5125 τὸν
638 5070 867 5124 πλοῦτον
905 5070 1089 5125 ἄδικον
1121 5071 1388 5142 μαμωνᾶν
1423 5069 1702 5135 ἐκάλεσεν,
1736 5069 1764 5121 ό

184 5160 245 5214 δὲ
270 5162 438 5233 νόμος
466 5161 564 5225 τὰς
595 5160 843 5231 εὐλογίας
872 5163 966 5215 καὶ
995 5164 1053 5217 ἐν
1082 5162 1160 5233 τῷ
1191 5160 1406 5232 πλούτῳ
1440 5159 1633 5225 ἐδίδου,
1668 5158 1764 5213 καὶ

184 5252 236 5304 oi
267 5250 550 5323 προφῆται
587 5253 657 5306 τά
703 5253 883 5321 ἀγαθὰ
922 5254 1023 5323 τῆς
1058 5254 1161 5323 γῆς
1205 5252 1625 5323 ἐπηγγέλλοντο,
1675 5252 1766 5305 ἶνα

191 5346 267 5415 μή
314 5362 399 5407 τις
444 5345 572 5416 είπη
619 5345 770 5418 αὐτῷ
809 5344 1283 5417 διαμυκτηρίζων,
1317 5345 1505 5415 ὥσπερ
1530 5346 1577 5398 oi
1607 5346 1769 5416 Φαρι-

192 5441 361 5503 σαῖοι,
396 5437 461 5491 Τί
496 5442 559 5491 σύ
595 5437 808 5507 λέγεις;
839 5439 1100 5502 ὲναντιοῖς
1128 5438 1204 5509 τῷ
1229 5438 1411 5509 νόμῳ;
1439 5438 1647 5499 ἐκεῖνος
1676 5436 1771 5490 καὶ

183 5531 247 5586 ὲν
280 5528 361 5601 τῷ
400 5529 617 5601 πλούτῳ
660 5531 907 5601 εὐλογεῖ,
947 5532 1042 5586 καὶ
1086 5531 1150 5585 σύ
1199 5526 1586 5601 ἀκτημοσὺνην
1628 5527 1771 5581 διδά-

188 5640 379 5691 σκεις;
429 5622 529 5676 Διά
559 5622 719 5677 τοῦτό
748 5639 930 5694 φησιν·
980 5622 1038 5677 Ὀ
1070 5624 1234 5695 νόμος
1267 5622 1363 5676 καλ⁵
1394 5624 1442 5677 οἱ
1488 5619 1766 5693 προφῆται

259 5807 331 5840 ⁶³⁹
359 5802 380 5860 1
404 5805 532 5861 Cor.
575 5820 615 5870 ι,
646 5804 737 5859 25.

443 5898 717 5961 PATBOL.
749 5899 866 5962 Gn.
903 5897 1190 5962 CXXIII.

1876 3221 1975 3279 sic.
2008 3222 2150 3281 Deus
2171 3225 2318 3280 enim
2349 3225 2525 3281 noscit
2555 3227 2717 3282 corda
2742 3238 2921 3285 vestra
2941 3270 2955 3297 ,
2985 3239 3039 3285 ct
3060 3230 3449 3288 abominabiles

1874 3329 1971 3371 vos
1995 3316 2303 3384 existimat,
2323 3327 2546 3388 praptcr
2580 3320 2885 3391 superbiam
2919 3333 2975 3378 et
2998 3323 3246 3379 humana:
3265 3324 3450 3395 gloriae

1874 3405 2242 3474 cupiditatem.
2291 3426 2310 3460 ι
2360 3406 2514 3475 Quod
2557 3408 2701 3463 enim
2741 3411 2969 3466 sublime
3008 3411 3062 3467 in
3110 3413 3447 3479 hominibus,

1874 3497 2201 3555 abominatio
2248 3500 2387 3571 apud
2418 3500 2585 3557 Deum
2622 3502 2822 3558 eSt'".
2867 3522 2887 3557 ι
2934 3504 3251 3562 lmmundus
3300 3507 3445 3561 enim

1875 3589 2017 3658 apud
2053 3590 2335 3646 Dominum
2383 3592 2563 3648 omnis
2605 3595 2872 3665 superbus
2922 3598 3107 3652 corde.
3155 3594 3450 3667 Oportebat

1875 3681 2037 3751 igitur
2073 3697 2201 3750 vos,
2251 3698 2285 3738 ο
2327 3683 2619 3752 Pharisaei,
2666 3701 2771 3742 non
2814 3690 2881 3743 ad
2931 3689 3221 3744 humanam
3266 3691 3449 3745 vivere

1872 3772 2177 3842 opinionem
2204 3790 2217 3825 :
2244 3772 2386 3829 Deus
2415 3776 2559 3830 enim
2586 3776 2986 3848 dispersitossa
3018 3794 3205 3835 eorum
3234 3782 3325 3851 qui
3353 3781 3448 3836 ho-

1874 3866 2107 3923 minibus
2133 3865 2344 3938 placent
2375 3884 2387 3920 :
2424 3867 2517 3923 sed
2545 3867 2847 3938 justilicare
2870 3884 2963 3926 vos
2993 3885 3176 3926 coram
3208 3871 3335 3928 Deo.

1941 4050 2106 4106 Vens.
2147 4052 2330 4107 lii-l8.
2367 4070 2386 4104 ι
2435 4050 2547 4107 Lex
2576 4060 2628 4107 et
2665 4052 2943 4122 prophetae
2976 4066 3145 4122 usque
3182 4052 3348 4126 416
3376 4055 3441 4109 ad

1868 4145 2128 4202 Joannem
2158 4161 2174 4199 :
2203 4145 2274 4200 ah
2306 4160 2372 4200 eo
2404 4153 2645 4214 tempore
2683 4160 2908 4216 regnum
2944 4144 3037 4201 Dei
3066 4146 3441 4211 annuntiatur,

1867 4247 1922 4296 et
1950 4237 2127 4310 quivis
2147 4237 2202 4291 in
2226 4236 2355 4292 illud
2383 4236 2490 4291 vim
2516 4236 2665 4291 facit.
2682 4235 2916 4293 Facilius
2937 4246 3020 4293 est
3041 4243 3221 4293 autem
3245 4238 3440 4294 coelum

1867 4342 1920 4388 et
1949 4341 2147 4388 terram
2178 4329 2482 4401 praeterire,
2523 4345 2687 4400 quam
2736 4330 2870 4400 legis
2903 4344 3073 4386 unum
3116 4330 3323 4401 apicem
3356 4346 3440 4385 ca-

1870 4424 2018 4479 dere.
2060 4421 2313 4493 Quisquis
2350 4422 2574 4478 dimittit
2612 4437 2836 4477 uxorem
2908 4438 3060 4479 suam
3118 4432 3171 4478 et
3218 4424 3442 4478 alteram

1795 4494 1837 4550 θ
1869 4498 2049 4579 ducit,
2097 4514 2420 4570 adulterium
2452 4514 2742 4569 committit
2788 4531 2803 4571 :
2853 4524 2909 4570 et
2958 4515 3049 4584 qui
3086 4515 3363 4570 dimissam
3412 4532 3443 4570 a

1871 4609 1988 4662 viro
2025 4605 2201 4669 ducit,
2243 4604 2563 4660 adulterium
2603 4606 2915 4660 committit.
2956 4624 2974 4658 ι
3020 4605 3283 4661 Videntur
3328 4608 3443 4662 haec

1871 4693 2158 4764 separatim
2186 4691 2349 4756 dicta,
2371 4700 2425 4746 et
2450 4705 2571 4744 cum
2595 4692 2966 4760 superioribus
2993 4708 3098 4747 non
3124 4693 3396 4749 cohrerere
3425 4714 3438 4748 :

1872 4789 1966 4845 sed
2013 4785 2311 4843 attendenti
2358 4785 2686 4841 videbuntur
2736 4800 2840 4841 non
2888 4788 3028 4841 male
3057 4796 3436 4852 consectanen,

1872 4878 2328 4953 praevenientihus
2374 4890 2504 4932 vero
2543 4877 2680 4932 satis
2726 4885 3112 4932 consentanea.
3148 4878 3279 4932 Nam
3313 4881 3438 4949 quia

1874 4976 1987 5044 ipse
2016 4978 2386 5041 paupertatem
2412 4970 2464 5025 in
2495 4968 2868 5037 superioribus
2892 4970 3171 5035 docuerat,
3198 4973 3439 5027 vocando

1872 5064 2089 5119 divitias
2122 5062 2380 5130 iniustum
2407 5071 2736 5121 mammona,
2768 5056 2850 5111 lex
2884 5071 3011 5111 vero
3040 5059 3441 5115 benedictiones

1875 5166 1930 5214 et
1974 5158 2029 5211 in
2066 5155 2269 5211 divitiis
2299 5154 2487 5218 dabat,
2534 5160 2589 5207 et
2618 5151 2892 5221 propheta:
2936 5151 3074 5205 bona
3113 5161 3269 5207 terrae
3317 5170 3442 5222 pro-

1873 5249 2157 5305 mittebant
2193 5265 2208 5304 :
2242 5254 2297 5301 ut
2326 5260 2392 5300 ne
2422 5244 2545 5314 quis
2574 5244 2719 5297 dicat
2749 5241 2797 5296 ei
2844 5242 3075 5297 irridens
3114 5242 3255 5297 sicut
3296 5242 3441 5298 Pha-

1871 5342 2039 5405 ristei,
2075 5338 2214 5405 Quid
2256 5346 2311 5391 tu
2347 5334 2522 5391 dicis?
2552 5332 2861 5389 contrarius
2892 5346 2951 5388 es
2994 5334 3131 5404 legi?
3164 5334 3251 5389 illa
3285 5344 3340 5390 et
3384 5337 3438 5389 in

1868 5431 2072 5487 divitiis
2089 5427 2380 5488 benedicit,
2398 5434 2451 5481 et
2468 5434 2520 5479 tu
2542 5433 2912 5495 paupertatem
2935 5424 3129 5480 doces?
3145 5424 3439 5496 Propterea

1867 5522 1999 5578 dicit
2023 5539 2037 5575 :
2062 5519 2173 5576 Lex
2196 5526 2249 5574 et
2273 5518 2546 5588 propheta:
2571 5530 2742 5585 usque
2764 5516 2828 5569 ad
2851 5515 3110 5571 Joannem
3133 5517 3443 5573 habuerunt

1873 5626 2104 5686 tempus.
2139 5609 2205 5665 Et
2236 5610 2373 5667 bene
2403 5608 2621 5679 quidem
2656 5606 2957 5676 docebant,
3009 5623 3200 5680 nempe
3232 5610 3305 5665 ita
3341 5623 3445 5663 au-

2980 5882 3049 5943 31
