3932 6456
469 373 482 388 ⁸
520 363 618 430 971

1468 358 2045 422 TIIEOPHYLACTI
2090 359 2497 423 BULGARLE
2542 359 2897 423 ARCHIEP.
3633 361 3718 424 972

518 480 750 534 ditorum
784 469 1097 527 inﬁrmitate
1138 467 1464 540 postulante.
1509 468 1551 522 Δ
1584 483 1692 538 quo
1721 479 1897 522 autem
1949 480 2083 524 tent-

2190 470 2295 532 ἕως
2328 469 2576 522 Ἰωάννου
2616 463 2760 537 εἶχον
2784 467 2875 520 τὸν
2919 466 3132 536 καιρόν.
3171 465 3282 521 Καὶ
3311 464 3490 531 καλῶς
3519 467 3607 538 μὲν
3634 471 3717 525 ut.

520 584 650 639 pore
671 563 1039 634 Joannes,qtti
1068 572 1285 633 propter
1313 570 1682 631 paupertatem
1720 562 1942 614 materia
1977 561 2089 616 fere

519 658 763 724 carebat,
809 664 863 709 et
897 663 1115 726 propter
1148 651 1388 707 materia:
1430 651 1744 707 tenuitatem
1793 650 1908 706 sine
1961 666 2090 722 pos-

517 750 853 808 sessionibus
880 755 1023 812 erat,
1054 745 1293 810 advenit,
1324 752 1378 800 et
1412 759 1635 814 regnum
1665 743 1924 799 caelorum
1958 759 2092 813 pra:-

518 843 741 908 dicavit,
822 856 926 895 non
989 839 1126 893 ultra
1208 836 1348 891 bona
1405 845 1618 892 terrena
1678 836 1803 890 huic
1860 835 2090 904 tempori

518 936 804 999 debentur,
825 934 918 990 sed
943 946 1166 1002 regnum
1187 929 1446 985 cmlorum
1478 927 1828 999 praedicatur.
1857 927 2089 982 Proinde

517 1039 574 1084 et
603 1035 972 1100 paupertatem
999 1025 1052 1080 in
1083 1034 1227 1080 terra
1248 1022 1439 1078 debent
1461 1036 1682 1077 servare
1714 1019 1766 1074 ltl
1796 1021 1889 1088 qui
1919 1019 2090 1074 caelos

519 1121 851 1177 desiderant.
898 1118 1162 1186 Quoniam
1209 1115 1484 1186 propheta:
1531 1124 1585 1170 et
1622 1113 1710 1168 lex
1756 1113 2085 1170 mentionem

519 1228 626 1267 non
678 1209 948 1266 faciebant
985 1209 1135 1277 regni
1181 1207 1466 1271 cmlorum,
1500 1206 1694 1261 merito
1743 1207 1882 1261 bona
1931 1215 2088 1260 terrae

520 1304 905 1374 promittebant
954 1300 1479 1372 imperfectioribus,
1530 1308 1586 1354 et
1625 1300 1757 1353 niltEl
1809 1300 1961 1352 virile
2009 1298 2088 1352 vel

522 1411 772 1466 magnum
809 1394 1107 1464 intelligere
1147 1378 1473 1448 valentibus.
1508 1392 1682 1460 Atque
1727 1391 1799 1445 ita
1823 1429 1838 1455 ,
1872 1405 1905 1444 o
1944 1389 2086 1443 Pha-

521 1488 698 1554 risati,
732 1487 926 1542 merito
959 1492 1329 1557 paupertatem
1364 1484 1560 1550 doceo,
1595 1497 1661 1537 eo
1695 1481 1836 1549 quod
1890 1481 2088 1550 imper-

522 1577 656 1631 recta
684 1577 816 1645 legis
841 1584 1108 1645 praecepta
1125 1574 1239 1646 jam
1264 1588 1369 1629 non
1396 1573 1595 1628 habent
1620 1581 1850 1641 tempus.
1869 1569 2090 1639 Insuper

519 1681 588 1721 ne
621 1667 802 1722 dicant
835 1665 1036 1735 rejecta
1079 1663 1260 1720 omnia
1301 1677 1421 1733 qua:
1470 1663 1523 1717 in
1571 1662 1688 1734 lege
1734 1671 1862 1719 sunt
1913 1662 2088 1725 dicta,

514 1756 670 1828 quasi
698 1771 831 1810 vana
859 1755 970 1810 sint
997 1762 1052 1808 et
1071 1753 1282 1809 inutilia
1315 1771 1328 1807 :
1357 1767 1462 1807 non
1492 1754 1598 1808 hoc
1617 1753 1770 1818 dicit,
1798 1753 1890 1808 sed
1917 1751 2088 1820 magis

2195 562 2424 629 δασκον,
2476 559 2572 614 au
2613 559 2804 630 καιρὸν
2852 558 3082 630 ἐχούσης
3128 557 3230 628 τῆς
3275 559 3596 631 νηπιότητος
3639 563 3720 617 τῶν

2193 653 2520 711 ἀκουόντων.
2565 650 2681 720 Ἀφ’
2713 646 2773 705 οὗ
2802 649 2860 703 δὲ
2883 651 2912 703 ό
2953 649 3222 722 Ἰωάννης,
3251 653 3279 704 ὁ
3303 651 3486 721 σχεδὸν
3513 651 3652 716 άΰλος
3669 655 3719 707 δι’

2194 743 2602 817 ἀκτημοσύνην,
2648 744 2742 796 καὶ
2778 743 3044 813 ἀκτήμων
3077 742 3164 796 διά
3191 743 3288 813 τὴν
3318 743 3512 812 μικροῦ
3546 744 3719 815 ἀῦλίαυ,

2193 839 2530 909 ἐπεδήμησε,
2561 837 2654 890 καὶ
2686 835 2964 906 βασιλείαν
2989 835 3232 906 οὐρανῶν
3264 834 3550 905 ἐκήρυξεν,
3576 837 3720 890 οὐκέτι

2193 928 2379 981 λοιπὸν
2408 927 2477 980 τά
2507 926 2607 995 τῆς
2641 926 2743 995 γῆς
2771 924 2953 994 ἀγαθά
2980 927 3170 996 καιρὸν
3195 924 3431 996 ἔχουσιν,
3460 924 3569 977 ἀλλ’
3598 927 3626 996 η
3651 926 3722 995 βα·

2195 1021 2372 1076 σιλεία
2407 1020 2518 1074 τῶν
2564 1019 2810 1092 οὐρανῶν
2855 1017 3211 1090 κηρύττεται.
3252 1017 3346 1071 Διδ
3387 1019 3482 1071 καὶ
3520 1019 3721 1088 ἀκτημο·

2197 1113 2364 1182 σύνην
2399 1113 2455 1166 ἐν
2483 1113 2554 1182 γῇ
2589 1110 2895 1180 ὀφείλουσιν
2927 1109 3268 1181 ἐπιτηδεύειν
3297 1109 3348 1162 oi
3388 1107 3497 1161 τῶν
3521 1109 3722 1178 οὐρανῶν

2194 1205 2492 1277 ἐφιέμενοι.
2539 1203 2694 1258 Ἐπεὶ⁵
2741 1203 2857 1271 οἵγε
2899 1202 3176 1274 προφῆται
3231 1201 3327 1254 καὶ
3375 1202 3406 1254 δ
3453 1201 3631 1270 νόμος,
3665 1201 3718 1270 μὴ

2199 1299 2532 1372 μνησθέντες
2564 1299 2843 1370 βασιλείας
2875 1297 3144 1369 οὐρανῶν,
3180 1295 3407 1359 εἰκότως
3437 1294 3505 1348 τά
3529 1295 3617 1364 τῆς
3645 1296 3718 1364 γῆς

2192 1392 2373 1462 ἀγαθά
2399 1391 2803 1463 ἐπηγγέλλοντο
2823 1392 2935 1452 τοῖς
2955 1389 3036 1444 ἐτι
3059 1389 3310 1444 άτελεστέ
3321 1405 3453 1458 ροις,
3479 1386 3568 1440 καὶ
3591 1387 3718 1457 μηδὲν

2197 1486 2340 1556 μέγα
2360 1484 2454 1540 καὶ
2471 1482 2727 1555 ἀνδρικὸν
2750 1485 2950 1536 ἐννοεῖν
2967 1479 3313 1551 δυναμένοις.
3332 1479 3494 1531 Ὥστε
3517 1477 3713 1538 statim.

2193 1571 2239 1632 ὦ
2289 1577 2610 1647 Φαρισαῖοι,
2666 1572 3053 1645 ἀκτημοσύνην
3097 1571 3366 1635 διδάσκω,
3417 1564 3502 1622 οἷα
3541 1568 3599 1640 δὴ
3637 1569 3714 1620 τῶν

2196 1666 2404 1723 ἀτελῶν
2455 1663 2550 1719 τοῦ
2609 1664 2776 1735 νόμου
2824 1663 3264 1736 προσταγμάτων
3317 1660 3513 1731 μηκέτι
3566 1659 3718 1729 καιρὸν

2194 1758 2446 1830 ἐχόντων.
2479 1751 2613 1811 Εἶτα
2642 1757 2730 1810 ἴνα
2767 1755 2842 1828 μὴ
2871 1757 3100 1810 είπωσιν
3119 1794 3133 1818 ,
3168 1754 3250 1808 ὅτι
3279 1752 3464 1806 λοιπὸν
3494 1751 3647 1805 πάντα
3667 1753 3718 1803 τὰ

517 1847 810 1917 implentur
863 1855 919 1901 et
968 1844 1344 1915 perﬁciuntur.
1398 1843 1746 1914 Quaecunque
1801 1845 1944 1900 enim
2000 1843 2085 1897 illa

2191 1850 2286 1905 τοῦ
2317 1851 2480 1922 νόμου
2510 1849 2835 1918 ἐκϐέϐληται
2857 1847 2930 1910 ῶς
2963 1849 3194 1917 ματαίου
3223 1846 3318 1900 καὶ
3338 1845 3598 1909 διακένου,
3623 1845 3718 1913 οὒχί

516 1941 877 2004 adumbravit,
901 1955 962 1994 ea
989 1939 1124 1994 dixit
1147 1938 1212 1994 tle
1237 1937 1457 1995 Christo
1483 1936 1800 2009 ﬁguraliter.
1829 1937 1892 1990 Et
1913 1952 2090 2007 quan-

518 2045 638 2087 tum
667 2032 734 2086 ad
785 2031 930 2100 leges
961 2028 1191 2093 attinet,
1235 2027 1398 2081 etiam
1435 2025 1564 2095 ipsae
1595 2039 1743 2080 nunc
1776 2024 2088 2091 implentur,

515 2134 570 2182 et
593 2122 731 2179 nihil
761 2122 814 2177 in
846 2122 930 2178 his
950 2132 1124 2191 usque
1153 2118 1772 2188 adextretnunt‘a-picem
1797 2115 2087 2170 intercidit.

515 2219 586 2275 Et
636 2230 759 2288 qua
802 2216 868 2270 de
917 2213 1134 2270 Christo
1166 2211 1273 2267 illic
1317 2226 1412 2281 per
1456 2209 1702 2266 umbram
1747 2209 2086 2264 subindicata

515 2315 676 2372 sunt,
721 2319 864 2362 nunc
901 2302 1249 2375 perﬁcieotur
1293 2301 1512 2357 clarius.
1552 2299 1614 2354 Et
1659 2301 1909 2355 mandata
1956 2299 2090 2368 legis

515 2409 637 2464 qua:
661 2403 785 2449 tunc
801 2393 946 2458 data,
968 2407 1064 2462 pro
1089 2390 1525 2462 imperfectorum
1546 2403 1708 2445 sensu
1726 2399 2090 2460 congruenter

517 2488 675 2556 data,
695 2501 837 2541 nunc
864 2485 1232 2541 sublimiorem
1253 2494 1309 2540 et
1335 2483 1711 2554 perfectiorem
1742 2499 1960 2539 sensum
1993 2485 2088 2538 ita-

515 2581 693 2638 bitura
719 2585 868 2634 sunt.
893 2577 1002 2634 Lex
1037 2578 1180 2632 enim
1213 2574 1529 2646 imperfecte
1548 2575 1880 2647 imperfectis
1912 2576 2085 2631 locuta

514 2681 598 2729 est
633 2691 648 2728 :
681 2672 824 2743 quod
853 2671 978 2726 hinc
1021 2669 1362 2726 manifestum
1405 2679 1511 2725 est.
1551 2667 1685 2723 Nam
1713 2669 1780 2724 de
1817 2668 2088 2724 solutione

516 2761 822 2830 nuptiarum
849 2760 1002 2832 juxta
1033 2759 1288 2815 duritiem
1316 2759 1495 2815 cordis
1525 2756 1832 2814 Judazorum
1864 2771 2086 2830 respon-

515 2853 617 2920 dit,
657 2837 714 2908 ttt
768 2867 888 2907 cum
918 2851 1000 2906 vir
1029 2850 1153 2906 odio
1188 2850 1438 2907 habuerit
1471 2864 1716 2917 uxorem,
1762 2855 2085 2920 potestatem

517 2947 715 3002 habeat
751 2945 1057 3001 dimittendi
1085 2959 1240 3012 eam,
1278 2957 1348 2999 ne
1390 2943 1634 2999 deterius
1660 2943 1790 3014 quid
1830 2943 1944 3000 flat.
1977 2941 2086 2999 llo-

516 3039 731 3096 micidte
754 3039 896 3093 enim
925 3047 1083 3095 erant
1113 3046 1166 3094 et
1191 3037 1548 3110 sanguinarii,
1573 3047 1627 3094 et
1656 3051 1831 3106 neque
1853 3037 2086 3109 propriis

516 3134 834 3204 parcebant,
861 3131 1294 3203 quandoquidem
1327 3141 1381 3188 et
1418 3131 1554 3187 ﬁlios
1600 3141 1655 3186 et
1703 3131 1838 3187 tilias
1885 3131 2085 3186 daemo-

515 3226 674 3280 nibus
720 3226 1106 3293 immolabant;
1157 3224 1254 3282 sed
1303 3224 1578 3279 humilitas
1623 3233 1677 3278 et
1743 3223 2084 3294 imperfectio

516 3318 652 3388 legis
683 3317 804 3372 talis
830 3327 968 3372 erat.
1001 3316 1236 3387 Tempus
1264 3317 1408 3371 enim
1438 3314 1701 3385 ejusmodi
1737 3315 2088 3385 legislationis

519 3419 648 3465 tunc
668 3417 805 3474 erat,
825 3423 966 3464 nunc
993 3417 1172 3462 autem
1201 3407 1305 3462 alia
1335 3408 1658 3478 pertectiore
1681 3407 1928 3463 doctrina
1951 3423 2088 3478 opus

512 3506 623 3555 est.
670 3498 881 3554 Idcirco
913 3498 1078 3552 etiam
1113 3497 1236 3553 dico
1270 3496 1472 3570 τήν]
1509 3496 1696 3554 Omnis
1727 3499 1820 3569 qui
1865 3499 2089 3554 dimittit

502 3605 763 3656 .uxorem,
823 3601 1050 3658 excepta
1108 3604 1270 3645 causa
1323 3590 1700 3646 fornicationis
1749 3589 1992 3657 scilicet,
2033 3599 2087 3646 et

506 3679 668 3734 ducit
699 3677 894 3743 aliam,
939 3677 1265 3734 adulterium
1305 3679 1595 3734 committit
1620 3679 1690 3736 θ’.
1737 3679 1893 3736 Unde
1942 3681 2085 3736 haud

513 3769 745 3834 mirum,
781 3767 826 3823 si
862 3783 985 3824 cum
1022 3767 1159 3822 nihil
1199 3767 1302 3823 tale
1331 3768 1399 3823 de
1432 3777 1745 3841 paupertate
1788 3769 1874 3826 lex
1909 3770 2086 3826 mani-

515 3863 654 3915 l'este
701 3861 979 3927 docuerit,
1024 3875 1124 3930 ego
1175 3861 1242 3916 de
1287 3871 1753 3932 paupertate.non
1800 3861 2085 3918 disseram.

516 3951 657 4007 Ecce
703 3968 827 4008 cum
881 3952 948 4006 de
985 3951 1254 4008 solutione
1293 3953 1622 4006 matrimdnii
1659 3953 1743 4007 lex
1781 3953 2088 4022 promiscue

498 4045 836 4115 ,prteceperit
874 4054 1091 4115 propter
1119 4047 1325 4100 caedem
1355 4043 1664 4101 Iudaeorum
1687 4086 1703 4112 ,
1733 4061 1833 4116 ego
1862 4048 1929 4102 ad
1957 4062 2086 4118 per.

515 4137 744 4192 tectiora
777 4151 1043 4194 exercens
1074 4138 1388 4206 auditores,
1424 4141 1705 4208 repudium
1746 4142 1952 4210 absque
1999 4154 2087 4194 ra-

517 4226 761 4282 tionabili
790 4243 953 4282 causa
984 4229 1276 4298 prohibeo,
1310 4244 1421 4284 non
1457 4230 1529 4284 illi
1558 4233 1830 4286 contraria
1861 4232 2082 4297 docens,

514 4319 608 4372 sed
655 4319 828 4386 magis
869 4318 1196 4374 voluntatem
1235 4318 1351 4388 ejus
1397 4321 1702 4389 perliciens.
1751 4319 1900 4375 Mens
1939 4319 2085 4378 enim

514 4407 649 4478 legis
682 4417 799 4463 erat
829 4422 896 4463 ne
936 4409 1223 4465 homicidia
1259 4410 1450 4466 tierent
1478 4411 1616 4466 inter
1647 4412 1819 4466 virum
1850 4421 1904 4468 et
1950 4427 2085 4467 uxo-

514 4514 660 4556 rem:
699 4501 802 4556 hoc
831 4512 886 4556 et
905 4516 1004 4572 ego
1041 4501 1283 4569 intendo,
1313 4517 1380 4560 eo
1409 4505 1549 4574 quod
1578 4505 1797 4560 doceam
1827 4503 2081 4576 coniuges

512 4604 756 4651 mutuam
787 4595 931 4650 inter
956 4611 1017 4653 se
1044 4610 1241 4668 curam
1265 4611 1488 4668 gerere,
1513 4605 1567 4654 et
1594 4611 1819 4668 parcere
1850 4597 2078 4652 alterum

496 4687 664 4742 .alterl
703 4697 761 4742 ut
788 4686 1049 4743 membris
1081 4690 1314 4759 propriis
1349 4726 1366 4755 ,
1395 4687 1448 4744 id
1477 4691 1621 4760 quod
1649 4699 1703 4745 et
1731 4690 1816 4745 lex
1841 4689 2078 4747 volebat.

2195 1959 2384 2014 φησιν,
2419 1939 2555 1996 ἀλλά
2583 1941 2786 2012 μᾶλλον
2814 1939 2910 1992 νῦν
2941 1938 3349 2010 ἀναπληροῦται
3376 1938 3467 1991 καὶ
3522 1935 3718 1989 τελειοῦο

2191 2053 2304 2091 ται.
2351 2036 2494 2089 Ὅσα
2548 2036 2657 2106 γὰρ
2712 2032 3158 2103 ἐσκιαγράφησεν
3215 2034 3421 2094 ἐκεῖνος
3471 2031 3574 2082 εῖτε
3619 2027 3719 2099 7:91

2193 2127 2431 2201 Χριστοῦ
2459 2127 2632 2196 λέγων
2677 2124 2955 2189 τυπικῶς,
2989 2126 3100 2178 εἴτε
3141 2123 3270 2194 περὶ
3302 2121 3548 2186 ἐντολῶν,
3577 2115 3715 2172 ταῦτα

2191 2221 2285 2276 νῦν
2313 2219 2776 2291 ἀναπληροῦνται,
2810 2217 2905 2272 καὶ
2937 2216 3088 2270 οὐδὲν
3112 2215 3318 2270 τούτων
3350 2215 3476 2285 άχρι
3501 2213 3588 2266 καὶ
3615 2213 3717 2282 pii;

2191 2311 2418 2383 κεραίας
2465 2310 2825 2365 διαπεσεῖταιο
2868 2307 2937 2363 τά
2965 2323 3026 2360 τε
3065 2306 3172 2377 γὰρ
3218 2306 3348 2377 περὶ
3378 2301 3597 2375 Χριστοῦ
3627 2303 3717 2353 ἐκεῖ

2192 2401 2473 2466 σκιοειδῶς
2521 2399 2944 2471 ὑποδειχθέντα,
2995 2397 3092 2452 νῦν
3149 2395 3462 2468 φανῶτερον
3507 2393 3715 2460 τελεσθήο

2191 2511 2397 2550 σονται.
2431 2492 2542 2548 Καὶ
2576 2492 2634 2545 αί
2665 2491 2878 2546 ἐντολαὶ
2901 2490 2998 2544 τοῦ
3042 2490 3229 2560 νόμου,
3272 2489 3330 2542 αἱ
3357 2487 3474 2540 τότε
3498 2485 3616 2556 πρὸ,
3638 2485 3712 2554 τὴν

2188 2588 2295 2642 τῶν
2343 2585 2552 2642 ἀτελῶν
2598 2583 2840 2639 διάνοιαν
2871 2583 3089 2646 οίκείως
3130 2581 3228 2635 καὶ
3278 2577 3612 2648 καταλλήλως
3645 2576 3709 2628 δν·-

2188 2679 2388 2744 Θείσαι,
2426 2677 2522 2733 νῦν
2560 2676 2622 2731 τὸ
2653 2675 2987 2748 ὑψηλότερον
3029 2675 3122 2729 καὶ
3155 2673 3488 2744 τελειότερον
3515 2671 3706 2735 ἕξουσιν·

2187 2772 2270 2826 ὅτι
2297 2771 2406 2842 γὰρ
2427 2772 2456 2825 ὁ
2477 2769 2637 2840 νόμος
2657 2769 2794 2840 πρὸς
2813 2768 3027 2831 ἀτελεῖς
3049 2765 3256 2830 ἀτελῶς
3278 2765 3570 2832 διελέγετο,
3589 2761 3708 2833 δῆλον

2188 2860 2458 2916 ἐντεῦθεν.
2479 2859 2591 2913 Καὶ
2609 2859 2718 2930 γὰρ
2740 2858 2870 2930 περὶ
2891 2857 3097 2922 λύσεως
3116 2856 3298 2928 γάμου
3322 2856 3458 2926 πρὸς
3476 2857 3565 2923 τὴν
3584 2855 3708 2922 σκλη-

2192 2950 2488 3024 ροκαρδίαν
2525 2950 2634 3005 τῶν
2681 2949 2949 3021 Ἑϐραίων
2995 2949 3360 3019 ἀπεκρίνατο,
3396 2945 3463 2999 ἵν’
3491 2948 3534 2999 εί
3565 2945 3708 3014 jussit;

2186 3045 2216 3098 ὁ
2249 3044 2388 3114 ἀνὴρ
2431 3043 2531 3114 τὴν
2563 3043 2830 3112 γυναῖκα,
2863 3041 3116 3108 ἐξουσίαν
3154 3041 3254 3111 ἔχῃ
3288 3037 3536 3092 ἀπολύειν
3561 3035 3708 3106 αὐτὴν,

2191 3136 2278 3190 ἵνα
2301 3135 2375 3207 μὴ
2398 3135 2579 3207 χεῖρόν
2604 3153 2656 3188 τι
2684 3134 2932 3205 γίνηται.
2954 3135 3137 3197 Φονεῖς
3171 3134 3282 3203 γάρ
3315 3132 3466 3196 ὄντες
3485 3131 3569 3185 καὶ
3589 3132 3710 3197 αἱμο-

2191 3231 2405 3301 χαρεῖς,
2426 3229 2544 3282 οὐδὲ
2565 3227 2674 3282 τῶν
2699 3227 3046 3282 οίκειοτάτων
3079 3225 3375 3296 ἐφείδοντο,
3407 3224 3480 3288 ὡς
3508 3221 3708 3283 καὶτοὺς

2191 3322 2340 3384 υἱοὺς
2394 3321 2491 3374 καὶ
2540 3319 2640 3384 τὰς
2681 3318 2988 3390 θυγατέρας
3062 3320 3176 3380 τοῖς
3221 3317 3515 3388 δαιμονίοις
3567 3314 3705 3368 θύειν*

2187 3412 2322 3467 ἀλλά
2353 3412 2413 3466 τὸ
2445 3411 2542 3483 μὲν
2567 3410 2866 3482 χθαμαλὸν,
2901 3411 2997 3465 καὶ
3039 3409 3228 3475 ἀτελὲς
3257 3409 3353 3464 τοῦ
3383 3409 3544 3478 νόμου
3573 3406 3710 3459 tcto-3-

2186 3516 2300 3559 τον·
2341 3503 2532 3575 καιρὸς
2576 3503 2684 3574 γὰρ
2721 3499 2789 3574 ἦν
2831 3503 2932 3573 τῆς
2959 3504 3216 3573 τοιαύτης
3245 3501 3560 3573 νομοθεσίας
3591 3499 3710 3558 τότε,

2189 3599 2307 3651 νυνὶ
2351 3597 2408 3650 δὲ
2453 3595 2620 3666 ἄλλης
2651 3593 2991 3667 τελειοτέρας
3019 3593 3371 3657 διδασκαλίας
3406 3593 3504 3647 δεῖ.
3541 3591 3620 3643 Διὸ
3645 3589 3714 3641 καί

2188 3706 2352 3760 φημι.
2383 3688 2491 3754 πᾶς
2520 3690 2548 3742 6
2585 3687 2837 3742 ἀπολύων
2872 3689 2971 3759 τὴν
2997 3689 3230 3757 γυναῖκα
3259 3685 3452 3751 αὑτοῦ,
3488 3681 3713 3755 παρεκτὸς

2185 3782 2346 3854 λόγου
2377 3782 2631 3856 πορνείας
2653 3781 2878 3856 δηλαδὴ,
2907 3781 3003 3838 καὶ
3026 3780 3222 3853 γαμῶν
3246 3780 3463 3852 ἑτέραν,
3497 3777 3718 3850 μοιχεύειν

2187 3874 2330 3930 ὥστε
2359 3874 2515 3930 οὐδὲν
2549 3874 2882 3946 Θαυμαστὸν,
2911 3875 2960 3928 εί
2989 3875 3083 3927 καὶ
3111 3875 3187 3945 μὴ
3219 3873 3350 3946 περὶ
3376 3869 3722 3942 ἁκτημοσύνης

2184 3965 2528 4037 διαλέγομαι,
2559 3965 2727 4036 μηδὲν
2756 3966 2900 4020 οὕτω
2930 3965 3118 4036 σαφῶς
3153 3967 3246 4019 τοῦ
3280 3966 3446 4036 νόμου
3480 3963 3720 4018 διδάσκον-

2183 4075 2276 4123 τος
2307 4057 2475 4130 (6-7).
2524 4057 2654 4111 Ἰδοὺ
2695 4057 2827 4128 γοῦν
2861 4060 2992 4129 περὶ
3021 4058 3124 4128 τῆς
3153 4057 3249 4112 τοῦ
3290 4059 3468 4128 γάμου
3497 4053 3722 4117 λύσεωςδ

2185 4150 2350 4221 νόμος
2387 4148 2699 4220 ἀδιαφόρως
2728 4132 2983 4204 ἐκέλεῦσε
3003 4189 3019 4215 ,
3049 4149 3140 4204 διὰ
3166 4150 3266 4220 τὴν
3310 4148 3610 4221 μιαιφονίαν
3634 4144 3721 4198 τῶν

2198 4241 2491 4310 Ἰουδαίων,
2523 4239 2636 4311 ἐγὼ
2666 4241 2725 4296 δὲ
2760 4241 2898 4314 πρὸς
2927 4241 2989 4295 τὸ
3022 4241 3360 4314 τελειότερον
3399 4237 3721 4311 ἐγγυμνάζων

2184 4334 2312 4399 τοὺς
2333 4333 2657 4401 ἀκούοντας,
2685 4335 2786 4405 τὴν
2807 4333 3100 4405 άνεύλογον
3121 4333 3387 4390 ἀπόλυσιν
3410 4330 3717 4401 ἀπαγορεύων

2183 4426 2284 4480 οὐκ
2329 4425 2553 4481 ἐναντία
2599 4425 2795 4498 ἐκείνῳ
2841 4426 3200 4499 διαγορεύων,
3253 4425 3393 4481 ἀλλά
3448 4425 3629 4496 μᾶλλον
3671 4418 3718 4471 τὸ

2111 4542 2162 4604 ο
2185 4515 2398 4570 ἐκείνου
2445 4515 2695 4588 βούλημα
2731 4516 2916 4574 ίστῶν.
2952 4517 3043 4585 Τῷ
3072 4518 3183 4589 γὰρ
3221 4517 3373 4588 νόμῳ
3402 4512 3637 4586 βουλητὸν
3662 4503 3715 4578 ἦν

2187 4607 2247 4662 τὸ
2280 4607 2356 4678 μὴ
2387 4605 2632 4675 γίνεσθαι
2660 4607 2854 4678 φόνους
2890 4607 3096 4680 μεταξὺ
3138 4608 3333 4679 ἀνδρὸς
3357 4608 3452 4662 καὶ
3478 4601 3715 4676 γυναικός

2186 4695 2346 4752 τοῦτο
2374 4697 2530 4767 κάγὼ
2558 4696 2744 4765 τυπῶ,
2777 4697 2868 4752 διὰ
2902 4698 3000 4752 τοῦ
3030 4697 3309 4754 παιδεύειν
3336 4698 3462 4760 τοὺς
3491 4693 3716 4760 συζύγους

510 4781 582 4834 At
606 4779 863 4850 quoniam
893 4779 1195 4852 imperfecti
1217 4792 1370 4836 erant
1387 4783 1694 4849 auditores,
1723 4783 1966 4841 decrevit
1990 4783 2078 4840 illa

2188 4791 2432 4862 ἀλλήλων
2457 4791 2736 4863 κήδεσθαι,
2762 4792 2858 4845 καὶ
2883 4791 3184 4862 φείδεσθαι,
3209 4791 3285 4853 ὡς
3319 4789 3493 4862 μελῶν
3515 4786 3715 4850 οἰκείων,

509 4872 742 4943 conjugii
777 4871 1136 4939 solutionem,
1171 4883 1229 4928 ut
1258 4873 1343 4928 vel
1373 4874 1451 4931 sic
1476 4875 1580 4931 sibi
1610 4885 1854 4931 mutuum
1884 4891 2078 4947 parce-

2188 4882 2330 4938 ὥστε
2360 4885 2455 4938 καὶ
2491 4885 2520 4938 ὁ
2549 4884 2712 4956 νόμος
2744 4885 2843 4957 μὲν
2879 4885 3041 4939 τοῦτο
3084 4884 3356 4940 ἐϐούλετο·
3403 4882 3518 4938 ἐπεὶ
3542 4881 3591 4934 δὲ
3613 4881 3715 4932 ἀτεο

510 4971 650 5029 rant,
682 4971 737 5018 et
765 4979 872 5019 non
906 4963 960 5018 in
993 4978 1053 5020 se
1079 4965 1308 5020 invicem
1336 4966 1637 5022 insanirent
1667 4968 1751 5023 vir
1775 4978 1831 5024 et
1862 4970 2074 5026 mulier.

2188 4975 2299 5040 λεῖς
2341 4971 2482 5049 ἦσαν
2520 4977 2570 5030 οἱ
2598 4977 2909 5042 ἀκούοντες,
2939 4977 3109 5050 ὥρισε
3135 4977 3236 5050 τὴν
3280 4977 3374 5032 τοῦ
3421 4975 3585 5046 γάμου
3612 4969 3714 5021 διά-

510 5053 714 5109 Statuit
753 5057 915 5126 igitur
949 5055 1198 5112 Christus
1231 5059 1412 5112 omnia
1442 5072 1564 5128 qua:
1591 5058 1660 5116 ad
1702 5059 1876 5130 legem
1908 5063 2082 5133 perti-

2188 5065 2363 5133 λυσιν,
2413 5066 2501 5121 ἵνα
2543 5067 2647 5122 κᾶν
2694 5067 2870 5134 οὕτως
2921 5068 3093 5140 φειδὼ
3134 5069 3346 5139 γένοιτο
3385 5067 3477 5121 καὶ
3519 5063 3584 5135 μὴ
3613 5073 3712 5113 κατ

510 5157 674 5216 nent,
705 5158 760 5204 et
789 5150 862 5204 ita
902 5151 1038 5206 bene
1071 5151 1209 5207 dixit
1253 5150 1396 5223 quod
1441 5151 1769 5222 impossibile
1815 5156 1885 5213 sit
1911 5173 2080 5213 unum

2188 5159 2436 5232 ἀλλήλων
2475 5160 2750 5234 μαίνοιντο
2777 5162 2807 5218 ὃ
2845 5179 2904 5218 τε
2943 5162 3083 5238 ἀνὴρ
3148 5161 3245 5217 καὶ
3285 5162 3323 5234 ἡ
3349 5160 3501 5231 γυνή’
3541 5156 3602 5211 τά
3632 5147 3708 5204 τοί

588 5327 633 5358 ⁸³
658 5325 848 5384 Matth.
879 5345 995 5398 τις,
1016 5329 1072 5388 9.

1473 5493 1570 5557 Ex
1601 5493 1946 5559 collatione
1978 5497 2165 5562 codd.
2196 5497 2425 5562 Venet.
2468 5501 2535 5563 S.
2568 5501 2789 5565 Marci.

584 5667 722 5738 (6-7)
752 5667 883 5724 Cod.
1048 5671 1229 5746 Μηδὲν
1252 5672 1394 5725 οὕτω
1426 5677 1610 5745 σαφῶς
1643 5676 1736 5730 τοῦ
1781 5677 1946 5746 νόμου
1983 5676 2066 5730 δι-

511 5737 822 5819 δάσκοντος,
877 5740 1043 5804 αὐτὸς
1070 5737 1250 5819 ,περὶ
1281 5737 1693 5819 ἀκτημορύνήςγ
1725 5737 2068 5819 διαλέγομαι.

512 5807 674 5862 ’.ιδοὺ
705 5809 872 5881 γοῦν,
901 5827 954 5866 κ.
991 5827 1043 5867 τ.
1070 5811 1120 5868 λ.
1143 5807 1287 5869 (δίο
1307 5807 1440 5868 curti
1453 5817 1586 5872 nihil
1621 5807 1766 5874 ἀάεο
1794 5807 2078 5874 ιιιιιὶηίοοιο

2177 5677 2298 5804 ξιτψ
2315 5679 2582 5807 ἀοοιὲεἰτίι,
2617 5681 2733 5753 ipse
2780 5683 2846 5739 de
2898 5693 3214 5755 paupertate
3285 5684 3544 5742 disseram.
3595 5676 3704 5733 Em

2327 5791 2342 5807 ο
2383 5770 2402 5803 ι
2493 5768 2543 5806 (⁸.

2327 5791 2342 5819 ,
2383 5770 2402 5803 ι
2436 5768 2543 5807 etc.

3677 5923 3712 5931 ρ.
