3932 6456
143 367 247 432 973

821 357 1268 421 ENARRATIO
1308 357 1388 418 IN
1431 357 1926 420 EVANGELIUM
1967 356 2194 419 LUC/E.
2221 379 2286 391 -
2311 358 2467 418 CAP.
2507 359 2656 421 XVI.

3287 357 3391 421 97.5

144 474 313 545 νόμου
341 471 519 525 τοίνυν
556 470 733 525 πάντα
765 468 994 540 ἔστησεν
1032 471 1059 524 ὁ
1088 469 1340 541 Χριστός·
1371 470 1510 523 ὥστε
1538 469 1719 534 καλῶς

1858 471 2030 538 picem
2076 469 2142 523 de
2178 469 2294 540 lege
2338 470 2552 523 cadere.
2585 467 2863 535 Quomodo
2892 469 3036 525 enim
3085 468 3389 535 decideret,

142 561 322 629 εἶπεν,
358 562 435 627 ὡς
465 562 726 616 ἀδύνατόν
755 577 940 631 φησιν,
973 565 1160 614 πεσεῖν
1199 561 1326 632 μίαν
1364 561 1592 633 κεραίαν
1622 562 1717 615 τοῦ

141 658 334 727 νόμου·
370 655 487 720 πῶς
519 654 627 725 γὰρ
660 655 728 712 ἂν
774 654 920 725 πέσῃ
947 656 975 709 ό
1010 653 1210 726 μᾶλλον
1255 656 1584 727 ὀρθούμενος
1614 654 1718 710 ὑπὸ

144 749 380 823 Χριστοῦ
399 767 414 816 ;
806 804 807 807 η

223 863 243 898 ι
295 841 613 913 Ἄνθρωπος
639 839 697 893 δέ
724 858 808 905 τις
833 836 902 911 ἦν
935 837 1210 901 πλούσιος,
1236 837 1330 892 καὶ
1356 836 1722 890 ἐνεδιδύσκετο

144 934 436 1006 πορφύραν
468 933 562 987 καὶ
597 931 815 1003 βύσσον,
876 929 1301 1000 εὐφραινόμενος
1340 926 1463 982 καθ’
1510 927 1724 1000 ἡμέραν

158 1026 457 1097 λαμπρῶς.
497 1024 715 1095 Πτωχὸς
759 1024 816 1076 δέ
856 1040 940 1086 τις
982 1019 1049 1093 ἦν
1079 1021 1302 1092 ὀνόματι
1346 1020 1622 1090 Λάζαρος,
1665 1019 1723 1083 ὂς

148 1119 415 1187 ἐϐέϐλητο
463 1116 598 1188 πρὸς
624 1116 717 1169 τὸν
754 1114 976 1169 πυλῶνα
1019 1114 1186 1167 αὑτοῦ
1235 1112 1579 1183 ἡλκωμένος,
1630 1116 1724 1165 καὶ

146 1209 440 1280 ἐπιθυμῶν
466 1207 839 1279 χορτασθῆναι
869 1205 977 1260 ἀπὸ
1007 1206 1115 1258 τῶν
1145 1204 1342 1275 ψιχίων
1369 1203 1479 1257 τῶν
1504 1203 1727 1257 πιπτόν-

146 1321 258 1356 των
289 1302 401 1355 ἀπὸ
429 1302 524 1370 τῆς
559 1298 840 1370 τραπέζης
879 1297 972 1351 τοῦ
1020 1295 1297 1353 πλουσίου.
1352 1295 1514 1349 Ἀλλά
1550 1296 1645 1349 κα)⁸
1675 1295 1725 1346 οἱ

148 1395 316 1458 κύνες
348 1392 632 1465 ἐρχόμενοι
664 1391 952 1462 ἀπέλειχον
988 1390 1054 1443 ra
1082 1390 1215 1459 ἕλκη
1245 1387 1437 1445 αὐτοῦ.
1482 1388 1729 1457 Ἐγένετο

147 1487 203 1539 δέ
230 1485 524 1538 ἀποθανεῖν
549 1483 641 1537 τὸν
670 1482 904 1552 πτωχὸν,
931 1482 1027 1536 καὶ
1049 1481 1413 1552 ἀπενεχθῆναι
1435 1479 1598 1534 αὐτὸν
1625 1480 1729 1533 ὑπὸ

148 1574 263 1628 τῶν
297 1574 546 1643 ἀγγέλων
568 1573 648 1636 εἰς
671 1571 763 1627 τὸν
791 1571 992 1625 κόλπον
1023 1570 1119 1624 τοῦ
1153 1569 1426 1641 Ἀϐραάμ.
1465 1568 1728 1623 Ἀπέθανε

147 1668 205 1721 δὲ
264 1668 361 1721 καὶ
408 1668 437 1721 ὁ
483 1666 767 1733 πλούσιος,
816 1669 910 1721 καὶ
948 1664 1143 1736 ἐτάφη.
1188 1683 1206 1715 ι
1274 1662 1570 1718 Ἀκόλουθα
1618 1667 1729 1727 τοῖς

150 1760 576 1833 προειρημένοις
617 1759 808 1815 ταῦτα.
863 1758 1081 1830 Ἐπειδὴ
1127 1757 1238 1831 γάρ
1267 1756 1553 1830 προλαϐὼν
1603 1756 1733 1829 περὶ

1829 577 1951 621 cum
1986 563 2153 633 magis
2187 577 2216 616 a
2248 561 2466 617 Christo
2503 561 2903 632 corrigentur?

1901 835 2067 891 Vens.
2103 834 2267 892 19-22
2319 854 2338 888 ι
2373 834 2544 891 Homo
2583 835 2801 905 quidam
2832 847 2949 893 erat
2988 839 3163 905 dives,
3189 841 3279 911 qui
3311 843 3397 896 in-

1832 930 2095 986 dnebatur
2124 943 2360 998 purpura
2405 938 2460 981 et
2493 928 2687 997 bysso,
2728 932 2781 980 ct
2806 926 3121 997 epulabatur
3157 932 3401 1000 quotidie

1832 1022 2130 1089 splendide.
2182 1022 2311 1076 Erat
2359 1030 2542 1075 autem
2590 1021 2810 1090 quidam
2860 1021 3138 1077 mendicus
3182 1024 3401 1080 nomine

1834 1114 2102 1177 Lazarus,
2153 1114 2242 1183 qui
2286 1113 2500 1183 jacebat
2549 1113 2614 1165 ad
2661 1112 2881 1182 januam
2928 1112 3042 1181 ejus
3089 1114 3397 1181 ulcerosus,

1835 1206 2057 1275 cupiens
2090 1206 2321 1259 salut-ari
2356 1207 2420 1260 de
2471 1204 2628 1260 micis
2661 1220 2780 1274 quae
2812 1206 3081 1261 cadebant
3120 1207 3187 1262 de
3217 1223 3400 1261 mensa

1842 1296 2043 1350 divitis.
2076 1295 2182 1350 Sed
2203 1307 2257 1351 et
2292 1310 2452 1351 canes
2485 1296 2803 1361 veniebant,
2837 1311 2900 1352 ac
2926 1296 3201 1366 lingebant
3222 1298 3400 1353 ulcera

1836 1386 1973 1457 ejus.
2002 1387 2213 1442 Accidit
2241 1396 2416 1442 autem
2451 1396 2509 1442 nt
2547 1398 2845 1444 moreretur
2872 1391 3167 1454 mendicus,
3209 1402 3263 1447 et
3294 1395 3403 1450 de~

1837 1489 2143 1550 portaretur
2189 1480 2256 1534 ab
2308 1479 2513 1547 angelis
2551 1480 2602 1534 in
2651 1481 2825 1536 sinum
2862 1482 3111 1538 Abrahae.
3165 1485 3405 1539 Mortuus

1838 1583 1918 1628 est
1937 1582 2113 1628 autem
2135 1582 2187 1627 et
2212 1573 2382 1637 dives,
2412 1588 2473 1627 ac
2495 1581 2736 1644 sepultus
2756 1583 2859 1629 est.
2893 1591 2914 1627 ι
2941 1574 3085 1632 Bene
3106 1589 3406 1646 sequuntur

1841 1666 1954 1721 haec
1986 1665 2050 1718 ad
2082 1665 2382 1734 superiora.
2412 1664 2546 1732 Quia
2576 1667 2719 1720 enim
2752 1667 2900 1735 prius
2930 1668 3187 1723 docuerat
3216 1681 3271 1725 ut
3306 1686 3405 1727 nos

1842 1766 1987 1813 recte
2017 1757 2158 1812 circa
2185 1757 2403 1811 divitias
2436 1772 2781 1827 gereremus,
2815 1758 3008 1813 merito
3038 1761 3316 1832 conjungit
3349 1772 3405 1818 et

148 1852 248 1906 τοῦ
278 1853 373 1907 τὸν
402 1852 628 1906 πλοῦτον
650 1851 985 1907 διατίθεσθαι
1019 1851 1202 1915 καλῶς
1228 1850 1486 1916 ἐδίδαξεν,
1507 1852 1732 1913 εἰκότως

1850 1854 1974 1905 lianc
1998 1847 2305 1920 parabolam
2331 1848 2384 1903 in
2412 1848 2653 1905 eamdem
2678 1848 2938 1906 ferentem
2962 1856 3283 1909 sententiam
3313 1870 3407 1925 per

150 1946 517 2000 ἐπισυνάπτει
562 1946 659 1999 καὶ
689 1943 895 2015 ταύτην
926 1943 1026 2014 τὴν
1062 1943 1404 2016 παραϐολὴν,
1452 1944 1534 2008 είς
1577 1942 1738 1995 τοῦτο

151 2037 296 2089 αὐτὸ
339 2037 610 2107 φέρουσαν
647 2034 735 2089 διά
779 2034 871 2089 τοῦ
907 2034 1050 2089 κατά
1081 2036 1172 2088 τὸν
1220 2034 1473 2088 πλούσιον
1527 2033 1739 2087 ὑποδέξ-

163 2140 405 2195 γματος.
437 2124 727 2194 Παραϐολὴ
756 2124 865 2196 γὰρ
892 2123 986 2177 καὶ
1013 2123 1191 2189 τοῦτο,
1217 2123 1332 2178 ἀλλ’
1360 2123 1457 2195 οὐχ
1484 2122 1558 2185 ὥς
1595 2139 1738 2185 τινες

155 2217 408 2283 ἀνοήτως
446 2212 511 2268 ἂν
553 2214 809 2283 οἰηθεῖεν,
860 2213 1096 2285 πρᾶγμά
1149 2215 1297 2267 ἐστιν
1343 2212 1445 2284 ἤδη
1492 2212 1735 2280 γεγονός.

158 2306 397 2358 Οὐδέπω
441 2305 549 2377 γὰρ
594 2304 716 2359 οὔτε
763 2308 875 2370 τοῖς
909 2305 1141 2370 δικαίοις
1173 2304 1283 2362 τῶν
1325 2302 1569 2372 ἀγαθῶν,
1616 2302 1737 2355 οὔτε

155 2400 278 2460 τοῖς
313 2398 659 2469 ἁμαρτωλοῖς
689 2397 797 2452 τῶν
824 2400 1088 2454 ἐναντίων
1118 2400 1153 2470 ἡ
1180 2398 1590 2468 ἀποκλήρωσις,
1622 2397 1739 2451 ἀλλ’

156 2490 502 2560 ἐσχημάτισε
538 2490 629 2543 τὸν
663 2489 823 2560 λόγον
858 2491 887 2543 ὁ
917 2490 1123 2560 Κύριος
1146 2530 1162 2558 ,
1197 2490 1334 2562 πρὸς
1361 2489 1424 2542 τὸ
1449 2488 1740 2543 παιδεῦσαι

160 2583 299 2646 τοὺς
329 2581 717 2654 ἀνελεήμονας,
762 2578 851 2637 οἶα
881 2583 1066 2648 αὐτοῖς
1108 2583 1517 2643 ἀποκείσονται,
1546 2584 1644 2635 καὶ
1672 2577 1739 2635 αὖ

157 2674 378 2739 διδάξαι
431 2675 556 2738 τοὺς
616 2674 1099 2741 κακοπαθοῦντας,
1151 2670 1239 2727 οἷα
1300 2673 1741 2743 εὐπαθήσουσιν,

160 2767 310 2839 ὑπὲρ
340 2761 416 2822 ὧν
448 2767 683 2822 ἐνταῦθα
722 2767 1077 2837 ὑπομένουσι.
1109 2766 1215 2822 Τὸν
1244 2766 1341 2838 μὲν
1368 2765 1463 2821 οῦν
1492 2764 1742 2820 πλούσιον

157 2859 468 2931 ἀνωνύμως
518 2862 575 2914 ἐν
613 2864 681 2933 τῇ
730 2860 1014 2934 παραϐολῇ
1069 2861 1410 2933 παρέλαϐεν,
1464 2853 1551 2915 οἷα
1611 2860 1744 2931 μηδὲ

159 2951 320 3017 ἄξιον
351 2954 500 3024 παρὰ
520 2953 638 3025 Θεῷ
663 2952 1050 3025 ὀνομάζεσθαι,
1083 2952 1226 3008 καθά
1245 2953 1339 3008 καὶ
1364 2951 1453 3006 διὰ
1479 2951 1574 3006 τοῦ
1606 2968 1741 3023 προ-

161 3046 345 3115 φήτου
381 3045 568 3115 φησὶν,
602 3046 664 3099 ού
715 3046 790 3118 μὴ
828 3045 1055 3117 μνησθῶ
1092 3046 1202 3100 τῶν
1246 3046 1531 3116 ὀνομάτων
1568 3044 1745 3099 αὐτῶν

160 3123 261 3188 διά
291 3134 516 3204 χειλέων
553 3152 677 3206 μου.
728 3137 836 3190 Τοῦ
869 3136 928 3192 δὲ
964 3136 1195 3207 πένητος
1232 3136 1496 3206 ὀνομαστὶ
1536 3154 1745 3207 μνημο-

163 3225 353 3277 νεύει’
411 3224 520 3277 τῶν
556 3225 665 3297 γὰρ
697 3224 920 3281 δικαίων
956 3227 1024 3280 τά
1067 3225 1308 3296 ὀνόματα
1348 3226 1443 3279 καὶ
1481 3227 1538 3279 ἐν
1579 3224 1746 3296 βίϐλῳ

164 3316 323 3387 ζωῆς
361 3316 797 3387 ἀπογράφονται·
828 3320 946 3373 ἐστι
986 3318 1045 3372 δὲ
1074 3318 1254 3387 λόγος,
1287 3318 1363 3381 ὡς
1402 3319 1438 3389 ἡ
1480 3317 1746 3389 Ἐϐραίων

168 3405 474 3479 παράδοσις
499 3408 634 3480 ἔχει,
663 3410 910 3481 Λάζαρον
936 3406 1077 3465 εἷναί
1105 3429 1227 3464 τινα
1255 3412 1312 3464 ἐν
1351 3410 1746 3480 Ἱεροσολύμοις

170 3501 300 3555 κατ’
347 3501 526 3555 ἐκεῖνο
560 3501 752 3572 καιροῦ
798 3502 1033 3574 ἐσχάτην
1099 3502 1290 3557 πενίαν
1332 3502 1749 3573 κεκληρωμένον

172 3590 273 3643 καὶ
299 3589 633 3661 ἀρρωστίαν,
680 3585 743 3645 οὗ
777 3593 1149 3662 μνημονεῦσαι
1187 3592 1278 3647 τὸν
1305 3592 1511 3662 Κύριον
1539 3594 1617 3654 εἰς
1645 3610 1747 3644 πα-

170 3681 415 3753 ραϐολὴν
447 3683 607 3737 αὐτὸν
653 3683 911 3751 λαϐόντα,
958 3683 1031 3748 ὡς
1060 3684 1279 3755 ἐμφανῆ
1309 3684 1406 3737 καὶ
1447 3682 1744 3754 γνώριμον.

186 3772 252 3827 '0
283 3774 385 3844 μὲν
431 3768 524 3828 οῦν
555 3775 806 3843 πλούσιος
840 3776 1105 3831 πάντοθεν
1137 3777 1341 3847 εὐροῶν
1368 3772 1457 3848 ἦν,
1507 3777 1602 3831 καὶ
1642 3776 1749 3845 γὰρ

176 3864 277 3918 καὶ
311 3866 601 3938 πορφύραν
640 3867 737 3923 καὶ
779 3867 978 3939 βύσσον
1012 3867 1314 3923 ἐνεδέδυτο*
1344 3869 1438 3922 καὶ
1476 3870 1535 3921 οὺ
1587 3868 1750 3938 μόνον

176 3956 364 4023 τοῦτο,
397 3958 533 4012 άλλά
567 3960 663 4013 καὶ
691 3959 790 4031 τὴν
835 3960 1006 4032 ἀλλην
1049 3960 1263 4031 τρυφὴν
1307 3958 1517 4030 ἐτρύφα
1547 3960 1748 4013 πᾶσαν.

180 4050 624 4121 Εὑφραινόμενος
654 4050 784 4123 γάρ,
822 4052 979 4123 φησὶ,
1027 4052 1124 4105 καὶ
1166 4053 1227 4106 οὐ
1276 4050 1373 4106 νῦν
1408 4050 1528 4121 μὲν,
1571 4049 1666 4104 νῦν
1695 4049 1752 4103 δὲ

178 4138 269 4206 οὒ,
299 4141 434 4195 ἀλλά
456 4143 797 4215 καθημέραν,
822 4145 916 4198 καὶ
933 4145 994 4197 οὐ
1021 4144 1278 4216 μετρίως,
1302 4144 1437 4198 ἀλλά
1461 4142 1750 4213 λαμπρῶς,

180 4232 465 4287 τουτέστιν
529 4235 755 4300 ἀσώτως
795 4234 892 4289 καὶ
929 4236 1258 4299 πολυτελῶς.
1311 4236 1369 4290 '0
1408 4236 1465 4290 δὲ
1504 4236 1755 4305 Λάζαρος

183 4324 283 4378 καὶ
320 4325 514 4396 πένης,
546 4328 642 4381 καὶ
672 4328 993 4399 ἀρρωστῶν,
1023 4330 1119 4382 καὶ
1147 4329 1306 4383 τοῦτο
1334 4328 1547 4393 δεινῶςο
1579 4328 1757 4398 ἡλκω-

187 4416 349 4484 μένος
386 4416 515 4488 γὰρ,
558 4419 742 4488 φησιν.
797 4419 952 4472 Ἔστι
1000 4419 1108 4491 γὰρ
1164 4420 1500 4491 ἀρρωστεῖν,
1537 4418 1596 4472 οὑ
1650 4418 1757 4488 μὴν

1838 1942 2144 2013 exemplum
2183 1941 2389 1997 divitis.
2430 1939 2693 1997 Darabola
2726 1942 2868 1998 enirn
2899 1953 2981 1999 est
3014 1944 3149 2013 haec,
3181 1953 3235 2001 et
3270 1962 3403 2009 non,

1839 2043 1897 2089 ut
1930 2033 2145 2103 quidam
2185 2033 2387 2102 opinati
2420 2044 2565 2100 sunt,
2594 2034 2845 2090 historia.
2877 2034 3126 2091 Nondum
3149 2038 3291 2092 enim
3318 2052 3409 2093 se-

1839 2138 2028 2196 parata
2050 2126 2388 2196 erantjustis
2419 2128 2584 2194 bona,
2614 2138 2668 2183 et
2690 2130 3063 2198 peccatoribus
3093 2131 3361 2185 contraria
3389 2146 3405 2186 :

1839 2221 1935 2276 sed
1966 2221 2216 2293 ﬁguravit
2239 2236 2543 2277 sermonem
2569 2221 2846 2289 Dominus,
2875 2232 2933 2277 ut
2953 2223 3411 2280 immisericortles

1841 2312 2037 2369 doceat
2079 2312 2255 2381 qualia
2285 2312 2366 2368 eis
2413 2323 2675 2369 eventura
2716 2316 2853 2378 sint,
2890 2324 2945 2370 et
2986 2316 3179 2371 iterum
3219 2317 3411 2372 doceat

1842 2418 1936 2459 eos
1964 2404 2055 2474 qui
2083 2402 2415 2473 allliguntur,
2448 2420 2611 2474 quam
2640 2405 2778 2461 bene
2808 2406 3041 2461 habituri
3072 2406 3181 2462 sint
3201 2423 3299 2477 pro
3330 2407 3412 2464 liis

1843 2510 1963 2564 qua:
1998 2494 2086 2550 hic
2118 2495 2408 2551 sustinent.
2444 2494 2671 2551 Divitem
2709 2495 2870 2567 igitur
2903 2496 3005 2552 hoc
3042 2496 3167 2553 loco
3207 2499 3413 2567 absque
3522 2545 3535 2555 .

1844 2586 2061 2645 nomine
2107 2585 2160 2640 in
2209 2586 2462 2655 parabola
2512 2587 2832 2656 assumpsit,
2877 2596 3063 2656 utpote
3102 2588 3191 2659 qui
3236 2603 3412 2659 neque

1844 2679 2036 2748 dignus
2066 2678 2135 2732 sit
2174 2679 2263 2747 qui
2294 2693 2325 2733 a
2369 2678 2478 2734 Deo
2502 2679 2807 2734 nominetur
2838 2718 2856 2747 ,
2891 2678 3034 2734 sicut
3067 2692 3120 2734 et
3164 2694 3257 2749 per
3286 2697 3414 2753 pro-

1844 2771 2060 2841 phetam
2090 2771 2220 2826 dicit
2249 2789 2262 2825 :
2291 2770 2406 2826 Non
2435 2785 2639 2825 memor
2665 2785 2759 2825 ero
2784 2772 3060 2827 nominum
3082 2772 3292 2828 illorum
3319 2788 3413 2843 per

1846 2863 1982 2927 labia
2013 2878 2153 2919 mea.
2187 2862 2394 2918 Nomen
2422 2871 2603 2918 autem
2638 2862 2891 2933 pauperis
2920 2872 3202 2919 memorat.
3234 2863 3416 2920 Justu-

1846 2970 1965 3012 rum
1995 2955 2138 3009 enim
2190 2956 2407 3010 nomina
2445 2954 2497 3009 in
2532 2953 2669 3010 libro
2716 2953 2837 3009 vita:
2870 2957 3075 3024 scripta
3103 2962 3249 3010 sunt.
3284 2954 3413 3010 Fert

1844 3049 1988 3102 enim
2025 3045 2371 3101 Hebraeorum
2408 3045 2660 3111 traditio,
2699 3044 2964 3100 Lazarum
3006 3046 3290 3116 quemdam
3319 3062 3416 3117 per

1848 3138 1976 3195 illud
1999 3147 2209 3208 tempus
2230 3148 2469 3193 extrema
2488 3137 2667 3208 inopia
2696 3144 2749 3193 et
2774 3137 3088 3193 inﬁrmitate
3113 3137 3410 3204 laborasse,

1848 3229 2002 3299 cujus
2031 3229 2359 3283 mentionem
2392 3226 2579 3283 fecerit
2613 3226 2870 3283 Dominus
2901 3227 2954 3282 in
2986 3226 3241 3297 parabola
3276 3226 3413 3294 hac,

1850 3328 2034 3389 utpote
2062 3317 2174 3373 noti
2204 3327 2259 3372 et
2285 3316 2578 3372 manifesti.
2609 3316 2769 3372 Dives
2799 3316 2963 3386 igitur
2989 3317 3211 3371 omnino
3246 3317 3416 3372 disso-

1848 3413 1994 3469 lutus
2027 3420 2172 3466 erat:
2199 3425 2322 3466 nam
2360 3424 2595 3480 purpura
2625 3418 2679 3465 et
2715 3409 2874 3479 bysso
2908 3410 3249 3476 induebatur,
3281 3425 3420 3480 prm-

1852 3513 1998 3560 terea
2044 3503 2297 3559 omnibus
2346 3502 2468 3569 aliis
2513 3501 2719 3558 deliciis
2768 3501 3013 3557 vacabat.
3062 3501 3416 3572 Epulabatnr,

1852 3594 2047 3662 inquit,
2078 3602 2132 3649 et
2160 3608 2265 3649 non
2295 3607 2438 3647 nunc
2469 3592 2719 3663 quidem,
2764 3600 2949 3662 postea
2979 3574 3109 3648 vero
3149 3609 3287 3655 non,
3324 3594 3419 3649 sed

1850 3682 2019 3756 418
2049 3683 2297 3752 quotidie
2322 3701 2336 3737 :
2362 3691 2417 3738 et
2446 3697 2551 3737 non
2580 3682 2946 3748 mediocriter,
2976 3685 3070 3738 sed
3106 3684 3418 3754 splendide,

1856 3776 1957 3830 hoc
2007 3782 2091 3830 est
2151 3781 2465 3843 sumptuose
2508 3782 2563 3828 et
2611 3772 2978 3842 prodigaliter.
3024 3771 3263 3831 Lazarus
3294 3790 3423 3831 vero

1854 3880 2056 3937 pauper
2110 3875 2229 3921 erat
2268 3875 2323 3919 et
2354 3864 2602 3920 intirmus
2629 3863 2863 3934 graviter
2890 3881 2903 3918 :
2938 3864 3214 3921 ulcerosus
3243 3869 3418 3934 enim,

1855 3957 2047 4029 inquit,
2081 3966 2220 4012 erat.
2254 3955 2543 4027 Egrotant
2573 3956 2696 4022 alii,
2730 3955 2823 4011 sed
2868 3956 3138 4012 ulceribus
3182 3952 3373 4014 carent
3402 3977 3418 4015 :

1855 4051 1944 4106 hic
1976 4058 2155 4105 autem
2202 4047 2449 4119 graviore
2489 4045 2632 4101 malo
2672 4045 3029 4117 amigebatur,
3075 4057 3130 4103 et.
3162 4049 3229 4104 ad
3261 4051 3423 4104 vcsti-

1857 4142 2040 4196 bulum
2061 4140 2244 4195 divitis
2267 4138 2485 4209 jacebat
2513 4152 2682 4193 :ecce
2709 4138 2847 4193 alius
2865 4138 3039 4204 dolor,
3069 4138 3257 4195 videre
3287 4141 3422 4198 alios

1857 4231 1911 4285 in
1940 4230 2168 4294 deliciis,
2205 4243 2264 4284 se
2293 4240 2421 4283 vero
2466 4226 2609 4281 fame
2650 4224 2845 4295 premi.
2893 4226 3246 4281 Desiderabat
3279 4230 3421 4283 cnim

1857 4322 2068 4386 satiari,
2104 4334 2208 4375 non
2236 4318 2569 4388 sumptuosis
2602 4315 2821 4373 ferculis
2841 4318 2968 4383 ,sed
3003 4319 3067 4373 de
3096 4319 3252 4375 micis
3284 4320 3423 4389 ejus,

1860 4420 1913 4466 et
1948 4410 2054 4465 illis
2082 4410 2278 4479 quibus
2310 4394 2654 4463 satiebantur
2670 4420 2855 4462 canes.
2891 4407 3116 4478 Insuper
3138 4408 3427 4463 destitutus

184 4508 487 4577 ἡλκῶσθαι.
530 4509 797 4564 Ἐνταῦθα
823 4511 880 4566 δὲ
910 4512 1157 4575 ἐπίτασις
1183 4511 1277 4567 τοῦ
1300 4512 1474 4566 κακοῦ
1496 4511 1590 4565 καὶ
1621 4510 1744 4580 πρὸς

1860 4512 1979 4559 erat
2000 4500 2147 4557 omni
2173 4513 2325 4565 cura,
2356 4508 2410 4554 et
2434 4512 2596 4553 canes
2625 4496 2896 4566 Iingebant
2917 4498 3102 4553 ulcera
3133 4499 3269 4568 eius,
3300 4514 3424 4555 cum

183 4597 276 4652 τὸν
305 4598 530 4652 πυλῶνα
559 4598 721 4672 βεὸλη
731 4601 888 4670 μένος
908 4601 1004 4656 τοῦ
1030 4602 1308 4666 πλουσίου,
1334 4602 1493 4672 ἑτέρα
1526 4602 1755 4672 βάσανος

182 4686 246 4739 τὸ
277 4686 416 4758 ὁρᾷν
442 4688 634 4753 ἄλλους
654 4689 1135 4762 ὑπερτρυφῶντας,
1167 4693 1329 4746 αὐτὸν
1358 4692 1414 4746 δὲ
1442 4692 1755 4763 λιμώττειν.

196 4778 501 4851 Ἐπεθύμει
534 4780 643 4851 γάρ
681 4785 1049 4854 χορτασθῆναι
1085 4785 1206 4856 οὐχὶ
1247 4784 1553 4856 βρωμάτων
1594 4784 1758 4838 πολυ-

180 4870 384 4939 τελῶν,
430 4871 569 4926 ἀλλά
598 4875 693 4929 καὶ
735 4875 930 4945 ψιχίων
965 4876 1166 4942 αὐτῶν,
1199 4878 1295 4932 καὶ
1338 4878 1562 4945 τούτων,
1593 4870 1669 4934 ὧν
1709 4877 1760 4931 οι

180 4963 354 5026 κύνες
409 4967 789 5037 χορτάζονται.
856 4969 1015 5025 Ἀλλά
1058 4969 1151 5024 κει)⁸
1196 4969 1401 5041 ἔρημος
1446 4969 1554 5023 τῶν
1601 4969 1761 5040 θερα-

179 5053 530 5108 πευσόντων·
565 5056 616 5110 οἱ
649 5058 758 5129 γάρ
783 5058 941 5123 κύνες
972 5060 1176 5131 ἔλειχον
1207 5060 1275 5113 τά
1304 5060 1436 5131 ἕλκη
1466 5059 1652 5126 αὑτοῦ,
1675 5053 1761 5113 οἷα

182 5143 420 5214 μηδενὸς
446 5145 597 5211 ὄντος
625 5148 717 5203 τοῦ
751 5152 1183 5223 ἀποσοϐήσοντος
1214 5152 1458 5216 τούτους.
1492 5147 1640 5224 ’Δρα
1668 5149 1761 5205 οὖν

178 5235 243 5286 ἐν
285 5235 564 5300 τοσούτοις
599 5237 792 5303 δεινοῖς
837 5240 912 5295 ὢν
942 5245 969 5296 ὁ
1010 5242 1261 5313 Λάζαρος
1301 5244 1757 5315 ἐϐλασφήμησεν;

178 5323 216 5393 ἦ
247 5323 562 5397 ἐλοιδόρησε
590 5328 688 5399 τὴν
720 5334 933 5402 τρυφὴν
956 5331 1049 5386 τοῦ
1076 5333 1369 5402 πλουσίου;
1396 5334 1430 5405 ἢ
1462 5334 1562 5404 τὴν
1588 5335 1765 5388 ἀπαν-

178 5413 438 5484 θρωπίαν
484 5418 843 5491 κατέκρινεν;
896 5423 929 5494 ἦ
979 5424 1077 5496 τὴν
1130 5425 1388 5497 πρόνοιαν
1443 5424 1759 5497 ἐμέμψατος

176 5503 362 5559 Οὐδὲν
390 5507 596 5562 τούτων
626 5511 870 5584 ἐνόησεν,
902 5514 1039 5569 ἀλλὰ
1070 5515 1207 5585 μετά
1246 5516 1451 5587 πολλῆς
1486 5516 1586 5587 τῆς
1615 5515 1764 5586 φιλο-

180 5596 388 5665 σοφίας
423 5601 735 5673 ἐκαρτέρει.
772 5604 945 5658 Πόθεν
979 5606 1170 5677 δῆλον;
1212 5608 1331 5679 Ἀφ’
1359 5606 1434 5664 ὧν
1466 5611 1515 5663 οἱ
1544 5609 1765 5678 ἄγγελοι

179 5687 357 5742 αὑτὸν
374 5688 716 5748 ἀποθανόντα
734 5696 997 5768 ἐδέχοντο.
1020 5699 1134 5753 Οὐκ
1153 5698 1219 5754 ἂν
1241 5700 1311 5770 γά
1319 5717 1370 5771 ρ,
1394 5700 1443 5753 ει
1461 5699 1765 5771 γογγυπὴς

180 5774 261 5849 ἧν
314 5779 412 5834 καὶ
440 5780 781 5859 βλάσφημος,
811 5791 1077 5862 τοσαύτης
1102 5792 1266 5864 τιμῆς
1294 5791 1516 5863 ἠξιώθη,
1550 5793 1642 5847 καὶ
1666 5793 1765 5864 τῆς

1859 4608 2017 4650 nemo
2054 4600 2199 4650 esset
2239 4591 2330 4661 qui
2377 4592 2444 4645 ab
2473 4590 2568 4645 illo
2612 4590 2743 4645 istos
2782 4590 3040 4659 abigeret.
3081 4590 3221 4644 Num
3262 4590 3428 4658 igitur

1856 4685 2099 4741 Lazarus
2134 4685 2187 4741 in
2236 4684 2397 4739 tantis
2435 4683 2589 4737 malis
2638 4681 3089 4753 blasphemabat?
3133 4698 3259 4737 num
3295 4697 3428 4739 con-

1858 4775 2198 4833 viciabatur?
2228 4790 2353 4829 num
2383 4773 2692 4829 incessabat
2721 4773 2906 4829 luxum
2938 4773 3155 4828 divitis?
3185 4789 3310 4828 num
3343 4773 3428 4827 in-

1860 4866 2253 4924 humanitatem
2287 4864 2720 4919 condemnabat?
2753 4880 2878 4918 nttm
2912 4863 3302 4934 providentiam
3329 4864 3424 4919 Dei

1861 4957 2320 5032 reprehendebat?
2370 4955 2517 5012 Nihil
2569 4958 2760 5012 horum
2798 4973 2813 5011 :
2856 4957 2948 5011 sed
2982 4955 3136 5011 fortis
3181 4965 3334 5021 erat,
3373 4966 3427 5011 et

1862 5065 2071 5124 magna:
2113 5048 2491 5120 philoSOpbite.
2539 5046 2691 5104 Unde
2719 5044 3109 5102 manifestum?
3142 5056 3427 5116 propterea

1860 5143 2003 5216 quod
2053 5142 2227 5214 angeli
2265 5129 2438 5213 ipsum
2463 5143 2757 5211 :mortuum
2802 5136 3156 5205 susceperint.
3200 5137 3334 5195 Nam
3378 5142 3424 5196 si

1862 5237 2304 5294 obmurmurator
2351 5233 2547 5289 fuisset
2594 5241 2650 5289 et
2686 5230 3065 5301 blasphemus,
3113 5233 3426 5303 neutiquam

1864 5338 2070 5384 tantum
2105 5328 2364 5381 honorem
2402 5325 2596 5380 luisset
2640 5331 2990 5385 consecutus,
3026 5332 3080 5377 et
3113 5324 3425 5393 angelorum

1864 5421 2122 5476 comitatu
2162 5419 2411 5486 stipatus.
2450 5414 2690 5470 Mortuus
2721 5421 2812 5469 est
2854 5421 3032 5469 autem
3071 5424 3128 5470 et
3160 5415 3332 5479 dives,
3362 5430 3428 5469 ac

1862 5511 2104 5581 sepultus
2148 5518 2256 5564 est.
2290 5507 2423 5562 Nam
2455 5506 2696 5577 profecto
2730 5507 2889 5560 etiam
2923 5521 3045 5560 cum
3076 5506 3301 5567 viveret,
3342 5520 3429 5558 se-

1862 5603 2011 5674 pulta
2046 5610 2169 5658 erat
2206 5600 2325 5671 ejus
2370 5598 2585 5665 anima,
2638 5612 2859 5653 carnem
2912 5597 3064 5667 quasi
3118 5594 3425 5665 sepulcrum

1864 5695 2277 5752 circumferens.
2320 5691 2388 5747 Et
2431 5692 2551 5748 ideo
2580 5707 2700 5747 cum
2734 5700 3056 5755 moreretur,
3094 5705 3198 5743 non
3228 5689 3295 5743 ab
3335 5702 3430 5741 an-

1870 5787 2002 5857 gelis
2022 5793 2333 5858 assumptus
2360 5792 2478 5853 est,
2504 5785 2596 5841 sed
2622 5784 2674 5840 in
2697 5781 2963 5840 infernum
2992 5782 3271 5838 deductus.
3294 5776 3431 5834 Nam
