3932 6456
547 364 656 428 975
1379 359 1954 423 THEOPHYLACTI
1988 359 2398 423 BULGARME
2426 362 2781 429 ARCHIEP.
3136 382 3138 385 ’
3663 378 3744 444 9Ἷὸ

533 473 625 544 qui
645 469 780 528 nihil
803 469 1032 527 sublime
1083 468 1322 539 nihilque
1337 469 1558 526 cteleste
1579 470 1831 538 cognovit
1851 484 2106 540 unquam,

2222 470 2351 539 παρ’
2386 473 2638 543 ἀγγέλων
2666 477 3027 551 δορυφορίας,
3063 480 3305 538 ἀπέθανε
3335 483 3395 538 δέ
3437 485 3529 538 καὶ
3565 484 3592 539 6
3618 488 3743 544 πλού-

535 567 720 620 iniimo
749 565 870 620 loco
901 565 1118 636 dignus.
1142 565 1380 622 Dicendo
1407 568 1550 622 enim
1581 562 1725 635 quod
1748 562 1992 634 sepultus
2011 563 2105 631 sit,

2217 577 2350 628 σιος,
2397 565 2494 618 καὶ
2535 565 2730 638 ἐτάφη.
2779 569 2870 640 Τῷ
2909 571 3024 625 δντι
3071 572 3182 645 γάρ
3218 573 3313 628 καὶ
3361 575 3563 641 ζῶντος
3600 595 3742 634 κατω-

536 658 774 712 insinuat
801 657 978 714 obiter
1005 657 1274 716 Dominus
1306 660 1448 731 quod
1479 666 1534 714 et
1562 658 1740 713 anima
1779 655 1896 728 ejus
1930 655 2106 712 locum

2221 653 2464 727 ρυγμένη
2501 655 2669 712 αὑτοῦ
2700 654 2827 732 ἧνή
2863 659 3013 734 ψυχὴ
3035 703 3050 728 ,
3097 663 3176 727 ὡς
3206 666 3378 736 τάφον
3403 709 3405 711 .
3426 671 3743 741 περιφέρουσα

533 745 776 802 infimum
807 758 864 804 et
893 747 1248 818 caliginosum
1276 751 1466 805 sortita
1502 748 1687 804 fuerit.

2214 745 2315 817 τὴν
2366 747 2566 819 σάρκα.
2621 749 2714 803 Διὸ
2761 752 2857 805 καὶ
2905 753 3196 809 ἀποθανὼν
3245 757 3348 830 οὐχ
3396 759 3501 814 ὑπὸ
3544 762 3740 831 ἀγγέλων

531 839 825 910 ἀπάγεται,
849 840 964 895 ἀλλ’
991 843 1070 905 εἰς
1091 840 1180 895 τδν
1203 841 1335 914 ᾅδην
1359 842 1676 910 κατάγεται.
1713 839 1774 895 '0
1799 839 1908 911 γὰρ
1935 836 2102 911 μηδὲν
2140 837 2343 909 ὑψηλὸν
2372 841 2650 911 φρονήσας
2675 843 2808 896 ποτὲ
2847 844 2973 914 μηδ’
2999 845 3268 918 οὐράνιον,
3326 851 3422 906 τοῦ
3483 858 3737 913 κατωτάτω

532 936 698 989 τόπου
729 935 914 1004 ἄξιος,
944 937 1026 1010 τῷ
1054 920 1188 1009 γούν
1229 939 1424 1003 εἰπεῖν,
1456 937 1539 992 ὅτι
1571 935 1768 1007 ἐτάφη,
1799 934 1959 988 τοῦτο
2001 931 2371 1007 παρῃνίξατο⁴
2401 935 2430 988 6
2457 935 2683 1007 Κύριος,
2719 937 2800 992 ὅτι
2832 941 2926 994 καὶ
2992 943 3027 1013 ἠ
3057 943 3206 1015 ψυχὴ
3267 943 3434 1001 αύτοῦ
3491 948 3575 1002 τὸν
3599 968 3735 1006 κατω-

532 1029 680 1083 τάτω
706 1030 871 1086 τόπον
900 1031 993 1085 καὶ
1025 1031 1240 1104 ζοφώδη
1275 1031 1489 1103 ἔλαχεν.
3671 1052 3673 1054 ’

603 1123 772 1179 Vsus.
799 1124 990 1180 23-26.
1027 1144 1045 1177 ι
1081 1127 1258 1196 Atque
1300 1125 1352 1180 in
1397 1134 1604 1180 tartaro
1636 1123 1872 1182 sublatis
1900 1123 2107 1189 oculis,

535 1230 656 1270 cum
696 1225 843 1270 esset
873 1216 929 1270 in
975 1217 1292 1283 tormentis,
1339 1217 1485 1272 videt
1531 1216 1805 1272 Abraham
1855 1217 2107 1282 eminus,

534 1313 588 1357 et
631 1304 896 1360 Lazarum
940 1306 992 1360 in
1025 1306 1148 1361 sinu
1181 1306 1299 1378 ejus
1334 1324 1348 1362 :
1381 1315 1435 1362 et
1467 1303 1582 1375 ipse
1623 1305 1862 1362 clamans
1908 1306 2045 1362 dixit
2090 1323 2105 1361 :

537 1394 699 1450 Pater
729 1397 1023 1463 Abraham,
1060 1397 1319 1454 miserere
1351 1398 1493 1465 mei,
1527 1407 1584 1453 et
1623 1399 1776 1453 mitte
1807 1397 2105 1466 Lazarum,

537 1497 595 1540 ut
634 1488 866 1559 intingat
903 1497 1207 1544 extremum
1249 1489 1398 1560 digiti
1438 1491 1521 1545 sui
1560 1490 1612 1546 in
1647 1506 1840 1561 aquam
1864 1531 1880 1554 ,
1920 1505 1984 1547 ac
2024 1506 2108 1548 re-

534 1582 758 1653 frigeret
802 1583 1037 1654 linguam
1085 1599 1298 1650 meam,
1350 1585 1476 1654 quia
1530 1586 1746 1640 crucior
1795 1586 1848 1641 in
1894 1584 2106 1641 ﬂamma

537 1675 657 1730 hac.
707 1675 851 1730 Dixit
887 1684 1066 1731 autem
1099 1676 1373 1732 Abraham
1409 1690 1426 1731 :
1467 1675 1607 1744 Fili,
1641 1678 1924 1733 recordare
1963 1676 2107 1748 quod

2282 1140 2303 1176 ι
2341 1123 2451 1176 Καὶ
2483 1124 2541 1178 ἐν
2570 1125 2649 1196 τῷ
2691 1124 2792 1199 ᾄδῃ
2825 1127 3040 1200 ἐπάρας
3067 1128 3194 1194 τοὺς
3231 1128 3542 1202 ὀφθαλμοὺς
3571 1135 3731 1204 αὐτοῦ,

2207 1214 2470 1286 ὑπάρχων
2518 1216 2578 1270 ἐν
2626 1216 2918 1287 βασάνοις,
2959 1221 3063 1292 ὁρᾷ
3093 1220 3184 1274 τὸν
3226 1221 3480 1294 ’Λϐραὰμ
3526 1225 3620 1279 ἀπὸ
3654 1247 3734 1298 μα-

2207 1304 2423 1376 κρόθεν,
2482 1307 2577 1361 καὶ
2626 1307 2879 1382 Λάζαρον
2913 1313 2971 1364 ἐν
3023 1312 3138 1376 τοῖς
3189 1311 3417 1377 κόλποις
3449 1314 3630 1382 αὐτοῦ,
3665 1318 3735 1374 καὶ

2205 1389 2370 1454 αὐτὸς
2402 1394 2660 1465 φωνήσας
2704 1391 2847 1449 εἷπε·
2896 1398 3080 1469 Πάτερ
3121 1400 3394 1471 Ἀϐραάμ,
3429 1403 3629 1472 ἐλέησόν
3656 1425 3736 1476 με,

2208 1478 2303 1532 καὶ
2335 1479 2554 1552 πέμψον
2587 1483 2860 1556 Λάζαρον,
2891 1487 2980 1543 ἵνα
3010 1488 3158 1561 βάψῃ
3188 1491 3248 1544 τὸ
3270 1492 3442 1564 ἀκρον
3469 1492 3556 1545 τοῦ
3577 1495 3738 1550 δακτύ-

2207 1573 2302 1626 λου
2333 1574 2500 1628 αύτοῦ
2530 1574 2743 1643 ὓδατος,
2775 1578 2868 1632 καὶ
2905 1579 3196 1655 καταψύξῃ
3226 1581 3326 1654 τὴν
3355 1583 3598 1653 γλῶσσάν
3629 1605 3736 1657 μου,

2207 1665 2290 1719 ὅτι
2318 1667 2588 1738 ὀδυνῶμαι
2617 1671 2674 1722 ἐν
2695 1673 2760 1740 τῇ
2801 1672 3182 1746 φλογϊταύτῃ.
3212 1669 3348 1728 Eine
3383 1677 3442 1730 δέ
3483 1677 3732 1750 Ἀϐραάμ’

537 1769 804 1835 receperis
855 1767 993 1823 bona
1035 1777 1122 1823 tua
1168 1768 1220 1822 in
1267 1768 1374 1822 vita
1424 1777 1542 1834 tua,
1574 1779 1628 1823 et
1663 1767 1904 1825 Lazarus
1951 1768 2105 1824 simi-

2212 1758 2433 1824 Τέκνον,
2465 1760 2738 1833 μνήσθητι
2758 1801 2774 1829 ,
2803 1764 2886 1817 ὅτι
2933 1764 3210 1830 ἀπέλαϐες
3243 1768 3312 1821 σὺ
3351 1768 3422 1822 τά
3465 1770 3628 1837 ἀγαθά
3661 1790 3734 1826 σου

539 1858 659 1912 liter
692 1859 829 1912 mala
859 1876 876 1926 ;
907 1875 1050 1915 nunc
1081 1869 1258 1918 autem
1290 1862 1377 1917 hic
1416 1861 1606 1916 solatio
1632 1860 1844 1928 fruitur,
1878 1871 1933 1917 tu
1979 1875 2106 1917 vero

535 1951 814 2006 cruciaris.
866 1952 935 2006 Et
979 1967 1142 2023 super
1196 1954 1314 2009 haec
1360 1955 1543 2008 omnia
1590 1953 1732 2009 inter
1775 1969 1876 2010 nos
1913 1963 1968 2010 et
2009 1968 2104 2010 vos

537 2043 715 2097 hiatus
750 2044 936 2114 ingens
967 2044 1214 2100 firmatus
1257 2054 1376 2112 est,
1421 2054 1480 2100 ut
1525 2046 1578 2101 hi
1622 2047 1712 2116 qui
1757 2046 1941 2100 volunt
1980 2045 2106 2101 hinc

538 2136 774 2191 transire
812 2137 880 2192 ad
909 2151 1005 2194 vos
1033 2153 1138 2192 non
1188 2138 1416 2208 possint,
1464 2153 1638 2210 neque
1664 2139 1788 2194 inde
1823 2147 2105 2192 transcen-

533 2227 663 2282 dere
708 2228 774 2282 ad
825 2244 943 2284 nos.
992 2246 1012 2280 ›
1055 2229 1519 2295 Quemadmodum
1563 2229 1824 2286 Dominus
1871 2228 2102 2300 ejectum

534 2319 705 2372 Adam
751 2332 782 2371 e
817 2320 1050 2388 regione
1101 2319 1339 2388 paradisi
1377 2320 1698 2386 collocavit,
1739 2330 1800 2374 ut
1847 2320 2104 2376 continuo

532 2419 836 2481 aspectans,
861 2411 1064 2466 clarius
1085 2411 1310 2466 sentiret
1326 2425 1356 2465 a
1374 2411 1589 2482 quantis
1611 2411 1768 2468 bonis
1781 2411 2100 2467 excidisset:

405 2545 418 2558 .
534 2505 612 2560 sic
648 2513 704 2559 et
745 2502 893 2557 illum
928 2503 1310 2559 condemnavit
1358 2505 1413 2559 in
1456 2513 1749 2576 conSpectu
1784 2503 2011 2571 Lazari,
2047 2513 2106 2559 ut

533 2598 722 2654 videns
752 2596 902 2651 illum
958 2597 1010 2651 in
1054 2595 1301 2666 qualibus
1333 2604 1510 2662 esset,
1557 2595 1786 2651 sentiret
1834 2595 1976 2650 unde
2008 2609 2106 2666 per

534 2690 987 2746 inhumanitatem
1028 2688 1340 2746 excidisset.
1384 2687 1451 2742 Et
1485 2695 1770 2759 propterea
1810 2700 1920 2742 non
1963 2687 2103 2757 apud

534 2784 699 2838 alium
729 2783 1015 2854 quemdam
1047 2782 1286 2853 justum,
1323 2783 1416 2838 sed
1453 2781 1508 2836 in
1541 2780 1664 2836 sinu
1704 2778 1935 2836 Abraha:
1969 2779 2106 2835 vidit

535 2874 823 2942 Lazarum,
846 2875 1101 2946 quoniam
1143 2873 1426 2943 hospitalis
1469 2872 1645 2928 fuerat
1691 2871 1984 2928 Abraham.
2031 2871 2104 2928 Ut

534 2967 696 3040 igitur
729 2966 1218 3038 reprehenderetur
1246 2964 1390 3022 illius
1413 2963 1829 3034 inhospitalitas,
1857 2973 2112 3035 propter-'

533 3076 596 3117 ea
645 3059 793 3116 illum
841 3058 982 3131 apud
1019 3057 1295 3114 Abraham
1346 3055 1515 3113 videt:
1564 3055 1656 3112 Ille
1689 3055 1851 3112 etiam
1885 3070 1980 3112 eos
2011 3055 2104 3126 qui

2214 1851 2272 1906 ἐν
2303 1854 2369 1923 τῇ
2400 1853 2510 1925 ζωῇ
2544 1871 2660 1919 σου,
2685 1856 2783 1910 καὶ¹
2801 1855 3054 1928 Λάζαρος
3077 1858 3282 1928 ὁμοίως
3307 1860 3377 1914 τά
3401 1863 3562 1926 κακά,
3588 1861 3669 1916 νῦν
3694 1862 3739 1915 δὲ

2212 1941 2298 1996 ὅδε
2345 1945 2784 2014 παρακαλεῖται,
2819 1945 2885 2000 σὺ
2917 1947 2976 2001 δὲ
3021 1948 3304 2007 ὀδυνᾶσαι.
3355 1953 3466 2006 Καὶ
3509 1953 3595 2006 ἐπὶ
3632 1955 3739 2008 πᾶσι

2211 2033 2421 2100 τούτοις
2459 2038 2648 2108 χάσμα
2683 2039 2828 2109 μέγα
2873 2041 3198 2114 ἐστήρικται
3235 2045 3440 2114 μεταξὺ
3487 2045 3629 2115 ἡμῶν
3666 2048 3740 2099 καὶ

2211 2123 2389 2196 ὑμῶν,
2426 2128 2575 2194 ὅπως
2611 2131 2660 2184 οί
2713 2131 2958 2197 θέλοντες
2991 2133 3242 2205 διαϐῆναι
3278 2134 3431 2190 ἐνθεν
3463 2135 3592 2207 πρὸς
3623 2137 3739 2205 ὑμᾶς

2214 2216 2292 2288 μὴ
2343 2217 2628 2288 δύνωνται,
2683 2223 2820 2294 μηδὲ
2858 2227 2906 2278 οἱ
2955 2227 3163 2282 ἐκεῖθεν
3208 2228 3349 2302 πρὸς
3397 2230 3540 2301 ἡμᾶς
3579 2231 3736 2284 διαπε-

2213 2311 2402 2382 ρῶσιν.
2437 2331 2456 2366 ι
2495 2314 2708 2388 Ὠσπερ
2739 2319 2830 2374 τὸν
2867 2319 3041 2394 Ἀδάμ
3072 2324 3101 2377 6
3132 2321 3338 2393 Κύριος
3367 2323 3628 2378 ἐκϐάλλων
3661 2324 3736 2377 τοῦ

2211 2405 2540 2475 παραδείσου
2565 2407 2825 2466 ἀπέναντι
2857 2413 3024 2467 αὐτοῦ
3052 2415 3380 2485 κατῴκισεν,
3411 2415 3496 2469 ἵνα
3525 2419 3583 2487 τῇ
3612 2433 3735 2469 συνε-

2207 2497 2295 2566 χεῖ
2318 2495 2439 2567 ὕψει
2471 2499 2868 2574 ἀνανεούμενον
2901 2503 2963 2558 τὸ
2990 2504 3163 2570 πάθος
3187 2504 3584 2576 ἀκριϐεστέραν
3616 2507 3735 2576 αὐτῷ

2210 2587 2468 2660 παράσχῃ
2495 2589 2596 2662 τὴν
2635 2591 2888 2664 αἴσθησιν
2920 2594 3020 2666 τῆς
3047 2595 3154 2648 τῶν
3183 2594 3405 2664 ἀγαθῶν
3431 2595 3730 2661 ἐκπτώσεως,

2209 2678 2353 2734 οὕτω
2375 2683 2469 2737 καὶ
2485 2682 2672 2738 τοῦτον
2694 2685 2984 2740 κατέναντι
3005 2686 3098 2740 τοῦ
3122 2685 3376 2758 Λαζάρου
3400 2688 3729 2750 κατεδίκασεν,

2209 2772 2276 2827 ἵν’
2303 2772 2447 2846 ὁρῶν
2475 2774 2637 2830 αὸτὸν
2662 2778 2720 2833 ἐν
2745 2776 2875 2842 οἵοις
2911 2778 3082 2846 ἐστὶν,
3110 2778 3435 2851 αἰσθάνηται
3463 2771 3535 2835 ὧν
3563 2779 3636 2833 διὰ
3657 2780 3732 2849 τὴν

2209 2861 2606 2935 ἀπανθρωπίαν
2655 2866 3011 2924 ἐκπέπτωκε.
3061 2869 3216 2924 Διατί
3251 2870 3307 2924 δέ
3351 2870 3414 2924 ού
3469 2871 3589 2940 παρ’
3620 2870 3731 2938 me)

2207 2953 2316 3007 τιν)⁸
2337 2953 2447 3009 τῶν
2467 2955 2722 3024 δικαίων,
2768 2957 2886 3011 ἀλλ’
2921 2961 2978 3013 ἐν
3003 2959 3116 3022 τοῖς
3144 2959 3366 3024 κόλποις
3393 2960 3488 3014 τοῦ
3534 2961 3732 3032 Ἀϐραὰμ

2210 3043 2319 3103 ειδε
2346 3049 2437 3104 τὸν
2469 3051 2739 3122 Λάζαρον,
2769 3053 2890 3107 ἐπεὶ
2919 3035 3194 3122 φιλόξενος
3219 3049 3290 3126 ἦν
3311 3057 3340 3108 ι
3367 3054 3620 3127 Ἁϐραάμ.
3657 3049 3731 3107 ⁹1ν⁹

533 3150 914 3223 ρτωιετίὴσιιῑ,
949 3148 1018 3208 .in
1051 3151 1269 3204 domum
1299 3161 1453 3204 suam
1482 3147 1765 3211 trahebat,
1800 3147 1889 3203 hic
1920 3155 2100 3204 autem

2208 3144 2298 3199 οὖν
2321 3144 2542 3215 ἐλεγχος
2572 3145 2672 3215 τῆς
2700 3145 3012 3217 μισοεενίας
3035 3146 3201 3202 αὐτοῦ
3231 3147 3482 3218 γένηται,
3507 3149 3588 3202 διά
3609 3145 3732 3200 τοῦτο

530 3245 697 3318 419
732 3244 896 3299 etiam
928 3243 1068 3299 intra
1100 3241 1320 3297 domum
1362 3240 1609 3312 iacentes
1637 3240 1988 3310 despiciebat.
2025 3241 2101 3295 At

535 3352 636 3391 cur
683 3351 788 3392 non
848 3334 1010 3391 vertit
1061 3347 1368 3390 sermonem
1435 3333 1503 3388 ad
1553 3332 1842 3399 Lazarum,
1895 3333 1988 3388 sed
2039 3333 2106 3388 ad

533 3426 845 3482 Abraham?
868 3423 1315 3481 Confundebatur
1335 3423 1583 3481 fortassis
1602 3464 1618 3491 ,
1643 3424 1965 3481 existimans
1990 3423 2102 3480 for-

529 3519 672 3574 sitan
700 3517 968 3574 Lazarum
1005 3515 1254 3572 vindictae
1289 3515 1531 3584 avidum,
1584 3525 1641 3572 et
1683 3531 1751 3572 ex
1785 3517 1900 3573 suis
1929 3517 2106 3572 causis

523 3610 810 3682 iudicabat
844 3607 1016 3664 illum.
1053 3607 1111 3664 Si
1141 3608 1283 3664 enim
1311 3622 1410 3680 ego
1439 3617 1588 3664 tanta
1617 3607 1874 3666 felicitate
1920 3609 2108 3665 fruens

533 3701 831 3773 contempsi
857 3701 1004 3757 illum
1031 3701 1194 3757 tantis
1216 3700 1374 3757 malis
1395 3709 1833 3771 coaugustatum,
1853 3709 1908 3758 et
1931 3716 2106 3773 neque

527 3797 705 3854 micas
761 3796 812 3852 ei
865 3793 1313 3852 communicavi:
1367 3793 1534 3849 multo
1583 3797 1753 3867 magis
1809 3796 1924 3866 ipse
1975 3811 2106 3851 con-

525 3895 769 3957 temptus
795 3885 1104 3950 vindicabit,
1150 3892 1205 3940 et
1241 3899 1354 3940 non
1396 3892 1598 3940 annuet
1634 3895 1693 3939 ut
1730 3885 1858 3939 mihi
1905 3884 2106 3940 beneli-

527 3982 674 4037 cium
705 3979 1054 4036 concedatur.
1085 3976 1376 4048 Propterea
1418 3978 1484 4032 ad
1511 3975 1787 4032 Abraham
1818 3975 1950 4032 facit
1989 3991 2106 4032 ser-

524 4087 766 4127 'tnouem.
803 4069 1033 4126 Putabat
1078 4069 1226 4125 enim
1278 4069 1531 4140 ignorare
1577 4068 1937 4140 patriarcham
1986 4082 2108 4139 quae

522 4163 903 4232 contigissent.
937 4160 1074 4228 Quid
1107 4161 1271 4230 igitur
1299 4159 1425 4214 ille?
1455 4159 1572 4214 Non
1605 4160 1775 4216 dixit:
1811 4157 2107 4215 lnhumaue

519 4263 591 4309 "et
643 4252 902 4318 crudelis,
969 4266 1075 4308 non
1132 4251 1450 4307 erubescis?
1509 4253 1896 4334 misericordia:
1962 4267 2107 4306 nunc

525 4343 871 4402 recordaris?
907 4345 999 4399 sed
1051 4345 1318 4413 quomodo
1352 4343 1378 4396 ?
1414 4341 1537 4399 Fili.
1575 4342 1704 4398 Vide
1759 4343 2108 4414 compatien-

536 4449 640 4494 tem
668 4445 723 4492 et
751 4443 1019 4492 sanctum.
1045 4435 1185 4491 Dicit
1213 4436 1359 4490 enim
1391 4443 1447 4489 ct
1471 4435 1687 4504 sapiens
1714 4434 1952 4504 quidam,
1981 4434 2106 4489 Ani-

533 4545 679 4585 mant
707 4528 1042 4584 ltuntiliatam
1076 4541 1142 4582 ne
1169 4525 1493 4581 turbaveris.
1529 4525 1596 4580 Et
1625 4534 1907 4596 propterea
1937 4525 2102 4581 etiam

534 4624 648 4693 ipse
696 4621 849 4688 dicit,
892 4619 1030 4684 Fili,
1075 4618 1358 4674 insinuans
1392 4630 1492 4686 per
1524 4617 1624 4671 hoc
1653 4625 1877 4673 eatenus
1910 4617 2012 4673 sibi
2047 4617 2110 4672 li-

533 4729 678 4781 cere,
711 4723 979 4785 quatenus
1010 4721 1118 4766 tam
1151 4709 1382 4779 benigne
1411 4709 1728 4780 alloquitur,
1757 4709 1851 4764 sed
1884 4709 2109 4764 ulterius

534 4805 668 4861 nihil
699 4804 861 4860 licere
899 4802 972 4859 ei.
1004 4799 1160 4867 Quod
1201 4815 1442 4869 possum,
1475 4799 1579 4855 hoc
1619 4800 1714 4856 tibi
1745 4801 2106 4867 communico,

538 4896 957 4967 compaticntem
990 4891 1200 4948 scilicet
1226 4903 1436 4944 vocem.
1469 4889 1536 4944 At
1563 4889 1687 4944 hinc
1723 4890 1848 4946 illuc
1877 4891 2110 4946 transire

527 5005 642 5045 non
677 4997 760 5044 est
794 4995 1037 5042 nostrum
1075 5001 1090 5039 :
1123 4981 1377 5039 conclusa
1411 4981 1552 5037 enim
1577 4990 1702 5036 sunt
1729 4981 1930 5037 omnia.
1957 4980 2021 5038 Et
2050 4991 2108 5037 tu

533 5081 753 5152 quidem
805 5075 1060 5148 recepisti
1103 5074 1242 5130 bona
1295 5082 1408 5140 tua,
1460 5071 1550 5126 ille
1589 5081 1769 5126 autem
1822 5074 1984 5129 mala.
2042 5073 2110 5129 Et

537 5185 704 5242 quare
751 5185 856 5225 non
896 5168 1071 5233 dixit,
1108 5163 1400 5235 'Accepisti,
1457 5161 1575 5227 sed,
1603 5160 1912 5234 Recepisti?
1949 5165 2111 5221 Reci-

537 5279 667 5334 pere
695 5263 838 5318 euim
863 5262 926 5317 de
957 5262 1040 5316 his
1063 5259 1242 5314 dicere
1261 5255 1494 5312 solemus
1516 5255 1607 5327 qui
1637 5257 1939 5326 suscipiunt
1968 5259 2110 5326 quod

543 5356 624 5410 eis
673 5353 987 5408 debebatur.
1027 5347 1304 5407 Discimus
1343 5345 1509 5417 igitur
1541 5347 1682 5418 quod
1724 5347 1848 5402 licet
1892 5349 2110 5418 quidam

539 5445 829 5502 facinorosi
863 5442 973 5498 sint
1031 5451 1087 5497 et
1129 5441 1182 5496 in
1228 5446 1526 5496 extremam
1577 5438 1918 5509 pervenerint
1953 5441 2111 5494 mali-

538 5537 691 5602 tiam,
734 5546 1114 5600 nonnunquam
1159 5541 1337 5585 tamen
1375 5545 1539 5584 unum
1587 5530 1853 5600 quoddam
1895 5530 1976 5584 vel
2006 5531 2112 5586 duo

540 5632 681 5686 bona
725 5640 888 5698 Opera
942 5624 1190 5690 faciunt;
1229 5622 1372 5678 unde
1422 5632 1475 5679 et
1501 5622 1603 5693 ipsi
1656 5623 1917 5680 habentes
1970 5626 2110 5680 bona

540 5721 805 5790 quaedam,
844 5730 965 5787 qua:
1009 5715 1062 5769 in
1097 5713 1378 5784 praesentis
1425 5715 1547 5768 vitae
1598 5716 1962 5785 prosperitate
2016 5731 2109 5773 ca-

533 5814 718 5883 piunt,
765 5811 1006 5881 recipere
1047 5805 1316 5864 dicuntur.
1348 5803 1610 5862 Similiter
1638 5816 1817 5862 autem
1848 5817 1903 5864 et
1952 5808 2118 5865 Laza-

2209 3237 2328 3308 μετ’
2377 3236 2586 3292 ἐκείνου
2636 3237 2846 3308 βλέπει.
2915 3239 3157 3303 Ἐκεῖνος
3214 3239 3311 3293 καὶ
3365 3241 3492 3302 τοὺς
3543 3241 3729 3310 παριόνο

2204 3347 2306 3392 τας
2349 3330 2430 3394 είς
2461 3330 2562 3400 τὴν
2606 3330 2785 3385 οίκίαν
2817 3325 2965 3385 εἷλκε
2997 3331 3097 3404 τὴν
3135 3331 3355 3400 ἑαυτοῦ,
3395 3333 3553 3408 αὐτὸς
3583 3333 3630 3385 δὲ
3659 3332 3733 3385 καὶ

2205 3418 2297 3472 τὸν
2331 3417 2440 3473 έσω
2477 3418 2730 3488 κείμενον
2765 3419 3046 3493 παρεώρα.
3092 3423 3245 3475 Διατί
3279 3423 3336 3476 δὲ
3398 3423 3472 3492 μὴ
3507 3423 3627 3490 πρὸς
3664 3424 3736 3476 τὶν

2206 3511 2458 3583 Λάζαρον
2534 3512 2814 3567 ἀποτείνει
2900 3513 2993 3567 τὸν
3051 3513 3230 3584 λόγον,
3295 3514 3431 3569 ἀλλὰ
3501 3517 3622 3584 πρὸς
3663 3516 3737 3567 τὸν

2218 3599 2497 3673 Ἀϐραάμ;
2543 3601 2836 3673 ᾘσχύνετο
2869 3603 2998 3667 ἴσως
3029 3619 3044 3636 ·
3081 3604 3300 3675 ἐνόμιζε
3334 3606 3442 3677 γάρ
3479 3608 3623 3677 τυχδν
3662 3606 3740 3660 καὶ

2209 3697 2568 3765 μνησικακεῖν
2595 3694 2687 3748 τὸν
2725 3695 3001 3766 Λάζαρον,
3051 3698 3153 3750 καὶ
3181 3699 3247 3751 ἐκ
3290 3699 3401 3752 τῶν
3431 3700 3549 3752 καθ’
3579 3699 3737 3752 ἑαυτὸν

2159 3801 2162 3804 '
2206 3785 2389 3857 ἔκρινε
2436 3786 2531 3841 καὶ
2575 3786 2642 3842 τά
2675 3785 2770 3840 τοῦ
2805 3788 3089 3860 Λαζάρου.
3136 3789 3200 3843 Ei
3229 3790 3340 3862 γάρ
3367 3792 3475 3860 ἐγὼ
3514 3792 3739 3859 τοσαύτης

2209 3877 2502 3934 ἀπολαύων
2555 3880 2878 3950 εὐημερίας,
2931 3881 3239 3952 παρεώρων
3285 3883 3449 3938 αὑτὸν
3497 3884 3741 3945 τοσούτοις

2206 3972 2396 4034 κακοῖς
2447 3971 2973 4042 στενοχωρούμενον,
3024 3974 3120 4026 καὶ
3166 3973 3289 4027 ούδέ
3342 3975 3537 4045 ψιχίων
3565 3974 3742 4045 μετεδὶ-

2204 4063 2350 4128 δουν,
2383 4061 2562 4134 πολλῷ
2595 4063 2797 4133 μᾶλλον
2852 4063 3017 4128 αὐτὸς
3046 4065 3074 4118 6
3113 4066 3547 4136 καταφρονηθεὶς
3576 4083 3740 4136 μνησι·

2206 4154 2460 4225 κακήσει,
2504 4154 2600 4208 καὶ
2647 4155 2749 4209 ούκ
2790 4155 3065 4208 ἐπινεύσει
3105 4155 3292 4212 δοῦναι
3324 4159 3428 4230 τὴν
3457 4159 3633 4231 ζχάριν.
3663 4160 3744 4210 Διά

2203 4245 2362 4299 τοῦτο
2424 4246 2562 4317 πρὸς
2612 4246 2706 4300 τὸν
2775 4245 3030 4318 Ἁϐραάμ
3086 4249 3321 4303 ποιεῖται
3371 4250 3501 4313 τοὺς
3557 4249 3739 4316 λόγοκ.

2219 4337 2464 4409 Ἐνόμιζε
2502 4339 2613 4411 γάρ
2661 4339 2877 4408 ἀγνοεῖν
2911 4340 3006 4394 τὸν
3054 4341 3404 4413 πατριάρχην
3448 4341 3515 4397 τὰ
3544 4357 3741 4411 γεγενηο

2211 4433 2365 4503 μένα.
2395 4432 2462 4485 Τί
2507 4427 2602 4486 οὖν
2639 4432 2890 4498 ἐκεῖνος;
2929 4433 3032 4486 ούκ
3065 4430 3241 4486 εἶπεν·
3295 4433 3637 4505 ’Λπάνθρωπε
3664 4431 3739 4485 καὶ

2207 4522 2347 4592 ὠμὲ,
2393 4523 2492 4576 ούκ
2540 4523 2812 4596 αίσχύνῃς
2869 4523 3281 4596 φιλανθρωπίας
3322 4506 3419 4580 νῦν
3469 4527 3735 4597 μέμνησαις

2209 4613 2346 4668 ἀλλὰ
2379 4614 2494 4679 πῶς
2518 4631 2534 4680 ;
2561 4615 2782 4670 Τέκνον.
2818 4616 2959 4686 Ὅρα
2989 4617 3247 4688 συμπαθῆ
3267 4619 3360 4671 καὶ
3391 4617 3548 4686 ἀγίαν
3565 4617 3733 4687 ψυχήν·

2205 4705 2344 4774 φησὶ
2371 4705 2478 4776 γὰρ
2507 4704 2600 4758 καί
2629 4723 2710 4768 τις
2747 4707 2907 4775 σοφός
2926 4722 2940 4738 ⁸
2970 4707 3164 4778 Ψυχὴν
3200 4709 3651 4779 τεταπεινωμένην
3677 4708 3738 4776 μὴ

2209 4797 2612 4872 προσταράξῃς.
2657 4798 2757 4852 Διά
2784 4799 2946 4853 τοῦτο
2984 4801 3080 4854 καὶ
3125 4799 3309 4866 αὐτὸς,
3347 4801 3551 4868 τέκνον,
3583 4799 3736 4870 φησὶν.

2208 4889 2576 4960 αἰνιττόμενος
2603 4890 2694 4945 διὰ
2717 4891 2930 4958 τούτου,
2963 4892 3045 4946 ὅτι
3072 4892 3202 4964 άχρι
3237 4893 3432 4948 τούτου
3462 4895 3595 4949 ἐστὶν
3614 4889 3738 4959 αὐτῷ

2210 4981 2244 5052 ἡ
2279 4979 2496 5045 ἐξουσία
2539 4980 2633 5035 τοῦ
2687 4982 2951 5053 ὀνομάσαι
2994 4983 3157 5038 αὐτὸν
3191 4983 3366 5049 οὕτως
3415 4985 3614 5054 ἱλαρῶς,
3658 4997 3737 5032 πε-

2215 5073 2450 5144 ραιτέρω
2477 5071 2534 5127 δὲ
2581 5072 2794 5136 οὐδενὸς
2838 5073 3160 5140 ἐξουσιάζει.
3194 5067 3271 5129 Ob
3323 5075 3432 5146 εχω
3469 5074 3634 5128 τούτου
3671 5086 3734 5122 σοι

2213 5164 2567 5234 μεταδίδωμι,
2600 5164 2923 5235 συμπαθοῦς
2952 5166 3156 5236 φωνῆς,
3201 5167 3263 5220 τδ
3304 5166 3362 5221 δέ
3386 5166 3614 5221 ἐντεῦθεν
3643 5162 3737 5214 ἐκεῖ

2214 5256 2562 5327 μεταϐαίνειν
2603 5257 2702 5324 οὐχ
2734 5255 3024 5328 ἡμέτερονο
3057 5257 3312 5329 ἐκλείσθη
3352 5259 3460 5330 γάρ
3486 5259 3548 5310 τὰ
3573 5256 3732 5309 πάντα.

2209 5347 2318 5403 Καὶ
2349 5351 2413 5403 σὺ
2448 5349 2548 5420 μὲν
2580 5348 2854 5412 ἀπέλαϐες
2895 5348 2966 5402 τά
3001 5349 3183 5418 ἀγαθά
3237 5367 3356 5416 σου,
3391 5353 3582 5413 ἐκεῖνος
3607 5347 3656 5400 δὲ
3680 5344 3732 5396 τά

2211 5438 2378 5492 κακά.
2419 5438 2576 5502 Τίνος
2626 5437 2684 5490 δὲ
2742 5437 2930 5490 ἕνεκεν
2976 5438 3078 5492 οὐκ
3130 5435 3305 5508 εἶπεν,
3339 5439 3578 5503 Ἕλαϐες,
3617 5431 3731 5494 ἀλλ’,

2224 5530 2555 5598 Ἀπέλαϐες;
2586 5530 2662 5583 Τὸ
2697 5527 2807 5600 γάρ
2840 5530 3137 5585 ἀπολαϐεῖν
3165 5534 3258 5585 ἐπὶ
3299 5532 3408 5587 τῶν
3451 5527 3734 5600 ὑποδεχομέ-

2211 5639 2318 5677 νων
2355 5621 2498 5693 άπερ
2526 5620 2949 5693 ἐχρεωστοῦντο,
2992 5621 3172 5691 λέγειν
3225 5621 3508 5694 εἰώθαμεν.
3558 5621 3613 5673 Τί
3656 5614 3731 5670 οὖν

2215 5715 2593 5788 μανθάνομεν;
2628 5715 2752 5767 Ὀτι
2781 5713 2886 5768 κᾶν
2926 5715 3114 5786 μιαροί
3170 5731 3312 5777 τινες
3359 5711 3486 5779 εἷεν,
3535 5711 3623 5764 κᾶν
3666 5707 3731 5767 εἷς

2209 5809 2434 5878 ἔσχατον
2479 5801 2680 5867 κακίας
2723 5801 3050 5874 ἐληλακότες
3075 5844 3092 5873 ,
3153 5802 3417 5868 πολλάκις
3467 5802 3521 5856 ἐν
3563 5817 3608 5853 τι
3651 5807 3729 5848 και
