3932 6456
137 393 239 458 977

912 399 1361 464 ENARRATIO
1407 402 1488 464 IN
1529 402 2030 468 EVANGELIUM
2063 404 2298 467 Luce.
2325 389 2392 444 —'
2420 406 2579 470 CAP.
2613 405 2766 469 XVI.

3260 383 3370 468 978

138 509 229 562 δυο
254 507 586 578 ἐἰργάσαντο
615 508 816 581 ἀγαθά.
848 510 1016 566 Ὅθεν
1064 511 1160 566 καὶ
1205 511 1368 577 αὐτὸς
1418 511 1559 584 ἔχων
1585 512 1708 566 τινὰ

1830 530 1906 572 -υε
1937 515 2097 570 mala.
2130 497 2403 571 Fortassis
2431 513 2577 570 enim
2606 523 2660 570 et
2688 514 2778 570 ille
2803 529 2968 570 unum
2997 514 3079 572 vel
3108 516 3213 571 duo
3244 516 3382 570 mala

136 599 314 670 ἀγαθά
335 600 423 655 διὰ
450 603 549 674 τῆς
583 603 641 657 ὲν
683 603 822 674 τῷδε
846 603 925 674 τῷ
955 603 1056 674 βίῳ
1084 603 1387 674 εὐημερίας
1418 603 1518 676 τὴν
1545 604 1705 676 ἀμοι-

139 693 238 762 ϐὴν
275 692 590 763 δεξάμενος,
645 695 944 750 ἀπολαϐεῖν
990 693 1166 750 ταῦτα
1211 695 1452 764 λέγεται·
1506 695 1708 766 ὁμοίως

137 785 186 836 δὲ
223 784 317 837 καὶ
342 786 370 837 6
399 787 648 858 Λάζαρος
678 787 747 842 τὰ
781 788 951 845 κακά.
990 788 1153 852 Ἴσως
1183 789 1293 860 γὰρ
1329 787 1427 841 καὶ
1457 779 1612 851 οὗτος
1649 789 1709 843 ἓν

135 875 286 946 ῆδύο
316 877 609 948 εἰργάσατο
640 881 808 938 κακὰ.
842 880 938 934 καὶ
981 879 1070 935 διὰ
1106 880 1209 949 τῆς
1257 879 1470 952 ὀδύνης,
1523 874 1592 952 ἦς
1622 881 1709 935 ὲν-

125 966 305 1021 ταῦθα
333 968 647 1040 ὑπέμεινεν,
692 971 934 1026 ἀπέλαϐε
981 972 1081 1043 τὴν
1129 971 1285 1038 ἀξίαν
1317 972 1555 1044 ἀμοιϐὴν
1587 972 1708 1027 τού-

133 1077 258 1114 των.
283 1060 374 1115 Διδ
403 1064 798 1133 παρακαλεῖται
828 1066 926 1137 μὲν
950 1058 1130 1132 οὗτος,
1161 1066 1413 1120 ὀδυνᾶσαι
1439 1066 1495 1120 δὲ
1518 1064 1604 1120 σύ.
1637 1065 1711 1120 Τὸ

134 1151 188 1203 δὲ
234 1152 421 1224 χάσμα
461 1155 613 1223 δηλοῖ
641 1155 740 1228 τὴν
782 1157 895 1210 τῶν
930 1158 1156 1212 δικαίων
1192 1159 1326 1229 πρὸς
1359 1158 1490 1223 τοὺς
1520 1158 1708 1230 άμαρ-

133 1242 328 1305 τωλοὺς
355 1244 633 1299 διάστασιν
692 1248 786 1301 καὶ
813 1247 1100 1317 διαφοράν.
1143 1249 1356 1321 Ὥσπερ
1382 1249 1491 1321 γὰρ
1519 1249 1614 1303 καὶ
1653 1248 1709 1301 αί

134 1335 478 1404 προαιρέσεις
530 1337 712 1392 αὐτῶν
772 1340 1022 1411 διάφοροι
1069 1336 1235 1412 ἦσαν,
1289 1341 1432 1396 οὕτω
1493 1341 1589 1395 καὶ
1653 1341 1709 1394 αί

136 1422 295 1489 μοναὶ
339 1423 540 1495 πολλὴν
569 1427 668 1498 τὴν
719 1429 1024 1485 ἀπόστασιν
1074 1430 1312 1502 ἔχουσιν,
1368 1431 1601 1485 ἑκάστου
1643 1431 1712 1486 τὰ

135 1510 442 1582 κατάλληλα
485 1517 551 1586 τῇ
606 1519 926 1590 προαιρέσει
989 1521 1086 1576 καὶ
1131 1521 1209 1593 τῷ
1255 1520 1356 1592 βίῳ
1389 1521 1711 1592 ἀπολαμϐά-

134 1617 334 1666 νοντος.
366 1604 676 1675 Σημείωσαι
697 1609 754 1662 δὲ
782 1610 1033 1664 ἐντεῦθεν
1059 1612 1321 1684 ’πόρισμά
1347 1630 1401 1666 τι
1426 1613 1569 1668 κατὰ
1599 1613 1710 1666 τῶν

144 1692 560 1766 Ὠριγενιαστῶν
588 1701 877 1770 λεγόντων,
915 1704 999 1758 ὅτι
1027 1704 1178 1770 τέλος
1215 1705 1446 1778 ἐχούσης
1475 1707 1575 1777 τῆς
1613 1724 1708 1761 κο-

131 1785 341 1851 λάσεως
370 1788 523 1844 ἔσται
553 1793 767 1863 καιρὸς,
792 1795 883 1848 ὅτε
922 1796 971 1850 oi
1002 1797 1318 1869 ἁμαρτωλοὶ
1345 1799 1710 1870 ἐνωθήσονται

131 1881 236 1942 τοῖς
267 1880 521 1950 δικαίοις,
573 1887 668 1940 καὶ
713 1885 793 1958 τῷ
826 1887 967 1960 Θεῷ,
1008 1891 1104 1945 καὶ
1145 1889 1318 1954 οὕτως
1353 1891 1425 1947 τὰ
1450 1891 1628 1947 πάντα
1657 1893 1714 1947 ὲν
1746 1874 1790 1934 Β

134 1973 258 2026 πᾶσι
317 1974 548 2047 γένηται
603 1980 632 2032 6
689 1979 846 2044 Θεός.
927 1982 1060 2036 Ἰδοὺ
1125 1984 1235 2054 γὰρ
1283 1981 1558 2054 ἀκούομεν
1617 1982 1712 2038 τοῦ

143 2062 399 2136 Ἀϐραὰμ
445 2067 714 2137 λέγοντος,
747 2071 897 2136 ὅπως
937 2073 986 2126 οἱ
1037 2072 1354 2146 βουλόμενοι
1387 2073 1542 2128 ἔνθεν
1575 2075 1711 2147 πρὸς

134 2157 295 2227 ὑμᾶς,
336 2159 369 2230 ἢ
407 2161 618 2217 ἐκεῖθεν
649 2163 904 2235 διαϐῆναι
936 2167 1074 2238 πρὸς
1123 2168 1272 2237 ἡμᾶς
1306 2167 1384 2238 μὴ
1428 2167 1714 2224 δύνωνται.

136 2248 350 2322 Ὠσπερ
389 2249 483 2307 οὖν
523 2253 786 2310 ἀδύνατον
837 2259 902 2312 ἐκ
946 2258 1047 2329 τῆς
1091 2259 1300 2332 λήξεως
1346 2259 1456 2315 τῶν
1492 2261 1716 2316 δικαίων

133 2342 438 2415 μεταϐῆναί
462 2363 582 2401 τινα
609 2349 688 2413 είς
710 2350 800 2404 τὸν
828 2351 990 2406 τόπον
1011 2353 1120 2407 τῶν
1151 2353 1515 2424 ἁμαρτωλῶν,
1543 2353 1715 2419 οὕτως

135 2432 418 2501 ἀδύνατον,
455 2438 602 2507 ἡμᾶς
630 2439 872 2495 διδάσκει
917 2442 1193 2514 Ἀϐραὰμ,
1223 2442 1285 2497 τὸ
1317 2445 1621 2515 μεταϐῆναι
1653 2446 1719 2500 ὲκ

133 2525 221 2577 τοῦ
246 2526 418 2582 τόπου
445 2529 542 2600 τῆς
577 2531 855 2598 κολάσεως
896 2534 975 2597 εἰς
1009 2534 1102 2589 τὸν
1127 2535 1293 2590 τόπον
1324 2536 1434 2591 τῶν
1471 2537 1714 2593 δικαίων.

146 2615 405 2692 Ἀϐραὰμ
453 2620 510 2674 δὲ
555 2622 1005 2698 ἀξιοπιστότερος
1049 2628 1223 2699 δήπου
1286 2629 1616 2702 Ὠριγένους.
1652 2629 1718 2683 Τί

134 2708 189 2762 δὲ
224 2714 252 2764 6
299 2711 477 2783 ᾆδης;
513 2714 576 2769 Οί
613 2715 712 2786 μὲν
745 2718 908 2774 αὐτόν
934 2737 1066 2790 φασι
1095 2721 1274 2793 χῶρον
1304 2721 1561 2785 ὑπόγειον
1593 2740 1719 2777 σκο-

134 2799 339 2864 τεινὸν,
373 2803 425 2855 οί
456 2802 514 2857 δὲ
545 2806 644 2876 τὴν
686 2807 796 2862 άπὸ
823 2809 918 2862 τοῦ
968 2809 1246 2882 ἐμφανοῦς
1279 2813 1360 2876 εἰς
1406 2811 1466 2866 τὸ
1513 2813 1718 2881 ἀφανὲς

134 2892 226 2946 καὶ
247 2893 432 2960 ἀειδὲς
455 2899 788 2966 μετάστασιν
808 2903 910 2974 τῆς
931 2903 1109 2977 ψυχῆς
1135 2905 1269 2977 ᾅδην
1296 2905 1524 2976 ἔφασαν·
1556 2907 1720 2977 Ἀχρι

137 2985 234 3056 μὲν
262 2988 470 3060 γὰρ,ὲν
503 2991 718 3064 σώματί
745 2995 892 3051 ἐστιν
924 2999 958 3068 ἠ
1001 2997 1172 3068 ψυχὴ,
1205 2999 1458 3067 φαίνεται
1490 2998 1580 3052 διὰ
1611 2999 1720 3054 τῶν

134 3082 357 3138 οἰκείων
384 3086 696 3156 ἐνεργειῶν,
747 3092 1061 3160 μεταστᾶσα
1087 3091 1145 3143 δὲ
1178 3090 1272 3145 τοῦ
1322 3090 1576 3164 σώματος
1607 3093 1721 3146 ἀει·

133 3172 227 3244 δὴς
279 3174 540 3244 γίνεται·
575 3178 736 3232 τοῦτο
782 3179 915 3250 γοῦν
973 3181 1183 3252 ἔφασαν
1230 3178 1373 3238 εἶναι
1418 3181 1512 3238 τδν
1563 3183 1718 3255 ᾅδην.

135 3265 389 3330 Κόλπους
436 3268 494 3322 δὲ
552 3270 828 3344 Ἀϐραὰμ,
887 3275 986 3346 τὴν
1031 3274 1296 3348 περιοχὴν
1349 3276 1460 3333 τῶν
1501 3277 1724 3347 ἀγαθῶν

136 3359 241 3414 τῶν
274 3359 666 3434 ἀποκειμένων
713 3368 826 3430 τοῖς
855 3367 1109 3436 δικαίοις,
1158 3371 1270 3433 τοῖς
1309 3368 1419 3424 ἀπὸ
1449 3368 1617 3443 ζάλης
1645 3371 1726 3436 εἰς

135 3449 368 3518 λιμένας
392 3459 798 3528 καταντήσασιν
851 3459 1160 3531 οὐρανίους.
1206 3461 1362 3516 Ἐπεὶ
1394 3463 1490 3516 καὶ
1536 3465 1596 3518 ὲν
1627 3464 1727 3518 θα-

136 3541 317 3616 λάσσῃ
356 3547 588 3613 κόλπους
638 3550 908 3621 εἰώθαμεν
955 3552 1145 3605 καλεῖν
1193 3552 1322 3619 τοὺς
1373 3553 1729 3624 λιμενοειδεῖς

1808 607 2190 674 commiserat,
2219 615 2274 663 et
2309 615 2596 680 propterea
2627 607 2866 663 dolorem
2897 609 3047 664 illum
3082 609 3384 675 sustinens,

1809 701 2024 770 dignam
2067 699 2228 756 factis
2261 700 2567 756 mercedem
2618 700 2842 772 recepit.
2885 701 3035 758 Unde
3062 702 3386 758 consulatio-

1812 813 1932 852 nem
1969 798 2130 853 habet
2165 798 2275 866 ille,
2327 806 2382 854 tu
2418 813 2545 853 vero
2579 798 2865 854 cruciaris.
2902 798 3072 854 Porro
3099 799 3282 856 hiatus
3316 800 3386 855 si-

1810 890 2030 960 gniﬁcat
2059 889 2372 945 distantiam
2400 899 2456 946 et
2487 890 2849 946 dill'erentiam
2881 890 3149 961 iustorum
3177 899 3231 947 et
3258 906 3386 960 pee-

1811 989 2074 1036 catorum.
2107 980 2240 1037 Nam
2273 983 2416 1038 sicut
2455 982 2761 1037 voluntates
2789 997 2976 1037 eorum
3017 982 3240 1037 diversm
3273 981 3389 1036 lue-

1811 1079 1956 1136 runt,
2007 1071 2080 1126 ita
2128 1083 2184 1128 et
2231 1075 2544 1129 mansiones
2597 1078 2824 1128 multum
2877 1072 3020 1126 inter
3065 1086 3125 1127 se
3165 1073 3394 1138 distant,

1812 1177 2138 1232 unoquoque
2177 1165 2474 1234 recipiente
2501 1179 2565 1220 ea
2599 1180 2717 1234 qua:
2744 1164 2866 1218 vitae
2891 1173 2946 1218 et
2985 1164 3246 1218 voluntati
3279 1179 3390 1220 suae

1811 1266 2131 1325 congruunt.
2165 1254 2402 1312 Observa
2435 1267 2616 1311 autem
2656 1257 2759 1313 hoc
2783 1257 2902 1314 loco
2929 1266 3115 1310 contra
3144 1255 3392 1325 Origeui-

1812 1355 1924 1403 stas
1953 1348 2196 1405 dicentes
2226 1348 2370 1420 quod
2405 1359 2618 1420 tempus
2642 1349 2747 1404 erit
2774 1364 2880 1419 quo
2909 1349 3170 1403 ﬁnientur
3195 1348 3391 1417 impio-

1813 1457 1934 1496 rum
1965 1442 2250 1512 supplicia,
2280 1449 2335 1497 et
2360 1452 2675 1511 peccatores
2705 1458 2825 1498 cum
2865 1441 3030 1510 jnstis
3065 1441 3396 1510 coniungen-

1815 1541 1922 1598 tur,
1955 1543 2008 1588 et
2031 1535 2112 1590 sic
2141 1534 2326 1589 omnia
2371 1535 2426 1588 in
2460 1533 2710 1588 omnibus
2737 1534 2841 1588 erit
2873 1535 3035 1587 Deus.
3072 1531 3210 1587 Ecce
3248 1531 3392 1586 enim

1814 1625 2066 1680 audimus
2089 1624 2361 1680 Abraham
2391 1624 2656 1679 dicentem
2687 1623 2828 1693 quod
2863 1623 2912 1678 hi
2941 1623 3030 1692 qui
3058 1622 3242 1677 volunt
3267 1622 3395 1676 hinc

1813 1719 1878 1772 ad
1911 1733 2026 1783 vos,
2049 1717 2132 1775 vel
2161 1717 2309 1772 illinc
2339 1718 2404 1771 ad
2437 1731 2534 1772 nos
2566 1717 2818 1782 transire,
2854 1731 2960 1770 non
3011 1717 3238 1785 possint.
3275 1713 3397 1769 Sic-

1816 1815 1874 1862 ut
1924 1809 2087 1878 igitur
2150 1807 2488 1878 impossibile
2534 1816 2624 1861 est
2676 1823 2742 1862 ex
2799 1807 3082 1863 mansione
3124 1808 3395 1878 jttsturuttt

1817 1899 2126 1970 quempiam
2163 1899 2400 1954 transire
2439 1898 2491 1952 in
2526 1898 2702 1955 locum
2738 1906 3082 1968 peccatorum
3120 1936 3135 1961 ,
3175 1899 3248 1952 ita
3297 1898 3399 1951 im-

1815 1989 2072 2062 possibile
2091 1998 2193 2054 est,
2229 1999 2288 2044 ut
2312 2004 2408 2044 nos
2429 1989 2586 2043 docet
2619 1989 2918 2049 Abraham,
2954 1988 3189 2042 transire
3220 2006 3246 2040 a
3279 1988 3400 2042 loco

1817 2095 1991 2151 paenae
2022 2080 2074 2134 in
2125 2079 2304 2136 locum
2343 2078 2637 2149 justorum.
2686 2077 2960 2132 Abraham
3008 2095 3140 2134 sane
3181 2079 3285 2133 ﬁde
3320 2080 3402 2132 di-

1819 2174 1979 2239 gnior
2036 2181 2143 2238 est,
2199 2186 2362 2242 quam
2402 2169 2682 2241 Origenes.
2739 2171 2877 2238 Quid
2939 2179 3121 2226 autem
3177 2181 3261 2226 est
3323 2172 3404 2225 in-

1817 2263 2041 2320 fernus?
2083 2264 2312 2332 Quidam
2364 2264 2560 2318 dicunt
2598 2280 2716 2318 csse
2766 2263 2940 2317 locum
2986 2263 3401 2318 subterraneum

1821 2357 2192 2412 tenebrosum.
2243 2355 2348 2410 Alii
2409 2366 2587 2410 autem
2641 2354 2928 2408 transitum
2975 2355 3168 2409 animm
3225 2371 3254 2409 a
3319 2355 3402 2410 lu-

1819 2447 1943 2504 cido
2018 2447 2071 2503 in
2131 2449 2427 2504 obscurum
2479 2456 2532 2502 et
2619 2447 2961 2501 tenebrosum
3051 2447 3236 2500 dicunt
3321 2447 3404 2500 in-

1819 2540 2052 2596 fernum.
2130 2539 2407 2606 Quandiu-
2449 2539 2615 2612 420
2686 2539 2829 2592 enim
2907 2538 2958 2591 in
3028 2551 3258 2607 corpore
3320 2550 3404 2592 est

1821 2631 2024 2697 anima,
2085 2641 2309 2700 apparet
2360 2638 2580 2698 propter
2609 2627 2955 2697 operationes
2999 2640 3127 2682 suas
3171 2643 3186 2680 :
3251 2632 3403 2695 post-

1821 2737 1984 2794 quam
2020 2731 2200 2778 autem
2232 2736 2259 2774 a
2305 2733 2536 2788 corpore
2567 2719 2938 2790 emigraverit,
2983 2716 3272 2772 invisibilis
3323 2719 3403 2771 lit.

1821 2814 1935 2871 Hoc
1975 2814 2142 2885 igitur
2195 2813 2454 2870 dixerunt
2500 2827 2626 2868 esse
2677 2810 2972 2868 infernum.
3024 2811 3188 2867 Sinus
3223 2818 3402 2864 autem

1821 2905 2052 2960 Abrahae
2080 2914 2274 2962 vocant
2303 2903 2694 2960 continentiam
2729 2904 2991 2959 bonorum
3017 2917 3139 2973 qua:
3167 2901 3406 2972 reposita

1823 3004 1948 3052 sunt
1986 2995 2170 3067 justis,
2211 2995 2304 3065 qui
2356 3011 2385 3048 a
2432 3002 2752 3066 tempestate
2796 2993 2959 3075 hujus
3001 2993 3170 3048 maris
3222 2993 3407 3064 ingre-

1823 3089 2050 3145 diuntur
2086 3087 2142 3144 in
2174 3096 2360 3158 portus
2397 3087 2650 3144 caelestes
2700 3103 2715 3142 :
2753 3087 3036 3156 quoniam
3062 3095 3119 3142 et
3164 3087 3219 3141 in
3270 3086 3409 3139 mari

1826 3178 1978 3237 sinus
2008 3178 2342 3252 appellamus
2372 3177 2489 3234 loca
2540 3178 2806 3250 portubus
2841 3185 2897 3233 et
2932 3177 3102 3248 quieti
3133 3189 3280 3248 apta.
3316 3176 3412 3230 At-

1834 3272 1993 3329 tende
2036 3271 2126 3327 hic
2154 3273 2297 3342 quod
2333 3271 2386 3326 in
2419 3269 2621 3327 dieillo
2646 3269 2739 3341 qui
2773 3269 2935 3332 alium
2978 3267 3172 3339 injuria
3208 3268 3408 3333 all‘ecit,

1833 3365 2038 3421 videbit
2080 3363 2279 3436 injuria
2320 3363 2574 3420 affectum
2611 3364 2668 3418 in
2718 3363 2862 3433 quali
2894 3362 3064 3433 gloria
3111 3362 3201 3428 sit,
3234 3373 3291 3417 et
3325 3361 3413 3417 hic

1839 3457 2034 3513 iterum
2063 3457 2214 3512 illum
2256 3458 2309 3512 in
2352 3465 2553 3527 quanta
2587 3454 3042 3512 condemnatione
3089 3471 3104 3509 :
3139 3453 3283 3510 sicut
3314 3454 3416 3508 hoc

1839 3554 1959 3610 loco
1989 3553 2138 3610 dives
2166 3550 2461 3615 Lazarum,
2499 3559 2555 3606 et
2583 3548 2827 3604 Lazarus
2856 3547 3102 3604 divitem.

137 3638 228 3692 καὶ
254 3640 712 3713 άναπαυτηρίους
741 3645 962 3707 τόπους.
987 3646 1307 3716 Σημείωσαι
1337 3647 1395 3702 δὲ
1417 3647 1515 3701 καὶ
1570 3645 1752 3714 τοῦτο,
1791 3647 1874 3702 ὅτι
1910 3648 1970 3702 ὲν
2002 3649 2069 3717 τῇ
2111 3644 2520 3718 ἡμέρᾳ-ἐκείνῃ
2574 3643 2604 3696 6
2685 3641 2890 3697 ἀδικῶν
2927 3639 3018 3695 τὸν
3057 3639 3418 3711 ἀδικούμενον

137 3730 352 3798 adstat,
386 3735 443 3786 ἐν
476 3735 607 3807 ποίᾳ
647 3736 776 3809 δόξῃ
807 3739 947 3806 ἐστὶ,
985 3742 1082 3794 καὶ
1122 3733 1276 3806 οὗτος
1306 3733 1394 3796 αὖ.
1426 3741 1634 3797 ἐκεῖνον
1698 3744 1758 3798 ἐν
1828 3741 1960 3814 ποία
2009 3740 2359 3811 κατακρίσει,
2409 3736 2601 3811 ὥσπερ
2652 3733 2888 3792 ἐνταῦθα
2930 3736 2959 3789 6
3011 3734 3269 3799 πλούσιος
3318 3735 3413 3788 τὸν

136 3826 418 3898 Λάζαρον,
449 3829 544 3883 καὶ
569 3825 723 3896 οὗτος
753 3834 918 3890 πάλιν
949 3835 1040 3890 τὸν
1068 3836 1347 3893 πλούσιον.

213 3938 232 3973 ι
265 3924 279 3934 ’
309 3918 444 3974 Eine
468 3921 526 3976 δέ
553 3940 567 3954 ·
607 3925 831 3996 Ἐρωτῶ
861 3925 960 3983 οὖν
1009 3945 1092 3997 σε,
1126 3929 1325 4000 πάτερ,
1371 3930 1459 3987 ἵνα
1510 3931 1735 4004 πέμψῃς

136 4009 308 4065 αὐτὸν
345 4013 425 4076 είς
457 4012 547 4069 τὸν
573 4013 723 4070 οἶκον
747 4019 842 4072 τοῦ
877 4021 1084 4094 πατρός
1117 4038 1242 4092 μου·
1277 4020 1387 4092 ἔχω
1418 4021 1526 4094 γὰρ
1569 4023 1733 4076 πέντε

138 4103 431 4174 ἀδελφοὺς,
471 4105 619 4172 ὅπως
648 4109 1094 4184 διαμαρτύρηται
1126 4113 1331 4180 αὐτοῖς,
1367 4115 1456 4169 ἵνα
1508 4115 1585 4186 μὴ
1638 4117 1733 4168 καὶ

139 4193 304 4248 αὐτοὶ
339 4194 567 4251 ἔλθωσιν
625 4200 704 4264 εἰς
747 4200 838 4256 τὸν
877 4203 1042 4258 τόπον
1089 4205 1278 4259 τοῦτον
1329 4209 1426 4277 τῆς
1473 4206 1733 4277 βασάνου.

138 4287 310 4355 Λέγει
338 4288 488 4362 αὐτῷ
529 4291 798 4365 Ἀϐραάμ’
830 4293 1054 4365 Ἔχουσι
1087 4297 1292 4351 Μωσέα
1327 4299 1569 4362 καὶτοὺς
1600 4316 1734 4373 προ-

140 4380 348 4448 φήτας,
409 4381 798 4439 ἀκουσάτωσαν
849 4387 1051 4446 αὐτῶν.
1113 4389 1172 4442 '0
1221 4389 1278 4443 δὲ
1328 4385 1502 4444 εἶπεν
1561 4393 1730 4463 Οὐχὶ,

142 4472 327 4541 πάτερ
393 4474 664 4549 Ἀϐραάμ,
713 4479 829 4534 ἀλλ’
875 4480 972 4534 ἐάν
1015 4498 1100 4546 τις
1144 4482 1210 4536 ἐκ
1244 4483 1457 4554 νεκρῶν
1487 4485 1730 4558 πορευθῇ

1913 3927 2074 3984 Vens.
2110 3924 2304 3980 (ΞΠ-51.
2343 3942 2362 3976 ι
2400 3923 2490 3978 Ait
2524 3930 2704 3978 autem
2741 3941 2754 3978 :
2787 3922 2938 3993 Rogo
2970 3934 3098 3990 ergo
3128 3926 3200 3986 te,
3248 3926 3421 3989 pater,

1841 4033 1899 4079 ut
1931 4022 2113 4076 mittas
2162 4034 2286 4074 eum
2316 4019 2369 4074 in
2409 4019 2627 4074 domum
2660 4017 2829 4088 patris
2877 4017 2981 4072 tnei
3024 4034 3036 4070 :
3077 4014 3248 4070 habeo
3278 4013 3422 4067 enim

1840 4117 2085 4185 quinque
2113 4111 2310 4168 fratres
2341 4129 2354 4166 :
2381 4120 2440 4166 ut
2469 4119 2699 4166 testetur
2731 4110 2862 4176 illis,
2896 4123 2962 4163 ne
2987 4116 3046 4164 et
3073 4107 3175 4179 ipsi
3204 4105 3425 4162 veniant

1840 4207 1895 4262 in
1921 4209 2062 4261 hunc
2096 4205 2273 4261 locum
2306 4203 2597 4259 cruciatus.
2635 4202 2725 4257 Ait
2747 4201 2825 4256 illi
2867 4200 3142 4256 Abraham
3170 4217 3184 4254 :
3217 4199 3426 4254 [labent

1843 4301 2029 4357 Mosen
2093 4316 2158 4357 ac
2205 4299 2518 4370 prophetas,
2551 4298 2774 4353 audiant
2821 4295 2962 4351 illos.
3014 4294 3200 4351 Atille
3240 4293 3424 4350 dixit:

1838 4393 1978 4459 Non,
2003 4400 2162 4464 pater
2189 4390 2490 4458 Abraham,
2531 4389 2626 4446 sed
2680 4389 2726 4444 si
2762 4388 2885 4459 quis
2924 4401 2990 4442 ex
3026 4386 3256 4442 mortuis
3303 4385 3428 4440 ierit

1838 4487 1907 4544 ad
1953 4502 2070 4553 eos,
2112 4485 2455 4556 resipiscent.
2511 4483 2603 4537 Ait
2633 4491 2814 4536 autem
2855 4479 2932 4536 illi
2985 4496 2999 4533 :
3051 4479 3108 4536 Si
3151 4477 3333 4534 Mosen
3373 4486 3427 4532 et

143 4566 286 4636 πρὸς
337 4568 556 4633 αὐτοὺς,
625 4575 1071 4644 μετανοήσουσιν.
1131 4571 1268 4648 Eine
1323 4576 1381 4629 δὲ
1438 4577 1608 4649 αὐτῷ·
1660 4578 1724 4632 El

1836 4579 2128 4650 prophetas
2169 4592 2278 4632 non
2315 4576 2562 4642 audiunt,
2613 4589 2788 4644 neque
2825 4573 2872 4628 si
2920 4571 3045 4642 quis
3085 4586 3150 4627 ex
3193 4572 3428 4625 mortuis

143 4659 397 4725 Μωσέως
447 4663 542 4715 καὶ
601 4665 714 4718 τῶν
759 4666 1056 4736 προφητῶν
1112 4668 1214 4722 οὐκ
1262 4668 1576 4735 ἀκούουσιν,
1615 4671 1737 4724 οὐδὲ

147 4752 245 4807 ὲάν
275 4770 364 4816 τις
411 4755 478 4808 ὲκ
509 4755 720 4827 νεκρῶν
766 4757 995 4830 ἀναστῇ.
1039 4760 1449 4832 πεισθήσονται.
1503 4779 1522 4814 ι
1577 4762 1737 4816 Ἀπο-

144 4845 335 4916 τυχὼν
377 4846 487 4900 τῶν
531 4848 656 4902 καθ’
687 4849 878 4903 ἑαυτὸν
918 4851 948 4904 ὁ
989 4851 1221 4915 ἐλεεινὸς
1260 4837 1542 4916 πλούσιος,
1592 4854 1737 4925 ὑπὲρ

148 4939 362 5009 ἑτέρων
405 4940 590 5012 τίθησι
627 4942 728 5014 τὴν
777 4943 1080 5016 ἱκετηρίαν.
1134 4945 1279 5016 Ὅρα
1326 4946 1444 5011 πῶς
1490 4946 1595 5000 ὑπὸ
1641 4948 1739 5018 τῆς

147 5032 430 5095 κολάσεως
472 5033 552 5098 είς
587 5035 941 5107 συναίσθησιν
984 5033 1140 5109 ἦλθε,
1168 5038 1263 5091 καὶ
1299 5040 1328 5093 6
1354 5037 1448 5092 τοῦ
1481 5039 1738 5112 Λαζάρου

147 5122 287 5192 πρὶν
329 5125 694 5196 καταφρονῶν
754 5129 814 5181 ὲν
873 5129 1001 5182 ποσὶ
1054 5131 1334 5201 κειμένου,
1389 5130 1485 5185 νῦν
1538 5131 1741 5204 ἐτέρων

145 5217 405 5272 ἀπόντων
430 5220 726 5290 φροντίζει,
742 5222 837 5276 καὶ
864 5223 1174 5294 παρακαλεῖ
1192 5224 1509 5296 πεμφθῆναι
1526 5224 1616 5279 τὸν
1634 5225 1744 5280 Λά-

148 5309 324 5382 ζαρον
353 5313 418 5366 ἐκ
445 5314 550 5368 τῶν
567 5316 776 5387 νεκρῶν
793 5317 873 5380 είς
898 5317 987 5371 τὸν
1003 5314 1150 5372 οἷκον
1177 5319 1272 5374 τοῦ
1310 5320 1516 5392 πατρὸς
1551 5317 1739 5374 αὑτοῦ.

149 5403 272 5457 Καὶ
305 5404 404 5476 οὐχ
430 5406 618 5470 ἁπλῶς
645 5408 746 5462 ἕνα
775 5409 883 5462 τῶν
907 5411 1143 5482 νεκρῶν,
1169 5412 1308 5467 ἀλλὰ
1349 5411 1441 5467 τδν
1472 5411 1742 5483 Λάζαρον.

146 5496 308 5559 ὅπως
358 5497 542 5552 ίδωσιν
583 5499 745 5552 αὑτὸν
793 5503 1206 5571 στεφανωθέντα
1248 5507 1339 5558 καὶ
1384 5506 1442 5557 ἐν
1473 5504 1600 5575 δόξῃ
1653 5503 1747 5557 καλ⁸

150 5586 340 5657 ὑγεία,
360 5588 408 5641 οἱ
429 5588 624 5653 ἰδόντες
663 5590 822 5644 αὑτὸν
864 5594 922 5645 ὲν
956 5594 1258 5666 ἀρρωστίᾳ,
1285 5594 1381 5646 καὶ
1419 5593 1746 5665 ἀτιμία,καὶ

151 5684 205 5735 oi
252 5683 536 5753 γενόμενοι
569 5684 847 5755 μάρτυρες
879 5684 980 5754 τῆς
1022 5685 1210 5748 πενίας
1254 5683 1441 5751 αὐτοῦ,
1470 5685 1626 5738 αὐτοὶ
1653 5685 1747 5737 καὶ

151 5778 263 5846 τῆς
320 5776 479 5848 δόξης
529 5782 793 5848 γένωνται
842 5779 1050 5834 θεαταί.
1099 5779 1370 5852 Πρόδηλον
1415 5780 1526 5851 γὰρ
1565 5779 1639 5840 ὡς
1689 5780 1747 5831 ὲν

159 5867 299 5941 δόξῃ
349 5870 580 5944 ἔμελλεν
622 5876 809 5940 αὖτοῖς·
856 5875 1211 5946 ἐπιφανῆναι,
1262 5872 1374 5942 εἴγε
1435 5872 1746 5938 ἀξιόπιστον

1842 4670 2145 4727 resurrexit
2168 4667 2410 4723 credent.
2444 4686 2464 4719 ι
2499 4667 2576 4722 De
2606 4667 2766 4720 rebus
2794 4664 2909 4721 suis
2941 4664 3239 4734 desperans
3262 4661 3426 4716 miser

1845 4763 1935 4819 ille
1972 4763 2124 4819 dives
2162 4775 2262 4830 pro
2299 4759 2422 4814 aliis
2451 4757 2747 4829 supplicat.
2780 4756 2917 4812 Vide
2947 4765 3128 4811 autem
3158 4753 3426 4826 quomodo

1845 4854 1899 4909 in
1950 4852 2232 4924 suppliciis
2277 4866 2495 4907 sensum
2529 4849 2720 4904 aliena:
2766 4847 3108 4903 infelicitatis
3156 4845 3324 4914 capit.
3362 4845 3428 4900 Et

1846 4945 1998 5015 prius
2043 4942 2312 4998 Lazarum
2367 4940 2700 5012 despiciebat
2752 4947 2879 4994 ante
2925 4941 3091 5008 pedes
3134 4935 3427 5006 iacentem,

1847 5057 1992 5097 nunc
2023 5040 2254 5095 aliorum
2291 5037 2596 5094 absentium
2641 5048 2829 5090 curam
2871 5033 3032 5103 gerit,
3079 5039 3136 5087 et
3180 5032 3431 5086 obsecrat

1850 5145 1907 5190 ut
1944 5134 2180 5189 Lazarus
2210 5146 2275 5187 ex
2309 5131 2537 5186 mortuis
2569 5131 2621 5184 in
2671 5127 2890 5184 domum
2925 5124 3098 5196 patris
3131 5126 3212 5180 sui
3251 5125 3430 5178 mitta-

1849 5236 1958 5282 tur.
2002 5225 2066 5280 Et
2098 5240 2206 5280 non
2256 5223 2572 5293 simpliciter
2615 5235 2682 5277 ex
2718 5219 2948 5274 mortuis
2996 5217 3289 5288 quispiam,
3335 5217 3430 5272 sed

1848 5319 2108 5382 Lazarus,
2159 5325 2216 5370 ut
2267 5314 2484 5369 videant
2525 5327 2648 5366 eum
2702 5318 3021 5367 coronatum
3058 5320 3112 5363 et
3163 5307 3331 5377 gloria
3379 5316 3434 5365 ει

1851 5407 2249 5470 incolumitate,
2298 5406 2390 5476 qui
2443 5404 2688 5459 viderant
2735 5410 2863 5456 ante
2904 5401 3189 5455 inllrmum
3219 5408 3274 5454 et
3300 5413 3433 5454 con.

1854 5510 2112 5570 temptant
2141 5517 2156 5554 :
2186 5507 2241 5553 et
2269 5498 2362 5568 qui
2399 5505 2563 5553 testes
2599 5495 2816 5550 luerunt
2858 5493 3197 5565 paupertatis
3240 5492 3433 5563 ipsius,

1854 5592 1954 5662 ipsi
1985 5592 2148 5646 etiam
2175 5588 2358 5659 gloriae
2377 5589 2508 5643 liant
2531 5595 2886 5658 spectatores.
2921 5585 3263 5640 Manifestum
3287 5583 3430 5638 enim

1853 5693 1958 5750 est,
1989 5682 2130 5754 quod
2161 5682 2214 5735 in
2244 5681 2411 5752 gloria
2447 5680 2552 5736 illis
2578 5689 2724 5736 esset
2755 5678 3192 5750 conspiciendus,
3237 5675 3284 5730 si
3311 5674 3434 5743 qui-

1855 5774 1975 5829 dem
2005 5773 2181 5843 ipsum
2213 5773 2317 5825 llde
2369 5771 2589 5842 dignum
2626 5785 2925 5842 praeconem
2955 5784 3079 5824 esse
3123 5765 3426 5836 Oportebat.

1857 5867 1994 5936 Quid
2047 5867 2213 5940 igitur
2264 5866 2580 5922 Abraham?
2647 5865 2857 5924 [labent
2901 5864 3104 5920 Mosen.
3155 5859 3270 5916 Non
3339 5859 3413 5914 ita
