3870 6558
476 425 582 488 979

1405 427 1986 490 TIlEOPH-YLACTI
2018 421 2426 490 BULGARI/E
2456 426 2817 490 ARCHIEP.

3620 426 3723 489 980

479 537 672 609 inquit,
729 543 783 592 tu
831 535 1056 592 fratrum
1107 550 1294 591 curam
1331 537 1474 608 geris
1518 550 1576 593 ut
1619 538 1709 608 qui
1746 538 1866 595 illos
1916 538 2040 594 fecit

2155 540 2305 594 ιύτὸν
2333 541 2501 612 ἐχρῆν
2521 533 2659 592 εἶναι
2687 538 2928 610 κήρυκα.
2953 534 3020 590 Τί
3039 533 3134 591 οὖν
3154 534 3486 607 όἋϐραάμς
3513 536 3736 608 Ἔχουσι

475 627 640 684 Deus.
705 626 1020 684 innumeros
1091 627 1236 684 enim
1313 629 1422 686 illis
1494 628 1736 700 praefecit
1796 631 2042 687 doctores

473 721 542 776 At
563 720 734 785 dives,
766 717 904 784 Non,
944 718 1138 790 inquit,
1184 728 1355 789 pater.
1403 719 1539 775 Nam
1587 721 2042 792 quemadmodum

474 813 589 882 ipse
622 811 935 881 Scripturas
961 811 1188 868 audiens
1236 827 1341 868 non
1379 812 1706 879 crediderat,
1747 822 1803 867 et
1837 811 2044 868 fabulas

472 918 594 958 esse
644 911 864 972 putarat
903 917 967 958 ea
1009 918 1128 973 quae
1177 903 1534 961 dicebantur:
1579 904 1831 961 similiter
1878 905 2042 960 etiam

475 991 668 1049 fratres
713 1008 843 1048 suos
875 1007 934 1050 se
977 994 1175 1050 habere
1217 994 1521 1064 suSpicatus
1559 1007 1662 1060 est,
1695 1004 1749 1050 et
1782 1009 1848 1049 ex
1879 992 2046 1062 seju-

473 1085 662 1140 dicans
693 1085 908 1141 dicebat
947 1088 1089 1157 quod
1119 1101 1224 1144 non
1273 1088 1510 1143 audituri
1557 1088 1661 1143 sint
1713 1087 2044 1158 Scripturas,

473 1177 616 1233 sicut
644 1193 820 1249 nequc
849 1180 1000 1251 ipse;
1039 1181 1154 1245 sed,
1192 1181 1238 1236 si
1273 1180 1396 1251 quis
1428 1195 1494 1234 ex
1530 1181 1758 1236 mortuis
1801 1195 2045 1237 resurre-

477 1277 666 1323 cturus
695 1278 860 1339 esset,
885 1271 1143 1326 credituri
1195 1272 1323 1337 siut,
1364 1269 1524 1327 Tales
1541 1272 1702 1327 etiam
1745 1286 1888 1327 nunc
1922 1280 2048 1326 sunt

478 1361 572 1429 qui
629 1360 854 1418 dicunt:
904 1361 1035 1430 Quis
1081 1363 1214 1418 vidit
1252 1379 1314 1419 ea
1360 1379 1481 1433 qua:
1526 1363 1578 1418 in
1633 1365 1882 1420 inferno?
1913 1364 2047 1432 Quis

479 1450 622 1506 venit
649 1451 816 1519 illinc,
846 1461 899 1507 et
921 1453 1259 1508 anuuntiavit
1283 1452 1471 1508 nobis?
1495 1452 1600 1508 Sed
1631 1454 1852 1508 audiant
1874 1455 2048 1508 Abra-

479 1543 626 1597 ham.
662 1541 922 1610 Quouiam
969 1545 1012 1600 si
1060 1543 1372 1615 Scripturas
1414 1559 1522 1600 non
1558 1544 1826 1609 audimus,
1874 1559 2049 1615 neque

477 1635 562 1690 his
591 1636 682 1706 qui
712 1651 776 1692 ex
828 1634 1042 1692 inferno
1071 1635 1315 1703 veniunt,
1345 1637 1653 1693 credemus.
1698 1635 1760 1691 Et
1794 1636 1898 1692 hoc
1931 1652 2050 1692 ma-

477 1726 800 1783 nifestaruut
818 1727 1014 1797 Judaei,
1031 1730 1121 1800 qui
1144 1730 1262 1800 quia
1283 1727 1590 1801 Scripturas
1609 1744 1720 1786 non
1742 1730 2049 1800 audierunt,

483 1835 658 1890 neque
712 1835 841 1887 cum
892 1822 1318 1880 resurrexissent
1377 1825 1604 1889 mortui,
1649 1823 2047 1880 crediderunt:

483 1910 576 1967 sed
600 1921 655 1968 et
687 1910 949 1968 Lazarum
980 1914 1228 1971 occidere
1270 1924 1632 1982 tentaveruul,
1668 1925 1723 1972 et
1757 1929 1879 1972 cum
1910 1930 2052 1969 mor-
2087 1909 2125 1964 Β

479 2003 553 2056 tui
607 2001 760 2059 multi
807 2006 1235 2062 resurrexissent
1277 2007 1536 2064 (ξι-υ(ςίίίτο
1578 2006 1728 2073 Jesu,
1765 2008 1936 2078 magis
1969 2019 2052 2062 ta-

477 2110 600 2148 men
630 2095 911 2151 saevientes
960 2094 1130 2152 Judaei
1168 2097 1480 2154 invaserunt
1523 2100 1794 2170 apostolos
1826 2117 1840 2156 :
1889 2099 2049 2172 421

477 2187 605 2256 quia
673 2189 717 2246 si
761 2189 976 2260 quidem
1035 2189 1165 2246 illud
1211 2191 1504 2261 profuisset
1548 2193 1704 2249 nobis
1755 2193 1822 2249 ad
1875 2195 2054 2260 fidem,

477 2281 639 2336 etiam
691 2280 794 2336 hoc
827 2295 969 2350 saepe
997 2281 1215 2338 fecisset
1252 2280 1531 2339 Dominus.
1581 2282 1736 2340 Nunc
1775 2284 1909 2339 nihil
1949 2295 2053 2340 tam

478 2370 611 2427 utile
640 2379 734 2429 est.
754 2378 812 2427 ut
865 2370 1270 2441 Scripturarum
1301 2372 1528 2444 diligens
1573 2374 1858 2430 scrutatio.
1910 2374 2055 2430 Mor-

481 2474 694 2520 tuorum
740 2466 1153 2522 suscitatiouem
1205 2465 1342 2522 false
1397 2475 1450 2521 et
1499 2475 1823 2538 apparenter
1875 2467 2056 2524 facere

476 2567 666 2629 posset
700 2558 861 2613 etiam
897 2557 1167 2625 diabolus,
1204 2569 1264 2614 ut
1290 2561 1514 2615 seducat
1542 2559 1934 2629 imprudentes,
1973 2574 2056 2614 se-

478 2652 695 2706 minans
727 2651 1003 2706 doctrinas
1027 2651 1091 2706 de
1119 2651 1330 2706 inferno
1358 2650 1547 2720 dignas
1573 2666 1669 2707 sua
1710 2651 1909 2706 malitia
1946 2669 1964 2706 ε
2003 2659 2058 2705 at

477 2746 560 2803 eis
607 2747 699 2816 qui
733 2745 1048 2816 Scripturas
1097 2745 1265 2816 probe
1319 2753 1654 2811 scrutantur,
1701 2744 1838 2800 nihil
1883 2754 2058 2812 potest

479 2840 724 2895 illudere.
768 2838 878 2894 Illae
904 2839 1047 2896 enim
1077 2849 1203 2896 sunt
1241 2841 1466 2897 lucerna
1501 2856 1533 2896 ε
1597 2854 1800 2904 -umen,
1837 2852 1945 2909 quo
1981 2836 2060 2891 lu-

480 2940 636 2987 cente
673 2930 759 2986 fur
782 2931 1208 3002 deprehenditur
1229 2943 1285 2988 et
1317 2934 1718 2990 manifestatur.
1753 2931 1861 2988 Illis
1890 2931 2056 3000 igitur

479 3024 834 3091 credendum,
868 3032 923 3079 et
949 3022 1018 3080 de
1052 3034 1390 3081 mortuorum
1429 3024 1790 3082 suscitatioue
1825 3037 1928 3078 non
1962 3035 2054 3077 cu-

483 3115 735 3171 randum.
769 3115 961 3172 Posset
992 3124 1174 3172 autem
1199 3115 1451 3185 parabola
1475 3117 1590 3172 haec
1617 3131 1710 3188 per
1743 3113 2052 3184 allegoriam

481 3208 698 3279 exponi.
733 3217 788 3264 et
832 3209 906 3265 ita
955 3208 1083 3275 dici,
1106 3208 1248 3280 quod
1297 3223 1393 3277 per
1433 3208 1656 3265 divitem
1706 3205 1935 3278 populus
1961 3203 2054 3260 Ju-

481 3303 714 3358 daeorum
747 3301 1102 3374 significetur.
1150 3301 1308 3358 Dives
1337 3300 1481 3358 enim
1521 3299 1611 3356 ille
1656 3298 1760 3355 fuit
1790 3298 1942 3365 olim,
1976 3296 2056 3352 lo-

480 3395 786 3466 cupletatus
813 3395 961 3452 omni
1000 3394 1308 3466 c0gnitione
1356 3402 1410 3450 et
1457 3392 1722 3464 sapientia
1762 3399 1818 3449 et
1846 3404 2057 3450 sermo-

481 3486 640 3543 nibus
665 3487 780 3552 Dei,
808 3486 900 3558 qui
933 3500 1094 3557 super
1133 3499 1325 3541 aurum
1367 3493 1424 3540 et
1455 3483 1684 3555 lapidem
1733 3482 2053 3554 pretiosum,

486 3579 583 3636 sed
614 3588 667 3635 et
704 3593 940 3650 purpura
981 3588 1036 3634 et
1075 3579 1234 3648 bysso
1275 3577 1492 3634 indutus
1524 3584 1665 3642 erat,
1694 3590 1916 3646 regnum
1961 3575 2056 3630 ha-

485 3673 620 3726 bens
655 3679 712 3726 et
758 3670 1154 3735 sacerdotium,
1204 3678 1258 3724 et
1296 3667 1478 3740 regale
1528 3677 1648 3725 erat
1695 3667 2056 3723 sacerdotium

486 3761 618 3817 Deo.
644 3761 925 3833 Significat
951 3771 1132 3818 autem
1165 3774 1398 3832 purpura
1426 3760 1641 3830 quidem
1667 3774 1911 3831 regnum,
1938 3759 2060 3828 bys-

484 3870 580 3913 sus
622 3868 753 3910 vero
805 3853 1183 3909 sacerdotium.
1242 3852 1377 3908 Nam
1420 3852 1622 3908 Levitae
1667 3853 1722 3906 in
1775 3841 2058 3908 sacrificiis

483 3946 719 4017 byssinis
751 3945 1086 4002 vestimentis
1109 3945 1490 4002 induebantur.
1523 3943 1850 4015 Epulabatur
1875 3951 2054 3999 autem

484 4039 724 4111 quotidie
758 4047 813 4095 et
843 4037 1056 4094 vivebat
1084 4036 1380 4108 splendide.
1412 4037 1667 4104 Quotidie
1693 4036 1836 4092 enim
1865 4034 2054 4092 offere-

486 4132 614 4186 bant
661 4128 989 4186 sacriﬁcium
1035 4127 1362 4184 matutinum
1411 4137 1467 4184 et
1502 4128 1892 4198 vespertinum,
1939 4140 2058 4198 quae

482 4234 538 4280 et
583 4220 982 4293 ἐνδελεχισμὸν,
1011 4221 1114 4299 hoc
1161 4228 1244 4276 est
1276 4220 1401 4293 iuge
1437 4220 1766 4277 sacrificium
1811 4221 2060 4276 nomina-

485 4319 642 4374 bant.
678 4314 917 4370 Lazarus
946 4328 1075 4370 vero
1121 4313 1349 4386 populus
1391 4313 1668 4386 gentilium
1709 4312 1829 4382 fuit,
1861 4327 2060 4384 pauper

485 4406 668 4461 divina
691 4405 862 4479 gratia
896 4413 951 4462 et
983 4405 1267 4476 sapientia,
1297 4414 1351 4462 et
1374 4414 1500 4461 ante
1530 4403 1675 4462 fores
1705 4405 1923 4474 iacens;
1949 4418 2056 4461 non

487 4499 849 4554 enimlicebat
873 4497 1163 4569 gentilibus
1187 4497 1394 4552 intrare
1427 4495 1480 4551 in
1511 4495 1728 4552 domum
1770 4515 1783 4550 :
1833 4493 2058 4566 pollutio

2152 628 2376 685 Μωσέα·
2408 629 2506 700 οὐχ
2545 627 2741 695 οὕτως,
2785 627 2941 700 φησὶ,
2991 627 3056 682 σὺ
3102 627 3242 699 κήδη
3287 627 3398 682 τῶν
3450 628 3720 696 ἀδελφῶν,

2151 723 2228 786 ὡς
2263 724 2292 777 ό
2339 723 2568 793 ποιήσας
2603 721 2804 784 αὐτοὺς
2829 720 2995 785 Θεός·
3033 719 3262 792 μυρίους
3289 720 3400 789 γὰρ
3434 720 3740 787 ἐπέστησεν

2152 815 2334 879 αὐτοῖς
2373 814 2748 878 διδασκάλους.
2812 813 2873 867 '0
2921 813 2978 868 δέ
3037 813 3311 877 πλούσιος,
3362 813 3522 883 Οὐχὶ,
3577 814 3738 883 φησι,

2151 910 2346 980 πάτερ.
2380 907 2538 963 Ἐπεὶ
2583 907 2692 980 γὰρ
2725 905 2886 971 αὐτὸς
2919 905 3028 960 τῶν
3092 905 3329 976 Γραφῶν
3359 905 3573 958 ἀκούων
3614 902 3746 973 ἠπί-

2156 1021 2292 1070 στει,
2325 1001 2419 1056 καὶ
2451 1000 2654 1072 μύθους
2695 994 2928 1053 εἶναιτὰ
2956 997 3229 1068 λεγόμενα
3265 997 3507 1067 ἐνόμιζε,
3537 997 3746 1066 ὁμοίως

2154 1097 2298 1168 ἔχειν
2327 1094 2421 1148 καὶ
2447 1094 2572 1158 τοὺς
2599 1092 2863 1162 ἀδελφοὺς
2897 1090 3272 1162 ὑπελάμϐανε,
3303 1090 3396 1143 καὶ
3418 1089 3514 1158 ἀφ’
3541 1085 3747 1140 ἑαυτοῦ

2155 1190 2354 1261 κρίνων
2381 1187 2558 1256 ἔλεγε,
2591 1188 2674 1241 ὅτι
2709 1186 2811 1240 οὐκ
2834 1185 3091 1240 ἀκούουσι
3119 1184 3230 1238 τῶν
3265 1183 3520 1254 Γραφῶν,
3549 1181 3750 1249 ὥσπερ

2153 1284 2245 1339 οὖν
2273 1283 2382 1338 οὐδ’
2425 1281 2612 1347 αὐτὸς,
2643 1279 2758 1334 ἀλλ’
2804 1280 2898 1335 ἐάν
2924 1297 3008 1342 τις
3035 1281 3102 1333 ἐκ
3142 1277 3354 1345 νεκρῶν
3393 1277 3620 1344 ἀναστῇ
3656 1291 3750 1326 πιε-

2156 1376 2460 1430 στεύσουσι.
2488 1372 2732 1428 Τοιοῦτοι
2749 1372 2842 1426 καὶ
2858 1371 2953 1426 νῦν
2973 1371 3112 1425 εἰσιν
3134 1370 3184 1424 οἳ
3228 1368 3470 1438 λέγουσι·
3492 1367 3601 1429 Τίς
3644 1361 3749 1417 οἶδε

2154 1470 2222 1522 τὰ
2246 1469 2304 1521 ἐν
2328 1467 2456 1539 ᾅδου
2480 1483 2496 1532 ;
2528 1465 2612 1530 τίς
2632 1464 2802 1518 ἐλθὼν
2823 1465 3034 1518 ἐκεῖθεν
3047 1462 3381 1534 ἀπήγγειλεν
3401 1461 3576 1530 ἡμῖνς
3609 1457 3752 1510 Ἀλλ’

2155 1558 2542 1614 ἀκουσάτωσαν
2587 1555 2682 1611 τοῦ
2730 1554 3177 1626 Ἀϐρααμ,ὃτιεί
3205 1553 3313 1607 τῶν
3351 1550 3598 1623 Γραφῶν
3648 1549 3750 1601 οὒκ

2155 1651 2448 1721 ἀκούομεν,
2469 1649 2592 1703 οὐδὲ
2614 1650 2726 1712 τοῖς
2753 1646 2811 1712 ἐξ
2836 1647 2963 1720 ᾅδου
2997 1646 3316 1717 ἐρχομένοις
3345 1641 3748 1709 πιστεύσομεν.

2158 1745 2268 1798 Καὶ
2290 1744 2452 1798 τοῦτο
2482 1742 2758 1814 ἐδήλωσαν
2783 1743 2832 1795 oi
2852 1740 3120 1804 Ἰουδαῖοι,
3145 1740 3194 1793 οἳ
3224 1739 3343 1792 ἐπεὶ
3365 1736 3480 1790 τῶν
3511 1736 3552 1788 Γ
3559 1735 3749 1806 para-12.1

2167 1838 2271 1892 οὐκ
2299 1837 2518 1908 ἤκουον,
2559 1835 2678 1888 ούδέ
2726 1834 2952 1906 νεκροὺς
2995 1832 3197 1895 ίδόντες
3242 1830 3601 1891 ἀναστάντας
3637 1829 3752 1878 ἐπὶ·

2156 1947 2414 1997 στευσαν,
2449 1929 2583 1984 ἀλλὰ
2626 1927 2722 1982 καὶ
2763 1926 2855 1981 τὸν
2881 1925 3132 1997 Λάζαρον
3161 1924 3367 1979 ἀνελεῖν
3395 1921 3751 1992 ἐπεχείρουν,

2156 2019 2251 2073 καὶ
2274 2019 2331 2072 ἐν
2376 2016 2455 2090 τῷ
2483 2015 2704 2087 σταυρῷ
2727 2014 2939 2086 νεκρῶν
2967 2013 3176 2068 πολλῶν
3203 2012 3587 2074 ἀναστάντων,
3607 2011 3753 2079 ὅμως

2155 2112 2267 2174 τοῖς
2295 2108 2618 2171 ἀποστόλοις
2655 2106 2946 2176 ἐπεπήδων
2992 2103 3382 2175 φονικώτερον.
3431 2103 3606 2157 Ἐπεὶ
3636 2103 3748 2169 εἴτε

2155 2203 2358 2275 ὠφέλει
2387 2203 2532 2272 ἡμᾶς
2567 2201 2648 2264 είς
2680 2199 2884 2264 πῖστιν,
2911 2199 3006 2253 καὶ
3046 2197 3207 2252 τοῦτο
3237 2198 3408 2251 ἐποίει
3443 2198 3512 2251 ἃν
3553 2197 3757 2267 συχνό-

2153 2313 2242 2362 κις
2264 2297 2294 2350 ὁ
2319 2294 2543 2366 Κύριος.
2571 2292 2684 2346 Νῦν
2713 2292 2772 2345 δὲ
2808 2290 2960 2346 οὐδὲν
2989 2290 3163 2354 οὕτως
3196 2289 3419 2358 ὠφελεῖ,
3457 2288 3537 2351 ὡς
3565 2291 3605 2359 ἡ
3644 2289 3749 2341 τῶν

2154 2384 2386 2457 Γραφῶν
2442 2381 2678 2453 ἀκριϐὴς
2708 2380 2928 2451 ἔρευνα.
2963 2378 3210 2448 Νεκροὺς
3243 2377 3301 2431 δὲ
3327 2377 3594 2446 ἀνιστᾷν,
3636 2376 3755 2427 ἐσσε

2153 2478 2351 2548 φίσατο
2385 2475 2452 2530 ἂν
2482 2477 2509 2528 ό
2545 2473 2793 2536 διάϐολος
2819 2469 2962 2526 κατὰ
2988 2469 3314 2540 φαντασίαν,
3346 2469 3446 2522 καὶ
3473 2466 3573 2520 διὰ
3601 2465 3756 2518 τοῦτο

2154 2568 2455 2638 ἐπλάνησεν
2484 2566 2551 2622 ἂν
2604 2567 2730 2630 τοὺς
2774 2566 3060 2635 ἀνοήτους,
3094 2565 3226 2634 περὶ
3268 2561 3375 2615 τῶν
3408 2561 3470 2613 ἐν
3496 2559 3646 2631 ᾷὼυ
3675 2558 3756 2610 δό-

2154 2679 2340 2733 γματα
2373 2660 2500 2726 ἄξια
2544 2660 2643 2729 τῆς
2682 2657 2894 2722 οἰκείας
2931 2655 3136 2719 κακίας
3169 2653 3603 2723 κατασπείρων.
3639 2651 3753 2705 Τῶν

2153 2755 2210 2810 δὲ
2235 2753 2469 2825 Γραφῶν
2495 2752 2664 2820 ὑγιῶς
2692 2750 3104 2822 ἐρευνωμένων,
3136 2748 3290 2802 οὐδὲν
3318 2746 3544 2818 ίσχύσει
3570 2743 3751 2798 τοιοῦ-

2153 2861 2246 2898 τον
2285 2841 2612 2913 σοφίσασθαι
2650 2859 2666 2874 ο
2715 2834 2879 2896 αὗται
2926 2841 3036 2913 γάρ
3075 2840 3182 2893 είσι
3223 2838 3421 2909 λύχνος
3463 2838 3576 2890 καὶ
3623 2836 3752 2904 φῶς,

2154 2935 2249 2990 καὶ
2278 2933 2468 2988 τούτου
2513 2931 2818 3002 φαίνοντος,
2868 2931 2896 2985 ὁ
2935 2931 3184 3000 κλέπτης
3233 2930 3484 3000 φαίνεται
3527 2928 3639 2980 καὶ
3679 2929 3759 2979 εύ-

2157 3029 2427 3100 ρίσκεται.
2473 3024 2715 3088 Ταύταις
2765 3019 2860 3078 οὖν
2916 3021 3257 3083 πιστευτέον,
3321 3020 3422 3073 καὶ
3456 3018 3545 3090 μὴ
3597 3018 3758 3088 ζητῇς

2153 3119 2274 3174 τέον
2296 3117 2506 3189 νεκρῶν
2535 3114 2881 3178 ἀναστάσεις.
2914 3114 3072 3167 Ἐστι
3106 3112 3164 3166 δέ
3191 3112 3288 3167 καὶ
3324 3109 3756 3180 τροπικώτερσν

2154 3213 2255 3285 τὴν
2332 3209 2650 3283 παραϐολὴν
2725 3208 2934 3278 ταύτην
2999 3206 3276 3270 ἐκλαϐεῖν,
3333 3203 3614 3272 λέγοντας
3675 3201 3761 3252 τὸν

2168 3302 2460 3376 Ἐϐραῖκδν
2511 3302 2639 3356 λαὸν
2707 3297 3110 3370 ύποδηλοῦσθαι
3169 3295 3261 3351 διὰ
3308 3295 3409 3348 τού
3461 3293 3757 3347 πλουσέου.

2159 3397 2417 3462 Πλούσιος
2448 3396 2556 3468 γὰρ
2590 3389 2656 3466 ἦν
2683 3387 2837 3458 οὗτος
2865 3392 2929 3447 τὸ
2955 3391 3206 3454 παλαιὸν,
3237 3389 3298 3443 ἐν
3325 3387 3476 3459 πάσῃ
3553 3385 3759 3453 γνώσει

2156 3491 2251 3546 καὶ
2282 3489 2448 3561 σοφίᾳ
2491 3485 2859 3550 πλουτισθεὶς,
2899 3483 2997 3538 καὶ
3056 3483 3170 3546 τοῖς
3215 3480 3422 3548 λογίοις
3466 3477 3579 3531 τοῦ
3628 3475 3761 3529 Θεοῦ

2155 3585 2266 3648 τοῖς
2296 3582 2437 3652 ὑπὲρ
2493 3579 2718 3652 χρυσίον
2794 3579 2891 3631 καὶ⁹
2940 3574 3088 3630 λίθον
3133 3573 3320 3644 τίμιον
3359 3571 3577 3634 πολὺν,
3633 3571 3765 3623 ἀλλὰ

2158 3676 2252 3730 καὶ
2326 3672 2616 3745 πορφύραν
2681 3671 2776 3725 καὶ
2839 3667 3037 3742 βύσσον
3097 3665 3403 3728 ἐνεδέδυτο,
3466 3662 3764 3735 βασιλείαν

2157 3767 2297 3838 ἔχων
2335 3765 2432 3821 καὶ
2484 3762 2806 3833 ἱερωσύνην,
2850 3760 2945 3814 καὶ
3006 3757 3280 3832 βασίλειον
3319 3755 3398 3810 ὣν
3443 3755 3766 3825 ἱεράτευμα

2156 3859 2235 3928 τῷ
2286 3856 2425 3928 Θεῷ.
2469 3856 2775 3910 Ᾱίνίττεται
2824 3852 2882 3907 δὲ
2923 3853 2960 3923 ὴ
3012 3851 3110 3922 μὲν
3152 3848 3416 3920 πορφύρα
3454 3846 3578 3918 τὴν
3615 3847 3768 3916 βασι-

2158 3950 2386 4020 λείανγὴ
2418 3948 2475 4002 δὲ
2505 3946 2702 4018 βύσσος
2749 3944 3076 4016 ἱερωσύνην.
3123 3944 3186 3997 Ol
3218 3942 3330 4013 γάρ
3363 3941 3610 3994 Λευῖται
3641 3939 3773 4006 βυσ-

2161 4039 2325 4102 σίνοις
2373 4037 2613 4108 ἐχρῶντο
2660 4036 2719 4090 ἐν
2752 4035 2872 4097 ταῖς
2908 4031 3244 4103 ἱερουργίαις
3275 4029 3629 4100 ἐσθήμασιν.
3658 4026 3770 4078 E5-

2158 4129 2415 4203 φραίνετό
2448 4145 2508 4183 τε
2562 4127 2686 4182 καθ’
2736 4126 2948 4198 ἡμέραν
2975 4122 3248 4196 λαμπρῶς
3277 4137 3294 4155 ο
3329 4119 3456 4176 καθ’
3520 4119 3776 4184 ἑκάστην

2157 4223 2268 4295 γὰρ
2304 4223 2516 4293 ἡμέραν
2558 4219 2750 4284 Θυσίας
2784 4217 3052 4290 ἀνέφερον
3081 4215 3298 4286 πρωτας
3331 4214 3428 4267 καὶ
3484 4212 3770 4281 ἑσπέρας,

2157 4316 2224 4380 ἃς
2254 4317 2349 4369 καὶ⁵
2377 4313 2471 4368 τοῦ
2510 4309 2888 4382 ἐνδελεχισμοῦ
2927 4307 3237 4380 ὠνόμαζον.
3271 4305 3542 4377 Λάζαρος
3589 4305 3646 4357 δὲ
3701 4300 3773 4374 ἦν

2156 4409 2186 4462 ό
2213 4406 2273 4473 ἐξ
2301 4406 2470 4459 ἐθνῶν
2509 4404 2656 4468 λαὸς,
2711 4403 2880 4473 πένης
2913 4401 3071 4455 θείων
3100 4399 3342 4471 χαρίτων
3401 4398 3510 4450 καὶ
3544 4397 3767 4464 rso-9:11;,

2159 4498 2254 4553 καὶ
2286 4497 2393 4568 πρὸ
2439 4495 2546 4550 τῶν
2585 4493 2845 4549 πυλώνων
2890 4493 3164 4563 κείμενος·
3215 4491 3280 4547 ού
3313 4489 3425 4561 γὰρ
3484 4487 3626 4558 ἐξῆν
3649 4490 3770 4548 res,”

487 4589 631 4644 enim
658 4588 960 4657 videbatur,
995 4589 1139 4646 sicut
1171 4589 1223 4644 in
1249 4588 1402 4644 Actis
1431 4587 1794 4658 apostolorum
1824 4586 2053 4643 clamant

2161 4590 2393 4653 ἐθνικοϊς
2434 4589 2516 4654 είς
2547 4588 2640 4642 τὸν
2667 4581 2816 4641 οἷκον
2857 4584 3143 4639 εἰσελθεῖν·
3191 4583 3433 4654 μιασμὸς
3489 4583 3610 4651 γὰρ
3642 4582 3766 4633 ἐξέ-

484 4683 539 4737 in
573 4681 798 4738 Paulum
827 4682 968 4752 quod
1017 4680 1244 4753 gentiles
1272 4679 1646 4736 introduxerat
1677 4679 1730 4734 in
1780 4677 2056 4749 templum,

486 4783 543 4828 et
563 4787 901 4828 communem
933 4771 1149 4829 fecisset
1168 4781 1415 4828 sanctum
1440 4771 1587 4826 illum
1617 4770 1815 4826 locum.
1839 4767 2062 4840 insuper

486 4874 543 4923 et
572 4865 842 4922 ulceribus
872 4874 1216 4936 peccatorum
1262 4865 1546 4922 fetentium
1593 4865 1783 4934 plenus
1814 4873 1934 4920 erat
1973 4863 2060 4920 ille

485 4958 732 5030 populus,
756 4965 811 5012 et
836 4956 1173 5026 impudentes
1198 4956 1664 5027 canes,,diabolos,
1681 4956 1932 5026 pascebat
1948 4955 2059 5012 suis

489 5051 781 5107 ulceribus.
816 5046 1090 5117 Voluptati
1124 5049 1268 5104 enim
1315 5048 1424 5103 illis
1469 5056 1596 5102 sunt
1641 5057 1822 5102 nostra
1855 5046 2055 5101 ulcera.

488 5143 845 5200 Desiderabat
890 5141 1019 5198 item
1068 5141 1328 5211 et.micas
1355 5140 1665 5195 decidentes
1703 5153 1732 5190 a
1762 5151 1946 5194 mensa
1975 5135 2059 5192 di-

488 5237 637 5291 vitis.
668 5236 900 5293 Omnino
923 5235 1064 5290 enim
1094 5233 1311 5290 carebat
1340 5247 1496 5302 pane,
1530 5233 1619 5301 qui
1649 5230 1936 5288 confirmat
1964 5242 2058 5284 cor

487 5329 722 5384 hominis
748 5347 762 5384 :
787 5338 840 5384 et
879 5327 1102 5382 minimo
1129 5324 1385 5394 tenuique
1413 5323 1536 5379 cibo
1565 5331 1619 5377 et
1656 5321 1905 5376 rationali
1930 5335 2057 5389 ege-

489 5419 604 5486 bat,
633 5421 772 5475 sicut
810 5429 865 5475 et
895 5418 1196 5475 Chananaaa
1242 5415 1435 5471 mulier
1471 5430 1591 5470 cum
1636 5414 1848 5469 ethnica
1888 5424 2054 5482 esset,

490 5509 558 5564 de
591 5509 743 5565 micis
781 5509 1016 5566 saturari
1051 5507 1319 5578 cupiebat.
1371 5505 1509 5573 Quid
1544 5503 1772 5561 multis?
1815 5502 2056 5561 Mortuus

486 5609 573 5656 est
603 5599 898 5655 llebraicus
931 5598 1160 5669 populus
1192 5598 1324 5667 Deo,
1355 5606 1411 5652 et
1451 5607 1658 5653 mortua
1687 5605 1815 5655 sunt
1842 5595 2054 5652 illorum

484 5705 630 5753 ossa,
679 5705 800 5761 quae
842 5690 908 5745 ad
959 5689 1156 5745 bonum
1201 5688 1504 5744 faciendum
1569 5704 1674 5744 non
1746 5696 2049 5744 moventur.

488 5781 729 5838 Mortuus
749 5789 833 5839 est
869 5791 1050 5837 autem
1074 5789 1126 5836 et
1155 5780 1396 5835 Lazarus
1433 5791 1652 5850 peccato
1674 5823 1688 5848 ,
1724 5782 1940 5852 gentilis
1968 5783 2046 5838 in-

489 5890 646 5945 quam
689 5875 940 5947 populus.
969 5873 1033 5930 Et
1058 5871 1227 5931 Judaei
1245 5873 1458 5945 quidem
1485 5874 1576 5944 qui
1602 5873 1656 5930 in
1679 5877 1913 5945 peccatis
1941 5877 2052 5933 suis

519 6169 567 6181 ιο.

2164 4700 2270 4750 κει,
2299 4681 2374 4745 ὡς
2405 4682 2500 4735 καὶ
2531 4681 2590 4735 ἐν
2623 4681 2745 4744 ταῖς
2776 4678 3016 4750 Πράξεσι
3063 4675 3405 4731 καταϐοᾶται
3452 4677 3487 4729 ὁ
3545 4673 3773 4733 Ila-319;

2161 4775 2236 4837 ὡς
2265 4772 2509 4837 ἐθνικοὺς
2538 4769 2850 4841 είσαγαγὼν
2875 4773 2954 4831 εἰς
2982 4769 3072 4822 τὸν
3095 4767 3246 4832 ναὸν,
3277 4767 3374 4821 καὶ
3397 4766 3772 4826 xsme

2159 4867 2250 4921 τὸν
2300 4866 2456 4935 ἅγιον
2510 4866 2675 4920 τόπον
2731 4862 2941 4918 τοῦτον.
3002 4861 3164 4916 Ἀλλά
3217 4862 3315 4914 καὶ
3363 4859 3600 4930 ἥλκωτο
3641 4862 3778 4920 ταῖς

2161 4957 2570 5030 προσωζούσαις
2611 4955 2932 5028 ἁμαρτίαις,
2965 4953 3063 5008 καὶ
3102 4953 3233 5016 τοὺς
3271 4951 3530 5014 ἀναιδεῖς
3565 4950 3772 5009 κύνας,

2159 5049 2285 5112 τοὺς
2321 5047 2604 5120 δαίμονας,
2632 5045 2832 5118 ἔτρεφε
2884 5046 2998 5109 τοῖς
3025 5043 3212 5097 ἕλκεσι
3261 5043 3510 5104 τούτοις.
3561 5039 3776 5107 Ἡδονὴ

2158 5142 2268 5213 γὰρ
2296 5143 2482 5206 αὐτοῖς
2513 5141 2581 5194 τὰ
2609 5138 2859 5211 ἡμέτερα
2889 5138 3044 5209 ἕλκη.
3093 5136 3394 5206 Ἐπεθύμει
3423 5134 3490 5188 δὲ
3522 5134 3634 5188 τῶν
3681 5133 3778 5200 ἑτι-
3868 5159 3870 5213 ί

2158 5233 2293 5304 χίων
2321 5233 2431 5287 τῶν
2475 5232 2784 5287 πιπτόντων
2822 5231 2928 5284 ἀπὸ
2970 5230 3070 5298 τῆς
3101 5228 3387 5301 τραπέζης
3427 5227 3543 5281 τοῦ
3589 5227 3780 5278 σίλου-

2159 5328 2298 5381 σίου·
2331 5327 2556 5396 ἄμοιρος
2601 5322 2710 5395 γὰρ
2755 5318 2824 5395 ἦν
2869 5323 3190 5377 παντάπασι
3221 5321 3332 5373 τῶν
3375 5320 3487 5390 τὴν
3519 5320 3774 5390 καρδξτί

2160 5420 2523 5491 στηριζόντων
2568 5417 2768 5490 ἄρτων,
2810 5416 2904 5470 καὶ
2951 5417 3052 5486 τῆς
3089 5415 3450 5483 λεπτοτάτης,
3507 5417 3602 5467 καὶ
3680 5434 3776 5480 με.-

2156 5513 2317 5584 κρᾶς,
2347 5509 2444 5565 καὶ¹
2485 5509 2710 5579 λογικῆς
2737 5508 2943 5578 τροφῆς
2971 5507 3162 5567 ἐδεῖτο,
3196 5506 3386 5576 ὥσπερ
3415 5507 3522 5557 καὶ
3553 5507 3586 5572 ἠ
3642 5506 3774 5556 Σα-

2159 5600 2582 5670 ναναία,ἐθνικὴ
2629 5595 2786 5666 οὖσα,
2835 5598 2946 5652 ἀπὸ
2990 5595 3100 5650 τῶν
3131 5596 3330 5666 ψιχίων
3369 5596 3771 5663 autumatis}:

2157 5693 2329 5764 ζητεῖ.
2378 5689 2443 5746 Τί
2474 5688 2695 5752 τοίνυν;
2741 5686 3005 5741 Ἀπέθανε
3057 5686 3156 5756 μὲν
3199 5686 3228 5738 ό
3269 5684 3569 5754 Ἐϐραῖκὺς

2156 5788 2236 5857 τῷ
2273 5783 2412 5854 Θεῷ,
2449 5783 2542 5839 καὶ
2572 5781 2743 5852 νεκρά
2768 5781 2993 5851 γέγονεν
3037 5780 3220 5833 αὐτῶν
3249 5778 3318 5832 τὰ
3360 5779 3524 5842 ὀστᾶ,
3576 5779 3776 5845 μηδε-
3868 5778 3870 5822 !

2161 5879 2291 5950 μίαν
2318 5878 2532 5949 κίνησιν
2566 5874 2702 5946 πρὸς
2727 5875 2784 5928 τὸ
2810 5872 3014 5942 ἀγαθὸν
3050 5869 3410 5942 ποιουμένων.
3475 5869 3776 5924 ’Ᾱπέῠατε
3868 5877 3870 5922 i
