3870 6554
191 426 273 490 981
895 431 1334 493 ENARRATIO
1378 431 1460 492 IN
1498 433 1713 496 ΕνΑΝ(

1820 431 1998 493 LIUM
2037 432 2270 492 LUC/E.
2314 426 2575 494 -'.CAP.
2612 425 2800 489 XVII.

3272 418 3379 482 98:7.

183 537 231 591 δὲ
259 537 339 589 καὶ
371 538 398 588 6
426 533 675 604 Λάζαρος
710 539 775 608 τῇ
806 536 1074 611 ἁμαρτίᾳ,
1109 541 1137 592 ό
1174 539 1385 603 ἐθνικὸς
1417 540 1568 607 λαὸς,
1624 540 1713 595 καὶ

1824 538 2022 594 mortui
2054 547 2205 603 sunt,
2234 538 2287 592 in
2315 535 2528 590 ﬂamma
2552 532 2766 588 invidiae
2781 535 3102 595 exuruntur,
3129 526 3386 590 zelan-tes,

182 629 223 680 oi
257 628 337 697 μὲν
365 627 613 681 Ἰουδαῖοι
665 630 722 680 ὲν
755 631 874 690 ταῖς
923 630 1224 700 ἁμαρτίαις
1278 632 1459 686 αὐτῶν
1505 632 1712 686 ἀποθα-

180 718 330 779 νόντες
363 718 422 769 ἐν
479 719 546 787 τῇ
578 717 736 787 φλογὶ
783 720 1178 776 κατακαίονται
1227 723 1318 776 τοῦ
1353 722 1568 791 φθόνου,
1619 723 1716 791 ζη-

178 807 384 874 λοῦντες,
444 806 518 871 ῶς
583 827 752 879 φησιν
804 813 832 864 6
876 812 1217 878 Ἀπόστολος,
1265 814 1348 867 ὅτι
1399 815 1450 868 οἱ
1511 813 1717 868 ἐθνικοὶ

177 898 586 970 προσεδέχθησαν
619 901 698 964 είς
745 901 842 970 τὴν
871 902 1071 966 πίστιν,
1101 906 1129 958 6
1153 904 1211 958 δὲ
1257 905 1386 976 πρὶν
1423 905 1590 976 πένης
1619 905 1716 958 καὶ

174 992 338 1060 ἄτιμος
393 990 522 1054 λαὸς
569 991 678 1045 τῶν
729 991 899 1047 ἐθνῶν
945 994 1008 1046 ἐν
1061 994 1282 1060 κόλποις
1327 995 1580 1067 Ἀϐραὰμ
1616 995 1714 1050 τοῦ

175 1081 354 1152 πατρὸς
390 1081 498 1135 τῶν
553 1081 722 1136 ἐθνῶν
773 1083 950 1152 διάγει
1000 1086 1249 1150 εἰκότως.
1302 1087 1413 1140 Καὶ
1451 1085 1562 1159 γὰρ
1621 1088 1715 1141 zeal.

176 1171 422 1244 Ἀϐραὰμ,
459 1173 668 1239 ἐθνικὸς
693 1173 791 1243 ὣν,
828 1175 1116 1230 ἐπίστευσε
1147 1178 1228 1250 τῷ
1260 1177 1380 1248 Θεῷ
1413 1180 1505 1232 καὶ
1531 1177 1593 1244 ἐξ
1637 1179 1715 1232 εί-

169 1264 534 1336 δωλολατριίας
576 1265 659 1330 είς
711 1266 1044 1336 θεογνωσίαν
1112 1269 1368 1341 μετέστη.
1421 1271 1486 1325 Di
1535 1271 1714 1324 τοίνυν

170 1357 391 1411 κοινωνοὶ
439 1357 540 1427 τῆς
589 1359 932 1428 μεταθέσεως
977 1361 1140 1416 αὐτοῦ
1179 1363 1275 1417 καὶ
1322 1363 1424 1432 τῆς
1456 1364 1712 1431 πίστεως,

167 1449 371 1513 εἰκότως
419 1450 512 1504 καὶ
563 1451 624 1506 ἐν
665 1454 778 1516 τοῖς
835 1453 1057 1517 κόλποις
1095 1454 1262 1510 αὑτοῦ
1323 1455 1711 1522 ἀναπαύονται,

166 1539 254 1604 τὰς
291 1540 454 1606 αὑτάς
499 1540 650 1613 αύτῷ
681 1542 884 1612 λήξεις,
917 1545 1012 1599 καὶ
1065 1545 1255 1616 μονὰς,
1311 1547 1406 1601 καὶ
1449 1549 1714 1621 ὑποδοχὰς

165 1629 263 1685 τῶν
284 1631 492 1702 ἀγαθῶν
520 1632 954 1705 κληρωσάμενοι.
988 1639 1094 1690 Καὶ
1116 1639 1376 1710 ἐπιθυμεῖ
1399 1641 1428 1694 6
1460 1640 1716 1706 Ἰουδαῖος

166 1725 419 1794 σταγῶνος
459 1728 588 1797 μιᾶς
638 1728 747 1782 τῶν
783 1729 935 1800 παρὰ
963 1729 1043 1801 τῷ
1075 1731 1225 1802 νόμῳ
1254 1733 1499 1788 παλαιῶν
1527 1737 1714 1806 ῥαντι-

165 1815 322 1886 σμῶν,
365 1815 460 1870 καὶ
487 1817 820 1888 καθαρσίων,
855 1818 932 1880 ὡς
977 1819 1044 1874 ἂν
1085 1821 1458 1894 καταψυχθείη
1485 1823 1647 1878 αύτοῦ
1679 1825 1713 1896 ή

164 1905 382 1974 γλῶσσα,
425 1907 522 1959 καὶ
559 1905 674 1976 ἔχοι
718 1908 780 1960 τὸ
824 1890 1421 1980 παρρησιάζεσθαι-καὶ
1445 1890 1632 1982 ⁷λέγειν
1660 1890 1713 1968 τί

1820 1913 2058 1979 noluisti,
2111 1928 2176 1969 ac
2224 1921 2417 1970 caetera
2471 1930 2487 1970 ι

165 1996 290 2067 πρὸς
322 1997 488 2068 ἡμᾶς,
521 1997 598 2062 ὡς
624 1997 720 2053 τοῦ
745 1999 910 2068 νόμου
939 2002 1312 2073 ἐνεργοῦντος,
1347 2005 1464 2060 ἀλλ’
1495 2006 1558 2060 ού
1582 2023 1716 2075 τυγο

161 2087 318 2158 χάνει.
350 2088 409 2142 '0
434 2089 598 2160 νόμος
619 2091 728 2163 γὰρ
751 2092 857 2156 ἕως
895 2093 1167 2150 Ἰωάννουο
1191 2095 1286 2149 καὶ
1312 2096 1526 2164 θυσίαν,
1557 2100 1714 2170 φησὶ,

161 2182 247 2235 καὶ
277 2183 586 2252 προσφοράν
630 2185 732 2238 οὐκ
782 2184 1078 2257 ἠθέλησας,
1123 2188 1218 2242 καὶ
1252 2189 1322 2244 τὰ
1353 2189 1502 2261 ἑξῆς.
1536 2192 1646 2246 Καὶ
1684 2194 1714 2245 6

160 2271 341 2342 Δανιὴλ
369 2272 917 2345 ἐξολοθρευθήσεσθαι
965 2276 1190 2348 χρίσμα,
1231 2279 1327 2333 καὶ
1378 2282 1716 2353 σφραγισθῆ-

158 2379 241 2416 ναι
290 2363 643 2435 προφητείαν,
685 2365 950 2432 τουτέστι,
985 2368 1263 2440 παυθῆναι
1327 2372 1425 2426 καὶ
1465 2372 1715 2442 συγκλει-

158 2453 337 2524 οθῆναι
365 2456 760 2527 προηγόρευσε.
787 2459 859 2513 Σὺ
889 2458 946 2513 δὲ
976 2460 1069 2514 καὶ
1099 2462 1308 2531 ἠθικῶς
1338 2463 1438 2535 τὴν
1467 2466 1713 2536 παρασο-

157 2543 248 2616 λὴν
276 2545 602 2617 ἐκλάμϐανε,
635 2548 730 2602 καὶ
778 2549 854 2621 μὴ
880 2549 1132 2617 πλούσιος
1159 2553 1236 2606 ὢν
1263 2554 1322 2609 ἐν
1349 2557 1537 2622 κακοῖς
1569 2573 1714 2630 παρ-

155 2638 277 2708 ορᾷς
327 2638 416 2692 τὸν
461 2639 586 2693 νοῦν
630 2657 725 2694 σου
770 2640 1131 2712 λιμώττοντα,
1161 2645 1257 2699 καὶ
1302 2646 1453 2701 κάτω
1481 2646 1719 2720 βεϐλημ-

162 2728 308 2796 μένον
341 2731 432 2783 τὶν
458 2729 572 2785 ἄνω
598 2731 863 2803 φέρεσθαι
892 2733 1454 2808 δεδημιουργημένον,
1487 2741 1578 2794 καὶ
1614 2743 1718 2813 πρὸ

157 2817 258 2872 τῶν
291 2819 549 2875 πυλώνων
593 2821 870 2892 κείμενον,
926 2824 1043 2879 ἀλλ’
1079 2828 1341 2898 εἰσάγαγε
1371 2829 1534 2884 αὑτὸν
1588 2831 1718 2886 Esto,

161 2909 244 2962 καὶ
277 2909 352 2982 μὴ
377 2909 481 2976 ἔξω
507 2911 665 2980 ἔστω,
717 2912 813 2968 καὶ
843 2916 1292 2988 περιπλανάσθω,
1327 2920 1464 2990 μηδὲ
1494 2921 1716 2986 κείσθω,

1820 639 1878 685 ιιι
1921 629 2054 686 dicit
2090 627 2402 700 Apostolus,
2433 625 2574 696 quod
2613 625 2842 696 gentiles
2884 619 3147 692 assumptl
3170 618 3288 676 sint
3320 620 3386 673 ad

1819 723 1975 780 tidem
2003 740 2017 778 :
2056 721 2149 791 qui
2175 727 2353 776 autem
2385 717 2536 789 prius
2559 731 2762 787 pauper
2790 723 2910 771 erat
2927 724 2982 770 et
3005 712 3259 784 ignobilis
3289 726 3385 780 po-

1817 813 1975 883 pulus
2020 811 2258 883 gentilis,
2304 811 2354 865 in
2406 808 2616 866 sinibus
2652 807 2884 862 Abrahae
2937 805 3387 877 patrisgentium

1817 905 2012 960 merito
2039 912 2309 960 versatur.
2353 899 2568 956 Etenim
2607 907 2664 953 et
2707 897 2980 953 Abraham
3017 911 3140 952 cum
3173 894 3388 966 gentilis

1815 1003 1982 1058 esset,
2025 993 2259 1050 credidit
2304 991 2436 1059 Deo,
2485 999 2541 1046 et
2573 1003 2640 1044 ex
2686 987 2949 1044 idolorum
2992 989 3137 1044 cultu
3192 987 3260 1042 ad
3293 988 3385 1043 Dei

1815 1087 2144 1158 agnitionem
2201 1085 2437 1141 transiit.
2497 1081 2728 1138 Proinde
2787 1080 2883 1152 qui
2926 1081 3217 1152 participes
3265 1091 3389 1136 sunt

1821 1174 2197 1232 translationis
2239 1174 2358 1244 ejus
2389 1183 2445 1230 et
2477 1173 2623 1240 ﬁdei,
2665 1171 2796 1242 jure
2836 1178 2891 1227 et
2930 1172 2983 1226 in
3019 1171 3226 1227 sinibus
3271 1170 3390 1240 ejus

1814 1269 2122 1340 quiescunt,
2166 1269 2418 1326 eumdem
2492 1268 2653 1323 ﬁnem
2699 1276 2755 1323 et
2797 1264 3159 1322 habitationes
3201 1273 3255 1320 et
3300 1279 3392 1318 su-

1813 1360 2146 1430 sceptionem
2173 1360 2438 1416 bonorum
2486 1358 2690 1414 sortiti.
2717 1358 2880 1430 522
2904 1357 2969 1412 Et
2999 1355 3148 1426 cupit
3175 1353 3386 1407 indago-

1814 1467 1933 1508 rum
1957 1451 2182 1522 populus
2207 1466 2367 1507 unam
2397 1460 2602 1522 guttam
2643 1451 2708 1506 de
2746 1448 3148 1521 aspersionibus
3175 1453 3229 1501 et
3258 1460 3390 1514 pur-

1814 1545 2125 1616 gationibus
2170 1544 2368 1616 priscis
2405 1538 2709 1613 legalibus,
2756 1550 2817 1596 ut
2880 1539 3231 1610 refrigeretur
3271 1537 3390 1606 ejus

1815 1637 2022 1706 lingua,
2057 1645 2112 1692 et
2146 1636 2314 1708 possit
2361 1635 2697 1690 conﬁdenter
2746 1632 2893 1703 loqui
2935 1629 3088 1686 nobis
3121 1627 3264 1698 quod
3305 1627 3387 1681 lex

1815 1727 1885 1783 sit
1913 1727 2096 1783 elﬁcax
2128 1737 2183 1782 et
2208 1738 2495 1798 operetur;
2517 1728 2610 1784 sed
2634 1741 2739 1781 non
2770 1733 2887 1780 est:
2921 1723 3004 1779 lex
3039 1722 3182 1778 enim
3217 1733 3396 1789 usque-

1813 1819 1882 1874 ad
1919 1817 2181 1874 Joannem
2215 1836 2228 1874 :
2257 1829 2312 1876 et
2345 1819 2703 1885 sacriﬁcium,
2745 1815 2941 1887 inquit,
2973 1823 3027 1870 et
3060 1813 3388 1869 oblationem

2543 1921 2598 1969 et
2649 1911 2860 1976 Daniel,
2928 1906 3391 1964 Exterminabitnr

1813 2005 2021 2062 unctio.
2073 2004 2138 2060 Et
2177 2007 2381 2077 signari
2424 2007 2740 2075 prophetas,
2793 2004 2896 2059 hoc
2942 2010 3050 2066 εει,
3080 2009 3392 2056 cessaturos

1811 2111 1935 2154 esse
1961 2107 2017 2154 et
2045 2098 2452 2155 concludendos
2483 2097 2752 2169 praedixit.
2798 2094 2877 2150 'l‘u
2908 2102 3090 2149 autem
3129 2099 3182 2147 et
3210 2105 3391 2145 mora-

1811 2192 1940 2248 liter
1963 2189 2276 2260 parabolam
2307 2204 2538 2259 expone,
2563 2197 2704 2244 etne
2730 2201 2850 2243 cum
2875 2184 2951 2240 sis
2975 2183 3146 2246 dives,
3171 2182 3223 2234 in
3250 2180 3392 2233 malo

1816 2289 2053 2337 mentem
2087 2291 2234 2337 tuam
2283 2280 2588 2335 famelicam
2631 2287 2947 2348 praetereas,
3003 2286 3178 2342 neque
3207 2269 3392 2337 despi-

1808 2373 1922 2431 cias
1955 2373 2251 2430 inhumum
2296 2373 2595 2444 proiectam
2625 2381 2700 2437 et,
2740 2387 2861 2426 cum
2890 2368 3034 2422 facta
3067 2367 3139 2420 sit
3185 2373 3242 2418 ut
3272 2378 3392 2418 sur-

1813 2483 1932 2524 sum
1961 2467 2167 2534 tendat,
2192 2475 2320 2521 ante
2371 2465 2515 2521 t‘ores
2542 2464 2836 2535 iacentem,
2867 2461 2960 2516 sed
2997 2457 3246 2514 introduc
3271 2469 3392 2510 eam

1821 2561 1986 2624 intro,
2017 2569 2073 2616 et
2095 2574 2205 2615 non
2235 2567 2341 2614 stet
2369 2558 2521 2623 foris,
2546 2571 2644 2611 nec
2671 2563 2916 2624 vagetur,
2948 2565 3046 2605 nec
3067 2549 3266 2618 jaceat,
3297 2545 3393 2601 sed

1821 2659 2094 2722 operetur.
2135 2651 2202 2706 Et
2236 2651 2314 2707 sic
2365 2664 2426 2705 ea
2475 2662 2594 2720 quae
2632 2646 2848 2709 mentis,
2901 2639 3136 2712 operari,
3179 2651 3234 2694 et
3287 2651 3393 2692 non

1822 2745 1993 2798 solum
2022 2743 2079 2798 in
2107 2757 2270 2799 carne
2301 2741 2540 2798 tleliciari
2573 2737 2798 2811 poteris.
2832 2734 3014 2792 Facile
3044 2731 3203 2787 fuerit
3227 2731 3388 2786 etiam

1823 2835 1928 2890 alia
1959 2849 2078 2906 quae
2104 2833 2163 2890 in
2189 2835 2291 2891 hac
2316 2833 2569 2906 parabola
2611 2840 2737 2888 sunt
2765 2826 2833 2883 ad
2863 2839 3072 2880 morum
3103 2821 3388 2876 utilitatem

1825 2941 2111 2998 exponere.

159 3002 262 3056 ἀλλ’
296 3004 603 3073 ἐνεργεῖτω.
638 3006 825 3073 Οὕτως
869 2983 980 3080 γάρ
1019 3011 1086 3066 ἄν
1115 3028 1197 3066 σοι
1227 2983 1444 3086 ὑπάρξῃ
1510 3016 1572 3070 τὸ
1606 2983 1748 3074 κατὰ
1782 2983 1908 3075 νοῦν
1936 3021 2202 3092 ἐνεργεῖν,
2249 3020 2344 3074 καὶ
2409 3018 2486 3090 μὴ
2531 2983 2688 3091 μόνον
2738 3016 2881 3073 κατὰ
2928 3016 3108 3086 σάρκα
3157 3016 3390 3086 τρυφᾷν.

161 3093 256 3146 Καὶ
310 3095 357 3147 τ’
404 3095 540 3150 ἄλλα
587 3096 647 3152 δὲ
690 3097 792 3169 τῆς
839 3100 1160 3174 παραϐολῆς
1209 3104 1394 3176 ῥᾴδιον
1428 3109 1508 3172 είς
1542 3109 1706 3179 ήθους
1744 3109 2016 3182 ὠφέλειαν
2042 3109 2390 3166 ἐκλαϐἑσθαι.

753 3214 1005 3273 ΚΕΦΔΛ.
1041 3217 1141 3276 lZ'.

1743 3229 1791 3293 C

2381 3225 2608 3283 CAPUT
2645 3225 2809 3282 XVII.

158 3318 681 3414 "‘8L‘.’".“I§_‘_‘f?_”'
699 3326 844 3414 ἔδει
873 3328 979 3409 eo"?
1009 3329 1254 3414 μεθεῖται
1285 3333 1392 3414 τὰς
1421 3337 1709 3414 eadem

1820 3342 2188 3414 De_scagu_!alo.
2226 3343 2379 3414 Quod
2402 3344 2712 3414 remittenda
2735 3345 2838 3398 sint
2869 3343 3120 3414 proximis
3148 3354 3383 3414 peccata.

223 3390 342 3468 τοῖς
363 3394 651 3477 firmior.
689 3390 828 3474 ρερὶ
846 3396 956 3477 ἰῆς
970 3390 1230 3477 εἰς’Θξργ
1254 3390 1708 3477 πίᾳὶεήῶςίάερῖ

220 3460 332 3547 ζῶν
375 3460 525 3547 δέκα,
557 3460 816 3547 λςπρῶὶρ.
1035 3460 1142 3547 τοῦ
1173 3471 1370 3547 Ἰησοῦ
1413 3460 1706 3547 albata;

217 3529 422 3598 θέντος
445 3532 588 3587 πότε
609 3529 842 3605 ἔρχεται
874 3529 1372 3614 ἠξϐασιλείαξτοῦ
1399 3529 1567 3603 Θεὸῧέ

222 3661 242 3696 ι
280 3641 408 3699 Eine
447 3647 504 3702 δὲ
553 3648 688 3720 πρὸς
731 3653 858 3717 τοὺς
909 3647 1182 3726 μαθητὰς,
1233 3659 1548 3717 ἀνένδεκτόν
1596 3666 1711 3720 ἐστι

150 3734 241 3828 τοῦ
279 3737 355 3828 μη
385 3739 558 3794 ἐλθεῖν
581 3743 649 3795 τὰ
679 3743 972 3812 σκάνδαλα,
997 3751 1122 3804 οὐαὶ
1159 3751 1214 3806 δὲ
1246 3752 1314 3806 δι’
1339 3748 1400 3809 οὗ
1433 3755 1707 3828 ἔρχονταιο

1883 3411 1958 3465 De
1987 3411 2090 3478 ﬁde
2131 3413 2188 3466 in
2217 3412 2404 3468 Deum.
2440 3412 2517 3466 De
2545 3414 2718 3468 decem
2745 3411 2982 3480 leprosis.
3027 3414 3103 3466 De
3127 3411 3258 3467 Jesu
3306 3413 3393 3465 in-

1883 3490 2164 3551 terrogato,
2194 3481 2542 3548 Quandonam
2574 3493 2843 3538 uenturum
2873 3485 2937 3539 sit
2959 3499 3172 3553 regnum
3199 3482 3319 3537 Dei.

1885 3666 2051 3723 νεεδ.
2102 3668 2215 3724 1ο4.
2266 3687 2285 3722 ι
2340 3668 2486 3725 Dixit
2511 3679 2692 3724 autem
2735 3671 2799 3724 ad
2847 3667 3141 3738 discipulos
3185 3684 3199 3722 :
3245 3666 3389 3722 Fieri

1817 3773 1920 3812 non
1959 3769 2134 3827 potest
2176 3759 2307 3829 quin
2337 3760 2554 3816 veniant
2579 3760 2938 3828 oﬂ‘endicula;
2973 3776 3053 3816 vae
3085 3769 3262 3812 tamen
3315 3757 3390 3812 illi

149 3821 413 3922 λυσιτελεῖ
439 3830 588 3902 αὐτῷ
611 3834 662 3886 εί
713 3834 880 3904 μύλος
917 3839 1095 3904 όνικδς
1127 3842 1432 3914 περίκειται
1465 3821 1596 3918 περὶ
1623 3849 1712 3902 τὸν

1820 3864 1912 3919 per
1937 3821 2098 3919 quem
2127 3821 2370 3905 veniunt.
2403 3851 2635 3922 Expedit
2675 3853 2748 3906 illi
2792 3854 2837 3906 si
2873 3853 3010 3906 mola
3036 3852 3268 3905 asinaria
3296 3866 3389 3920 po-

149 3917 413 4013 τράχηλον
435 3922 623 3991 αὐτοῦ,
677 3927 772 3979 καὶ
801 3927 1057 4000 ἔρριπται
1088 3935 1168 3998 είς
1197 3934 1298 4006 τήν
1337 3917 1631 4006 θάλασσαν,
1678 3941 1712 4012 ἢ

1820 3950 1978 3995 natur
2005 3941 2148 3996 circa
2180 3941 2375 3996 collum
2401 3943 2538 4013 ejus,
2564 3953 2618 3996 et
2644 3948 2915 4013 projectus
2941 3942 3100 3996 fuerit
3129 3942 3180 3996 iu
3215 3957 3386 4006 mare,

150 4008 234 4104 ῖνα
270 4013 601 4089 σκανδαλίσῃ
632 4016 728 4071 ἕνα
761 4019 870 4075 τῶν
904 4024 1116 4094 μικρῶν
1149 4026 1374 4082 τούτων.
1411 4008 1713 4102 Προσέχετε

1820 4032 1994 4101 potius
2033 4047 2192 4102 quam
2224 4042 2284 4088 ut
2312 4008 2752 4089 oﬂendiculo-sit-
2781 4033 2869 4086 uni
2899 4035 2967 4088 de
3001 4031 3209 4104 pusillis
3242 4033 3383 4087 istis.

145 4098 380 4194 éautlc.
426 4105 550 4159 Ἐὰν
579 4106 636 4160 δὲ
667 4109 891 4184 ἁμάρτῃ
919 4113 1000 4177 εἰς
1033 4115 1092 4167 σὲ
1134 4118 1162 4170 6
1190 4117 1418 4188 ἁδελφός
1452 4139 1566 4188 σου,
1591 4098 1713 4178 *ἐπι-

1820 4098 2017 4178 Cavete
2045 4098 2213 4179 vobis.
2248 4121 2305 4179 Si
2344 4125 2647 4194 peccaverit
2697 4125 2751 4179 in
2798 4135 2848 4179 te
2893 4123 3058 4180 frater
3107 4133 3255 4191 tuus,
3306 4125 3390 4178 itt-

142 4192 376 4263 τίμησον
417 4197 587 4268 αὐτῷ·
621 4201 716 4253 καὶ
745 4202 839 4256 ἐὰν
869 4209 1198 4280 μετανοήσῃ,
1233 4209 1369 4279 ἄφες
1418 4212 1588 4284 αὐτῷ,
1623 4217 1713 4270 καὶ

1820 4225 1978 4282 crepa
2019 4211 2167 4267 illum
2205 4230 2220 4267 :
2263 4192 2402 4270 etsi
2454 4213 2790 4284 pwnituerit,
2841 4215 3055 4270 remitte
3093 4213 3189 4269 illi.
3232 4215 3299 4270 Et
3341 4215 3389 4270 si

141 4285 239 4338 éiv
301 4287 532 4354 ἑπτάκις
581 4293 678 4363 τῆς
728 4293 940 4368 ἡμέρας
999 4298 1309 4372 ἁμαρτήσει
1359 4306 1438 4369 εἰς
1487 4307 1568 4372 σὲ,
1623 4309 1713 4361 καὶ

1821 4304 2025 4372 septies
2051 4305 2106 4357 in
2134 4303 2220 4360 die
2253 4306 2558 4374 peccaverit
2586 4303 2640 4359 in
2671 4316 2742 4363 te.
2766 4315 2820 4359 et
2843 4305 3041 4373 septies
3066 4306 3119 4360 in
3150 4307 3235 4361 die
3262 4321 3392 4360 con-

136 4380 375 4469 ἐπτάκις
406 4383 714 4458 ἐπιστρέψῃ
744 4388 821 4451 είς
839 4388 916 4454 σέ,
948 4389 1138 4460 λέγων,
1173 4394 1454 4462 Μετανοῶ,
1486 4399 1713 4469 ἀφήσεις

1821 4407 2010 4448 versus
2044 4393 2206 4449 fuerit
2252 4397 2318 4450 ad
2357 4406 2426 4461 te,
2464 4397 2671 4463 dicens,
2717 4394 2948 4451 Paenitet
3010 4413 3095 4452 me
3126 4414 3140 4451 :
3176 4397 3393 4452 remitte

133 4468 316 4540 αύτῷ.
357 4491 375 4524 ι
439 4472 655 4547 Ἐπειδὴ
685 4478 734 4530 οἱ
763 4478 1067 4550 Φαρισαῖοι,
1101 4483 1492 4557 φιλοχρήματοι
1541 4468 1713 4558 ὄντες,

1823 4484 1972 4538 illi.»
2032 4486 2298 4553 Quoniam
2359 4485 2619 4543 Pharisaei
2675 4473 2828 4543 avari
2909 4490 3392 4544 obmurmurabant

129 4564 494 4635 διεγόγγυζον
543 4569 685 4622 κατὰ
744 4571 840 4625 τοῦ
886 4572 1094 4644 Κυρίου
1143 4577 1273 4646 περὶ
1330 4579 1713 4652 άκτημοσύνης

1821 4585 2009 4632 contra
2041 4578 2324 4634 Dominum
2360 4581 2424 4635 de
2459 4587 2773 4651 paupertate
2821 4581 3148 4651 loquentem,
3197 4580 3390 4650 quibus

126 4655 418 4725 λέγοντος,
465 4657 588 4716 εἷπε
635 4661 735 4733 μὲν
774 4662 867 4717 καὶ
903 4664 1000 4736 τὴν
1028 4667 1124 4719 τοῦ
1157 4667 1413 4722 πλουσίου
1480 4672 1576 4725 καὶ
1622 4671 1713 4726 τοῦ

1820 4677 1874 4724 et
1908 4670 2217 4738 patabolam
2248 4671 2381 4726 dixit
2418 4672 2483 4727 de
2523 4673 2687 4727 divite
2729 4681 2783 4728 et
2823 4671 3049 4741 Lazaro,
3097 4673 3388 4727 ostendens

122 4746 393 4820 Λαζάρου
425 4751 764 4823 παραϐολὴν,
793 4752 1055 4808 δεικνύων
1075 4757 1256 4819 αὐτοῖς
1286 4757 1374 4812 διὰ
1395 4758 1600 4832 ταύτης
1626 4759 1713 4816 οἵα

1820 4761 1899 4816 eis
1947 4775 2045 4832 per
2087 4761 2257 4828 illam,
2309 4774 2508 4832 quanta
2544 4773 2763 4833 propter
2796 4778 3034 4818 amorem
3079 4762 3387 4817 divitiarum

120 4835 337 4904 αὐτοὺς
371 4840 588 4907 κόλασις
621 4843 896 4910 ἐκδέξεται
925 4845 1014 4900 διὰ
1061 4847 1122 4900 τὸ
1150 4848 1524 4917 φιλόπλουτον.
1552 4852 1713 4921 Λέγει

1821 4851 2080 4919 supplicia
2110 4852 2322 4920 passuri
2364 4862 2490 4907 sunt
2520 4870 2533 4907 :
2565 4853 2693 4907 dicit
2725 4869 2870 4908 nunc
2899 4853 2964 4907 ad
3001 4851 3291 4921 discipulos
3324 4852 3388 4907 de

115 4927 177 4980 δὲ
216 4928 420 4985 λοιπὸν
451 4934 545 4986 καὶ
591 4934 728 5005 πρὸς
759 4937 886 5001 τοὺς
923 4936 1173 5009 μαθητάς
1221 4942 1316 4994 καὶ
1362 4943 1490 5012 περὶ
1537 4942 1713 4997 αὐτῶν

1821 4942 2010 4998 iisdem
2054 4941 2364 5010 Pharisaeis,
2407 4943 2760 5001 manifestans
2809 4960 2903 5000 eos
2954 4958 3076 4999 esse
3104 4944 3387 4998 seandalo-

115 5017 240 5072 τῶν
277 5022 614 5093 Φαρισαίων,
652 5027 1120 5102 σκανδαλουργοὺς
1167 5033 1448 5104 ἐμφαίνων
1495 5035 1713 5105 αὐτοὺς,

1820 5048 1938 5088 rum
1970 5039 2242 5100 auctores,
2272 5043 2327 5090 et
2356 5035 2712 5106 impedientes
2743 5051 2774 5091 a
2801 5037 2886 5090 via
2909 5035 3026 5100 Dei,
3058 5042 3111 5089 et
3144 5045 3390 5104 propter-

120 5110 229 5164 καὶ
281 5113 626 5184 ἐμποδιστὰς
653 5117 752 5187 τῆς
799 5119 950 5184 θείας
979 5121 1121 5187 όδοῦ,
1155 5127 1248 5176 καὶ
1277 5123 1364 5178 διά
1391 5123 1550 5178 τοῦτο
1591 5125 1713 5178 οὐαὶ

1822 5141 1884 5181 ea
1910 5140 1990 5181 va:
2020 5125 2098 5181 eis
2132 5120 2498 5195 inﬂlgendum.
2523 5125 2814 5182 Videamus
2860 5128 3020 5196 igitur
3045 5126 3172 5195 quid
3201 5127 3344 5180 dicat
3372 5146 3386 5182 :

117 5200 328 5268 αὐτοῖς
355 5207 699 5279 ἀποκληρῶν.
735 5210 800 5264 Τί
822 5208 916 5264 οὖν
957 5229 1154 5282 φησιν,
1208 5213 1426 5284 ίδωμεν.
1472 5215 1710 5269 Ἀνένδε-

1822 5214 1962 5272 Fieri
2006 5233 2112 5272 non
2154 5229 2332 5286 potest
2362 5229 2418 5274 ut
2446 5235 2550 5274 non
2589 5220 2845 5274 eveniant
2883 5218 3158 5284 scandala,
3189 5219 3265 5289 (α)
3313 5237 3389 5275 va:

114 5294 264 5348 κτὸν
321 5297 444 5350 ἐστι
493 5298 569 5370 μὴ
621 5302 797 5356 ἐλθεῖν
824 5304 894 5356 τά
947 5304 1240 5370 σκάνδαλα,
1280 5306 1403 5359 οὐαὶ
1452 5307 1506 5358 δὲ
1558 5306 1624 5359 δι’
1654 5301 1713 5360 οὗ

1820 5317 1998 5363 autem
2044 5310 2119 5362 illi
2175 5325 2269 5378 per
2304 5323 2462 5379 quem
2511 5309 2737 5364 veniunt
2784 5327 2796 5362 :
2851 5309 3057 5363 scilicet
3112 5309 3224 5364 ﬁeri
3284 5327 3386 5366 non

114 5382 388 5454 ἔρχεται,
439 5391 756 5458 τουτέστιν,
809 5394 1072 5449 ἀδύνατόν
1123 5397 1238 5448 ἐστι
1299 5396 1372 5468 μὴ
1422 5397 1596 5450 ὲλθεῖν
1647 5400 1713 5452 τὰ

1820 5411 1992 5470 potest
2039 5411 2096 5455 ut
2144 5417 2246 5456 non
2300 5403 2518 5457 veniant
2556 5403 2830 5469 scandala,
2869 5404 2967 5457 hoc
3011 5413 3109 5466 est,
3161 5405 3386 5474 impedi-

107 5478 440 5544 ι.τκάνδαλα,
486 5482 606 5552 ’ήτοι
635 5483 702 5537 τά
734 5484 1030 5556 κωλύματα
1071 5490 1172 5557 τῆς
1213 5488 1424 5558 άγαθῆς
1455 5490 1546 5543 xxi
1595 5489 1713 5543 θεο-

1822 5502 2000 5545 tnenta
2051 5493 2202 5546 bonae
2251 5497 2464 5562 Deoque
2524 5497 2730 5564 placitae
2780 5497 2916 5549 vitae.
2965 5496 3198 5551 Necesse
3245 5499 3384 5551 enim

105 5568 335 5638 φιλοῦς
369 5570 666 5637 πολιτείας.
728 5576 967 5644 Ἀνάγκη
991 5580 1098 5650 γὰρ
1126 5578 1213 5632 διὰ
1256 5579 1354 5648 τὴν
1379 5581 1580 5650 πολλὴν
1608 5581 1713 5634 τῶν

1821 5595 2035 5653 propter
2069 5587 2286 5639 multam
2335 5588 2607 5640 hominum
2656 5589 2914 5641 malitiam
2949 5590 3111 5642 multa
3161 5590 3386 5658 impedi-

96 5662 224 5714 εινο
235 5663 449 5732 ρώπων
473 5667 737 5738 πονηρίαν
764 5669 1062 5740 κωλύματα
1102 5671 1272 5726 πολλὰ
1300 5674 1394 5726 τοῦ
1425 5671 1713 5745 κηρύγμα-

1825 5685 2004 5729 menta
2035 5677 2432 5744 praedicationis
2463 5688 2512 5733 et
2539 5679 2778 5733 veritatis
2811 5681 3054 5733 imeniri.
3089 5677 3178 5732 νςυ
3210 5690 3385 5730 autent

190 5844 286 5914 (α)
314 5843 458 5901 Edit.
498 5846 621 5903 Lut.
657 5848 859 5920 omisit,
892 5865 964 5907 va:
992 5859 1163 5906 autent
1201 5851 1277 5905 iiii
1308 5869 1396 5921 per
1444 5871 1592 5923 quem
1641 5855 1844 5910 veniunt
1881 5873 1894 5908 ;
1929 5854 2122 5908 scilicet
2147 5856 2382 5923 ﬁcri-nou
2418 5871 2579 5928 potest
2636 5867 2691 5910 ut
2718 5873 2820 5910 non
2866 5857 3070 5911 ueniant
3115 5855 3387 5912 scandala.
