3932 6456
529 375 639 439 983

1451 381 2035 444 THEOPHYLACTI
2075 383 2486 449 BULGARI/E
2527 388 2882 451 ARCHIEP.
3589 428 3594 432 -
3639 395 3726 458 981

533 488 606 541 illi
637 501 731 556 per
750 501 909 556 quem
947 487 1186 556 veniunt,
1209 489 1261 546 id
1282 499 1386 557 est,
1420 490 1496 547 illi
1522 493 1612 562 qui
1640 508 1704 548 ea
1736 492 1886 561 facit,
1911 495 2084 566 quale:

2200 517 2290 564 τος
2347 500 2442 556 καὶ
2472 501 2570 572 τῆς
2601 501 2860 574 ἀληθείας
2882 499 3190 573 εὑρεθῆναι⁸
3225 499 3366 572 πλὴν
3394 500 3508 557 ἀλλ’
3538 504 3650 560 ούαὶ
3667 511 3732 580 τῷ

528 585 656 634 sunt
677 576 1068 649 Pharisaei,jqui
1085 579 1364 638 oll‘endunt
1381 591 1436 638 et
1462 583 1746 649 prohibent
1759 585 2096 654 praedicatio-

528 683 672 722 nem.
715 668 790 739 (a)
820 669 886 722 At
929 669 1174 741 plerique
1238 673 1618 730 addubitantes
1673 683 2093 745 quierunt,nnm

502 773 750 814 necesse
785 759 875 825 sit,
917 763 1172 818 eveniant
1197 764 1474 832 scandala,
1505 781 1625 836 quin
1659 765 2094 836 praedicationem

526 863 750 916 prorsus
782 848 942 922 423
980 852 1298 922 impediunt.
1332 853 1510 922 Quare
1546 855 1710 926 igitur
1739 856 2092 925 condemnas,

527 938 772 1007 Domine,
793 953 846 997 et
865 945 1092 1001 miseros
1110 946 1244 1002 dicis
1267 961 1359 1003 eos
1387 948 1478 1018 qui
1493 948 1744 1005 scandala
1772 949 2094 1007 iaciuntiex

529 1034 852 1090 necessitate
881 1037 1024 1091 enim
1056 1037 1190 1093 tales
1215 1038 1343 1093 facti
1367 1049 1512 1094 sunt.
1538 1039 1710 1096 Omne
1740 1049 1918 1098 autem
1948 1044 2093 1114 quod

529 1124 920 1190 necessarium,
964 1125 1065 1180 hoc
1093 1135 1149 1182 et
1177 1129 1328 1183 venia
1367 1129 1616 1199 dignum.
1661 1128 1770 1186 Sed
1791 1132 1914 1186 audi
1948 1133 2090 1203 quod

524 1217 822 1273 necessitas
861 1218 946 1272 illa
989 1234 1054 1276 ex
1085 1221 1365 1278 voluntate
1415 1223 1578 1280 habet
1635 1223 1843 1279 initium
1877 1243 1893 1292 ;
1933 1236 2010 1292 et,
2037 1238 2095 1282 ut

529 1308 848 1377 explicatius
879 1311 1051 1365 dicam
1089 1352 1106 1378 ,
1170 1312 1432 1370 Dominus
1481 1315 1670 1373 videns
1706 1317 1965 1373 malitiam
1997 1319 2094 1374 ho-

525 1399 728 1456 minum
758 1402 849 1470 qui
881 1410 1006 1457 tunc
1038 1412 1192 1458 erant
1226 1421 1239 1458 :
1280 1405 1433 1475 proni
1469 1407 1614 1462 enim
1660 1417 1816 1464 erant
1847 1409 1901 1465 in
1931 1426 2092 1467 omne

494 1537 502 1545 ..
522 1494 748 1560 malum,
772 1495 1015 1566 nihilque
1060 1496 1184 1552 boni
1216 1496 1482 1568 eligebant
1526 1515 1542 1554 :
1576 1499 1710 1556 dicit
1753 1502 1897 1572 quod
1918 1517 2091 1574 quan-

526 1591 639 1636 tum
673 1583 740 1638 ad
771 1586 1210 1655 consequentiam
1260 1601 1446 1642 eorum
1507 1604 1628 1659 qua:
1682 1590 1954 1659 videntur,
1989 1607 2090 1648 ne-

522 1687 672 1728 cesse
717 1673 787 1728 sit
828 1674 1012 1729 venire
1045 1676 1321 1732 scandala.
1370 1677 1572 1736 Malitia
1629 1680 1793 1750 igitur
1847 1681 1934 1737 cui
1971 1689 2088 1738 stu-

519 1763 647 1818 dent
699 1764 966 1834 liomines,
1017 1769 1414 1825 eri-voluntate
1441 1779 1543 1828 est.
1594 1770 1850 1842 Operatio
1905 1783 2084 1831 autem

519 1854 966 1913 oliendiculorum
1003 1861 1314 1917 necessario
1362 1862 1618 1918 malitiam
1663 1865 1956 1920 comitatur
1988 1884 2002 1920 :
2035 1876 2090 1922 et
2121 1857 2160 1912 Β

520 1945 593 2000 ita
625 1958 843 2018 propter
864 1951 967 2006 hoc
1005 1961 1061 2006 et
1085 1952 1336 2020 puniendi
1383 1963 1510 2010 sunt
1543 1955 1923 2011 scaudalorum
1957 1973 2079 2014 auc.

521 2048 688 2095 tores.
717 2039 782 2095 Et
811 2055 907 2112 age
936 2042 1178 2098 dicamus
1212 2045 1482 2116 exempla.
1526 2047 1730 2104 Videtis
1779 2051 2084 2121 quempiam

522 2131 761 2188 medicus
813 2134 1008 2190 malam
1057 2135 1271 2192 diaetam
1350 2153 1572 2195 servare
1623 2151 1678 2196 et
1725 2141 2083 2198 insatiabilem

520 2237 665 2289 esse,
686 2225 860 2282 dicit:
897 2226 1270 2284 Necessarium
1295 2239 1375 2287 est
1422 2232 1570 2287 illum
1597 2243 1884 2304 argrotare.
1946 2233 2082 2290 Num

518 2313 686 2384 igitur
737 2315 958 2372 morbus
1007 2319 1390 2376 necessarius?
1443 2321 1644 2388 Etiam,
1701 2333 1969 2394 quatenus
2017 2327 2084 2381 ad

520 2405 674 2461 malae
704 2407 875 2464 diaeta:
901 2411 1362 2467 consecutionem.
1416 2411 1706 2483 Propterea
1741 2430 1822 2471 vae
1855 2416 1938 2472 his
1994 2417 2084 2488 qui

521 2496 957 2566 praedicationem
987 2499 1307 2569 impediunt,
1342 2517 1408 2556 eo
1433 2503 1574 2573 quod
1625 2505 1676 2559 in
1711 2514 1917 2561 tantam
1957 2522 2084 2577 per-

519 2597 780 2643 venerunt
818 2589 1103 2656 malitiam,
1146 2599 1206 2646 ut
1252 2592 1416 2648 etiam
1472 2596 1790 2652 necessario
1834 2599 2086 2653 eveniant

516 2678 794 2735 scandala.
827 2681 894 2735 Et
926 2681 1206 2751 expediret
1246 2685 1417 2756 magis
1453 2685 1660 2741 homini
1715 2688 1972 2744 scandala
2030 2698 2086 2744 et

517 2765 839 2825 oil‘endicula
868 2769 1086 2828 facienti
1151 2773 1344 2830 molam
1380 2775 1671 2832 asinariam
1705 2777 1760 2834 in
1806 2777 1946 2835 collo
1967 2778 2086 2850 ejus

516 2857 771 2928 appendi,
803 2867 858 2914 et
887 2860 1078 2931 projici
1115 2876 1237 2918 eum
1287 2864 1340 2918 in
1371 2878 1546 2933 mare,
1588 2881 1750 2937 quam
1802 2883 1966 2923 unum
2017 2883 2083 2925 ex

516 2949 729 3018 pusillis
758 2949 1004 3009 ﬁdelibus
1037 2955 1396 3012 scandalizari
1437 2965 1491 3013 et
1517 2959 1780 3015 subverti.
1808 2959 1944 3016 ldeo‘
1965 2976 2084 3016 mu-

518 3040 596 3094 nit
625 3041 919 3112 discipulos
948 3058 1096 3110 suos,
1131 3056 1185 3102 et
1213 3045 1378 3104 dicit:
1433 3047 1632 3105 Cavete
1685 3055 1861 3107 vobis.
1919 3051 2079 3120 Ecce,

514 3134 712 3204 inquit,
745 3136 980 3206 praedico
1019 3138 1170 3196 vobis
1199 3141 1341 3210 quod
1385 3143 1600 3199 venient
1653 3145 1814 3213 mala,
1858 3147 2082 3202 inexcu-

2200 594 2267 649 δι’
2293 588 2355 650 οὗ
2385 593 2654 665 ἔρχονται,
2684 593 2764 666 τῷ
2788 594 2994 668 ἐργάτῃ
3015 593 3245 658 τούτων,
3274 589 3379 648 οἷοι
3406 597 3451 650 oi
3475 597 3731 671 Φαρισαῖοι

2199 685 2662 752 σκανδαλίζοντες,
2703 687 2799 742 καὶ
2846 686 3147 750 κωλύοντες
3177 685 3238 741 τδ
3284 686 3566 758 κήρυγμα.
3594 690 3731 747 Ἀλλὰ

2200 778 2424 850 ζητοῦσι
2455 779 2642 834 πολλοὶ
2675 778 3101 850 ἐπαποροῦντες,
3149 780 3199 833 εί
3237 779 3454 848 ἀνάγκη
3483 781 3647 834 ἐλθεῖν
3677 785 3733 837 τὰ

2201 871 2494 937 σκάνδαλα,
2512 872 2603 924 καὶ
2623 871 2884 925 ἀδύνατον
2901 869 2976 941 μὴ
2993 869 3386 941 ἐμποδισθῆναι
3403 870 3462 924 τὺ
3477 873 3730 942 κήρυγμα,

2196 964 2285 1017 διά
2314 965 2366 1017 τί
2391 963 2576 1018 λοιπὸν
2613 963 2986 1033 κατακρίνεις,
3029 958 3074 1016 ὢ
3120 962 3315 1030 Κύριε,
3343 963 3436 1015 καί⁵
3460 963 3735 1029 ταλανίζεις

2195 1056 2323 1121 τοὺς
2351 1055 2460 1110 τῶν
2488 1055 2802 1111 σκανδάλων
2833 1055 3069 1126 ἐργάτας
3093 1070 3108 1120 ;
3141 1053 3200 1118 ἐξ
3221 1053 3470 1123 ἀνάγκης
3508 1053 3611 1124 γὰρ
3632 1056 3734 1123 ἐγί-

2195 1165 2348 1203 νοντο
2410 1147 2662 1212 τοιοῦτοι,
2705 1149 2818 1202 πᾶν
2869 1147 2926 1202 δὲ
2969 1147 3030 1201 τὸ
3051 1144 3456 1214 ἀναγκαστικὸν
3486 1146 3582 1198 καὶ
3631 1163 3736 1214 συγ-

2195 1241 2454 1310 γνωστόν.
2503 1239 2642 1294 Ἀλλ’
2682 1241 2846 1296 ἀκουε
2885 1240 2969 1294 ὅτι
2995 1240 3028 1310 ή
3059 1237 3272 1307 ἀνάγκη
3313 1235 3452 1307 αὕτη
3486 1239 3550 1290 ἐκ
3573 1254 3733 1307 προαιε

2197 1335 2403 1406 ρέσεως
2453 1332 2567 1404 ἔχει
2605 1333 2707 1402 τὴν
2739 1331 2936 1403 ἀρχὴν,
2992 1326 3106 1384 οἷόν
3165 1346 3219 1383 τι
3249 1327 3414 1397 λέγω,
3475 1329 3504 1381 ὁ
3560 1328 3734 1397 Κύριος

2192 1429 2334 1500 ὁρῶν
2381 1427 2480 1499 τὴν
2527 1424 2791 1498 πονηρίαν
2821 1423 2930 1479 τῶν
2955 1423 3076 1478 τότε
3107 1419 3438 1493 ἀνθρώπων,
3473 1419 3568 1473 καὶ
3609 1421 3732 1486 ὅπως

2192 1539 2470 1608 ἐγκεινται
2501 1539 2594 1592 ἐπὶ
2627 1537 2688 1592 τὸ
2711 1536 2969 1608 πονηρὸν,
3012 1536 3110 1590 καὶ
3150 1534 3302 1589 οὐδὲν
3341 1531 3550 1601 ἀγαθὸν
3573 1548 3733 1600 προαιο

2196 1631 2439 1703 ροῦνται,
2482 1625 2659 1696 εἶπεν,
2715 1631 2798 1684 ὃτι
2855 1629 2977 1682 ὅσον
3004 1627 3114 1681 ἀπὸ
3157 1626 3257 1696 τῆς
3303 1622 3620 1683 ἀκολουθίας
3645 1622 3730 1673 τῶν

2190 1725 2482 1795 ὁρωμένων
2508 1722 2723 1792 ἀνάγκη
2756 1721 2904 1774 ἐστὶν
2933 1721 3106 1774 ἐλθεῖν
3125 1717 3194 1772 τά
3219 1715 3516 1771 σκάνδαλα.
3569 1713 3628 1767 Ἦ
3652 1714 3731 1782 μὲν

2190 1813 2282 1872 οὖν
2317 1815 2572 1887 πονηρία,
2611 1817 2676 1886 ἢν
2701 1811 3090 1883 ἐπετηδεύοντο
3136 1810 3184 1864 oi
3211 1807 3515 1881 ἄνθρωποι,
3539 1807 3598 1860 ἐκ
3621 1822 3732 1875 προ-

2188 1906 2474 1978 αιρέσεως,
2509 1904 2625 1976 ἡδὲ
2651 1904 2758 1959 τῶν
2790 1902 3102 1958 σκανδάλων
3134 1900 3370 1972 ἐργασία
3407 1899 3476 1951 ἐκ
3515 1896 3611 1965 τῆς
3653 1912 3731 1948 πο-

2189 1994 2381 2066 νηρίας
2427 1992 2741 2062 ἀναγκαίως
2784 1989 3242 2062 ἐπηκολούθησεν,
3295 1985 3439 2041 ὥστε
3490 1985 3577 2039 διὰ
3601 1983 3729 2036 τοῦτο

2188 2088 2282 2140 καὶ
2305 2086 2583 2140 κολαστέοι
2631 2086 2682 2138 οῖ
2703 2084 2811 2138 τῶν
2841 2082 3153 2138 σκανδάλων
3181 2080 3431 2151 ἐργάται.
3477 2077 3584 2142 Ὧς,
3619 2074 3728 2145 φέρε

2187 2183 2364 2236 εἰπεῖν
2413 2181 2506 2233 ἐπὶ
2541 2177 2962 2248 ὑποδείγματος,
3013 2173 3195 2244 ίατρδς
3227 2172 3371 2244 ὀρῶν
3392 2187 3514 2224 τινα
3554 2165 3729 2238 μοχθη-

2192 2275 2300 2345 ρῶς
2344 2271 2718 2342 διαιτώμενον,
2759 2270 2854 2323 καὶ
2907 2267 3181 2338 ἀπληστίᾳ
3233 2267 3539 2336 χρώμενον,
3570 2260 3724 2312 εἴποι·

2201 2366 2524 2437 Ἀναγκαῖόν
2555 2365 2671 2420 ἐστι
2724 2363 2913 2418 τοῦτον
2950 2361 3197 2432 νοσῆσαι.
3239 2353 3370 2428 'Ap’
3405 2351 3500 2408 οὖν
3530 2355 3564 2425 η
3601 2352 3727 2412 νόσος

2187 2461 2488 2530 ἀναγκαίας
2513 2458 2642 2524 Ναὶ,
2673 2458 2795 2511 ὅσον
2819 2455 2927 2510 ἀπὸ
2951 2457 3048 2527 τῆς
3072 2449 3391 2513 ἀκολουθίας
3418 2449 3515 2520 τῆς
3553 2448 3726 2518 μοχθη-

2188 2555 2290 2627 ρᾶς
2321 2552 2551 2623 διαίτης.
2615 2551 2713 2606 Διά
2769 2548 2930 2603 τοῦτο
2981 2545 3107 2600 οὐαὶ
3147 2547 3259 2606 τοῖς
3291 2542 3633 2614 ἐμποδίζουσι
3663 2541 3724 2611 τῷ

2187 2645 2528 2716 κηρύγματι,
2561 2643 2695 2696 διότι
2741 2642 2822 2704 είς
2849 2637 3107 2692 τοσοῦτον
3139 2634 3340 2698 κακίας
3369 2629 3563 2704 ἦλθον,
3610 2631 3721 2684 ὥστε

2185 2739 2429 2810 ἀνάγκην
2479 2736 2733 2806 γενέσθαι
2760 2733 2852 2787 τοῦ
2875 2731 3051 2786 ἐλθεῖν
3079 2729 3150 2784 τὰ
3185 2726 3475 2782 σκάνδαλα.
3505 2723 3614 2778 Καὶ
3637 2725 3722 2792 γὰρ

2187 2848 2462 2920 συμφέρει
2521 2846 2601 2918 τῷ
2651 2842 2924 2916 ἀνθρώπῳ
2959 2840 3038 2913 τῷ
3070 2837 3341 2894 σκάνδαλα
3381 2839 3477 2890 καὶ
3521 2833 3722 2906 ἐμπόδια

2188 2942 2432 2996 ποιοῦντι
2477 2937 2646 3010 μύλον
2701 2935 2882 2992 όνικὸν
2941 2932 3319 3006 περιτεθῆναι,
3357 2929 3452 2984 καὶ
3493 2927 3720 2998 βληθῆναι

2184 3036 2264 3098 είς
2299 3031 2398 3104 τὴν
2426 3029 2722 3096 θάλασσαν,
2758 3028 2791 3098 ἢ
2833 3027 2930 3082 ἐνα
2957 3025 3068 3080 τῶν
3108 3021 3319 3095 μικρῶν
3354 3019 3558 3074 πιστῶν
3583 3033 3720 3070 σκαν-

2181 3126 2392 3182 δαλίσαι
2426 3126 2522 3180 καὶ
2585 3120 2936 3195 περιτρέψαι.
2969 3118 3060 3172 Διὸ
3104 3114 3463 3186 ἀσφαλίζεται
3490 3111 3610 3174 τοὺς
3638 3127 3721 3180 μα·

513 3225 710 3283 sabiles
737 3229 889 3284 estis.
942 3227 1320 3288 Necessarium
1363 3235 1508 3290 enim
1562 3244 1620 3291 ut
1677 3237 1895 3294 veniant
1958 3239 2076 3305 illa,

2188 3221 2375 3294 θητάς,
2406 3218 2500 3274 καί
2562 3193 2724 3289 φησι·
2752 3193 2760 3195 7
2785 3212 3087 3286 Προσέχετε
3134 3211 3374 3305 ἐοιυτοῖςἶ
3405 3203 3719 3305 fidam-qna,

513 3329 622 3370 non
651 3331 871 3374 necesse
903 3328 1083 3376 autem
1117 3337 1213 3379 vos
1255 3324 1454 3394 perire,
1490 3326 1534 3382 si
1567 3328 1781 3397 quidem
1835 3329 2083 3385 munive-

511 3408 634 3463 ritis
655 3417 710 3463 et
739 3411 1082 3467 armaveritis
1114 3427 1230 3469 vos.
1273 3414 1651 3473 Necessarium
1683 3421 1828 3474 enim
1861 3431 1947 3476 est
1992 3436 2082 3476 ve-

514 3498 630 3552 nire
657 3498 864 3568 lupum,
889 3502 983 3556 sed
1018 3502 1062 3557 si
1096 3501 1397 3574 vigilaverit
1424 3516 1634 3576 pastor,
1669 3523 1773 3564 non
1825 3525 2079 3567 necessa-

513 3592 654 3646 rium
683 3602 764 3647 est
796 3593 973 3663 perire
1001 3609 1162 3666 oves,
1214 3597 1309 3654 sed
1344 3599 1503 3669 lupus
1537 3599 1738 3656 frustra
1779 3602 1936 3660 hians
1967 3605 2081 3661 abi-

513 3683 613 3740 bit.
646 3684 789 3741 Dixit
819 3684 983 3757 igitur
1015 3688 1131 3744 haec
1153 3689 1219 3745 de
1249 3689 1336 3746 liis
1370 3690 1460 3761 qui
1498 3689 1797 3760 oli‘endunt,
1830 3693 1933 3750 hoc
1975 3704 2078 3760 est,

510 3775 810 3843 impediunt
841 3786 896 3832 et
924 3789 1144 3836 nocent.
1173 3780 1438 3848 Quoniam
1469 3793 1650 3839 autem
1674 3785 1860 3841 multa:
1887 3785 2080 3842 horum

509 3863 826 3924 dilfereutiae
879 3885 894 3924 :
949 3885 1072 3924 nam
1133 3872 1222 3928 alii
1278 3873 1497 3943 quidem
1568 3886 1698 3932 sunt
1735 3877 2078 3947 incurabiles,

510 3959 698 4028 quales
727 3958 986 4017 Pharisaei
1008 3968 1038 4028 ‘,
1072 3961 1162 4018 alii
1195 3979 1325 4021 vero
1345 3965 1636 4033 sanabiles,
1660 3969 1851 4039 quales
1880 3969 2080 4026 fratres

513 4049 726 4107 Domini
780 4067 908 4123 erga
961 4053 1247 4111 Dominqu
1290 4057 1517 4128 ipsum:
1580 4074 1707 4115 nam
1751 4075 1925 4132 neque
1978 4062 2080 4132 ipsi

513 4143 806 4201 credebant
835 4145 890 4201 in
925 4159 1046 4202 eum
1075 4160 1088 4206 :
1119 4149 1246 4219 quia
1273 4148 1439 4220 igitur
1460 4151 1642 4207 multa
1675 4151 2078 4222 impedientium

511 4235 847 4304 diﬂ'erentiie,
909 4238 1203 4296 verisimile
1270 4241 1434 4297 etiam
1479 4243 1744 4312 quosdam
1791 4243 1884 4314 qui
1937 4244 2077 4300 idem

509 4328 754 4398 credant,
783 4329 919 4385 tales
944 4345 1066 4386 esse
1091 4347 1108 4399 ;
1136 4339 1192 4386 et
1241 4345 1521 4404 propterea
1563 4334 1734 4390 dicit:
1791 4335 1848 4391 Si
1881 4350 2076 4406 pecca-

509 4422 648 4475 verit
673 4421 725 4476 in
763 4431 815 4476 te
850 4421 1017 4476 frater
1038 4430 1184 4488 tuus,
1217 4438 1381 4494 argue
1408 4440 1530 4481 eum
1561 4434 1615 4480 tu
1645 4427 1814 4492 solus,
1849 4434 1904 4482 et
1930 4441 2078 4482 seor-

507 4527 667 4569 sum:
699 4521 754 4569 et
781 4513 1047 4584 siquidem
1092 4514 1326 4573 audierit
1370 4527 1444 4583 te,
1505 4518 1748 4574 lucratus
1793 4531 1854 4574 es
1887 4517 2071 4574 illum:

2183 3313 2434 3386 προλέγω
2461 3311 2613 3381 ὑμῖν,
2636 3310 2719 3364 ὅτι
2750 3308 2872 3380 ἥξει
2897 3306 2963 3361 τά
2981 3303 3149 3368 κακά,
3179 3299 3574 3369 ἀναπολόγητοί
3597 3299 3716 3351 ἐστε.

2196 3405 2434 3475 Ἀνάγκη
2462 3403 2562 3475 μὲν
2595 3401 2700 3472 γὰρ
2733 3399 2886 3471 ἥξειν
2909 3399 3114 3460 ἐκεῖνα,
3147 3395 3247 3449 ούκ
3271 3393 3482 3462 ἀνάγκη
3508 3392 3563 3445 δέ
3600 3389 3718 3458 ὑμᾶς

2182 3495 2500 3560 ἀπολέσθαι,
2529 3493 2645 3562 εῐγε
2680 3487 3046 3562 άσφαλίζεσθε
3085 3485 3311 3549 ἑαυτοὺς
3354 3483 3451 3538 καὶ¹
3486 3479 3717 3535 καθοπλί-

2183 3589 2326 3655 ζετε.
2377 3587 2620 3656 Ἀνάγκη
2671 3584 2770 3655 μὲν
2825 3583 2934 3654 γὰρ
2961 3581 3053 3634 τὸν
3103 3578 3266 3643 λύκον
3295 3576 3486 3640 ἐλθεῖν,
3517 3571 3623 3628 ἀλλ’
3641 3569 3716 3622 ἐὰν

2180 3680 2486 3753 ἐγρήγορεν
2541 3678 2570 3731 ὁ
2604 3675 2829 3748 ποιμὴν,
2880 3674 2981 3728 οὐκ
3018 3672 3232 3742 ἀνάγκη
3291 3662 3715 3740 διαφθαρῆναιτὰ

2183 3773 2454 3845 πρόσατα,
2487 3769 2626 3826 ἀλλά
2649 3768 2744 3824 τὸν
2763 3767 2924 3822 λύκον
2965 3765 3143 3836 μάτην
3197 3762 3430 3832 χανόντα
3474 3758 3712 3814 ἀπελθεῖν.

2181 3862 2368 3918 Εἰπὼν
2394 3861 2487 3917 οὖν
2509 3860 2685 3916 ταῦτα
2707 3861 2835 3932 περὶ⁵
2864 3859 2973 3912 τῶν
2991 3851 3452 3918 σκανδαλιζόντων
3497 3851 3586 3903 καὶ
3607 3849 3713 3918 plac

2180 3957 2458 4023 πτόντων,
2501 3952 2780 4008 τουτέστιν
2846 3947 3268 4021 ἐμποδιζόντων,
3322 3944 3507 4014 ἐπειδὴ
3553 3937 3714 3995 πολλαὶ

2179 4046 2435 4119 διαφοραί
2461 4046 2566 4100 είσι
2593 4044 2821 4099 τούτων’
2860 4043 2911 4096 οῖ
2952 4041 3053 4112 μὲν
3082 4041 3191 4110 γάρ
3215 4039 3354 4092 εἰσιν
3387 4025 3712 4099 ἀνίατοι,οἷον

2179 4144 2228 4196 oi
2266 4141 2567 4212 Φαρισαῖοι,
2597 4139 2647 4193 oi
2685 4136 2740 4191 δέ
2765 4135 2992 4205 ίάσιμοι,
3026 4130 3197 4186 οἷοιοί
3225 4129 3320 4184 τοῦ
3356 4127 3555 4199 Κυρίου
3581 4122 3714 4177 ἀδελ·

2181 4237 2271 4306 φοὶ
2304 4236 2441 4308 πρὸς
2495 4232 2658 4288 αὐτὸν
2710 4231 2803 4284 τὸν
2853 4227 3079 4302 Κύριον,
3121 4225 3242 4280 ούδέ
3289 4223 3400 4294 γὰρ
3447 4213 3711 4274 aetolia!-

2183 4346 2370 4387 στευον
2395 4329 2477 4394 είς
2496 4325 2683 4383 αὐτόν·
2712 4323 2836 4380 ἐπεὶ
2861 4322 2955 4378 οὖν
2978 4320 3172 4378 πολλαὶ
3212 4319 3467 4390 διαφοραὶ
3507 4314 3607 4370 τῶν
3632 4315 3710 4382 ἐμ-

2181 4421 2525 4486 ποδιζόντων*
2563 4417 2711 4482 είκὺς
2763 4417 2872 4488 γάρ
2927 4411 3068 4470 εἷναί
3091 4430 3246 4478 τινας
3293 4413 3391 4466 καὶ
3418 4410 3710 4481 ὀμοπίστους

2177 4513 2449 4577 τοιούτους
2479 4528 2494 4544 ο
2527 4511 2615 4566 διὰ
2644 4508 2800 4566 τοῦτό
2822 4523 3008 4580 φησιν’
3052 4505 3178 4561 Ἑάν
3222 4505 3445 4577 ἁμάρτῃ
3499 4504 3572 4564 είς
3607 4498 3652 4552 σὲ
3686 4498 3708 4550 ὁ

506 4611 591 4666 sin
621 4611 823 4676 minus,
867 4612 1051 4682 accipe
1074 4619 1252 4668 tecum
1289 4627 1457 4668 unum
1487 4612 1572 4669 vel
1605 4612 1764 4678 duos,
1813 4621 1920 4670 etc.
1957 4628 2078 4685 quae

2188 4606 2408 4677 ἀδελφός
2448 4621 2566 4671 σου,
2595 4601 2922 4674 ἐπιτίμησον
2952 4597 3101 4671 αὐτῷ
3135 4598 3198 4652 σὺ
3232 4597 3394 4668 μόνος
3430 4593 3549 4648 κατ’
3581 4589 3706 4685 ἰδίαν.

506 4705 614 4761 late
642 4705 866 4776 exponit
915 4681 1252 4762 Mattliieus:
1302 4703 1479 4762 Lucas
1528 4714 1710 4762 autem
1765 4713 1822 4761 ut
1855 4681 1996 4762 dicta
2045 4719 2077 4761 a

2188 4699 2271 4754 ιιαὶ
2293 4699 2360 4754 ἃν
2392 4697 2492 4768 μὲν
2519 4695 2728 4768 ἀκούσῃ
2767 4711 2882 4760 σου,
2915 4691 3216 4764 ἐκέρδησας
3426 4702 3443 4718 ·
3486 4687 3539 4791 εί
3563 4683 3612 4738 δὲ
3633 4681 3706 4798 pili

502 4771 761 4854 Μειιιιιεὲο
795 4796 1011 4854 silentio
1037 4796 1318 4867 praeteriit.
1353 4797 1536 4868 Itaque
1562 4799 1656 4870 qui
1710 4798 1943 4855 audierit
1987 4799 2076 4854 in-

2188 4789 2459 4862 παράλασε
2517 4786 2657 4858 μετά
2687 4785 2782 4840 σοῦ
2827 4785 2926 4838 ἕνα
2978 4783 3012 4855 ἢ
3044 4783 3158 4847 δύο,
3205 4780 3298 4834 καὶ
3321 4779 3448 4887 ἑξῆς
3474 4793 3488 4808 ·
3515 4779 3606 4830 ὅσα
3635 4771 3707 4880 ibi?

501 4890 890 4960 crepationein,
929 4889 1088 4945 venia
1110 4889 1302 4957 dignus
1331 4897 1449 4954 est;
1482 4889 1576 4958 qui
1617 4897 1796 4945 autem
1834 4904 1942 4946 non
1972 4905 2071 4946 au-

2188 4881 2420 4944 τιλατέως
2448 4882 2475 4934 ὁ
2495 4878 2772 4942 Ματθαῖος
2798 4875 3034 4944 ἐξέθετο,
3057 4877 3084 4928 ό
3110 4873 3167 4928 δέ
3211 4873 3428 4936 Λουκᾶς
3468 4873 3706 4977 παρεσιώ·

499 4979 682 5046 dierit,
713 4981 782 5034 sit
814 4978 907 5034 tibi
941 4977 1354 5035 velutethnicus
1383 4987 1439 5035 et
1462 4979 1801 5050 publicanus,
1835 4980 1937 5037 hoc
1966 4991 2068 5050 est,

2188 4993 2352 5048 πησεν
2401 4974 2478 5039 ώς
2526 4973 2605 5045 τῷ
2638 4971 2906 5042 Ματθαίῳ
2963 4969 3217 5043 ρηθέντα.
3268 4967 3327 5022 '0
3361 4967 3460 5039 μὲν
3507 4967 3705 5066 dico-acac

499 5071 568 5126 ab
623 5069 872 5127 omnibus
923 5078 1286 5142 contemptus,
1341 5078 1397 5125 et
1449 5071 1699 5141 indignus
1752 5080 1812 5128 ut
1847 5083 2072 5132 vocetur

2188 5070 2288 5124 τῶν
2312 5068 2712 5138 ἐπιτιμήσεων,
2747 5064 3084 5136 συγγνώμης
3113 5063 3284 5128 ἄξιος,
3310 5061 3339 5115 ὁ
3367 5060 3425 5115 δὲ
3476 5057 3548 5130 μὴ
3576 5057 3704 5111 ἀκού-

498 5162 684 5216 frater.
722 5161 915 5218 Postea
947 5162 1101 5233 quasi
1135 5163 1425 5232 interroget
1450 5163 1752 5233 quispiam:
1781 5163 1930 5234 Esto,
1959 5165 2073 5222 Do-

2188 5179 2300 5229 σας,
2325 5161 2465 5216 ἐστω
2500 5178 2582 5214 σοι
2610 5161 2684 5223 ὡς
2706 5159 2734 5212 ὁ
2761 5158 2974 5221 ἐθνικὸς
2998 5157 3094 5210 καὶ
3131 5158 3159 5210 ὁ
3180 5154 3418 5224 τελώνης
3444 5194 3459 5219 ,
3497 5149 3701 5256 τουτέῗι

498 5251 666 5318 mine,
701 5251 816 5308 hinc
867 5254 1083 5323 quidem
1133 5253 1272 5309 bene
1307 5253 1513 5309 dixeris
1549 5271 1563 5310 :
1596 5255 1646 5311 si
1691 5263 1871 5310 autem
1926 5272 2069 5328 δεῖρε

2188 5254 2491 5326 βδελυκτδς,
2520 5253 2616 5307 καὶ
2665 5252 2766 5306 οὐκ
2823 5251 2973 5317 ἄξιος
2998 5247 3276 5304 καλεῖσθαι
3333 5245 3569 5348 ἀδελφός.
3599 5243 3701 5348 Εἶτα

489 5328 716 5396 veniam
743 5354 1066 5401 consecutus
1108 5344 1297 5413 fuerit,
1330 5353 1385 5400 et
1423 5346 1618 5401 iterum
1668 5353 1880 5413 noceat,
1937 5349 2067 5418 quid

2188 5349 2369 5420 ὥσπερ
2406 5347 2650 5410 εἰπόντος
2674 5347 2818 5410 τινὸς
2835 5385 2850 5410 ,
2880 5346 2963 5398 ὅτι
2995 5342 3199 5408 Ἔστω,
3223 5340 3421 5411 Κύριε,
3448 5337 3604 5393 ταῦτα
3626 5331 3700 5403 μὲν

500 5431 806 5488 iaciendum
837 5435 920 5489 ei?
943 5435 1074 5491 dicit
1111 5455 1125 5492 :
1171 5435 1226 5491 Si
1262 5436 1537 5507 resipiscit
1587 5437 1806 5504 iterum,
1856 5439 2071 5495 remitte

2188 5439 2360 5504 καλῶς
2391 5439 2605 5507 διεῖλες,
2634 5439 2729 5492 ἐὰν
2753 5438 2810 5492 δέ
2847 5436 3105 5500 πολλάκις
3133 5433 3463 5505 συγγνώμης
3491 5428 3700 5495 ἀξιωθεὶς

497 5525 568 5579 ei.
607 5524 672 5580 Et
709 5528 902 5580 iterum
933 5543 946 5580 :
983 5527 1040 5581 Si
1073 5529 1271 5598 septies
1295 5529 1347 5583 in
1382 5529 1470 5584 die
1527 5531 1830 5601 peccaverit
1856 5539 1908 5586 et
1933 5546 2065 5587 con-

2188 5531 2336 5586 τιάλιν
2367 5530 2596 5604 βλάπτῃ,
2649 5529 2700 5583 τί
2729 5530 2978 5603 ποιητέον
3005 5527 3195 5598 αὑτῷ;
3234 5525 3432 5619 φησίνρ
3566 5536 3678 5619 μετα

501 5630 694 5674 versus
734 5616 919 5685 fuerit,
952 5619 1166 5675 remitte
1193 5619 1264 5676 ei.
1309 5621 1520 5692 Septies
1548 5631 1726 5680 autem
1774 5623 1875 5680 hoc
1901 5622 2068 5696 424

2188 5625 2285 5677 θοεῖ
2312 5622 2494 5690 πάλιν,
2518 5621 2654 5692 άφες
2673 5620 2843 5692 αὐτῷ.
2875 5621 2982 5674 Καὶ
3011 5617 3173 5674 πάλιν
3191 5635 3206 5650 ο
3249 5617 3368 5674 Κᾶν
3395 5613 3603 5677 ἑπτάκις
3623 5613 3696 5677 τῆς

571 5739 651 5819 (ρ)
691 5739 820 5795 item
865 5742 1066 5819 omittit
1098 5759 1114 5797 :
1143 5744 1211 5819 At
1259 5743 1490 5818 plerique
1539 5746 1906 5804 addubitantes
1941 5758 2202 5819 quierunt,
2246 5765 2370 5804 num
2446 5764 2646 5805 necesse
2685 5747 2750 5803 sit
2777 5741 3307 5810 ei'eiiiantrcandala,
3375 5754 3486 5812 qua:
3533 5734 3693 5806 μνη-ὀί-

499 5810 755 5870 rationem
781 5828 994 5883 prorsus
1024 5810 1328 5885 impediunt.
