3932 6456
252 375 364 442 985

1032 383 1477 451 ENARRATIO
1508 389 1587 451 ΙΝ
1621 387 2123 455 EVANGELIUM
2172 396 2409 458 LUCE.
2445 421 2514 432 -
2550 398 2707 459 CAP.
2733 399 2924 462 XVII.

3404 398 3508 463 986

242 488 469 581 qua“;
499 489 822 565 ἐπιστρέψῃ,
859 493 995 565 ἄφες
1049 498 1221 569 αὐτῷ.
1258 502 1333 555 Τὸ
1378 503 1434 555 δὲ
1475 504 1707 568 ἑπτάκις
1744 505 1818 559 ὲν⁴

1936 506 2057 563 loco
2092 524 2190 579 pro
2221 511 2423 579 smpius
2455 512 2689 580 positum
2720 523 2802 569 est
2828 532 2843 581 ;
2867 514 3009 571 sicut
3030 519 3084 570 et
3115 528 3237 570 cum
3268 513 3502 573 dicitur:

251 580 428 635 ταῦθα
456 583 578 637 ἀντὶ
614 582 731 651 τοῦ,
767 581 1027 654 πολλάκις
1084 593 1282 658 κεῖται,
1342 592 1538 666 ὥσπερ
1600 597 1696 649 καὶ⁴
1745 595 1828 658 τδ.

255 672 380 724 Ὀτι
414 676 600 745 στεῖρα
631 675 813 731 ἔτεκεν
840 679 996 733 ἑπτά.
1037 680 1260 746 Ὀσάκις
1290 683 1381 739 οὖν
1413 690 1680 755 μετανοεῖ,
1711 704 1833 740 τοσ·

254 761 489 825 αυτάκις
534 764 683 836 αύτῷ
742 768 959 835 ἀφιέναι
991 771 1093 826 δεῖ.
1125 773 1217 846 Μὴ
1248 775 1356 847 γάρ
1395 776 1458 847 δὴ
1517 778 1705 848 νόμιζε
1743 779 1827 831 ὅτι

252 851 492 922 ἀριθμὸν
523 855 738 928 τίθησιν
776 861 803 911 ὁ
846 860 1051 932 Κύριος
1082 863 1180 934 τῆς
1239 868 1664 938 συγχωρήσεως,
1716 867 1829 921 ἀλλ’

247 944 392 1016 ὅπερ
416 940 585 1014 εἷπον,
614 949 672 1001 τὸ
697 950 945 1016 ἑπτάκις,
972 954 1091 1006 ἀντὶ
1115 955 1229 1019 τοῦ,
1263 956 1545 1023 πολλάκις,
1576 960 1670 1012 καὶ
1698 962 1833 1015 ἀνα-

252 1034 497 1107 ρίθμητα
537 1040 668 1106 νόει,
698 1042 889 1113 ὥσπερ
921 1045 1016 1097 καὶ
1053 1046 1112 1097 ἐν
1151 1049 1215 1117 τῇ
1248 1048 1468 1119 συνήθει
1522 1049 1709 1121 ὁμιλίᾳ
1740 1050 1831 1104 λέ-

253 1143 449 1197 γομεν,
490 1131 810 1203 μυρίανδρος
837 1136 1011 1205 πόλις,
1043 1139 1138 1208 οὐχ
1169 1140 1251 1192 ὅτι
1280 1140 1505 1210 μυρίους
1536 1140 1670 1211 ἔχει,
1704 1143 1834 1205 ἴσως

248 1220 362 1290 γάρ
396 1222 490 1275 καὶ
519 1223 757 1288 πλείους,
786 1226 903 1279 ἀλλ’
931 1230 1050 1282 ἀντὶ
1075 1230 1193 1294 τοῦ,
1236 1232 1591 1304 πολύανδρος,
1636 1235 1830 1299 εἰπεῖν,

254 1314 603 1384 μυρίανδρος,
626 1317 827 1385 φαμέν.
860 1319 982 1373 Ὀτι
1026 1320 1082 1374 δὲ
1122 1322 1283 1376 τοῦτο
1326 1322 1495 1392 λέγει,
1530 1324 1686 1395 δῆλον
1725 1326 1833 1378 ἀπὸ

250 1402 350 1454 τοῦ
379 1405 684 1463 Ματθαίου.
726 1410 876 1464 Ἐκεῖ
898 1412 1007 1484 γὰρ
1040 1412 1117 1485 τῷ
1152 1414 1343 1486 Πέτρῳ
1387 1416 1631 1469 εἰπόντι·
1660 1410 1828 1488 Ἀρα,

253 1495 448 1564 Κύριε,
509 1498 612 1562 ἕως
670 1501 899 1567 ἑπτάκις
958 1506 1299 1577 συγχωρήσω
1352 1506 1534 1577 αύτῷ;
1590 1503 1755 1561 Εἶπεν
1803 1510 1831 1562 ό

255 1587 495 1659 Κύριος·
524 1592 681 1664 Οὐχὶ,
708 1594 823 1647 ἀλλ’
851 1596 1311 1667 ἑϐδομηκοντάκις
1334 1599 1495 1666 ἑπτά,
1524 1584 1611 1654 διὰ
1638 1600 1829 1655 τούτου

247 1679 311 1730 τὸ
366 1680 733 1753 ἀκαρεθμητον
768 1686 1069 1756 ύποδηλῶν.

332 1792 350 1822 r
380 1774 493 1826 Καὶ
560 1772 713 1831 εἷπον
769 1779 816 1831 οἰ
885 1773 1275 1853 ἀπόστολοιτῷ
1304 1782 1493 1856 Κυρίῳ
1532 1801 1547 1815 ο
1589 1784 1827 1854 Πρόσθες

1936 599 2151 657 Sterilis
2178 602 2387 673 peperit
2420 614 2649 671 septem.
2684 606 2905 671 Quoties
2937 606 3100 676 igitur
3126 607 3499 677 paenitentiam

1935 693 2065 765 agit,
2097 694 2256 749 toties
2313 696 2588 752 remittere
2634 706 2867 765 oportet.
2919 697 3036 753 Non
3088 700 3234 753 enim
3289 699 3497 769 cogites

1934 787 2075 855 quod
2118 786 2373 842 Dominus
2407 796 2570 857 ponat
2619 803 2901 842 numerum
2963 790 3300 845 remissionis
3342 828 3358 850 ,
3408 790 3502 845 sed

1936 864 2515 949 per'septiesintellige
2549 879 2768 948 saepius,
2794 888 2849 935 et
2878 881 2994 935 sine
3011 896 3236 937 numero
3270 900 3284 935 :
3311 897 3503 951 quem-

1935 969 2229 1025 admodum
2265 979 2320 1025 et
2378 972 2431 1025 in
2473 971 2728 1026 familiari
2779 972 3048 1041 colloquio
3106 973 3340 1029 dicimus
3408 989 3504 1028 ur-

1935 1064 2053 1119 bem
2087 1064 2271 1119 decem
2308 1063 2555 1129 millium,
2587 1079 2693 1117 non
2725 1062 2867 1132 quod
2903 1062 3087 1118 decem
3112 1064 3277 1117 millia
3307 1072 3363 1117 et
3387 1078 3491 1117 non

1920 1155 2117 1227 plures
2155 1155 2299 1210 viros
2330 1156 2526 1211 habeat
2562 1173 2577 1211 :
2632 1170 2753 1210 nam
2784 1155 3029 1211 fortassis
3064 1154 3242 1224 plures
3292 1154 3453 1209 habet
3485 1174 3500 1209 :

1933 1248 2027 1302 sed
2054 1247 2191 1301 idem
2224 1246 2405 1302 dicere
2467 1247 2714 1303 volumus
2753 1261 2817 1302 ac
2856 1247 2900 1302 si
2956 1246 3257 1304 diceremus
3306 1247 3505 1300 multo-

1914 1353 2053 1391 rum
2085 1338 2346 1393 virorum.
2376 1336 2445 1392 Et
2491 1341 2632 1408 quod
2675 1338 2777 1393 hoc
2824 1338 2971 1391 dicat
3036 1337 3382 1392 manifestum
3422 1346 3506 1392 est

1934 1446 2001 1484 ex
2025 1428 2293 1485 Matthazo.
2332 1429 2443 1485 illic
2480 1430 2623 1485 enim
2652 1446 2777 1487 cum
2812 1431 3036 1485 dixisset
3078 1430 3305 1485 Petrus:
3352 1428 3501 1482 Nun-

1933 1521 2083 1590 quid,
2134 1519 2379 1586 Domine,
2419 1536 2589 1591 usqne
2636 1521 2837 1591 septies
2884 1521 3154 1575 remittam
3188 1520 3236 1574 ei
3260 1519 3340 1574 ⁸³2
3389 1520 3495 1573 Do—

1935 1612 2113 1667 minus
2144 1612 2317 1666 dixit:
2352 1610 2492 1677 Non,
2554 1612 2647 1668 sed
2677 1611 2979 1682 septuagies
3033 1612 3251 1681 septies,
3303 1622 3357 1666 et
3410 1626 3505 1680 per

1933 1703 2035 1758 hoc
2068 1703 2492 1758 innumerabilia
2514 1703 2780 1773 designat.

2003 1793 2165 1849 Vens.
2221 1795 2377 1849 5-10.
2421 1813 2439 1847 ι
2502 1795 2571 1849 Ει
2618 1795 2871 1848 dixerunt
2931 1792 3158 1862 apostoli
3212 1792 3491 1847 Domino:

247 1862 385 1958 ημῖν
438 1864 637 1920 πίστιν.
692 1863 825 1922 Εἰπε
858 1870 914 1924 δὲ
976 1873 1004 1925 ό
1057 1852 1602 1944 Κυρίοςοείνείχετε
1644 1852 1818 1930 πίστιν

1930 1886 2152 1958 Aduuge
2178 1887 2333 1942 nobis
2358 1886 2537 1941 fidem.
2573 1887 2718 1941 Dixit
2752 1895 2931 1940 autem
2958 1852 3215 1940 Dominus
3243 1898 3258 1937 :
3296 1885 3352 1939 Si
3402 1885 3501 1939 ha-

246 1952 326 2016 ώς
384 1956 581 2010 κόκκον
661 1960 971 2029 σῖνάπεως,
1018 1964 1233 2033 ἐλέγετε
1296 1964 1361 2025 ἂν
1411 1968 1478 2036 τῇ
1545 1965 1828 2037 συκαμίνῳ

245 2050 461 2123 ταύτῃο
525 2055 925 2127 Ἐκριζώθητι,
980 2060 1075 2113 καὶ
1141 2062 1435 2131 φυτεύθητι
1498 2063 1555 2115 ἐν
1612 2065 1677 2132 τῇ
1733 2062 1828 2117 θα-

245 2142 445 2216 λάσσῃ,
499 2149 592 2200 καὶ
656 2150 969 2220 ὑπήκουσεν
1017 2152 1082 2206 ἂν
1141 2154 1289 2223 ὑμῖν.
1354 2153 1449 2217 Τίς
1497 2154 1554 2206 δὲ
1581 2153 1638 2219 ἐξ
1670 2154 1825 2225 ὑμῶν

242 2235 431 2290 δοῦλον
461 2238 599 2308 έχων
655 2242 1057 2315 ἀροτριῶνταῆ
1108 2245 1489 2313 ποιμαίνοντα,
1543 2244 1602 2307 ὃς
1647 2245 1824 2298 εἰσελ-

246 2328 395 2383 θόντι
429 2331 579 2400 αύτῷ
628 2334 691 2386 ὲκ
739 2334 830 2387 τοῦ
862 2335 1036 2405 ἀγροῦ
1069 2339 1185 2407 ὲρεῖ
1226 2353 1241 2368 ο
1275 2337 1492 2401 Εὐθέως
1538 2337 1825 2408 παρελθὼν

243 2417 538 2486 ἀνάπεσαι,
593 2423 706 2476 ἀλλ’
748 2424 869 2494 οὐχὶ
899 2426 1015 2496 ἐρεῖ
1039 2424 1188 2496 αύτῷ
1220 2442 1235 2458 ·
1282 2425 1604 2496 Ἑτοίμασον
1632 2427 1684 2479 τί
1713 2426 1823 2480 δει-

246 2512 461 2582 πνήσω,
492 2514 585 2567 καὶ
623 2516 1069 2585 περιζωσάμενος
1110 2518 1349 2573 διακόνει
1384 2538 1495 2591 μοι,
1530 2521 1635 2585 ἕως
1665 2524 1825 2591 φάγω

252 2604 347 2656 καὶ
389 2605 517 2669 πίω,
551 2606 647 2660 καὶ
679 2607 816 2677 μετά
843 2607 1016 2662 ταῦτα
1077 2610 1315 2678 φάγεσαι
1357 2613 1449 2665 καὶ
1506 2613 1689 2666 πίεσαι
1721 2613 1820 2679 σύ;

255 2696 352 2766 Μὴ
383 2697 544 2766 χάριν
580 2697 690 2768 ἔχει
717 2699 794 2769 τῷ
821 2700 992 2770 δούλῳ
1022 2702 1234 2773 ἐκείνῳ,
1265 2704 1346 2758 ὅτι
1366 2704 1590 2773 ἐποίησε
1612 2707 1680 2760 τά
1707 2705 1822 2759 δια-

240 2789 513 2859 ταχθέντα
551 2791 727 2861 αὐτῷ;
790 2792 864 2845 Ού
896 2792 1059 2848 δοκῶ.
1110 2794 1268 2848 Οὕτω
1332 2796 1426 2848 καὶ
1466 2797 1648 2866 ὑμεῖς,
1688 2797 1819 2851 ὅταν

242 2881 514 2950 ποιήσητε
546 2882 723 2935 πάντα
763 2881 831 2935 τά
864 2883 1220 2953 διαταχθέντα
1276 2885 1424 2955 ὑμῖν,
1454 2886 1642 2955 λέγετε
1666 2927 1681 2950 .
1737 2888 1820 2942 ὅτι

253 2970 489 3041 Ἀχρεῖοι
515 2971 668 3025 δοῦλο
731 2974 919 3042 ἐσμεν,
949 2972 978 3027 ὃ
1002 2974 1303 3045 ὠφείλομεν
1322 2980 1567 3047 ποιῆσαι,
1593 2978 1822 3048 πεποιή-

242 3078 445 3131 καμεν.
503 3081 522 3115 ›
579 3065 643 3117 Οἰ
682 3065 971 3119 ἀπόστολοι
1006 3066 1290 3121 ἐπίστευον
1346 3068 1446 3139 μὲν
1495 3068 1572 3139 τῷ
1605 3070 1816 3140 Κυρίῳ,

1932 1979 2131 2035 beretis
2166 1979 2322 2033 fidem
2352 1979 2494 2034 sicut
2542 1993 2768 2047 granum
2794 1979 3020 2047 sinapis,
3055 1977 3330 2031 dixissetis
3380 1977 3503 2030 huic

1928 2071 2107 2125 arbori
2168 2070 2481 2141 sycamino,
2534 2068 2825 2123 Eradicare
2872 2080 2925 2124 et
2976 2069 3371 2139 transplantare
3433 2068 3484 2120 in

1928 2176 2077 2214 mare.
2101 2198 2117 2226 ,
2146 2166 2198 2215 et
2223 2160 2495 2215 obedisset
2524 2160 2699 2215 vobis.
2730 2158 2863 2225 Quis
2891 2168 3068 2214 autem
3100 2170 3340 2213 vestrum
3400 2159 3498 2211 ha-

1926 2250 2058 2305 hens
2090 2267 2305 2306 servum
2335 2260 2577 2305 arantem
2614 2260 2705 2304 aut
2751 2258 3085 2318 pascentem,
3259 2263 3502 2319 regresso

1926 2341 1997 2397 ab
2028 2358 2158 2413 agro
2190 2343 2371 2396 dicat:
2413 2341 2603 2397 Statim
2642 2341 2808 2395 transi
2837 2351 2892 2397 et
2944 2341 3203 2395 accumbe
3236 2358 3250 2407 ;
3285 2356 3348 2395 ac
3392 2355 3497 2392 non

1924 2434 2106 2505 potius
2136 2434 2268 2489 dicit
2291 2435 2364 2488 illi
2406 2450 2419 2488 :
2447 2433 2583 2489 Para
2615 2436 2756 2504 quod
2782 2448 3012 2499 coenem,
3043 2442 3097 2487 et
3134 2433 3400 2503 praeeinge
3426 2440 3500 2495 te,

1864 2506 1889 2515 ν
1926 2541 1990 2579 ac
2027 2525 2271 2580 ministra
2299 2525 2428 2579 mihi
2457 2526 2630 2581 donec
2660 2525 2823 2579 edero
2842 2533 2895 2578 et
2923 2523 3126 2587 bibero,
3155 2532 3208 2577 et
3235 2532 3354 2590 post
3386 2523 3502 2576 haec

1925 2618 2072 2673 edito
2110 2629 2159 2672 et
2179 2617 2352 2673 bibito
2384 2620 2479 2672 tu?
2513 2616 2649 2671 Num
2682 2616 2915 2686 gratiam
2972 2615 3134 2669 habet
3190 2628 3347 2668 servo
3399 2612 3497 2675 illi,

1925 2711 2052 2781 quia
2086 2710 2214 2765 fecit
2246 2726 2364 2779 quae
2387 2710 2648 2779 imperata
2686 2708 2935 2765 fuerant?
2971 2707 3085 2761 Non
3116 2715 3265 2777 puto.
3318 2703 3408 2758 Sic
3445 2712 3499 2756 et

1925 2817 2020 2856 vos
2047 2817 2169 2856 cum
2222 2801 2457 2855 feceritis
2504 2802 2685 2854 omnia
2717 2816 2835 2869 qua:
2868 2809 3132 2869 praecepta
3164 2807 3291 2852 sunt
3324 2794 3498 2858 vobis.

1923 2896 2085 2950 dicite
2118 2909 2132 2949 :
2163 2893 2317 2948 Servi
2359 2894 2573 2948 inutiles
2625 2909 2814 2949 sumus
2845 2908 2859 2946 :
2892 2892 3034 2964 quod
3089 2890 3375 2945 debuimus
3428 2886 3501 2941 fa-

1922 3001 2064 3051 cere,
2090 2986 2337 3042 fecimus.
2370 3003 2388 3036 ι
2410 2984 2649 3054 Apestoli
2665 2984 2956 3038 credebant
2983 2982 3200 3052 quidem
3222 2979 3450 3033 Domino
3472 3018 3487 3042 ,

1924 3094 2112 3133 verum
2148 3089 2323 3132 tamen
2353 3092 2473 3131 cum
2498 3076 2769 3131 venissent
2788 3077 2838 3129 in
2861 3073 3245 3129 conscientiam
3268 3069 3497 3125 infirmi-

240 3156 387 3226 πλὴν
409 3156 488 3221 εἰς
512 3156 861 3229 συναίσθησιν
883 3160 980 3229 τῆς
1012 3158 1296 3223 ἀσθενείας
1334 3160 1513 3213 αὐτῶν
1549 3159 1813 3228 ἐλθόντες,

1927 3171 2053 3225 tatis
2081 3185 2212 3235 sum,
2266 3177 2322 3225 et
2350 3168 2690 3223 audivissent
2724 3167 3005 3222 Dominum
3042 3167 3107 3220 de
3136 3165 3346 3234 magnis
3372 3163 3497 3231 qui-

235 3248 335 3301 καὶ
391 3249 722 3313 ἀκούσαντες
780 3248 874 3303 τοῦ
917 3251 1123 3321 Κυρίου
1167 3252 1298 3322 περὶ
1357 3252 1608 3322 μεγάλων
1652 3253 1815 3307 τινῶν

235 3342 486 3405 εἰπόντος
515 3342 719 3409 αὐτοῖς,
761 3343 858 3396 καὶ
887 3345 1017 3414 περὶ
1040 3343 1133 3397 τοῦ
1170 3344 1419 3399 κινδύνου
1446 3345 1540 3398 τοῦ
1567 3346 1675 3400 ἀπὺ
1706 3346 1816 3399 τῶν

237 3433 582 3499 σκανδάλων,
617 3435 830 3487 δέονται
879 3435 955 3496 ὡς
993 3435 1059 3489 ἂν
1104 3436 1377 3509 πλεονάσῃ
1415 3438 1596 3501 αὐτοῖς
1648 3439 1681 3506 ἡ
1715 3438 1815 3508 τῆς

233 3525 479 3588 πίστεως
507 3524 755 3595 δύναμις,
787 3526 838 3579 δι
892 3518 961 3597 ἦς
1003 3525 1323 3596 δυνήσονται
1368 3527 1561 3593 ταῦτα,
1603 3529 1638 3582 ὃ.
1672 3524 1815 3595 εἰπε,

232 3617 609 3688 κατορθῶσαι,
664 3617 733 3671 τά
803 3618 935 3690 περὶ
984 3618 1375 3690 ἀκτημοσύνης
1430 3619 1594 3689 φημί.
1653 3621 1818 3674 Οὐδὲν

231 3708 348 3779 γὰρ
414 3707 556 3761 οὕτω
602 3706 859 3779 κατορθοῖ
895 3709 1303 3780 ἀκτημοσύνην,
1332 3712 1408 3775 ὡς
1436 3712 1498 3765 τὸ
1531 3712 1818 3767 πιστεῦσαι

232 3802 334 3855 καὶ
370 3801 641 3873 θαρρῆσαι
688 3801 807 3873 Θεῷ
851 3817 866 3833 ο
904 3800 1093 3873 ὥσπερ
1125 3803 1280 3856 οὐδὲν
1327 3801 1472 3856 οὕτω
1526 3805 1671 3858 ποιεῖ
1721 3804 1817 3874 θη-

235 3894 540 3964 σαυρίζειν,
572 3898 648 3958 ὡς
674 3894 736 3948 τδ
762 3892 839 3963 μὴ
868 3894 1168 3959 πιστεύειν,
1203 3895 1286 3948 ὅτι
1344 3895 1517 3965 μέγας
1556 3898 1757 3966 ταμίας
1787 3899 1816 3950 ὁ

230 3985 391 4053 Θεὸς,
428 3987 521 4039 καὶ
546 3989 774 4057 ταμεῖον
810 3987 1084 4041 ἀκένωτον
1119 3986 1448 4059 ὴάγαθότης
1478 3987 1662 4041 αὐτοῦ.
1693 3988 1815 4042 Ἔτι

230 4097 295 4133 τε
331 4081 426 4133 καὶ
464 4081 599 4149 πρὸς
632 4080 702 4134 τά
741 4080 1015 4135 σκάνδαλα
1062 4080 1151 4134 διὰ
1185 4081 1288 4149 τῆς
1320 4080 1559 4145 πίστεως
1602 4082 1815 4147 ἕξουσιν

232 4172 577 4240 ἀντιστῆναι,
610 4173 691 4227 διδ
722 4172 1156 4245 προσερχόμενοι
1191 4189 1364 4243 φασι·
1398 4174 1641 4245 Πρόσθες
1676 4175 1810 4243 ἡμῖν

234 4266 443 4330 πίστιν,
494 4267 863 4335 τελειοτέρους
908 4265 1188 4329 ἀνάδειξον
1226 4267 1375 4336 ἡμᾶς
1421 4268 1480 4320 ὲν
1513 4269 1577 4338 τῇ
1632 4267 1812 4321 πίστει

230 4358 330 4413 καὶ
386 4358 783 4429 βεϐαιοτέρους.
828 4360 887 4413 '0
918 4359 975 4414 δὲ
1026 4360 1235 4430 Κύριος
1290 4359 1552 4414 δεικνύων
1598 4362 1805 4427 αὐτοῖς,

228 4450 317 4505 ὅτι
345 4450 525 4514 καλῶς
556 4450 789 4514 αἰτοῦσι,
834 4452 929 4504 καὶ
973 4451 1055 4505 ὅτι
1091 4450 1298 4522 ταύτην
1341 4450 1440 4522 τὴν
1467 4450 1695 4523 γνώμην
1724 4452 1808 4505 δεῖ

229 4544 432 4606 αὐτοὺς
469 4542 613 4613 ἔχειν
654 4543 879 4614 βεϐαίαν
918 4543 1177 4614 περὶτῆς
1212 4544 1451 4607 πίστεως
1488 4543 1565 4607 ὼς
1599 4544 1813 4615 μεγάλα

228 4635 579 4705 δυναμένης,
611 4634 795 4703 φησὶν,
825 4636 927 4703 ὅτι,
955 4635 1019 4689 Εἰ
1052 4635 1229 4706 είχετε
1252 4636 1454 4701 πίστιν,
1481 4636 1579 4690 καὶ
1607 4636 1812 4705 ταύτην

230 4728 299 4779 ἂν
337 4726 437 4796 τὴν
486 4725 785 4795 συκάμινον
819 4725 1236 4797 μετεφυτεύετε.
1283 4726 1387 4779 Δύο
1420 4725 1477 4778 δὲ
1531 4727 1589 4779 ὲν
1623 4726 1811 4798 ταύτῷ

225 4820 299 4872 τά
330 4817 565 4889 μεγάλα,
595 4820 655 4871 τό
677 4835 737 4870 τε
772 4817 1206 4888 μετακινηθῆναι
1234 4817 1296 4871 τὸ
1336 4819 1483 4871 κατά
1512 4818 1616 4887 γῆς
1658 4819 1811 4889 sppi-

228 4909 499 4979 ζωμένον,
536 4908 630 4962 καὶ
681 4908 742 4960 τὸ
789 4910 849 4961 ὲν
893 4911 960 4979 τῇ
1014 4907 1260 4978 θαλάσσῃ
1310 4909 1804 4980 μεταφυτευθῆναι’

227 5003 289 5055 ἐν
320 5001 473 5054 ὕδατι
499 5002 607 5070 γὰρ
638 5000 689 5053 τί
721 4999 789 5054 ἂν
812 5000 1140 5069 φυτευθείη;
1172 5000 1342 5071 Δῆλον
1384 5000 1442 5054 δὲ
1474 5001 1556 5054 ὅτι
1596 5000 1684 5054 διὰ
1711 5000 1804 5055 τοῦ

226 5093 404 5148 ταῦτα
451 5095 663 5146 εἰπεῖν’
698 5092 798 5163 τὴν
838 5091 941 5162 τῆς
990 5091 1226 5155 πίστεως
1275 5091 1517 5146 δείκνυσι
1553 5090 1802 5162 δύναμιν.

224 5188 384 5258 Τάχα
406 5187 450 5240 δ’
480 5188 545 5242 ἀν
564 5204 648 5251 τις
669 5185 988 5257 ἀλληγορῶν
1015 5185 1115 5255 τὴν
1137 5186 1458 5255 συκάμινον,
1486 5184 1628 5238 εῐποι
1666 5181 1805 5239 εἶναι

223 5279 320 5332 ⁴ιον
356 5278 621 5345 διάϐολον,
665 5278 742 5341 ὼς
775 5277 869 5331 τοῦ
936 5277 1157 5331 αἰωνίου
1208 5277 1492 5347 σκώληκος
1547 5277 1807 5348 πρόξενον

227 5374 385 5442 ἡμῖν,
416 5372 512 5424 καὶ⁵
550 5372 753 5443 τροφέα
786 5371 1071 5442 γινόμενον
1093 5370 1183 5424 διὰ
1220 5372 1331 5425 τῶν
1365 5371 1424 5437 ὲξ
1458 5370 1626 5424 αὑτοῦ
1675 5388 1807 5440 φυοο

225 5464 406 5535 μένων
437 5461 734 5533 λογισμῶν,
764 5462 866 5531 τῆς
895 5462 1007 5534 γὰρ
1027 5463 1331 5533 συκαμίνου
1354 5462 1421 5516 τά
1452 5462 1625 5532 φύλλα
1657 5462 1803 5517 σκώ-

220 5556 399 5626 ληκας
425 5553 707 5625 τρέφουσι,
740 5553 807 5605 δι’
838 5549 913 5606 ὧν
943 5553 1011 5607 τὰ
1041 5554 1244 5627 σηρικά
1292 5555 1509 5626 νήματα
1534 5555 1799 5624 γίνονται.

222 5649 447 5720 Ταύτην
474 5646 567 5704 οὖν
597 5649 697 5720 τὴν
746 5649 1047 5720 συκάμινον
1085 5652 1117 5705 ὗ
1164 5650 1349 5717 πίστις
1390 5650 1615 5707 δύναται
1645 5653 1799 5722 ἐκρι-

300 5831 345 5864 ⁸³
377 5831 567 5891 Matth.
596 5850 752 5904 xvm,
795 5835 882 5907 21,
914 5836 1006 5891 22.

1923 3262 2146 3319 busdam
2202 3262 2304 3316 sibi
2330 3260 2598 3315 dicentem
2624 3268 2676 3314 et
2705 3261 2769 3314 de
2792 3258 3028 3328 periculo
3051 3259 3117 3312 ab
3138 3256 3496 3321 offendiculis,

1920 3364 2210 3427 precantur
2249 3363 2306 3408 ut
2345 3363 2609 3424 augeatur
2634 3352 2688 3407 in
2719 3352 2797 3407 eis
2826 3351 2946 3406 fidei
2985 3352 3176 3413 virtus,
3210 3366 3304 3419 per
3326 3364 3488 3419 qnam

1920 3448 2129 3518 possint
2170 3446 2284 3500 haec
2333 3460 2451 3515 qua:
2503 3445 2633 3500 dicit
2680 3444 2886 3514 perlici,
2922 3446 2987 3497 de
3033 3449 3348 3512 paupertate
3410 3440 3489 3494 vi-

1924 3538 2138 3592 delicet.
2190 3535 2337 3591 Nihil
2376 3535 2517 3591 enim
2571 3536 2705 3591 adeo
2736 3534 2803 3587 ad
2840 3543 3212 3602 paupertatem
3260 3532 3326 3586 de
3387 3546 3493 3600 qua

1919 3631 2179 3701 loquitur,
2224 3630 2608 3699 perficiendam
2646 3628 2922 3693 conducit,
2977 3638 3137 3694 atque
3169 3626 3389 3679 credere
3438 3635 3493 3677 et

1930 3721 2203 3777 confidere
2228 3720 2378 3776 Deo:
2413 3721 2864 3790 quemadmodum
2921 3718 3053 3773 nihil
3091 3718 3162 3771 ita
3207 3715 3337 3770 facit
3380 3716 3494 3770 the-

1918 3826 2110 3867 sauros
2140 3824 2425 3880 reponere,
2461 3819 2518 3863 ut
2580 3824 2684 3865 non
2718 3809 2943 3863 credere
2977 3808 3117 3877 quod
3170 3822 3395 3876 magnus
3423 3805 3492 3857 sit

1920 3902 2287 3957 thesaurarius
2320 3901 2482 3966 Deus,
2537 3906 2592 3954 et
2648 3898 3029 3953 inexhaustum
3056 3895 3487 3966 promptuarium

1894 3992 2130 4048 bonitas
2151 3993 2290 4063 ejus.
2335 3990 2560 4061 Insuper
2588 4001 2645 4045 ut
2710 3998 2764 4044 et
2803 3988 3137 4043 oﬂendiculis
3195 4002 3293 4058 per
3332 3986 3488 4041 fidem

1916 4082 2181 4138 obsistere
2221 4081 2453 4153 possint,
2515 4081 2637 4137 ideo
2685 4079 3007 4135 accedentes
3050 4078 3237 4133 dicunt
3280 4096 3294 4132 :
3341 4077 3491 4147 Auge

1916 4174 2074 4230 nobis
2107 4174 2288 4240 fidem,
2339 4172 2425 4228 fac
2470 4187 2570 4230 nos
2609 4174 2957 4243 perfectiores
3002 4181 3059 4227 et
3114 4170 3384 4225 firmiores
3434 4168 3491 4221 in

1918 4268 2042 4323 fide.
2078 4267 2338 4323 Dominus
2370 4276 2550 4323 autem
2603 4267 2896 4321 ostendens
2937 4264 3016 4319 eis
3046 4263 3186 4333 quod
3220 4261 3359 4316 bene
3383 4273 3479 4327 pe-

1920 4369 2054 4426 tant,
2092 4368 2148 4416 et
2176 4360 2320 4430 quod
2348 4360 2487 4415 hanc
2510 4369 2748 4419 mentem
2775 4356 3002 4411 firmiter
3028 4356 3228 4411 habere
3256 4354 3491 4408 debeant

1915 4453 1981 4509 de
2000 4453 2103 4509 fide
2134 4463 2190 4507 ut
2225 4452 2450 4507 nmltum
2474 4451 2702 4517 efﬁcaci,
2723 4451 2851 4505 dicit
2877 4469 2889 4505 :
2919 4450 2974 4506 Si
3004 4447 3276 4504 haberetis
3306 4446 3487 4510 fidem,

1844 4522 1887 4577 D
1918 4547 2076 4600 istam
2111 4544 2453 4616 sycaminum
2498 4542 3027 4614 transplantassetis.
3066 4540 3181 4595 Duo
3220 4546 3399 4593 autem
3429 4537 3484 4591 in

1914 4638 2018 4693 hoc
2048 4652 2243 4706 magna
2294 4645 2442 4701 sunt,
2476 4652 2673 4706 nempe
2720 4637 2777 4691 in
2834 4636 2997 4690 alium
3050 4632 3225 4688 locum
3280 4629 3486 4684 moveri

1890 4731 2213 4785 radicatam
2265 4729 2318 4783 in
2348 4739 2516 4795 terra,
2551 4740 2606 4785 et
2654 4728 2885 4798 plantari
2937 4727 2989 4781 in
3043 4725 3200 4779 mari.
3238 4723 3295 4777 In
3346 4735 3485 4791 aqua

1911 4818 2056 4875 enim
2092 4818 2345 4888 quidnam
2374 4817 2686 4887 plantatur?
2713 4817 3055 4871 Manifestum
3092 4824 3274 4869 autem
3308 4811 3474 4880 quod,

1916 4916 2042 4969 dum
2077 4916 2191 4969 haec
2230 4913 2383 4980 dicit,
2436 4913 2558 4967 fidei
2591 4922 2857 4967 monstrat
2904 4912 3181 4965 virtutem.
3214 4905 3485 4961 Fortassis

1914 5015 2095 5059 autem
2127 5020 2222 5075 per
2252 5004 2563 5075 allegoriam
2597 5006 2718 5074 quis
2751 5004 3089 5074 sycamiuum
3120 5001 3318 5055 dixerit
3361 5012 3483 5052 esse

1912 5097 2208 5162 diabolum,
2249 5096 2391 5166 quod
2426 5096 2583 5151 nobis
2629 5106 2818 5150 auctor
2837 5104 2892 5148 et
2914 5092 3163 5147 alumnus
3187 5090 3256 5144 sit
3285 5086 3482 5142 vermis

1913 5187 2125 5254 aeterni,
2159 5195 2381 5258 propter
2410 5187 2764 5256 cogitationes
2787 5200 2924 5255 quas
2952 5182 3041 5237 ille
3063 5187 3304 5249 generat.
3333 5174 3480 5231 Folia

1913 5280 2059 5334 enim
2090 5278 2357 5349 sycamini
2392 5291 2601 5332 vermes
2626 5286 2877 5346 pascunt,
2927 5275 3067 5329 unde
3101 5274 3232 5325 fiunt
3278 5268 3473 5323 serica.

1912 5372 2062 5427 lianc
2092 5372 2253 5441 igitur
2288 5372 2623 5442 sycaminum
2651 5371 2782 5425 fides
2820 5368 3097 5423 eradicare
3138 5362 3301 5436 425
3337 5360 3479 5414 vales

1908 5478 1975 5519 ex
2003 5462 2169 5518 corde
2223 5465 2477 5527 humano,
2509 5472 2562 5517 et
2591 5462 2644 5515 in
2700 5476 2847 5515 mare
2888 5459 3173 5530 projicere.
3213 5457 3313 5508 hoc
3371 5462 3476 5514 est,

1906 5557 1960 5612 in
2003 5556 2256 5627 abyssum
2283 5556 2527 5625 perdere.
2561 5556 2626 5610 Et
2648 5556 2775 5626 quia
2800 5556 2914 5610 [nec
2939 5553 3070 5608 dicit
3102 5550 3169 5606 de
3196 5550 3316 5607 fide,
3346 5546 3473 5599 sub-

1903 5646 1983 5704 dit
2005 5644 2311 5701 doctrinam
2338 5645 2497 5701 aliam
2521 5646 2694 5717 magis
2710 5645 3090 5702 necessariam.
3118 5640 3300 5710 Qualis
3318 5632 3474 5693 haec?
