3932 6456
482 376 588 435 987

1379 373 1957 434 'Il-IEOPHYLACTI
1995 377 2405 439 BULGARLE
2441 379 2794 440 AllClIlEP.

3595 383 3682 446 988

487 487 604 544 Non
633 486 1054 561 superbiendum
1083 502 1204 543 esse
1231 487 1284 542 in
1316 488 1470 543 bouis
1490 489 1764 560 operibus.
1791 491 2056 558 Quoniam

2176 494 2335 558 ζῶσαι
2365 497 2470 549 sua
2494 497 2723 566 καρδίας
2753 495 3124 567 ἀνθρωπίνης,
3148 497 3246 549 ’καὶ
3277 496 3358 560 είς
3391 497 3487 569 τὴν
3513 497 3686 553 θάλασ-

483 581 630 636 cnlm
662 580 796 636 ﬁdes
830 578 996 634 multa
1019 580 1266 649 corrigit,
1297 589 1350 635 et
1384 579 1512 635 facit
1550 581 1775 652 implere
1797 585 2050 638 mandata

483 687 606 725 eum
624 671 714 740 qui
751 670 891 725 illam
927 669 1112 737 habet,
1143 685 1266 726 cum
1288 686 1352 725 eo
1382 675 1526 741 quod
1565 673 1792 728 adornat
1819 673 2052 728 miracu-

484 761 659 815 lorum
689 763 963 829 operibus.
994 759 1188 818 Verum
1209 764 1336 832 quia
1368 764 1658 820 verisimile
1677 765 2051 822 estbominem

483 869 548 906 ex
587 853 669 907 bis
699 853 750 907 iu
780 855 1086 921 superbiam
1119 855 1376 924 incidere,
1411 856 1584 911 munit
1631 857 1904 928 apostolos
1936 857 2006 912 ita
2029 895 2047 922 ,

487 955 542 996 nt
575 960 679 997 non
716 945 1046 1000 extollantur
1087 947 1139 1002 in
1174 948 1331 1003 bonis
1374 951 1650 1018 operibus,
1695 948 2056 1019 pulcherrimo

485 1036 753 1105 exemplo.
803 1035 936 1103 Quis
980 1039 1124 1092 enim
1155 1051 1417 1106 vestrum,
1449 1041 1641 1110 inquit,
1693 1055 1908 1096 servum
1956 1039 2057 1094 ba-

487 1126 646 1191 beus,
687 1139 739 1182 et
765 1138 978 1183 caatcra.
1018 1129 1348 1185 Monstratur
1371 1134 1517 1188 enim
1567 1147 1662 1203 per
1697 1132 1840 1187 hanc
1895 1145 2054 1200 para-

486 1220 662 1273 bolant
691 1222 835 1290 quod
865 1237 971 1275 non
1016 1232 1228 1292 oportet
1269 1223 1454 1278 extolli
1511 1223 1565 1278 in
1615 1224 1756 1279 bono
1793 1223 2047 1294 quopiam

489 1325 674 1379 Opere,
703 1311 810 1366 imo
841 1328 1016 1382 neque
1067 1315 1120 1368 in
1148 1315 1388 1371 omnium
1437 1317 1816 1371 mandatorum
1867 1315 2059 1385 imple-

493 1405 660 1459 tione.
689 1406 857 1460 Servo
884 1407 1028 1460 enim
1047 1411 1342 1464 necessitas
1371 1409 1636 1465 incumbit
1655 1421 1712 1464 ut
1732 1409 1891 1463 faciat
1912 1423 2065 1463 man-

492 1500 615 1551 data
648 1499 875 1564 domini,
902 1515 1077 1568 neque
1121 1510 1180 1556 ut
1225 1502 1422 1555 bonum
1455 1516 1593 1571 opus
1654 1501 1755 1556 sibi
1792 1500 1922 1556 illud
1969 1515 2062 1554 as-

491 1587 704 1642 cribere
729 1589 907 1644 debet.
943 1589 1149 1660 Quippe
1180 1593 1224 1646 si
1251 1608 1354 1645 non
1381 1593 1714 1661 operabitur,
1761 1591 1954 1661 dignus
1981 1598 2066 1645 est

493 1678 678 1733 multis
711 1681 883 1751 plagis
912 1701 924 1736 :
964 1697 1086 1737 cum
1128 1692 1308 1738 autem
1338 1695 1597 1754 operatus
1624 1684 1810 1750 fuerit,
1837 1692 2061 1738 conten-

494 1782 582 1826 tus
609 1774 679 1828 sit
703 1779 845 1843 quod
895 1777 1080 1844 plagas
1121 1777 1394 1847 effugerit.
1445 1777 1678 1832 Proinde
1712 1793 1820 1832 non
1852 1784 2066 1847 oportet

491 1864 560 1919 de
598 1867 697 1919 boc
721 1867 951 1932 pretium
987 1867 1066 1922 vel
1126 1869 1390 1923 honorem
1442 1870 1754 1925 necessario
1797 1882 2064 1940 quaerere.
2098 1861 2140 1918 Β

493 1956 860 2014 Liberalitatis
921 1961 1064 2014 enim
1127 1960 1330 2016 domini
1385 1961 1550 2016 fuerit
1582 1962 1715 2017 dare
1781 1961 1906 2031 ipsi,
1957 1961 2067 2016 imo

493 2048 678 2118 largiri
709 2051 1007 2119 quidpiam.
1045 2050 1212 2120 Igitur
1239 2062 1292 2108 et
1325 2052 1416 2120 qui
1459 2054 1626 2107 servit
1677 2051 1811 2115 Deo,
1851 2052 2066 2106 etiamsi

493 2141 748 2194 mandata
814 2143 1083 2209 perliciat,
1120 2159 1228 2197 non
1293 2144 1450 2199 debet
1491 2145 1696 2199 extolli.
1750 2142 1897 2198 Nihil
1923 2143 2066 2198 enim

495 2249 747 2304 magnum
786 2233 934 2300 fecit,
963 2237 1056 2290 sed
1100 2251 1178 2290 va:
1224 2237 1330 2290 erit
1361 2237 1410 2290 ei
1468 2237 1570 2290 nisi
1621 2236 1859 2302 fect-rit;
1922 2235 2069 2290 sicut

493 2323 785 2392 Aposwlus
811 2327 938 2379 dicit
967 2344 980 2379 :
1019 2344 1037 2377 ι
1075 2325 1165 2379 Vae
1191 2327 1320 2380 mibi
1341 2327 1442 2381 nisi
1465 2328 1909 2397 evangelizavero
1930 2327 1997 2381 “.
2046 2345 2064 2379 t

494 2413 728 2469 Proinde
752 2417 797 2470 si
824 2419 962 2470 dona
997 2417 1161 2472 fuerit
1189 2429 1494 2481 assecutus,
1527 2435 1632 2472 non
1663 2419 1824 2473 debet
1861 2419 1913 2472 itt
1962 2418 2070 2472 illis

496 2510 796 2576 sitperbire,
833 2520 887 2562 et
921 2511 985 2563 de
1027 2512 1106 2564 eis
1131 2509 1436 2578 sejactare.
1471 2509 1738 2565 Beneﬁcia
1769 2512 1914 2565 enim
1945 2517 2072 2565 sunt

497 2617 592 2670 per
621 2602 1053 2657 misericordiam
1101 2601 1196 2657 Dei
1225 2603 1298 2658 illi
1332 2619 1612 2670 concessa,
1667 2620 1773 2658 non
1805 2606 1945 2673 quod
1981 2605 2075 2658 de-

497 2695 617 2750 beat
650 2697 698 2748 ei
727 2695 927 2764 aliquid
963 2697 1254 2750 Dominus:
1282 2696 1390 2750 imo
1447 2711 1636 2752 servus
1669 2696 1831 2751 debet
1857 2695 2074 2751 domino

497 2802 598 2840 suo
623 2799 681 2840 ut
704 2787 1062 2842 faciatoutnia
1099 2789 1218 2857 ejus
1260 2789 1534 2843 mandata.
1567 2787 1625 2842 Si
1657 2799 1836 2842 autem
1865 2796 1919 2841 et
1949 2803 2071 2842 cum

499 2877 680 2932 omnia
707 2879 956 2932 mandata
1005 2879 1319 2945 fecerimus,
1354 2893 1605 2949 magnum
1640 2877 1898 2947 quiddam
1945 2888 2074 2934 tunc

501 2970 822 3026 seutirenou
858 2971 1139 3035 debemus,
1171 2971 1321 3041 quid,
1362 2985 1487 3024 cum
1523 2970 1819 3024 maximam
1850 2979 2060 3039 partem

501 3062 874 3116 mandatorum
895 3062 984 3118 Dei
1004 3078 1110 3118 non
1129 3061 1462 3131 perﬁcintus,
1481 3060 1712 3129 amplius
1723 3057 2076 3114 extollimur?

504 3153 738 3209 Adverte
767 3165 948 3209 autem
978 3156 1119 3224 quod
1150 3155 1202 3208 in
1231 3155 1374 3209 dicta
1416 3153 1670 3223 parabola
1701 3152 1935 3222 primunt
1977 3166 2077 3222 po-

501 3247 610 3304 suit
641 3257 909 3313 arantem,
936 3255 991 3302 et
1010 3247 1248 3301 subdidit
1270 3255 1455 3316 postea
1480 3253 1812 3315 pascentem.
1833 3242 2077 3297 Primum

501 3339 645 3394 enim
671 3348 887 3410 oportet
932 3354 1054 3396 esse
1088 3347 1384 3405 aratorem,
1429 3337 1624 3393 deinde
1660 3344 1714 3390 et
1747 3333 2078 3404 pastoralem

503 3445 689 3484 curam
712 3445 1008 3485 assumere.
1035 3428 1168 3483 Nam
1207 3429 1298 3498 qui
1329 3442 1550 3483 carnem
1590 3441 1743 3482 suam
1782 3426 1923 3480 bene
1959 3439 2082 3478 ara-

505 3523 646 3576 verit
671 3522 823 3590 quasi
874 3530 1076 3576 terram
1134 3519 1452 3590 quamdam,
1503 3519 1700 3589 dignus
1757 3519 1864 3573 erit
1909 3518 2077 3573 etiam

513 3613 744 3668 aliorum
778 3622 960 3683 pastor
1001 3612 1137 3668 ﬁeri.
1167 3611 1270 3680 Qui
1312 3613 1456 3667 enim
1497 3626 1608 3666 sua:
1661 3611 1847 3667 domui
1901 3611 2083 3666 nescit

506 3719 740 3773 praesse
775 3714 831 3759 ut
855 3712 1089 3773 oportet,
1111 3705 1385 3775 quomodo
1406 3704 1662 3760 Ecclesia:
1681 3719 1868 3759 curam
1895 3703 2078 3776 geret?

502 3797 611 3849 Ara
640 3795 801 3866 igitur
818 3795 970 3864 prius
1005 3795 1256 3863 teipsum,
1279 3804 1333 3848 et
1359 3803 1482 3848 tunc
1505 3808 1699 3863 pasces
1721 3792 1857 3847 alios
1885 3832 1900 3857 ,
1936 3792 2079 3848 sicut

515 3896 571 3942 et
611 3885 874 3942 Jeremias
907 3887 1038 3942 dit-it
1071 3905 1084 3940 :
1123 3885 1330 3942 Novate
1395 3887 1548 3942 vobis
1594 3885 1833 3952 novalia,
1884 3884 2080 3940 deinde

503 3977 720 4033 subdit:
755 3977 1064 4033 illuminate
1096 3993 1188 4032 vos
1216 3978 1416 4031 lumine
1437 3978 1675 4032 scientiae
1697 3995 1710 4032 :
1730 3975 1873 4047 quod
1897 3984 2078 4047 pasto-

499 4085 622 4126 rum
655 4071 983 4140 praecipuum
1015 4084 1212 4124 munus
1241 4069 1423 4125 fuerit.

2159 602 2258 638 σαν
2299 586 2498 657 βαλεῖν,
2546 587 2850 652 τουτέστιν,
2891 588 2973 651 είς
3027 586 3128 658 τὴν
3154 587 3388 643 ἄϐυσσον
3420 590 3682 646 assolent.

2169 675 2324 728 Ἐπεὶ
2346 677 2403 730 δὲ
2429 677 2601 730 ταῦτα
2630 672 2752 730 εἷπε
2781 677 2910 747 περὶ
2938 675 3040 746 τῆς
3064 675 3326 740 πίστεως,
3356 677 3688 748 ἐπιφέρεικαὶ

2161 770 2598 842 ἀναγκαιοτάτην
2646 771 2840 842 ἑτέραν
2873 769 3248 834 διδασκαλίαν,
3281 771 3438 823 ποίαν
3487 771 3688 840 statim;

2161 863 2273 933 Τὴν
2303 864 2430 932 περὶ
2463 863 2557 916 τοῦ
2597 864 2672 934 μὴ
2695 864 2807 917 δεῖν
2849 864 3278 935 μεγαλοφρονεῖν
3325 863 3418 916 ἐπὶ
3444 864 3692 934 κατορθὼ-

2165 971 2297 1026 μασι
2324 971 2338 985 ·
2379 955 2565 1025 ἐπειδὴ
2595 955 2704 1027 γὰρ
2724 957 2757 1025 ἡ
2787 954 2974 1018 πίστις
2996 955 3167 1008 πολλά
3196 955 3467 1026 κατορθοῖ,
3495 959 3583 1010 καὶ
3607 958 3695 1011 τῶν

2164 1047 2392 1100 ιντολῶν
2419 1047 2712 1119 πληρωτὴν
2735 1050 2880 1100 ποιεῖ
2898 1047 2992 1100 τὸν
3022 1045 3225 1118 ταύτην
3258 1046 3447 1116 ἔχοντα
3473 1047 3598 1116 μετὰ
3619 1047 3694 1102 uti

2165 1142 2259 1194 καὶ
2287 1140 2756 1210 θαυματουργίαις
2784 1140 3159 1210 κατακοσμεῖν
3197 1138 3381 1202 αὑτὸν,
3421 1141 3483 1192 ὲκ
3525 1139 3698 1192 τούτων

2166 1233 2223 1287 δὲ
2258 1233 2403 1296 είκδς
2427 1232 2520 1286 τὸν
2548 1232 2836 1303 ἄνθρωπον
2859 1233 2938 1296 είς
2967 1230 3451 1301 μεγαλοφροσύνην
3484 1231 3701 1284 ἐκπεσεῖν

2167 1323 2446 1387 πολλάκις,
2482 1321 2847 1390 ἀσφαλίζεται
2887 1323 3015 1385 τοὺς
3069 1321 3426 1387 ἀποστόλους,
3473 1320 3602 1373 ὥστε
3642 1322 3702 1390 μὴ

2169 1415 2496 1486 ἱπαίρεσθαι
2528 1415 2619 1468 ἐπὶ
2645 1413 3063 1487 κατορθώμασι,
3109 1413 3174 1466 δι’
3200 1413 3590 1481 ὐποδείγματος
3628 1430 3704 1481 χαι

2174 1509 2476 1580 ριεστάτου.
2503 1508 2602 1570 Τίς
2629 1507 2764 1577 γάρ,
2806 1508 2992 1576 φησὶν,
3043 1505 3197 1576 ὑμῶν
3228 1505 3415 1559 δοῦλον
3451 1504 3601 1573 ἔχων,
3632 1506 3706 1557 καὶ

2169 1601 2238 1653 τὰ
2279 1598 2428 1669 ἑξῆς.
2477 1598 2842 1652 Ἐνδείκνυται
2891 1598 3004 1669 γάρ
3035 1599 3123 1652 διὰ
3162 1597 3366 1666 ταύτης
3409 1597 3508 1665 τῆς
3563 1613 3708 1665 παρα·

2173 1691 2356 1759 ϐολῆς,
2397 1692 2478 1745 ὃτι
2511 1691 2573 1744 οὐ
2603 1691 2683 1745 δεῖ
2714 1689 3037 1759 ἐπαίρεσθαι
3078 1689 3169 1743 ἐπί
3196 1707 3303 1742 τινι
3331 1687 3706 1758 κατορθώματι,

2177 1782 2377 1855 μᾶλλον
2409 1781 2464 1835 δὲ
2492 1781 2614 1835 οὑδὲ
2647 1781 2738 1835 ἐπὶ
2768 1783 2837 1852 τῇ
2897 1780 3086 1834 πασῶν
3107 1780 3218 1834 τῶν
3264 1777 3498 1833 ἐντολῶν
3541 1777 3708 1846 ἐκπληο

2170 1873 2360 1945 ρώσει.
2391 1872 2575 1942 Δούλῳ
2600 1872 2709 1942 γὰρ
2736 1872 2948 1942 ἀνάγκη
2975 1871 3272 1932 ἐπίκειται,
3298 1868 3359 1922 τὺ
3376 1865 3610 1937 πληροῦν
3629 1868 3706 1929 τὰς

2168 1965 2389 2029 ἐντολάς
2419 1963 2513 2018 τοῦ
2544 1964 2773 2035 Κυρίου,
2799 1965 2859 2017 ού
2891 1963 2996 2034 μὴν
3033 1963 3109 2027 ὡς
3137 1961 3474 2031 κατόρθωμα
3508 1960 3709 2029 ἐπιγρά-

2169 2059 2366 2129 φεσθαι
2401 2057 2580 2128 ἑαυτῷ
2601 2057 2760 2110 τοῦτο
2782 2057 3009 2126 ὀφείλει.
3060 2058 3122 2110 Ei
3155 2056 3266 2126 γάρ
3307 2055 3381 2126 μὴ
3415 2052 3705 2123 ἐργάσηται,

2170 2151 2397 2221 πληγῶν
2429 2149 2711 2214 ἀξιωτέος,
2737 2151 2859 2203 ἐπεὶ
2893 2149 2948 2202 δὲ
2981 2149 3300 2218 εἰργάσατο,
3338 2146 3604 2219 ἀρκείσθω
3645 2145 3709 2197 ὅτι

2169 2244 2271 2308 τὰς
2319 2243 2535 2314 πληγὰς
2583 2243 2866 2316 ἐξέφυγεν,
2921 2243 2981 2294 οὐ
3021 2242 3126 2311 μὴν
3184 2241 3390 2309 ὀφείλει
3445 2241 3538 2292 ὲπὶ
3568 2239 3708 2308 τούτῳ

2170 2332 2338 2401 τιμὴν
2376 2331 2558 2400 ζητεῖν
2610 2331 2944 2399 ἀναγκαίως.
2995 2331 3107 2399 Τῆς
3137 2330 3245 2399 γάρ
3314 2327 3409 2381 τοῦ
3483 2329 3708 2381 δεσπότιν)

2174 2423 2487 2494 φιλοτιμίας
2517 2423 2634 2475 ἐστὶ
2655 2422 2718 2476 τὺ
2751 2423 2930 2476 δοῦναι
2973 2423 3144 2492 αύτῷ,
3185 2422 3386 2492 μᾶλλον
3422 2421 3479 2474 δὲ
3513 2422 3708 2491 χαρίσαι

2175 2513 2299 2565 σθαί
2339 2529 2411 2566 τι.
2437 2511 2650 2564 Οὐκοῦν
2673 2513 2766 2565 καὶ
2797 2511 2875 2581 τῷ
2909 2510 3029 2581 Θεῷ
3059 2509 3345 2572 δουλεύων,
3381 2511 3492 2562 εῖτε
3522 2511 3611 2572 τὰς
3637 2511 3706 2560 iv-

2174 2605 2334 2667 τολάς
2389 2604 2669 2674 κατορθοῖ,
2730 2604 2830 2657 οὐκ
2887 2603 3096 2674 ὀφείλει
3170 2601 3519 2674 ἐπαίρεσθαι.
3574 2601 3708 2655 οὐδὲν

2176 2695 2286 2766 γάρ
2319 2695 2463 2765 μέγα
2521 2693 2779 2764 ἐποίησεν
2811 2712 2826 2726 ·
2868 2694 2987 2749 ἀλλ’
3043 2694 3165 2747 ούαὶ
3221 2690 3289 2764 ἦν
3348 2693 3521 2762 αὐτῷ,
3567 2693 3611 2745 sl
3650 2691 3706 2761 μὴ

2176 2789 2450 2859 ἐποίησεν,
2483 2787 2558 2850 ὡς
2587 2790 2615 2840 ὁ
2656 2786 2981 2850 Ἀπόστολός
3025 2803 3212 2857 φησιν,
3254 2805 3273 2838 ε
3313 2785 3449 2839 Οὐαί
3482 2802 3586 2854 μοι,
3636 2784 3708 2837 ἐὰν

2181 2881 2254 2950 μὴ
2279 2879 2741 2950 εὐαγγελίζωμαι.
2772 2898 2789 2932 t
2829 2879 2958 2932 Οῠτ⁹
2981 2874 3047 2932 αὖ
3072 2880 3120 2930 εί
3146 2878 3506 2948 χαρισμάτων
3535 2878 3707 2946 ἔτυχεν,

2175 2971 2382 3040 ὀφείλει
2418 2970 2510 3022 ἐπὶ
2545 2969 2756 3031 τούτοις
2793 2967 3238 3039 μεγαλοφρονεῖν⁸
3287 2967 3598 3039 χαρίσματα
3625 2968 3709 3037 γάρ

2182 3059 2289 3112 είσι
2321 3058 2409 3112 διὰ
2450 3058 2599 3112 ἔλεον
2634 3058 2771 3112 Θεοῦ
2807 3057 3138 3129 χαρισθέντα
3209 3058 3384 3128 αὐτῷ,
3441 3058 3559 3128 ούχὶ
3606 3057 3711 3110 διότι

2181 3146 2476 3219 ὲχρεώστει
2508 3147 2657 3219 αὑτῷ
2686 3151 2715 3202 ό
2757 3149 3043 3217 δεσπότης.
3090 3149 3310 3203 Μᾶλλον
3349 3149 3458 3221 γὰρ
3492 3152 3519 3202 ό
3565 3148 3714 3212 δοῦλος

2182 3243 2450 3313 χρεωστεῖ
2476 3239 2553 3311 τῷ
2583 3241 2819 3311 δεσπότῃ
2850 3240 3040 3304 αὑτοῦ,
3097 3241 3159 3294 τὸ
3197 3243 3375 3294 ποιεῖν
3422 3241 3594 3304 πάσας
3616 3281 3618 3283 μ
3639 3241 3715 3303 τὰς

2183 3331 2406 3396 ἑντολάς
2436 3330 2622 3385 αὐτοῦ,
2657 3331 2720 3384 Ei
2764 3331 2820 3384 δὲ
2856 3331 2951 3385 καὶ
2989 3331 3116 3385 ὅταν
3157 3331 3337 3396 πάσας
3384 3332 3482 3396 τὰς
3531 3332 3716 3394 sed};

2183 3425 2528 3496 ποιήσωμεν,
2569 3422 2688 3477 οὐδὲ
2721 3423 2842 3478 τότε
2867 3423 3156 3492 ὀφείλομεν
3184 3424 3396 3480 οἴεσθαί
3423 3442 3475 3478 τι
3505 3426 3653 3494 μέγα,
3672 3423 3714 3476 τί

2181 3517 2476 3588 γενόμεθα,
2509 3517 2641 3570 ὅταν
2672 3515 2809 3586 μηδὲ
2835 3515 2896 3569 τὸ
2921 3515 3214 3570 πολλοστὸν
3241 3517 3410 3586 μέρος
3465 3515 3568 3571 τῶν
3599 3517 3716 3568 ἐντο-

2184 3608 2295 3662 λῶν
2315 3606 2410 3661 τοῦ
2448 3606 2584 3661 Θεοῦ
2616 3607 3012 3678 κατορθοῦντες
3040 3607 3123 3661 ἐτι
3171 3609 3541 3679 ἑπαιρόμεθας
3597 3607 3717 3661 Ἐπί-

2187 3711 2387 3765 στησον
2410 3694 2466 3748 δὲ
2517 3696 2575 3748 ὲν
2607 3692 2684 3764 τῷ
2718 3693 2821 3763 τῆς
2859 3693 3180 3767 παραϐολῆς
3208 3696 3379 3767 ῥητῷ,
3426 3697 3506 3750 ὅτι
3535 3696 3714 3766 πρῶτον

2185 3786 2340 3852 ιταξε
2380 3785 2464 3850 τὸ,
2521 3784 2884 3856 ἀροτριῶντα,
2925 3783 3047 3840 εἶτα
3101 3788 3349 3857 ιπήγαγε
3388 3788 3469 3852 τὺ,
3523 3784 3712 3856 ποιμαί-

2186 3896 2369 3936 νοντα.
2401 3878 2626 3951 Πρῶτον
2657 3879 2757 3948 μὲν
2784 3878 2892 3950 γὰρ
2916 3879 2996 3933 δεῖ
3031 3881 3236 3951 ἀρότην
3263 3877 3406 3936 εῐναί
3451 3899 3584 3944 τινα,
3620 3875 3713 3932 εἶτα

2186 3971 2283 4024 καὶ
2317 3968 2683 4040 ποιμαντικὴν
2708 3969 3143 4041 ἐγχειρισθῆναι.
3186 3972 3246 4025 '0
3275 3972 3386 4044 γὰρ
3413 3972 3509 4043 τὴν
3553 3969 3712 4026 ἑαυτοῦ

2192 4063 2371 4132 σάρκα
2400 4060 2578 4124 καλῶς
2608 4059 2949 4133 ἁροτριὼσας
2977 4055 3089 4115 οἷόν
3125 4079 3248 4116 τινα
3276 4063 3402 4133 γῆν,
3428 4058 3572 4126 οὗτος
3596 4060 3714 4125 ἀξιὸς

502 4165 621 4218 ἔστι
650 4165 745 4218 καὶ
777 4165 984 4236 ποιμὴν
1014 4166 1216 4237 ἐτέρων
1245 4165 1522 4234 γενέσθαι.
1558 4167 1654 4229 Ὃς
1675 4165 1786 4234 γὰρ
1813 4162 1908 4217 τοῦ
1975 4161 2106 4217 ιδίου
2145 4161 2297 4215 οἴκου
2325 4159 2426 4214 οὐκ
2484 4153 2648 4224 οἶδεν,
2683 4159 2758 4223 ὡς
2785 4157 2886 4225 δεῖ,
2919 4159 3242 4231 προστῆναι,
3274 4160 3393 4223 πῶς
3432 4158 3713 4229 Ἐκκλησίας

503 4256 928 4328 ὲπιμελήσεται;
962 4257 1194 4327 ⁸’Δροσον
1221 4254 1316 4314 οῦν
1356 4259 1622 4329 πρότερον
1666 4257 1914 4322 σεαυτὸν,
1969 4255 2064 4308 καὶ
2102 4253 2222 4306 τότε
2258 4253 2542 4320 ποιμανεῖς
2581 4251 2822 4322 ἑτέρους,
2892 4250 3036 4305 καθά
3097 4252 3190 4304 καὶ
3248 4252 3515 4324 Ἱερεμίας
3566 4251 3708 4320 φησί’

503 4347 762 4402 Νεώσατε
793 4348 1002 4412 ἑαυτοῖς
1030 4347 1306 4419 νεώματα,
1337 4346 1457 4404 εἶτα
1529 4350 1626 4404 τό·
1653 4348 1932 4406 Φωτίσατε
1981 4346 2194 4408 ἑαυτοῖς
2227 4341 2344 4408 φῶς
2406 4342 2684 4409 κνώσεως,
2728 4343 2758 4397 δ
2814 4343 2964 4415 δηλοῖ
2985 4345 3085 4416 τῆς
3115 4345 3481 4416 ποιμαντικῆς
3529 4345 3584 4398 τὸ
3634 4360 3712 4396 ttu-

505 4444 774 4518 ριώτατον
811 4443 998 4515 μέρος.

575 4537 735 4593 Vens.
772 4538 957 4594 ll-l9.
999 4555 1020 4590 ι
1067 4537 1133 4594 Ει
1153 4537 1356 4594 factum
1378 4547 1464 4595 est
1491 4539 1619 4594 dum
1668 4539 1775 4594 iret
1811 4537 2070 4594 llieroso-

2269 4546 2288 4580 ι
2320 4529 2431 4583 Καὶ
2456 4527 2676 4598 ἐγένετο
2705 4530 2762 4583 ἐν
2789 4527 2868 4599 τῷ
2891 4527 3220 4598 πορεύεσθαι
3249 4525 3414 4582 αὑτὸν
3440 4527 3516 4590 είς
3554 4525 3713 4597 Ἰερου-

499 4626 726 4699 iymant.
761 4637 816 4684 et
845 4627 958 4697 ipse
997 4628 1264 4684 transibat
1289 4643 1386 4698 per
1418 4627 1649 4684 mediam
1674 4626 1980 4683 Samariam
2022 4633 2077 4680 et

496 4716 798 4772 Galilaeam.
840 4716 909 4772 Et
925 4731 1048 4772 cum
1075 4719 1446 4788 ingrederetur
1465 4720 1751 4788 quamdam
1773 4717 2075 4781 civitatem,

499 4817 862 4863 occurrerunt
883 4809 934 4864 ei
965 4809 1151 4864 decem
1174 4809 1276 4864 viri
1303 4809 1527 4878 leprosi,
1546 4809 1637 4879 qui
1668 4816 1934 4865 steterunt
1960 4822 2080 4876 pro-

501 4901 609 4966 cul,
667 4901 982 4971 intentaque
1031 4915 1168 4958 voce
1201 4902 1459 4958 dixerunt
1503 4918 1517 4954 :
1567 4899 1694 4956 Jesu
1752 4910 2076 4973 praeceptor,

504 4990 766 5046 miserere
789 4991 982 5046 nostri.
1021 4991 1167 5058 Quos
1199 5002 1257 5046 ut
1286 4993 1440 5058 vidit,
1473 4991 1612 5047 dixit
1652 4991 1759 5048 illis
1792 5006 1808 5046 :
1845 4991 1944 5056 Ite,
1989 5007 2080 5046 os-

504 5081 705 5136 tendite
741 5097 836 5136 vos
889 5083 1286 5138 sacerdotibus.
1346 5082 1411 5138 Et
1454 5081 1660 5138 factum
1706 5091 1790 5138 est
1840 5090 1897 5136 ut
1941 5083 2082 5137 inter

504 5173 741 5227 eundum
769 5175 1011 5229 mundati
1047 5175 1176 5231 sint.
1206 5175 1357 5231 Unus
1392 5185 1568 5230 autem
1607 5190 1671 5230 ex
1714 5175 1821 5231 illis
1860 5183 1918 5230 ut
1947 5175 2082 5230 vidit

505 5267 650 5334 quod
686 5273 977 5325 mundatus
1006 5279 1177 5335 esset,
1207 5284 1488 5340 regressus
1516 5277 1618 5335 est,
1647 5285 1771 5325 cum
1817 5284 1947 5324 voce
1969 5284 2084 5322 ma-

502 5373 608 5428 sua
639 5358 948 5428 gloriﬁcans
981 5362 1170 5426 Deum,
1217 5372 1272 5416 et
1320 5363 1554 5434 procidit
1586 5363 1639 5418 in
1671 5361 1838 5435 426
1888 5362 2083 5416 facient

503 5446 577 5500 ad
603 5448 768 5516 pedes
796 5449 933 5518 ejus,
964 5454 1164 5519 gratias
1192 5467 1356 5524 agens
1393 5455 1444 5509 ei
1482 5475 1497 5511 :
1530 5465 1584 5510 et
1615 5455 1705 5510 ltic
1736 5463 1854 5509 erat
1879 5453 2071 5507 Sama-

503 5540 736 5596 ritanus.
768 5541 1119 5611 liespondens
1156 5556 1336 5601 autent
1371 5547 1530 5603 Iesus
1560 5547 1692 5604 dicit
1719 5565 1731 5601 :
1767 5545 1958 5601 Nonne
1985 5545 2080 5599 de-

500 5649 621 5688 eetn
647 5635 890 5688 mundati
921 5645 1046 5688 sunt
1072 5636 1094 5689 ?
1133 5653 1322 5694 novent
1349 5649 1525 5696 autem
1561 5639 1638 5696 illi
1662 5639 1791 5697 ubi?
1818 5637 1935 5694 Non
1954 5647 2080 5693 sunt

577 5808 669 5863 ⁸⁵1
708 5812 811 5868 Cor
847 5828 921 5881 ιχ,
966 5813 1045 5869 l6.

2184 4618 2389 4690 σαλὴμ,
2415 4618 2512 4672 καὶ
2544 4618 2706 4682 αὐτὸς
2730 4618 2983 4688 διήρχετο
3005 4615 3094 4671 διὰ
3123 4616 3290 4688 μέσου
3315 4615 3614 4686 Σαμαρείας
3641 4612 3713 4665 καὶ

2184 4711 2496 4776 Γαλιλαίας.
2537 4711 2650 4766 Kal
2687 4710 3074 4782 εἰσερχομένου
3105 4709 3270 4763 αὑτοῦ
3300 4710 3382 4774 είς
3410 4726 3530 4763 τινα
3573 4707 3711 4768 πόλιν,

2182 4805 2514 4876 ἀπήντησαν
2557 4803 2707 4874 αὐτῷ
2753 4803 2886 4857 δέκα
2927 4801 3119 4872 λεπροὶ
3163 4801 3378 4873 ἀνδρες,
3421 4803 3470 4855 οῖ
3523 4801 3713 4867 ἔστησαν

2183 4896 2492 4969 πόρρωθεν,
2528 4896 2624 4951 καὶ
2648 4895 2803 4949 αὐτοὶ
2828 4890 2969 4967 ἦραν
3001 4895 3206 4964 φωνὴν,
3232 4895 3489 4964 λέγοντες
3518 4911 3533 4927 .
3577 4887 3711 4961 Ἰησοῦ

2184 4990 2471 5056 ἐπιστάτα,
2499 4989 2724 5059 ἐλέησον
2755 4990 2924 5060 ἡμᾶς.
2947 4990 3058 5043 Καὶ
3092 4987 3216 5042 ἰδὼν
3239 4983 3395 5042 εἶπεν
3423 4989 3614 5050 αὐτοῖς’
3636 4985 3715 5038 Ilo-

2184 5081 2475 5153 ρευθέντες
2513 5081 2822 5148 ἐπιδείξατε
2847 5081 3079 5146 ἑαυτοὺς
3103 5083 3217 5144 τοῖς
3250 5081 3473 5150 ἱερεῦσι.
3508 5081 3608 5135 Kal
3625 5075 3717 5144 ὲγέο

2181 5189 2303 5227 νετο
2327 5173 2386 5226 ὲν
2429 5174 2508 5246 τῷ
2549 5173 2782 5240 ὑπάγειν
2810 5174 3027 5237 αὐτοὺς,
3059 5172 3523 5244 ἐκαθαρίσθησαν.
3557 5166 3635 5234 Εἷς
3674 5169 3714 5220 δὲ

2183 5264 2243 5330 ἐξ
2275 5265 2454 5319 αὐτῶν
2507 5266 2632 5318 ίδὼν
2678 5265 2758 5319 ὅτι
2812 5266 2960 5337 ίάθη,
3001 5266 3334 5336 ὑπέστρεψε,
3379 5267 3514 5336 μετά
3566 5261 3712 5333 φωνῆς

2187 5358 2436 5429 μεγάλης
2460 5357 2696 5423 δοξάζων
2722 5359 2814 5413 τὸν
2847 5359 3000 5424 Θεὸν,
3035 5359 3130 5412 καὶ
3157 5359 3355 5412 ἔπεσεν
3416 5359 3507 5412 ἐπὶ
3541 5357 3713 5427 πρόσω-

2186 5467 2290 5503 πον
2316 5450 2464 5522 παρά
2492 5452 2618 5515 τοὺς
2646 5453 2810 5516 πόδας
2840 5453 3029 5515 αὑτοῦ,
3057 5452 3397 5524 εὐχαριστῶν
3453 5450 3610 5518 αὐτῷ’
3642 5445 3711 5499 καὶ

2182 5542 2345 5606 αὐτὸς
2408 5541 2478 5614 ἦν
2533 5544 2906 5615 Σαμαρείτης.
2974 5543 3321 5614 Ἀποκριθεὶς
3366 5543 3422 5596 δὲ
3479 5545 3506 5596 ὁ
3544 5535 3710 5609 Ἰησοῧς

2184 5631 2340 5691 εἶπεν
2369 5650 2382 5665 ⁸
2407 5635 2548 5707 Οὐχὶ
2565 5638 2613 5690 οἱ
2642 5636 2772 5690 δέκα
2790 5636 3228 5709 ἐκαθαρίσθησαν
3248 5654 3264 5705 ;
3284 5638 3334 5690 οί
3350 5637 3405 5690 δὲ
3431 5635 3576 5690 ἐννέα
3602 5628 3707 5690 ποὖὶ
