3932 6456
263 410 376 477 989

951 417 1392 480 ENARRATIO
1431 419 1510 480 IN
1555 419 2056 484 EVANGELIUM
2085 423 2319 485 LUCAE.
2347 447 2412 459 -
2435 424 2597 485 CAP.
2629 425 2816 487 XVII.

3415 423 3523 487 990

267 525 386 595 Οὐχ
418 522 720 595 εὑρέθησαν
738 524 1178 596 ὑποστρέψαντες
1203 526 1385 580 δοῦναι
1416 528 1573 593 δόξαν
1601 528 1681 600 τῷ
1701 529 1844 600 Θεῷ,

1955 533 2149 600 reperti
2179 533 2269 603 qui
2298 531 2554 588 redierint
2585 539 2642 586 ut
2669 535 2860 588 darent
2888 530 3114 603 gloriam
3141 529 3272 598 Deo,
3304 531 3404 587 nisi
3435 534 3522 588 hic

265 617 318 670 εἱ
350 617 424 686 μὴ
458 617 487 669 ὁ
512 615 802 687 ἀλλογενὴς
829 611 1004 681 οὗτος.
1037 618 1146 672 Καὶ
1161 612 1314 673 εἴπεν
1349 619 1498 689 αὐτῷ
1531 636 1546 652 ⁸
1581 620 1847 685 Ἀναστὰς

267 707 524 779 πορεύου,
553 709 586 778 ἠ
615 708 799 771 πίστις
843 723 936 761 σου
977 708 1185 763 σέσωκέ
1217 725 1298 763 σε.
1359 728 1378 760 ι
1429 710 1741 764 Κάντεῦθεν
1777 712 1842 767 άν

272 817 360 862 τις
383 800 650 871 ἐπιγνοίη,
690 800 763 864 ὡς
804 801 957 855 οὐδὲν
984 801 1267 871 ἐμποδίζει
1296 802 1404 857 τινὶ⁹
1448 803 1587 873 πρὸς
1625 804 1689 858 τὺ
1713 807 1843 859 εὐαι-

270 895 492 965 ρεστεῖν
545 893 685 962 Θεῷ,
721 893 826 947 κᾶν
866 895 1275 961 ἐπικαταράτου
1305 895 1496 964 γένους
1543 897 1654 967 εἴη,
1690 898 1848 968 μόνον

272 989 324 1040 εἰ
356 986 686 1058 προαίρεσιν
719 986 932 1057 ἀγαθὴν
958 987 1094 1058 ἔχοι.
1136 987 1267 1042 Ἰδοὺ
1295 989 1404 1060 γὰρ
1456 990 1587 1043 δέκα
1620 991 1719 1060 μέν
1756 990 1846 1044 λε-

273 1078 408 1150 προὶ
451 1079 792 1150 συνήντησαν
828 1078 908 1148 τῷ
950 1079 1126 1149 Ἰησοῦ
1180 1081 1436 1150 μέλλοντι
1481 1081 1743 1135 εἱσελθεῖν
1768 1082 1846 1151 εἷς

267 1185 395 1222 τινα
426 1167 601 1222 πόλιν.
649 1169 995 1238 Ἀπήντησαν
1022 1169 1079 1223 δὲ
1109 1169 1215 1235 ἔξω
1239 1170 1337 1238 τῆς
1369 1169 1599 1232 πόλεως.
1637 1169 1712 1222 Οὐ
1737 1168 1848 1239 γάρ

268 1261 398 1330 ἐξῆν
450 1259 632 1322 αὑτοῖς
663 1259 996 1330 ἀκαθάρτοις
1028 1259 1404 1330 νομιζομένοις
1442 1259 1574 1312 εἵσω
1622 1258 1722 1328 τῆς
1750 1258 1850 1311 πό-

266 1349 408 1414 λεως
427 1351 660 1418 διάγεινο
682 1350 970 1422 πόρρωθεν
996 1351 1053 1404 δέ
1079 1351 1324 1416 στάντες,
1354 1344 1442 1403 οἷα
1469 1347 1848 1420 αἰσχυνόμενοι

268 1443 373 1512 τὴν
403 1440 673 1512 δοκοῦσαν
696 1441 877 1495 αὑτῶν
911 1441 1280 1513 ἀκαθαρσίαν,
1311 1441 1404 1496 καὶ
1439 1441 1512 1511 μὴ
1541 1439 1847 1511 τολμῶντες

266 1535 514 1604 ἐγγῖσαιο
543 1533 794 1606 ἐνόμιζον
821 1535 929 1604 γὰρ
977 1537 1074 1589 καὶ
1101 1537 1192 1588 τὸν
1238 1532 1449 1603 Ἰησοῦν
1483 1532 1844 1604 βδελυχθῆναι

266 1624 337 1678 ἂν
374 1625 596 1688 αὐτοὺς,
621 1625 809 1696 ὥσπερ
833 1626 928 1679 καὶ
954 1627 1004 1679 οἱ
1029 1627 1206 1679 λοιποὶ
1240 1625 1479 1678 ἐποίουν·
1501 1623 1719 1693 αἱρουσι
1747 1624 1846 1696 τὴν

267 1715 478 1786 φωνὴν,
513 1720 607 1770 καὶ
644 1717 973 1772 ἱκετεύουσι.
1010 1716 1102 1788 Τῷ
1156 1717 1253 1787 μὲν
1281 1716 1429 1786 τόπῳ
1463 1716 1654 1789 πόρρω
1687 1716 1848 1787 ἐστη-

268 1823 392 1866 σαν,
417 1809 482 1877 τῇ
520 1806 576 1860 δέ
609 1807 788 1877 ἱκεσίᾳ
816 1808 984 1875 ἐγγὺς
1013 1808 1284 1875 ἐγένοντο.
1344 1807 1543 1874 Ἐγγὺς
1591 1806 1700 1878 γὰρ
1749 1807 1846 1858 καὶ

268 1901 410 1950 πᾶσι
437 1900 550 1960 τοῖς
600 1898 1054 1968 ἐπικαλουμένοις
1112 1898 1276 1951 αὑτὸν
1324 1897 1382 1951 ἐν
1435 1897 1684 1967 ἀληθείᾳ.
1737 1897 1848 1950 Kal.
1881 1884 1921 1938 Β

265 1992 368 2062 οὐχ
393 1991 468 2052 ὡς
499 1991 683 2054 ἁπλῶς
715 1990 1002 2061 ἄνθρωπον
1034 1989 1388 2056 ἱκετεύουσιν,
1426 1989 1540 2044 ἀλλ’
1589 1989 1662 2053 ὡς
1706 1989 1846 2058 ὑπὲρ

267 2083 575 2153 ἄνθρωπον.
619 2083 953 2154 Ἐπιστάτην
997 2083 1106 2154 γὰρ
1155 2082 1317 2136 αὑτὸν
1372 2081 1753 2153 ὀνομάζουσιν,
1817 2080 1846 2135 ὃ

269 2176 412 2238 εστι,
470 2174 696 2246 Κύριον,
733 2176 1032 2246 κηδεμόνα,
1064 2175 1283 2246 ἔφορον,
1315 2177 1454 2246 ὅπερ
1503 2174 1671 2244 ἐγγύς
1729 2176 1846 2227 ἐστι

269 2264 366 2318 τοῦ
397 2265 527 2318 Θεὸν
557 2265 801 2334 νομίζειν
830 2266 1014 2321 αὐτόν.
1055 2266 1114 2319 '0
1166 2266 1224 2319 δὲ
1277 2267 1602 2336 προστάττει
1659 2266 1847 2328 αὐτοῖς

270 2357 539 2421 ἐπιδεῖξαι
565 2357 792 2421 ἑαυτοὺς
823 2359 935 2420 τοῖς
964 2356 1230 2426 ἱερεῦσιν·
1259 2358 1308 2410 οἱ
1335 2358 1441 2428 γὰρ
1477 2359 1642 2428 ἱερεῖς
1677 2356 1852 2409 ἐδοκί-

275 2449 449 2518 μαζον
488 2448 616 2511 τοὺς
637 2447 937 2514 τοιούτους,
970 2449 1065 2501 καὶ
1099 2449 1230 2518 παρ’
1260 2449 1486 2502 ἐκείνων
1511 2449 1612 2518 τὴν
1657 2447 1838 2518 ψῆφον

276 2539 544 2609 ἐδέχοντο,
589 2539 698 2592 εῐτε
727 2538 955 2609 καθαροὶ
995 2538 1095 2608 τῆς
1132 2538 1340 2609 λέπρας
1394 2533 1526 2600 εἶεν,
1581 2536 1692 2590 εἴτε
1746 2536 1846 2606 μή.

279 2626 440 2700 Εἶχον
498 2630 610 2701 γάρ
667 2630 872 2700 σημεῖα
919 2629 969 2682 οἱ
1029 2629 1194 2700 ἱερεῖς
1233 2629 1300 2683 δι’
1357 2625 1432 2683 ὧν
1490 2626 1587 2698 τὴν
1630 2627 1850 2680 ἀνίατον

276 2723 486 2792 ἱέπραν
514 2721 972 2794 ἐχαρακτήριζον.
1019 2721 1184 2775 Ἀλλὰ
1214 2721 1310 2774 καὶ
1346 2721 1464 2790 μεθ’
1494 2720 1523 2773 δ
1565 2719 1850 2790 έλεπρώθη

274 2833 382 2881 τις,
407 2811 524 2868 εἶτα
556 2815 768 2884 ὑγιείας
798 2813 1010 2885 ἔτυχεν,
1059 2815 1108 2868 οἱ
1159 2814 1324 2886 ἱερεῖς
1381 2813 1721 2884 ἐδοκίμαζον,
1757 2814 1852 2866 καὶ⁵

274 2906 448 2978 δῶρον
474 2905 847 2979 προσεφέρετο
892 2905 954 2958 τὸ
984 2906 1042 2958 ἐν
1087 2904 1165 2974 τῷ
1199 2904 1347 2975 νόμῳ
1372 2903 1683 2974 διαταχθέν.
1733 2903 1852 2955 Ἐν-

276 2999 458 3053 ταῦθα
484 2999 540 3053 δὲ
579 2998 1026 3069 ὁμολογουμένως
1069 2995 1287 3066 λεπρῶν
1320 2997 1490 3050 ὄντων
1539 2995 1767 3059 τούτων,
1799 2992 1853 3047 τί

277 3089 385 3144 ἔδει
411 3091 611 3153 αὐτοὺς
637 3088 1026 3158 ὑποδειχθῆναι
1045 3090 1159 3152 τοῖς
1183 3087 1438 3159 ἱερεῦσιν,
1470 3089 1518 3140 εί
1543 3087 1618 3159 μὴ
1638 3089 1854 3149 πάντως

1949 623 2271 696 alienigena.
2307 623 2373 679 Et
2396 625 2470 678 ait
2495 623 2602 684 illi:
2631 625 2822 694 Surge,
2859 624 3012 689 vade,
3049 624 3181 678 ﬁdes
3213 632 3303 678 tua
3330 634 3382 678 te
3403 640 3521 678 ser-

1948 715 2114 768 Vavit.
2156 732 2175 765 ι
2221 715 2286 769 Et
2321 714 2448 768 hinc
2480 713 2687 768 discere
2709 714 2831 781 quis
2866 723 3058 783 potest.
3085 715 3225 782 quod
3260 713 3388 768 nihil
3412 714 3526 767 coi-

1946 819 2110 874 quam
2142 807 2297 861 ohest
2330 807 2396 862 ad
2426 807 2526 861 hoc
2564 815 2622 860 ιιι
2656 805 2765 859 Deo
2808 792 3047 876 placeat:
3076 805 3293 860 etiamsi
3347 805 3518 858 male-

1948 895 2076 949 dicti
2103 897 2316 963 generis
2364 897 2454 960 sit,
2510 895 2666 949 modo
2705 895 2900 949 bonam
2935 895 3266 948 voluntatem
3302 895 3518 949 habeat.

1947 987 2086 1043 Ecce
2115 990 2259 1044 cnim
2296 989 2480 1044 decem
2511 987 2705 1057 leprosi
2742 997 3099 1041 occurrerunt
3140 985 3266 1040 Jesu
3299 987 3351 1039 in
3389 986 3522 1039 civi-

1949 1085 2113 1134 tatem
2147 1082 2435 1151 quamdam
2485 1079 2796 1149 ingressuro
2853 1094 2868 1130 :
2923 1086 3278 1131 occurrerunt
3338 1085 3518 1130 autent

1948 1179 2102 1227 extra
2136 1171 2433 1227 civitatem.
2467 1171 2582 1226 Non
2609 1171 2750 1225 enint
2782 1169 2979 1223 licebat
3005 1170 3086 1223 eis
3117 1170 3205 1238 qui
3240 1168 3510 1221 habeban-

1949 1272 2038 1318 tur
2067 1264 2356 1329 immundi,
2390 1263 2444 1317 in
2495 1263 2803 1318 civitatibus
2852 1262 3078 1315 versari.
3113 1258 3308 1314 Procul
3361 1259 3524 1326 igitur

1947 1355 2183 1420 Stabant,
2245 1363 2430 1425 utpote
2485 1363 2708 1425 pr0pter
2763 1351 3159 1406 immunditiam
3193 1365 3314 1420 quae
3357 1351 3408 1403 in
3444 1350 3523 1405 eis

1947 1450 2238 1518 apparebat
2290 1449 2703 1502 erubescentes:
2740 1455 2793 1500 et
2823 1460 2998 1514 neque
3033 1444 3301 1498 audebant
3333 1457 3524 1512 appro-

1949 1543 2120 1611 plare,
2149 1551 2400 1612 putantes
2429 1540 2570 1609 quod
2607 1538 2997 1594 abominabiles
3036 1538 3083 1591 ei
3116 1545 3320 1598 essent,
3378 1535 3522 1589 sicut

1947 1640 2002 1688 et
2023 1633 2164 1688 aliis.
2203 1631 2478 1686 Extollunt
2507 1631 2676 1700 igitur
2701 1643 2885 1683 vocem
2935 1642 3088 1682 suam
3121 1636 3172 1681 et
3202 1633 3358 1680 orant
3409 1641 3422 1678 :
3467 1635 3525 1679 et

1917 1723 2072 1780 -loco
2107 1723 2324 1794 quidem
2367 1722 2556 1792 procul
2608 1730 2790 1784 stant,
2829 1719 3075 1772 oratione
3109 1728 3285 1771 autem
3326 1730 3523 1784 appro—

1948 1818 2121 1886 piaut.
2155 1815 2328 1885 Prope
2356 1816 2502 1869 enim
2539 1820 2622 1868 est
2676 1811 2934 1866 Dominus
2962 1808 3217 1864 omnibus
3265 1808 3525 1862 invocan-

1953 1908 2098 1962 tibus
2133 1922 2254 1962 eum
2293 1907 2344 1959 in
2397 1903 2702 1958 veritate“.
2735 1901 2800 1954 Et
2846 1915 2952 1954 non
3009 1899 3331 1969 simpliciter
3367 1907 3526 1953 orant

1950 2010 2007 2055 ut
2045 2000 2339 2064 hominem,
2384 1997 2477 2052 sed
2510 2005 2567 2051 ut
2591 2009 2712 2049 eum
2745 1994 2837 2063 qni
2865 2007 3027 2060 supra
3059 1991 3351 2046 hominem.
3381 1991 3526 2044 Prae-

1949 2105 2220 2165 ceptorem
2256 2092 2399 2148 enim
2438 2105 2558 2145 eum
2591 2087 2892 2152 nominant,
2931 2086 3034 2140 hoc
3063 2094 3166 2152 est,
3205 2083 3514 2144 Dominum,

1948 2196 2280 2246 curatorem,
2329 2181 2658 2254 provisorem
2699 2197 2713 2234 :
2754 2179 2805 2232 id
2842 2178 2986 2244 quod
3024 2187 3107 2231 est
3137 2187 3327 2246 putare
3372 2175 3521 2230 illum

1948 2291 2118 2348 prope
2155 2277 2346 2330 Deum.
2379 2274 2565 2328 Atille
2597 2273 2840 2343 prwcipit
2899 2272 2978 2326 eis
3018 2281 3072 2325 ut
3125 2269 3411 2324 Ostendant
3467 2282 3526 2320 se

1951 2367 2342 2424 sacerdotibus.
2370 2365 2502 2419 Nam
2553 2366 2870 2419 sacerdotes
2899 2363 3205 2433 probabant
3260 2359 3415 2426 tales,
3472 2365 3525 2412 et

1952 2460 2018 2515 ab
2055 2460 2158 2514 illis
2196 2459 2520 2514 sententiam
2554 2457 2897 2524 accipiebant
2933 2472 2999 2508 an
3060 2453 3241 2508 mundi
3287 2461 3524 2506 essenta

1953 2553 2100 2621 lepra
2132 2551 2214 2605 vel
2241 2566 2366 2604 non.
2394 2548 2681 2604 Habebam
2706 2548 2848 2601 enim
2885 2547 3194 2601 sacerdotes
3237 2545 3387 2612 signa
3426 2557 3520 2610 per

1952 2658 2073 2713 qua:
2138 2641 2493 2696 insanabilem
2555 2639 2761 2707 lcpram
2815 2636 3236 2706 investigabant.
3297 2631 3405 2687 Sed
3473 2639 3528 2685 et

1953 2736 2167 2802 quando
2201 2734 2344 2802 lepra
2378 2733 2499 2801 quis
2537 2732 2786 2796 infectus,
2835 2739 3021 2802 postea
3060 2726 3348 2781 sanitatem
3379 2738 3528 2777 assc-

1955 2837 2115 2882 cutus
2144 2834 2281 2886 erat,
2322 2838 2444 2878 eum
2501 2822 2809 2877 sacerdotes
2851 2817 3172 2888 probabant,
3229 2827 3284 2870 et
3326 2816 3525 2868 donum

1953 2914 2282 2970 oderebatur
2331 2914 2383 2967 in
2427 2915 2542 2982 lege
2609 2921 2955 2982 praeceptum.
3017 2907 3129 2962 Hoc
3177 2916 3354 2960 autem
3413 2905 3529 2959 loco

1955 3023 2076 3062 cum
2103 3024 2166 3062 ex
2201 3005 2452 3063 confesso
2477 3014 2658 3061 essent
2694 3004 2910 3072 leprosi,
2959 3002 3087 3073 quid
3121 3014 3254 3068 opus
3309 3005 3425 3052 erat
3471 3011 3530 3050 se

1955 3101 2238 3156 ostendere
2266 3097 2665 3160 sacerdotibus,
2695 3096 2797 3150 nisi
2826 3094 3047 3148 omnino
3095 3090 3326 3145 fuissent
3373 3103 3534 3143 mun-

282 3181 510 3252 ἔμελλον
539 3181 980 3253 καθαρισθῆναι;
1032 3181 1106 3234 Τὸ
1155 3181 1266 3251 γὰρ
1303 3178 1611 3250 προστάξαι
1669 3180 1853 3243 αὑτοῖς

1956 3191 2158 3248 dandi?
2185 3191 2320 3247 Nam
2348 3192 2488 3261 quod
2521 3188 2866 3260 praecipiebat
2895 3186 2975 3241 eis
3001 3193 3057 3238 ut
3082 3181 3391 3238 sacerdOtes
3411 3180 3527 3233 adi-

279 3275 541 3330 ἀπελθεῖν
573 3275 710 3346 πρὸς
738 3275 866 3337 τοὺς
906 3274 1093 3345 ἱερεῖς,
1127 3272 1280 3326 οὐδὲν
1310 3271 1438 3326 ἄλλο
1486 3272 1788 3342 ἐνέφαινεν,
1819 3271 1852 3342 ἦ

1957 3296 2099 3351 rent,
2133 3285 2267 3340 nihil
2297 3284 2443 3339 aliud
2479 3284 2772 3348 indicabat,
2812 3297 2974 3352 quam
3022 3277 3164 3348 quod
3221 3275 3402 3330 mundi
3446 3273 3529 3326 fu-

275 3369 361 3423 ὅτι
386 3367 617 3438 καθαροὶ
643 3366 879 3431 ἔσονται,
917 3365 1000 3418 διὸ
1026 3363 1118 3418 καί
1147 3381 1332 3435 φησιν,
1378 3363 1461 3417 ὅτι
1487 3365 1546 3417 ὲν
1603 3362 1680 3434 τῷ
1710 3363 1856 3418 ὑπά-

280 3477 403 3530 γειν
439 3458 907 3529 ἐκαθαρίσθησαν.
946 3456 1092 3510 Ἀλλ’
1121 3457 1223 3528 ὅρα
1258 3457 1396 3526 ὅπερ
1436 3457 1494 3510 ἐν
1514 3457 1656 3527 ἀρχῇ
1705 3454 1856 3508 εῐπο-

281 3568 400 3621 μεν,
427 3553 506 3605 δτι
526 3550 656 3605 δέκα
685 3549 873 3615 ὅντων,
897 3549 948 3601 οἱ
969 3548 1067 3619 μὲν
1090 3547 1272 3615 ἐννέα,
1308 3547 1488 3601 καίτοι
1523 3548 1855 3617 Ἰσραηλῖται

275 3643 454 3705 ὄντες,
486 3643 771 3713 ἀχάριστοι
799 3641 1099 3713 ἐφάνησαν,
1133 3643 1161 3695 ὑ
1202 3639 1259 3693 δὲ
1289 3639 1667 3712 Σαμαρείτης,
1697 3639 1856 3693 ἀλλο-

277 3733 440 3804 γενὴς
493 3731 589 3798 ὢν,
626 3732 934 3803 ὑπέστρεψε
999 3732 1094 3785 καὶ
1140 3729 1238 3803 τὴν
1277 3732 1376 3802 τῆς
1429 3731 1856 3800 εὐγνωμοσύνης

281 3826 467 3897 φωνὴν
495 3826 667 3896 ἠφίει.
706 3825 984 3897 Ἀσσύριοι
1011 3825 1122 3896 γὰρ
1148 3825 1198 3877 οἱ
1239 3825 1599 3895 Σαμαρεῖται,
1624 3825 1711 3878 ἵνα
1749 3841 1854 3894 μη-

279 3920 390 3982 δεὶς
428 3918 642 3981 ἐθνικὸς
672 3916 1050 3989 ἁπογινὼσκῃ,
1111 3917 1208 3970 καὶ
1254 3917 1342 3971 ἵνα
1379 3915 1570 3987 μηδεὶς
1599 3916 1666 3971 ἐκ
1716 3933 1854 3987 προ-

278 4009 457 4080 γόνων
490 4008 662 4078 ἁγίων
685 4009 760 4062 ὣν
799 4008 1074 4080 καυχῷτο.
1098 4007 1404 4063 Λίνίττεται
1452 4008 1512 4062 δέ
1562 4008 1626 4062 τὸ
1669 4007 1856 4078 θαῦμα

278 4101 440 4156 τοῦτο
463 4102 554 4156 καὶ
583 4101 680 4174 τὴν
705 4101 893 4174 κοινὴν
919 4100 1062 4155 κατά
1105 4089 1310 4163 παντὸς
1361 4098 1457 4155 τοῦ
1503 4099 1852 4170 ἀνθρωπίνου

277 4194 474 4263 γένους
499 4193 804 4263 γενομένην
843 4191 1141 4264 σωτηρίαν,
1192 4192 1327 4246 δέκα
1359 4192 1458 4262 μὲν
1495 4193 1610 4263 γὰρ
1643 4193 1854 4264 λεπροὶ,

277 4287 312 4356 ἠ
344 4284 614 4354 παντελὴς
645 4283 754 4337 τῶν
803 4283 1111 4357 ἀνθρώπων
1169 4283 1331 4354 φύσις
1390 4283 1738 4356 λεπρωθεῖσα
1787 4287 1855 4356 τῇ

278 4376 468 4447 κακίᾳ,
501 4375 595 4428 καὶ
622 4375 728 4447 τὴν
767 4375 867 4446 τῆς
896 4376 1171 4447 ἁμαρτίας
1211 4376 1599 4448 ἀσχημοσύνην
1629 4377 1859 4447 περιφέ-

283 4487 473 4540 ρουσα,
518 4470 612 4523 καὶ
657 4469 764 4536 ἔξω
794 4471 892 4539 τῆς
920 4470 1031 4523 τῶν
1086 4470 1333 4540 οὐρανῶν
1379 4470 1586 4533 πόλεως
1626 4469 1713 4524 διὰ
1760 4468 1858 4540 τὴν

1959 3379 2066 3434 turi
2114 3387 2335 3437 essent:
2382 3377 2582 3432 idcirco
2632 3385 2686 3430 et
2736 3375 2870 3429 dicit
2899 3372 3044 3443 quod
3094 3371 3238 3426 inter
3294 3365 3526 3422 eundmn

1958 3471 2202 3526 mundati
2232 3469 2470 3526 fuerunt.
2503 3469 2572 3523 At
2604 3467 2726 3523 vide
2759 3467 2882 3532 hoc,
2929 3472 2988 3520 ut
3040 3463 3094 3518 in
3131 3459 3402 3531 principio
3447 3459 3531 3509 di-

1959 3562 2160 3624 ximus,
2196 3561 2337 3630 quod
2385 3573 2506 3614 cum
2570 3558 2755 3613 decem
2813 3565 3016 3621 essent,
3065 3567 3256 3610 novem
3312 3550 3528 3620 quidem

1955 3654 2201 3724 quamvis
2248 3651 2505 3708 Israelita:
2550 3650 2749 3720 ingrati
2788 3655 3152 3720 apparuerunt
3186 3663 3200 3701 :
3263 3654 3317 3699 at
3347 3642 3536 3697 Sama-

1959 3745 2167 3800 ritanus
2194 3759 2316 3799 cum
2346 3754 2491 3799 esset
2517 3743 2731 3812 generis
2762 3741 3006 3804 alterius,
3059 3752 3308 3794 reversus
3335 3747 3440 3800 cst,
3480 3745 3534 3788 et

1960 3849 2147 3890 vocem
2185 3834 2531 3904 gratitudinis
2559 3835 2756 3888 emisit.
2809 3831 3017 3902 Assyrii
3052 3830 3195 3886 enim
3226 3837 3384 3882 erant
3429 3827 3533 3882 Sa-

1959 3926 2248 3981 maritani:
2280 3935 2338 3979 ut
2365 3924 2540 3979 nullus
2571 3924 2787 3993 gentilis
2828 3925 3095 3991 desperet,
3134 3930 3190 3976 et
3241 3921 3418 3975 nullus
3468 3921 3535 3973 de

1960 4016 2162 4071 sanctis
2185 4015 2498 4085 parentibus
2519 4013 2799 4083 glorietur.
2829 4012 3068 4066 Insinuat
3086 4010 3187 4065 hoc
3213 4009 3534 4064 miraculum

1959 4108 2122 4164 etiam
2180 4121 2520 4162 communem
2578 4106 2739 4160 totius
2783 4103 3006 4159 humani
3044 4103 3258 4173 generis
3307 4101 3536 4156 salutem

1960 4199 2100 4256 ﬁeri.
2144 4200 2339 4256 Decem
2381 4199 2523 4254 enim
2561 4197 2760 4268 leprosi
2831 4211 2992 4251 omne
3034 4211 3204 4267 genus
3251 4193 3532 4248 hominum

1959 4293 2178 4364 signant
2224 4292 2372 4360 lepra
2414 4289 2634 4345 malitia:
2696 4287 2978 4351 infectum,
3032 4301 3096 4340 ac
3142 4284 3526 4353 turpitudinem

1967 4385 2177 4455 peccati
2211 4380 2626 4446 circumferens,
2650 4389 2702 4434 et
2725 4389 2877 4433 extra
2920 4377 3068 4446 regni
3097 4377 3355 4430 malorum
3410 4373 3544 4427 civi-

1969 4483 2136 4531 tatem
2161 4484 2382 4545 propter
2409 4470 2807 4527 immunditiam
2837 4469 3210 4530 constitutum,
3245 4465 3540 4536 proculque

278 4564 626 4634 ἀκαθαρσίαν
645 4563 930 4632 διάγουσα,
953 4563 1046 4616 καὶ
1081 4563 1369 4636 πόρρωθεν
1392 4565 1656 4636 ἱσταμένη
1676 4564 1809 4618 Θεοῦ
1834 4580 1848 4594 ·

1965 4585 1996 4625 a
2035 4570 2144 4625 Deo
2171 4577 2345 4623 stans.
2381 4565 2445 4619 Et
2474 4565 2615 4620 istuc
2663 4565 2838 4632 ipsum
2876 4562 3063 4630 procul
3121 4568 3287 4624 stare,
3337 4556 3543 4626 suppli-

282 4656 419 4709 αὐτὸ
436 4656 592 4709 τοῦτο
613 4655 672 4709 τὸ
693 4655 977 4729 πόρρωθεν
993 4655 1264 4722 ἵστασθαι,
1289 4657 1576 4729 ἱκετηρίαν
1598 4655 1741 4726 εἶχε.
1769 4657 1861 4730 Τῷ

283 4749 393 4820 γάρ
416 4749 803 4820 φιλανθρώπῳ,
828 4746 923 4802 καὶ
953 4747 1162 4803 θέλοντι
1208 4750 1419 4814 πάντας
1487 4749 1726 4820 σωθῆναι
1764 4749 1860 4804 καὶ

281 4841 674 4909 ἀγαθύνεσθαι,
698 4841 931 4912 μεγίστη
956 4841 1230 4911 πρόφασις
1258 4842 1336 4902 εἱς
1363 4841 1513 4894 ἔλεον
1547 4841 1609 4895 τὸ
1643 4841 1848 4911 μηδένα

281 4933 417 5002 ὁρᾷν
437 4933 732 5001 μετέχοντα
749 4931 848 5002 τῆς
891 4932 1229 5002 ἀγαθότητος
1257 4930 1444 4994 αὑτοῦ,
1469 4933 1537 4985 δι’
1575 4933 1707 4986 αὑτὸ
1747 4933 1856 5003 γὰρ

282 5021 443 5076 τοῦτο
467 5023 876 5093 ἐπικάμπτεται
908 5022 1044 5093 πρὸς
1068 5025 1130 5076 τὸ
1154 5023 1491 5093 θεραπεῦσαι
1517 5024 1645 5088 τοὺς
1681 5024 1856 5090 οὕτως

297 5111 502 5176 ἀθλίως
540 5113 784 5184 ἔχοντας.
820 5114 930 5167 Καὶ
968 5113 1152 5184 μέντοι
1189 5117 1285 5168 καὶ
1317 5116 1650 5186 ἐθεράπευσε
1685 5118 1866 5170 πᾶσαν

286 5203 392 5274 τὴν
419 5203 796 5275 λεπρωθεῖσαν
826 5203 1010 5273 φύσιν,
1043 5204 1181 5276 ὑπὲρ
1213 5207 1415 5270 παντὸς
1455 5206 1744 5277 ἀνθρώπου
1777 5209 1874 5263 καὶ⁸

286 5298 637 5369 σαρκωθείςο
676 5299 771 5353 καὶ
825 5298 1058 5352 θανάτου
1087 5300 1448 5369 γευσάμενος.
1509 5301 1648 5354 Ἀλλ’
1683 5304 1731 5354 οἱ
1775 5302 1872 5371 μὲν

303 5391 590 5453 Ἰουδαῖοι,
625 5391 718 5446 καί
756 5409 838 5444 τοι
888 5391 1012 5444 ὅσον
1044 5391 1104 5444 τὸ
1135 5391 1228 5444 ἐπὶ
1275 5392 1352 5462 τῷ
1399 5393 1608 5463 Κυρίῳ,
1641 5393 1873 5464 καθαρι-

287 5483 512 5547 σθέντες
549 5483 659 5538 τῶν
688 5485 906 5539 οἱκείων
944 5486 1042 5555 τῆς
1075 5485 1388 5558 λεπρώδους
1427 5486 1706 5556 ἁμαρτίας
1736 5486 1873 5538 ἀκα-

290 5573 553 5646 θαρσιῶν,
576 5574 892 5647 ἀγνώμονες
909 5577 1277 5647 ἀνεφάνησαν,
1299 5581 1389 5633 καὶ
1409 5579 1509 5649 οὐχ
1527 5576 1872 5647 ὑπέστρεψαν

361 5715 409 5749 ⁸⁸
445 5715 584 5769 Psal.
624 5730 800 5780 cxmv,
829 5715 916 5771 18.

1966 4661 2126 4717 candi
2163 4661 2396 4730 speciem
2422 4658 2604 4712 habet.
2654 4653 2990 4710 Misericordi
3039 4650 3182 4706 enim
3239 4656 3292 4701 et
3344 4646 3541 4699 volenti

1966 4751 2221 4810 omnibus
2260 4750 2488 4804 salutem
2535 4744 2831 4815 all‘erre(a)
2861 4759 2923 4798 ac
2968 4739 3305 4803 benefacere,
3351 4751 3540 4806 magna

1965 4843 2183 4900 occasio
2200 4850 2281 4896 est
2304 4841 2370 4895 ad
2390 4838 2772 4900 miserendnm,
2792 4835 2996 4889 nullum
3023 4832 3203 4886 videre
3223 4829 3536 4898 participem

1960 4950 2069 4991 sua:
2089 4930 2347 4989 bonitatis
2365 4949 2380 4998 ;
2403 4927 2736 5001 pr0pterhoc
2749 4927 2888 4980 enim
2912 4920 3281 4979 inclinavitse,
3301 4928 3540 4972 utsana-

1962 5035 2045 5080 ret
2097 5024 2260 5097 427
2303 5037 2396 5077 eos
2453 5019 2543 5090 qui
2585 5028 2692 5071 tam
2750 5015 2888 5069 male
2943 5012 3230 5066 habebant.
3283 5008 3541 5074 Quamvis

1975 5119 2138 5175 etiam
2187 5129 2402 5172 onmem
2455 5120 2701 5166 naturam
2756 5105 3026 5161 sanaverit
3057 5102 3201 5171 lepra
3267 5098 3543 5163 infectam,

1971 5227 2070 5282 pro
2122 5207 2373 5264 omnibus
2426 5215 2476 5260 et
2527 5204 2833 5258 incarnatus
2859 5205 2913 5251 et
2967 5203 3210 5249 mortuus
3257 5202 3550 5249 :attanten

1971 5301 2165 5367 Judaei,
2204 5298 2452 5370 quamvis
2484 5312 2514 5350 a
2551 5293 2776 5348 Domino
2810 5289 3046 5343 mundati
3079 5287 3305 5342 fuissent
3332 5287 3397 5339 ab
3445 5285 3547 5336 im-

1971 5396 2252 5450 munditiis
2299 5391 2494 5461 leprosi
2539 5386 2764 5459 peccati,
2806 5384 2998 5456 ingrati
3041 5382 3296 5442 fuerunt,
3329 5389 3382 5433 et
3441 5391 3553 5429 non

1972 5486 2176 5541 reversi
2218 5494 2344 5540 sunt
2381 5499 2410 5537 a
2443 5483 2525 5535 via
2551 5477 2799 5533 vanitatis
2831 5491 2961 5541 suae,
3017 5476 3091 5528 ita
3127 5482 3183 5526 ut
3209 5472 3397 5526 darent
3427 5468 3551 5537 glo-

1973 5579 2107 5633 riam
2135 5578 2183 5634 ei
2207 5577 2296 5648 qui
2326 5576 2509 5633 salvos
2539 5587 2633 5629 eos
2687 5571 2886 5626 fecerat
2914 5606 2930 5634 ,
2968 5567 3072 5623 hoc
3119 5575 3220 5631 est,
3267 5569 3325 5617 ut
3359 5558 3554 5615 crede.

292 5861 298 5864 ’
368 5855 444 5924 (ιι)
478 5853 580 5909 Ed.
604 5851 726 5908 Lut.
761 5867 866 5908 non
914 5852 1109 5921 habet,
1173 5849 1434 5926 omnibug
1472 5849 1693 5905 salutem
1736 5845 1964 5916 adferre.
