3932 6456
442 369 544 437 991

1321 376 1898 444 THEOPHYLACTI
1942 377 2350 441 BULGARUE
2372 442 2375 443 ν
2399 382 2754 447 ARCHIEP.
3571 382 3661 444 99?.

441 486 563 535 rent
582 479 653 545 ei,
680 481 842 551 quod.
876 495 1000 539 cum
1035 481 1178 540 Deus
1193 494 1362 554 esset,
1393 494 1689 543 extremam
1713 488 2004 558 passionem

2120 485 2229 539 ἀπὸ
2266 489 2364 560 τῆς
2403 490 2522 545 ὀδοῦ
2552 491 2733 547 αὐτῶν
2775 489 2874 562 τῆς
2925 489 3316 563 ματαιότητος,
3340 489 3479 545 ὥστε
3509 489 3666 547 δοῦναι

440 570 643 625 tulerit.
702 570 827 626 Haec
853 572 997 629 enim
1053 583 1137 631 est
1171 575 1337 644 gloria
1373 575 1485 641 Dei,
1527 591 1656 633 caro
1681 587 1735 634 et
1762 593 1916 632 crux.
1950 575 2015 632 Hi

441 661 609 732 igitur
654 662 996 721 iucarnatum
1039 674 1092 721 et
1127 666 1439 723 cruciﬁxum
1485 667 1768 723 Dominum
1830 668 2018 739 gloriae

441 768 547 809 non
576 763 705 809 sunt
750 756 1006 812 confessi.
1056 757 1281 812 Alienus
1323 768 1526 825 autem,
1577 758 1803 829 populus
1839 760 2017 830 gentia

440 844 591 910 lium,
624 848 842 915 agnovit
878 863 1002 903 eum
1033 849 1124 919 qui
1167 850 1548 915 mundaverat,
1592 861 1648 906 et
1696 851 2019 921 gloriﬁcavit

438 949 559 991 eum
600 937 868 992 credendo
903 940 1042 1008 quod
1086 949 1194 994 tam
1246 941 1556 997 misericors
1603 951 1659 998 et
1689 952 1795 997 tam
1827 952 2017 1012 potens

438 1027 510 1082 sit
555 1027 833 1098 Dominus,
876 1038 935 1085 ut
962 1040 1016 1084 et
1052 1041 1390 1102 prapternos
1426 1033 1685 1090 vilissima
1729 1034 1928 1099 tulerit,
1963 1036 2014 1090 id

444 1119 587 1187 quod
628 1130 708 1175 est
734 1121 1144 1189 misericordias,
1174 1133 1377 1180 etcum
1405 1125 1702 1194 pertulerit,
1736 1127 1867 1181 nihil
1894 1128 2017 1183 inde

444 1206 772 1268 incommodi
794 1214 846 1268 in
877 1228 1029 1270 suam
1058 1226 1305 1272 naturam
1335 1218 1623 1289 acceperit,
1654 1219 1706 1274 id
1744 1219 1886 1290 quod
1917 1234 2016 1290 po-

441 1299 626 1356 tentiae
651 1312 755 1361 est.

507 1477 672 1537 Vens.
704 1481 897 1540 20-25.
938 1504 958 1538 ι
996 1485 1362 1556 Interrogatus
1409 1496 1586 1543 autem
1643 1502 1672 1540 a
1724 1486 2015 1544 Pharisreis

437 1573 654 1637 quando
686 1583 971 1630 venturum
1011 1588 1154 1634 esset
1185 1595 1411 1649 regnum
1446 1579 1560 1644 Dei,
1597 1582 1875 1659 respondit
1934 1582 2016 1636 eis

435 1674 488 1716 et
517 1665 651 1719 dixit
684 1685 697 1720 :
731 1667 850 1723 Non
882 1671 1026 1725 venit
1060 1687 1281 1741 regnum
1314 1672 1407 1727 Dei
1439 1688 1559 1729 cum
1593 1674 2011 1731 observatione:

435 1769 608 1823 neque
643 1757 842 1824 dicent,
878 1759 1012 1816 Ecce
1039 1763 1143 1828 hic,
1181 1774 1295 1829 aut,
1347 1765 1486 1820 Ecce
1519 1765 1646 1821 illic.
1680 1767 1819 1822 Ecce
1865 1768 2007 1823 enim

2118 578 2277 645 δόξαν
2315 580 2393 653 τῷ
2424 582 2545 654 Θεῷ
2572 583 2649 655 τῷ
2679 582 2933 651 σώσαντι,
2968 585 3251 649 τουτέστι,
3277 582 3557 637 πιστεῦσαι
3584 584 3669 637 αύ-

2117 673 2217 744 τῷ,
2251 673 2333 729 ὅτι
2358 675 2491 739 Θεδς
2511 675 2588 729 ῶν
2608 717 2622 739 ,
2650 677 2909 749 ἠνέσχετο
2935 676 3003 731 τά
3042 675 3248 747 ἔσχατα
3275 674 3488 729 παθεῖν.
3520 673 3668 728 Τοῦτο

2117 767 2227 837 γὰρ
2254 765 2380 831 δόξα
2408 766 2569 833 Θεοῦ,
2605 771 2639 837 ἡ
2674 769 2813 840 σὰρξ
2834 770 2929 823 καὶ
2947 770 2976 822 6
3000 768 3261 841 σταυρός..
3287 762 3446 822 οῦτοι
3476 766 3568 836 μιν
3587 764 3665 820 οὖν

2115 861 2207 915 τὸν
2256 862 2614 933 σαρκωθὲντα
2644 865 2741 920 καὶ
2774 862 3155 934 σταυρωθέντα
3186 860 3392 932 Κύριον
3410 859 3508 929 τῆς
3528 859 3665 929 δόξης

2116 950 2213 1022 οὐχ
2252 949 2628 1021 ὡμολόγησαν.
2673 950 2731 1005 '0
2763 952 2820 1007 δὲ
2866 949 3161 1021 ἀλλογενὴς
3203 949 3331 1013 λαὸς
3373 948 3479 1003 τῶν
3520 948 3667 1003 ἐθνῶν

2116 1040 2332 1109 ἐπέγνω
2358 1040 2450 1095 τὸν
2481 1040 2881 1113 καθαρίσαντα,
2907 1044 3003 1097 καὶ
3045 1041 3298 1107 ἐδόξασεν
3322 1040 3487 1095 αύτδν
3526 1040 3579 1092 ὲν
3606 1041 3668 1111 τῷ

2118 1132 2407 1187 πιστεῦσαι
2420 1174 2435 1200 ,
2458 1133 2539 1187 ὅτι
2558 1133 2812 1190 τοσοῦτον
2829 1132 3207 1206 φιλάνθρωπός
3226 1133 3375 1185 ἐστιν
3394 1133 3422 1185 ὁ
3444 1130 3568 1195 Θεδς
3591 1134 3670 1185 καὶ

2115 1224 2359 1287 δυνατὸς,
2390 1224 2530 1280 ὥστε
2560 1228 2654 1281 καὶ
2691 1226 3012 1298 ἀτιμώτατα
3034 1226 3101 1280 δι’
3134 1226 3287 1295 ἡμᾶς
3310 1223 3666 1288 ἀναδέξασθαι,

2115 1316 2252 1388 ὅπερ
2272 1318 2390 1371 εστὶ
2406 1318 2839 1390 φιλανθρωπίας,
2864 1321 2960 1372 καὶ
2980 1318 3379 1388 ἀναδεξάμενος
3404 1316 3564 1386 μηδὲν
3582 1334 3669 1369 πα-

2118 1408 2456 1480 ραδλαὸἧναι
2475 1412 2555 1473 είς
2569 1411 2667 1482 τὴν
2682 1411 2890 1467 οίκείαν
2903 1411 3087 1482 φύσιν,
3104 1411 3242 1481 ὅπερ
3258 1409 3378 1465 ἐστὶ
3392 1409 3665 1477 δυνάμεως.

2194 1517 2214 1550 ι
2262 1499 2662 1571 Ἐπερωτηθεὶς
2689 1500 2746 1554 δὲ
2773 1500 2878 1555 ὑπὸ
2903 1501 3009 1554 τῶν
3043 1497 3374 1571 Φαρισαίων,
3409 1498 3537 1550 πότε
3591 1498 3668 1566 ερ-

2113 1607 2270 1662 χεται
2316 1593 2350 1662 ἡ
2409 1591 2658 1662 βασιλεία
2713 1592 2804 1646 τοῦ
2852 1591 3009 1658 Θεοῦ,
3058 1591 3331 1661 ἀπεκρίθη
3385 1590 3669 1653 αὐτοῖςκαὶ

2113 1676 2288 1735 εἷπενο
2316 1681 2433 1735 Οὐκ
2465 1679 2685 1752 ερχεται
2713 1684 2744 1753 ἡ
2772 1682 3021 1753 βασιλεία
3055 1681 3149 1735 τοῦ
3178 1680 3315 1734 Θεοῦ
3354 1679 3489 1749 μετά
3519 1692 3669 1748 παρα-

2112 1774 2414 1844 τηρήσεως,
2445 1774 2564 1827 οὐδὲ
2580 1773 2817 1845 ἐροῦσιν,
2844 1775 2974 1829 Ἰδοὺ
3004 1767 3126 1839 ὧδε,
3148 1774 3207 1845 ἢ,
3241 1774 3374 1827 Ἰδοὺ
3393 1772 3525 1828 ἐκεῖ.
3555 1771 3666 1824 Ἰδοὺ

434 1856 656 1911 regnum
702 1845 809 1902 Dei
863 1849 1000 1903 intra
1052 1866 1147 1906 vos
1193 1865 1298 1908 est.
1348 1834 1422 1908 ‘Et
1452 1855 1529 1908 ait
1557 1856 1623 1910 ad
1668 1855 2004 1926 discipulos:

2116 1829 2284 1937 769i)
2317 1829 2562 1935 βασιλεία
2598 1829 2694 1920 ¹τοῦ
2721 1829 2856 1921 Θεοῦ
2896 1866 3045 1925 me;
3079 1829 3233 1936 6'9th
3267 1865 3437 1919 ἐστιν.
3471 1858 3595 1916 Elite
3620 1864 3667 1919 ἃ

434 1933 665 1992 Venient
721 1938 837 1995 dies
901 1944 1122 2011 quando
1173 1946 1549 2003 desiderabitis
1605 1949 1787 2004 videre
1839 1966 2008 2006 unum

433 2021 641 2077 dierum
684 2025 805 2081 Filii
855 2028 1115 2096 hominis,
1161 2048 1261 2088 nec
1292 2035 1569 2099 videbitis;
1620 2046 1674 2092 et
1698 2039 1882 2094 dicent
1910 2056 2008 2097 vo-

434 2112 519 2167 bis
552 2131 566 2167 :
598 2114 737 2170 Ecce
772 2118 881 2183 hic,
912 2129 1005 2175 aut
1031 2122 1170 2176 Ecce
1196 2123 1325 2180 illic.
1360 2124 1536 2183 Nolite
1568 2128 1668 2194 ire,
1714 2145 1888 2200 neque
1918 2149 2006 2190 se-

432 2207 674 2262 elemini.
710 2207 842 2263 Nam
883 2212 1022 2266 sicut
1049 2213 1230 2285 fulgur
1252 2232 1548 2275 coruscans
1584 2234 1615 2273 e
1643 2224 1864 2293 regione
1890 2240 2010 2295 qua:

433 2297 532 2351 sub
558 2298 695 2354 caelo
717 2310 822 2367 est,
858 2301 912 2356 in
938 2305 1163 2360 alteram
1202 2324 1323 2376 quas
1348 2312 1449 2366 sub
1480 2312 1619 2368 cmlo
1646 2324 1749 2380 est,
1795 2315 1962 2387 fulget
1991 2336 2005 2373 :

434 2383 508 2438 ita
535 2388 638 2441 erit
671 2386 838 2444 Filius
863 2392 1099 2448 hominis
1127 2395 1179 2448 iu
1210 2396 1298 2452 die
1326 2412 1442 2455 suo.
1473 2401 1577 2456 Sed
1614 2403 1763 2471 prius
1797 2383 2011 2475 oportet

435 2474 586 2531 illum
631 2481 798 2534 multa
839 2484 972 2552 pati,
999 2496 1052 2541 et
1084 2490 1358 2557 reprobari
1404 2504 1431 2543 a
1464 2494 1681 2550 natione
1727 2474 1846 2553 hac.
1888 2516 1906 2551 ι
1948 2500 2004 2554 ln

437 2568 626 2625 multis
656 2573 872 2641 quidem
902 2575 1163 2633 doctrinae
1189 2595 1300 2635 sua:
1330 2580 1466 2638 locis
1500 2583 1759 2644 Dominus
1785 2605 2003 2659 regnum

431 2656 525 2711 Dei
564 2663 829 2718 nominat.
856 2663 1114 2721 Pharisaei
1170 2679 1348 2727 autem
1392 2675 1505 2729 haec
1547 2656 1855 2743 audientes,
1881 2681 2007 2735 irri-

432 2750 630 2805 debant
660 2767 782 2809 eum
817 2774 831 2810 :
865 2768 919 2812 et
944 2770 1227 2828 propterea
1267 2763 1333 2817 de
1374 2764 1477 2819 hoc
1504 2765 1881 2840 interrogaturi
1912 2789 2005 2829 ac-

433 2844 636 2899 cedunt
662 2848 727 2899 ad
758 2861 905 2915 eum,
943 2863 1200 2921 rogantes
1245 2857 1461 2925 quando
1481 2868 1765 2915 venturum
1798 2863 1891 2932 sit,
1929 2865 2003 2920 ir-

2112 1958 2248 2029 πρὸς
2270 1958 2396 2023 τοὺς
2437 1958 2707 2031 μαθητάςυ
2746 1958 3087 2013 Ἐλεύσονται
3117 1957 3347 2030 ἡμέραι,
3379 1957 3467 2010 ὅτε
3500 1955 3664 2010 ἐπιθυ-

2121 2051 2323 2120 μήσετε
2351 2035 2353 2037 ’
2373 2049 2502 2120 μίαν
2542 2049 2651 2104 τῶν
2687 2050 2911 2122 ἡμερῶν
2956 2050 3051 2104 τοῦ
3083 2050 3217 2105 Υίοῦ
3249 2049 3345 2104 τοῦ
3399 2047 3664 2119 ἀνθρώπου

2117 2144 2266 2211 ἰδεῖν,
2295 2142 2391 2196 καὶ⁸
2418 2143 2518 2196 οὐκ
2547 2142 2768 2212 ὄψεσθε,
2795 2143 2886 2197 καὶ
2910 2143 3124 2215 ἐροῦσιν
3151 2144 3299 2214 ὑμῖν
3336 2143 3465 2197 Ἰδοὺ
3482 2135 3593 2205 ὦδε,
3616 2142 3664 2212 ἦ.

2125 2235 2253 2290 Ἰδοὺ
2283 2237 2418 2289 ἐκεῖ.
2455 2235 2545 2301 Μὴ
2566 2234 2858 2306 ἀπέλθητε,
2877 2235 3011 2305 μηδὲ
3030 2232 3277 2306 διώξητε.
3303 2234 3614 2305 Ὦσπεργάρ
3635 2236 3663 2305 ὴ

2112 2326 2367 2398 ἀστραπὴ
2395 2327 2428 2397 ἡ
2460 2326 2846 2395 ἀστράπτουσα
2873 2327 2936 2379 ὲκ
2960 2325 3058 2394 τῆς
3092 2326 3183 2378 ὑπ’
3203 2324 3449 2397 οὐρανὸν,
3483 2327 3559 2388 εἰς
3581 2325 3664 2394 τὴν

2113 2419 2206 2472 ὑπ’
2236 2417 2465 2489 ούρανδν
2493 2415 2697 2486 λάμπει
2720 2456 2734 2481 ,
2769 2415 2941 2479 οὕτως
2965 2415 3118 2470 ἔσται
3143 2417 3237 2469 καὶ
3263 2418 3293 2469 δ
3324 2414 3450 2477 Υίδς
3475 2414 3563 2469 τοῦ
3583 2415 3661 2469 ἀν-

2111 2508 2328 2581 θρώπου
2351 2511 2408 2561 ὲν
2425 2510 2489 2579 τῇ
2514 2506 2698 2577 ἡμέρᾳ
2721 2505 2909 2559 αὑτοῦ·
2934 2506 3149 2577 πρῶτον
3173 2504 3227 2558 δὲ
3243 2504 3498 2559 δεῖαύτδν
3514 2503 3655 2557 nam

2110 2601 2325 2665 παθεῖν,
2357 2600 2450 2653 καὶ
2498 2584 3000 2667 ἀποδοκιμασθῆναι
3041 2595 3151 2651 ἀπὸ
3193 2595 3294 2665 τῆς
3330 2596 3516 2664 γενεᾶς
3545 2596 3659 2648 ταύ-

2107 2708 2227 2763 της.
2263 2709 2283 2743 ι
2319 2690 2597 2759 Πολλαχοῦ
2630 2689 2729 2759 μὲν
2777 2687 2886 2742 τῶν
2930 2685 3289 2749 διδασκαλιῶν
3317 2684 3480 2740 αὐτοῦ
3507 2688 3534 2740 6
3561 2685 3659 2739 Κύ-

2110 2799 2226 2855 ριος
2263 2781 2540 2852 ἐμέμνητο
2569 2779 2670 2849 τῆς
2704 2778 2981 2851 βασιλείας
3005 2777 3100 2832 τοῦ
3141 2776 3306 2836 Θεοῦ.
3340 2777 3403 2830 Οἱ
3431 2777 3486 2830 δὲ
3515 2777 3659 2846 Φαρι-

2116 2875 2284 2939 σαῖοι,
2322 2872 2499 2927 ταῦτα
2531 2873 2841 2938 ἀκούοντες,
2876 2870 3331 2940 κατειρωνεύοντο
3368 2867 3554 2932 αὐτοῦ,
3580 2870 3659 2921 καὶ

3861 1400 3863 1503 φ

430 2934 671 2992 ridentes
697 2953 819 2994 eum
856 2951 914 2995 ut
954 2945 1222 3014 insanum,
1251 2949 1317 3004 de
1353 2948 1568 3007 insolita
1601 2962 1656 3009 et
1695 2955 2001 3015 admirabili

2107 2967 2193 3021 διά
2224 2934 2381 3021 τοῦτο
2428 2968 2556 3037 περὶ
2588 2934 3132 3037 ταύτηςῄπροσίεσαν
3182 2962 3494 3035 ἐρωτῶντες
3540 2961 3655 3015 πότε

433 3041 491 3081 re
520 3030 925 3097 praedicantem.
966 3033 1155 3092 Nullus
1193 3054 1260 3092 ex
1296 3038 1613 3098 doctoribus
1639 3053 1695 3099 et
1722 3050 2003 3118 prophetis

2107 3058 2345 3129 Ιρχεται.
2381 3030 2759 3127 διαγελῶντες-
2788 3030 2951 3110 αύτδν
2980 3055 3057 3119 ῶς
3105 3030 3372 3110 ἀλλόκοτα
3407 3057 3496 3107 καὶ
3543 3054 3657 3123 περὶ

432 3116 522 3183 qui
555 3120 925 3189 superioribus
973 3126 1186 3183 saeculis
1230 3125 1468 3199 fuerunt,
1518 3134 1637 3204 ejus
1673 3139 1997 3195 mentionem

2107 3116 2406 3222 ἀσῦνήθους
2435 3116 2528 3211 καὶ
2562 3116 2732 3217 ξένου-
2749 3116 3075 3219 πράγματος
3100 3145 3457 3220 κηρύττοντα.
3488 3145 3655 3207 Οὐδεὶς

432 3205 582 3263 fecit.
617 3208 712 3266 Vel
758 3212 1012 3273 fortassis
1041 3217 1094 3273 in
1138 3229 1315 3276 mente
1362 3223 1624 3282 habentes
1674 3230 1815 3299 quod
1846 3232 2003 3301 paulo

430 3312 550 3371 post
584 3305 817 3361 occisuri
862 3323 1045 3365 essent
1091 3328 1238 3379 eum,
1273 3317 1538 3374 accedunt
1566 3335 1661 3390 per
1695 3323 2001 3382 irrisionem

432 3406 706 3465 rogantes,
749 3409 803 3453 et
839 3403 991 3470 quasi
1041 3419 1137 3473 per
1168 3407 1397 3463 ironiam
1436 3411 1681 3468 dicentes
1712 3431 1727 3469 :
1771 3415 1849 3471 Tu
1880 3419 2002 3488 qui-

430 3485 550 3540 dem
588 3486 655 3543 de
703 3506 869 3560 regno
924 3494 1058 3550 facis
1090 3512 1390 3568 sermones,
1424 3504 1663 3574 quando
1686 3516 1865 3562 autem
1899 3512 2004 3573 erit

432 3590 656 3646 regnum
700 3580 827 3636 illud
877 3587 1066 3639 tuum?
1094 3588 1171 3642 Tu
1210 3592 1353 3646 enim
1404 3608 1525 3650 cras
1576 3610 1604 3648 a
1651 3599 1807 3653 nobis
1853 3601 2004 3656 orci-

435 3668 642 3725 dendus
665 3687 744 3737 es,
773 3685 828 3728 et
858 3675 998 3733 feres
1023 3694 1261 3749 crucem,
1292 3692 1344 3740 et
1381 3686 1734 3755 ignominiosa
1756 3706 2000 3762 quaquo.

431 3762 570 3827 Quid
604 3763 766 3833 igitur
791 3767 1079 3825 Christus?
1105 3771 1220 3828 Non
1246 3774 1397 3844 juxta
1429 3779 1647 3836 stultam
1675 3786 1999 3841 sententiam

429 3863 483 3909 et
518 3856 878 3929 insipientiam
910 3865 1187 3932 respondit
1218 3870 1601 3941 insipientibus
1628 3915 1644 3941 ,
1675 3879 1769 3933 sed
1801 3881 2004 3937 relictis

333 4000 339 4003 _
428 3947 562 4016 ipsis
589 3961 645 4005 ut
677 3964 857 4007 errent
888 3954 942 4009 in
974 3959 1193 4015 nomine
1229 3963 1402 4032 regni,
1434 3975 1488 4019 et
1516 3982 1620 4021 non
1659 3971 2001 4029 manifestata

428 4040 509 4095 eis
555 4057 660 4098 re:
694 4060 867 4115 neque
903 4049 1049 4104 enim
1097 4056 1455 4126 accepissent,
1514 4059 1559 4115 si
1610 4062 1690 4117 eis
1742 4062 1809 4118 de
1838 4080 2003 4134 regno

429 4131 796 4203 disseruisset,
822 4140 966 4207 quod
997 4156 1101 4195 non
1131 4143 1196 4198 sit
1223 4148 1556 4204 mundanum
1585 4166 1808 4223 regnum
1842 4131 2000 4224 illud,

427 4223 521 4276 sed
564 4224 682 4293 plus
721 4243 883 4295 quam
932 4234 1282 4293 mundanum.
1318 4238 1427 4294 lllis
1461 4240 1626 4311 igitur
1668 4245 1869 4301 relictis
1897 4223 1997 4303 ceu

431 4311 518 4365 his
572 4316 661 4383 qui
698 4316 903 4387 indigni
936 4333 1119 4378 essent
1166 4336 1224 4379 ut
1271 4329 1543 4397 audirent,
1573 4348 1638 4388 eo
1684 4337 1825 4404 quod
1858 4337 2002 4395 ultro

426 4402 877 4463 obsurdescerent
908 4450 923 4473 ,
974 4411 1040 4466 de
1076 4421 1318 4484 tempore
1361 4422 1513 4491 regni
1574 4402 1810 4492 disserit,
1850 4430 1991 4498 quod

2105 3243 2212 3314 γὰρ
2261 3244 2369 3296 τῶν
2399 3242 2843 3314 προγενεστέρων
2875 3239 3208 3295 διδασκάλων
3266 3239 3362 3293 καὶ
3394 3237 3654 3308 προφητῶν

2103 3332 2307 3404 ταύτης
2342 3331 2686 3403 ἐπεμνήσθη.
2738 3332 2808 3385 Ἦ
2835 3331 2973 3402 τάχα
3022 3330 3118 3385 καὶ
3147 3329 3290 3383 κατά
3321 3327 3442 3382 νοῦν
3467 3327 3653 3399 ἔχοντες

2101 3424 2186 3478 ὅτι
2214 3424 2337 3478 ὅσον
2384 3423 2670 3494 μέλλουσιν
2709 3422 2873 3476 αὐτὸν
2907 3423 3242 3486 ἀποκτεῖναι,
3279 3419 3556 3491 προσίασιν
3587 3418 3651 3481 ὡς

2104 3516 2163 3569 ὲν
2194 3513 2563 3588 μυκτηρισμῷ
2585 3515 2680 3569 καὶ
2706 3513 2961 3585 εἰρωνείᾳ⁸
2990 3512 3327 3584 ἐρωτῶντες,
3359 3510 3451 3566 καὶ
3476 3506 3653 3563 ὡσανεὶ

2101 3605 2328 3661 τοιαῦτα
2386 3608 2716 3676 φάσκοντεςο
2767 3606 2839 3660 Σὺ
2886 3606 2984 3676 μὲν
3012 3606 3140 3676 περὶ
3189 3603 3462 3676 βασιλείας
3501 3601 3651 3662 noui;

2101 3696 2228 3757 τοὺς
2265 3695 2477 3765 λόγους,
2514 3696 2646 3750 πότε
2678 3695 2735 3749 δὲ
2766 3695 2973 3765 ἔσταιή
3005 3693 3248 3766 βασιλεία
3277 3711 3370 3747 σου
3394 3692 3554 3763 αὖτη;
3586 3691 3648 3743 Σὺ

2101 3785 2209 3854 γὰρ
2237 3784 2425 3857 αὔριον
2450 3785 2538 3855 ὑφ’
2570 3784 2726 3856 ἡμῶν
2748 3782 3113 3839 θανατοῦσθαι
3137 3782 3378 3886 μέλλεις,
3401 3782 3493 3886 1:}
3515 3788 3649 3886 cfau:

2106 3877 2195 3947 ρός
2231 3892 2291 3929 σε
2330 3876 2730 3948 παραλήψεται,
2761 3879 2857 3931 καὶ
2886 3878 2986 3929 ὅσα
3013 3874 3111 3945 τῆς
3139 3874 3387 3944 ἀτιμίας.
3420 3871 3483 3925 Τί
3516 3868 3599 3923 οὖν
3623 3868 3648 3919 6

2101 3968 2375 4039 Χριστός;
2405 3970 2479 4034 Οὐ
2510 3967 2653 4022 κατά
2694 3968 2792 4040 τὴν
2823 3967 3050 4037 ἀνόητον
3114 3965 3299 4067 αὐτῶν
3567 3957 3648 4067 καὶ

2106 4060 2419 4132 ἀφροσύνην
2444 4060 2796 4130 ἀποκρίνεται
2822 4063 2937 4124 τοῖς
2964 4059 3216 4131 ἄφροσιν,
3245 4058 3362 4112 ἀλλ’
3392 4056 3537 4126 ἀφεὶς
3564 4056 3645 4105 αύ-

2105 4153 2233 4215 τοὺς
2262 4151 2566 4208 πλανᾶσθαι
2608 4152 2738 4223 περὶ
2774 4153 2873 4223 τὴν
2904 4151 3225 4222 ὁμωνυμίαν
3250 4150 3351 4221 τῆς
3381 4144 3643 4219 βασιλείας,

2101 4243 2196 4297 καὶ
2248 4240 2325 4315 μὴ
2362 4242 2716 4312 ἀποκαλύψας
2746 4243 2949 4306 αὐτοῖς’
2995 4242 3115 4295 οὐδὲ
3153 4240 3263 4311 γὰρ
3293 4238 3524 4343 ἐδέξαντο
3551 4235 3642 4343 ΞΥ.

2103 4335 2234 4403 περὶ
2286 4336 2446 4398 ποίας
2496 4334 2770 4405 βασιλείας
2812 4333 3142 4402 διαλέγεται,
3196 4334 3292 4386 καὶ
3344 4332 3422 4385 ὅτι
3451 4330 3538 4399 οὐχ
3576 4330 3643 4389 ὡς

2103 4418 2214 4480 οἶόν
2240 4441 2299 4479 τε
2324 4425 2617 4495 ὲγκόσμιός
2656 4428 2806 4480 ἐστιν
2833 4424 2970 4496 αὕτη
3005 4427 3038 4497 η
3073 4424 3339 4496 βασιλεία,
3368 4421 3477 4479 ἀλλ’
3497 4423 3641 4489 ὑπερ*

427 4494 671 4569 ignomm
735 4500 806 4555 sit
837 4511 892 4555 et
919 4502 1330 4565 inobservabile.
1357 4510 1471 4567 Non
1501 4515 1642 4570 enim
1673 4518 1834 4574 habet
1862 4494 1998 4590 pra:-

2107 4515 2351 4587 κόσμιος.
2381 4494 2569 4570 Ταῦτα
2603 4516 2696 4571 οὖν
2725 4517 2905 4586 ἀφεὶς,
2945 4494 3128 4588 μὴ
3169 4515 3336 4581 ἀξίων
3363 4515 3519 4569 ὄντων
3540 4508 3640 4563 τού-

429 4586 634 4643 liuitum
664 4598 898 4662 tempus,
933 4595 1027 4650 sed
1065 4611 1282 4667 semper
1330 4601 1530 4658 volenti
1577 4605 1730 4661 adest
1765 4586 1875 4664 Dei'
1910 4626 2002 4667 re-

425 4694 613 4750 gnum.
644 4681 879 4741 Omnino
902 4688 1044 4742 enim
1080 4704 1304 4759 regnum
1336 4693 1552 4763 quidem
1581 4696 1674 4752 Dei
1696 4709 1800 4768 est,
1827 4717 1996 4776 ange-

426 4769 596 4825 lorum
627 4787 779 4829 more
812 4776 1013 4833 vivere.
1054 4779 1222 4852 428
1275 4783 1428 4842 Tunc
1468 4788 1613 4845 enim
1645 4807 1771 4849 vere
1797 4795 2000 4853 dicitur

425 4876 655 4931 regnare
683 4863 843 4933 Deus,
868 4869 1086 4935 quando
1113 4871 1245 4926 nihil
1273 4877 1599 4934 mundanum
1631 4881 1684 4936 in
1713 4887 2001 4943 animabus

421 4953 626 5009 nostris
671 4969 939 5023 versatur,
982 4961 1081 5016 sed
1111 4964 1333 5022 omnino
1379 4968 1538 5025 aliter
1582 4972 1781 5031 vivitur
1835 4993 1998 5046 quam

422 5045 656 5100 mundus
687 5048 850 5105 solet.
886 5050 1037 5108 Hanc
1091 5064 1272 5110 autem
1313 5058 1478 5113 vitam
1510 5061 1651 5119 intra
1682 5081 1779 5123 nos
1828 5045 1998 5127 babe-

424 5149 564 5202 mus,
587 5139 691 5191 hoc
721 5148 825 5206 est,
854 5143 1069 5210 quando
1109 5145 1460 5204 voluerimus.
1506 5149 1624 5208 Non
1655 5157 1798 5212 enim
1841 5159 2000 5232 longo

422 5235 665 5296 tempore
731 5248 903 5302 neque
962 5236 1117 5305 longa
1169 5242 1600 5310 peregrinatione
1666 5262 1800 5317 opus
1835 5291 1850 5315 ,
1905 5253 1999 5307 sed

421 5332 590 5385 prope
633 5336 729 5376 nos
771 5333 852 5378 est
893 5334 949 5381 et
1000 5328 1156 5395 ﬁdes,
1201 5339 1257 5386 et
1300 5342 1418 5401 post
1465 5336 1621 5391 fidem
1655 5339 1835 5395 divina
1866 5342 1995 5399 vita.

426 5407 611 5464 Isthuc
659 5410 833 5480 ipsum
866 5421 1026 5472 etiam
1063 5418 1362 5488 Apostolus
1410 5426 1673 5484 dicebat:
1721 5429 1895 5503 Prope
1946 5445 1997 5491 te

426 5501 646 5555 verbum
700 5514 784 5557 est
835 5507 886 5560 in
930 5524 1023 5566 ore
1075 5520 1169 5569 tuo
1227 5527 1281 5570 et
1317 5518 1369 5572 in
1411 5521 1575 5576 corde
1620 5530 1734 5589 tuo,
1769 5526 1873 5583 hoc
1916 5538 1999 5584 est

424 5592 649 5647 verbum
695 5594 842 5651 ﬁdei.
887 5597 1124 5658 Credere
1168 5608 1334 5675 enim,
1384 5621 1440 5664 et
1489 5616 1783 5671 secundum
1835 5618 1996 5675 ﬁdem

420 5681 718 5751 ambulare,
743 5687 882 5744 sicut
908 5692 1127 5761 dignum
1153 5705 1237 5750 est
1262 5702 1562 5768 vocatione,
1592 5704 1734 5761 intra
1768 5725 1865 5765 nos
1887 5721 1994 5767 est.

423 5768 609 5843 Itaque
637 5774 893 5836 Pharisaei
945 5780 1243 5867 irrid‘cbaut
1282 5787 1565 5848 Dominum
1620 5803 1873 5867 tanquam
1926 5799 2009 5856 de.

2102 4625 2209 4662 των
2238 4607 2456 4662 ἀκούειν
2481 4608 2570 4663 διὰ
2595 4608 2657 4661 τὸ
2680 4608 3058 4678 ἑθελοκωφετν,
3085 4608 3215 4679 περὶ
3235 4608 3332 4661 τοῦ
3358 4602 3537 4677 καιροῦ
3557 4601 3639 4671 τῆς

2104 4700 2379 4773 βασιλείας
2410 4700 2742 4771 διαλέγεται,
2776 4702 2854 4765 ὡς
2890 4701 3169 4770 ἄγνωστός
3217 4702 3336 4754 ἐστι
3378 4697 3470 4752 καὶ
3524 4696 3637 4749 ἀπα·

2105 4797 2431 4869 ρατήρητος.
2462 4797 2553 4862 Οὐ,
2575 4796 2684 4868 γὰρ
2723 4796 2834 4868 ἔχει
2862 4796 3054 4866 καιρὸν
3085 4796 3414 4867 ὡρισμένον,
3436 4791 3539 4847 ἀλλ’
3568 4788 3639 4843 ἀεὶ

2099 4887 2179 4958 τῷ
2201 4886 2505 4959 βουλομένῳ
2527 4889 2791 4959 πάρεστιν
2812 4889 2844 4958 ἡ
2877 4886 3128 4958 βασιλεία
3152 4886 3246 4941 τοῦ
3270 4885 3425 4939 Θεοῦ.
3450 4883 3638 4940 Πάντως

2100 4979 2209 5049 γὰρ
2233 4977 2479 5049 βασιλεία
2521 4978 2622 5049 μὲν
2652 4977 2747 5031 τοῦ
2778 4978 2913 5031 Θεοῦ
2963 4979 3119 5032 ἐστιν
3156 4978 3191 5049 ἡ
3220 4975 3483 5047 ἀγγελικὴ
3501 4971 3639 5028 κατά-

2104 5084 2292 5131 στασις
2339 5068 2433 5121 καὶ
2454 5069 2725 5140 διαγωγή.
2747 5066 2880 5123 Τότε
2905 5069 3013 5141 γάρ
3034 5068 3099 5140 δὴ
3130 5068 3351 5137 λέγεται
3372 5064 3639 5140 βασιλεύειν

2099 5159 2179 5231 τῷ
2211 5160 2325 5214 δντι
2361 5159 2514 5224 Θεὸς,
2549 5161 2678 5215 ὅταν
2723 5161 2891 5234 μηδὲν
2919 5162 3185 5233 κοσμικδν
3213 5163 3273 5215 ὲν
3305 5164 3426 5224 ταῖς
3473 5157 3640 5230 ψυχαῖς

2100 5249 2134 5318 ή
2145 5248 2261 5317 μῶν
2284 5249 2655 5320 πολιτεύηται,
2675 5251 2811 5305 ἀλλά
2832 5252 2902 5306 τά
2918 5255 3098 5306 πάντα
3118 5246 3269 5323 ὦμεν
3290 5250 3638 5326 ὑπερκοσμίως

2100 5340 2397 5410 διάγοντες.
2447 5342 2664 5415 Ταύτην
2705 5344 2763 5398 δὲ
2830 5344 2928 5415 τὴν
2988 5345 3264 5416 διαγωγὴν
3322 5345 3467 5407 ἐντὸς
3506 5340 3638 5413 ήμῶν

2100 5431 2317 5502 ἔχομεν,
2350 5435 2647 5501 τουτέστιν,
2679 5435 2808 5488 ὅταν
2840 5435 3209 5507 βουληθῶμεν.
3235 5438 3320 5530 υύῗ
3342 5432 3528 5530 καιροῦ
3550 5430 3637 5530 γάρ

2104 5523 2340 5592 μακροῦ,
2387 5523 2508 5576 οὐδὲ
2555 5525 2865 5597 ἀποδημίας
2917 5526 3099 5597 χρεία,
3151 5527 3266 5580 ἀλλ’
3308 5527 3467 5623 ἐγγὺς
3508 5523 3635 5623 ἡμῶν

2101 5614 2216 5666 ἐστι
2260 5614 2355 5667 καὶ
2391 5616 2424 5685 η
2472 5616 2673 5680 πίστις,
2710 5619 2803 5670 καὶ
2836 5618 2868 5689 ἡ
2928 5620 3065 5688 μετά
3096 5617 3157 5670 τὸ
3196 5618 3479 5671 πιστεῦσαι
3521 5614 3635 5666 κατὰ

2097 5707 2231 5761 Θεὸν
2259 5707 2526 5780 διαγωγή.
2555 5710 2733 5764 Ταυτὺ
2752 5711 2808 5765 δὲ
2834 5711 2993 5765 τοῦτο
3016 5713 3108 5764 καὶ
3135 5713 3164 5765 6
3204 5710 3509 5772 ’Δπόστολος
3525 5705 3629 5772 ἔφη,

2102 5799 2270 5870 ἐγγύς
2302 5817 2395 5856 σου
2429 5801 2490 5856 τὸ
2514 5801 2667 5874 ῥῆμά
2706 5804 2853 5859 ἐστιν
2882 5806 2939 5858 ὲν
2969 5803 3047 5877 τῷ
3078 5803 3306 5877 στόματί
3341 5820 3457 5872 σου,
3480 5800 3560 5855 καὶ
3582 5797 3630 5846 ἐν
