3870 6554
236 371 327 438 993

895 367 1343 428 ENABRATIO
1373 365 1452 426 ΙΝ
1499 365 1991 428 EVANGELIL'M
2033 363 2268 425 LUCIE.
2294 386 2356 399 —
2388 363 2550 429 CAP.
2577 363 2762 426 XVII.

3371 365 3476 430 991

225 490 281 557 τῇ
307 483 500 554 καρδίᾳ
527 496 645 548 σου,
674 479 942 545 τουτέστι,
980 480 1042 533 τὸ
1081 480 1231 551 ῥῆμα
1257 479 1354 550 τῆς
1381 479 1637 542 πίστεως.
1682 478 1792 532 Καὶ

1907 490 2064 546 regno
2101 476 2507 546 praedicantem,
2549 475 2618 531 de
2664 490 2772 545 quo
2819 475 2997 531 nullus
3053 476 3467 546 przedicaverat.

224 579 278 631 τὸ
316 575 605 630 πιστεῦσαι
645 572 776 642 γὰρ,
826 573 921 624 καῖ⁵
980 570 1042 625 τδ
1094 571 1230 642 μετά
1260 571 1360 643 τὴν
1408 571 1592 624 πίστιν
1625 569 1794 634 ἀξίως

226 667 582 740 περιπατῆσαι
644 664 747 734 τῆς
789 663 1055 734 κλήσεως,
1109 664 1256 728 ἐντὸς
1289 662 1447 734 ἡμῶν
1499 665 1669 717 ἐστιν.
1730 660 1793 713 Oi

229 763 313 834 μὲν
343 757 436 814 οὖν
462 760 745 831 Φαρισαῖοι
793 756 1135 826 διεχλεύαζον
1172 757 1264 810 τὸν
1298 755 1526 827 Κύριον,
1555 754 1630 818 ὡς
1664 752 1794 824 περὶ

229 860 314 928 τῆς
343 851 618 925 βασιλείας
646 868 717 920 κη
729 847 1013 919 ρύττοντα,
1040 847 1167 919 περὶ
1199 844 1268 919 ἦς
1293 848 1468 910 οὐδεὶς
1501 845 1789 916 ἐκήρυξεν.

236 947 362 1001 ’0δέ
414 945 617 1014 Κύριος
662 942 874 1002 δεικνὺς
905 941 1004 1008 (8),
1035 939 1116 991 δτι
1148 936 1403 1007 ἀγνοοῦσι
1450 938 1708 1005 πρᾶγμα,
1767 933 1794 986 ὃ

223 1039 355 1101 ἐντὸς
385 1035 564 1090 αὐτῶν
586 1036 723 1096 ἐστι,
747 1033 842 1086 καὶ
864 1032 1209 1104 βουλομένοις
1231 1030 1390 1083 τοῦτο
1407 1027 1593 1081 λαϐεῖν
1619 1027 1790 1098 πολλὴ

229 1130 253 1198 l)
279 1127 509 1183 εὐκολία.
541 1125 658 1180 Νῦν
682 1124 790 1196 γὰρ
814 1123 966 1188 ὄντος
988 1121 1122 1193 ἐμοῦ
1158 1122 1322 1192 μέσον
1355 1118 1530 1190 ὑμῶν,
1557 1118 1793 1174 δύνασθε

224 1226 426 1284 πάντως
455 1219 553 1290 τὴν
602 1216 878 1288 βασιλείαν
923 1213 1016 1268 τοῦ
1067 1213 1202 1267 Θεοῦ
1243 1212 1520 1279 δέξασθαι,
1575 1208 1797 1264 πιστεύ-

227 1329 403 1373 σαντες
426 1311 506 1372 εἱς
537 1307 659 1379 ἐμὲ,
700 1309 795 1361 καὶ
825 1306 966 1360 κατὰ
995 1304 1095 1368 τὰς
1123 1304 1264 1375 ἐμάς
1291 1302 1515 1364 ἐντολὰς
1550 1301 1649 1373 ζῇν
1680 1299 1796 1356 ἐλό-

227 1421 384 1474 μενοι.
421 1400 620 1464 Τοῖςδέ
653 1398 925 1469 μαθηταῖς
967 1395 1134 1452 αὐτοῦ
1165 1391 1342 1460 εἶπεν,
1386 1413 1406 1448 ι
1453 1393 1793 1447 Ἐλεύσονται

224 1495 437 1567 ἡμέραι,
468 1512 486 1545 ι
526 1493 620 1544 καὶ
647 1492 718 1544 τὰ.
745 1491 906 1562 ἑξῆς·
942 1491 1209 1553 τουτέστι,
1255 1489 1350 1541 καὶ
1393 1487 1524 1558 ὑμῖν
1568 1487 1602 1556 ή
1643 1484 1795 1556 βασι-

224 1588 326 1640 λεία
369 1585 464 1639 τοῦ
513 1583 650 1638 Θεοῦ
699 1583 983 1652 πάρεστιν,
1034 1582 1094 1635 ἐν
1141 1582 1254 1652 ὅσῳ
1305 1579 1424 1649 εἰμὶ
1457 1577 1578 1650 μεθ’
1616 1576 1794 1648 ὑμῶν.

225 1681 447 1752 Πάρεστι
479 1678 536 1732 δὲ
583 1675 722 1747 αὕτη
771 1676 920 1745 ὑμῖν,
955 1675 1017 1728 οὐ
1061 1674 1221 1744 μόνον
1271 1671 1408 1726 καθδ
1438 1669 1797 1725 ἐπιστεύσατὲ

227 1788 308 1842 μοι
357 1769 452 1822 καὶ
502 1767 906 1838 ἡκολουθήσατε
949 1803 965 1829 ,
1020 1764 1154 1818 άλλά
1201 1765 1297 1818 καὶ
1358 1761 1495 1817 καθὸ
1543 1763 1602 1816 ἐν
1649 1762 1797 1833 πάσῃ

225 1860 538 1932 άφροντισίᾳ
572 1859 786 1926 διάγετε
823 1857 941 1923 νῦν,
989 1855 1125 1927 ἐμοῦ
1165 1855 1319 1926 ὑμῶν
1350 1853 1646 1925 κηδομένου
1699 1852 1789 1904 καὶ

222 1953 634 2025 προνοουμένου.
692 1950 1036 2005 Ἐλεύσονται
1070 1949 1126 2001 δὲ
1169 1949 1374 2020 ἡμέραι
1421 1948 1532 2012 ὅτε,
1564 1946 1793 2009 ἀπόντος

223 2048 368 2120 ἐμοῦ,
413 2047 678 2111 κινδύνοις
723 2043 1191 2120 παραδοθήσεσθε,
1230 2043 1324 2096 καὶ
1385 2043 1477 2095 ἐπὶ
1522 2040 1794 2112 ἡγεμόνας

224 2145 308 2196 καὶ
341 2143 576 2214 βασιλεῖς
615 2140 874 2210 ἀγόμενοι
899 2139 989 2191 τὸν
1022 2137 1117 2190 νῦν
1147 2135 1428 2189 ἀκίνδυνον
1480 2135 1670 2205 καιρὸν
1703 2134 1796 2186 καὶ

226 2236 312 2305 τήν
349 2234 728 2304 ἁφροντισίαν,
782 2233 850 2302 ἢν
894 2229 1030 2302 ἐμοῦ
1067 2227 1315 2291 συνόντος
1345 2227 1474 2298 ὑμῖν
1509 2225 1682 2296 ἔχετε,
1721 2223 1797 2287 ὡς

224 2327 490 2399 βασιλείαν
515 2325 650 2378 Θεοῦ
681 2323 969 2395 ποθήσετε.
1001 2323 1108 2375 Καὶ
1135 2318 1396 2382 πολλάκις
1426 2317 1796 2390 ἐπιθυμήσετε

223 2419 325 2473 τῶν
365 2420 515 2489 ἐμῶν
542 2416 768 2488 ήμερῶν
804 2416 930 2486 μιᾶς
963 2415 1258 2481 ἐπιτυχεῖν,
1289 2409 1566 2470 τουτέστι,
1593 2408 1798 2479 ταύτης

230 2515 316 2583 τῆς
336 2511 453 2582 μετ’
470 2510 604 2580 ἐμοῦ
625 2507 1024 2576 συνδιαγωγῆς,
1044 2506 1118 2568 ὡς
1141 2503 1598 2572 άκινδυνωτέρας.
1613 2501 1673 2554 El
1688 2499 1797 2571 γὰρ

224 2606 312 2657 διαὶ
335 2603 429 2655 σὺν
451 2601 599 2672 αὐτῷ
633 2601 784 2663 ὅντες
807 2638 823 2665 ,
848 2599 908 2652 οὐ
945 2599 1124 2667 πάντη
1153 2596 1350 2650 ἄπονον
1395 2593 1491 2646 καὶ
1517 2591 1797 2645 ἀκίνδυνον

226 2693 348 2767 ήγον
384 2695 520 2766 βίον,
569 2691 705 2746 ἀλλά
754 2689 1009 2760 φεύγοντι
1051 2683 1460 2757 συμφεύγοντες
1508 2679 1799 2735 ἐκακοπάς-

225 2789 364 2852 θουν,
399 2787 492 2838 καὶ
540 2782 937 2853 λοιδορουμένῳ
971 2775 1458 2848 συνελοιδοροῦντο,
1492 2773 1629 2826 ἀλλὰ
1663 2772 1799 2843 πρὸς

231 2882 342 2942 τοὺς
378 2877 666 2949 μέλλοντας
699 2873 977 2937 κινδύνους
1008 2871 1414 2941 συγκρινόμενα
1438 2868 1506 2920 τά
1535 2865 1800 2936 πρότερον

223 2973 399 3038 αὺτοῖς
465 2968 958 3040 ἐπισυμϐαίνοντα,
1008 2966 1070 3017 τὸ
1123 2961 1401 3016 ἀκίνδυνον
1475 2957 1610 3018 πολὺ
1655 2956 1798 3027 ἔχειν

223 3065 570 3132 φανήσονται.
624 3061 786 3112 Ὥστε
834 3059 868 3128 ή
923 3053 1170 3125 βασιλεία
1215 3050 1310 3104 τοῦ
1363 3048 1499 3103 Θεοῦ
1530 3048 1624 3101 καὶ
1658 3046 1801 3100 κατά

224 3155 408 3208 τοῦτόν
429 3170 491 3222 γε
518 3154 610 3206 τὸν
649 3152 850 3223 τρόπον
881 3147 1030 3212 ἐντὸς
1057 3145 1168 3199 τῶν
1197 3141 1509 3198 ἀποστόλων
1538 3135 1628 3211 ἦν,
1657 3137 1798 3193 κατὰ

225 3246 284 3301 τδ
345 3246 625 3300 ἀκίνδυνον
681 3243 775 3297 καὶ
833 3239 1030 3294 άπονόν
1079 3245 1246 3309 φημι.
1289 3233 1524 3288 Ἐπείτοι
1568 3249 1630 3301 γε
1670 3231 1809 3302 μετὰ

223 3340 320 3411 τὴν
354 3339 648 3393 ἀνάστασιν
681 3335 757 3398 ὡς
801 3332 1138 3402 αἰχμάλωτοι
1187 3326 1283 3381 καὶ
1351 3324 1673 3394 διωκόμενοι
1709 3337 1808 3374 πε-

229 3433 474 3506 ριῄεσαν.
503 3429 918 3492 Κατασκευάςει
949 3426 1004 3479 δὲ
1036 3424 1124 3479 διά
1145 3422 1350 3476 τούτων
1378 3419 1485 3473 τῶν
1513 3419 1688 3484 λόγων
1711 3415 1808 3480 τὰς

226 3528 332 3580 τῶν
360 3524 668 3580 ἀποστόλων
693 3521 920 3594 καρδίας
947 3517 1281 3591 φερεπόνους
1311 3515 1404 3569 καὶ
1450 3509 1806 3584 καρτερικάς,

226 3621 320 3674 καὶ
371 3619 630 3692 προλέγει
679 3617 882 3680 αὐτοῖς,
935 3613 1026 3667 ἵνα
1063 3611 1138 3682 μὴ
1169 3607 1534 3680 πλανηθῶσιν.
1573 3605 1671 3658 Ἂν
1700 3601 1809 3673 γὰρ

227 3715 445 3778 εἴπωσι,
474 3715 658 3784 φησὶν,
699 3710 827 3763 Ἰδοὺ
853 3701 976 3768 ὧδε,
1011 3705 1045 3776 ἢ
1092 3702 1224 3758 Ἰδοὺ
1253 3702 1389 3767 ἐκεῖ,
1440 3700 1514 3770 μὴ
1559 3695 1807 3784 διώξητε.

228 3805 432 3874 Μηδεὶς
469 3781 596 3873 γὰρ,
641 3801 825 3871 φησιν,
864 3797 1006 3866 ὑμᾶς
1041 3794 1306 3855 πείσειεν,
1332 3793 1414 3843 ὅτι
1443 3785 1606 3860 ἦλθον
1640 3781 1743 3839 ὧδε
1771 3783 1805 3856 ἢ

232 3900 351 3950 ἐκεῖ
382 3912 396 3927 ο
437 3898 499 3949 οὐ
557 3895 666 3962 γὰρ
708 3892 858 3962 τόπῳ
915 3884 1434 3961 περικλεισθήσεται
1478 3882 1512 3953 ή
1579 3877 1810 3947 δευτέρα

235 4008 340 4060 μου
367 3989 641 4061 παρουσία
665 3987 698 4058 ἡ
727 3983 1108 4056 λαμπροτέρα,
1154 3978 1246 4032 καὶ
1278 3975 1612 4044 ἐνδοξοτέρα.
1671 3969 1809 4023 Ἀλλ’

229 4083 420 4153 ὥσπερ
458 4078 715 4151 ἀστραπὴ
758 4077 818 4130 ού
861 4073 1146 4139 λανθάνει,
1190 4069 1304 4124 ἀλλ’
1351 4068 1448 4121 ἀπ’
1497 4065 1668 4136 ἀκρον
1712 4063 1811 4133 τῆς

226 4177 336 4246 γῆς
383 4177 476 4229 ἐπὶ
534 4174 760 4241 θάτερον
810 4169 979 4238 ἀκρον
1040 4165 1251 4236 φαίνει’,
1299 4160 1445 4216 οὕτω
1474 4159 1567 4213 κα).
1619 4159 1654 4229 ή
1703 4156 1811 4226 ἐμὴ

226 4267 505 4339 παρουσία
559 4263 789 4335 λαμπρά
826 4262 924 4316 καὶ
979 4257 1276 4329 ὲπιφανής-
1306 4254 1489 4318 ἔσται,
1557 4251 1653 4304 καὶ
1718 4249 1809 4339 ού·⁵

223 4338 358 4417 δένα
409 4358 871 4429 άποκρυόήσεται.
926 4353 1017 4422 Μὴ
1078 4349 1172 4404 οὖν
1202 4346 1514 4415 πλανηθῆτε
1556 4341 1660 4396 ὑπὸ
1704 4338 1810 4393 τῶν

225 4453 653 4524 ψευδοχρίστων.
705 4449 778 4500 Ού
815 4446 924 4516 γὰρ
957 4444 1146 4514 ὥσπερ
1196 4440 1460 4512 πρότερον
1510 4437 1568 4488 ἐν
1637 4434 1811 4504 φάτνῃ

1895 566 1964 620 At
1995 567 2109 636 ipse
2132 564 2372 621 ostendit
2394 566 2536 634 quod
2570 567 2819 634 ignorent
2846 583 2956 620 rem
2982 581 3101 638 quae
3129 567 3266 622 intra
3293 585 3352 623 se
3383 570 3475 635 sit,

1895 669 1949 716 et
1969 675 2090 730 qua:
2108 659 2262 714 valde
2293 659 2491 724 lacilis,
2524 658 2567 712 si
2594 659 2684 728 qui
2711 674 2904 728 capere
2933 660 3116 715 velint.
3143 659 3302 715 NUIH'
3332 665 3478 716 enim

1895 769 2018 810 cum
2043 753 2144 809 sim
2178 753 2390 808 medius
2416 753 2556 806 inter
2605 767 2720 818 vos,
2755 755 2985 822 potestis
3006 756 3229 809 omnino
3255 772 3478 826 regnum

1899 847 1994 902 Dei
2028 860 2247 916 capere,
2287 845 2332 899 si
2365 844 2590 899 creditis
2620 847 2672 897 in
2721 860 2825 911 me,
2856 857 2909 900 et
2955 847 3118 901 vultis
3140 847 3292 913 juxta
3327 865 3480 902 man-

1900 939 2027 994 data
2069 953 2184 992 mea
2214 938 2414 990 vivere.
2444 935 2736 1004 Discipulis
2760 951 2886 989 vero
2911 937 3024 990 suis
3071 939 3208 991 dixit
3240 956 3254 994 :
3307 957 3327 990 t
3375 937 3482 994 Ve-

1896 1026 2047 1080 nient
2068 1025 2249 1090 dies,»
2275 1033 2408 1088 etc.,
2440 1025 2542 1078 hoc
2563 1035 2664 1090 est,
2688 1033 2742 1078 et
2763 1024 2914 1078 vobis
2942 1040 3165 1091 regnum
3187 1027 3278 1081 Dei
3308 1033 3482 1094 adest,

1899 1125 2168 1185 quatenus
2196 1130 2317 1170 sum
2349 1114 2649 1170 vobiscum.
2695 1115 2865 1171 Adest
2900 1126 3082 1171 autem
3126 1118 3256 1173 illud
3304 1122 3478 1186 vobis,

1898 1222 2004 1262 non
2055 1208 2230 1262 solum
2280 1207 2425 1276 quod
2467 1207 2780 1262 credidistis
2805 1217 2858 1260 et
2889 1209 3063 1263 secuti
3087 1211 3218 1264 estis
3245 1227 3351 1277 me,
3390 1213 3483 1265 sed

1896 1299 2022 1368 quia
2053 1312 2198 1353 nunc
2245 1297 2298 1351 in
2332 1312 2524 1366 magna
2560 1298 2854 1353 securitate
2883 1299 3066 1353 vivitis
3091 1303 3296 1370 absque
3336 1302 3487 1356 solli-

1896 1391 2164 1456 citudine,
2203 1404 2290 1444 tne
2318 1405 2505 1446 curam
2545 1393 2708 1445 vestri
2737 1401 2978 1460 gerente.
3025 1391 3253 1447 Venient
3299 1405 3479 1447 autem

1897 1486 2038 1549 dies,
2067 1501 2190 1540 cum
2220 1500 2320 1554 ego
2348 1484 2594 1549 abluero,
2628 1493 2680 1539 et
2709 1488 2990 1541 trademitti
3023 1487 3296 1555 periculis.
3330 1499 3385 1543 et
3411 1490 3476 1543 ad

1895 1591 2054 1646 reges
2074 1585 2129 1631 et
2151 1575 2411 1646 praesides
2433 1576 2749 1646 trahemini;
2776 1587 2902 1632 tttttc
2919 1578 3302 1634 desiderabitis
3325 1597 3486 1636 secu—

1899 1686 2014 1725 ram
2045 1669 2191 1723 illam
2221 1677 2277 1724 et
2301 1668 2669 1725 sollicitudine
2689 1679 2964 1726 carentem
2995 1671 3179 1740 vitam,
3209 1688 3371 1744 quam
3402 1689 3486 1729 nte

1899 1772 2169 1833 pnesente
2202 1762 2398 1832 agitis,
2444 1760 2587 1817 sicut
2629 1777 2852 1832 regnum
2889 1764 3006 1819 Dei.
3060 1765 3128 1820 Et
3166 1781 3306 1836 saepe
3339 1766 3487 1822 desi-

1832 1827 1872 1886 B
1903 1854 2168 1909 derabitis
2198 1853 2283 1906 vel
2310 1869 2474 1908 unum
2505 1870 2572 1908 ex
2611 1827 2802 1911 diebus
2833 1858 2969 1912 meis
2998 1856 3221 1921 habere,
3243 1827 3353 1914 'ltoc
3383 1868 3487 1923 est,

1899 1960 1964 2000 ex
1987 1959 2179 1999 secura
2214 1943 2302 1998 illa
2326 1960 2486 2014 quant
2513 1960 2724 2001 mecum
2752 1947 2910 2012 agitis
2928 1949 3062 2002 vita.
3093 1947 3352 2014 Quamvis
3385 1965 3486 2003 au-

1899 2047 2008 2092 tem
2035 2046 2219 2106 etquo
2248 2043 2494 2105 tempore
2517 2052 2639 2090 cum
2663 2037 2782 2106 ipso
2797 2048 2976 2103 erant,
2999 2053 3104 2092 non
3123 2040 3346 2092 omnino
3368 2041 3487 2094 sine

1897 2127 2084 2183 labore
2121 2137 2178 2183 et
2205 2127 2458 2198 periculis
2495 2128 2663 2183 vitam
2699 2129 2953 2199 agebant,
2978 2129 3072 2183 sed
3097 2145 3218 2184 cum
3249 2132 3490 2201 fugiente

1899 2220 2169 2292 fugientes
2205 2218 2606 2289 allligebantur,
2643 2235 2876 2289 euntque
2905 2235 2971 2274 eo
3003 2221 3250 2275 convicia
3303 2222 3490 2275 audie-

1900 2314 2073 2367 bant:
2119 2321 2303 2366 tamen
2335 2313 2382 2366 si
2427 2326 2550 2381 quae
2580 2320 2708 2365 tunc
2733 2310 3000 2377 ferebant,
3035 2323 3489 2380 compararentur

1899 2421 2022 2462 cum
2051 2407 2135 2461 bis
2163 2421 2284 2476 qua:
2307 2416 2492 2475 postea
2522 2405 2681 2458 laturi
2710 2415 2886 2470 erant,
2915 2405 3239 2459 viderentur
3269 2419 3492 2474 prorsus

1900 2514 2092 2554 secura
2139 2511 2197 2553 et
2242 2502 2449 2566 absque
2511 2497 2787 2565 periculis.
2830 2497 3008 2566 Atque
3041 2498 3110 2549 ita
3145 2511 3362 2564 regnum
3395 2495 3492 2549 Dei

1904 2591 2068 2644 etiam
2111 2589 2213 2644 hoc
2237 2591 2410 2643 modo
2450 2588 2590 2642 itttra
2620 2589 2890 2657 apostolos
2923 2599 3061 2654 erat,
3097 2589 3198 2642 ltoc
3241 2599 3346 2653 est,
3385 2588 3488 2640 titi-

1901 2684 2050 2738 nime
2081 2682 2412 2737 laboriosum
2454 2691 2507 2735 et
2542 2681 2900 2750 periculosum
2928 2695 3175 2750 regnum.
3226 2679 3352 2734 Post
3399 2695 3489 2734 re-

1903 2775 2306 2830 surrectionem
2347 2773 2490 2828 enim
2553 2773 2693 2827 sicut
2740 2772 2960 2840 captivi,
3016 2782 3070 2823 et
3100 2772 3191 2840 qui
3238 2786 3494 2840 persecu-

1903 2868 2107 2922 tionem
2171 2866 2474 2936 patiuntur,
2526 2863 2897 2919 obambulant.
2953 2861 3124 2918 Porro
3174 2863 3259 2917 bis
3309 2863 3490 2917 verbis

1902 2961 2268 3033 apostolorum
2316 2960 2479 3016 corda
2514 2959 2581 3014 ad
2621 2958 2878 3012 ferendos
2909 2957 3126 3012 labores
3172 2966 3226 3010 et
3257 2967 3410 3026 parat
3437 2966 3492 3010 et

1907 3053 2122 3108 roborat
2159 3059 2214 3106 et
2255 3051 2498 3120 pt‘azdicit
2535 3051 2615 3104 eis
2643 3065 2712 3103 ne
2750 3049 3109 3117 decipiantur.
3152 3046 3286 3100 Nam
3318 3048 3361 3102 si
3402 3048 3494 3117 qui

1911 3146 2166 3210 dixerint,
2203 3143 2400 3214 inquit,
2436 3141 2574 3197 Ecce
2606 3141 2725 3207 hic,
2761 3141 2845 3194 vel
2882 3139 3021 3196 Ecce
3055 3140 3184 3206 illic,
3215 3155 3284 3194 ne
3322 3148 3497 3193 secte-

1913 3239 2067 3295 mini.
2097 3236 2324 3304 Nullus,
2357 3235 2553 3305 inquit,
2585 3234 2737 3289 vobis
2769 3234 3113 3303 persuadeat,
3158 3231 3302 3302 quod
3329 3245 3494 3285 vene-

1913 3334 2012 3390 rint
2066 3333 2173 3387 huc
2222 3330 2306 3385 vel
2343 3329 2494 3384 illuc.
2530 3326 2645 3381 Non
2681 3326 2825 3379 enim
2865 3325 2983 3379 loco
3019 3324 3497 3378 circutttseribetnr

1910 3423 2183 3479 secundus
2213 3421 2302 3476 ille
2341 3434 2494 3474 meus
2529 3420 2817 3480 adventus,
2845 3417 2937 3484 qui
2981 3415 3268 3483 gloriosior
3303 3423 3359 3468 et
3386 3415 3498 3468 cla-

1912 3517 2042 3568 rior.
2075 3511 2274 3566 Verum
2304 3510 2445 3565 sicut
2476 3509 2655 3577 fulgur
2677 3522 2783 3562 non
2813 3507 2967 3572 latet,
2996 3507 3088 3561 ‘sed
3116 3507 3184 3561 ab
3209 3521 3316 3560 una
3344 3521 3496 3561 sutn-

1913 3605 2100 3659 mitate
2133 3611 2294 3657 terra:
2332 3615 2502 3671 usque
2538 3601 2604 3654 ad
2644 3599 2804 3652 aliain
2857 3600 3213 3666 conspicuum
3241 3609 3326 3654 est
3361 3616 3378 3654 :
3421 3599 3494 3652 ita

1911 3704 1964 3750 et
1995 3708 2148 3747 meus
2180 3692 2449 3747 adventus
2497 3690 2678 3744 clarus
2717 3689 2822 3745 erit
2855 3700 2908 3743 et
2944 3689 3191 3752 illustris,
3224 3689 3498 3755 nullisque

1913 3786 2150 3855 ignotus.
2208 3781 2286 3836 Ne
2325 3782 2488 3850 igitur
2548 3780 2898 3850 decipiamini
2953 3794 2982 3832 a
3036 3777 3493 3833 Pseudocbristis.

1913 3877 2026 3933 Non
2057 3877 2202 3932 enim
2236 3875 2378 3929 sicut
2416 3874 2566 3944 prius
2601 3873 2655 3926 in
2689 3873 2953 3941 praesepio
2987 3880 3041 3925 et
3073 3870 3374 3923 humilitate
3404 3886 3499 3938 per

1915 3970 2138 4041 triginta
2174 3981 2345 4021 annos
2387 3963 2638 4034 apparui,
2674 3963 2744 4015 ita
2783 3973 2838 4015 et
2871 3968 3019 4022 tunc,
3056 3961 3148 4015 sed
3194 3975 3314 4014 cum
3345 3961 3495 4014 omni

1913 4063 2083 4132 gloria
2110 4058 2436 4128 stipantibus
2463 4070 2547 4108 nte
2593 4053 2800 4123 angelis
2832 4092 2847 4116 ,
2879 4061 2934 4107 et
2966 4052 3018 4106 in
3067 4061 3360 4106 momento.
3392 4051 3500 4105 Po-

1914 4167 2029 4211 stea
2067 4151 2197 4222 quia
2237 4151 2449 4206 dixerat
2472 4147 2552 4202 eis
2581 4155 2842 4200 eventura
2874 4143 3031 4198 valde
3057 4159 3268 4212 aspera,
3304 4159 3500 4197 conso-

1916 4246 2056 4299 latur
2077 4241 2242 4316 429
2258 4255 2351 4296 eos
2370 4249 2425 4295 et
2449 4240 2790 4302 exhortatur,
2820 4249 2897 4302 et,
2936 4247 2995 4291 ut
3020 4249 3280 4307 generose
3301 4234 3498 4301 ferant,

1915 4337 2162 4405 exemplo
2221 4347 2321 4388 suo
2371 4329 2742 4386 commendat.
2791 4325 2910 4382 Non
2953 4328 3098 4382 enim
3133 4325 3497 4392 admiremini,

1917 4427 2113 4498 inquit,
2146 4425 2193 4481 si
2241 4423 2522 4480 evenerint
2571 4421 2722 4476 vobis
2754 4429 2860 4474 tant
2901 4421 3150 4488 molesta,
3181 4435 3302 4490 qua:
3348 4420 3500 4474 vobis

227 4511 332 4600 καὶ
365 4511 608 4615 πτωχείᾳ.
655 4540 744 4596 διὰ
793 4511 1089 4611 τριάκοντα
1114 4511 1256 4588 ἐτῶν
1295 4530 1522 4601 ἐφάνην,
1548 4525 1691 4580 οὕτω
1719 4525 1803 4578 καὶ

1918 4519 2247 4578 desiderium
2285 4515 2516 4571 aﬂ‘erent
2544 4513 2779 4578 dierum,
2835 4511 3036 4581 quibus
3081 4526 3179 4580 ego
3218 4512 3498 4568 vobiscum

233 4639 383 4702 τότε,
422 4638 558 4690 άλλά
589 4637 766 4689 πάντα
798 4634 854 4683 ἐν
878 4629 1026 4700 δόξῃ,
1077 4625 1520 4698 δορυφορούντων
1548 4617 1816 4686 ἀγγέλων,

1917 4629 2058 4669 sum.
2101 4609 2235 4665 Nam
2269 4617 2322 4664 et
2352 4622 2453 4674 ego
2489 4606 2602 4675 ipse
2635 4603 2726 4674 qui
2768 4612 3029 4658 venturus
3075 4618 3194 4658 sunt
3223 4604 3362 4657 sicut
3400 4603 3501 4657 ful-

232 4732 334 4785 καὶ
371 4693 438 4783 ’ἐν
469 4730 624 4799 ῥιπῇ.
679 4720 814 4779 Εἶτα
849 4693 1036 4790 ἐπειδὴ
1087 4693 1291 4778 αύτοῖς
1316 4713 1524 4784 φοϐερὰ
1559 4710 1803 4780 προεῖπει

1919 4719 2037 4777 gur,
2079 4702 2228 4771 prius
2279 4711 2536 4768 passurus
2591 4693 2758 4749 multa
2829 4693 3308 4762 reprobandusque
3356 4708 3498 4758 sum,

228 4825 578 4893 ἀπαντήσειν
600 4862 614 4888 ,
642 4814 1134 4889 παραμυθούμενος
1183 4807 1405 4872 αὐτοὺς,
1437 4805 1531 4858 καὶ
1564 4819 1820 4872 παρακαο

779 4874 912 4983 ρειν,
953 4874 1032 4977 τῷ
1065 4902 1186 4959 καθ’
1226 4900 1418 4956 ἑαυτὸν
1465 4895 1798 4965 ύποδείγματ

1921 4883 2288 4944 exstimulatio
2316 4879 2382 4934 ad
2407 4877 2677 4948 patientia:
2709 4877 2987 4943 virtutem,
3015 4885 3068 4931 et
3097 4875 3162 4930 ad
3189 4875 3399 4930 fortiter
3423 4874 3504 4930 fe-

230 4917 352 4970 λῶν
378 4916 639 4988 γενναίως
701 4914 768 4982 φέ

231 4985 403 5065 τοῦτο
430 5008 668 5077 συνιστᾷ.
699 5005 791 5074 Μὴ
817 5004 926 5073 γὰρ
954 4999 1292 5070 θαυμάσητε,
1323 4993 1510 5063 φησὶν,
1539 4990 1586 5042 εί
1614 4985 1823 5057 συμϐή-

235 5121 398 5159 σεται
432 5103 562 5173 ὑμῖν
590 5096 820 5153 τοιαῦτα
845 5094 1079 5147 ἐπίπονα
1111 5086 1200 5144 οἷα
1227 5084 1520 5155 ἐπιθυμίαν
1541 5081 1669 5152 ὑμῖν
1691 5080 1827 5147 ἀγαῆ

235 5196 364 5264 γεῖν
391 5169 490 5261 τῆς
533 5189 648 5261 μετ’
695 5184 830 5258 ἐμοῦ
878 5183 1082 5252 ταύτης
1128 5179 1225 5248 τῆς
1277 5175 1393 5228 νυνὶ
1427 5169 1824 5264 συνδιαγωγῆς.

238 5258 424 5347 Asta;
449 5258 565 5354 ﬁt?
599 5279 708 5349 ἐγὼ
733 5282 760 5332 ὁ
790 5277 997 5346 μέλλων
1028 5273 1101 5335 ὡς
1128 5265 1383 5338 ἀστραπὴ
1412 5263 1666 5334 φανῆναι,
1699 5258 1828 5326 πρόο

1920 4805 1974 4850 et
2006 4795 2080 4848 ita
2113 4792 2166 4846 in
2199 4788 2371 4860 gloria
2405 4787 2508 4841 ista
2533 4786 2768 4840 veniam.
2799 4786 2976 4854 Atque
3011 4785 3083 4839 ita
3118 4785 3220 4840 hoc
3247 4785 3401 4838 vobis
3430 4786 3503 4838 sit

1925 4980 2151 5036 rendum
2187 4975 2396 5030 alacres
2436 4986 2534 5026 vos
2566 4969 2751 5037 faciat,
2781 4970 2906 5022 dum
2946 4969 2996 5022 in
3028 4981 3114 5022 me
3145 4967 3417 5036 respicitis
3449 4977 3505 5020 et

1926 5069 2158 5142 speratis
2187 5085 2200 5122 :
2233 5064 2359 5136 quia
2391 5071 2446 5119 et
2475 5061 2628 5117 vobis
2658 5061 2911 5116 obveniet
2939 5058 3108 5128 gloria
3141 5073 3206 5113 ex
3226 5057 3505 5127 periculis,

1928 5163 2054 5218 dum
2102 5156 2349 5230 patimini
2395 5162 2450 5210 et
2499 5150 2908 5221 reprobamini,
2959 5150 3410 5220 quemadmodum
3453 5160 3509 5206 et

1931 5254 2086 5310 mihi.

240 5331 421 5450 τερον
710 5331 903 5425 παθεῖν
959 5331 1152 5430 πολλὰ,
1198 5331 1294 5416 {ut
1369 5331 1894 5427 ἀποδοκιμασθῆναι,
1934 5347 2032 5402 καὶ
2075 5343 2247 5433 οὕτως
2295 5343 2354 5396 ἐν
2407 5339 2475 5411 τῇ
2520 5335 2648 5407 δόξῃ
2701 5331 2872 5403 ταύτῃ
2924 5331 3119 5389 ἐλθεῖν.
3153 5331 3326 5400 Ὠστε,
3355 5332 3511 5386 τοῦτο

1189 5501 1275 5560 Ex
1311 5492 1658 5558 collatione
1697 5488 1882 5552 codd.
1919 5485 2152 5548 Venet.
2193 5483 2257 5543 S.
2290 5474 2515 5542 Marci.

332 5640 406 5708 (8)
431 5635 566 5694 Cod.
596 5631 867 5708 Ξϐηῐῐερ).
892 5623 958 5700 ἦς
1002 5623 1176 5708 οὐδεὶς
1226 5622 1326 5691 ἐκή

1370 5619 1517 5684 υξεν.
1565 5616 1623 5670 '0
1651 5615 1708 5668 δὲ
1734 5615 1830 5667 άνο

332 5640 406 5708 (8)
431 5638 566 5694 Cod.
596 5638 689 5698 ‘26,
736 5638 867 5701 Περὶ
892 5638 958 5700 ὴς
1002 5638 1176 5708 ουοεις
1226 5638 1517 5743 εκηέυςεν.
1583 5638 1623 5670 υ
1651 5638 1708 5668 οε
1734 5638 1828 5667 αν-

246 5710 540 5782 τιστρέιρει
570 5706 755 5782 αὐτοῖς
795 5693 1297 5782 τὸνμκαταγελων,
1324 5703 1664 5782 Σᾉεικνυςῇᾕζ

1931 5609 2073 5666 male
2103 5604 2334 5662 habebat
2357 5605 2487 5660 edit.
2510 5603 2634 5659 Lnt.
2653 5602 2773 5657 illos
2795 5601 2850 5657 in
2868 5601 3032 5656 risum
3075 5596 3326 5654 convertit
3354 5609 3515 5664 :qute

1932 5679 2094 5734 verba
2128 5676 2344 5731 sustulit
2379 5686 2654 5731 corrector
2677 5672 2916 5729 Venetus
2943 5673 3084 5740 quod
3105 5685 3212 5740 non
3225 5672 3514 5740 exstarent

256 5738 540 5850 ξιἨὲ
770 5738 1297 5842 ρῖἕάίἔῖιῖξιθίιῖξῖίι’
1324 5738 1666 5850 ipse—it—t'lilllos
1703 5755 1832 5808 irri-
1935 5752 1990 5832 in
2022 5758 2173 5850 texltu
2222 5745 2412 5850 Graeco
2446 5786 2462 5816 ,
2485 5747 2578 5818 qui
2608 5747 2791 5817 potius
2823 5759 2917 5816 per
2947 5738 3092 5798 hunc
3109 5738 3357 5797 codicem
3389 5751 3512 5792 co:-

248 5837 470 5911 siouem
511 5837 804 5913 convertit}
847 5837 1162 5904 ostendens,

1219 5851 1240 5885 ι
1288 5820 1397 5889 etc.
1432 5858 1502 5870 ——
1535 5827 1687 5883 Unde
1727 5839 1832 5881 non
1937 5820 2193 5891 rigendus
2221 5825 2323 5873 est.
