3932 6456
393 280 502 347 995

1251 281 1834 344 THEOPHYLACTI
1880 283 2293 349 BULGARI/E
2328 291 2687 356 ARCHIEP.

3551 301 3647 363 996

395 393 526 465 ὑμῖν
556 390 699 446 ἐστω
742 390 824 455 είς
875 388 1221 462 παράκλησιν
1269 390 1370 462 τὴν
1427 391 1565 464 πρὸς
1612 392 1834 464 ἀρετὴν,
1875 394 1970 449 καὶ
1995 396 2472 466 προθυμοποιείτω
2520 403 2667 472 ὑμᾶς
2717 403 2796 468 είς
2859 402 2922 458 τὸ
2965 407 3276 479 καρτερεῖν,
3306 407 3370 462 rb
3447 408 3647 483 ἀφορᾷν

394 485 596 558 δηλαδὴ
629 485 762 556 πρὸς
805 483 928 557 ἐμὲ,
958 483 1054 537 καὶ
1088 483 1352 550 ἐλπίζειν,
1383 485 1469 539 ὅτι
1501 487 1598 542 καὶ
1636 487 1765 559 ὑμῖν
1793 489 1827 560 ἡ
1856 487 1985 554 δόξα
2019 490 2085 545 ἐκ
2115 491 2210 545 τοῦ
2249 493 2526 560 κινδύνους
2559 495 2758 551 παθεῖν
2819 497 2914 552 καὶ
2941 497 3447 572 ἀποδοκιμασθῆναι
3506 519 3652 573 περι-

401 582 704 651 γενήσεται,
736 578 925 648 ῶσπερ
953 577 1045 633 οὖν
1076 579 1169 632 καὶ⁴
1197 580 1340 650 ἐμοί.

467 678 629 734 Vsus.
656 676 846 732 26-30.
885 695 904 729 ι
941 676 1003 731 Et
1031 678 1174 733 sicut
1200 677 1399 732 accidit
1429 678 1482 732 in
1514 679 1707 734 diebus
1734 677 1866 744 Noe,
1899 680 1973 735 ita

2159 703 2179 736 ι
2219 682 2331 736 Καὶ
2375 679 2558 745 καθὼς
2603 681 2822 749 ἐγένετο
2861 683 2919 734 ἐν
2948 685 3071 745 ταῖς
3114 683 3348 753 ἡμέραις
3386 679 3484 737 τοῦ
3514 682 3649 746 Νῶε,

395 773 502 826 erit
553 779 607 826 et
667 771 855 825 diebus
887 769 1004 824 Filii
1069 771 1324 826 hominis.
1379 770 1646 839 Edebant,
1703 772 1978 842 bibebant,

397 875 598 916 umres
619 861 912 928 ducebant,
947 871 1000 916 et
1029 860 1297 916 dabantur
1319 871 1542 931 nuptum
1569 863 1633 916 ad
1663 877 1785 917 eum
1811 879 1981 935 usque

395 953 566 1018 diem,
597 969 706 1022 quo
740 951 855 1007 Noe
912 953 964 1006 in
1010 968 1194 1008 arcam
1238 953 1462 1008 intravit
1499 963 1597 1009 :ct
1646 955 1791 1009 venit
1843 955 1982 1010 dilu-

401 1047 570 1109 vium,
616 1055 672 1101 et
709 1046 947 1116 perdidit
978 1060 1186 1102 omnes.
1224 1045 1598 1102 Consimiliter
1632 1049 1794 1104 etiam
1838 1051 1980 1104 sicut

399 1140 599 1193 accidit
627 1141 681 1193 in
716 1139 904 1194 diebus
933 1136 1052 1192 Lot.
1088 1137 1352 1204 Edebant,
1381 1139 1658 1205 bibebant,
1703 1145 1975 1208 emebant,

403 1231 731 1296 vendebant,
783 1230 1118 1300 piantabant,
1153 1230 1497 1284 aedificabant
1529 1249 1544 1286 :
1575 1241 1830 1287 caeterum
1871 1249 1979 1303 quo

398 1323 483 1378 die
513 1323 645 1377 exiit
671 1321 774 1378 Lot
805 1337 838 1377 e
881 1321 1135 1378 Sodomis
1188 1322 1323 1390 pluit
1355 1321 1464 1392 igni
1515 1333 1572 1378 et
1617 1325 1876 1395 sulphure
1913 1328 1979 1381 de

397 1416 554 1480 caelo,
593 1426 648 1471 et
691 1430 880 1471 omnes
933 1415 1188 1486 perdidit.
1229 1413 1533 1470 Secundum
1567 1416 1682 1472 haec
1711 1417 1818 1472 erit
1861 1418 1978 1473 dies

398 1523 505 1577 quo
548 1506 721 1563 Filius
776 1507 1012 1563 hominis
1047 1507 1392 1563 revelabitur.
1439 1525 1457 1557 ι
1505 1507 1572 1562 Et
1617 1523 1710 1578 per
1745 1511 1857 1565 haec
1893 1525 1980 1565 re-

399 1605 675 1672 pentinum
713 1613 767 1657 et
797 1603 1226 1671 inexspectatum
1274 1618 1431 1658 suum
1464 1604 1751 1658 adventum
1798 1612 1977 1660 osten-

398 1697 496 1748 dit.
533 1693 663 1747 Nam
693 1693 832 1748 sicut
865 1693 1202 1764 temporibus
1248 1691 1363 1748 Noe
1395 1704 1617 1764 repente
1647 1695 1795 1749 venit
1843 1695 1980 1750 dilu-

397 1787 565 1850 vium,
599 1796 656 1841 et
692 1785 913 1841 abstulit
943 1801 1138 1842 omnes
1169 1827 1185 1852 ,
1217 1787 1292 1842 ita
1323 1787 1429 1842 erit
1458 1797 1512 1842 et
1536 1788 1798 1843 adventus
1837 1786 1974 1856 ejus.

398 1880 709 1932 lnsinuatur
747 1886 925 1933 autem
983 1894 1079 1949 per
1112 1879 1359 1949 exempla
1400 1879 1515 1934 haec
1561 1880 1746 1935 diluvii
1790 1891 1844 1936 et
1876 1881 1978 1935 So-

398 1972 644 2028 domitici
698 1972 952 2037 incendii,
985 1973 1156 2041 quod,
1186 1988 1308 2027 cum
1343 1973 1557 2028 venerit
1587 1974 1975 2040 Antichristus,

2081 775 2252 839 οὕτως
2289 774 2442 828 ἐσται
2491 773 2583 827 καὶ
2614 773 2673 826 ἐν
2702 775 2822 836 ταῖς
2853 774 3091 844 ἡμέραις
3133 773 3226 827 τοῦ
3257 773 3390 826 Υίοῦ
3437 773 3532 825 τοῦ
3563 776 3650 826 ἀν.

2083 867 2302 938 θρώπου
2323 882 2338 897 ο
2369 866 2556 936 ἡσθιον
2594 865 2690 918 καὶ
2737 862 2940 928 ἔπινον,
2975 864 3215 934 ἐγάμουν
3278 867 3373 917 καὶ
3409 863 3655 932 ἐξεγαμί-

2081 957 2258 1023 ζοντο,
2291 957 2421 1027 ἄχρι
2453 951 2522 1028 ἦς
2551 955 2766 1027 ἡμέρας
2819 955 3037 1026 εἰσῆλθε
3080 954 3205 1009 Νῶε
3243 957 3323 1019 εἰς
3350 956 3454 1026 τὴν
3499 956 3655 1009 κιϐω-

2079 1050 2198 1117 τὸν,
2229 1050 2326 1102 καὶ
2354 1045 2516 1120 ἦλθεν
2543 1051 2572 1102 6
2601 1047 3007 1118 κατακλυσμὸς,
3045 1047 3139 1100 καὶ
3173 1047 3458 1102 ἀπώλεσεν
3489 1045 3652 1101 ἀπαν-

2079 1159 2199 1206 τας.
2239 1140 2473 1210 Ὁμοίως
2501 1141 2595 1194 καὶ
2625 1140 2703 1202 ὡς
2736 1139 2954 1208 ἐγένετο
2983 1141 3041 1192 ἐν
3092 1142 3213 1203 ταῖς
3245 1141 3488 1211 ἡμέραις
3516 1139 3651 1204 Λὼτ,

2080 1234 2291 1306 ἡσθιον,
2334 1233 2541 1297 ἔπινον,
2569 1233 2862 1302 ἠγόραζον,
2897 1230 3161 1295 ἐπώλουν,
3199 1232 3491 1301 ἐφύτευον,
3524 1230 3654 1303 ᾠκο-

2079 1324 2297 1393 δόμουν,
2414 1323 2470 1376 δέ
2499 1322 2684 1394 ἡμέρᾳ
2729 1321 2921 1391 ἐξῆλθε
2952 1319 3078 1374 Λὼτ
3114 1321 3223 1376 ἀπὸ
3266 1321 3543 1388 Σοδόμων,
3569 1322 3655 1373 καὶ

2081 1411 2268 1483 ἔϐρεξε
2299 1411 2410 1482 πῦρ
2475 1412 2572 1465 καὶ
2621 1410 2761 1465 θεῖον
2807 1410 2904 1464 ἀπ’
2943 1411 3196 1483 οὐρανοῦ,
3242 1411 3339 1464 καὶ
3381 1409 3654 1464 ἀπώλεσεν

2080 1505 2347 1568 ἅπαντας.
2377 1502 2537 1558 Κατά
2558 1503 2732 1557 ταῦτα
2768 1503 2922 1558 ἐσται
3017 1505 3202 1575 ἡμέρα
3227 1506 3256 1557 6
3285 1503 3416 1566 Υίδς
3447 1502 3543 1556 τοῦ
3573 1504 3653 1556 ἀν-

2083 1595 2300 1667 θρώπου
2337 1595 2800 1651 ἀποκαλύπτεται.
2838 1615 2855 1648 ί
2889 1597 3001 1650 Καὶ⁸
3028 1595 3117 1650 διὰ
3142 1595 3352 1650 τούτων
3381 1597 3444 1648 τὸ
3484 1595 3654 1664 αἰφνί-

2079 1688 2192 1741 διον
2262 1688 2358 1742 καὶ
2407 1687 2818 1759 ἀπροσδόκητον
2867 1689 2968 1758 τῆς
3018 1689 3183 1743 αὐτοῦ
3231 1689 3539 1760 παρουσίας
3575 1691 3654 1742 ἐν·

2079 1781 2372 1836 δείκνυται.
2402 1781 2614 1851 Ὠσπερ
2639 1781 2749 1850 γὰρ
2781 1779 2877 1832 ἐπὶ
2907 1779 3002 1836 τοῦ
3043 1780 3167 1834 Νῶε
3197 1780 3463 1850 ἐξαίφνης
3503 1776 3655 1852 ἦλθεν

2079 1875 2108 1928 6
2137 1873 2546 1945 κατακλυσμὸς,
2586 1873 2682 1927 καὶ
2709 1869 2846 1946 ἦρεν
2875 1876 3142 1939 ἅπαντας,
3181 1875 3357 1937 οὕτως
3389 1875 3542 1929 ἔσται
3564 1877 3653 1929 καὶ

2079 1967 2113 2036 ἡ
2165 1964 2437 2036 παρουσία
2496 1964 2684 2019 αὐτοῦ.
2723 1964 3028 2019 Δίνίττεται
3069 1965 3126 2019 δὲ
3164 1964 3258 2019 διά
3312 1964 3420 2018 τῶν
3454 1965 3657 2018 ὑποδει-

398 2061 603 2116 ἱιιᾱρὶιαι
638 2061 940 2130 voluptates
975 2062 1028 2114 in
1067 2061 1377 2117 hominibus
1426 2063 1751 2130 increscent,
1785 2074 1838 2118 et
1867 2063 1978 2120 dis-

2083 2055 2305 2127 γμάτων
2333 2053 2565 2123 τούτων,
2590 2053 2687 2109 τοῦ
2735 2073 2795 2109 τε
2824 2055 2934 2108 τῶν
2981 2054 3124 2109 κατά
3154 2057 3244 2110 τὸν
3276 2056 3654 2126 κατακλυσμόν

397 2152 559 2207 soluti
612 2163 794 2218 erunt,
827 2151 1035 2207 deliciis
1076 2165 1331 2209 vacantes
1367 2171 1382 2210 :
1417 2154 1468 2210 id
1502 2157 1644 2226 quod
1673 2164 1728 2211 et
1752 2156 1982 2226 Aposto-

398 2244 484 2300 lus
535 2243 697 2310 dixit,
745 2246 886 2314 quod
922 2245 975 2298 in
1018 2249 1277 2304 extremis
1312 2248 1643 2319 temporibus
1677 2256 1838 2304 erunt
1872 2248 1976 2305 ho-

402 2335 580 2388 mines
637 2335 1000 2404 voluptatum,
1046 2335 1223 2405 magis
1269 2350 1432 2406 quam
1475 2335 1570 2392 Dei
1623 2348 1892 2394 amatores
1909 2338 1977 2394 “.

397 2427 465 2483 Et
497 2427 696 2482 merito
743 2429 794 2482 in
841 2442 1007 2498 regno
1041 2429 1344 2496 deceptoris
1372 2429 1639 2485 ﬂorebunt
1668 2429 1829 2485 mala.
1863 2429 1980 2487 Erit

398 2519 541 2574 enim
586 2519 678 2574 ille
714 2521 916 2589 peccati
957 2531 1012 2574 et
1062 2520 1284 2576 malitiae
1314 2521 1491 2576 omnis
1541 2523 1752 2577 sentina
1790 2539 1804 2577 :
1838 2523 1978 2578 unde

397 2628 558 2682 quam
607 2612 772 2666 aliam
807 2612 1047 2682 politian:
1095 2622 1150 2668 et
1191 2615 1353 2668 vitam
1387 2615 1606 2670 invehet
1654 2615 1978 2670 miseranda:

399 2715 524 2759 tunc
553 2705 835 2759 hominum
863 2705 1224 2772 generatioui,
1260 2722 1420 2776 quam
1451 2707 1673 2762 omnino
1701 2723 1821 2762 eam
1859 2722 1978 2777 qua:

397 2796 473 2850 illi
531 2797 789 2867 propria?
820 2813 888 2852 ex
923 2798 1136 2867 impuro
1181 2800 1327 2853 enim
1382 2800 1512 2870 quid
1564 2799 1979 2870 puriﬁcabitur?

396 2892 571 2945 Erunt
606 2901 734 2946 tunc
767 2891 1015 2947 homines
1046 2893 1098 2946 in
1125 2893 1380 2948 omnibus
1412 2893 1642 2961 deliciis,
1669 2894 1811 2949 sicut
1841 2904 1980 2950 tem-

395 2983 621 3052 poribus
651 2983 784 3050 Noe,
813 2993 866 3039 et
895 2985 1026 3038 nihil
1053 3001 1216 3055 grave
1249 2984 1614 3042 fortnidabunt
1641 3004 1656 3041 :
1684 2987 1778 3042 sed
1801 3001 1976 3058 neque

396 3077 622 3130 credent
659 3078 702 3132 si
733 3076 859 3148 quis
891 3077 998 3133 illis
1029 3078 1097 3132 de
1127 3078 1446 3147 quibusdam
1481 3079 1724 3135 adversis
1755 3089 1978 3134 eventu-

399 3169 474 3222 ris
519 3169 685 3235 dicet,
737 3171 878 3225 sicut
929 3178 985 3225 et
1039 3169 1091 3225 bi
1123 3170 1213 3240 qni
1265 3171 1604 3243 temporibus
1649 3169 1764 3226 Noe
1793 3179 1848 3227 et
1877 3169 1980 3226 Lot

397 3260 636 3314 fuerunt.

2081 2149 2405 2221 ἀνθρώπων,
2439 2150 2536 2204 καὶ
2576 2147 2673 2204 τοῦ
2718 2149 2828 2204 τῶν
2861 2149 3193 2220 Σοδομιτῶν,
3231 2151 3315 2204 ὅτι
3341 2149 3442 2203 τοῦ
3488 2151 3653 2202 Ἀντι-

2080 2242 2302 2314 χρίστου
2344 2240 2614 2306 ἐλθόντος,
2649 2240 2718 2295 τά
2747 2240 2858 2295 τῶν
2886 2241 3104 2297 ἀτόπων
3141 2241 3345 2313 ἡδονῶν
3375 2241 3653 2312 ἐπιθήσον-

2079 2353 2170 2390 ται
2192 2337 2303 2400 τοῖς
2329 2334 2659 2405 ἀνθρώποις,
2683 2334 2780 2390 καὶ
2800 2334 2989 2404 λάγνοι
3013 2335 3247 2400 ἔσονται,
3283 2335 3379 2390 καὶ
3399 2335 3652 2406 ἀθέσμοις

2077 2428 2294 2501 ἡδοναῖς
2320 2428 2700 2495 ἐκδεδωκότες,
2719 2428 2854 2500 ὅπερ
2883 2427 2948 2499 δὴ
2976 2429 3072 2482 καὶ
3094 2430 3122 2482 6
3145 2428 3475 2492 ’Δπόστολος
3486 2423 3649 2492 εἶπεν,

2078 2524 2162 2578 ὅτι
2201 2523 2259 2574 ἐν
2307 2522 2430 2586 ταῖς
2476 2521 2732 2592 ἐσχάταις
2770 2519 3008 2592 ἡμέραις
3041 2519 3254 2574 ἔσονται
3288 2521 3337 2574 oi
3384 2519 3650 2590 ἀνθρωττοι

2078 2613 2352 2686 φιλήδονοι
2403 2613 2628 2684 μᾶλλον,
2679 2612 2714 2684 ἡ
2749 2612 3019 2684 φιλόθεοιο
3056 2613 3151 2666 καὶ
3192 2613 3416 2675 εἰκότως
3439 2612 3535 2664 ἐπὶ
3563 2611 3651 2681 τῆς

2080 2705 2358 2778 βασιλείας
2396 2704 2488 2759 τοῦ
2515 2703 2716 2760 πλάνου
2753 2703 2975 2775 ἀνθήσει
3005 2703 3075 2756 τά
3106 2703 3275 2758 κακά·
3307 2704 3408 2774 τῆς
3433 2703 3547 2774 γὰρ
3566 2719 3652 2756 ποι

2077 2799 2273 2872 νηρίας
2306 2798 2404 2852 καὶ
2450 2797 2629 2869 πάσης
2654 2796 2930 2868 ἁμαρτίας
2959 2795 3304 2865 καταγώγιον
3330 2794 3405 2849 ὢν
3429 2797 3647 2861 ἐκεῖνος,

2078 2893 2131 2948 τί
2166 2894 2294 2946 ἄλλο
2322 2889 2779 2964 ἐμπολιτεύεσθαι
2801 2891 3046 2960 ποιήσειε
3071 2891 3138 2961 τῇ
3170 2889 3378 2960 ἐλεεινῇ
3407 2889 3520 2942 τῶν
3541 2889 3648 2941 τότε

2083 2981 2387 3056 ἀνθρώπων
2436 2984 2620 3055 γενεᾷ,
2677 2982 2710 3053 ἣ
2757 2983 2974 3046 πάντως
3015 2981 3085 3034 τὰ
3146 2982 3324 3034 οἰκεῖα
3367 2979 3548 3050 αὕτῷ;
3596 2979 3650 3043 ἐξ

2084 3077 2397 3149 ἀκαθάρτου
2466 3078 2574 3147 γὰρ
2625 3075 2678 3130 τί
2717 3075 3213 3148 καθαρισθὴσεταις
3268 3075 3524 3129 Ἔσονται
3564 3072 3649 3126 οὕν

2083 3169 2387 3241 τηνικαῦτα
2424 3169 2474 3222 οι
2505 3168 2783 3239 ἄνθρωποι
2819 3169 2877 3221 ἐν
2907 3167 3055 3240 πάσῃ
3095 3167 3299 3238 τρυφῇ,
3351 3163 3540 3234 ὥσπερ
3565 3165 3649 3216 ἐπὶ

2085 3260 2180 3316 τοῦ
2215 3260 2362 3326 Νῶε,
2403 3260 2499 3314 καὶ
2524 3259 2676 3313 οὐδὲν
2721 3261 2981 3332 δυσχερὲς
3016 3259 3350 3322 ἐλπίσουσιν,
3383 3258 3520 3312 ἀλλά
3564 3261 3649 3312 καὶ

393 3356 809 3424 ἀπιστήσουσιν,
835 3355 930 3409 ἐάν
953 3371 1037 3418 τις
1059 3355 1244 3419 αὐτοῖς
1268 3355 1396 3426 περί
1435 3372 1597 3410 τινων
1620 3355 2055 3427 συμϐησομένων
2085 3353 2366 3426 δυσχερῶν
2423 3352 2579 3425 λέγῃ,
2610 3353 2800 3425 ὥσπερ
2832 3354 2928 3406 καὶ
2960 3354 3009 3406 οἰ
3039 3351 3134 3404 ἐπὶ
3174 3351 3271 3406 τοῦ
3337 3350 3462 3404 Νῶε
3487 3392 3503 3418 ,
3563 3349 3649 3406 καὶ

394 3446 447 3498 οἱ
474 3447 564 3498 ἐπὶ
594 3445 689 3498 τοῦ
712 3443 858 3500 Λώτ.

475 3538 638 3593 Vsus.
675 3539 870 3592 51-55.
910 3555 928 3588 ι
969 3539 1024 3592 In
1055 3538 1146 3593 illo
1178 3539 1265 3593 die
1296 3537 1386 3609 qui
1420 3537 1584 3594 fuerit
1618 3539 1672 3593 in
1700 3546 1876 3605 tecto,
1926 3547 1980 3594 et

2159 3555 2180 3591 ι
2225 3536 2313 3591 Ἐν
2341 3535 2528 3607 εκείνη
2549 3537 2615 3607 τῇ
2648 3534 2831 3608 ἡμέρᾳ
2860 3534 2918 3600 ὃς
2955 3532 3109 3589 ἔσται
3141 3533 3232 3588 ἐπὶ
3261 3532 3354 3590 τοῦ
3388 3533 3645 3606 δώματος.

396 3645 524 3685 Vasa
563 3628 682 3699 ejus
743 3631 796 3684 in
869 3632 1052 3697 domo,
1106 3645 1173 3686 ne
1219 3632 1510 3686 descendat
1561 3631 1628 3686 ad
1690 3631 1984 3686 tollendum

400 3728 492 3781 illa
524 3744 536 3780 :
568 3736 622 3782 et
651 3728 742 3798 qui
774 3727 830 3780 in
863 3742 1016 3798 agro,
1044 3727 1294 3783 similiter
1319 3743 1430 3782 non
1463 3728 1647 3782 redeat
1674 3728 1740 3782 ad
1771 3727 1982 3784 relicta.

399 3818 668 3875 Memores
722 3828 897 3875 estote
943 3820 1132 3875 uxoris
1187 3817 1311 3874 Lot.
1348 3817 1672 3890 Quicunque
1710 3819 1987 3890 quaesierit

399 3911 635 3964 animam
673 3925 830 3968 suam
862 3925 1102 3975 servare,
1141 3910 1330 3981 perdet
1357 3910 1500 3964 illam
1542 3927 1557 3964 :
1591 3918 1648 3965 et
1674 3909 1984 3980 quicunque

401 4003 705 4072 perdiderit
758 4002 927 4068 illam,
985 4003 1150 4056 vitam
1207 4001 1284 4056 illi
1320 4001 1553 4071 parabit.
1597 4016 1616 4052 ι
1647 3999 1705 4054 in
1749 4000 1841 4055 illa
1897 3999 1984 4054 die

399 4095 664 4148 adventus
705 4092 1050 4156 Antichristi,
1110 4092 1158 4146 is
1200 4093 1290 4161 qui
1342 4091 1506 4147 fuerit
1558 4105 1722 4160 super
1753 4097 1982 4156 tectum,

402 4184 504 4239 hoc
557 4195 640 4240 est
684 4186 738 4239 in
771 4186 999 4240 summis
1022 4185 1333 4252 virtutibus,
1369 4199 1437 4239 ne
1467 4184 1781 4249 descendat,
1805 4195 1984 4252 neque

399 4277 608 4334 abillis
657 4278 892 4334 desistat
943 4278 1241 4348 cuiuspiam
1298 4277 1616 4345 temporalis
1670 4277 1747 4332 rei
1783 4277 1982 4360 gratia:

402 4369 595 4427 Omnia
628 4371 772 4425 enim
809 4370 1123 4441 temporalia
1164 4371 1281 4426 lucc
1323 4385 1453 4426 vasa
1490 4371 1746 4426 dicuntur
1779 4363 1983 4425 hominI

399 4461 762 4528 conferentia,
814 4462 902 4517 alii
949 4463 1165 4532 quidem
1205 4463 1272 4517 ad
1303 4462 1582 4527 virtutem,
1627 4461 1716 4515 alii
1755 4475 1884 4515 vero
1914 4461 1982 4516 ad

403 4554 689 4610 malitiam.
755 4555 918 4623 Igitur
950 4555 1044 4625 qui
1086 4554 1138 4608 in
1171 4553 1400 4609 summis
1435 4563 1520 4609 est
1567 4552 1882 4619 virtutibus,
1913 4566 1984 4609 ne

399 4643 566 4722 530
607 4644 902 4698 descendat
946 4652 1164 4714 propter
1195 4643 1496 4714 temporale
1536 4642 1775 4712 aliquod,
1803 4653 1856 4696 et
1887 4657 1985 4698 ex-

400 4734 545 4783 cidat
573 4746 602 4782 a
649 4744 746 4782 suo
796 4727 1013 4798 fastigio
1042 4768 1058 4794 ,
1095 4727 1189 4782 sed
1238 4730 1455 4782 resistat
1505 4727 1745 4792 malitiae,
1780 4736 1838 4782 et
1875 4741 1979 4782 non

401 4821 788 4876 demulceatnr.
822 4821 887 4874 Et
919 4822 964 4875 is
989 4820 1080 4890 qui
1116 4821 1169 4875 in
1196 4835 1349 4890 agro,
1377 4820 1630 4876 similiter
1655 4835 1769 4876 non
1797 4835 1979 4877 rever-

404 4921 548 4965 tatur
573 4894 727 4966 ad'ea
755 4927 874 4980 quae
899 4884 1023 4982 post
1056 4925 1134 4966 se;
1169 4884 1301 4964 Na—m
1331 4884 1477 4978 eum,
1506 4911 1599 4982 qui
1629 4911 1685 4967 in
1716 4927 1846 4981 agro
1872 4921 1976 4978 est,
2012 4884 2057 4940 D

403 5004 505 5060 hoc
535 5011 620 5059 est
661 5007 882 5069 mundo,
918 5015 974 5059 et
1001 5015 1260 5074 operatur
1317 5006 1598 5068 virtutem,
1630 5019 1734 5059 non
1766 5013 1984 5074 oportet

402 5095 598 5150 reverti
642 5095 709 5151 ad
736 5111 798 5150 ea
823 5111 943 5166 qua:
975 5106 1094 5165 post
1128 5111 1208 5163 se,
1235 5097 1328 5151 sed
1381 5095 1560 5166 urgeri
1590 5096 1657 5150 ad
1688 5096 1979 5151 anteriora.

398 5181 534 5236 Nam
590 5183 730 5238 sicut
787 5184 895 5240 alio
948 5185 1067 5240 loco
1117 5187 1293 5240 dicit:
1328 5203 1347 5238 ι
1382 5183 1573 5241 Nullus
1617 5186 1709 5255 qui
1764 5199 1982 5240 manum

401 5290 553 5328 suam
578 5275 643 5327 ad
678 5285 918 5330 aratrum
945 5279 1131 5343 mittit,
1156 5287 1208 5332 et
1233 5293 1531 5334 conversus
1552 5287 1636 5333 est
1659 5288 1977 5344 retrorsum,

401 5367 624 5422 idoneus
653 5375 736 5422 est
778 5370 844 5422 ad
903 5385 1126 5440 regnum
1151 5370 1412 5426 cmiorum
1445 5370 1536 5437 ‘7;
1577 5388 1596 5423 ι
1639 5369 1796 5426 aﬂ'crt
1854 5369 1980 5424 item

396 5465 702 5535 exemplum
737 5467 979 5522 mulieris
1007 5467 1126 5528 Lot.
1151 5484 1291 5538 quae,
1321 5486 1442 5526 cum
1472 5484 1734 5526 conversa
1773 5477 1857 5525 est
1893 5484 1982 5525 re-

401 5568 505 5626 tro,
531 5560 586 5614 in
618 5567 852 5614 statuam
902 5559 1035 5616 salis
1075 5562 1259 5633 riguit,
1311 5564 1414 5620 hoc
1468 5573 1572 5632 est,
1620 5579 1728 5623 non
1765 5565 1900 5623 exiit
1951 5581 1978 5620 a

473 5739 519 5771 ⁸⁸
557 5737 596 5793 Il
622 5738 763 5798 Tim.
788 5753 872 5808 tu,
895 5740 948 5797 4.
1024 5741 1070 5774 ⁸⁷
1147 5741 1276 5799 Luc.
1310 5760 1385 5811 ιι,
1413 5745 1501 5800 (52.

2084 3630 2180 3686 καὶ
2207 3628 2275 3683 τά
2299 3627 2474 3699 σκεύη
2501 3627 2668 3682 αὐτοῦ
2706 3629 2765 3682 ἐν
2793 3630 2858 3699 τῇ
2888 3626 3057 3698 οἰκίᾳ,
3095 3627 3171 3700 μὴ
3210 3627 3502 3682 καταϐάτω
3528 3623 3645 3698 ἆραι

2085 3721 2247 3776 αὐτά.
2283 3722 2391 3776 Καὶ
2422 3721 2450 3774 6
2488 3721 2546 3774 ἐν
2569 3719 2647 3792 τῷ
2675 3719 2830 3792 ἀγρῷ
2886 3720 3110 3790 ὁμοίως,
3167 3721 3244 3791 μὴ
3283 3720 3645 3790 ἐπιστρεψάτω

2085 3819 2167 3882 είς
2196 3817 2265 3870 τὰ
2296 3815 2498 3870 ὀπίσω.
2540 3812 2927 3885 Μνημονεύετε
2964 3817 3064 3886 τῆς
3091 3815 3350 3884 γυναικὸς
3389 3814 3528 3869 Λώτ.
3560 3817 3645 3879 Ὃς

2085 3907 2184 3962 ἐάν
2207 3907 2418 3979 ζητήσῃ
2444 3907 2542 3976 τὴν
2564 3905 2742 3977 ψυχὴν
2771 3905 2938 3960 αὑτοῦ
2968 3907 3159 3972 σῶσαι,
3187 3907 3440 3961 ἀπολέσει
3469 3909 3642 3977 αὐτὴν,

2085 4001 2180 4056 καὶ
2209 3999 2268 4064 ὃς
2293 3997 2360 4054 ἀν
2390 3998 2630 4070 ἀπολέσῃ
2661 3999 2854 4068 αὐτὴν,
2902 3999 3229 4068 ζωογονήσει
3272 4000 3463 4072 αὐτήν.
3509 4019 3527 4052 ›
3565 3999 3646 4053 Ἐν

2085 4092 2271 4165 ἐκείνῃ
2308 4093 2376 4162 τῇ
2407 4090 2590 4163 ἡμέρᾳ
2633 4089 2732 4160 τῆς
2759 4089 2854 4145 τοῦ
2901 4091 3271 4162 Ἀντιχρίστου
3306 4090 3594 4162 παρουσίας
3618 4092 3644 4142 6

2087 4185 2163 4240 ὢν
2190 4185 2286 4239 ἐπὶ
2307 4185 2402 4239 τοῦ
2427 4184 2701 4256 δώματος,
2724 4183 2970 4238 τουτέστι
3014 4186 3107 4238 τοῦ
3136 4184 3304 4255 ὕψους
3324 4185 3419 4256 τῆς
3439 4185 3644 4254 ἀρετῆς.

2091 4276 2168 4350 μὴ
2211 4276 2528 4340 καταϐάτω,
2578 4275 2712 4348 μηδέ
2736 4277 2993 4348 ὕφεθὴτω
3038 4277 3148 4332 ἀπὸ
3187 4277 3394 4348 ταύτης
3429 4277 3510 4331 διά
3533 4290 3644 4328 τινα

2089 4369 2366 4440 πρόφασιν
2405 4367 2689 4440 βιωτικὴν.
2733 4369 2919 4424 Πάντα
2945 4368 3055 4441 γάρ
3087 4369 3156 4422 τὰ.
3199 4367 3450 4438 βιωτικὰ,
3489 4365 3643 4437 σκεύη

2087 4465 2340 4533 λέγονται
2388 4459 2530 4519 εῖναι
2556 4464 2635 4535 τῷ
2683 4463 2978 4536 ἀνθρώπῳ,
3012 4465 3157 4537 ἄλλῳ
3189 4465 3290 4536 μὲν
3329 4465 3408 4529 είς
3439 4449 3642 4536 ἀρετὴν,

2087 4557 2234 4628 ἄλλῳ
2260 4557 2319 4611 δὲ
2372 4559 2451 4622 είς
2484 4557 2686 4612 κακίαν
2712 4558 3150 4629 συμϐαλλόμενα.
3188 4558 3280 4627 Μὴ
3305 4557 3480 4611 τοίνυν
3509 4557 3534 4609 6
3559 4555 3640 4608 ἐπὶ

2087 4648 2182 4702 τοῦ
2219 4648 2386 4719 ὕψους
2411 4648 2513 4720 τῆς
2553 4648 2757 4720 ἀρετῆς
2793 4648 3103 4720 ἱστάμενος,
3154 4648 3448 4703 καταϐάτω
3475 4645 3554 4700 διά
3595 4661 3642 4696 τι

2090 4740 2368 4812 βιωτικδν,
2427 4742 2522 4796 καὶ
2569 4741 2893 4796 ἀποπεσέτω
2951 4740 3047 4795 τοῦ
3089 4742 3292 4796 οἰκείου
3323 4741 3504 4811 ὕψους,
3540 4737 3640 4794 ἀλλ’

2087 4831 2332 4902 ἐνστήτω
2376 4831 2516 4900 πρὸς
2562 4831 2663 4903 τὴν
2715 4831 2940 4895 κακίαν,
2980 4831 3074 4886 καὶ
3115 4832 3191 4902 μὴ
3253 4831 3638 4902 μαλακισθὴτω.

2087 4922 2199 4978 Καὶ
2233 4921 2262 4974 6
2309 4924 2366 4976 ἐν
2407 4921 2485 4994 τῷ
2529 4922 2685 4994 ἀγρῷ
2727 4925 2928 4994 ὁμοίως
2983 4923 3058 4994 μὴ
3085 4924 3466 4995 ἐπιστρεψάτω
3491 4925 3561 4986 είς
3584 4921 3640 4975 τά

2086 5014 2287 5066 ὀπίσω⁴
2312 5015 2404 5066 τὸν
2437 5014 2546 5084 γὰρ
2561 5014 2620 5068 ἐν
2643 5015 2721 5086 τῷ
2756 5013 2932 5085 άγρῷ,
2961 5015 3038 5085 τῷ
3071 5017 3260 5086 κόσμῳ
3289 5015 3484 5086 τούτῳ,
3503 5016 3639 5083 ἐργα-

2100 5105 2322 5174 ζίμενον
2351 5104 2448 5174 τὴν
2476 5105 2674 5178 ἀρετὴν
2703 5106 2764 5159 οὕ
2792 5106 2873 5160 δεῖ
2895 5107 3244 5176 ἐπιστρέφειν
3268 5107 3351 5169 είς
3384 5107 3450 5160 τά
3469 5105 3640 5164 ὀπίσω,

2095 5196 2230 5251 ἀι.λά
2258 5200 2370 5262 τοῖς
2399 5197 2712 5269 ἔμπροσθεν
2745 5199 3180 5254 ἐπεκτείνεσθαι.
3214 5200 3428 5271 Ὠσπερ
3455 5199 3544 5254 καὶ
3568 5197 3641 5250 ἀλ-

2089 5290 2263 5362 λαχοῦ
2320 5308 2520 5361 φησιν’
2558 5309 2578 5343 ι
2619 5293 2806 5356 Οὐδεὶς
2842 5291 3117 5347 ἐπιϐαλὼν
3153 5294 3253 5364 τὴν
3297 5295 3456 5365 χεῖρα
3500 5287 3640 5345 αὑτοῦ

2089 5380 2174 5435 ἐπ’
2229 5381 2485 5454 ἄροτρον,
2531 5385 2626 5437 καὶ
2679 5387 2941 5456 στραφεὶς
2986 5388 3066 5449 είς
3112 5386 3181 5439 τά
3218 5385 3413 5452 ὀπίσω,
3451 5381 3644 5444 εὕθετός

2092 5477 2239 5529 ἐστιν
2270 5477 2350 5540 είς
2388 5476 2486 5548 τὴν
2541 5476 2820 5548 βασιλείαν
2864 5477 2973 5533 τῶν
3011 5479 3275 5550 οὐρανῶν.
3321 5497 3340 5531 ι
3389 5475 3642 5546 Ἐπιφέρει

2090 5567 2146 5620 δὲ
2183 5567 2490 5641 ὑπόδειγμα
2526 5569 2626 5641 τὴν
2667 5572 2901 5640 γυναῖκα
2957 5569 3050 5624 τοῦ
3096 5569 3240 5638 Λὼτ,
3291 5572 3326 5643 ἡ
3369 5568 3641 5639 στραφεῖσα
