3932 6456
204 359 319 426 997
399 319 406 330 ’

909 343 1354 412 ENARBATIO
1382 342 1465 404 IN
1506 339 2006 405 EVANGELIUM
2031 337 2275 400 ΗΕΒ.
2303 363 2372 376 -
2399 337 2564 400 CAP.
2588 335 2783 401 XVII.

3359 336 3468 402 998

198 472 402 532 ὀπίσω,
432 465 512 528 είς
560 462 766 534 στήλην
809 459 936 523 ἁλὸς
979 439 1191 529 ἐπάγη,
1237 455 1508 521 τουτέστι,
1547 451 1622 523 μὴ
1655 450 1796 516 ἐξελ-

1902 446 2124 518 inalitia,
2184 449 2279 506 sed
2335 450 2534 505 mansit
2593 451 2646 504 in
2692 447 2970 520 salsugine
2992 462 3111 514 sua,
3164 454 3274 504 tota
3329 449 3469 507 facta

201 563 378 617 θοῦσα
415 561 512 629 τῆς
547 555 771 619 κακίας,
806 552 1130 623 ἐναπέμεινε
1173 552 1236 619 τῇ
1287 548 1492 616 ταύτης
1521 544 1785 616 άλμυρίᾳ,

197 657 300 726 ὅλη
332 652 477 723 κακὴ
506 648 797 720 γενομένη,
830 647 924 700 καὶ
957 641 1348 712 στηλιτεύουσα
1377 637 1475 706 τὴν
1501 638 1694 708 ἧτταν,
1720 634 1789 705 ἥν

200 747 397 811 ἔπαθε,
434 745 671 812 παγεῖσα
719 740 816 793 καί⁸
855 735 1264 806 ἐναπομείνασα
1306 734 1372 803 τῇ
1419 731 1607 800 κακίᾳ.
1652 725 1788 781 Εἶτα

201 836 540 910 ἐπιφέρει.τά
566 831 837 888 ἀκόλουθα
853 831 964 892 τοῖς
993 829 1104 883 ἄνω
1128 824 1458 896 εἰρημένοις,
1500 821 1598 884 ’⁵ος
1629 818 1790 890 ζητή-

204 949 292 985 σει
319 932 417 999 τήν
441 928 619 999 ψυχὴν
645 923 810 978 αὑτοῦ
838 924 1031 985 σῶσαι,
1057 919 1312 972 ἀπολέσει
1335 915 1526 985 αὐτήν.
1545 913 1636 984 Μὴ
1657 913 1786 984 γάρ,

203 1023 364 1093 φησὶ,
403 1017 762 1074 σπουδασάτω
811 1032 896 1079 τις
928 1015 987 1066 ἐν
1015 1012 1092 1082 τῷ
1119 1009 1214 1064 τοῦ
1255 1007 1628 1078 Ἀντιχρίστου
1660 1006 1788 1059 διω-

201 1115 334 1186 γμῴ
376 1108 838 1182 περιποιήσασθαι
886 1106 988 1176 τὴν
1035 1101 1228 1158 ἑαυτοῦ
1276 1099 1456 1171 ψυχήν
1482 1117 1495 1130 ·
1532 1096 1788 1152 ἀπολέσει

203 1208 313 1279 γὰρ
349 1207 539 1274 αὐτήν.
578 1204 674 1264 Ὃς
713 1200 760 1253 δ’
817 1199 883 1252 ἂν
937 1197 1128 1251 ἑαυτὸν
1180 1195 1412 1263 σφαγαῖς
1467 1190 1561 1244 καὶ
1601 1190 1788 1251 ἁπλῶς

203 1298 478 1360 κινδύνοις
523 1293 686 1364 ἐκδῷ,
740 1291 1069 1361 σωθήσεται,
1114 1287 1188 1357 μὴ
1223 1284 1554 1339 ὑποκύπτων
1592 1281 1671 1351 τῷ
1699 1296 1789 1333 τυ-

206 1391 390 1462 ράννῳ
435 1387 522 1441 διὰ
549 1386 609 1438 τὺ
639 1383 920 1454 φιλόζωον.
951 1381 1163 1450 Ὠσπερ
1195 1372 1288 1430 οὖν
1318 1375 1576 1444 ἀνωτέρω
1611 1367 1786 1434 εἶπεν,

203 1483 290 1536 ὅτι
325 1483 353 1535 6
383 1481 475 1533 ἐπὶ
515 1476 608 1533 τοῦ
656 1476 823 1546 ὕψους
851 1473 952 1542 τῆς
978 1471 1202 1542 ἀρετῆς,
1233 1469 1308 1540 μὴ
1347 1469 1435 1522 διὰ
1463 1466 1531 1519 τά
1559 1463 1789 1536 βιωτικὰ

207 1573 517 1644 πράγματα
545 1566 839 1638 καταδήτω
873 1560 1306 1636 μαλακιζόμενος
1334 1558 1494 1630 τυχὸν
1530 1557 1620 1610 διὰ
1652 1556 1788 1626 κτή-

211 1684 360 1738 ματα
402 1665 495 1718 καὶ
537 1663 815 1734 χρήματα,
861 1659 955 1712 καὶ
1003 1656 1091 1710 διά
1121 1653 1296 1709 ταῦτα
1351 1653 1642 1722 ὑφιέμενος
1687 1650 1786 1720 τῆς

207 1757 538 1820 ἐνστάσεως,
585 1752 727 1806 οὕτω
757 1751 854 1804 καὶ
888 1748 984 1802 νῦν
1019 1746 1122 1818 ὁδῷ
1155 1743 1360 1817 προϊών
1392 1759 1548 1813 φησι,
1585 1742 1682 1795 καὶ
1733 1738 1787 1792 τί

1891 541 2052 606 mala,
2087 555 2152 596 ac
2182 540 2397 595 celebre
2432 540 2634 596 faciens
2673 549 2727 596 et
2759 541 2912 610 quasi
2975 541 3242 596 columna;
3273 542 3470 598 inscri-

1891 635 2022 688 bens
2075 633 2274 688 malum
2307 633 2449 702 qunti
2487 646 2642 700 passa
2673 641 2755 686 est
2791 651 2804 687 :
2835 634 3106 688 obstinata
3137 635 3282 689 enim
3314 650 3470 689 manv

1889 727 1961 782 sit
1987 727 2038 780 in
2073 726 2276 781 malitia
2304 741 2422 780 sua.
2459 724 2662 779 Deinde
2698 724 2856 780 all'ert
2891 741 2952 780 ea
2988 741 3107 795 quae
3152 728 3218 782 ad
3273 743 3467 798 supra-

1889 819 2028 874 dicta
2054 830 2393 890 sequuntur:
2418 818 2740 887 Quicunque
2758 819 3033 887 quaesierit
3058 821 3295 876 animam
3315 829 3468 877 s'uam

1889 906 2122 970 salvare,
2161 907 2348 976 perdet
2377 922 2517 960 eam.
2553 907 2672 962 Non
2701 891 2906 974 quaerat
2933 907 3150 978 aliquis,
3181 910 3374 980 inquit,
3414 912 3466 964 in

1887 1001 2206 1054 Antichristi
2260 1001 2641 1068 persecutione
2705 1001 2938 1054 animam
2999 987 3153 1056 su‘am
3215 1003 3469 1058 saivare:

1886 1094 2076 1163 perdet
2106 1094 2251 1147 enim
2301 1109 2444 1147 eam.
2487 1094 2558 1147 At
2607 1093 2696 1162 qui
2734 1109 2793 1148 se
2838 1094 3093 1148 occisioni
3130 1105 3184 1151 et
3218 1097 3472 1166 periculis

1888 1186 2224 1255 exposuerit,
2273 1176 2594 1240 salvabitur.
2629 1185 2708 1240 Ne
2759 1187 2924 1256 igitur
2969 1199 3028 1240 se
3083 1187 3329 1242 bumiliet
3385 1197 3474 1259 ty-

1889 1292 2063 1332 ranno
2113 1288 2332 1347 propter
2378 1277 2505 1332 vitas
2555 1291 2818 1331 amorem.
2873 1277 3083 1347 Quippe
3135 1279 3272 1332 sicut
3307 1293 3469 1347 supra

1889 1369 2046 1435 dixit,
2081 1367 2182 1434 Qui
2212 1378 2295 1422 est
2324 1366 2376 1421 in
2427 1366 2644 1437 fastigio
2687 1367 2923 1431 virtutis,
2958 1376 3176 1437 propter
3223 1361 3310 1422 re's
3337 1376 3472 1422 tem-

1891 1459 2106 1528 porales
2158 1474 2225 1514 ne
2280 1460 2619 1522 descendat,
2663 1458 2868 1513 divitiis
2929 1466 2982 1511 ct
3043 1458 3475 1528 possessionibus

1890 1552 2168 1617 delinitus,
2200 1560 2255 1606 et
2302 1561 2588 1620 propterea
2619 1551 2773 1606 cedat
2805 1550 3058 1620 periculis
3096 1568 3109 1605 :
3143 1552 3220 1606 sic
3245 1559 3301 1606 et
3329 1565 3472 1605 nunc

1890 1643 2118 1698 ulterius
2179 1642 2532 1712 progrediens
2589 1640 2752 1705 dicit,
2802 1640 2944 1703 dico,
3011 1655 3114 1694 non
3179 1639 3476 1694 descendas

1891 1745 2112 1806 pr0pter
2151 1749 2299 1799 vasa,
2358 1749 2533 1806 neque
2559 1743 2778 1804 propter
2815 1742 3037 1787 externa
3071 1732 3329 1786 virtutem
3384 1731 3476 1784 de-

206 1849 357 1918 λέγω
382 1849 466 1901 ὅτι
597 1843 881 1914 καταϐήσῃ
913 1840 1001 1895 διὰ
1029 1813 1234 1909 σκτεύηνς
1273 1835 1406 1908 μηδὲ
1427 1835 1513 1889 διὰ
1536 1835 1603 1888 τὰ
1630 1833 1788 1896 ἐκτὸς

1902 1847 2047 1886 seras
2074 1871 2090 1897 ,
2123 1847 2298 1900 neque
2339 1840 2555 1901 propter
2590 1831 2781 1886 anima:
2809 1830 3014 1885 luerunt
3045 1845 3275 1895 annuas,
3306 1839 3364 1882 ut
3393 1831 3478 1882 itt-

210 1945 434 2015 προήση
474 1941 574 2010 τὴν
615 1939 837 2009 ἀρετὴν,
877 1935 1012 2006 μηδέ
1055 1933 1124 1986 δι’
1151 1930 1321 2001 αὐτὴν
1359 1928 1456 2000 τὴν
1484 1928 1584 1997 τῆς
1614 1927 1792 1997 ψυχῆς

211 2031 566 2103 περιποίησιν
591 2029 718 2100 δέξῃ
738 2023 1099 2090 ὑποκλιθῆναι
1129 2020 1207 2091 τῷ
1229 2019 1414 2088 πλάνῳ
1435 2018 1528 2071 καὶ
1566 2015 1789 2086 διώκτῃ.

211 2122 406 2176 Ταῦτα
455 2121 511 2173 δέ
540 2122 567 2173 6
598 2118 871 2180 Ματθαῖος
917 2115 1098 2168 πάντα
1145 2111 1234 2165 διὰ
1279 2110 1375 2181 τὴν
1407 2108 1516 2162 τῶν
1560 2109 1792 2178 Ἱεροσο-

211 2215 406 2286 λύμων
455 2211 654 2266 ᾰλωσιν
696 2209 954 2281 λεχθῆναι
998 2204 1076 2276 τῷ
1108 2204 1296 2275 Κυρίῳ
1327 2203 1514 2275 φησὶν,
1560 2202 1793 2255 αἰνιττο-

217 2309 368 2380 μένῳ
386 2304 482 2376 τὴν
503 2303 609 2356 τῶν
632 2301 846 2372 ἐχθρῶν
869 2300 1133 2364 ἐπίθεσιν,
1160 2299 1254 2350 καὶ
1275 2296 1360 2348 ὅτι
1383 2290 1799 2364 ἀμεταστρεπτὶ

214 2399 447 2470 φεύγειν
489 2397 571 2449 δεῖ
605 2396 733 2457 τοὺς
776 2391 1078 2464 Ῥωμαίους
1112 2389 1389 2452 ἐπιόντας,
1423 2385 1519 2444 καὶ
1568 2385 1706 2455 μήτε
1743 2384 1800 2436 ἐν

214 2492 296 2562 τῷ
323 2490 532 2559 δώματι.
557 2487 738 2554 δντας,
768 2485 1114 2542 καταϐαίνειν
1163 2484 1242 2544 είς
1284 2479 1381 2551 τὴν
1409 2478 1587 2532 οἰκίαν
1615 2476 1704 2530 διά
1748 2492 1800 2529 τι

215 2582 499 2654 χρειῶδες,
533 2581 650 2634 ἀλλ’
678 2580 842 2643 εὐθὺς
873 2577 1098 2648 φεύγειν
1124 2593 1138 2608 ο
1191 2575 1254 2629 οὐ
1303 2573 1411 2645 γάρ
1461 2574 1578 2624 ἐστι
1609 2568 1801 2640 καιρὸς

219 2675 444 2744 σχολῆς,
490 2672 632 2726 ὥστε
664 2667 1115 2732 συσκευάζεσθαι,
1152 2665 1291 2739 μήτε
1338 2667 1395 2717 ἐν
1431 2663 1584 2732 ἀγρῴ
1616 2661 1798 2723 ὄντας,

221 2765 550 2837 στρέφεσθαι
585 2765 664 2828 είς
691 2762 788 2834 τὴν
821 2761 998 2815 οἰκίαν
1024 2775 1038 2789 ·
1071 2758 1282 2812 καὶτὸν
1334 2755 1392 2808 ἐν
1420 2758 1486 2826 τῇ
1517 2753 1666 2823 οίκίᾳ
1690 2752 1798 2823 γάρ

218 2857 354 2910 δντα
410 2855 630 2926 φεύγειν
679 2855 780 2909 δεῖ.
820 2853 987 2906 Ούδέν
1019 2851 1076 2904 δὲ
1124 2849 1437 2920 θαυμαστὸν
1481 2845 1578 2900 καὶ
1641 2847 1699 2899 ἐν
1731 2845 1797 2914 τῇ

223 2947 428 3002 ἁλώσει
457 2947 565 3000 τῶν
607 2943 997 3017 Ἱεροσολύμων
1022 2941 1196 2995 ταῦτα
1226 2938 1526 3008 γεγονέναι,
1552 2935 1647 2990 καὶ⁹
1672 2935 1803 3005 μέλ·-

221 3040 341 3093 λειν
371 3036 524 3104 αὖθις
572 3036 902 3109 γενήσεσθαι
953 3037 1012 3090 ἐν
1049 3035 1118 3105 τῇ
1152 3031 1424 3104 παρονσίιίι⁸
1468 3028 1564 3082 τοῦ
1628 3029 1803 3082 Ἀντι-

1898 1923 2118 1978 cliuoris
2148 1924 2430 1993 impostori
2453 1932 2508 1978 et
2546 1922 2904 1993 persecutori.
2945 1921 3070 1976 Haec
3090 1921 3307 1991 quidem
3336 1921 3478 1976 Mat-

1899 2015 2071 2068 thteus
2116 2023 2336 2082 propter
2368 2013 2870 2084 Hierosolymorum
2920 2012 3291 2082 captivitatem
3334 2012 3477 2067 dicta

1896 2121 2019 2163 esse
2063 2123 2092 2160 a
2121 2106 2350 2161 Domino
2397 2116 2584 2160 narrat
2616 2107 2920 2160 insinuante
2960 2105 3194 2160 hostium
3244 2104 3374 2167 vim,
3423 2114 3495 2159 et‘

1897 2199 2040 2269 quod
2079 2195 2356 2253 Romanos
2384 2199 2475 2269 qui
2531 2198 2770 2252 invasuri
2807 2205 2954 2262 sunt,
2993 2197 3178 2267 lugere
3204 2205 3475 2266 oporteat,

1897 2291 1974 2347 ita
2006 2304 2064 2346 ut
2093 2307 2161 2347 ne
2201 2292 2526 2360 respiciatur
2562 2307 2577 2344 :
2613 2305 2790 2360 neque
2816 2291 2904 2358 qui
2955 2288 3009 2344 in
3048 2298 3189 2344 tecto
3222 2288 3351 2355 sint,
3381 2288 3480 2341 de-

1897 2383 2156 2439 scendant
2202 2383 2256 2437 in
2289 2383 2508 2437 domum
2551 2380 2779 2448 alicujus
2809 2380 2886 2434 rei
2913 2379 3230 2448 temporalis
3273 2378 3474 2446 gratia,

1897 2473 1993 2530 sed
2026 2473 2210 2528 statim
2242 2472 2494 2542 fugiant;
2531 2486 2635 2526 non
2679 2471 2786 2526 erit
2830 2470 2976 2525 enim
3007 2481 3216 2538 tempus
3257 2470 3375 2529 otii,
3406 2469 3480 2523 ita

1899 2573 1958 2620 ut
1985 2578 2110 2618 vasa
2160 2563 2416 2631 colligere
2437 2563 2642 2617 liccat:
2677 2577 2852 2631 neque
2880 2563 2970 2631 qui
3001 2560 3054 2614 in
3095 2574 3224 2630 agro
3251 2569 3357 2626 est,
3386 2576 3480 2614 re-

1897 2665 2140 2712 vertatur
2169 2656 2223 2711 in
2254 2656 2469 2711 domum
2497 2671 2673 2722 suam,
2701 2657 2796 2709 sed
2822 2669 2942 2708 eum
2971 2654 3062 2724 qui
3097 2653 3150 2707 in
3182 2652 3342 2707 domo
3387 2661 3471 2707 est

1901 2748 2087 2820 iugere
2131 2747 2428 2819 Oportet”.
2484 2747 2628 2803 Nihil
2662 2747 2808 2803 enim
2842 2747 3042 2802 mirum
3083 2747 3134 2800 in
3172 2745 3486 2816 Hierosoly-

1903 2857 2115 2897 morum
2149 2842 2464 2919 captivitate
2511 2842 2614 2894 lioc
2657 2839 2859 2894 factum
2890 2851 3036 2904 esse,
3067 2838 3371 2907 iterumque
3401 2837 3485 2893 tua;

1907 2941 2085 2987 turum
2120 2934 2172 2986 in
2203 2933 2437 2987 adventu
2470 2931 2814 2996 Antichristi,
2843 2930 2952 2984 imo
2979 2931 3044 2984 ad
3076 2929 3245 2999 ipsum
3273 2937 3486 2996 tempus

1906 3026 2391 3079 conSlllllltlaliOIIiS
2427 3022 2606 3079 futura
2640 3033 2724 3078 est
2758 3022 3038 3077 tribulatio
3069 3022 3409 3092 gravissima.

222 3134 485 3204 χριστου·
523 3133 721 3204 μᾶλλον
773 3130 830 3184 δέ
861 3129 998 3200 πρὸς
1033 3126 1182 3197 αὑτῷ
1214 3125 1293 3196 τῷ
1329 3123 1506 3197 καιρῷ
1549 3123 1652 3194 τῆς
1721 3117 2054 3184 συντελείας,
2122 3117 2354 3188 θλίψεως
2404 3117 2501 3170 καὶ
2524 3117 2646 3170 τότε
2680 3114 2980 3187 μελλούσης
3023 3113 3273 3183 γίνεσθαι
3334 3113 3475 3182 ἀφο-

227 3228 418 3298 ρήτου.

303 3338 324 3371 ‹
367 3317 526 3387 Λέγω
568 3316 719 3387 ὑμῖν,
750 3313 834 3368 ὅτι
878 3314 937 3367 έν
961 3311 1138 3386 ταύτῃ
1167 3313 1233 3383 τῇ
1260 3310 1418 3366 νυκτὶ
1449 3309 1663 3364 Εσονται
1711 3309 1800 3364 δύο

1978 3306 2147 3360 Vens.
2193 3303 2382 3359 '54-'57.
2424 3320 2444 3354 ι
2489 3301 2618 3356 Dico
2659 3300 2839 3366 vobis,
2897 3300 2948 3354 in
3003 3298 3088 3353 illa
3122 3308 3276 3353 nocte
3325 3307 3487 3354 erunt

224 3413 320 3466 ἐπὶ
346 3411 534 3481 κλίνης
569 3411 722 3478 μιᾶς,
742 3410 770 3462 6
793 3403 874 3470 εἷς
904 3404 1416 3477 παραληφθήσεται,
1437 3402 1534 3457 καὶ⁸
1558 3405 1586 3456 6
1616 3402 1802 3473 ἕτερος

227 3504 586 3574 ἀφεθήσεται.
626 3501 728 3555 Δύο
774 3499 985 3554 ἔσονται
1018 3497 1314 3569 ἀλήθουσαι
1359 3497 1454 3549 ἐπὶ
1497 3495 1558 3549 τὸ
1588 3495 1798 3565 αὑτὸ,ή

232 3595 335 3664 μία
368 3590 876 3663 παραληφθήσεται,
913 3588 1006 3641 καὶ
1037 3588 1071 3659 ή
1105 3586 1269 3657 ἑτέρα
1301 3585 1656 3656 ἀφεθήσεται.
1694 3583 1803 3636 Καὶ

228 3684 620 3754 ἀποκριθέντες
673 3682 919 3748 λέγουσιν
965 3678 1146 3750 αὐτῷ·
1196 3677 1331 3741 Ποῦ,
1371 3677 1578 3749 Κύριε;
1634 3676 1691 3729 ’0
1745 3673 1804 3727 δὲ

230 3774 387 3832 εἶπεν
421 3775 601 3837 αὐτοῖς
632 3789 647 3805 °
683 3772 858 3826 Ὅπου
897 3770 958 3825 τὸ
993 3770 1212 3838 πτῶμα,
1265 3769 1383 3822 ἐκεῖ
1432 3769 1525 3822 καὶ
1553 3770 1601 3820 οἱ
1653 3767 1804 3820 ἀετοί⁵

231 3866 684 3937 συναχθήσονται.
720 3881 738 3916 ι
774 3861 885 3916 Kal.
910 3859 1161 3914 ἐντεῦθεν
1193 3860 1254 3911 τὸ
1277 3856 1680 3929 ἀπροσδόκητον
1709 3857 1806 3909 καὶ⁵

230 3959 495 4029 αἰφνίδιον
526 3958 624 4028 τῆς
657 3954 823 4011 αὑτοῦ
853 3952 1154 4026 παρουσίας
1198 3950 1564 4024 μανθάνομεν·
1606 3950 1668 4002 τὸ
1695 3951 1803 4020 γὰρ

232 4054 430 4116 εἰπεῖν,
463 4050 545 4103 ὅτι
571 4049 664 4103 δύο
691 4047 902 4101 ἔσονται
929 4046 1022 4098 ἐπὶ
1053 4043 1242 4115 κλίνης
1279 4044 1430 4114 μιᾶς,
1465 4041 1806 4114 ἀμεριμνίαν

232 4141 524 4213 ἐμφαίνει·
552 4140 648 4194 καὶ
673 4139 735 4192 τὸ
757 4136 978 4208 ἀλήθειν
1007 4135 1065 4188 δὲ
1101 4138 1194 4188 καὶ
1219 4135 1373 4187 τοῦτο
1403 4133 1807 4204 ἀπροσδόκητον

235 4232 455 4288 ἔσεσθαι
499 4231 599 4301 τὴν
631 4227 932 4300 παρουσίαν
966 4226 1244 4298 ὑποδηλοῐ.
1276 4225 1387 4279 Καὶ
1418 4223 1547 4279 ἄλλο
1579 4224 1635 4277 δὲ
1667 4239 1808 4294 μαν-

234 4329 490 4396 θάνομεν,
529 4325 611 4377 ὅτι
640 4323 697 4376 ἐν
727 4321 885 4376 νυκτὶ
931 4321 966 4392 ή
996 4319 1269 4391 παρουσία
1300 4318 1475 4385 ἔσται,
1511 4316 1675 4390 φησιν
1713 4314 1808 4370 οὖν

233 4421 320 4473 ὅτι
354 4417 452 4472 καὶ
479 4419 543 4470 ἐκ
571 4413 678 4468 τῶν
719 4411 990 4467 πλουσίων
1033 4412 1142 4464 τῶν
1187 4412 1282 4466 ἐπὶ
1315 4409 1500 4482 κλίνης
1534 4409 1810 4464 ἀναπαυο-

240 4512 436 4583 μένων,
460 4509 510 4562 οί
545 4507 647 4579 μὲν
671 4505 1029 4576 σωθήσονται,
1053 4505 1104 4557 οἱ
1126 4503 1182 4556 δὲ
1204 4501 1288 4558 οὗ.
1328 4502 1481 4556 Ἐπεὶ
1505 4501 1615 4573 γὰρ
1631 4495 1808 4567 εἶπεν,

236 4605 318 4658 ὅτι
349 4603 621 4664 δυσκόλως
645 4601 692 4654 oi
720 4597 964 4652 πλούσιοι
987 4593 1269 4660 σώζονται.
1293 4596 1542 4649 Δείκνυσι
1570 4593 1687 4656 νῦν,
1725 4593 1807 4646 ὅτι

1907 3402 2015 3456 duo
2046 3401 2098 3454 in
2131 3401 2274 3453 lecto
2315 3412 2446 3463 uno,
2495 3410 2633 3449 unus
2666 3403 2998 3458 assumetur,
3048 3401 3103 3446 et
3151 3392 3288 3446 alter
3325 3392 3488 3446 retin.

1906 3503 2124 3564 quetur.
2151 3491 2278 3545 Duae
2317 3497 2477 3544 erunt
2507 3487 2770 3542 molentes
2799 3485 2981 3550 simul,
3013 3500 3120 3539 una
3144 3496 3484 3549 assumetur,

1908 3598 1962 3643 et
1994 3587 2162 3640 altera
2197 3584 2552 3652 relinquetur.
2605 3579 2670 3633 Et
2709 3579 3100 3648 respondentes
3133 3577 3319 3631 dicunt
3363 3576 3437 3629 illi
3468 3593 3482 3630 :

1911 3678 2036 3743 Ubi,
2089 3677 2314 3732 Domine
2352 3674 2375 3727 τ
2408 3673 2508 3740 Qui
2560 3671 2696 3726 dixit
2735 3671 2892 3725 illis:
2951 3667 3270 3738 Ubicunque
3326 3667 3490 3723 fuerit

1910 3773 2162 3832 cadaver,
2210 3768 2334 3822 illuc
2364 3765 2839 3836 congregabuntur
2866 3770 2922 3817 et
2949 3761 3164 3830 aquilae.
3211 3777 3232 3810 ι
3263 3759 3341 3814 Ex
3381 3759 3488 3815 hoc

1910 3865 2073 3918 etiam
2104 3862 2222 3914 loco
2251 3856 2592 3928 repentinum
2617 3863 2672 3909 et
2693 3851 3029 3922 inopinatum
3051 3850 3168 3918 ejus
3194 3850 3487 3904 adventum

1911 3955 2192 4013 discimus.
2225 3951 2391 4012 Duos,
2421 3949 2565 4004 enim
2614 3961 2736 4003 esse
2765 3947 2820 3999 in
2859 3944 3000 4000 lecto
3033 3957 3164 4008 uno,
3216 3941 3490 4010 signiﬁcat

1911 4044 2292 4103 sollicitudinis
2321 4041 2644 4104 carentiam,
2662 4046 2718 4092 et
2741 4035 2944 4092 molere
2968 4048 3208 4104 quoque,
3235 4033 3489 4099 inexspe-

1912 4148 2114 4194 ctatum
2164 4133 2435 4204 signiﬁcat
2495 4132 2810 4186 adventum.
2874 4123 3148 4180 Diseimus
3206 4131 3263 4178 et
3334 4122 3486 4176 aliud

1913 4229 2189 4302 quiddam,
2221 4226 2366 4298 quod
2395 4210 2448 4280 in
2480 4232 2637 4278 nocte
2669 4222 2935 4276 adventus
2960 4217 3087 4272 erit.
3124 4215 3268 4270 Dicit
3299 4213 3486 4284 igitur,

1912 4323 2054 4396 quod
2081 4337 2147 4376 ex
2171 4317 2425 4376 divitibus
2447 4315 2537 4387 qui
2563 4315 2616 4369 in
2650 4313 2790 4370 lecto
2819 4311 3122 4382 quiescent,
3146 4307 3236 4362 alii
3267 4307 3486 4378 quidem

1913 4417 2286 4478 salvabuntur,
2317 4410 2406 4464 alii
2453 4418 2634 4464 autem
2669 4422 2798 4462 non.
2829 4403 2963 4458 Nam
2989 4401 3148 4476 531
3191 4403 3316 4470 quia
3351 4400 3490 4456 dixit

1914 4506 2058 4578 quod
2105 4501 2319 4560 diﬂicile
2343 4499 2535 4555 divites
2565 4497 2862 4558 salvantur,
2887 4493 3125 4548 ostendit
3161 4506 3302 4545 nunc
3342 4489 3488 4559 quod

1916 4612 2092 4667 neque
2119 4597 2172 4651 bi
2201 4599 2450 4663 pereunt,
2493 4602 2666 4659 neque
2687 4600 2950 4657 pauperes
2975 4597 3165 4638 omnes
3187 4580 3484 4636 salvantur.

239 4698 365 4752 οὔτε
398 4693 542 4752 οὗτοι
597 4695 947 4760 ἀπόλλυνται,
985 4691 1111 4746 οὔτε
1149 4694 1199 4746 oi
1251 4693 1481 4762 πένητες
1522 4690 1800 4757 σώζονται¹

1916 4688 2022 4744 Sed
2075 4697 2131 4742 et
2176 4701 2242 4740 ex
2291 4683 2548 4738 divitibus
2582 4695 2721 4733 unus
2751 4677 3045 4732 assumitur
3093 4674 3147 4728 in
3198 4687 3486 4727 occursum

239 4788 379 4844 ἀλλά
426 4790 519 4840 καὶ
564 4789 630 4841 ἐκ
672 4785 780 4839 τῶν
829 4785 1100 4839 πλουσίων
1127 4786 1157 4837 6
1189 4784 1288 4853 μὲν
1320 4781 1810 4854 παραλαμϐάνεται

239 4885 322 4945 είς
349 4881 657 4949 ἀπάντησιν
687 4877 782 4932 τοῦ
825 4877 1036 4948 Κυρίου
1071 4876 1474 4947 ἁρπαζόμενος,
1506 4875 1580 4937 ὡς
1613 4875 1814 4943 κοῦφος

235 4973 317 5044 τῷ
357 4971 628 5041 πνεύματι
679 4966 782 5025 καῖ’
806 4971 1074 5042 οὐράνιος,
1127 4971 1155 5022 ὁ
1181 4969 1237 5022 δὲ
1276 4968 1494 5037 ἀφίεται
1553 4966 1702 5020 κάτω
1739 4965 1815 5029 ὼς

239 5061 589 5132 κατάκριτος.
629 5065 740 5117 Καὶ
788 5065 853 5116 ἐκ
889 5062 997 5116 τῶν
1035 5063 1286 5131 πενήτων
1325 5059 1548 5129 ὁμοίως,
1601 5056 1695 5120 οὒς
1725 5057 1817 5111 διά

240 5159 302 5211 τὸ
333 5155 552 5226 ἀλήθειν
585 5155 881 5226 ἐσήμανεν,
929 5155 959 5208 6
995 5153 1094 5223 μέν
1125 5151 1447 5221 σωθήσεται,
1479 5150 1509 5201 ό
1533 5147 1590 5202 δὲ
1623 5146 1704 5201 οὖ.
1739 5148 1816 5201 Οὐ

240 5250 352 5318 γάρ
379 5248 580 5310 πάντες
613 5247 840 5318 πένητες
863 5246 1092 5299 δίκαιοι·
1134 5247 1199 5299 ἐκ
1231 5243 1437 5298 τούτων
1477 5241 1584 5312 γὰρ
1611 5242 1661 5294 oi
1690 5239 1817 5294 κλέ-

243 5357 398 5419 πται,
431 5339 527 5391 καὶ
579 5338 1010 5408 βαλαντιοτόμοι,
1063 5337 1150 5392 διὰ
1203 5335 1296 5390 τοῦ
1327 5334 1548 5406 ἀλήθειν
1589 5328 1683 5386 οὖν
1725 5331 1817 5385 τὸν

241 5432 502 5488 ἐπίπονον
549 5431 661 5502 βίον
709 5431 819 5484 τῶν
849 5432 1097 5502 πενήτων
1140 5430 1428 5500 ἐδήλωσεν.
1469 5425 1819 5500 Ἐρωτησάν-

239 5542 350 5580 των
382 5523 438 5577 δὲ
479 5522 590 5576 τῶν
622 5521 912 5593 μαθητῶν·
954 5523 1083 5587 Ποῦ,
1130 5522 1324 5593 Κύριε,
1363 5520 1818 5592 παραληφθήσον-

240 5635 333 5673 ut
363 5612 542 5685 nutat;
594 5615 722 5687 ἐφη,
757 5615 933 5668 Ὅπου
962 5618 1022 5669 τὸ
1056 5615 1277 5686 πτῶμα,
1310 5618 1426 5670 ἐκεῖ
1455 5617 1548 5672 καὶ
1571 5616 1620 5670 ol
1645 5613 1818 5680 ἀετοὶ,

313 5799 360 5834 ⁸⁸
403 5797 590 5856 Matth.
645 5812 800 5865 χχιιι,
840 5797 929 5866 ΓΙ,
963 5793 1055 5851 18.

1913 4779 2122 4837 Domini
2163 4785 2366 4846 raptus,
2401 4774 2554 4844 quasi
2601 4773 2732 4826 levis
2793 4770 2984 4838 spiritu
3026 4777 3080 4821 et
3118 4765 3354 4822 caelestis
3382 4804 3398 4830 ,
3433 4773 3488 4818 et

1913 4875 2052 4930 alius
2097 4870 2422 4939 relinquitur
2455 4866 2592 4920 infra
2631 4873 2688 4918 ut
2713 4863 3123 4918 condemnatus.
3155 4854 3221 4909 Et
3249 4869 3319 4912 ex
3347 4865 3487 4927 pau-

1911 4966 2131 5038 peribus
2177 4960 2452 5023 similiter,
2497 4971 2633 5026 quos
2679 4969 2778 5025 per
2824 4952 3087 5007 moientes
3133 4946 3482 5019 significavit,

1915 5058 2168 5131 quoniam
2207 5067 2302 5124 per
2355 5051 2641 5122 pistrinum
2691 5044 3015 5100 laboriosam
3065 5056 3357 5110 pauperum
3409 5055 3486 5093 νι-

1912 5163 2021 5209 tam
2047 5151 2307 5212 insinuat,
2339 5159 2478 5199 unus
2513 5141 2729 5211 quidem
2762 5136 3076 5198 salvabitur,
3123 5131 3262 5186 alius
3305 5141 3488 5187 autem

1913 5259 2043 5301 non.
2086 5240 2203 5296 Non
2231 5253 2418 5294 omnes
2451 5247 2715 5306 pauperes
2739 5230 2893 5300 justi.
2924 5227 3054 5282 Nam
3082 5241 3150 5281 ex
3184 5226 3291 5280 illis
3340 5225 3488 5278 iures

1916 5343 1970 5393 et
2001 5331 2395 5401 marsupiorum
2449 5329 2730 5382 incisorcs.
2783 5321 2918 5378 Cum
2967 5328 3149 5375 autem
3208 5325 3490 5388 rogassent

1926 5423 2173 5494 discipuli
2206 5439 2220 5475 :
2252 5421 2392 5487 Quo,
2429 5415 2680 5479 Domine,
2735 5421 3081 5468 assumantur
3129 5410 3246 5465 illi?
3301 5409 3441 5466 dixit
3471 5425 3489 5462 :

1916 5515 2020 5572 Ubi
2063 5515 2312 5581 cadaver,
2368 5510 2477 5566 illic
2517 5520 2574 5563 et
2602 5506 2797 5578 aquilae
2832 5523 2846 5560 :
2881 5505 2985 5561 hoe
3032 5513 3138 5570 est,
3184 5503 3274 5557 ubi
3319 5498 3492 5556 Filius

1917 5606 2178 5673 hominis,
2205 5605 2315 5662 illic
2343 5615 2397 5661 et
2427 5601 2600 5660 sancti
2625 5600 2741 5673 ejus
2777 5598 2920 5657 leves
2972 5607 3027 5654 et
3054 5597 3112 5654 in
3135 5594 3362 5653 sublime
3393 5605 3494 5647 vo-
