3932 6456
459 312 566 374 999

1348 307 1930 370 THEOPHYLACTI
1967 306 2380 371 BULGARI/E
2412 303 2774 367 ARCHIEP.

3547 303 3664 368 Ῑθθθ

459 421 677 478 lautos:
725 421 865 476 sicut
904 429 1216 490 peccatores
1247 433 1463 490 graves,
1515 421 1606 489 qui
1658 429 1712 474 et
1748 419 1885 474 infra
1941 437 2028 475 re-

2139 419 2432 483 τουτέστιν,
2465 417 2600 471 ὅπου
2631 414 2660 468 ὀ
2708 411 2836 477 rte;
2883 411 2978 466 τοῦ
3015 410 3329 485 ἀνθρώπου,
3358 413 3474 467 ἐκεῖ
3508 415 3681 471 πάντες

459 513 792 583 linquentur.
850 509 984 564 Nam
1041 512 1186 566 sicut
1235 510 1449 580 iacente
1511 511 1796 576 cadavere,
1850 525 2040 567 onmes

460 606 757 660 caruivoraz
783 603 1027 658 volucres
1066 603 1318 658 advolant
1351 620 1366 657 :
1403 604 1473 658 ita
1511 612 1562 658 et
1597 603 1685 658 ubi
1717 603 1888 658 Filius
1933 604 2036 658 ho-

462 697 624 750 minis
653 705 871 765 propter
897 710 994 751 nos
1024 705 1296 761 mortuus,
1339 703 1394 749 et
1421 695 1472 748 itt
1504 708 1688 748 casum
1719 696 1944 764 positus,
1973 695 2039 749 de

461 787 599 843 caelo
636 790 970 858 apparuerit,
1023 803 1214 842 omnes
1247 786 1422 842 sancti
1454 789 1949 856 congregabantur,
1981 796 2038 842 et

462 879 563 947 ipsi
595 877 793 947 angeli.
837 878 972 934 Cum
1008 876 1113 932 illis
1159 877 1338 931 veniet
1364 876 1417 930 in
1448 875 1616 945 gloria
1649 876 1848 942 Patris,
1896 886 1953 931 et
1981 876 2034 930 in

460 972 746 1040 splendore
774 970 1038 1024 indicibili
1069 987 1082 1024 :
1107 969 1227 1024 licet
1257 968 1400 1023 enim
1425 979 1638 1038 tempus
1661 968 1791 1022 illud
1821 980 2033 1024 noctem

459 1064 689 1126 vocarit,
739 1076 806 1117 eo
854 1062 996 1131 quod
1055 1061 1400 1130 repentinum
1434 1070 1486 1115 et
1544 1061 1906 1130 inopinatum,
1952 1061 2037 1115 vel

459 1155 582 1223 quia
617 1154 852 1208 tenebris
889 1152 1231 1208 involventur
1272 1161 1605 1221 peccatores,
1639 1152 1774 1206 dixit
1807 1169 1821 1208 :
1863 1151 2036 1208 Justis

462 1247 549 1298 lux
578 1247 810 1310 orietur,
834 1245 943 1300 imo
964 1254 1020 1300 et
1052 1246 1149 1314 ipsi
1175 1244 1453 1314 fulgebunt
1481 1246 1620 1298 sicut
1647 1243 1748 1299 sol.

2136 512 2187 565 οί
2233 511 2382 578 ἅγιοι
2405 511 2454 562 oi
2479 507 2670 577 κοῦφοι
2718 507 2814 560 καὶ
2838 505 3142 576 ύψιπετεῖς,
3168 505 3244 570 ώς
3265 505 3377 575 οἵγε
3403 506 3684 578 ἁμαρτωλοὶ

2137 603 2346 674 βαρεῖς,
2379 601 2460 654 διὸ
2484 600 2579 653 καὶ
2611 599 2763 654 κάτω
2796 597 3070 668 ἀφίενται.
3101 597 3312 670 Ὠσπερ
3342 599 3432 651 καὶ
3460 598 3684 669 σώματος

2133 691 2331 764 νεκροῦ
2377 691 2665 761 κειμένου.
2701 694 2901 754 πάντες
2937 690 2984 744 oi
3022 688 3349 760 σαρκοϐόροι
3393 689 3567 760 δρνεις
3613 692 3685 745 ἐπ’

2135 783 2266 836 αὐτὸ
2297 782 2577 853 φέρονται,
2607 779 2749 834 οὕτω
2775 779 2869 834 καὶ
2901 778 2996 832 τοῦ
3030 778 3159 832 Υίοῦ
3184 777 3277 831 τοῦ
3304 777 3582 849 ἀνθρώπου
3606 780 3686 834 τοῦ

2133 874 2201 928 δι’
2235 875 2384 945 ἡμᾶς
2415 871 2802 943 νεκρωθέντος,
2833 871 2928 924 καὶ
2956 871 3036 933 είς
3068 868 3276 923 πτῶσιν
3311 868 3573 933 τεθέντος,
3604 870 3685 923 ἀπ’

2135 967 2385 1037 οὐρανῶν
2433 966 2716 1037 φανέντος,
2769 965 2970 1028 πάντες
2999 965 3047 1018 oi
3079 964 3224 1032 ἆγιοι
3260 963 3686 1032 συναχθήσονται,

2135 1061 2232 1114 καὶ
2279 1060 2436 1114 αὐτοὶ
2482 1061 2532 1112 oi
2577 1058 2798 1129 ἄγγελοι
2831 1074 2845 1089 ’
2886 1057 3002 1128 μετ’
3033 1056 3213 1111 αὐτῶν
3267 1056 3377 1124 γὰρ
3415 1054 3530 1125 ἣξει
3557 1056 3607 1107 ἐν
3634 1057 3686 1124 τῇ

2137 1153 2266 1224 δόξῃ
2297 1153 2390 1207 τοῦ
2420 1151 2650 1223 Πατρὸς,
2679 1155 2773 1205 καὶ
2815 1153 2873 1205 ἐν
2902 1151 3129 1222 ἀρρήτῳ
3173 1148 3356 1222 αἴγλῃ.
3390 1149 3454 1200 Ei
3483 1148 3584 1217 γὰρ
3611 1149 3690 1201 καὶ

2133 1244 2305 1298 νύκτα
2320 1245 2571 1314 ὠνόμασε
2587 1244 2679 1297 τὸν
2712 1243 2899 1314 καιρὸν
2919 1244 3148 1320 ἐκεῖνον,
3169 1241 3304 1293 ἀλλὰ
3324 1239 3412 1293 διὰ
3432 1239 3689 1308 τὸλὰπροσ.

460 1341 708 1410 δόκητον.
752 1341 846 1396 καὶ
871 1341 957 1394 διὰ
984 1341 1044 1394 τὸ
1071 1344 1186 1404 τοῖς
1208 1339 1553 1412 ἁμαρτωλοῖς
1585 1339 1776 1410 μέλλον
1804 1339 2198 1411 προσγενέσθαι
2233 1340 2424 1404 σκότος
2444 1381 2460 1407 ,
2487 1340 2646 1394 τοῦτο
2683 1339 2905 1410 εἴρηκεν
2974 1339 3090 1400 τοῖς
3152 1335 3258 1408 γὰρ
3322 1334 3548 1396 δικαίοις
3594 1333 3691 1402 φῶς

461 1434 742 1506 ἀνατελεῖε,
777 1434 976 1506 μᾶλλον
1016 1433 1074 1488 δέ
1108 1435 1222 1501 καὶ,
1253 1434 1409 1487 αὐτοὶ
1459 1432 1832 1504 ἐκλάμψουσιν
1876 1433 1952 1497 ώς
2003 1432 2032 1486 ό
2068 1431 2242 1504 ήλιος.

1017 1566 1244 1624 CAPUT
1283 1567 1472 1624 XVIII.

464 1681 614 1749 Quod
652 1682 866 1736 assidue
898 1681 1177 1736 orandum.
1216 1681 1288 1735 De
1317 1681 1514 1750 injusto
1538 1682 1739 1752 judice.
1775 1681 1850 1736 De
1884 1680 2033 1736 Pha-

2729 1565 2980 1619 ΚΕΦΑΛ.
3021 1565 3132 1618 lH'.

2142 1680 2277 1749 Περί
2307 1681 2414 1736 τοῦ
2439 1681 2527 1735 dei
2557 1679 3021 1749 προσεύχεσθαι.
3057 1676 3194 1744 Περὶ
3227 1676 3351 1749 Δτοῦ
3377 1675 3574 1749 κριτοῦ
3599 1677 3690 1744 τῆς

533 1757 681 1824 rimo
706 1764 750 1805 et
774 1753 1076 1824 publicano.
1110 1746 1452 1824 De_puerulis
1477 1746 1697 1824 quorum
1727 1763 1800 1806 est
1823 1769 2034 1824 regnum

2210 1746 2633 1824 ddrxlac.flep'i
2660 1749 2768 1824 τοῦ
2790 1746 3120 1824 φαρισαίου
3145 1746 3247 1824 καί
3267 1747 3546 1824 reddat-qv:
3576 1749 3690 1824 [lep_l

529 1823 646 1877 Dct.
683 1826 755 1876 De
783 1821 1148 1890 interpellante
1177 1821 1465 1878 Christum.
1499 1823 1575 1876 De
1609 1825 1831 1891 leproso.

534 2069 697 2123 Vsus.
730 2068 843 2124 1-8.
887 2086 905 2120 ι
942 2067 1167 2124 Dicebat
1197 2077 1374 2126 autem
1403 2077 1458 2126 et
1488 2070 1796 2140 parabolant
1825 2071 1893 2127 ad
1917 2071 2038 2128 illos

462 2161 569 2213 huc
597 2166 956 2228 spectantem,
991 2159 1134 2228 quod
1166 2169 1445 2229 oporteret
1474 2175 1688 2230 semper
1720 2174 1878 2216 orare
1936 2174 2038 2216 nec

461 2252 765 2318 defatigari,
821 2251 1048 2325 dicens;
1086 2249 1253 2306 Judex
1301 2253 1520 2321 quidam
1553 2262 1672 2306 erat
1714 2253 1766 2306 in
1799 2254 2033 2320 quadam

460 2344 700 2406 civitate,
741 2343 833 2410 qui
887 2341 1052 2395 Deum
1084 2359 1189 2396 non
1219 2342 1468 2408 timebat,
1510 2356 1609 2396 nec
1641 2342 1911 2397 hominem
1951 2358 2037 2399 re-

460 2435 772 2489 verebatur.
803 2431 971 2487 Vidua
995 2443 1170 2488 autem
1197 2435 1442 2503 quaedam
1464 2445 1581 2488 erat
1608 2434 1898 2489 incivitate
1924 2435 2036 2502 illa,

461 2535 517 2578 et
544 2524 793 2580 veniebat
822 2525 888 2577 ad
921 2540 1042 2578 eum
1085 2525 1270 2579 dicens
1299 2540 1314 2578 :
1341 2524 1567 2580 Vindicat
1609 2540 1694 2580 me
1736 2523 1804 2580 de
1845 2525 2039 2580 adver-

458 2617 603 2672 sario
636 2631 775 2671 tneo.
825 2615 890 2670 Et
923 2615 1137 2670 uolebat
1183 2615 1515 2686 aliquandiu.
1548 2615 1676 2672 Post
1712 2617 1826 2674 haec
1852 2630 2036 2674 autem

457 2711 596 2766 dixit
641 2711 781 2764 intra
832 2724 891 2764 se
922 2725 938 2764 :
973 2711 1294 2778 Quanquam
1343 2709 1509 2764 Deum
1547 2725 1652 2764 non
1702 2710 1887 2778 timeo,
1937 2726 2038 2768 nec

459 2799 727 2856 hominem
780 2813 1050 2865 revereor,
1110 2809 1289 2854 tamen
1341 2800 1466 2870 quia
1520 2801 1748 2856 molesta
1779 2810 1864 2859 est
1907 2803 2037 2859 mihi

458 2892 574 2948 hmo
605 2893 787 2956 vidua,
822 2891 1108 2947 vindicabo
1140 2892 1314 2958 illam,
1346 2907 1416 2948 ne
1448 2893 1660 2947 tandem
1684 2894 1909 2951 veniens
1938 2910 2038 2950 su-

458 2983 610 3054 gillet
657 3001 766 3039 me.
798 2984 887 3038 Ait
915 2996 1096 3040 autem
1129 2983 1392 3040 Dominus
1424 3001 1438 3040 :
1481 2985 1677 3041 Audite
1713 2987 1840 3055 quid
1869 2985 2034 3056 iudex

459 3077 680 3146 iniquus
708 3076 872 3131 dicat.
905 3075 1044 3130 Deus
1069 3081 1249 3130 autem
1276 3089 1382 3131 non
1414 3074 1577 3132 faciet
1605 3076 1894 3132 vindictam
1921 3077 2033 3134 ele-

457 3178 670 3223 ctorum
694 3183 912 3222 suorunt
938 3167 1284 3224 clamantium
1315 3169 1383 3223 ad
1410 3183 1472 3226 se
1495 3170 1580 3224 die
1602 3183 1664 3225 ac
1685 3179 1844 3225 nocte
1869 3171 2034 3226 etiam

458 3279 580 3319 cum
603 3263 813 3332 patiens
839 3261 1001 3318 fuerit
1020 3279 1184 3334 super
1210 3262 1354 3319 illis?
1378 3264 1507 3320 Dico
1534 3265 1688 3321 vobis
1713 3264 1857 3335 quod
1879 3265 2038 3320 faciet

459 3355 749 3410 vindictam
773 3354 988 3410 illorum
1017 3355 1145 3410 cito.
1177 3354 1376 3410 Verum
1397 3364 1576 3410 tamen
1604 3355 1772 3411 Filius
1801 3355 2037 3410 hOminis

459 3461 583 3500 cum
613 3445 842 3512 venerit,
895 3461 962 3498 an
1014 3453 1330 3516 reperturus
1372 3455 1456 3501 est
1484 3445 1642 3500 fidem
1677 3447 1731 3500 in
1771 3445 1952 3502 terra?
2002 3465 2021 3499 ι

460 3539 754 3608 Postquam
803 3539 1131 3594 mentionem
1180 3538 1310 3593 fecit
1352 3536 1703 3594 alllictionum
1737 3549 1792 3594 et
1820 3539 2034 3608 pericu-

462 3634 662 3696 lorum,
716 3646 858 3687 nunc
913 3631 1096 3686 subdit
1144 3629 1416 3701 quomodo
1466 3631 1521 3686 in
1579 3631 1689 3688 illis
1741 3631 2032 3687 salvemur.

461 3727 735 3779 (Lurantur
775 3724 919 3778 enim
965 3723 1210 3778 oratione
1257 3733 1640 3792 perseverante
1668 3731 1724 3778 et
1771 3723 2032 3780 sollicita.

461 3818 593 3872 Nam
630 3824 861 3870 ventura
908 3824 1035 3870 sunt
1079 3815 1193 3870 hac
1234 3817 1438 3870 omnia.
1472 3813 1738 3871 Caeterum
1773 3830 2028 3886 magnum

461 3911 722 3966 auxilium
754 3911 806 3963 in
844 3908 929 3963 his
960 3907 1064 3962 fert
1096 3907 1358 3976 precatio,
1389 3907 1548 3962 modo
1573 3921 1937 3976 perseverans
1961 3905 2036 3961 sit

459 4012 514 4058 et
541 4003 820 4059 continua.
847 4000 1072 4070 Oportet
1099 3999 1244 4054 enim
1268 4013 1367 4054 nos
1392 3998 1737 4054 considerare
1763 3998 2036 4068 quomodo

460 4096 644 4164 injusti
692 4093 891 4165 iudicis
927 4091 1280 4163 pertinaciam
1319 4089 1480 4162 432
1532 4090 1793 4145 sedulitas
1855 4090 2034 4147 vidum

460 4183 706 4253 fregerit.
756 4181 816 4236 Si
886 4182 1030 4236 enim
1082 4180 1230 4234 illum
1267 4181 1414 4235 omni
1469 4179 1676 4234 malitia
1743 4177 2032 4251 repletum,

459 4289 637 4344 neque
664 4275 833 4329 Deum
881 4287 1058 4342 neque
1085 4271 1334 4326 homines
1381 4281 1741 4335 reverentem,
1775 4286 2031 4342 perseve—

463 4369 636 4420 rantis
673 4364 848 4418 oratio
898 4361 1148 4417 demulsit
1179 4379 1192 4415 :
1233 4370 1436 4431 quanto
1471 4363 1643 4432 magis
1683 4377 1781 4418 nos
1813 4361 2030 4418 Patrem

2211 1821 2330 1875 τῶν
2357 1816 2630 1887 παιδίων,
2663 1821 2752 1873 ὅτι
2778 1819 2979 1872 αὐτῶν·
3003 1818 3176 1870 ἐστιν
3215 1819 3254 1886 ἡ
3291 1816 3577 1882 ,ϐασιλεία
3604 1817 3692 1872 τοῦ

2211 1893 2381 1946 Θεοῦ.
2430 1891 2568 1960 Περὶ
2614 1890 2720 1944 τοῦ
2756 1888 3251 1958 ἐπερωτήσαντος
3299 1889 3412 1941 τὸν
3449 1887 3691 1954 Ἰησοῦν.

2107 2005 2114 2008 -
2210 1962 2350 2032 Περὶ
2380 1962 2484 2016 τοῦ
2517 1960 2766 2029 λεπροῦ.

2212 2094 2232 2128 ι
2268 2075 2462 2145 Ἔλεγε
2489 2075 2545 2129 δὲ
2573 2073 2891 2146 παραϐολὴν
2921 2071 3110 2138 αὐτοῖς
3138 2072 3274 2145 πρὸς
3299 2071 3358 2126 τὸ
3385 2073 3502 2127 δεῖν
3525 2072 3696 2137 αὐτοὺς

2135 2169 2370 2224 πάντοτε
2433 2166 2853 2240 προσεύχεσθαι,
2915 2167 3011 2221 καὶ
3061 2167 3138 2238 μὴ
3175 2168 3462 2232 ἐκκακεῖν,
3513 2165 3691 2234 λέγων’

2138 2263 2334 2335 κριτής
2354 2277 2439 2324 τις
2465 2256 2534 2332 ἦν
2569 2259 2626 2313 ἐν
2651 2277 2758 2314 τινι
2780 2259 2932 2314 πόλει
2963 2259 3056 2314 τὸν
3085 2257 3218 2312 Θεὸν
3256 2259 3331 2330 μὴ
3358 2257 3691 2326 φοϐούμενος,

2136 2359 2228 2410 καὶ
2277 2354 2564 2425 ἄνθρωπον
2621 2354 2697 2424 μὴ
2727 2351 3142 2424 ἐντρεπόμενος.
3184 2352 3344 2424 Χήρα
3370 2350 3424 2404 δέ
3455 2367 3538 2414 τις
3559 2345 3619 2420 ἦν
3645 2351 3693 2403 ἐν

2136 2447 2320 2518 ἐκείνῃ
2369 2448 2436 2517 τῇ
2483 2445 2656 2506 πόλει,
2707 2444 2803 2498 καὶ
2835 2445 3032 2514 ήρχετο
3069 2443 3206 2514 πρὸς
3254 2441 3413 2497 αὑτὸν
3463 2443 3688 2509 λέγουσα,

2148 2539 2464 2610 Ἐκδίκησόν
2483 2555 2550 2608 με
2580 2537 2688 2591 ἀπὸ
2719 2536 2814 2590 τοῦ
2843 2535 3112 2590 ἀντιδίκου
3151 2551 3276 2600 μου.
3314 2535 3420 2588 Καὶ
3455 2534 3555 2587 οὐκ
3582 2533 3688 2602 res.

2135 2632 2298 2704 λησεν
2325 2633 2418 2684 ἐπὶ
2443 2630 2654 2702 χρόνον.
2682 2631 2835 2684 Μετὰ
2847 2629 2904 2682 δὲ
2932 2628 3106 2682 ταῦτα
3137 2624 3292 2682 εἶπεν
3321 2630 3377 2682 ἐν
3406 2627 3604 2698 ἐαυτῷο
3640 2626 3690 2678 Εἰ

2137 2724 2232 2779 καὶ
2257 2724 2348 2778 τὸν
2372 2723 2506 2777 Θεὸν
2527 2723 2588 2778 ού
2621 2721 2916 2792 φοϐοῦμαι,
2949 2721 3045 2775 καὶ
3074 2719 3361 2791 ἄνθρωπον
3389 2719 3496 2772 ούκ
3529 2717 3690 2789 ἐντρέέ

2138 2834 2332 2888 πομαι,
2353 2816 2442 2870 διά
2459 2833 2523 2885 γε
2551 2815 2612 2868 τὸ
2635 2813 2895 2884 παρέχειν
2924 2829 3014 2883 μοι
3039 2812 3238 2875 κόπους
3263 2811 3364 2882 τὴν
3389 2811 3564 2880 χήραν
3583 2808 3691 2862 ταύ-

2135 2925 2257 2978 την,
2317 2906 2586 2977 ἐκδικήσω
2628 2903 2819 2975 αὐτὴν,
2877 2903 2964 2958 ἵνα
2995 2901 3072 2974 μὴ
3117 2903 3198 2966 είς
3253 2901 3408 2966 τέλος
3443 2901 3687 2972 ἐρχομένη

2139 2999 2410 3071 ῦποπιέζῃ
2441 3015 2529 3069 με.
2551 2993 2692 3052 Εἷπε
2709 2997 2766 3051 δὲ
2791 2996 2820 3048 ό
2842 2995 3066 3066 Κύριοςο
3091 2994 3386 3049 Ἀκούσατε
3414 2995 3470 3048 τί
3485 2997 3514 3048 ὁ
3529 2993 3692 3065 κριτὴς

2135 3091 2236 3162 τῆς
2270 3091 2484 3152 ἀδικίας
2513 3089 2699 3158 λέγει⁶
2725 3089 2754 3141 ό
2789 3087 2848 3141 δὲ
2883 3085 3016 3150 Θεὸς
3041 3085 3101 3139 οὐ
3141 3083 3216 3156 μὴ
3251 3088 3454 3155 ποιήσῃ
3491 3084 3586 3153 τὴν
3611 3085 3692 3136 ὲκ-

2137 3184 2351 3254 δίκησιν
2377 3181 2486 3235 τῶν
2516 3178 2789 3235 ἐκλεκτῶν
2834 3177 2999 3233 αὐτοῦ
3034 3177 3141 3231 τῶν
3172 3175 3419 3248 βοώντων
3449 3176 3584 3247 πρὸς
3611 3175 3692 3230 αύ-

2135 3276 2226 3330 τὸν
2255 3273 2466 3346 ἡμέρας
2492 3271 2587 3326 καὶ
2608 3271 2827 3337 νυκτὸς,
2859 3271 2952 3324 καὶ⁸
2975 3268 3350 3341 μακροθυμῶν
3381 3267 3470 3320 ἐπ’
3498 3268 3688 3329 αύτοῖςς

2135 3366 2278 3434 λέγω
2304 3365 2455 3435 ύμῖν,
2483 3365 2566 3418 ὅτι
2584 3364 2799 3435 ποιήσει
2827 3362 2928 3431 τὴν
2951 3361 3230 3432 ἐκδίκησιν
3253 3361 3432 3414 αὐτῶν
3454 3361 3514 3412 ἐν
3537 3359 3690 3428 τάχει.

2137 3458 2284 3528 Πλὴν
2311 3460 2340 3511 ό
2374 3457 2502 3520 Υίὸς
2529 3454 2624 3510 τοῦ
2664 3452 2956 3528 ἀνθρώπου
3012 3451 3183 3506 ἐλθὼν
3214 3446 3326 3522 ἆρα
3357 3451 3576 3522 εὑρήσει
3609 3449 3691 3518 τὴν

2133 3551 2316 3604 πίστιν
2345 3551 2438 3604 ἐπὶ
2461 3551 2558 3621 τῆς
2585 3549 2730 3619 γῆςς
2772 3566 2792 3601 ι
2829 3546 3047 3617 Ἐπειδὴ
3077 3546 3307 3616 θλίψεων
3329 3545 3689 3616 ἐμνημόνευσε

2135 3643 2232 3698 atati.
2265 3625 2546 3707 κινδύνων,
2588 3641 2838 3712 ἐπιφέρει
2887 3640 2981 3694 καὶ
3007 3639 3105 3710 τὴν
3151 3637 3446 3710 θεραπείαν
3484 3637 3686 3698 τούτων,

2133 3735 2168 3805 ή
2199 3734 2257 3788 δέ
2280 3735 2428 3788 ἐστιν
2487 3735 2521 3804 ἠ
2571 3731 2868 3804 προσευχὴ,
2917 3732 3011 3785 καὶ
3052 3730 3150 3801 οὐχ
3193 3729 3381 3793 ἁπλῶς
3414 3727 3686 3799 προσευχὴ,

2134 3823 2250 3879 ἀλλ’
2285 3824 2542 3895 ἐπίμονος
2606 3824 2702 3880 καὶ
2766 3822 3246 3895 μεμεριμνημένη.
3297 3821 3563 3876 Μέλλουσι
3605 3820 3688 3888 μὲν

2135 3915 2265 3987 γὰρ,
2299 3915 2455 3986 φησὶ,
2486 3913 2661 3968 ταῦτα
2690 3913 2872 3968 πάντα
2907 3916 3022 3977 τοῖς
3047 3914 3168 3966 τότε
3201 3913 3541 3984 συμϐαίνειν,
3570 3910 3687 3964 ἀλλὰ

2136 4007 2311 4078 μέγας
2345 4005 2536 4076 βοηθὸς
2568 4005 2705 4075 πρὸς
2735 4003 2908 4058 ταῦτα
2937 4006 2971 4075 ὴ
3005 4003 3302 4074 προσευχὴ,
3338 4004 3405 4073 ήν
3435 4002 3687 4070 έπιμόνως

2136 4099 2232 4152 καὶ
2255 4093 2494 4167 συνεχῶς
2523 4096 2792 4150 ποιεῖσθαι
2813 4097 2894 4150 δεῖ
2929 4097 3077 4168 ἡμᾶς
3109 4095 3442 4158 ἐννοοῦντας,
3477 4092 3585 4155 πῶς
3611 4092 3688 4144 τὸν

2136 4189 2330 4260 κριτὴν
2376 4188 2478 4258 τῆς
2519 4187 2736 4252 ἀδικίας
2769 4189 2802 4258 ὴ
2843 4189 2939 4257 τῆς
2983 4187 3158 4258 χήρας
3191 4184 3513 4259 προσεδρεία
3542 4200 3686 4237 κατε-

2132 4279 2475 4350 δυσώπησεν.
2510 4281 2571 4333 Εί
2598 4280 2706 4351 γὰρ
2731 4278 2920 4333 τοῦτον
2944 4277 3036 4332 τὸν
3066 4277 3246 4348 πάσης
3276 4277 3472 4339 κακίας
3503 4275 3687 4345 πεπληο

2138 4373 2401 4444 ρωμένον,
2433 4373 2528 4427 καὶ
2556 4372 2693 4444 πρὸς
2726 4371 2858 4425 Θεὸν
2916 4371 3011 4424 καὶ
3044 4369 3182 4442 πρὸς
3230 4369 3544 4442 ἀνθρώπους
3576 4369 3684 4428 ,ἀπ-

462 4457 852 4514 miset'icordize
891 4454 1056 4509 Deum
1101 4453 1168 4508 ad
1200 4453 1603 4510 miserationem
1656 4454 2028 4522 movebimus,

2148 4465 2579 4536 αναιδεσάμενον
2631 4462 2959 4535 ήκαρτερία
2991 4462 3252 4534 ἐμάλαξε,
3308 4465 3456 4533 πόσῳ
3510 4461 3685 4532 μᾶλλον

463 4550 676 4605 etiamsi
731 4555 1014 4602 cunctetur
1062 4544 1346 4599 nonnihil?
1401 4542 1532 4598 Vide
1578 4552 1760 4600 autem
1815 4545 2036 4614 majoris

463 4643 682 4697 malitia:
734 4640 993 4695 indicium
1042 4652 1184 4701 esse,
1246 4651 1419 4706 neque
1477 4637 1724 4693 homines
1776 4639 2033 4694 revereri.

463 4735 631 4790 Deum
664 4734 806 4787 enim
839 4731 991 4785 multi
1026 4743 1134 4784 non
1160 4730 1372 4793 timent,
1399 4736 1637 4784 attamen
1670 4729 1917 4786 homines
1951 4745 2034 4786 re-

460 4834 740 4889 verentur,
771 4824 892 4878 ideo
925 4831 978 4877 et
1009 4821 1187 4878 minus
1215 4831 1442 4891 peccant
1474 4835 1490 4877 :
1525 4822 1741 4892 quando
1771 4832 1946 4877 autem
1980 4832 2034 4877 et

460 4917 603 4988 apud
661 4916 909 4972 homines
949 4914 1073 4984 quis
1122 4913 1406 4983 impudens
1460 4913 1644 4979 fuerit,
1700 4923 1829 4969 tunc
1859 4917 2036 4971 omnis

460 5011 678 5067 malitia:
727 5016 910 5062 vertex
952 5005 1185 5060 videtur.
1232 5005 1436 5060 Idcirco
1462 5014 1518 5059 et
1548 5006 1804 5062 Dominus
1847 5017 2035 5077 postea

461 5104 664 5174 posuit,
697 5115 869 5169 neque
902 5099 1174 5154 hominem
1201 5111 1478 5163 reverens,
1507 5099 1659 5167 quasi
1692 5099 1795 5155 hoc
1825 5101 2033 5168 dicens,

456 5195 628 5251 Judex
659 5204 776 5250 erat
828 5193 997 5248 Deum
1053 5207 1158 5246 non
1195 5191 1412 5256 timens,
1463 5200 1518 5244 et
1559 5191 1686 5260 qttid
1731 5192 1854 5246 dico
1887 5193 2032 5263 quod

458 5290 626 5344 Deum
673 5302 776 5341 nou
833 5285 1111 5340 timuerit?
1151 5284 1330 5355 majus
1377 5284 1594 5338 malitia:
1645 5285 1901 5339 indicium
1934 5287 2032 5340 ha-

457 5381 596 5443 buit,
622 5378 746 5446 quia
788 5391 962 5444 neque
998 5375 1272 5430 hominem
1320 5376 1690 5429 reverebatur.
1717 5373 1886 5428 Porro
1918 5374 2033 5430 baac

459 5471 711 5543 paraliola
741 5485 842 5524 nos
869 5471 1040 5530 docet,
1067 5470 1210 5538 quod
1233 5482 1376 5538 sape
1405 5468 1636 5524 dicimus
1665 5469 1808 5523 inter
1833 5467 2033 5523 exhor-

459 5565 698 5627 tandum,
762 5577 830 5617 ne
879 5561 1234 5628 delatigemur
1292 5563 1344 5615 in
1395 5563 1664 5631 precibus.
1701 5563 1843 5617 Sane
1891 5563 2032 5618 sicut

457 5659 580 5714 alibi
612 5657 740 5712 dicit
774 5674 786 5710 :
821 5654 956 5721 Quis
988 5667 1224 5709 vestrum
1275 5655 1508 5709 anticum
1551 5655 1779 5720 habens,
1807 5663 1863 5710 et
1907 5670 2028 5710 cum

457 5749 664 5807 venerit
704 5759 758 5804 et
801 5745 1097 5818 pulsaverit
1144 5755 1329 5816 nocte,
1366 5747 1518 5802 illum
1580 5746 1883 5817 rejecturus
1914 5746 2030 5804 erit?

2139 4559 2298 4629 ἡμεῖς
2326 4556 2415 4610 τὸν
2453 4555 2666 4628 πατέρα
2692 4555 2785 4608 τοῦ
2819 4555 3002 4618 ἐλέους
3024 4555 3156 4608 Θεὸν
3176 4555 3277 4624 οὐχ
3305 4554 3591 4623 έλκύσομεν
3617 4553 3684 4611 είς

2137 4643 2340 4714 οἶκτον,
2365 4647 2471 4700 κᾶν
2505 4645 2833 4717 μακροθυμῇ
2865 4646 3003 4717 πρὸς
3050 4646 3113 4698 τὸ
3144 4645 3352 4714 παρόν;
3387 4645 3522 4715 Ὅρα
3540 4644 3590 4696 δὲ
3613 4644 3682 4696 ὅτι

2135 4739 2197 4792 τὸ
2245 4738 2382 4809 μηδὲ
2433 4736 2756 4809 ἀνθρώπους
2808 4735 3161 4807 αἰσχύνεσθαι
3215 4736 3456 4805 χείρονος
3507 4733 3682 4794 κακίας

2135 4830 2356 4900 δεῖγμαο
2385 4829 2477 4882 τὸν
2507 4829 2606 4898 μὲν
2636 4827 2744 4898 γὰρ
2779 4827 2910 4880 Θεὸν
2935 4826 3118 4882 πολλοὶ
3145 4827 3205 4880 ού
3228 4827 3532 4897 φοϐοῦνται,
3561 4823 3680 4893 πλὴν

2136 4919 2251 4973 ἀλλ’
2280 4918 2602 4989 ἀνθρώπους
2647 4917 3018 4988 αἰσχύνονται,
3042 4917 3124 4972 διὸ
3150 4919 3242 4972 καὶ
3263 4914 3425 4991 ἧττον
3460 4915 3684 4988 ἁμαρτά·

2137 5029 2336 5068 νουσιν.
2371 5013 2540 5066 Ὀταν
2570 5011 2628 5066 δὲ
2659 5014 2755 5066 καὶ
2801 5011 2938 5082 πρὸς
2969 5010 3294 5082 ἀνθρώπους
3337 5012 3681 5078 ἀπαναισχυν-

2134 5107 2317 5178 τήσειέ
2347 5123 2454 5174 τις,
2496 5106 2730 5160 ἐνταῦθα
2776 5107 2877 5177 ήδη
2911 5106 3007 5177 τῆς
3047 5107 3244 5170 κακίας
3270 5107 3304 5175 ἡ
3353 5105 3572 5176 κορυφή.
3599 5100 3681 5153 Διὸ

2135 5199 2230 5249 καὶ
2260 5196 2288 5248 ό
2321 5195 2526 5266 Κύριος
2574 5194 2801 5266 ὕστερον
2831 5196 3042 5248 τέθεικε
3073 5196 3154 5262 τὸ,
3188 5195 3470 5266 ἄνθρωπον
3500 5193 3569 5262 μὴ
3597 5191 3666 5242 έν-

2133 5288 2489 5358 τρεπόμενος,
2535 5287 2738 5342 ὡσανεὶ
2789 5287 2947 5340 τοῦτο
2993 5287 3204 5356 λέγων’
3238 5288 3361 5339 Ὅτι
3400 5285 3573 5356 κριτής
3613 5277 3674 5353 ἦν

2133 5381 2226 5434 τὸν
2257 5380 2390 5434 Θεὸν
2423 5378 2500 5452 μὴ
2534 5379 2886 5450 φοϐούμενος,
2917 5380 3011 5433 καὶ
3037 5378 3091 5431 τί
3128 5378 3270 5446 λέγω
3295 5379 3471 5442 τοῦτο,
3500 5377 3571 5428 ὅτι
3593 5373 3674 5424 τὸν

2133 5473 2264 5526 Θεὸν
2294 5474 2393 5527 οὑκ
2445 5474 2726 5542 ἐφοϐεῖτο;
2777 5472 2836 5526 τὸ
2873 5471 3057 5543 μεῖζον
3087 5468 3200 5543 εἶχε
3239 5471 3436 5541 δεῖγμα
3464 5470 3556 5539 τῆς
3585 5483 3674 5518 κα-

2129 5565 2278 5628 κίας,
2312 5565 2394 5618 ὃτι
2419 5565 2542 5618 οὐδὲ
2569 5564 2854 5635 ἄνθρωπον
2882 5563 3165 5636 ᾐσχύνετο.
3199 5562 3384 5616 Ταῦτα
3413 5561 3505 5633 μὲν
3538 5557 3616 5611 οῦν
3643 5557 3671 5624 ὴ

2133 5655 2418 5727 παραϐολὴ
2443 5657 2591 5726 ἡμᾶς
2628 5655 2890 5718 διδάσκει,
2911 5655 2986 5718 ὡς
3018 5653 3279 5716 πολλάκις
3308 5653 3543 5721 εἴπομεν,
3564 5662 3671 5699 νου-

2134 5748 2364 5804 θετοῦσα
2399 5749 2474 5820 μὴ
2505 5749 2760 5804 ἐκκακεῖν
2785 5749 2843 5803 ἐν
2869 5749 2990 5812 ταῖς
3016 5748 3363 5820 προσευχαῖς,
3394 5743 3565 5815 ῶσπερ
3588 5736 3661 5794 οὖν
