3932 6456
265 286 401 363 ιοοι

916 301 1359 364 ENARRATIO
1399 304 1482 366 IN
1523 302 2021 369 EVANGELIUM
2074 309 2305 369 LUC.‘E.
2336 335 2404 346 --
2424 311 2579 373 CAP.
2622 313 2839 374 XVIII.

3354 314 3489 381 1002

235 419 330 467 καὶ
358 412 592 484 ἀλλαχοῦ
641 410 764 482 ἔφη·
792 413 887 475 Τίς
913 415 972 477 ἐξ
996 413 1149 484 ὑμῶν
1181 415 1336 485 φίλον
1363 415 1525 488 ἔχων,
1561 404 1684 470 εἶτοὶ
1723 417 1807 468 ἐλ-

1922 418 2052 473 Nam
2072 428 2290 490 propter
2311 419 2696 490 impudentiam
2718 422 2858 492 ejus,
2881 423 2924 480 si
2950 438 3056 479 non
3078 435 3296 497 propter
3317 429 3491 493 aliud,

233 507 397 559 θὸντα
437 506 530 559 καὶ
558 504 823 576 κρούοντα
849 506 1041 570 νυκτὸς
1084 508 1508 579 ἀποπέμψεται;
1566 512 1664 564 Διὰ
1705 509 1815 582 γὰρ

232 597 334 667 τὴν
383 597 658 649 ἀναίδειαν
701 595 885 660 αὑτοῦ,
934 598 981 650 εί
1012 598 1085 668 μὴ
1124 597 1192 651 δι’
1216 600 1368 654 οῦδὲν
1422 600 1551 656 ἄλλο
1587 600 1812 665 ἀνοίξει.

228 687 537 750 Καὶ,πάλιν
557 704 570 718 ·
606 705 626 740 ¢
658 688 755 752 Τίς
805 689 861 756 ἐξ
890 689 1061 761 ὑμῶν,
1095 690 1154 744 δν
1186 690 1280 745 ἐὰν
1307 693 1335 745 6
1365 694 1478 758 υίὸς
1507 693 1674 748 αὑτοῦ
1724 694 1815 747 αἰ-

227 781 377 854 τήσῃ
402 779 588 851 ἄρτον,
628 799 649 835 ι
683 782 778 835 καὶ¹
806 782 875 835 τὰ
903 780 1052 850 έξῆς.
1083 782 1183 837 Διὰ
1213 783 1420 840 τούτων
1449 785 1557 857 γὰρ
1594 788 1814 841 πάντων

228 875 331 946 τὴν
362 875 599 945 ἔμμονον
625 874 821 947 σχολὴν
861 877 920 928 ὲν
954 878 1073 942 ταῖς
1101 879 1432 948 προσευχαῖς
1462 880 1595 949 ἡμῖν
1621 878 1812 933 ὑποτίο

229 967 405 1021 θεται.
445 968 847 1039 Ἐπειράθησαν
874 968 930 1022 δέ
955 986 1099 1033 τινες
1127 972 1547 1042 περιεργότερον
1576 974 1676 1040 τὴν
1705 987 1813 1025 πα-

231 1061 467 1133 ραϐολὴν
497 1061 704 1131 ταύτην
737 1059 1090 1123 ἐκλαὸέσθαι,
1120 1062 1217 1115 καὶ
1251 1062 1553 1116 ἀπεικάσαι
1582 1063 1816 1136 ἐτύλμηυ

229 1170 332 1206 σαν
365 1156 431 1224 τῇ
461 1152 712 1224 ἀληθείᾳ.
747 1154 905 1223 Χήρα
936 1153 1056 1224 μὲν,
1090 1152 1321 1224 ἔφασαν,
1346 1154 1464 1207 ἐστὶ
1492 1156 1640 1209 πᾶσα
1661 1154 1808 1227 ψυχὴ

224 1244 319 1297 τὸν
350 1244 518 1315 ἄνδρα
556 1244 902 1300 ἀποϐαλοῦσα
932 1244 1124 1313 αὑτῆς,
1154 1244 1213 1297 ὃν
1246 1241 1360 1315 εἶχε
1396 1247 1681 1319 πρότερον,
1714 1248 1808 1302 τὸν

225 1336 478 1391 διάϐολον
502 1337 667 1407 φημὶ,
696 1337 791 1390 καὶ
818 1336 906 1390 διὰ
934 1336 1094 1390 τοῦτο
1124 1336 1395 1391 ἀντίδικον
1424 1339 1585 1392 αὑτὸν
1610 1339 1808 1411 ἔχουσα

227 1428 321 1480 ἀεὶ
351 1428 730 1499 ἐπιτιθέμενον
769 1429 928 1498 αύτῇ’
979 1430 1012 1498 ἡ
1058 1427 1116 1480 δὲ
1162 1427 1525 1500 προσέρχεται
1569 1429 1647 1500 τῷ
1688 1429 1833 1501 Θεῷ

228 1523 397 1592 κριτῇ
435 1520 535 1591 τῆς
586 1519 820 1587 ἀδικίας,
875 1520 1147 1586 τουτέστι,
1183 1521 1260 1592 τῷ
1291 1522 1672 1592 κατακρίνοντι
1706 1525 1806 1587 τὴν

225 1613 470 1678 ἀδικίαν,
504 1612 561 1675 ὃς
591 1609 712 1665 οὔτε
742 1612 876 1666 Θεὸν
913 1613 1180 1683 φοϐεῖται.
1207 1615 1379 1679 Αὐτὸς
1406 1616 1515 1686 γὰρ
1545 1616 1676 1681 Θεὸς
1711 1617 1807 1686 μό-

225 1718 342 1767 νος,
374 1703 470 1756 καὶ
518 1703 617 1757 οὑκ
648 1702 761 1774 ἔχει
795 1703 857 1757 δν
887 1704 1257 1775 φοϐηθήσετκαι
1297 1708 1504 1777 ἕτερον·
1538 1709 1653 1763 ἀλλ’
1682 1708 1806 1763 οὑτε

1923 510 2147 580 aperiet.
2202 510 2267 565 Et
2307 511 2501 566 iterum
2536 529 2549 566 :
2591 533 2610 565 t
2644 513 2777 581 Quis
2820 530 2882 569 ex
2916 517 3102 584 vobis,
3132 532 3161 570 a
3192 532 3300 588 quo
3346 519 3389 573 si
3432 519 3492 574 ﬁ-

1922 600 2026 658 lius
2076 601 2193 673 ejus
2241 616 2432 672 panem
2480 610 2651 674 petat,
2677 614 2785 660 etc.
2853 624 2871 657 ›
2910 604 3116 671 Quibus
3162 607 3392 661 sollicita
3429 624 3492 662 ac

1921 703 2177 764 perpetua
2206 693 2379 748 oratio
2423 695 2813 765 praescribitur.
2849 697 2919 752 At
2969 705 3241 762 tentarunt
3273 698 3490 768 quidam

1921 785 2227 854 parabolam
2282 785 2423 840 hanc
2484 785 2752 841 curiosius
2805 802 3114 856 exponere,
3167 799 3223 845 et
3275 791 3492 846 veritati

1920 890 2238 946 comparare
2304 887 2428 934 sunt
2488 880 2605 935 ausi
2663 878 2759 949 (a).
2803 877 3028 935 Viduam
3100 883 3243 938 enim
3303 884 3494 940 dicunt

1919 982 2133 1022 omnem
2164 970 2397 1024 animam
2425 987 2565 1035 esse,
2607 972 2782 1026 virum
2819 984 2998 1028 autem
3031 976 3303 1034 dimisisse
3330 994 3489 1049 quem

1919 1060 2071 1130 prius
2103 1062 2311 1130 habuit,
2347 1063 2619 1120 diabolum
2653 1084 2667 1122 :
2717 1077 2770 1122 et
2803 1077 3024 1138 propter
3070 1068 3172 1124 hoc
3213 1071 3360 1125 illum
3391 1072 3490 1126 ha-

1919 1153 2008 1206 bet
2040 1154 2409 1210 adversarium
2444 1172 2656 1229 semper
2692 1161 3034 1216 resistentem
3082 1162 3207 1218 sibi.
3241 1162 3357 1234 Ipsa
3390 1181 3491 1221 au-

1918 1252 2027 1299 tem
2062 1246 2273 1301 accedit
2302 1248 2369 1302 ad
2404 1248 2567 1303 Deum
2598 1250 2839 1320 judicem
2894 1252 3194 1324 injustitiae,
3232 1255 3339 1311 hoc
3383 1267 3488 1318 est,

1914 1337 2365 1394 contlentnantem
2400 1341 2740 1410 iniustitiam,
2789 1345 2880 1415 qui
2917 1361 3089 1415 neque
3118 1346 3284 1402 Deum
3315 1348 3488 1403 timet.

1914 1432 2029 1504 Ipse
2057 1433 2202 1489 enim
2234 1433 2376 1490 Deus
2400 1436 2551 1492 solus
2578 1451 2682 1491 non
2714 1436 2875 1494 habet
2905 1455 3062 1508 quem
3089 1440 3277 1494 timeat
3303 1440 3489 1507 alium,

1913 1528 2004 1581 sed
2024 1541 2202 1598 neque
2225 1526 2496 1582 hominem
2524 1539 2839 1598 reveretur;
2867 1531 3005 1587 Deus
3027 1535 3168 1587 enim
3199 1548 3488 1603 personam

1914 1616 2149 1672 hominis
2196 1633 2305 1672 non
2354 1617 2542 1689 recipit
2566 1618 2633 1673 θ’.
2669 1620 2804 1674 Huic
2834 1620 3026 1689 vidua},
3057 1637 3176 1692 quae
3208 1623 3333 1678 dum
3367 1635 3491 1679 orat

1912 1708 2186 1767 continuis
2219 1711 2473 1779 precibus
2508 1723 2726 1783 propter
2755 1714 3128 1771 adversarium
3181 1731 3336 1772 suum
3369 1717 3488 1773 dia-

226 1794 518 1867 ἄνθρωπον
544 1794 881 1866 αἰσχύνεται,
907 1796 1042 1860 Θεὸς
1064 1797 1172 1869 γὰρ
1198 1797 1493 1870 πρόσωπον
1520 1799 1807 1870 ἀνθρώπου

1915 1801 2123 1868 bolum,
2153 1803 2442 1859 miseretur
2474 1804 2634 1869 Deus,
2681 1815 2735 1861 et
2786 1807 3034 1877 placatur
3078 1820 3300 1880 propter
3348 1811 3490 1867 assi-

224 1888 288 1941 οὑ
345 1886 637 1956 λαμϐάνει.
689 1887 910 1960 Ταύτην
961 1887 1060 1960 τὴν
1112 1890 1291 1961 χήραν
1333 1890 1511 1962 ψυχὴν
1549 1890 1812 1965 δεομένην

223 1979 324 2035 τοῦ
352 1979 487 2034 Θεοῦ
529 1981 765 2052 συνεχῶς
804 1982 893 2036 διὰ
917 1982 1007 2037 τὸν
1038 1984 1306 2039 ἀντίδικον
1340 1988 1510 2058 αὑτῆς
1540 1988 1808 2056 διάϐολον,

226 2071 494 2142 οίκτείρει
524 2074 552 2125 6
581 2072 1290 2148 Θεὸς-καταδυσωπησὰσης
1318 2078 1483 2133 αὐτὸν
1516 2079 1612 2149 τῆς
1641 2097 1810 2151 προσ-

226 2162 443 2234 εδρείας
475 2163 694 2235 ταύτης.
730 2166 916 2220 Ταῦτα
946 2166 1042 2237 μὲν
1068 2167 1162 2222 οὖν
1193 2169 1299 2240 ὅτῳ
1331 2170 1502 2239 φίλον,
1547 2170 1807 2242 δεχέσθω.

227 2256 513 2328 Παρετέθη
552 2257 682 2329 γὰρ,
713 2257 800 2312 ἵνα
849 2261 925 2330 μὴ
972 2262 1295 2330 ἁγνοῶνται.
1332 2264 1480 2334 Πλὴν
1513 2265 1685 2320 ταῦτα
1727 2267 1825 2322 διυ’

225 2346 396 2411 δάξας
437 2347 585 2416 ἡμᾶς
628 2351 656 2400 6
694 2350 896 2421 Κύριος
938 2353 1065 2423 περὶ
1098 2355 1190 2407 τού
1245 2356 1355 2410 δεῖν
1384 2359 1806 2431 προσεύχεσθαι,

226 2439 323 2491 καὶ
383 2439 691 2506 ὑποδείξας,
741 2443 825 2496 ὃτι
873 2446 922 2497 εί
955 2438 1111 2510 οὗτος
1153 2449 1180 2501 6
1227 2448 1447 2521 ἄνομος,
1502 2454 1597 2527 καὶ
1629 2457 1808 2528 πάσης

225 2532 433 2597 κακίας
502 2536 933 2608 πεπληρωμένος
985 2538 1220 2615 ᾤκτειρε
1278 2547 1344 2615 τῇ
1409 2536 1660 2621 συνεχείᾳ
1707 2550 1809 2621 τῆς

223 2625 489 2694 δεήσεως,
532 2629 683 2700 πόσῳ
736 2631 937 2701 μᾶλλον
981 2636 1008 2688 6
1037 2634 1172 2700 Θεὸς
1201 2639 1229 2690 6
1256 2639 1436 2710 πάσης
1462 2640 1809 2716 δικαιοσύνης

223 2718 473 2791 ἀρχηγὸς
509 2722 568 2774 οὑ
616 2724 860 2793 ποιήσειε
899 2726 997 2797 τὴν
1024 2729 1303 2801 ἐκδίκησιν
1334 2733 1391 2785 ἐν
1429 2736 1604 2807 τάχει,
1630 2737 1808 2793 καίτοι

224 2810 627 2881 μακροθυμῶν,
668 2816 762 2868 καὶ
803 2817 1127 2888 φαινόμενος
1163 2822 1521 2894 ἀνηκουστεῖν
1556 2828 1665 2880 τῶν
1690 2830 1809 2883 δεο-

227 2902 412 2972 μένων
439 2903 605 2958 αὑτοῦ
634 2907 827 2971 νυκτὸς
854 2910 947 2962 καὶ
970 2911 1212 2983 ἡμέρας;
1236 2915 1422 2971 Ταῦτα
1443 2917 1536 2972 οὖν
1561 2919 1804 2987 διδάξας,

223 2994 325 3047 καὶ
370 2995 550 3065 δείξας
585 2999 738 3068 ἡμῖν,
786 3001 870 3053 ὅτι
912 3004 970 3055 ἐν
1011 3003 1090 3073 τῷ
1131 3006 1307 3077 καιρῷ
1340 3008 1437 3079 τῆς
1495 3012 1808 3078 συντελείας

219 3087 292 3156 τῇ
329 3091 607 3159 προσευχῇ
657 3092 925 3162 χρηστέον
980 3095 1118 3166 πρὸς
1164 3098 1290 3161 τοὺς
1350 3099 1647 3169 μέλλοντας
1681 3107 1801 3159 τότε
1830 3129 1874 3189 C

220 3178 508 3244 κινδύνους
553 3182 1284 3260 ἐπιγενήσεσθαι,ἑπιφέρει,
1327 3192 1429 3260 ὅτι,
1467 3194 1528 3248 '0
1551 3196 1676 3261 Υἱὸς
1710 3197 1805 3251 τοῦ

220 3269 520 3343 ἀνθρώπου
570 3269 678 3345 ἆρα
718 3274 891 3330 ἐλθὼν
940 3277 1164 3350 εὑρήσει
1214 3281 1315 3355 τὴν
1370 3290 1551 3339 πίστιν
1580 3288 1673 3341 ἐπὶ
1705 3289 1806 3359 τῆς

219 3361 366 3431 γῆςς
391 3364 450 3417 ὲν
499 3365 741 3436 σχήματι
800 3367 1123 3439 ἐρωτήσεως
1182 3371 1245 3426 τὸ
1285 3375 1510 3430 σπάνιον
1548 3377 1655 3431 τῶν
1682 3379 1805 3434 τότε

220 3450 678 3522 εὑρεθησομένων
714 3456 922 3512 πιστῶν
950 3458 1364 3533 ὑποσημαίνων.
1398 3467 1665 3523 Τοσοῦτον
1695 3472 1805 3542 γὰρ

221 3545 637 3615 κατακρατήσει
688 3548 808 3601 τότε
836 3550 865 3602 6
913 3551 1026 3616 υἱὸς
1072 3554 1171 3623 τῆς
1205 3557 1458 3628 ἀνομίας,
1494 3560 1637 3615 ὥστε
1668 3564 1806 3618 πλα-

220 3632 322 3701 νᾷν
361 3633 455 3686 καὶ
501 3637 627 3698 τοὺς
675 3638 989 3707 ἐκλεκτοὺς,
1038 3645 1089 3698 εί
1138 3644 1379 3701 δυνατόν.
1420 3650 1588 3705 Εῖωθε
1616 3653 1673 3707 δὲ
1711 3654 1805 3708 ἐπὶ

219 3720 318 3774 τοῦ
352 3725 590 3791 σπανίως
621 3730 1017 3803 εὑρισκομένου
1039 3774 1053 3800 ,
1076 3734 1155 3807 τῷ
1192 3738 1593 3814 ἐρωτηματικῷ
1619 3745 1805 3817 τρόπῳ

220 3815 483 3884 χρᾶσθαι,
533 3819 608 3884 ὼς
650 3821 747 3877 καὶ⁵
772 3825 865 3878 ἐπὶ
902 3825 996 3879 τοῦ
1019 3843 1033 3857 ο
1090 3827 1185 3891 Τίς
1230 3831 1339 3901 ἄρα
1377 3816 1524 3888 ἐστιν
1551 3838 1580 3889 6
1612 3815 1803 3903 πιστὸς

219 3907 430 3973 δοῦλος,
453 3912 547 3964 καὶ
576 3915 875 3985 φρόνιμος;
904 3920 1015 3973 Καὶ
1043 3921 1281 3975 ἐνταῦθα
1311 3919 1404 3978 οὖν
1433 3925 1494 3979 τὸ
1520 3927 1652 3982 αὑτὸ
1678 3930 1806 3984 ὑπο-

221 3999 421 4069 δηλῶν,
457 4004 549 4055 καὶ
574 4005 655 4058 ὅτι
690 4006 935 4078 βραχεῖς,
962 4013 1059 4067 καὶ
1085 4014 1356 4082 ὀλιγόστοι
1382 4016 1593 4076 ἔσονται
1627 4025 1674 4076 oi
1704 4023 1802 4094 τὴν

220 4092 359 4160 πρός
388 4111 446 4146 τε
470 4096 564 4148 τὸν
586 4097 738 4165 Θεὸν,
772 4102 867 4154 καὶ
908 4105 1045 4175 πρὸς
1071 4106 1561 4187 ἀλλήλους-πίστιν
1602 4092 1805 4182 φυλάτ-

217 4200 427 4250 ⁵εοντες,
454 4190 522 4279 τῇ
557 4192 822 4261 ἐρωτήσει
852 4195 1024 4268 ταύτῃ
1047 4198 1340 4270 ἐχρήσατο.
1371 4203 1612 4269 Είκότως
1646 4207 1702 4259 δὲ
1733 4210 1799 4279 τῇ

221 4279 352 4345 περὶ
389 4276 482 4331 τοῦ
512 4281 913 4355 προσεύχεσθαι
948 4291 1272 4361 παραινέσει
1296 4294 1387 4348 τὸν
1412 4299 1541 4369 περὶ
1573 4298 1675 4369 τῆς
1712 4276 1804 4353 πί)

221 4383 394 4431 στεως
420 4370 600 4462 Δλύγον
625 4374 978 4448 ὲπισυνῆψεν.
1020 4382 1238 4456 Ἐπειδὴ
1277 4387 1384 4457 γὰρ
1414 4389 1595 4460 πάσης
1629 4409 1798 4462 προσο

1914 1891 2175 1947 duitatem
2203 1894 2342 1964 ejus.
2385 1894 2534 1961 ilice,
2564 1896 2654 1966 qui
2684 1897 2845 1965 volet,
2880 1908 2935 1954 et
2980 1899 3066 1954 cui
3121 1899 3356 1970 placent,
3388 1916 3484 1956 su-

1912 1983 2126 2053 scipiat.
2183 1985 2462 2056 Proposita
2494 1989 2638 2044 enim
2686 2000 2811 2045 sunt
2836 2007 2901 2046 ne
2949 1991 3279 2059 ignorentur.
3322 1994 3483 2066 Atqui

1912 2074 2175 2135 Dominus
2200 2079 2312 2135 hinc
2360 2095 2458 2136 nos
2508 2081 2715 2151 docuit,
2772 2083 2913 2153 quod
2970 2095 3217 2155 oporteat
3270 2101 3486 2157 semper

1910 2184 2068 2226 orare
2102 2187 2117 2226 :
2149 2181 2203 2227 et
2252 2188 2346 2242 per
2379 2175 2686 2245 exemplum
2743 2175 3021 2243 indicavit,
3073 2180 3219 2250 quod
3268 2180 3428 2234 ctiam
3466 2180 3482 2233 i

1912 2262 2016 2316 iste
2048 2262 2262 2333 iniquus
2290 2277 2342 2321 et
2368 2269 2516 2323 omni
2552 2270 2753 2324 malitia
2785 2269 2993 2338 plenus,
3024 2272 3373 2328 misereretur
3400 2281 3484 2325 ta-

1912 2368 2034 2408 men
2066 2354 2135 2409 ob
2174 2357 2453 2413 continuas
2485 2374 2694 2429 preces,
2724 2371 2924 2431 quanto
2951 2366 3121 2433 magis
3148 2364 3289 2419 Deus
3309 2365 3484 2419 omnis

1903 2444 2128 2514 justitize
2174 2447 2280 2502 dux
2329 2464 2433 2505 non
2479 2450 2640 2507 faciet
2687 2453 2834 2508 brevi
2890 2454 3199 2520 vindictam,
3238 2458 3484 2525 quamvis

1911 2540 2141 2608 dilferat,
2167 2551 2221 2597 et
2242 2543 2487 2599 videatur
2510 2561 2611 2601 non
2642 2547 2832 2602 audire
2852 2556 3072 2610 orantes
3087 2550 3175 2603 die
3206 2562 3269 2603 ac
3292 2548 3486 2603 nocte?

1910 2634 2095 2706 Itaque
2129 2638 2219 2708 qui
2248 2638 2431 2693 docuit
2460 2647 2514 2694 et
2543 2643 2863 2697 monstravit
2892 2643 3044 2698 nobis
3078 2642 3221 2714 quod
3250 2642 3304 2697 in
3341 2653 3483 2698 tem-

1910 2744 2040 2801 pore
2071 2730 2552 2786 consummationis
2582 2733 2763 2788 saeculi
2791 2747 2926 2803 opus
2949 2734 3019 2789 sit
3047 2735 3311 2799 oratione,
3337 2745 3395 2789 ut
3427 2734 3480 2787 in

1911 2822 2106 2877 futuris
2136 2823 2390 2892 periculis
2422 2824 2619 2880 durare
2650 2827 2941 2894 valeamus,
2974 2828 3156 2883 subdit
3189 2847 3203 2880 :
3231 2826 3480 2897 Nunquid

1910 2912 2077 2968 Filius
2096 2915 2329 2970 hominis
2342 2931 2464 2971 cum
2486 2919 2713 2982 venerit,
2735 2919 2969 2974 inveniet
2985 2919 3140 2975 ﬁdem
3159 2921 3211 2973 in
3238 2929 3380 2974 terra
3397 2919 3481 2973 ’°?

1908 2994 2022 3073 Qua
2057 3008 2495 3078 interrogationis
2523 3010 2689 3081 ﬁgura
2721 3027 2874 3067 raros
2902 3012 3031 3067 dicit
3056 3023 3185 3067 tunc
3209 3011 3481 3066 invenien-

1908 3100 2005 3155 dos
2034 3100 2238 3157 ﬁdeles.
2273 3101 2330 3156 In
2356 3110 2559 3157 tantum
2591 3105 2734 3159 enim
2769 3107 3060 3161 int'alcscet
3097 3104 3240 3162 lilius
3278 3105 3480 3175 iniqui-

1910 3192 2057 3259 tatis,
2090 3201 2141 3247 ut
2171 3194 2355 3258 etiam,
2382 3196 2426 3250 si
2461 3196 2717 3267 possibile
2750 3208 2916 3262 esset,
2946 3199 3231 3254 setluceret
3257 3198 3477 3255 electos.

1908 3284 1964 3340 In
1994 3287 2132 3342 raris
2175 3285 2319 3343 enim
2365 3288 2503 3344 solet
2543 3290 2849 3359 huiusmodi
2895 3293 3265 3365 interrogandi
3309 3293 3478 3365 ﬁgura

1908 3379 2008 3443 uti,
2038 3379 2177 3436 sicut
2199 3390 2254 3436 et
2276 3397 2397 3436 eum
2429 3382 2560 3439 dicit
2592 3400 2608 3439 :
2633 3383 2764 3452 Quis
2786 3401 2942 3459 putas
2971 3389 3143 3447 ﬁdelis
3165 3400 3217 3447 et
3244 3393 3486 3462 prudens

1909 3473 2132 3527 servus?
2160 3475 2339 3543 Atque
2366 3474 2470 3531 hoc
2489 3474 2608 3532 loco
2632 3478 2769 3533 idem
2797 3480 3128 3552 significans,
3153 3489 3300 3554 quod
3327 3491 3483 3557 pauci

1898 3580 2134 3618 uutnero
2160 3563 2321 3637 433
2345 3576 2504 3621 erunt
2530 3568 2618 3638 qui
2644 3584 2770 3639 erga
2798 3569 2962 3626 Deum
2987 3583 3042 3628 et
3064 3573 3214 3632 inter
3236 3595 3293 3635 se
3324 3582 3480 3637 ﬁdem

1906 3656 2224 3722 servabunt,
2260 3661 2360 3713 hac
2412 3659 2837 3732 interrogatione
2864 3679 2995 3719 usus
3022 3679 3132 3724 cst.
3163 3669 3359 3726 Merito
3382 3688 3483 3728 au-

1907 3756 2012 3800 tetn
2048 3750 2283 3803 sermoni
2333 3751 2399 3805 de
2432 3754 2680 3808 oratione
2728 3770 3041 3814 sermonem
3093 3760 3159 3816 de
3204 3761 3308 3818 fide
3353 3780 3484 3820 con-

1907 3840 2115 3905 nexuit,
2161 3842 2415 3911 quoniam
2455 3844 2634 3900 omnis
2671 3847 2937 3903 orationis
2972 3848 3380 3909 fundamentum
3404 3871 3484 3933 .ac

1905 3930 2051 3986 basis
2085 3943 2167 3988 est
2208 3932 2363 3990 fides.
2413 3935 2523 3992 Nisi
2574 3938 2718 3992 enim
2755 3939 3058 3997 crediderit
3108 3944 3301 4013 homo,
3340 3930 3481 4017 quod

1907 4025 2009 4080 hoc
2038 4026 2181 4095 quod
2230 4027 2363 4097 petit
2408 4039 2730 4101 accepturus
2762 4031 2836 4086 sit
2884 4032 2938 4089 in
2969 4049 3120 4090 suam
3155 4038 3441 4092 utilitatem
3462 4081 3479 4101 ,

1909 4133 2049 4173 vana
2089 4131 2174 4174 est
2205 4121 2383 4177 oratio
2413 4137 2577 4191 quant
2607 4123 2761 4180 facit.
2795 4125 2865 4182 Et.
2897 4140 3183 4200 propterea
3219 4130 3481 4186 Dominus

1903 4206 1970 4260 de
2007 4207 2251 4263 oratione
2283 4210 2507 4277 docens,
2542 4211 2704 4267 etiam
2738 4215 2861 4272 ﬁdei
2898 4220 3162 4287 meminit,
3196 4222 3480 4276 declarans

1905 4296 2143 4364 interim,
2187 4315 2477 4371 paucorum
2509 4303 2625 4360 fore
2655 4314 2786 4361 tunc.
2810 4323 2970 4366 orare
2997 4329 3010 4366 :
3042 4315 3476 4385 quandoquidem

1904 4388 2037 4444 ﬁdes
2069 4391 2121 4444 in
2152 4394 2341 4462 paucis
2385 4394 2705 4451 invenietur.
2741 4398 2912 4470 igitur
2954 4420 3078 4459 cum
3114 4409 3322 4462 venerit
3373 4407 3479 4463 Do-
3546 4457 3559 4468 .

217 4458 384 4562 τύχης
409 4458 628 4531 βάθρον,
665 4466 760 4518 καὶ
795 4471 1054 4542 κρηπὶςή
1085 4472 1301 4539 πίστις’
1361 4481 1410 4532 εἰ
1463 4458 1683 4553 μὴῗγὰρν
1704 4501 1796 4537 πι-

1910 4483 2085 4539 minus
2114 4485 2165 4540 in
2199 4486 2452 4553 nubibus,
2485 4504 2592 4544 non
2617 4490 2859 4550 inveniet
2883 4495 3039 4554 [idem
3066 4514 3227 4570 super
3252 4510 3471 4565 terram,

221 4549 439 4601 στεύσει
467 4552 495 4603 6
521 4553 828 4625 ἄνθρωπος,
861 4560 941 4611 ὅτι
970 4560 998 4613 ὃ
1024 4563 1118 4616 ἐὰν
1157 4566 1379 4640 αἰτήσῃ,
1406 4549 1794 4645 λήψεται-πρὸς

217 4640 279 4692 τὸ
340 4645 620 4713 συμφέρον
645 4688 659 4710 ,
691 4650 894 4717 ματαία
925 4653 958 4722 ἡ
994 4659 1289 4729 προσευχὴ,
1315 4661 1380 4728 ἣν
1411 4664 1643 4717 ποιεῖται
1663 4680 1681 4698 °
1705 4640 1799 4722 διὰ

217 4729 381 4783 τοῦτο
414 4735 440 4785 6
478 4734 681 4804 Κύριος
729 4743 859 4810 περὶ
914 4744 1007 4797 τοῦ
1062 4750 1461 4820 προσεύχεσθαι
1509 4753 1797 4824 διδάσκων,

217 4824 437 4892 καὶτῆς
497 4827 734 4895 πίστεως
768 4833 1112 4909 ἐπεμνήσθη,
1168 4840 1343 4911 δηλῶν
1377 4850 1794 4919 κεκρυμμένως,

1903 4575 2006 4630 nisi
2036 4577 2088 4631 in
2124 4579 2333 4647 paucis.
2362 4578 2546 4637 Faciet
2578 4593 2764 4641 autem
2796 4586 2938 4643 hanc
2980 4600 3107 4646 tunc
3136 4607 3150 4643 :
3188 4592 3341 4645 inviti
3371 4608 3472 4646 au-

1901 4676 2006 4724 tem
2028 4684 2218 4726 omnes
2241 4672 2648 4732 conﬁtebuntur
2666 4681 2810 4750 quod
2833 4680 3093 4738 Dominus
3123 4682 3280 4739 Jesus
3316 4685 3473 4741 Chri-

1899 4768 2017 4828 stus
2049 4761 2100 4814 in
2138 4762 2308 4832 gloria
2354 4775 2440 4819 est
2470 4765 2563 4822 Dei
2600 4767 2779 4825 Patris
2809 4786 2826 4825 :
2871 4772 2914 4827 si
2946 4775 3160 4844 quidem
3196 4776 3309 4831 haec
3342 4775 3471 4831 ﬁdes

1895 4852 2137 4906 vocanda
2168 4863 2272 4920 est,
2304 4865 2359 4910 et
2388 4872 2493 4912 non
2531 4862 2716 4931 potius
2744 4867 3059 4922 necessitas.
3092 4867 3278 4922 Nullus
3324 4871 3465 4925 enim

213 4911 297 4964 ὄτι
323 4912 520 4982 ὀλίγων
562 4916 714 4972 ἔσται
745 4925 839 4975 καὶ
884 4927 944 4976 τὸ
992 4930 1392 5001 προσεύχεσθαι
1426 4911 1571 5003 τύτε,
1600 4911 1797 5014 ’ἐπειδη

2258 4911 2269 4920 ,
2484 4911 2490 4912 ,
2535 4911 2713 4931 Γπ-
2744 4911 3059 4922 ,,-.,,-,.-..-.

1910 4942 2001 4998 erit
2032 4944 2328 5001 inﬁdelium
2359 4948 2448 5018 qui
2472 4961 2582 5008 n'on
2618 4956 2805 5012 credet
2835 4960 2978 5027 quod
3010 4960 3156 5016 solus
3187 4961 3258 5017 sit
3286 4962 3468 5017 Salva-

215 5006 311 5056 καὶ
332 5006 366 5076 ἡ
395 5006 573 5072 πίστις
597 5011 653 5063 ἐν
683 5012 883 5082 ὀλίγοις
907 5017 1288 5089 εὑρεθήσεται.
1334 5026 1537 5083 Ἐλθὼν
1573 5033 1672 5102 μὲν
1701 5006 1796 5090 οὖν

1917 5040 2049 5104 oris,
2086 5055 2244 5110 quem
2279 5052 2437 5100 antea
2469 5046 2892 5120 blasphemarat.

212 5102 501 5225 6‘detog‘
524 5107 591 5225 ἐξ
633 5110 906 5225 νεφέλαις,
965 5114 1063 5225 οὑχ
1090 5117 1312 5225 εὑρήσει
1337 5123 1451 5225 ,τὴν
1483 5128 1666 5183 πίστιν
1700 5133 1795 5186 ἐπὶ
1830 5135 1931 5206 τῆς
1960 5102 2177 5208 γῆςξερί
2213 5137 2287 5213 μὴ
2313 5138 2421 5213 ἄρα
2487 5144 2546 5196 ὲν
2568 5102 2804 5215 Ἱόλίγοις
2827 5188 2843 5215 ,
2893 5151 3106 5218 ποιήσει
3157 5152 3212 5205 δὲ
3266 5154 3467 5225 ταύτην

1410 5194 1413 5195 ν
1887 5194 1925 5206 ,ν
1971 5194 1983 5205 .
2019 5194 2084 5208 .n
2213 5194 2224 5210 .
2275 5194 2287 5213 .
2320 5194 2417 5213 κιρ
2493 5194 2536 5196 --
2609 5194 2843 5215 νην-ν,
2900 5194 3106 5218 ..ν-η--.
3158 5194 3212 5205 η
3276 5194 3466 5225 ...ην

208 5194 356 5262 ﬁt"
411 5201 505 5252 καὶ
560 5202 785 5270 ἄκοντες
828 5209 933 5279 γὰρ
983 5212 1181 5277 πάντες
1234 5216 1682 5288 ὁμολογήσουσιν.
1743 5227 1825 5279 ὅτι
1864 5229 2070 5298 Κύριος
2117 5234 2321 5304 Ἰησοῦς
2378 5239 2456 5299 είς
2496 5239 2652 5304 δόξαν
2708 5240 2843 5295 Θεοῦ
2884 5246 3113 5318 Πατρδς,
3148 5249 3242 5301 καὶ
3287 5248 3341 5301 εἴ
3404 5266 3467 5318 γε

210 5294 316 5318 ..-ι
354 5295 516 5318 ,ξπ-,Α
621 5302 631 5315 ν
820 5305 892 5318 ιιι
920 5308 929 5318 ι
1040 5308 1049 5318 ι
1108 5310 1117 5318 .
1179 5311 1189 5318 .

210 5294 319 5362 χρὴ
350 5295 522 5349 ταῦτα
569 5302 773 5367 πίστιν,
808 5305 944 5359 ἀλλὰ
992 5308 1066 5378 μὴ
1096 5310 1343 5384 ἀνάγκην
1399 5317 1593 5384 εἰπεῖν,
1621 5321 1795 5385 οὐδεὶς

208 5388 406 5463 Σωτὴρ
432 5395 460 5446 6
482 5398 612 5468 παρ’
643 5401 809 5455 αὑτοῦ
846 5405 976 5473 πρὶν
994 5405 1499 5482 βλασφημούμενος.

314 5550 360 5583 ⁸³
416 5551 590 5608 Calat.
641 5572 700 5619 tt,
737 5557 790 5613 6.
870 5561 918 5593 ’°
971 5560 1104 5619 Luc.
1158 5581 1309 5632 xvm,
1350 5568 1403 5624 8.

1831 5325 1943 5379 τῶν
1978 5328 2222 5385 ἀπίστων
2262 5334 2432 5398 ἔσται,
2494 5335 2553 5401 ὃς
2613 5338 2674 5392 ού
2740 5341 3039 5410 πιστεύσει,
3095 5346 3176 5399 ὅτι
3247 5348 3401 5413 αύνος
3440 5352 3469 5404 6

290 5724 373 5798 (ἁ)
411 5722 552 5783 Edit.
599 5732 719 5791 Lut.
776 5753 882 5792 non
943 5741 1123 5810 Italici,
1159 5759 1205 5801 et
1242 5749 1446 5804 writatt
1505 5767 1811 5823 comparare
1846 5768 1965 5811 sunt
1993 5760 2134 5814 ausi.

469 5826 737 5888 PATltOL.
779 5831 895 5890 Gn.
931 5834 1203 5899 CXXI”.
