3932 6456
244 379 385 446 10ῦὸ

913 380 1355 444 ENARRATIO
1392 379 1473 441 IN
1513 369 2015 441 EVANGELIUM
2048 377 2281 440 LUCJE.
2322 403 2393 416 -·
2425 379 2582 440 CAP.
2634 380 2855 446 XVIII.

3362 381 3498 449 1006

237 494 385 565 '090
415 492 471 546 δὲ
503 493 610 547 κάν
632 493 697 564 τῇ
728 493 819 546 τοῦ
842 492 1139 564 Φαρισαίου
1166 493 1299 565 εύχῇ
1320 491 1470 559 τάξιν
1498 472 1823 545 ὑποδεικνύ-

1930 500 2103 542 erant.
2141 489 2287 545 Dixit
2321 492 2463 546 enim
2502 508 2517 545 :
2552 490 2666 547 Non
2695 508 2815 548 sum
2843 493 2983 549 sicut
3013 493 3167 550 multi
3194 495 3497 565 hominum.

242 588 414 656 μένην
459 586 615 657 ἡμῖν.
680 586 953 656 Πρότερον
982 585 1088 656 γὰρ
1121 581 1275 639 εἶπεν
1317 584 1353 639 ἃ
1409 585 1509 638 οὒκ
1548 583 1689 648 ἔστι,
1726 581 1823 635 καὶ

1924 579 2010 633 illa
2040 593 2093 635 et
2119 580 2207 636 illa
2230 624 2246 649 ,
2280 582 2477 638 deinde
2524 586 2777 655 apposuit
2802 600 2920 655 quae
2973 587 3191 645 virtutis
3227 602 3411 657 erant,
3446 602 3507 649 ut

237 678 362 729 τότε
415 675 705 742 κατέλεξεν
736 676 772 730 ἃ
816 677 984 731 ἔστιν.
1044 675 1229 730 Εἰπὼν
1264 675 1393 746 γὰρ,
1422 674 1545 729 Ὀτι
1572 675 1672 728 οὐκ
1707 673 1824 742 εἰμὶ

1930 670 2167 740 iejunare
2196 674 2278 729 bis
2310 674 2362 729 in
2397 673 2659 741 Sabbato,
2692 685 2747 730 et
2778 677 3017 734 decimas
3054 678 3186 735 dare
3228 679 3295 735 de
3329 683 3504 738 omni-

234 765 386 826 tb;oi
436 766 621 820 πολλοὶ
658 767 770 819 τῶν
820 767 1125 838 ἀνθρώπων
1168 766 1293 821 τάδε
1327 767 1423 821 καὶ
1477 765 1625 833 τάδε,
1652 781 1822 835 προσ-

225 856 407 925 ’ἑθηκε
439 859 533 912 καὶ
556 858 625 912 τά
647 859 746 929 τῆς
770 859 997 930 ἀρετῆς,
1028 860 1089 913 τὸ
1118 860 1406 932 νηστεύειν
1439 858 1522 923 δὶς
1563 858 1657 912 τοῦ
1685 858 1825 911 Σαϐ-

239 949 432 1011 ϐάτου,
466 932 561 1004 καὶ
589 950 652 1005 τὸ
672 951 1045 1005 ἀποδεκατοῦν
1074 953 1176 1007 ὅσα
1215 954 1433 1007 κτᾶται.
1474 938 1567 1005 Δεῖ
1603 950 1712 1023 γὰρ
1746 952 1823 1023 μὴ

239 1040 516 1095 ἐκκλίνειν
549 1042 708 1111 μόνον
740 1043 850 1096 άπὸ
879 1042 1075 1105 κακοῦ,
1104 1043 1239 1098 ἀλλὰ
1272 1044 1365 1097 καὶ
1392 1045 1568 1097 ποιεῖν
1597 1043 1820 1112 ἀγαθόν.

236 1134 352 1189 Καὶ
391 1136 659 1207 πρότερον
699 1136 782 1189 δεῖ
811 1136 1147 1209 ἀποσχέσθαι
1172 1138 1271 1210 τῆς
1301 1137 1528 1201 κακίας,
1565 1138 1661 1192 καὶ
1699 1137 1822 1191 τότε

237 1230 305 1298 τῇ
337 1228 508 1301 ἀρετῇ
537 1228 910 1301 ἐπιχειρῆσαι,
936 1228 1126 1302 ῶσπερ
1154 1225 1246 1285 οὖν
1279 1232 1373 1284 καὶ
1416 1230 1599 1301 πηγῆς
1630 1228 1823 1300 βορϐο-

242 1319 519 1390 ρωθείσης
550 1319 694 1393 ὕδωρ
730 1322 946 1393 μέλλων
980 1322 1370 1393 ἀπαρύσασοαι
1395 1322 1655 1396 καθαρὸν,
1692 1323 1827 1396 πρό-

235 1427 399 1481 τερον
433 1411 743 1485 ἑκκάθαρον
792 1414 886 1467 τὸν
942 1414 1228 1486 βόρϐορον,
1260 1417 1356 1470 καὶ
1403 1416 1527 1469 τότε
1557 1418 1741 1490 άρύσῃ
1766 1418 1826 1471 τὸ

240 1503 507 1575 καθαρόν.
539 1504 651 1559 Καὶ
681 1504 841 1560 τοῦτο
876 1506 934 1562 δὲ
962 1507 1357 1579 ἐπισκόπησον,
1379 1508 1495 1572 πῶς
1523 1509 1621 1562 οὐκ
1648 1505 1823 1577 εἶπεν,

240 1595 327 1649 ὅτι
362 1597 465 1649 οὐκ
501 1596 623 1667 είμὶ
642 1597 719 1661 ὡς
753 1599 801 1651 οξ
839 1597 1048 1662 πολλοὶ,
1082 1599 1290 1671 ἅρπαξ,
1334 1600 1543 1679 μοιχὸς,
1576 1600 1697 1654 οὐδὲ
1718 1602 1826 1672 γάρ

238 1688 571 1756 κατεδέξατο
603 1692 737 1762 ἄχρι
760 1692 856 1745 καὶ
879 1692 1125 1763 ῥήματος
1151 1691 1309 1763 ψιλοῦ
1350 1692 1520 1764 δνομα
1541 1692 1827 1765 διαϐεϐληο

242 1779 410 1851 μένον
472 1780 550 1852 τῷ
606 1783 801 1837 ἑαυτοῦ
856 1784 1135 1856 προσώπῳ
1186 1784 1491 1855 μοναδικῶς
1524 1785 1823 1856 προσάψαι,

240 1869 385 1924 ἀλλὰ
428 1871 811 1942 πληθυντικῶς
860 1876 975 1938 τοῖς
1025 1874 1236 1940 λοιποῖς
1296 1874 1607 1948 ἀνθρώποις
1650 1874 1827 1930 ταῦτα

242 1963 638 2035 προσέρῤιψεν.
669 1965 854 2020 Εἰπὼν
901 1966 958 2020 δὲ
1008 1967 1130 2021 Ὅτι
1161 1968 1262 2043 οὐκ
1294 1969 1410 2039 εἰμὶ
1440 1968 1515 2031 ὡς
1552 1970 1599 2022 οἱ
1626 1967 1822 2035 λοιποὶ,

242 2054 519 2128 ἀντέθηκε
578 2056 756 2129 τούτῳ
796 2057 875 2124 τὸ,
934 2057 1199 2131 Νηστεύω
1249 2059 1331 2124 δὶς
1380 2059 1475 2114 τοῦ
1522 2060 1823 2127 Σαϐϐάτου,

242 2147 517 2215 τουτέστι,
570 2148 824 2223 δεύτερον
849 2151 948 2223 τῆς
998 2150 1312 2224 ἑϐδομάδος.
1348 2150 1627 2209 Σάϐϐατον
1656 2154 1765 2227 γὰρ
1790 2155 1825 2226 ἡ

247 2238 488 2310 ἑϐδομὰς
528 2239 764 2309 ἐλέγετο,
790 2241 898 2296 άπδ
929 2241 1028 2315 τῆς
1050 2242 1375 2309 τελευταίας
1398 2244 1494 2299 καὶ
1520 2243 1827 2300 ἀναπαυσί-

245 2345 355 2400 μου
381 2331 592 2401 ἡμέρας
615 2331 1016 2406 ὀνομαζομένη,
1048 2334 1264 2388 Σαϐϐὰτ
1289 2335 1399 2407 γάρ
1426 2336 1459 2407 ἡ
1490 2336 1824 2404 ἀνάπαυσις,

241 2423 344 2475 καὶ
376 2422 631 2478 Σάϐϐατα
657 2425 715 2479 δὲ
752 2427 854 2498 τὴν
884 2426 1157 2498 ἑϐδομάδα
1202 2426 1392 2496 ἔλεγον
1421 2428 1824 2500 πληθυντικῶς.

245 2512 417 2568 Ὅθεν
447 2516 541 2569 καὶ
577 2516 708 2587 μίαν
751 2518 1048 2573 Σαϐϐἀτων
1081 2520 1180 2589 τὴν
1206 2520 1432 2593 πρώτην
1474 2522 1690 2594 ἡμέραν
1726 2525 1829 2591 τῆς

242 2603 542 2676 ἑϐδομάδος
590 2608 690 2680 τὴν
739 2610 869 2681 παρ’
900 2612 1033 2682 ἡμῖν
1086 2612 1374 2685 Κυριακὴν
1396 2614 1645 2669 ἐκάλουνο
1676 2616 1829 2688 7:095.

243 2695 360 2766 γὰρ
397 2696 673 2770 Ἑϐραίοις
702 2700 763 2753 τὸ
801 2701 931 2771 μίαν
957 2704 1155 2757 ταυτὸν
1183 2705 1439 2775 σημαίνει
1471 2705 1548 2778 τῷ
1580 2704 1824 2779 πρώτην.

251 2787 449 2853 Ὀντος
474 2791 570 2843 καὶ
597 2790 787 2863 ἑτέρου
811 2792 973 2861 λόγου
1004 2794 1328 2868 βαθυτέρουο
1352 2798 1488 2868 πρὸς
1518 2785 1617 2869 μὲν
1643 2797 1735 2853 οὖν
1768 2800 1830 2853 τὸ

244 2881 351 2950 τῆς
374 2882 619 2952 μοιχείας
649 2883 819 2946 πάθος
847 2884 948 2957 τὴν
990 2887 1245 2958 νηστείαν
1283 2889 1827 2964 ἀντηλαζωνεύσατο,

247 2972 478 3041 καὶγὰρ
515 2976 625 3029 ἀπὸ
644 2976 857 3048 τρυφῆς
887 2978 922 3049 ἡ
947 2978 1195 3049 λαγνεία,
1241 2981 1403 3046 αὐτὸς
1450 2982 1550 3052 μὲν
1578 2982 1639 3037 τὸ
1666 2983 1830 3055 σῶμα

246 3060 340 3115 διὰ
370 3064 627 3133 νηστείας
653 3065 859 3136 ἄγχων,
891 3067 1028 3121 πολὺ
1058 3070 1255 3142 ἀπεῖχε
1281 3070 1391 3126 τῶν
1432 3072 1690 3130 τοιούτων
1717 3092 1827 3130 πα-

247 3153 382 3210 θῶν.
426 3156 748 3228 Ἐνήστευον
778 3159 824 3213 δ’
857 3160 968 3232 ἄρα
1005 3162 1055 3215 oi
1088 3163 1372 3234 Φαρισαῖοι
1410 3165 1693 3239 δευτέραν,
1734 3168 1829 3223 καὶ

249 3247 691 3322 utpar:quka
717 3251 774 3306 δὲ
796 3253 883 3322 τὸ,
912 3255 1194 3326 Ἀρπαγες
1216 3258 1312 3312 καὶ
1340 3258 1538 3326 ἄδικοι,
1570 3260 1830 3329 ἀντέταξε

245 3339 332 3405 τὸ,
372 3340 718 3398 Ἀποδεκατῶ
740 3345 841 3399 ὅσα
888 3347 1106 3418 κτῶμαι
1132 3363 1146 3379 ’
1179 3349 1431 3404 τοσοῦτον
1477 3351 1606 3424 γὰρ,
1640 3353 1827 3423 φησὶν,

248 3431 601 3505 ὲναντιοῦμαι
656 3439 723 3507 τῇ
774 3438 1023 3511 ἁρπαγῇ,
1077 3441 1173 3494 καὶ
1203 3442 1410 3514 ἀδικίᾳ,
1465 3441 1606 3496 ὥστε
1643 3446 1830 3499 καὶτὰ

247 3523 506 3605 ιμαυτού
550 3528 910 3602 προσδίδωμι.
977 3531 1043 3586 Ἠ
1097 3533 1153 3587 δὲ
1208 3534 1510 3599 δεκάτωσις
1533 3536 1682 3591 δοκεῖ
1727 3537 1849 3610 μέν-

248 3631 395 3669 ¹τισιν
413 3617 595 3681 ἁπλῶς
618 3620 710 3674 καὶ⁵
732 3620 882 3687 ἅπαξ
907 3624 1058 3691 παρὰ
1078 3624 1172 3679 τοῦ
1198 3625 1365 3697 νόμου
1388 3628 1827 3699 διαγορεύεσθαι,

249 3708 368 3771 τοῖς
396 3706 454 3761 δὲ
486 3707 694 3779 βαθέως
739 3713 1035 3784 ἐρευνῶσιν
1066 3717 1252 3783 αὐτὸν,
1319 3718 1631 3790 εὑρίσκεται
1683 3723 1830 3794 τρεῖς

248 3795 585 3863 δεκατώσεις
608 3803 1019 3874 είσηγούμενος,
1052 3808 1145 3861 καὶ
1169 3807 1330 3863 τοῦτο
1358 3812 1422 3864 ὲκ
1444 3811 1537 3865 τοῦ
1568 3814 1830 3884 Δεύτερο-

246 3889 443 3959 νομίου
477 3893 697 3967 μαθήσῃ
725 3897 991 3968 ἀκριϐῶς,
1015 3902 1316 3974 ἐπιστήσας
1344 3905 1437 3959 τὸν
1463 3906 1608 3963 νοῦν.
1644 3908 1830 3965 Ταῦτα

256 3984 361 4052 μὲν
394 3982 488 4037 οὖν
516 3986 545 4037 ὁ
578 3988 892 4059 Φαρισαῖος
922 3993 951 4043 ὁ
1002 3992 1059 4047 δὲ
1088 3993 1331 4069 τελώνης
1358 3998 1538 4055 πάντα
1574 4001 1643 4055 τὰ
1678 4003 1832 4059 ἐναν-

246 4077 364 4131 τία.
392 4079 685 4151 Μακρόθεν
709 4082 819 4154 γάρ
842 4083 1030 4139 ἵστατο
1061 4089 1155 4141 καὶ
1182 4076 1443 4161 σχήμάτι,
1464 4093 1561 4148 καὶ
1600 4095 1828 4167 ῥήματι,

247 4170 348 4224 καὶ
381 4172 672 4238 κατανύξει
703 4176 932 4247 καρδίας
962 4179 1223 4251 πάμπολυ
1245 4184 1467 4255 ἀπέχων
1491 4187 1675 4256 αὑτοῦ,
1735 4192 1832 4245 καὶ

245 4263 311 4317 οὐ
338 4263 485 4335 μόνῳ
504 4265 584 4337 τῷ
610 4269 823 4339 τοπικῷ
850 4270 1178 4344 διαστήματι
1202 4290 1216 4303 ·
1255 4277 1380 4342 τούς
1412 4295 1471 4332 τε
1498 4279 1605 4351 γὰρ
1632 4281 1833 4352 ὀφθαλ-

252 4356 391 4425 μοὺς
421 4355 598 4427 ᾐδεῖτο
618 4358 699 4422 είς
728 4360 818 4415 τὸν
856 4362 1085 4434 οὐρανὸν
1114 4362 1270 4438 ἆραι,
1301 4368 1556 4436 ἀναξίους
1601 4373 1701 4444 τῆς
1723 4373 1831 4429 τῶν

247 4448 366 4504 ἄνω
417 4449 546 4516 θέας
595 4451 798 4524 κρίνων
859 4456 985 4520 τοὺς
1014 4458 1081 4511 τὰ
1107 4457 1207 4530 τῆς
1248 4459 1350 4529 γῆς
1382 4464 1564 4531 ἀγαθὰ
1586 4463 1828 4536 βλέπειν,

1925 764 2025 817 bus
2054 779 2174 843 qua:
2233 766 2564 836 possidebat.
2603 764 2828 837 Oportet
2858 772 3002 824 enim
3051 785 3158 826 non
3191 771 3363 828 solum
3406 774 3505 831 de-

1892 890 1896 895 -
1924 853 2129 910 clinare
2152 870 2183 910 a
2210 855 2371 922 malo,
2402 857 2495 912 sed
2519 865 2573 913 et
2603 854 2787 914 facere
2809 858 3034 914 bonum.
3070 860 3135 915 Et
3165 864 3316 934 prius
3343 879 3507 935 opor-

1926 949 2002 995 tet
2028 943 2292 999 absistere
2323 959 2353 999 a
2384 944 2526 1001 malo
2551 985 2567 1011 ,
2614 954 2670 1001 et
2717 956 2901 1016 postea
2933 950 3191 1006 virtutem
3236 953 3453 1025 aggredi
3485 972 3501 1010 :
3578 936 3581 945 l

1924 1033 2378 1102 quemadmodum
2429 1047 2484 1091 et
2540 1037 2593 1091 in
2644 1036 2796 1093 fonte
2830 1037 3030 1105 lutoso,
3081 1051 3138 1095 ut
3177 1057 3316 1111 aqua
3368 1059 3505 1115 pura

1924 1123 2146 1192 deﬂuat,
2188 1126 2339 1198 prius
2388 1127 2558 1183 lutum
2592 1130 3022 1201 expurgandum,
3060 1141 3117 1186 ut
3146 1132 3368 1190 haurias
3401 1149 3505 1205 pu-

1927 1230 2040 1269 ram
2068 1233 2286 1286 aquam.
2317 1218 2614 1276 Considera
2646 1231 2827 1278 autem
2858 1231 2913 1278 et
2942 1223 3064 1290 hoc,
3096 1227 3367 1293 quomodo
3397 1242 3507 1284 non

1928 1308 2223 1380 arripuerit
2283 1326 2509 1382 parvum
2546 1314 2809 1381 verbum,
2864 1324 2923 1370 ut
2973 1316 3233 1386 singulari
3290 1302 3509 1376 numine

1927 1401 2133 1456 diceret
2168 1443 2182 1468 ,
2218 1403 2313 1459 sed
2343 1403 2533 1475 plurali
2571 1421 2798 1462 numero
2826 1406 2881 1462 in
2924 1408 3121 1464 multos
3158 1409 3273 1466 haec
3302 1426 3509 1482 expue-

1928 1492 1997 1546 rit
2023 1534 2038 1559 ,
2067 1492 2296 1551 dicendo
2324 1512 2340 1555 :
2366 1495 2517 1563 Quod
2552 1511 2655 1561 non
2686 1511 2803 1553 sum
2836 1497 2976 1555 sicut
3007 1502 3209 1556 cmteri.
3239 1501 3373 1558 Cum
3414 1518 3512 1559 au-

1929 1592 2035 1638 tem
2068 1585 2329 1658 dixisset,
2364 1586 2481 1644 Non
2522 1603 2639 1645 sum
2686 1590 2832 1646 sicut
2873 1592 3091 1660 caeteri,
3134 1595 3421 1664 apposuit,
3453 1606 3512 1652 et

1930 1677 2106 1732 dixit:
2140 1676 2337 1748 Jejuno
2362 1677 2447 1735 bis
2495 1680 2549 1736 in
2597 1678 2857 1748 Sabbato,
2897 1682 2998 1739 hoc
3049 1694 3157 1751 est,
3190 1686 3274 1741 bis
3314 1688 3368 1742 in
3408 1687 3510 1744 he-

1928 1768 2214 1827 bdomade.
2237 1772 2533 1829 Sabbatum
2560 1777 2703 1829 enim
2734 1776 3027 1833 hebdomas
3053 1786 3156 1842 est,
3176 1794 3295 1849 qua:
3322 1796 3349 1835 a
3379 1796 3510 1837 con-

1932 1862 2293 1918 summatione
2323 1872 2374 1917 et
2402 1864 2586 1933 quieto
2616 1864 2707 1919 die
2744 1865 3075 1922 nominatur.
3108 1868 3312 1924 Sahbat
3338 1869 3508 1935 enim,

1931 1953 2123 2022 quies;
2157 1954 2288 2023 quin
2314 1961 2368 2010 et
2399 1953 2639 2011 Sabbata
2680 1956 3073 2014 hebdomatlem
3107 1960 3362 2016 dicebant
3392 1962 3512 2032 plu-

1931 2046 2030 2100 rali
2061 2062 2306 2102 numero.
2345 2047 2506 2105 Unde
2538 2057 2594 2105 et
2642 2065 2805 2104 unam
2835 2049 3223 2118 Sabbatorum,
3274 2053 3509 2124 primam

1930 2138 2071 2193 diem
2099 2139 2475 2206 hebdomadas,
2513 2156 2633 2212 quae
2665 2142 2807 2213 apud
2836 2157 2939 2199 nos
2964 2153 3048 2199 est
3076 2143 3380 2210 Dominica,
3408 2161 3508 2203 vo-

1929 2232 2157 2299 cabant;
2190 2233 2330 2304 apud
2364 2234 2623 2291 Hebraeos
2649 2235 2792 2291 enim
2827 2252 2993 2291 unum
3016 2247 3072 2293 et
3102 2238 3337 2309 primum
3365 2239 3507 2296 idem

1931 2323 2128 2395 signat.
2162 2323 2258 2380 Est
2287 2336 2343 2381 et
2387 2326 2525 2383 alius
2564 2328 2885 2399 profundior
2915 2344 3132 2398 sermo;
3169 2347 3291 2387 nam
3319 2340 3508 2388 contra

1931 2416 2256 2473 adulterium
2293 2418 2631 2489 gloriabatur
2667 2422 2732 2476 de
2756 2420 2966 2492 jejunio
3000 2437 3017 2477 :
3055 2438 3084 2477 a
3115 2424 3324 2481 deliciis
3364 2426 3511 2481 enim

1929 2510 2249 2580 petulantia.
2297 2510 2415 2581 Ipse
2470 2511 2634 2581 igitur
2696 2529 2899 2584 corpus
2972 2524 3197 2586 propter
3243 2516 3511 2585 jejunium

1930 2615 2308 2674 compescens,
2343 2618 2371 2658 a
2423 2603 2605 2660 multis
2636 2606 2904 2676 ejusmodi
2942 2606 3321 2664 affectionibus
3372 2609 3514 2665 liber

1930 2704 2067 2751 erat.
2102 2694 2427 2766 Jejunabant
2454 2706 2636 2752 autem
2665 2697 2927 2753 Pharisaei
2953 2700 3187 2754 secunda
3218 2709 3270 2755 et
3295 2700 3509 2771 quinta.

1931 2788 2134 2846 Contra
2171 2791 2413 2859 rapinam
2440 2800 2495 2847 et
2520 2788 2840 2859 injustitiam
2878 2791 3189 2862 proferebat
3235 2794 3510 2850 dationcm

1932 2878 2269 2939 decimarum
2318 2882 2560 2938 omnium
2598 2898 2720 2952 quae
2753 2884 3087 2953 possidebat.
3120 2882 3380 2949 Tantum,
3427 2885 3515 2941 in-

1931 2973 2070 3044 quit,
2102 2975 2415 3036 contrarius
2442 2990 2561 3030 sum
2602 2976 2804 3047 rapina:
2843 2985 2899 3032 et
2932 2976 3228 3048 injustitize,
3257 2987 3315 3033 ut
3347 2979 3512 3033 etiam

1932 3081 2053 3136 quae
2092 3064 2209 3121 mea
2241 3074 2389 3134 sunt,
2426 3069 2752 3138 expendam.
2807 3067 3146 3123 Decimarnm
3179 3070 3321 3124 enim
3364 3070 3516 3126 datio

1856 3191 1901 3252 α
1935 3158 2151 3215 videtur
2198 3161 2521 3231 quibusdam
2565 3162 2887 3234 simpliciter
2932 3162 3094 3236 435
3138 3173 3193 3219 et
3241 3164 3410 3219 semel
3449 3166 3516 3220 de

1935 3251 2051 3324 lege
2080 3252 2366 3323 praedicari
2401 3270 2415 3309 :
2449 3253 2534 3309 his
2567 3264 2746 3311 autem
2784 3257 2874 3326 qui
2900 3255 3224 3327 profundius
3265 3267 3517 3313 scrutan-

1937 3353 2042 3410 tur,
2077 3354 2373 3401 occurrunt
2417 3354 2530 3402 tres
2566 3347 2896 3403 decimarum
2932 3348 3217 3416 datioues,
3262 3365 3399 3421 quas
3435 3351 3517 3404 in-

1932 3437 2171 3495 troducit
2206 3436 2259 3493 id
2303 3439 2448 3509 quod
2479 3453 2545 3495 ex
2593 3438 3015 3496 Deuteronomio
3045 3442 3246 3508 disces,
3296 3442 3342 3498 si
3393 3442 3519 3497 dili-

1932 3539 2123 3602 genter
2168 3530 2452 3588 intucaris.
2501 3532 2565 3588 Et
2623 3533 2739 3589 haec
2788 3532 3007 3604 quidem
3063 3532 3395 3592 Pharisaeus.
3444 3536 3516 3590 At

1930 3621 2255 3692 publicanus
2278 3624 2512 3681 diversa.
2547 3623 2732 3696 Longe
2754 3626 2900 3682 enim
2938 3625 3135 3692 stabat,
3167 3637 3221 3681 et
3254 3629 3512 3700 gestibus,

1932 3721 1987 3766 et
2033 3728 2306 3781 sermone,
2349 3728 2405 3770 et
2464 3718 2882 3787 compunctione
2920 3717 3102 3797 cordis
3141 3718 3381 3775 distabat
3447 3725 3516 3773 ab

1932 3802 2046 3870 illo,
2081 3819 2188 3861 non
2237 3814 2447 3862 tantum
2488 3808 2639 3875 loco;
2691 3809 2982 3865 verebatur
3026 3810 3171 3865 enim
3218 3812 3404 3868 oculos
3459 3813 3516 3869 in

1932 3895 2132 3952 ccelum
2197 3897 2471 3968 attollere,
2522 3900 2772 3971 indignos
2835 3900 3091 3971 judicans
3143 3900 3236 3973 qui
3292 3918 3510 3960 sursum

1934 3999 2282 4061 spectarent,
2315 3992 2406 4062 qui
2441 3991 2726 4047 voluerant
2768 3991 2956 4049 videre
3002 3992 3147 4049 bona
3187 4001 3426 4059 terrena,
3460 4003 3517 4049 et

1934 4083 2039 4139 illis
2074 4082 2201 4139 frui.
2233 4083 2302 4139 Et
2349 4084 2624 4156 percussit
2662 4089 2850 4153 pectus
2891 4098 3077 4151 suum,
3103 4099 3201 4142 cor
3231 4086 3513 4152 videlicer,

1932 4184 2157 4245 propter
2198 4173 2367 4229 malas
2394 4174 2778 4243 cogitationes,
2808 4182 2865 4230 et
2909 4183 2974 4230 ut
2998 4174 3200 4231 excitet
3240 4176 3385 4245 quod
3415 4184 3517 4231 oi.-

1931 4265 2250 4333 dormierat,
2271 4262 2403 4320 nihil
2431 4264 2570 4319 aliud
2589 4264 2824 4332 dicebat,
2842 4276 3001 4337 quam
3030 4282 3045 4320 :
3072 4266 3235 4330 Deus,
3254 4267 3517 4338 propitius

1932 4361 2052 4409 esto
2094 4352 2224 4407 mihi
2270 4358 2567 4423 peccatori.
2605 4354 2838 4427 Propter
2868 4356 2985 4414 haec
3015 4359 3196 4413 omnia
3230 4357 3518 4415 descendit

1929 4443 2259 4513 justiiicatus
2288 4446 2341 4501 in
2391 4448 2608 4503 domum
2639 4463 2821 4516 suam,
2855 4448 3027 4519 magis
3074 4464 3233 4519 quam
3267 4450 3376 4506 ille.
3411 4448 3519 4505 lm-

249 4541 351 4596 καῖ
378 4544 720 4616 καρποῦσθαι
744 4546 1101 4617 θελήσαντας.
1126 4550 1221 4615 Et;
1247 4568 1307 4605 τε
1330 4552 1391 4606 τὸ
1422 4554 1828 4626 στῆθοίὲαυτοῦ

1940 4537 2170 4595 mundus
2194 4541 2337 4595 enim
2361 4540 2501 4611 apud
2527 4541 2811 4596 Dominum
2837 4543 3017 4597 omnis
3040 4540 3306 4611 superbus
3329 4544 3514 4608 corde,

248 4630 503 4700 ετυπτεν,
538 4633 637 4705 τὴν
659 4635 887 4707 καρδίαν
912 4638 1073 4691 οίονεὶ
1109 4637 1370 4712 πλήσσων
1412 4643 1554 4715 ὑπὲρ
1589 4645 1697 4699 τῶν
1725 4664 1828 4701 πο-

248 4726 436 4797 νηρῶν
461 4724 864 4799 βουλευμάτων,
895 4732 990 4785 καὶ
1019 4735 1099 4799 είς
1128 4732 1380 4806 αἴσθησιν
1427 4735 1711 4811 διεγείρων
1741 4734 1832 4795 οἷα

250 4817 641 4886 καθεύδουσαν,
657 4822 749 4876 καὶ
779 4822 930 4876 οὐδὲν
959 4824 1088 4878 ἄλλο
1122 4823 1331 4894 ἔλεγεν,
1352 4824 1410 4896 ἢ,
1448 4827 1509 4881 '0
1538 4827 1690 4898 θεὸς,
1716 4830 1830 4885 ἱλά-

255 4908 415 4980 σθητί
456 4929 546 4983 μοι
595 4913 674 4985 τῷ
701 4915 1029 4987 ἁμαρτωλῷ.
1091 4917 1203 4972 Καὶ
1232 4920 1322 4974 διὰ
1345 4921 1548 4975 τούτων
1572 4922 1831 4979 ἁπάντων

250 5001 463 5072 κατέϐη
518 5001 955 5076 δεδικαιωμένος,
994 5009 1027 5081 ἦ
1060 5010 1288 5077 ἐκεῖνος,
1324 5012 1446 5066 ἀντὶ
1486 5011 1604 5082 τοῦ,
1633 5013 1763 5088 παρ’
1800 5015 1829 5068 δ

253 5092 462 5158 ἰκτῖνος
479 5093 843 5169 ’Ἆκάθαρτος
864 5099 973 5171 γὰρ
993 5102 1142 5173 παρὰ
1172 5105 1362 5175 Κυρίῳ
1387 5106 1492 5168 πᾶς
1520 5106 1834 5180 ύψηλοκάρ-

252 5183 390 5251 διος,
412 5185 507 5238 καὶ
534 5186 737 5259 Κύριος
756 5189 1128 5262 ὑπερηφάνοις
1147 5192 1836 5265 ἁντιτάσσεται,ταπεινοῖς

1937 4640 1992 4687 et
2020 4630 2280 4693 Dominus
2333 4635 2584 4703 superbis
2612 4634 2842 4699 resistit,
2895 4634 3188 4688 humilibus
3217 4643 3395 4688 autem
3428 4636 3518 4689 dat

1936 4724 2165 4794 gratiam
2186 4724 2253 4778 ".
2288 4722 2487 4778 Verum
2513 4725 2874 4780 admirabitur
2900 4726 3040 4796 quis,
3071 4724 3345 4796 quomodo
3372 4724 3515 4781 Pha-

1937 4816 2148 4881 ris-atus,
2174 4830 2296 4869 cum
2320 4829 2491 4884 pauca
2520 4816 2685 4871 verba
2716 4826 3032 4885 arroganter
3058 4818 3513 4887 pronuntiaverit.

1935 4906 2361 4972 condemnetur;
2386 4903 2488 4961 Job
2510 4914 2689 4961 autem
2715 4902 2835 4963 cuin
2863 4908 3030 4963 multa
3060 4908 3126 4963 de
3148 4922 3206 4965 se
3231 4909 3516 4981 magnifice

1936 4999 2099 5066 dicat,
2156 4991 2486 5056 coronetur?
2535 4999 2689 5068 Quod
2731 4999 3038 5055 Pharisazus
3095 5000 3314 5070 quidem
3366 5001 3515 5057 nullo

1933 5102 2161 5164 cogente
2212 5101 2321 5149 stat
2371 5092 2500 5148 talia
2554 5106 2797 5164 nugans,
2845 5102 2901 5148 et
2958 5091 3095 5147 alios
3141 5092 3515 5150 condemnans

1931 5184 2079 5240 nullo
2113 5200 2211 5241 usu
2242 5192 2469 5257 urgente
2518 5204 2530 5241 :
2569 5183 2670 5240 Job
2722 5198 2850 5240 vero
2904 5185 3274 5255 prementibus
3299 5185 3510 5252 amicis,

251 5275 312 5330 δι
340 5274 520 5331 δίδωσι
540 5281 719 5349 χάριν.
764 5282 927 5337 Ἀλλὰ
949 5283 1278 5357 θαυμάσειεν
1310 5288 1375 5343 άν
1399 5306 1451 5343 τι
1462 5308 1505 5354 ;,
1536 5289 1654 5355 πῶς
1675 5292 1703 5344 ό
1734 5291 1828 5362 μὲν

1930 5289 1987 5337 et
2012 5280 2229 5351 gravius
2259 5276 2699 5336 incumbentibus
2724 5290 2887 5350 quam
2924 5277 3209 5333 calamitas
3253 5277 3390 5349 ipsa.
3421 5279 3507 5334 di-

252 5370 548 5441 Φαρισαῖος
572 5372 731 5442 όλίγα
754 5375 971 5445 ῥήματα
1004 5377 1485 5452 μεγαλοφροσύνης
1510 5381 1837 5453 προῖέμενος

253 5464 666 5536 κατακρίνεται,
701 5469 729 5521 ό
757 5467 813 5522 δὲ
858 5467 980 5522 Ἰὼϐ
1012 5468 1309 5542 πάμπολλα
1350 5471 1833 5547 μεγαλορῤημονή-

254 5573 358 5623 σας
390 5561 783 5630 στεφανοῦταις
824 5563 947 5619 Ὀτι
974 5581 1057 5620 τοι
1081 5566 1109 5619 ό
1140 5565 1238 5637 μὲν
1278 5565 1571 5638 Φαρισαῖος
1616 5569 1829 5635 οὐδενὸς

255 5649 660 5720 ἀναγκάζοντος
689 5655 875 5712 ἵστατο
915 5657 1141 5715 τοιαῦτα
1172 5655 1510 5731 ματαιάζων,
1539 5660 1632 5716 καὶ
1660 5678 1828 5715 κατα.

325 5835 367 5869 "
408 5834 596 5894 lPetr.
634 5855 689 5908 γ,
718 5838 772 5896 5.

1931 5372 2287 5442 cantibusque
2331 5372 2476 5444 quod
2526 5379 2749 5442 prOpter
2798 5379 3020 5442 peccata
3057 5368 3146 5424 illa
3180 5370 3252 5425 sit
3281 5386 3512 5442 passus,

1930 5464 2241 5535 compulsus
2269 5474 2351 5519 cst
2380 5478 2705 5519 enumerare
2735 5477 2835 5517 sua
2866 5476 3053 5534 opera,
3099 5461 3261 5535 idque
3290 5471 3513 5534 propter

1938 5559 2166 5630 gloriam
2194 5558 2291 5615 Dei
2314 5597 2329 5623 ,
2379 5572 2450 5614 ne
2481 5555 2689 5613 scilicet
2723 5553 2974 5613 homines
3012 5572 3043 5612 a
3076 5566 3226 5612 recto
3255 5556 3512 5612 vir-tutum

1938 5675 2103 5719 cursu
2132 5656 2465 5715 exciderent.
2495 5649 2629 5708 Nam
2660 5651 2703 5708 si
2731 5666 3049 5724 persuasum
3082 5649 3393 5706 habuissent
3420 5647 3518 5702 ho-
