3932 6456
502 305 654 369 1007
1360 309 1934 372 THEOPHYLACTI
1969 309 2067 370 BU

2176 310 2379 405 ARl/E
2443 312 2797 375 ARCIIIEP.
3587 331 3689 401 ιθθε

510 422 685 474 mines
733 429 949 491 μοραλια
986 421 1149 477 fuisse
1179 438 1295 493 qua:
1348 424 1547 481 fecerat
1584 424 1719 490 Job,
1753 435 1806 480 et
1854 434 2069 496 propter

2181 425 2378 495 κρίνων
2409 426 2649 498 ἐτέρους.
2674 429 2941 499 μηδεμιᾶς
2998 431 3183 503 χρείας
3233 442 3618 514 κατεπειγούσης
3642 454 3693 507 ,ὁ

512 512 603 566 illa
638 527 872 582 passum,
911 514 1185 568 cavisscnt
1214 530 1280 569 nc
1310 516 1496 570 eadem
1548 514 1817 579 facerent.
1846 516 2069 587 factiqut

2185 515 2240 570 δὲ
2284 515 2403 569 Ἰὼϐ
2430 517 2538 571 τῶν
2564 517 2733 587 φίλων
2759 519 3172 590 ἀποπνιγόντων
3203 523 3363 578 αὐτὸν
3381 567 3395 588 ,
3432 530 3517 584 καὶ
3546 512 3693 605 gem.

503 603 733 661 fuissent
752 605 1023 675 hospitum
1050 621 1235 663 osores
1263 623 1383 662 etur.
1402 617 1560 663 antea
1580 609 1966 681 hospitalitatis
1985 610 2069 665 ob-

2185 608 2424 678 κὼτερον
2458 609 2556 680 τῆς
2594 614 2879 683 συμφορᾶς
2923 616 3309 682 ἐπικειμένων,
3347 620 3436 671 καὶ
3482 603 3695 690 λεγόντων

510 708 795 756 servantes
815 708 1025 766 essent,
1070 700 1520 758 immisericordcs
1539 714 1591 758 et
1622 704 1800 775 injusti
1839 720 1960 758 cum
1986 704 2069 757 mir

2184 700 2265 754 ὅτι
2298 700 2366 754 δι’
2394 702 2666 772 ἁμαρτίας
2699 703 2874 758 ταῦτα
2905 706 3189 773 πεπόνθει,
3216 710 3519 778 ὴναγκάσθτ
3545 718 3699 789 ἀπαρυ-

506 793 865 849 sericordiam
903 804 956 849 et
984 795 1256 865 justitiam
1290 804 1449 850 antea
1471 796 1727 852 colerent.
1768 795 1894 852 llaec
1938 799 2069 853 enitr

2184 791 2590 884 θμήσασθαιτά
2612 794 2789 848 οίκεῐα
2829 797 3254 868 κατορθώματα,
3292 802 3405 859 καὶ.
3429 804 3569 860 τοῦτο
3591 808 3696 884 ὑπὲρ

506 894 663 938 erant
690 900 852 955 Opera
875 883 997 940 Job.
1031 883 1202 956 Igitur
1220 902 1289 942 ne
1304 885 1456 942 multi
1476 886 1600 942 inde
1618 886 2084 943 incommodaren-

504 985 609 1037 tttt‘,
633 974 750 1043 ejus
770 977 960 1043 gratia,
1000 976 1134 1031 bona
1162 990 1326 1046 Opera
1343 983 1644 1029 enumerat.
1673 975 1737 1029 Et
1764 989 1942 1030 causa:
1962 978 2080 1045 qni-

500 1065 624 1121 dem
647 1065 748 1122 Job
770 1066 901 1121 tales
923 1068 1090 1133 fuere,
1111 1076 1168 1122 ut
1191 1082 1255 1123 ne
1269 1068 1510 1122 dicamus
1524 1068 1667 1138 quod
1691 1077 1747 1121 et
1775 1067 1826 1120 in
1858 1067 1939 1122 his
1963 1082 2083 1136 quae

506 1160 1020 1228 grandiloqueutiam
1058 1160 1345 1229 quamdam
1386 1170 1599 1225 sonant,
1633 1160 1809 1213 omnis
1855 1158 2080 1229 refulget

504 1250 797 1305 humilitas.
817 1249 949 1317 Quis
969 1251 1095 1304 mihi
1122 1251 1335 1316 tribuat,
1354 1250 1614 1320 inquit,ut
1630 1252 1729 1305 sim
1755 1253 1907 1319 juxta
1926 1266 2079 1305 meu-

501 1359 590 1397 ses
625 1344 830 1397 dierum
881 1343 1268 1412 pristinorum,
1320 1343 1537 1412 quando
1587 1343 1729 1398 Deus
1757 1358 1842 1397 me
1887 1354 2078 1397 custo-

500 1433 683 1487 diebat
703 1432 782 1486 “?
814 1430 972 1488 Vides
1004 1435 1143 1503 quod
1173 1448 1334 1487 omne
1361 1435 1468 1489 Deo
1496 1434 1786 1503 obtulerit,
1815 1449 1915 1489 uec
1942 1436 2077 1489 alios

499 1525 856 1594 condemnet,
883 1526 975 1581 sed
1003 1528 1116 1595 ipse
1142 1526 1209 1581 ab
1233 1526 1423 1582 amicis
1451 1527 1631 1596 potius
1658 1528 2072 1583 condemnetur.

498 1617 774 1672 Phariszeo
809 1619 986 1672 omnia
1018 1619 1070 1670 in
1101 1633 1195 1681 se,
1229 1627 1278 1672 et
1316 1632 1423 1672 non
1466 1620 1518 1672 in
1571 1621 1739 1673 Deum
1776 1618 2072 1683 referenti,

497 1718 553 1763 et
584 1708 790 1778 absque
838 1707 1163 1764 necessitate
1209 1708 1594 1762 condemnauti
1647 1708 1819 1773 alios,
1880 1708 2074 1763 merito

500 1798 882 1854 condemnatio
910 1800 1225 1854 ascribitur.
1256 1800 1444 1854 Omnis
1468 1799 1610 1853 enim
1640 1800 1730 1871 qui
1756 1815 1815 1854 se
1849 1800 2069 1866 exaltat,

502 1889 897 1957 humiliabitur,
924 1888 1031 1945 Deo
1057 1888 1204 1943 illum
1231 1888 1657 1944 condemnaute:
1688 1890 1777 1960 qui
1812 1900 1990 1945 autem
2018 1905 2078 1947 se

498 1980 906 2037 condemnanda
923 1978 1195 2044 humiliat,
1214 1977 1535 2033 exaltabitur
1553 1993 1581 2030 a
1599 1976 1705 2031 Deo
1723 1979 2073 2047 justiticante.

501 2077 593 2129 hic
621 2074 783 2144 igitur
812 2084 864 2126 tu
888 2072 1055 2143 prior,
1078 2071 1272 2141 inquit,
1296 2080 1514 2140 peccata
1535 2079 1716 2137 tua,ut
1736 2070 2073 2139 justiﬁeeris.

494 2168 884 2241 κατακρίνεται
945 2166 1052 2222 ὑπὸ
1103 2166 1211 2219 τῶν
1245 2165 1412 2235 φίλων
1444 2182 1457 2195 ·
1494 2166 1572 2238 τῷ
1602 2165 1659 2219 δὲ
1690 2167 1967 2240 Φαρισαίῳ
1999 2173 2077 2236 εἰς

2181 882 2282 975 τῆς
2311 880 2461 975 θείας
2488 882 2666 975 δόξης,
2698 884 2792 937 καὶ
2814 885 2904 939 τοῦ
2939 886 3015 957 μὴ
3038 890 3338 961 ἐκκοπῆναι
3363 893 3446 948 τὸν
3474 880 3696 975 ἐπ’ἀρετῇ

2181 971 2290 1025 τῶν
2328 973 2633 1044 ἀνθρώπων
2655 978 2873 1048 δρόμον.
2913 980 2977 1032 El
3000 981 3107 1053 γὰρ
3156 984 3641 1060 ὲπληροφορήθησαν
3659 971 3697 1049 oi

2181 1066 2478 1136 ἄνθρωποι,
2515 1069 2596 1122 ὃτι
2622 1071 2894 1142 ἁμαρτίαι
2918 1069 3060 1145 ἦσαν
3081 1075 3117 1128 ἃ
3137 1077 3312 1130 ἐποίει
3340 1081 3369 1132 6
3404 1080 3533 1147 Ἰὼϐ,
3557 1087 3634 1140 καὶ
3647 1088 3696 1140 δι’

2181 1158 2362 1212 ἐκεῖνα
2397 1161 2618 1231 πάσχει,
2646 1164 2947 1233 ἀπέσχοντο
2968 1164 3033 1219 ἃν
3057 1167 3152 1220 τοῦ
3185 1168 3254 1221 τὰ
3285 1170 3424 1223 αὐτὰ
3443 1177 3612 1236 ποιεῖν,
3629 1180 3698 1232 καὶ

2180 1248 2361 1301 τοίνυν
2391 1251 2639 1318 ἐγένοντο
2663 1253 2731 1307 ἂν
2768 1256 3041 1324 μισόξενοι
3063 1258 3183 1311 ἀντὶ
3200 1258 3504 1329 φιλοξένων,
3529 1265 3699 1337 ἀνελεήο

2184 1357 2363 1411 μονες,
2414 1343 2591 1397 ἄδικοι
2632 1346 2753 1400 ἀντὶ
2792 1348 3125 1419 ὲλεημόνων,
3168 1352 3264 1402 καὶ
3293 1350 3525 1407 δικαίων.
3555 1356 3697 1411 Ταῦτα

2181 1432 2288 1503 γάρ
2316 1427 2456 1503 ἦσαν
2478 1433 2575 1487 τοῦ
2620 1434 2739 1488 Ἰὼϐ
2762 1436 2833 1490 ea:
2862 1438 3019 1509 ἔργα.
3058 1438 3178 1495 Ἵνα
3198 1440 3379 1495 τοίνυν
3406 1441 3465 1513 μθ
3506 1443 3698 1514 βλαϐῶν

2178 1523 2387 1586 πολλοὶ,
2408 1523 2601 1579 τούτου
2627 1525 2790 1580 ἕνεκα
2808 1528 3208 1601 ἀπαριθμεϊται
3235 1530 3307 1585 τὰ
3336 1534 3696 1605 κατορθώματα.

2178 1613 2268 1684 Τῷ
2298 1614 2399 1684 μὲν
2429 1611 2525 1669 οὖν
2565 1613 2683 1670 ’1ὼὸ
2706 1609 2866 1671 αῦται
2897 1619 2952 1671 αἱ
2978 1619 3147 1674 αίτίαι
3178 1632 3193 1649 ⁸
3222 1620 3311 1679 ἴνα
3368 1621 3440 1693 μὴ
3478 1623 3696 1696 λέγωμεν,

2178 1709 2262 1762 δτι
2295 1711 2351 1761 ὲν
2381 1709 2565 1773 αὐτοῖς
2595 1714 2707 1775 τοῖς
2737 1714 2946 1782 ῥήμασι
2968 1717 3078 1778 τοῖς
3100 1715 3319 1768 δοκοῦσι
3360 1718 3697 1791 μεγαληγορίας

2178 1797 2334 1865 εἶναι,
2389 1804 2539 1856 πᾶσα
2572 1807 3046 1879 ταπεινοφροσύνῃ
3101 1808 3399 1878 ἐκλάμπει.
3422 1810 3510 1875 Τίς
3541 1812 3629 1883 γὰρ
3652 1814 3697 1868 ἄν

2181 1906 2250 1960 με
2284 1889 2423 1959 θείη,
2478 1892 2636 1961 φησι,
2687 1893 2831 1946 κατά
2861 1897 3004 1964 μῆνα
3036 1898 3264 1968 ἡμερῶν
3293 1899 3399 1951 τῶν
3427 1898 3694 1973 ἔμπροσθεν,

2176 1983 2265 2036 ὅτε
2299 1985 2327 2036 6
2356 1983 2487 2047 Θεός
2518 2001 2584 2055 με
2615 1985 2915 2053 ἐφύλαττεν
2941 2004 2956 2055 ;
3001 1988 3165 2060 Ὁρᾷς
3204 1991 3291 2043 ὅτι
3313 1989 3386 2060 τῷ
3414 1990 3522 2060 Θεῷ
3546 1992 3596 2045 τὺ
3619 1995 3696 2047 πᾶν

2178 2074 2434 2145 ἀνέθηκε,
2476 2078 2572 2131 καὶ
2617 2076 2739 2130 οὐδὲ
2766 2079 3085 2151 κατακρίνει
3123 2082 3369 2153 ἑτέρους,
3395 2083 3520 2138 ἀλλά
3540 2087 3695 2155 μᾶλλον

2118 2172 2312 2226 ἑαυτὸν
2338 2174 2430 2225 καὶ
2458 2172 2533 2245 μὴ
2560 2174 2639 2238 εἰς
2697 2174 2830 2230 Θεὸν
2860 2177 2921 2229 τὸ
2954 2179 3062 2232 πᾶν
3095 2179 3444 2251 ἀναφέροντι,
3483 2182 3564 2235 καὶ
3605 2183 3695 2255 δίχα

494 2266 742 2334 ἀνάγκης
772 2262 994 2333 ἑτέρους
1020 2259 1427 2331 κατακρίνοντι,
1478 2259 1706 2323 είκότως
1740 2260 1773 2329 ἡ
1824 2260 2151 2332 κατάκρισις
2225 2263 2510 2332 ἐπάγεται.
2555 2266 2671 2329 Πᾶς
2724 2267 2834 2339 γὰρ
2858 2269 2886 2320 6
2912 2267 3062 2339 ὑψῶν
3122 2271 3319 2325 ἑαυτὸν
3356 2274 3694 2346 ταπεινωθήσε.

490 2377 604 2427 ται,
635 2355 739 2412 ὑπὸ
770 2353 905 2411 Θεοῦ
938 2352 1404 2425 κατακρινὸμενος
1425 2368 1438 2381 ·
1462 2352 1489 2404 6
1514 2350 1571 2404 δὲ
1593 2353 1865 2406 ταπεινῶν
1886 2354 2079 2407 ἑαυτὸν

490 2458 631 2526 Λέγε
668 2455 777 2525 γάρ
813 2452 877 2506 σὺ
903 2451 1139 2523 πρῶτος,
1194 2447 1352 2519 φησι,
1389 2447 1485 2512 τὰς
1513 2447 1788 2519 ἁμαρτίας
1838 2465 1952 2513 σου,
1988 2450 2074 2504 ἵνα

552 2553 728 2610 .Vstts.
768 2550 950 2608 15-17.
989 2566 1009 2600 ι
1066 2547 1378 2602 Allerebant
1409 2555 1588 2601 autem
1624 2546 1694 2599 ad
1737 2561 1860 2600 eum
1899 2557 1952 2601 et
1990 2550 2072 2600 in-

494 2650 692 2713 fantes.
733 2655 793 2700 ut
835 2660 930 2701 eos
968 2651 1239 2713 tangeret.
1276 2639 1428 2708 Quod
1464 2656 1587 2694 cum
1632 2641 1873 2694 viderent
1909 2640 2076 2695 disci-

471 2743 627 2813 .puli,
661 2738 1017 2809 increpabant
1042 2735 1180 2790 illos.
1210 2731 1369 2789 Jesus
1399 2744 1580 2787 autem
1611 2748 1732 2787 cum
1765 2733 1883 2788 illos
1913 2734 1979 2788 ad
2016 2749 2074 2789 se

489 2840 759 2899 vocasset,
794 2829 979 2884 dixit:
1030 2827 1205 2882 Sinite
1250 2839 1449 2896 pueros
1500 2825 1684 2880 venire
1746 2826 1809 2879 ad
1856 2842 1976 2893 me,
2021 2839 2074 2881 et

493 2926 658 2982 nolite
678 2935 862 2979 vetare
883 2935 999 2987 eos,
1027 2918 1214 2973 talium
1236 2927 1319 2972 est
1341 2918 1483 2972 enim
1508 2932 1731 2986 regnum
1759 2918 1870 2972 Dei.
1899 2920 2069 2972 Amen

492 3020 613 3074 dico
642 3017 825 3080 vobis,
862 3016 1169 3085 quicunque
1217 3027 1322 3066 non
1372 3012 1645 3080 acceperit
1692 3026 1915 3079 regnum
1976 3011 2066 3064 Dei

491 3111 655 3167 νειιιιὶ
688 3078 839 3180 puer,
868 3078 972 3162 non
1008 3078 1231 3160 intrabit
1259 3103 1313 3159 in
1349 3078 1517 3158 illud;
1538 3119 1559 3155 ι
1593 3103 1656 3156 Ει
1682 3078 1941 3173 “7436
1967 3103 2065 3156 hu-
2093 3078 2136 3135 (ἶ

492 3205 774 3261 utilitatem
810 3198 1067 3257 conducit
1092 3198 1256 3253 etiam
1296 3198 1396 3252 hoc
1426 3196 1491 3251 de
1523 3196 1704 3264 pueris
1733 3195 2061 3265 exemplum.

491 3296 661 3351 Docet
689 3292 835 3349 enim
891 3290 1152 3346 Dominus
1205 3303 1302 3359 per
1342 3287 1462 3341 illos
1507 3287 1735 3341 omnino
1788 3286 2067 3341 humiliter

490 3388 794 3458 agendum,
831 3392 886 3439 et
934 3395 1127 3436 omnes
1167 3378 1561 3457 suscipiendos,
1613 3377 1897 3446 nullosque
1935 3393 2067 3431 con-

494 3475 832 3533 temnendos.
878 3469 1136 3540 Discipuli
1167 3470 1309 3525 enim
1344 3468 1622 3538 indignum
1656 3467 2064 3521 arbitrabantur

493 3570 563 3624 ad
593 3569 751 3624 talem
786 3565 1099 3637 Magistrum
1133 3559 1315 3616 offerri
1347 3573 1560 3630 pueros.
1592 3558 1661 3613 At
1704 3557 1794 3611 ille
1821 3556 2062 3612 ostendit

496 3675 666 3731 usque
710 3660 845 3713 adio
881 3654 1192 3711 sectandam
1225 3652 1585 3707 humilitatem
1609 3687 1624 3714 ,
1657 3659 1716 3704 ut
1765 3649 1927 3703 etiam
1966 3651 2065 3701 mi-

492 3753 627 3808 nimi
662 3764 773 3807 nou
803 3749 912 3804 sint
945 3744 1255 3815 abiiciendi.
1292 3743 1355 3797 Et
1385 3742 1467 3797 sic
1494 3742 1713 3812 quidem
1754 3740 1913 3795 docet
1961 3740 2064 3793 hu-

495 3844 778 3901 militatem
815 3851 977 3910 opere
1009 3851 1130 3892 suo.
1162 3833 1276 3888 Non
1311 3833 1455 3889 enim
1489 3832 1769 3895 amaudat,
1801 3830 1894 3883 sed
1939 3843 2068 3883 sna-

474 3940 633 3992 .viter
669 3932 1011 4003 amplexatur
1038 3926 1293 3981 infantes.
1336 3924 1498 3978 Dor-et
1523 3931 1702 3975 autem
1728 3929 1783 3974 et
1828 3936 1919 3990 per
1948 3935 2065 3973 ser-

496 4040 741 4092 nionem,
799 4020 942 4092 quod
998 4032 1222 4089 regnum
1270 4014 1535 4071 caelorum
1590 4020 1677 4068 est
1728 4027 1917 4067 eorum
1973 4010 2063 4082 qui

493 4118 750 4175 similiter
785 4111 962 4168 allecti
998 4117 1123 4164 sunt
1152 4114 1211 4162 ut
1256 4105 1431 4177 pueri.
1486 4104 1627 4160 Puer
1661 4119 1770 4160 non
1826 4103 2063 4168 inflatur,

490 4225 669 4280 neque
698 4207 930 4277 aliquem
961 4200 1260 4257 contemnit
1287 4216 1301 4253 :
1338 4199 1600 4253 innocens
1644 4207 1764 4263 est,
1800 4195 2021 4263 simplex
2047 4233 2065 4259 ,

490 4312 547 4357 et
582 4314 705 4357 cum
731 4297 882 4353 omni
921 4293 1272 4365 simplicitate
1298 4303 1473 4361 neque
1506 4291 1556 4342 in
1593 4288 1865 4357 prosperis
1891 4285 2067 4342 extol-

492 4394 643 4457 litur,
677 4403 852 4459 neque
880 4388 933 4442 in
964 4385 1215 4442 tristibus
1236 4382 1510 4452 dejicitur.
1545 4378 1699 4436 Unde
1722 4378 1814 4449 qui
1845 4379 1979 4434 vivit
2010 4379 2064 4433 in

489 4485 639 4541 omni
672 4481 996 4547 humilitate,
1025 4477 1370 4549 simplicitate
1404 4482 1460 4529 et
1484 4472 1814 4538 innocentia,
1840 4472 1928 4527 ille
1956 4471 2067 4527 Deo

476 4562 746 4647 acceptus
772 4583 877 4638 est,
913 4582 966 4628 et
994 4570 1191 4638 accipit
1220 4581 1448 4637 regnum
1479 4563 1577 4620 Dei
1612 4564 1752 4619 sicut
1785 4579 1941 4633 puer,
1968 4565 2069 4619 hoc

492 4679 574 4724 est
611 4665 863 4729 fideliter,
915 4660 1120 4729 absque
1159 4658 1281 4713 dolo
1324 4665 1380 4710 et
1421 4654 1758 4710 curiositate.
1803 4653 2093 4709 Curiosus

491 4759 659 4825 enim,
700 4764 753 4811 et
785 4766 1001 4822 semper
1047 4750 1411 4818 interrogans,
1447 4744 1726 4812 Quomodo
1750 4744 1773 4798 ?
1800 4758 1925 4799 cum
1970 4758 2066 4798 sua

491 4849 870 4907 incredulitate
920 4842 1139 4915 peribit,
1193 4849 1243 4895 et
1295 4854 1400 4895 non
1442 4836 1665 4894 intrabit
1715 4839 1768 4891 in
1807 4850 2063 4907 regnum,

490 4944 633 5013 quod
679 4935 854 4994 noluit
900 4932 1221 5003 simpliciter
1246 4938 1307 4985 et
1346 4931 1465 4984 sine
1507 4926 1826 4983 curiositate
1857 4936 1911 4982 et
1966 4926 2067 4980 Itu-

493 5034 697 5089 militer
726 5029 1023 5098 suscipere.
1055 5022 1259 5079 Omnes
1307 5024 1489 5091 itaque
1513 5021 1763 5091 apostoli,
1793 5029 1849 5076 et
1877 5033 2065 5075 omnes

494 5137 716 5196 prorsus
747 5120 1034 5176 credentes
1081 5103 1135 5170 in
1184 5111 1485 5180 Christum,
1540 5121 1804 5168 vocantur
1856 5109 2060 5180 pueri:

491 5216 635 5270 sicut
668 5221 723 5268 et
744 5211 861 5280 ipse
888 5207 1152 5261 Dominus
1180 5202 1452 5274 apostolos
1481 5200 1803 5265 nominavit,
1837 5201 2019 5253 dicens
2046 5216 2061 5252 :

492 5304 678 5371 Pueri,
718 5317 844 5356 num
874 5300 1001 5369 quid
1027 5295 1244 5353 obsonii
1281 5293 1490 5350 habetis
1514 5292 1599 5345 "2’
1647 5290 1930 5361 Sapientes
1962 5304 2064 5343 au-

492 5408 601 5452 tem
648 5389 949 5465 gentilium,
985 5386 1308 5458 sapientiam
1341 5384 1394 5439 in
1428 5382 1690 5455 mysterio
1736 5390 2063 5449 quaerentes,

492 5486 640 5558 quod
673 5495 757 5540 est
791 5494 1012 5551 regnum
1052 5479 1182 5544 Dei,
1211 5486 1266 5532 et
1298 5473 1542 5530 nolentes
1569 5472 1817 5542 accipere
1861 5472 2065 5541 absque

498 5574 913 5634 ratiocinatione
935 5610 950 5636 ,
986 5571 1178 5625 merito
1204 5568 1408 5623 exclusi
1458 5576 1583 5621 sunt
1616 5566 1683 5620 ab
1733 5564 1833 5620 hoc
1864 5577 2058 5634 regno.

1526 5755 1577 5810 5.

568 5760 615 5794 ”
643 5755 744 5813 Job
785 5775 845 5829 tt,
876 5760 930 5829 9,
970 5761 1023 5814 2.
1104 5760 1151 5792 θ’
1178 5757 1334 5814 Joau.
1377 5773 1482 5824 im,

2125 2359 2193 2429 τῇ
2253 2356 2597 2427 κατακρίσει,
2626 2356 2971 2429 ὑψωθήσεται
2999 2364 3148 2436 παρὰ
3189 2364 3328 2419 Θεοῦ
3364 2365 3693 2440 δικαιούμενος.

2113 2452 2430 2523 δικαιωθῇς.

2251 2568 2270 2600 ι
2307 2550 2653 2621 Προσέφερον
2704 2551 2761 2605 δὲ
2819 2554 2970 2625 αὐτῷ
3001 2555 3094 2610 καὶ
3133 2556 3204 2610 τὰ
3230 2557 3427 2631 βρέφη,
3459 2560 3535 2613 ἵνα
3560 2562 3693 2618 αὐτῶν

2172 2642 2433 2712 ἅπτηται.
2472 2642 2695 2705 Ἰδόντες
2719 2644 2775 2698 δὲ
2807 2648 2855 2699 oi
2878 2648 3142 2720 μαθηταὶ,
3173 2652 3505 2724 ἐπετίμησαν
3536 2656 3687 2720 αὐτοῖς.

2184 2732 2242 2786 '0
2282 2734 2339 2787 δὲ
2392 2734 2603 2803 Ἰησοῖς
2643 2738 3156 2811 προσκαλεσάμενος
3186 2744 3328 2797 αὐτὰ
3349 2740 3518 2799 εἶπεν·
3542 2748 3691 2817 Ἅφετε

2168 2826 2235 2878 τὰ
2266 2825 2452 2879 παιδὶα
2489 2826 2745 2897 ἔρχεσθαι
2789 2832 2921 2903 πρός
2945 2848 3038 2902 με,
3069 2837 3168 2887 καὶ
3210 2836 3288 2906 μὴ
3325 2836 3543 2891 κωλύετε
3566 2841 3688 2905 αὐτὰ,

2167 2918 2275 2969 τῶν
2308 2917 2418 2987 γὰρ
2443 2920 2701 2973 τοιούτων
2731 2923 2880 2974 ἐστὶν
2915 2925 2945 2994 ἡ
2972 2924 3227 2994 βασιλεία
3251 2929 3345 2982 τοῦ
3372 2929 3518 2986 Θεοῦ.
3563 2932 3689 3001 ’Δμὴν

2169 3010 2312 3079 λέγω
2335 3012 2485 3080 ὑμῖν,
2518 3011 2578 3076 ὃς
2606 3012 2699 3066 ὲάν
2719 3014 2795 3086 μὴ
2824 3015 3040 3087 δέξηται
3072 3018 3173 3090 τὴν
3198 3022 3468 3092 βασιλείαν
3493 3024 3571 3079 τοῦ
3590 3025 3687 3078 Θεοῦ

2167 3103 2244 3167 ὡς
2277 3104 2511 3171 παιδίον,
2566 3105 2627 3158 οὐ
2684 3107 2759 3177 μὴ
2793 3108 3009 3181 εἰσέλθῃ
3047 3112 3129 3175 είς
3159 3114 3353 3184 αὐτὴν.
3387 3134 3405 3168 ι
3457 3116 3551 3171 Kal.
3572 3117 3689 3171 τοῦτο

2169 3196 2306 3266 πρὸς
2339 3200 2808 3270 μετριοφροσύνην
2842 3204 3215 3272 συμϐάλλεται
3248 3209 3311 3262 τὸ
3364 3209 3467 3263 τῶν
3495 3211 3685 3264 παιδίων.

2170 3282 2415 3336 Διδάσκει
2449 3288 2557 3354 γὰρ
2586 3287 2673 3339 διά
2701 3288 2893 3343 τούτου
2942 3294 2969 3344 6
3020 3294 3232 3364 Κύριος
3287 3303 3687 3369 ταπεινοφρονείι,

2169 3375 2264 3426 καὶ
2288 3374 2497 3436 πάντας
2532 3378 2959 3451 παραδέχεσθαι,
2992 3384 3086 3436 καὶ
3115 3386 3351 3454 μηδενὸς
3371 3391 3685 3459 καταφρονεῖν.

2168 3464 2230 3517 Oi
2266 3464 2363 3533 μὲν
2389 3466 2498 3536 γὰρ
2530 3468 2772 3537 μαθηταὶ
2794 3472 3012 3539 ἀνάξιον
3041 3476 3278 3545 ἡγοῦντο
3301 3480 3393 3532 τοῦ
3428 3481 3685 3551 τηλικούτου

2168 3558 2204 3606 Δ
2230 3555 2498 3610 δασκάλου
2529 3558 2589 3612 τὸ
2616 3564 3019 3633 προσφέρεσθαι
3046 3568 3197 3638 αὐτῷ
3221 3571 3426 3625 παιδία.
3472 3573 3523 3626 '0
3542 3574 3586 3624 δὲ
3610 3573 3686 3625 δεί-

2167 3661 2356 3698 κνυσιν
2379 3648 2583 3713 αὐτοῖς,
2611 3650 2693 3704 ὅτι
2722 3654 2976 3711 τοσοῦτον
3008 3658 3091 3712 δεῖ
3123 3663 3684 3733 ταπεινοφρονεῖν,ὥστι

2168 3737 2263 3789 καὶ
2309 3738 2380 3790 τὰ
2435 3740 2692 3811 ἐλάχιστα
2751 3745 2825 3816 μὴ
2863 3746 3271 3817 βδελύττεσθαι.
3330 3755 3434 3807 Καὶ
3467 3753 3587 3807 οὕτω
3613 3753 3684 3823 μὲν

2165 3829 2402 3884 διδάσκει
2425 3832 2521 3904 τὴν
2553 3840 3022 3910 μετριοφροσύνην
3053 3842 3122 3896 δι’
3144 3839 3221 3899 ὧν
3251 3846 3470 3918 ἔπραξε,
3499 3850 3562 3919 μὴ
3583 3850 3683 3901 ἁπο-

2170 3923 2551 3994 πεμψάμενος,
2603 3927 2717 3979 ἀλλ’
2745 3931 2913 3999 ἡδέως
2955 3935 3400 4006 παραδεξάμενος
3446 3958 3506 3994 τα
3530 3940 3680 4011 βρέφη.

2167 4011 2419 4067 Διδάσκει
2454 4014 2510 4068 δὲ
2540 4017 2636 4068 καὶ
2678 4018 2768 4072 διὰ
2796 4019 2980 4089 λόγου,
3020 4024 3101 4078 ὅτι
3154 4031 3263 4083 τῶν
3297 4031 3432 4083 κατὰ
3454 4032 3512 4084 τά
3541 4030 3681 4085 παιδία

2166 4101 2526 4174 διακειμένων
2554 4106 2703 4161 ἐστὶν
2735 4111 2766 4181 ἡ
2803 4111 3049 4182 βασιλεία
3071 4115 3181 4169 τῶν
3202 4120 3457 4190 οὐρανῶν.
3502 4123 3563 4176 T6
3586 4140 3679 4175 παι-

2166 4193 2276 4248 δίον
2302 4196 2401 4248 οὐκ
2430 4197 2738 4270 ἐπαίρεται,
2768 4203 2868 4256 οὐκ
2894 4204 3167 4271 ἐξουθενεί
3185 4213 3677 4278 τινα,ἀκικὸνὲστιν,

2167 4283 2376 4353 ἄδολον,
2417 4287 2540 4342 οὔτε
2599 4292 2691 4344 ἐπὶ
2719 4295 2831 4357 τοῖς
2879 4296 3154 4369 λαμπροῖς
3212 4302 3547 4374 ὀγκούμενον.
3586 4303 3677 4357 οὔτε

2169 4378 2262 4431 ἐπὶ
2291 4382 2404 4441 τοῖς
2436 4379 2701 4453 λυπηροῖς
2732 4386 3177 4459 συστελλόμενον,
3207 4392 3346 4447 ἀλλά
3392 4394 3528 4466 πάσῃ
3556 4393 3679 4448 ἁπλὸ-

2169 4487 2291 4542 τητι
2324 4472 2503 4527 συνόν.
2533 4474 2695 4528 Ὥστε
2726 4478 2754 4529 ὁ
2776 4483 3215 4555 ταπεινοφρόνως
3244 4487 3354 4551 ζῶν
3376 4488 3462 4541 καὶ
3485 4489 3675 4550 ἀκάκως,

2167 4562 2370 4627 ἐκεῖνος
2399 4566 2545 4637 παρὰ
2573 4565 2651 4638 τῷ
2691 4567 2809 4640 Θεῷ
2860 4573 3244 4645 προσδεκτέος,
3274 4581 3368 4634 καὶ
3395 4583 3421 4634 6
3448 4580 3678 4650 δεχόμενος

2164 4651 2263 4721 τὴν
2303 4651 2582 4722 βασιλείαν
2613 4655 2707 4709 τοῦ
2739 4656 2877 4710 Θεοῦ
2909 4659 2984 4723 ὡς
3014 4664 3249 4729 παιδίον,
3282 4669 3559 4725 τουτέστιν,
3588 4663 3677 4719 6&5-

2165 4742 2291 4809 λως,
2325 4745 2923 4821 ἁπολυπραγμονήτως,
2949 4756 3177 4820 πιστῶς.
3215 4757 3273 4812 '0
3295 4759 3398 4831 γὰρ
3426 4758 3676 4829 περίεργος.

2163 4835 2261 4888 καὶ
2298 4835 2385 4890 ἀεὶ
2419 4839 2642 4907 ἐρωτῶν
2679 4842 2759 4909 τὸ,
2784 4843 2941 4911 Πῶςς
2969 4849 3036 4917 τῇ
3072 4848 3296 4923 ἀπιστίᾳ
3332 4850 3679 4921 συγκαταλυθὴ-

2167 4942 2342 4994 σεται,
2399 4930 2495 4983 καὶ
2549 4931 2610 4983 οὐ
2664 4933 2738 5003 μὴ
2770 4936 2988 5009 εἰσέλθῃ
3043 4943 3123 5003 εις
3176 4943 3276 5015 τὴν
3327 4944 3592 5016 βασιλείαν,
3628 4942 3678 5008 ἣν

2170 5018 2380 5087 ἁπλῶς,
2413 5021 2505 5073 καὶ
2534 5023 2901 5096 ἀπεριέργως,
2929 5030 3022 5083 καὶ
3048 5037 3447 5108 μετριοφρόνως
3479 5036 3564 5089 οὐκ
3586 5031 3680 5101 ἠθέ-

2171 5109 2305 5182 λησε
2337 5113 2765 5182 παραδέξασθαι.
2792 5120 3000 5187 Πάντες
3026 5125 3123 5195 μὲν
3142 5126 3234 5180 οὖν
3265 5130 3313 5182 οί
3334 5127 3587 5182 ἀπόστολοι
3608 5124 3677 5178 καὶ

2166 5203 2367 5264 πάντες
2397 5204 2582 5266 ἁπλῶς
2598 5208 2646 5260 oi
2678 5211 3067 5280 πιστεύσαντες
3083 5218 3162 5291 τῷ
3182 5219 3416 5293 Χριστῷ,
3449 5218 3603 5274 παιδία
3625 5214 3676 5270 ἄν

2162 5293 2434 5362 κληθεῖεν,
2475 5296 2550 5361 ὡς
2600 5301 2696 5354 καὶ⁵
2752 5302 2917 5370 αὐτὸς
2942 5309 2971 5361 6
3001 5309 3206 5381 Κύριος
3246 5315 3370 5378 τοὺς
3406 5307 3675 5369 ἀποστόλους

2163 5382 2415 5455 ὠνόμασε
2441 5401 2455 5417 ⁸
2482 5387 2701 5457 Παιδία,
2729 5394 2861 5463 μήτι
2887 5398 3227 5469 προσφάγιον
3257 5400 3402 5476 ἔχετε
3426 5417 3441 5466 ;
3467 5398 3522 5453 Oi
3540 5397 3586 5450 δὲ
3608 5409 3674 5447 σο·

2163 5477 2251 5545 φοι
2272 5478 2380 5532 τῶν
2404 5477 2693 5552 Ἑλλήνων,
2720 5486 2913 5554 σοφίαν
2937 5489 2994 5541 ὲν
3017 5490 3094 5561 τῷ
3122 5492 3396 5564 μυστηρίῳ
3419 5487 3669 5562 ζητοῦντες.

2161 5568 2191 5622 ὃ
2231 5571 2378 5624 ἐστιν
2411 5573 2446 5642 ἠ
2484 5570 2730 5642 βασιλεία
2758 5576 2850 5630 τοῦ
2875 5577 3032 5645 θεοῦ,
3065 5583 3157 5635 καὶ
3188 5583 3261 5654 μὴ
3310 5582 3585 5654 βουλόμενοι
3603 5574 3670 5629 δίο

2097 4436 2143 4495 D
