3932 6456
209 431 348 514 12θὲ

790 426 799 429 ’
871 431 1315 495 ENARRATIO
1350 423 1443 495 IN"
1469 430 1966 496 EVANGELIUM
2006 432 2241 495 LUC/E.
2275 458 2345 470 -
2376 433 2537 497 CAP:
2570 431 2769 497 XVIII
2806 480 2826 498 .

3322 432 3465 503 1010

209 547 409 608 ξασθαι
436 544 596 600 τοῦτο
632 544 1055 615 ἀσυλλογίστως,
1089 546 1314 609 εἰκότως
1347 544 1663 615 ἐξώσθησαν
1693 545 1791 615 τῆς

1914 542 2007 598 inn
2050 544 2406 600 dixit'autem
2437 561 2451 599 :
2489 543 2689 601 [lorum
2735 554 2819 600 est
2839 557 3094 614 regnum,
3123 542 3218 601 sed
3252 545 3464 613 talium,

210 637 491 708 βασιλείας
512 635 734 709 ταύτης.
779 638 894 691 Οὐκ
932 633 1053 691 εἷπε
1084 637 1161 705 δὲ,
1196 638 1302 704 ὅτι,
1336 638 1554 693 Τούτων
1580 637 1727 691 ἐστὶν
1754 637 1787 707 ἡ

1914 638 1981 707 ιιιί
2017 636 2318 691 voluntarie
2347 637 2710 708 possederunt
2752 636 3119 692 innocentiam
3150 644 3206 693 et
3249 637 3468 692 humili—

208 728 484 800 βασιλεία,
514 728 650 782 ἀλλά
676 726 786 781 τῶν
808 726 1085 792 τοιούτων,
1105 728 1373 795 τουτέστι,
1397 728 1507 781 τῶν
1532 727 1629 800 τὴν
1651 730 1790 783 ἀκα-

208 820 360 885 κίαν,
395 819 494 873 καὶ
543 816 1010 890 μετριοφροσύνην
1060 818 1463 889 προαιρετικῶς
1517 817 1793 889 κτησαμέ-

206 927 340 972 νων,
364 910 431 981 ἢν
461 909 710 978 φυσικῶς
759 908 828 963 τὰ
856 908 1046 963 παιδία
1099 908 1307 980 ἔχουσι.
1369 908 1664 979 Δεξὼμεθα
1695 905 1791 964 οῦν

207 1003 392 1056 πάντα
420 1000 491 1053 τὰ
513 999 966 1069 ὲκκλησιαστικὰ,
1002 999 1146 1071 ἅπερ
1172 1000 1321 1054 ἐστὶν
1351 1002 1384 1072 ή
1423 1000 1666 1071 βασιλεία
1697 1001 1792 1056 τοῦ

207 1091 374 1156 Θεοῦ,
403 1091 775 1162 ἀπεριέργως,
823 1091 922 1146 καὶ
953 1090 1183 1156 πιστῶς,
1223 1093 1320 1146 καὶ
1368 1091 1791 1162 μετριοφρόνως,

206 1182 274 1235 τὸ
303 1181 414 1251 γὰρ
437 1181 900 1251 περιεργάζεσθαι
930 1166 1180 1250 οἰήσεως,
1210 1182 1308 1234 καὶ
1344 1180 1683 1250 δοξοσοφίας.

292 1290 311 1323 ι
356 1272 464 1324 Καὶ
508 1271 834 1342 ἐπηρώτησέ
862 1287 944 1335 τις
973 1271 1133 1324 αὑτὸν
1164 1270 1370 1341 ἄρχων,
1401 1271 1575 1340 λέγων
1597 1290 1609 1301 '
1634 1273 1791 1328 atas-

213 1362 383 1414 σκαλε
413 1361 609 1430 ἀγαθὲ,
626 1362 678 1415 τί
707 1363 938 1430 ποιήσας
957 1360 1103 1431 ζωὴν
1124 1361 1344 1415 αἰώνιον
1366 1362 1465 1430 κλη
1476 1365 1792 1433 ρονομήσως

211 1447 354 1504 Εἷπε
383 1452 445 1506 δὲ
464 1453 616 1522 αὐτῷ
637 1453 665 1505 6
695 1449 931 1521 Ἰησοῦςσ
958 1452 1022 1504 Τί
1057 1469 1124 1521 με
1148 1451 1328 1521 λέγεις
1348 1453 1584 1522 ἁγαθόν;
1611 1455 1798 1520 Οὐδεὶς

212 1541 445 1608 ἀγαθὸς,
481 1544 529 1595 εἰ
591 1541 668 1612 μὴ
699 1535 780 1604 εἷς
810 1544 839 1595 6
869 1541 1020 1603 Θεός.
1066 1542 1178 1604 Τὰς
1227 1543 1449 1601 ἐντολὰς
1478 1539 1625 1607 οἶδας
1663 1559 1677 1575 ·
1705 1544 1797 1615 Μὴ

217 1633 541 1704 μοιχεύσῃς,
586 1632 663 1703 μὴ
685 1632 976 1704 φονεύσῃς,
1014 1637 1089 1704 μὴ
1119 1633 1347 1705 κλέψῃς,
1378 1634 1454 1705 μὴ
1484 1633 1800 1708 ψευδομαρ-

214 1730 489 1799 τυρήσῃς.
516 1728 662 1796 Τίμα
684 1726 775 1780 τὸν
796 1726 1006 1798 πατέρα
1037 1744 1131 1781 σου
1186 1729 1282 1780 καὶ
1309 1728 1408 1800 τὴν
1436 1728 1650 1798 μητέρα
1682 1745 1799 1784 σου.

1893 737 2097 790 tatem,
2150 744 2310 798 quam
2367 728 2519 798 pueri
2577 735 2769 783 natura
2820 726 3038 783 habent.
3095 725 3467 798 Suscipiamus

1894 820 2061 889 igitur
2090 820 2271 875 omnia
2322 818 2824 875 illa—ecclesiastica
2847 858 2863 885 ,
2911 834 3030 890 quae
3060 828 3189 875 sunt
3236 834 3462 890 regnum

1894 912 2012 973 Dei,
2049 912 2300 979 fideliter,
2331 911 2537 982 absque
2565 911 2903 977 curiositate,
2936 919 2993 966 ct
3023 911 3321 966 humiliter.
3355 910 3464 967 Cu-

1897 1004 2040 1059 riose
2077 1004 2221 1058 enim
2257 1005 2553 1076 inquirere,
2583 1003 2892 1075 Superbiam
2915 1004 3145 1073 sapit'et
3176 1005 3465 1076 gloriosam

1895 1096 2236 1168 sapientiam.
2845 1110 2848 1113 '

1976 1278 2140 1333 Vens.
2170 1275 2355 1331 18-25.
2398 1293 2417 1326 ι
2453 1274 2517 1329 Et
2548 1274 2900 1342 interrogavit
2926 1286 3047 1326 eum
3078 1271 3295 1341 quinam
3326 1271 3475 1340 prin-

1898 1389 2025 1443 ceps
2058 1391 2073 1428 :
2109 1370 2364 1439 Magister
2390 1368 2550 1432 bone,
2586 1367 2715 1437 quid
2749 1366 3054 1423 faciendum
3081 1364 3213 1419 mihi
3251 1371 3308 1417 ιιι
3335 1378 3472 1418 con.

1900 1478 2098 1534 sequar
2122 1463 2286 1517 vitam
2312 1459 2613 1516 mtcrnam?
2647 1456 2790 1514 Dixit
2818 1467 2997 1512 autem
3026 1456 3074 1511 ei
3109 1453 3267 1511 Iesus
3294 1471 3308 1507 :
3331 1451 3474 1522 Quid

1900 1572 1987 1612 me
2031 1556 2170 1612 dicis
2212 1556 2410 1610 bonum
2432 1552 2474 1607 Υ
2511 1567 2670 1607 nemo
2714 1552 2908 1614 bonus,
2960 1549 3067 1606 nisi
3107 1548 3253 1604 solus
3309 1547 3472 1602 Deus.

1901 1646 2174 1716 Praecepta
2269 1643 2411 1699 nosti
2455 1661 2470 1699 :
2513 1641 2627 1697 Non
2710 1642 3020 1698 eotnmittcs
3113 1639 3475 1702 adulterium,

1905 1756 2013 1795 non
2069 1738 2321 1801 occides,
2382 1751 2488 1791 non
2553 1733 2721 1791 facies
2782 1735 3022 1797 furtum,
3092 1748 3200 1788 non
3279 1731 3473 1786 falsum

233 1816 303 1871 '0
336 1818 391 1870 δὲ
427 1813 583 1870 εἷπε·
627 1818 813 1872 Ταῦτα
848 1819 1026 1873 πάντα
1063 1818 1421 1889 ἐφυλαξάμην
1451 1822 1515 1873 ὲκ
1547 1820 1796 1890 νεότητός

1914 1830 2275 1884 testimonium
2330 1828 2514 1891 dices;
2567 1827 2774 1881 honora
2822 1835 3032 1895 patrem
3066 1834 3213 1879 tuutn
3258 1834 3314 1878 et
3363 1836 3479 1875 ma-

221 1920 351 1972 μου.
394 1903 656 1968 Ἀκούσας
682 1904 739 1958 δὲ
774 1905 945 1959 ταῦτα
969 1908 997 1959 6
1036 1907 1245 1977 Ἰησοῦς
1270 1904 1423 1961 εἶπεν
1447 1909 1594 1979 αὐτῷ
1617 1924 1630 1938 ο
1678 1910 1797 1963 Ἔτι

1914 1934 2044 1977 trcm
2076 1931 2245 1977 tuam.
2276 1921 2344 1973 At
2364 1919 2450 1972 ille
2478 1919 2587 1973 ait:
2620 1917 2745 1973 llaec
2773 1916 2951 1972 omnia
2982 1915 3195 1969 servavi
3223 1928 3251 1966 a
3275 1912 3474 1981 juven—

219 1999 280 2049 ἐν
311 2016 396 2051 σοι
427 1998 629 2052 λείπει·
667 2001 845 2054 πάντα
876 2002 977 2055 ὅσα
999 2001 1167 2072 ἔχεις,
1197 2001 1474 2073 πώλησον,
1509 2006 1602 2056 καὶ
1629 2004 1805 2067 διάδος

221 2092 482 2161 πτωχοῖς,
532 2090 625 2144 καὶ
666 2081 808 2158 ἕξεις
845 2092 1118 2163 θησαυρὸν
1145 2095 1203 2148 ὲν
1245 2094 1480 2165 οὐρανῷ.
1510 2095 1619 2148 Καὶ
1647 2094 1805 2166 δεῦρο

222 2180 512 2234 ἀκολούθει
535 2198 648 2251 μοι.
684 2183 741 2236 '0
774 2184 854 2250 6‘3,
879 2185 1118 2248 ἀκούσας
1148 2184 1345 2250 ταῦτα,
1368 2187 1667 2255 περίλυπος
1689 2187 1809 2255 ἐγέ‹

221 2287 369 2336 veto,
420 2267 488 2342 ἦν
522 2274 629 2345 γὰρ
665 2274 917 2339 πλούσιος
952 2278 1178 2348 σφόδρα.
1242 2298 1260 2331 ι
1327 2282 1485 2332 Δοκεῖ
1519 2281 1617 2349 μέν
1665 2297 1805 2333 τισιν

223 2356 383 2425 οὗτος
418 2367 446 2415 6
468 2363 753 2433 ἄνθρωπος
786 2366 1094 2438 πανοῦργός
1125 2385 1210 2431 τις
1236 2363 1398 2436 εἶναι,
1436 2372 1530 2421 καὶ
1562 2363 1674 2422 οἷον
1700 2387 1808 2422 πα-

226 2451 475 2519 γιδεῦσαι
507 2453 686 2523 ζητῶν
708 2456 802 2511 τὸν
852 2456 1059 2526 Ἰησοῦν
1092 2459 1149 2510 ὲν
1172 2458 1371 2527 λόγοις.
1429 2460 1543 2513 Οὐκ
1573 2458 1716 2513 ἔοικε
1750 2459 1807 2513 δὲ

226 2544 411 2609 τοῦτο,
468 2547 603 2602 ἀλλά
651 2549 983 2622 φιλάργυρος
1041 2547 1203 2606 εἶναι.
1264 2552 1417 2615 Ἐπεὶ
1451 2553 1546 2606 καὶ⁵
1587 2552 1617 2605 6
1676 2553 1811 2621 Χρι-

231 2638 359 2703 στὸς
386 2641 627 2697 τοιοῦτον
666 2644 830 2698 αὑτὸν
877 2644 1006 2700 ὄντα
1057 2646 1271 2717 ἤλεγξε.
1301 2648 1409 2700 Καὶ
1447 2649 1557 2719 γὰρ
1583 2649 1810 2717 Μάρκος

231 2733 419 2801 φησὶν,
488 2735 569 2788 ὅτι
627 2737 1014 2810 προσδραμὼν,
1068 2738 1164 2793 καὶ
1218 2739 1532 2806 γονυπετῶν
1567 2740 1811 2809 παρεκά-

232 2820 317 2876 λει
370 2825 478 2884 τὸν,
532 2827 785 2897 Ἰησοῦν,
841 2830 936 2882 καὶ
983 2831 1069 2885 ὅτι
1131 2830 1406 2901 ἐμϐλέψας
1455 2829 1603 2901 αὐτῷ
1633 2832 1663 2884 6
1703 2831 1809 2902 Ἰη-

235 2912 365 2976 σοῦς
424 2914 710 2985 ἠγάπησεν
769 2918 928 2973 αὐτόν
958 2935 973 2948 ⁸
1035 2919 1441 2991 φιλοχρήματος
1496 2921 1595 2991 μὲν
1649 2915 1719 2991 ἦν
1782 2924 1813 2975 6

234 3003 546 3074 ἄνθρωπος.
595 3008 855 3079 Πρόσεισι
883 3010 1045 3083 δὲτῷ
1085 3010 1259 3083 Ἰησοῦ
1291 3012 1482 3082 μαθεῖν
1525 3012 1811 3083 ἐφιέμενος

237 3096 370 3166 περὶ
429 3097 574 3167 ζωῆς
624 3099 866 3167 αἰωνίου,
930 3103 1069 3174 τάχα
1114 3104 1190 3168 ὠς
1246 3104 1657 3177 φιλοχρήματος
1715 3108 1812 3160 καί⁹

1910 2023 2019 2070 tute
2061 2026 2202 2069 mea.
2238 2014 2356 2078 Quo
2402 2009 2604 2073 audito,
2645 2005 2800 2063 Jcsus
2840 2005 2915 2060 ait
2960 2005 3046 2060 ei:
3074 2002 3264 2060 Adhuc
3309 2014 3475 2057 unum

1909 2106 2004 2161 tibi
2063 2106 2213 2160 deest
2264 2120 2278 2158 :
2338 2101 2530 2158 Omnia
2589 2114 2941 2170 quaecumque
2966 2096 3151 2159 habes,
3193 2094 3387 2157 vende,
3425 2103 3480 2146 et

1906 2197 2176 2255 distribue
2239 2194 2602 2265 pauperibus,
2667 2202 2724 2246 et
2775 2190 3001 2245 habebis
3050 2189 3364 2243 thesaurum
3424 2184 3478 2237 in

1909 2288 2049 2344 caelo
2084 2305 2097 2341 :
2130 2296 2185 2342 et
2216 2286 2333 2339 veni
2363 2323 2379 2350 ,
2423 2296 2653 2352 sequere
2685 2295 2790 2335 me.
2830 2279 2922 2333 His
2956 2277 3046 2333 ille
3094 2276 3293 2330 auditis
3327 2287 3381 2327 ιιι
3398 2286 3472 2327 2-

1910 2387 2034 2428 rore
2064 2372 2290 2427 allectus
2336 2379 2450 2433 est,
2500 2369 2624 2436 quia
2670 2368 2820 2422 dives
2865 2374 2985 2421 erat
3034 2366 3209 2420 valde.
3249 2382 3268 2416 ι
3321 2363 3480 2418 Vide-

1912 2474 1997 2519 tur
2029 2464 2119 2519 ille
2158 2463 2320 2515 homo
2364 2461 2684 2530 quibusdam
2732 2458 2994 2529 malignus
3041 2457 3307 2526 quispiam
3341 2469 3479 2515 esse,

1910 2565 1963 2609 et
2012 2550 2307 2623 illaque’are
2342 2567 2589 2622 qua-rens
2626 2549 2812 2606 Jesum
2844 2552 2898 2605 in
2932 2563 3205 2605 sermone.
3252 2545 3371 2600 Non
3400 2555 3484 2599 est

1890 2656 2088 2701 .autcm
2123 2645 2225 2699 hoc
2258 2643 2578 2708 verisimile,
2609 2644 2703 2697 scd
2726 2656 2924 2697 avarus
2952 2650 3069 2696 erat
3096 2656 3112 2694 :
3148 2637 3401 2707 quoniam
3431 2647 3483 2689 et

1909 2738 2159 2794 Christus
2209 2754 2354 2804 eum,
2396 2735 2521 2806 quia
2546 2734 2669 2790 talis
2719 2742 2870 2798 erat,
2925 2733 3124 2801 arguit.
3176 2732 3384 2787 Etenim
3431 2740 3487 2784 et

1912 2831 2126 2885 Marcus
2157 2832 2288 2886 dicit
2318 2831 2460 2900 quod
2501 2828 2833 2891 occurrerit,
2867 2839 2919 2882 et
2968 2840 3104 2896 genu
3153 2824 3381 2881 llcxrrit.
3431 2830 3486 2872 ct

1911 2923 2279 2978 obsecraverit
2308 2919 2517 2982 Jcsum,
2545 2930 2598 2973 et
2625 2919 2767 2989 quod
2798 2917 2956 2973 Jesus
2987 2917 3159 2987 ipsum
3187 2913 3484 2984 aspexerit,

1912 3026 1968 3071 et
2021 3016 2295 3069 dilexerit.
2342 3013 2511 3084 Igitur
2557 3013 2871 3066 divitiarum
2922 3019 3132 3063 amator
3166 3016 3283 3061 erat
3325 3007 3486 3059 homo

1914 3108 2023 3162 ille.
2081 3106 2305 3162 Accedit
2359 3115 2537 3160 autem
2601 3104 2667 3157 ad
2716 3101 2936 3168 Jesum,
2987 3103 3199 3155 discere
3255 3098 3482 3168 cupiens

233 3184 414 3238 τοῦτο.
447 3187 613 3239 Οὐδὲν
652 3190 761 3260 γὰρ
798 3190 939 3245 οὕτω
971 3193 1257 3262 φιλόζωον,
1291 3194 1365 3258 ὠς
1404 3193 1808 3266 φιλοχρήματος

1914 3199 2072 3271 437
2113 3198 2178 3251 de
2202 3203 2308 3252 vita
2342 3205 2567 3260 aeterna,
2604 3195 2852 3248 fortassis
2874 3202 2925 3247 et
2958 3192 3009 3244 in
3044 3191 3144 3246 hoc
3175 3189 3484 3244 divitiarum

235 3277 543 3349 ἄνθρωπος.
577 3282 853 3354 Ἐνόμισεν
876 3280 967 3340 οῦν
991 3286 1084 3340 τὸν
1120 3286 1321 3358 Ἰησοῦν
1348 3288 1641 3344 ὑποθέσθαι
1665 3291 1814 3361 αὐτῷ

240 3368 467 3438 τρόπον,
504 3370 574 3425 δι’
609 3364 672 3426 οῦ
716 3375 948 3440 αίωνίως
1004 3377 1252 3448 ζήσεται,
1289 3379 1684 3434 καταπολαύων
1716 3379 1816 3451 τῆς

239 3461 630 3533 κατασχέσεως
673 3465 782 3521 τῶν
835 3470 1155 3539 χρημάτων.
1207 3470 1294 3535 Ὠς
1337 3470 1395 3524 δὲ
1423 3473 1452 3525 6
1485 3472 1687 3544 Κύριος
1715 3475 1815 3544 τὴν

234 3552 543 3624 ἀπόκτησιν
576 3551 714 3612 εἶναι
762 3559 1022 3631 πρόξενον
1063 3556 1185 3615 εἷπε
1240 3563 1341 3632 τῆς
1376 3565 1593 3618 αἰωνίου
1647 3566 1812 3635 ζωῆς,

236 3644 313 3707 ὡς
347 3648 837 3719 περιμεμψάμενος
867 3652 1045 3722 ἐαυτῷ
1089 3653 1188 3721 τῆς
1223 3655 1566 3727 ἐρωτήσεως,
1603 3656 1695 3710 καὶ
1739 3656 1817 3727 τῷ

251 3737 430 3806 Ἰησοῦ
482 3742 583 3812 τῆς
637 3744 1011 3814 ἀποκρίσεως,
1064 3746 1301 3803 ἄπεισιν.
1346 3748 1518 3812 Αὐτὸς
1571 3749 1683 3822 γάρ
1734 3768 1816 3804 τοι

238 3832 429 3886 ἕνεκεν
458 3834 551 3887 τοῦ
586 3834 733 3906 ἔχειν
765 3838 834 3891 τὰ
869 3838 1128 3911 χρήματα
1169 3842 1263 3895 ἐπὶ
1291 3842 1450 3907 πολὺ,
1484 3841 1681 3917 ἔχρῃζε
1718 3843 1818 3916 τῆς

239 3925 466 3979 αἰωνίου
502 3927 647 4000 ζωῆς
687 3943 702 3958 °
740 3929 865 3983 ἐπεὶ
893 3933 942 3984 εί
982 3931 1053 3986 τὰ
1099 3933 1359 4005 χρήματα
1406 3933 1629 4006 ἔμελλεν
1679 3938 1817 3991 ἀπο-

240 4016 504 4082 κτᾶσθαι,
558 4017 614 4071 τί
666 4019 773 4074 ἔδει
801 4022 949 4092 αὑτῷ
1003 4025 1102 4093 τῆς
1156 4025 1378 4079 αἰωνίου
1431 4026 1578 4096 ζωῆς
1629 4028 1819 4099 πένητι

245 4110 496 4179 μέλλοντι
541 4110 658 4184 ζῇν,
695 4112 840 4183 ὥστε
888 4116 1095 4183 ἐδόκεις
1145 4118 1516 4190 Προσέρχεται
1565 4119 1695 4189 γοῦν
1742 4121 1819 4191 τῷ

242 4203 461 4273 Κυρίῳ,
505 4204 581 4268 ὼς
621 4206 807 4270 ἁπλῶς
849 4207 1142 4279 ἀνθρώπῳ,
1177 4211 1271 4263 καὶ
1305 4211 1626 4279 διδασκάλῳ.
1660 4212 1750 4265 Διὸ
1792 4213 1821 4265 6

243 4292 450 4362 Κύριος
480 4293 759 4361 δεικνύων,
777 4297 933 4351 ὅτιού
966 4298 1046 4352 δεῖ
1066 4299 1141 4364 ὡς
1171 4300 1443 4373 ἀνθρώπῳ
1465 4302 1615 4371 αύτῷ
1647 4320 1821 4373 προσ-

244 4386 383 4437 ιέναι
427 4385 584 4456 ψιλῷ,
629 4382 815 4441 εἶπεν·
851 4406 871 4440 ι
913 4390 1100 4453 Οὐδεὶς
1148 4392 1370 4460 ἀγαθὸς,
1421 4395 1471 4446 εί
1521 4396 1596 4465 μὴ
1645 4392 1727 4458 εἷς
1793 4397 1820 4447 ὁ

241 4477 399 4537 Θεός.
434 4497 453 4529 ι
496 4480 719 4547 Ἀγαθόν
752 4498 842 4550 με,
879 4484 1063 4553 φησὶν,
1094 4480 1275 4553 εἶπας,
1305 4486 1357 4539 τί
1412 4481 1505 4540 οὖν
1544 4488 1821 4558 προσέθη-

1916 3302 2169 3347 sectator.
2192 3290 2337 3345 Nihil
2361 3291 2507 3343 enim
2539 3287 2611 3341 ita
2650 3287 2771 3340 vita:
2805 3284 3056 3355 cupidum
3085 3290 3190 3344 est,
3232 3289 3288 3333 ttt
3325 3279 3485 3332 homo

1916 3383 2119 3437 divitiis
2150 3380 2396 3436 studens.
2429 3378 2824 3450 Suspicabatur
2863 3375 3026 3444 igitur
3053 3372 3235 3429 .lcsum
3276 3371 3484 3425 indica-

1919 3486 2097 3530 turum
2133 3474 2237 3531 sibi
2273 3472 2487 3528 modum
2522 3469 2831 3543 quempiam
2861 3482 2967 3538 qtto
3012 3465 3323 3521 divitiarum
3364 3476 3491 3531 pos-

1919 3568 2159 3621 sessione
2214 3575 2475 3637 perpetuo
2537 3563 2644 3618 frui
2708 3562 2896 3632 possit.
2954 3559 3243 3628 Postquam
3304 3565 3486 3610 autem

1920 3658 2175 3714 Dominus
2215 3660 2349 3712 dixit
2386 3657 2690 3712 divitiarum
2731 3652 3090 3724 altjectionem
3132 3648 3382 3705 conferre
3422 3645 3489 3700 ai

1919 3751 2087 3806 vitam
2116 3760 2396 3811 sternam,
2432 3748 2587 3820 quasi
2627 3761 2779 3801 suam
2811 3741 3218 3812 reprehendens
3247 3740 3486 3794 interrov

1919 3844 2210 3915 gationcm.
2242 3850 2320 3911 et;
2338 3841 2544 3898 Christi
2598 3853 2941 3908 responsum,
2973 3836 3124 3890 abiit.
3178 3831 3296 3902 Ipse
3345 3830 3488 3884 enim

1920 3935 2043 4005 quia
2101 3933 2334 3989 habebat
2391 3936 2587 3989 multas
2636 3930 2874 3998 divitias,
2933 3926 3158 3983 multum
3217 3923 3492 3996 quaerebat

1921 4030 2084 4083 vitam
2137 4037 2471 4098 perpetuam.
2506 4025 2704 4080 Verum
2758 4038 2880 4079 eum
2908 4020 3322 4077 renuntiandum
3349 4026 3494 4072 esset

1922 4121 2121 4175 divitiis
2153 4138 2167 4186 ;
2207 4120 2334 4189 quid
2372 4134 2508 4189 opus
2542 4119 2590 4173 ei
2623 4127 2822 4173 mterna
2869 4116 2997 4176 vita,
3049 4113 3137 4181 qui
3170 4126 3391 4180 pauper,
3435 4119 3492 4160 ut

1920 4213 2219 4277 videbatur,
2258 4221 2375 4268 erat
2414 4211 2693 4266 victurus?
2745 4208 2972 4264 Proinde
3001 4207 3208 4260 aet'edit
3238 4206 3302 4257 ad
3332 4204 3490 4257 Chri-

1924 4317 2066 4361 stum
2110 4294 2189 4361 ἰιι
2251 4306 2317 4361 ad
2380 4304 2679 4375 simplicem
2747 4304 3019 4359 hominem
3078 4310 3129 4355 et
3191 4301 3489 4354 doctorem.

1924 4400 2129 4454 Idcirco
2161 4409 2214 4453 et
2247 4397 2507 4453 Dominus
2531 4398 2905 4452 demonstrans
2936 4396 3081 4464 quod
3119 4407 3223 4447 non
3249 4400 3495 4459 oporteat

1925 4493 1990 4545 ad
2025 4493 2216 4561 .ipsum
2282 4490 2542 4546 accedere
2598 4497 2657 4544 ut
2717 4502 2909 4559 purum
2970 4485 3265 4547 hominem,
3309 4481 3493 4537 dixit:

247 4586 352 4631 κας
379 4572 458 4634 τὸ,
498 4571 831 4639 Διδάσκαλες
867 4575 1120 4629 Φαίνεται
1152 4579 1261 4648 γὰρ
1303 4578 1384 4630 ὃτι
1429 4578 1522 4631 ἕνα
1554 4581 1659 4631 τῶν
1690 4580 1808 4631 πολ-

1931 4604 1947 4637 ι
1986 4581 2173 4638 Nullus
2224 4583 2418 4646 bonus,
2462 4582 2561 4636 nisi
2610 4596 2747 4635 unus
2786 4579 2947 4633 Deus.
2987 4594 3004 4629 ι
3046 4576 3271 4636 Βοηιιιιι,
3299 4572 3492 4641 inquit,

244 4668 356 4719 λῶν
398 4684 464 4733 με
497 4669 917 4738 ὑπολαμϐάνεις.
947 4670 1010 4724 Ei
1035 4671 1093 4724 δὲ
1116 4671 1293 4737 τοῦτο,
1323 4675 1423 4727 οὐκ
1453 4675 1568 4741 εἰμὶ
1595 4677 1819 4743 ἀγαθὸς.

244 4761 423 4823 οὐδεὶς
466 4762 574 4832 γὰρ
608 4762 912 4833 ἀνθρώπων
964 4764 1165 4832 ἀγαθὸς
1198 4766 1421 4837 κυρίως,
1474 4770 1521 4821 εί
1565 4768 1639 4837 μὴ
1686 4763 1761 4829 εἷς
1793 4770 1821 4820 6

244 4854 402 4913 Θεός.
433 4851 594 4906 Ὥστε
623 4856 671 4906 εί
702 4854 876 4918 θέλεις
916 4857 1120 4924 ἀγαθόν
1155 4874 1220 4926 με
1247 4858 1446 4925 λέγειν,
1474 4859 1548 4921 ὡς
1578 4860 1711 4912 Θεὸν
1753 4877 1820 4928 με

245 4943 374 5010 λέγε
405 4944 627 5012 ἀγαθὸν,
651 4945 788 4999 ἀλλά
815 4947 888 5017 μὴ
917 4946 992 5009 ὼς
1027 4947 1299 5020 ἀνθρώπῳ
1322 4948 1463 5020 ψιλῷ
1494 4952 1817 5022 προσέρχου.

246 5036 311 5088 Ei
339 5035 446 5105 γὰρ
475 5035 760 5106 ἄνθρωπόν
789 5054 856 5108 με
875 5038 1053 5092 κοινόν
1078 5057 1199 5094 τινα
1230 5040 1489 5111 νομίζεις,
1520 5043 1656 5113 μηδὲ
1684 5047 1823 5110 ἀγα-

248 5126 344 5180 θὸν
377 5127 554 5181 κάλει*
591 5127 668 5198 τῷ
690 5128 804 5182 ὄντι
831 5129 938 5199 γὰρ
967 5130 1193 5199 ἀγαθὸς,
1224 5133 1321 5184 καὶ
1350 5132 1504 5203 πηγὴ
1542 5133 1816 5204 ἀγαθότη-

245 5232 341 5278 τος
378 5217 476 5269 καὶ
527 5218 670 5289 ἁρχὴ
713 5218 815 5287 τῆς
867 5220 1335 5291 αὑτοαγαθότητος
1383 5225 1411 5276 6
1456 5223 1610 5288 Θεός.
1662 5226 1725 5278 0i
1764 5226 1820 5280 δὲ

248 5306 527 5378 ἄνθρωποι
562 5313 611 5364 εί
640 5312 737 5365 καὶ
760 5312 956 5381 ἀγαθοί
982 5315 1167 5383 ἐσμεν,
1195 5314 1313 5369 ἀλλ’
1331 5315 1393 5368 ού
1429 5316 1654 5387 κυρίως,
1684 5318 1822 5373 ἀλλᾶ

251 5401 398 5454 κατὰ
446 5403 704 5472 μετοχὴν,
754 5404 850 5457 καὶ
902 5404 1194 5473 ἐπίμικτον
1238 5405 1451 5475 ἔχοντες
1501 5409 1562 5460 τὸ
1594 5409 1820 5478 ἀγαθὸν.

251 5492 347 5544 καὶ
377 5491 631 5560 τρεπτόν.
666 5491 777 5555 Τὰς
809 5492 1029 5555 ἐντολὰς
1063 5489 1241 5557 οἶδας*
1273 5497 1364 5565 Μὴ
1400 5496 1715 5569 μοιχεύσῃς,
1748 5499 1822 5570 μὴ

252 5582 547 5653 φονεύσῃς,
589 5580 664 5653 μὴ
702 5581 1250 5656 ψευδομαρτυρήσῃς,
1281 5588 1372 5640 καὶ
1404 5589 1474 5641 τὰ
1500 5587 1649 5657 ἑξῆς.
1680 5590 1824 5661 Πρό-

247 5691 410 5745 τερον
448 5675 477 5726 6
505 5674 669 5744 νύμος
693 5673 782 5739 τὰ,
826 5678 884 5728 ὲν
913 5669 996 5738 οἷς
1019 5677 1391 5749 εὐκολώτερον
1418 5678 1819 5751 ὀλισθαίνομεν,

250 5764 582 5837 διορθοῦται,
610 5762 730 5820 εἶτα
756 5764 827 5821 τὰ
852 5766 912 5821 ἐν
942 5762 1025 5829 οἷς
1051 5768 1113 5822 οὐ
1149 5768 1352 5833 πολλοὶ,
1384 5770 1504 5825 οὐδὲ
1537 5771 1820 5838 πολλάκις,

251 5852 366 5912 οἷον
414 5856 474 5909 τὸ
510 5856 805 5927 μοιχεύειν,
856 5858 1041 5930 ἐπειδὴ
1089 5860 1151 5913 τὸ
1197 5859 1304 5931 πῦρ
1332 5861 1423 5915 καὶ
1455 5863 1684 5932 φυτικὸν
1729 5867 1821 5920 καὶ

1876 4694 1881 4698 ο
1925 4690 2010 4729 me
2046 4675 2251 4740 dixisti,
2289 4690 2388 4727 cur
2415 4673 2579 4742 igitur
2610 4671 2874 4741 adiecisti,
2906 4665 3247 4737 Prtcceptor?
3281 4662 3490 4717 Videris

1923 4767 2065 4822 enim
2094 4766 2241 4835 quod
2270 4780 2357 4821 me
2387 4764 2541 4833 quasi
2578 4779 2743 4817 unum
2773 4776 2839 4816 ex
2882 4760 3067 4814 multis
3095 4759 3312 4812 habeas.
3342 4757 3492 4820 Quod

1922 4859 1966 4913 si
1998 4857 2098 4920 sic,
2132 4872 2235 4912 non
2258 4871 2376 4911 sum
2403 4855 2593 4909 bonus.
2620 4851 2810 4908 Nullus
2838 4852 2979 4906 enim
3013 4848 3290 4903 hominum
3319 4847 3494 4901 bonus

1922 4948 2156 5020 pr0prie,
2187 4947 2289 5002 nisi
2318 4958 2457 5000 unus
2492 4944 2650 4999 Deus.
2677 4941 2830 5010 Quod
2865 4942 2909 4998 si
2956 4940 3154 4995 bonttm
3195 4952 3284 4993 me
3313 4936 3495 4991 dicere

1921 5042 2023 5105 vis,
2058 5050 2116 5093 ιιι
2147 5038 2315 5093 Deum
2350 5053 2435 5094 me
2463 5039 2663 5093 bonum
2710 5036 2858 5090 dicas
2893 5052 2911 5090 :
2950 5047 3019 5088 ne
3056 5033 3284 5087 accedas
3332 5037 3392 5084 ut
3427 5028 3495 5081 ad

1921 5130 2219 5199 simplicem
2251 5131 2548 5185 hominem.
2573 5126 2629 5183 Si
2659 5126 2801 5181 enim
2827 5138 2912 5179 me
2940 5134 3281 5180 communem
3304 5133 3496 5190 quem»

1921 5224 2043 5278 dam
2081 5223 2352 5278 hominem
2392 5229 2574 5291 putas,
2622 5233 2688 5273 ne
2714 5230 2878 5273 voces
2920 5216 3143 5271 bonum.
3179 5213 3320 5268 Deus
3348 5211 3493 5267 enim

1924 5328 2048 5368 vere
2076 5314 2269 5376 bonus,
2293 5319 2346 5366 et
2377 5311 2497 5366 fons
2520 5308 2800 5374 bonitatis,
2822 5316 2874 5362 ct
2895 5304 3219 5376 principium
3247 5303 3496 5359 substan-

1923 5405 2067 5460 tialis
2107 5403 2363 5461 bonitatis
2399 5419 2413 5456 :
2447 5417 2546 5457 nos
2588 5410 2767 5455 autem
2800 5399 3045 5453 homines
3075 5396 3201 5451 licet
3251 5396 3374 5450 boni
3417 5396 3495 5449 si-

1921 5513 2066 5565 mus,
2104 5513 2209 5553 non
2252 5507 2432 5551 tamen
2474 5494 2709 5566 proprie,
2761 5491 2853 5547 sed
2901 5491 3197 5562 participes
3240 5488 3496 5543 bonitatis

1922 5588 2084 5654 illius,
2103 5588 2463 5659 promiscuam
2482 5585 2743 5641 habemus
2764 5584 3084 5648 bonitatem,
3103 5579 3496 5648 mutabilcsque

1920 5694 2127 5735 sumus.
2149 5678 2299 5735 Nosti
2340 5686 2604 5747 praecepta
2633 5695 2647 5732 :
2676 5675 2789 5733 Non
2817 5674 3120 5733 committe:
3146 5670 3493 5730 adulterium,

1921 5787 2028 5827 non
2070 5772 2305 5836 occides,
2356 5786 2463 5827 non
2512 5770 2703 5826 falsum
2744 5769 3111 5826 testimonium
3165 5765 3335 5828 dices,
3381 5772 3489 5815 etc.

1924 5865 2083 5921 Prius
2106 5864 2188 5921 lex
2219 5866 2441 5935 corrigit
2464 5881 2525 5920 ea
2558 5864 2611 5920 in
2644 5880 2760 5935 qttrc
2789 5864 2945 5919 facile
2974 5860 3259 5916 eadimus:
3296 5854 3494 5912 deiide
