3932 6456
435 416 564 478 1011

1282 417 1457 475 TllEt
1471 416 1862 476 ll’llYLACTI
1906 415 2001 475 ΒΗ
2014 411 2320 478 LGARUE
2361 361 2718 486 ARCllIEP.

3542 425 3670 496 1012

428 531 590 586 ctiam
625 543 686 582 ea
721 530 771 583 in
807 528 1003 600 quibus
1039 543 1146 583 nou
1204 527 1377 591 multi,
1427 539 1598 596 neque
1641 525 1838 596 saepius
1873 541 1887 579 :
1932 521 2036 579 uti

2141 529 2341 599 νδοθεν,
2387 533 2760 603 τὸςφονεύειν,
2812 536 2996 609 ἐπειδὴ
3033 535 3174 608 μέγα
3220 537 3409 609 θηρίον
3440 540 3468 592 6
3499 540 3674 610 θυμός.

429 633 513 674 est
562 619 892 675 adulterium
941 618 1304 680 committere,
1333 618 1457 686 quia
1488 617 1628 688 ignis
1663 614 1930 671 naturalis
1957 622 2014 669 et

435 718 716 784 iuternus';
746 716 1017 782 occidere,
1049 715 1174 786 quia
1206 716 1344 768 mala
1375 714 1544 769 bestia
1577 722 1660 768 est
1684 713 1784 766 ira.
1815 710 2009 766 Furari

431 820 614 864 autem
657 809 832 864 levius
863 819 968 877 est,
1018 818 1075 863 et
1104 809 1156 864 itt
1195 807 1391 863 falsum
1433 806 1800 862 testimonium
1835 803 2015 860 rarius

432 903 675 956 incidere
705 903 989 972 contingit.
1021 901 1147 958 Ideo
1179 912 1234 957 et
1278 901 1366 956 illa
1402 901 1617 970 quidem
1649 898 1801 968 prius
1840 897 2016 952 corri-

433 1005 653 1066 guntur,
682 1011 747 1052 eo
782 997 924 1066 quod
957 995 1114 1051 facile
1141 995 1195 1050 in
1241 994 1326 1049 illa
1365 993 1731 1064 prolabamur,
1766 989 2014 1060 quamvis

433 1085 636 1152 alioqui
687 1087 937 1153 graviora
969 1083 1097 1137 sint.
1140 1080 1266 1137 llaec
1306 1090 1509 1146 autem,
1545 1079 1746 1133 furtum
1777 1078 1920 1144 dico,
1961 1085 2017 1133 et

433 1177 630 1230 falsum
677 1176 1076 1238 testimonium,
1125 1174 1362 1228 secundo
1413 1173 1529 1228 loco
1579 1171 1750 1240 ponit,
1791 1179 1850 1224 ut
1895 1184 2016 1240 quae

435 1270 616 1324 rarius
644 1268 977 1336 contingant,
1011 1274 1064 1320 et
1089 1268 1285 1324 leviora
1319 1265 1449 1320 sint.
1475 1263 1647 1318 Porro
1680 1263 1732 1316 iu
1767 1269 2016 1332 parentes

435 1375 684 1430 peccare,
716 1359 963 1429 quamvis
991 1359 1061 1414 sit
1088 1357 1290 1427 grande
1309 1366 1610 1427 peccatum,
1641 1362 2016 1410 verumtamen

437 1453 613 1506 rarius
658 1449 942 1518 contingit.
981 1447 1098 1502 Non
1133 1448 1276 1502 enim
1325 1446 1484 1501 facile
1519 1445 1790 1500 invenitur
1817 1442 1907 1514 qui
1944 1442 2015 1496 ita

436 1543 756 1597 bestialibus
789 1541 1031 1596 moribus
1059 1541 1151 1604 sit,
1185 1550 1240 1591 ut
1275 1539 1326 1594 in
1357 1546 1609 1608 parentes
1633 1536 2016 1598 debaccltetur,

436 1635 596 1708 pauci
627 1634 770 1689 enim
801 1642 946 1698 sunt,
982 1647 1212 1701 raroque
1242 1630 1298 1684 lit
1327 1647 1342 1683 :
1373 1639 1423 1685 et
1466 1630 1584 1684 ideo
1613 1627 1888 1698 posterius
1921 1639 2019 1695 po-

438 1728 544 1782 nit.
579 1726 868 1795 P05tquant
905 1734 1084 1780 autem
1115 1723 1432 1779 adolescens
1452 1737 1510 1776 se
1536 1720 1714 1775 omnia
1751 1719 1866 1773 hazc
1904 1732 2019 1770 ser-

437 1834 595 1874 vasse
623 1818 759 1873 dixit
785 1834 813 1871 a
840 1817 1146 1885 juventute,
1176 1815 1506 1886 praescripsit
1531 1814 1580 1867 ei
1608 1812 1864 1868 Dominus
1886 1824 2020 1880 pau-

439 1920 726 1977 pertatem,
752 1919 911 1978 eaput
930 1910 1168 1968 omnium
1190 1907 1468 1960 virtutum.
1491 1903 1623 1956 Vide
1645 1912 1823 1955 autem
1848 1899 2019 1968 legem
2053 1887 2095 1942 Β

440 2001 750 2055 Christiana
790 2001 895 2054 vita
927 2000 1142 2067 dignam
1184 2015 1197 2051 :
1233 1995 1421 2052 Omnia
1472 2005 1823 2063 quaacumque
1855 1988 2023 2042 habes

444 2093 638 2158 vende,
673 2093 883 2161 inquit;
922 2107 1044 2145 nam
1075 2091 1117 2144 si
1149 2090 1274 2156 quid
1305 2087 1608 2156 reliqueris,
1646 2084 1792 2138 illius
1831 2092 2022 2135 servus

442 2200 524 2243 es.
567 2185 632 2238 Et
661 2186 928 2238 distribue
967 2199 1070 2237 non
1111 2179 1366 2236 divitibus
1402 2176 1666 2246 cognatis,
1702 2173 1794 2228 sed
1831 2183 2028 2240 paupe-

444 2277 613 2332 ribus.
649 2275 822 2332 llabet
856 2286 1036 2330 autem
1073 2283 1127 2329 et
1156 2269 1514 2327 distribucudi
1547 2268 1768 2322 verbum
1800 2263 2027 2333 cmpba-

442 2371 546 2423 sim
597 2370 908 2437 quamdam,
953 2374 1010 2420 ut
1059 2381 1179 2420 cum
1217 2361 1628 2429 dijudicationc,
1671 2366 1725 2413 et
1773 2373 1876 2411 nou
1907 2357 2029 2424 {lor-

449 2461 585 2515 tuito
608 2459 989 2529 dispergautur
1017 2457 1179 2510 bona.
1206 2453 1374 2526 438
1400 2452 1665 2518 Quoniam
1695 2458 1872 2503 autem
1905 2462 2026 2502 cum

444 2561 766 2624 paupertate
817 2561 870 2606 et
921 2551 1057 2607 alias
1120 2551 1322 2604 habere
1379 2548 1605 2602 virtutes
1659 2543 2027 2598 Christianum

445 2655 681 2714 oportet,
717 2651 1006 2712 propterea
1039 2641 1208 2698 dicit:
1242 2638 1308 2692 Et
1338 2639 1480 2703 veni,
1514 2650 1745 2704 sequere
1771 2647 1895 2687 me:
1926 2631 2030 2686 hoc

446 2753 551 2807 est,
589 2751 645 2796 et
687 2741 741 2795 in
794 2739 1046 2797 omnibus
1080 2737 1199 2791 aliis
1236 2744 1354 2790 esto
1404 2731 1704 2801 discipulus
1750 2743 1924 2792 meus,
1976 2734 2030 2780 et

449 2848 669 2904 semper
725 2845 979 2898 sequere,
1032 2845 1137 2884 non
1199 2827 1358 2882 lmdie
1409 2824 1651 2893 quidem,
1691 2836 1815 2876 cras
1848 2829 2029 2874 autem

447 2936 582 2977 non.
618 2918 688 2974 Ut
722 2927 902 2974 autem
928 2931 1094 2974 avaro
1116 2914 1365 2985 promisit
1389 2911 1667 2968 caelestem
1693 2909 2028 2969 thesaurum,

447 3013 544 3069 sed
580 3027 684 3066 non
710 3010 942 3066 attendit
963 3009 1053 3063 ille
1079 3027 1094 3063 :
1121 3021 1311 3062 servus
1332 3004 1474 3061 enim
1493 3013 1612 3058 erat
1631 3001 1980 3072 pecuniarum
2013 3013 2028 3050 :

448 3106 574 3163 ideo
597 3116 652 3161 et
681 3115 738 3160 ut
759 3103 988 3164 audivit,
1021 3101 1155 3157 abiit
1179 3099 1372 3165 tristis,
1399 3113 1463 3154 eo
1493 3096 1637 3168 quod
1672 3091 2032 3166 possessionis

450 3196 688 3266 privatio
721 3203 866 3250 esset
895 3194 943 3248 ei
977 3193 1143 3257 dicta,
1179 3200 1398 3263 propter
1429 3204 1589 3258 quam
1627 3189 1740 3256 ipse
1770 3195 2029 3241 maternam

449 3289 616 3344 vitam
649 3286 945 3351 desiderat,
987 3299 1094 3352 quo
1137 3282 1306 3353 possit
1341 3290 1602 3351 perpettto
1644 3277 1852 3332 divitiis
1899 3274 2026 3329 frui.

452 3383 726 3439 Cteterum
768 3390 824 3435 et
870 3381 1086 3436 tristitia
1121 3379 1301 3447 arguit
1339 3370 1462 3432 eum
1495 3373 1816 3435 benevolum
1841 3380 1897 3427 et
1929 3384 2037 3426 non

455 3476 753 3544 malignum
778 3473 963 3529 fuisse.
985 3472 1176 3528 Nullus
1198 3472 1342 3527 enim
1367 3470 1766 3526 Pharismorum
1801 3479 2035 3534 unquam

374 3594 376 3596 ·
455 3568 632 3624 tristis
682 3566 834 3631 abiit,
890 3566 985 3621 sed
1036 3573 1394 3632 exasperatus
1447 3561 1651 3630 potius.
1694 3557 1810 3612 Non
1853 3557 2039 3626 ignoro

459 3669 638 3715 autem
665 3649 806 3728 quod
835 3672 1089 3728 magnum
1121 3656 1386 3712 luminare
1412 3653 1593 3708 mundi
1620 3652 2041 3721 Cbrysostomus

461 3753 864 3808 adolescentem
898 3751 1045 3806 hunc
1071 3765 1200 3805 vere
1228 3758 1482 3804 aeternam
1511 3745 1671 3800 vitam
1703 3743 2040 3798 desiderasse

460 3845 684 3914 putarit,
716 3854 770 3899 et
815 3844 960 3912 quod
1003 3843 1150 3898 illam
1188 3842 1404 3910 quidem
1451 3837 1735 3901 amaverit,
1769 3835 2044 3889 laborasse

460 3949 641 3992 autem
675 3936 974 3991 dillieiliore
1009 3937 1200 3990 morbo
1231 3932 1473 3986 avatitim
1505 3947 1519 3983 :
1556 3927 1906 3984 nihilominus
1937 3939 2041 3978 uou

463 4039 612 4085 caret
645 4031 816 4098 gratia
849 4029 992 4098 quod
1024 4043 1167 4104 nunc
1200 4026 1467 4095 adjectum
1491 4032 1594 4087 est,
1615 4020 1759 4092 quod
1791 4030 2042 4088 tanquam

463 4135 662 4176 avarus
699 4123 859 4175 vitam
895 4130 1156 4176 aeternam
1189 4117 1595 4172 desideraverit.

538 4215 706 4269 Vsus.
742 4213 936 4269 24-50.
970 4231 986 4263 ι
1025 4211 1222 4266 V’idcns
1250 4220 1429 4264 autem
1457 4207 1616 4263 Jesus
1641 4208 1788 4261 illum
1815 4219 2046 4260 maerore

467 4306 741 4370 allectum,
774 4303 1137 4370 dixitzQuam
1173 4301 1388 4356 dillicile
1411 4299 1503 4370 qui
1540 4299 1796 4368 pecunias
1824 4296 2044 4359 habent,

467 4397 523 4452 iu
568 4412 790 4467 regnum
833 4397 923 4451 Dei
960 4395 1271 4450 intrabunt!
1299 4392 1536 4448 Facilius
1583 4400 1665 4444 est
1699 4386 1842 4442 enim
1871 4401 2046 4442 came-

470 4493 579 4546 lum
616 4506 710 4558 per
760 4489 1002 4543 foramen
1050 4503 1180 4543 acus
1227 4487 1482 4548 transire,
1517 4499 1675 4553 quam
1708 4482 1925 4543 divitem
1968 4479 2049 4534 in-

2114 627 2189 681 Τδ
2212 629 2268 682 δὲ
2304 628 2558 684 κλέπτειν
2599 631 2982 703 ἐλαφρότερον,
3031 633 3125 686 καὶ
3154 637 3218 704 τῇ
3253 634 3680 709 ψευδομαρτυρία

2117 722 2406 785 σπανιάκις
2444 723 2794 792 περιπίπτειν
2818 723 2952 778 ἔστι.
2980 725 3072 778 Διδ
3091 728 3276 780 ἐκεῖνα
3308 727 3407 796 μὲν
3434 730 3678 800 πρότερον

2114 813 2446 886 διορθοῦται,
2471 811 2558 869 οἷα
2587 815 2827 880 εὐκόλως
2853 817 3012 888 ἡμῶν
3043 820 3123 881 εἰς
3148 821 3334 872 ἐκεῖνα
3361 819 3677 876 δλισθαινόν-

2115 925 2248 971 των,
2279 909 2374 961 καὶ
2407 907 2581 971 ἄλλως
2623 908 2894 980 βαρύτερα
2922 909 3069 963 δντα.
3108 911 3293 964 Ταῦτα
3335 910 3544 981 δὲ,.τὴν
3568 914 3682 966 κλο-

2117 1003 2229 1073 πήν
2256 1020 2421 1072 φημι,
2449 1004 2541 1056 καὶ
2557 1002 2656 1072 τὴν
2690 1000 3189 1072 ψευδομαρτυρίαν,
3213 1002 3445 1074 δεύτερα
3462 1003 3678 1074 τίθησιν,

2118 1095 2194 1160 ὡς
2225 1097 2316 1150 καὶ
2351 1095 2644 1158 σπανιάκις
2671 1095 2988 1157 ἀπατῶντα,
3013 1097 3107 1149 καὶ
3150 1096 3514 1166 ἐλαφρότερα.
3538 1097 3680 1151 Ἐτεεί

2118 1189 2173 1242 δὲ
2195 1189 2255 1242 τὸ
2277 1190 2356 1250 εἰς
2388 1190 2566 1257 γονεῖς
2591 1188 2947 1259 ἁμαρτάνειν,
2971 1191 3018 1241 εἰ
3039 1187 3134 1241 καὶ
3159 1187 3299 1257 μέγα
3333 1187 3482 1241 ἐστὶν
3511 1189 3680 1259 ἁμαρ-

2118 1297 2290 1350 τημα,
2315 1280 2430 1333 ἀλλ’
2459 1279 2552 1333 οὖν
2577 1279 2652 1342 ὡς
2682 1279 2757 1350 μὴ
2791 1280 3053 1350 συχνάκις
3082 1280 3381 1350 συμϐαῖνον
3403 1297 3417 1308 ·
3442 1279 3558 1332 οὐδὲ
3585 1283 3680 1352 γὰρ

2119 1371 2380 1425 τοσοῦτον
2411 1369 2697 1442 θηριώδεις
2724 1371 2963 1433 εὐκόλως
3006 1370 3354 1440 εὑρίσκονται
3391 1370 3442 1423 οἰ
3491 1369 3681 1434 πολλοὶ,

2119 1463 2194 1527 ὡς
2228 1465 2305 1527 εἰς
2346 1467 2525 1532 γονεῖς
2567 1466 2865 1536 παροινεῖν,
2919 1463 3032 1517 ἀλλ’
3081 1463 3352 1533 ὀλιγάκις,
3385 1466 3482 1518 καὶ
3505 1464 3678 1532 ὀλίγοιο

2122 1557 2353 1630 ὕστερον
2384 1557 2589 1612 τούτων
2630 1559 2902 1612 τέθεικεν.
2952 1558 3040 1620 Ὠς
3068 1557 3125 1611 δὲ
3175 1559 3202 1612 6
3245 1557 3525 1621 νεανίσκος
3575 1556 3681 1610 εἷπε

2121 1650 2295 1704 ταῦτα
2332 1651 2510 1704 πάντα
2544 1649 2881 1721 φυλάξασθαι
2911 1653 2976 1704 ὲκ
3007 1650 3281 1721 νεότητος,
3319 1650 3383 1703 τὺ
3407 1649 3683 1718 κεφάλαιον

2122 1743 2342 1797 πάντων
2376 1743 2476 1814 τὴν
2498 1743 2881 1814 ἁκτημοσύνην
2904 1744 2932 1795 6
2955 1742 3160 1813 Κύριος
3189 1741 3337 1812 αὐτῷ
3367 1742 3682 1798 ὑποτίθεται.

2126 1839 2268 1908 Ὅρα
2319 1839 2375 1891 δὲ
2427 1840 2626 1906 νόμους
2678 1836 3074 1905 Χριστιανικῆς
3124 1835 3402 1898 πολιτείας
3443 1834 3518 1904 τῷ
3559 1834 3680 1898 ὄντι,

2128 1931 2313 1984 Πάντα
2354 1931 2453 1983 ὅσα
2485 1929 2628 1999 ἔχεις
2661 1927 2932 1998 πώλησον,
2953 1928 3144 1997 φησίν·
3180 1929 3227 1979 εἰ
3263 1926 3373 1995 γάρ
3413 1942 3466 1977 τι
3501 1927 3681 1977 ἐναπο-

2132 2023 2311 2092 μείνῃ,
2349 2020 2560 2073 ἐκείνου
2589 2021 2773 2082 δοῦλος
2821 2013 2868 2072 εἰ
2897 2036 2912 2051 ο
2959 2018 3056 2072 καὶ
3095 2017 3294 2082 διάδος,
3325 2016 3387 2068 οὔ
3418 2016 3684 2083 συγγενέσι

2129 2111 2425 2175 πλουσίοις,
2455 2112 2590 2164 ἀλλὰ
2620 2112 2874 2180 πτωχοῖς.
2906 2108 3071 2180 οἶμαι
3097 2109 3151 2162 δὲ
3181 2111 3261 2162 ὅτι
3295 2107 3390 2160 καὶ
3411 2107 3472 2160 τὸ
3494 2107 3685 2171 Διάδος,

2131 2207 2368 2276 ἔμφασιν
2397 2206 2508 2274 ἔχει
2559 2204 2655 2257 τοῦ
2699 2205 2835 2273 μετά
2876 2203 3132 2272 κρίσεως,
3179 2201 3273 2254 καὶ
3313 2200 3389 2270 μὴ
3421 2199 3494 2263 ὡς
3524 2199 3685 2268 ἔτυχε,

2132 2300 2223 2352 τὸν
2258 2299 2367 2351 τῶν
2409 2297 2707 2368 χρημάτων
2737 2295 3080 2366 σκορπισμδν
3125 2293 3423 2346 ποιεῖσθαι.
3464 2292 3611 2346 Ἐπεὶ
3637 2291 3689 2344 δὲ

2135 2394 2230 2447 σὺν
2259 2393 2322 2461 τῇ
2356 2389 2710 2460 ἀκτηςιοσύνη
2742 2389 2822 2441 δεῖ
2848 2389 2944 2440 καὶ
2969 2387 3067 2456 τὴν
3098 2386 3265 2454 ἄλλην
3285 2384 3488 2456 ἀρετὴν
3528 2383 3690 2434 πᾶσαν

2135 2487 2415 2555 προσεῖναι
2445 2483 2520 2554 τῷ
2546 2483 2839 2554 ἀνθρώπῳ,
2877 2481 2967 2534 διὰ
3010 2479 3169 2534 τοῦτο
3210 2475 3335 2532 εἷπε
3364 2496 3378 2509 ·
3416 2478 3522 2530 Καὶ
3549 2476 3691 2544 δεῦρο

2133 2577 2417 2631 ἀκολοῦθει
2467 2594 2576 2646 μοι,
2625 2576 3023 2639 τουτέστι,Καὶ
3075 2575 3134 2628 ὲν
3180 2573 3317 2629 πᾶσι
3375 2570 3692 2634 mitium;

2134 2669 2242 2722 ἴσθι
2289 2670 2536 2740 μαθητὴς
2577 2669 2730 2739 ὲμδς,
2767 2667 2863 2722 καὶ
2894 2668 2979 2722 ἀεὶ
3023 2664 3325 2730 ἀκολούθει,
3359 2664 3434 2734 μὴ
3473 2663 3692 2734 σήμερον

2137 2766 2256 2836 μὲν,
2289 2763 2478 2834 αὔριον
2507 2763 2553 2816 δ’
2581 2763 2663 2815 οὔ.
2706 2762 2794 2824 Ὠς
2827 2760 2883 2814 δὲ
2914 2758 3307 2831 φιλοχρημάτῳ
3343 2754 3691 2826 ἐπηγγείλατο

2134 2858 2223 2911 τὸν
2254 2857 2311 2910 ὲν
2343 2856 2594 2925 οὐρανοῖς
2639 2854 2932 2925 θησαυρὸν,
2963 2852 3076 2907 ἀλλ’
3116 2852 3180 2904 οὑ
3212 2849 3514 2922 προσέσχεν
3551 2849 3579 2900 6
3605 2845 3692 2917 ἄρα

2133 2966 2265 3019 χων,
2297 2946 2482 3010 δοῦλος
2510 2947 2620 3016 γὰρ
2643 2943 2712 3018 ἦν
2734 2947 2843 2999 τῶν
2881 2945 3201 3016 χρημάτων,
3230 2941 3311 2996 διὸ
3348 2942 3446 2995 καὶ
3473 2937 3695 3000 ἀκούσας

2135 3040 2402 3111 ἐλυπήθη,
2428 3040 2508 3092 ὅτι
2539 3041 2793 3108 στέρησιν
2817 3027 2966 3107 αὑτῷ
2988 3036 3088 3105 τῆς
3110 3035 3360 3105 κτήσεως
3385 3032 3695 3102 εἰσηγεῖται,

2135 3133 2270 3185 ὅπου
2299 3149 2361 3200 γε
2390 3131 2552 3192 αὐτὸς
2587 3130 2680 3183 καὶ
2715 3130 2814 3199 τῆς
2853 3129 3072 3182 αἰωνίου
3107 3127 3254 3198 ζωῆς
3284 3126 3375 3179 διὰ
3403 3125 3557 3178 τοῦτο
3589 3124 3697 3176 ἐπι-

2058 3251 2105 3312 c
2137 3221 2318 3293 θυμεῖ,
2363 3221 2438 3286 ὡς
2475 3223 2540 3275 ἂν
2573 3222 2663 3273 ἐπὶ
2695 3220 2830 3273 πολὺ
2853 3221 2916 3290 τῇ
2950 3217 3060 3273 τῶν
3092 3217 3396 3290 χρημάτων
3426 3213 3700 3285 περιουσίᾳ.

2139 3317 2234 3367 καὶ
2278 3313 2512 3375 αἰωνξως
2553 3311 2794 3382 ὲμϐιοίη.
2850 3312 2958 3364 Καὶ
3007 3311 3067 3364 τὸ
3117 3309 3428 3378 λυπηθῆναι
3461 3308 3517 3361 δὲ
3554 3306 3699 3359 αὑτὸν

2141 3404 2482 3472 εὐγνώμονα,
2509 3405 2624 3456 ἀλλ’
2652 3405 2714 3456 οὐ
2745 3403 3051 3476 πανοῦργον
3074 3403 3352 3472 ὕποδηλοῖ.
3377 3399 3566 3462 Οὐδεὶς
3583 3396 3702 3465 γοῦν

2139 3498 2250 3550 τῶν
2263 3498 2573 3568 Φαρισαίων
2595 3497 2687 3550 ὲλυ
2697 3497 2842 3568 πήθη
2864 3497 3017 3558 ποτὲ,
3037 3497 3171 3550 ἀλλὰ
3194 3494 3392 3565 μᾶλλον
3411 3492 3698 3566 ὴγρίαινον.

2143 3590 2260 3642 Οὐκ
2289 3587 2471 3655 ἀγνοῶ
2503 3587 2578 3650 δὲ,
2613 3587 2692 3640 ὅτι
2724 3589 2752 3639 6
2785 3587 2958 3657 μέγας
2987 3587 3086 3656 τῆς
3125 3584 3454 3654 οἰκουμένης
3493 3579 3701 3650 φωστὴρ

2141 3683 2169 3734 6
2191 3682 2425 3754 χρυσοῦς
2455 3682 2553 3753 τὴν
2585 3681 2830 3749 γλῶτταν
2861 3681 2958 3750 τῆς
2985 3678 3156 3742 avem;
3180 3678 3400 3732 αἰωνίου
3423 3676 3565 3745 ζωῆς
3596 3678 3702 3726 ἐπι-

2145 3779 2336 3849 θυμεῖν
2364 3777 2455 3832 τὸν
2485 3775 2764 3830 νεανίσκον
2799 3774 2986 3827 τοῦτον
3020 3773 3256 3838 ἐδέξατο,
3302 3771 3396 3824 καὶ
3441 3770 3568 3839 ἑρᾷν
3613 3767 3702 3837 μὲν

2144 3872 2333 3942 αὐτῆς,
2367 3868 2690 3941 κατέχεσθαι
2717 3868 2770 3922 δὲ
2802 3866 2962 3920 πάθει
2992 3865 3197 3936 μείζονι
3229 3867 3294 3933 τῇ
3336 3858 3654 3933 φιλαργυρίᾳ
3687 3873 3702 3888 ο

2147 3966 2284 4036 πλὴν
2307 3963 2407 4015 οὐκ
2432 3963 2598 4032 ἄχαρι
2628 3961 2721 4014 καὶ
2738 3960 2765 4013 ὃ
2787 3960 2879 4013 νῦν
2907 3958 3234 4028 προσετέθη,
3255 3958 3338 4012 ὅτι
3369 3955 3442 4016 ὡς
3465 3951 3706 4024 φιλοχρη-

2151 4077 2317 4129 paco;
2349 4056 2611 4126 ἐπεθύμει
2642 4055 2786 4125 ζωῆς
2819 4053 3065 4106 αἰωνίου.

2226 4216 2242 4248 ι
2294 4195 2438 4250 Ἰδὼν
2466 4194 2522 4247 δὲ
2562 4193 2725 4248 αὑτὸν
2753 4193 2780 4244 6
2825 4188 3031 4258 Ἰησοῦς
3073 4186 3375 4257 περίλυπον
3412 4183 3706 4252 γενόμενον,

2149 4285 2298 4341 εἰπεο
2323 4286 2446 4348 Πῶς
2477 4283 2746 4344 δυσκόλως
2770 4282 2820 4334 oi
2841 4281 2909 4335 τὰ
2935 4280 3195 4350 χρήματα
3222 4277 3460 4346 ἔχοντες,
3489 4272 3710 4334 sissis-.1-

2153 4396 2334 4432 σονται
2354 4379 2428 4438 εἰς
2461 4375 2559 4447 τὴν
2586 4372 2864 4444 βασιλείαν
2887 4371 2982 4425 τοῦ
3013 4368 3169 4422 Θεοῦί
3200 4367 3594 4435 Εὐκοπώτερον
3615 4364 3711 4432 γάρ

2153 4474 2269 4526 ἐστι
2326 4471 2572 4539 κάμηλον
2623 4467 2710 4520 διὰ
2755 4465 3062 4538 τρυμαλιᾶς
3113 4462 3338 4534 ῥαφίδος
3392 4459 3635 4520 διελθεῖν,
3681 4455 3710 4527 ἢ

471 4595 621 4638 trare
669 4583 723 4636 in
777 4597 998 4648 regnum
1046 4579 1159 4636 Dei.
1200 4579 1265 4633 Et
1299 4578 1554 4631 dixerunt
1594 4576 1686 4646 qui
1717 4574 1999 4628 audierant
2035 4593 2036 4621 :

2157 4564 2413 4617 πλούσιον
2440 4562 2522 4623 εἰς
2567 4560 2666 4628 τὴν
2709 4556 2990 4629 βασιλείαν
3021 4555 3116 4608 τοῦ
3155 4553 3293 4608 Θεοῦ
3320 4551 3600 4605 εἰσελθεῖν.
3631 4544 3712 4601 Εἰ-

2307 4652 2342 4656 --
2420 4652 2432 4656 -
2476 4651 2488 4656 -
2584 4649 2595 4656 .
2854 4649 2894 4656 --
2941 4646 2954 4656 ι
3031 4647 3041 4656 ι
3109 4644 3131 4656 Α
3149 4644 3160 4656 ο
3443 4641 3503 4656 Α-
3620 4655 3625 4656 ,
3657 4636 3712 4656 In

469 4677 535 4729 Et
572 4677 694 4744 quis
731 4683 906 4744 potest
943 4673 1127 4727 salvus
1179 4671 1338 4724 ﬁeri?
1379 4670 1447 4724 At
1496 4669 1585 4724 ille
1619 4669 1694 4722 ait
1731 4687 1743 4723 :
1788 4666 1920 4733 Quae
1953 4667 2054 4720 im-

475 4765 754 4832 possibilia
792 4773 919 4819 sunt
953 4761 1091 4831 apud
1127 4761 1399 4822 homines,
1441 4759 1714 4830 possibilia
1749 4767 1874 4813 sunt
1914 4757 2054 4826 apud

471 4859 666 4916 Deum.
713 4858 806 4913 Ait
857 4867 1038 4912 autem
1093 4858 1292 4911 Petrus
1335 4873 1351 4911 :
1387 4853 1529 4910 Ecce
1589 4869 1686 4909 nos
1745 4852 2058 4920 reliquimus

473 4953 678 5009 omnia.
721 4952 824 5019 Qui
865 4951 1003 5006 dixit
1038 4951 1118 5005 eis
1149 4967 1162 5004 :
1199 4951 1369 5004 Amen
1407 4949 1528 5003 dico
1571 4947 1745 5007 vobis,
1788 4960 1945 4999 nemo
1976 4952 2059 4999 est

479 5048 570 5116 qui
601 5048 819 5116 reliquit
857 5045 1104 5109 domum,
1150 5054 1245 5098 aut
1280 5051 1555 5111 parentes,
1583 5049 1677 5095 aut
1722 5039 1938 5100 fratres,
1969 5046 2062 5092 aut

479 5154 731 5204 uxorem,
763 5146 858 5192 aut
896 5136 1097 5191 liberos
1132 5142 1350 5204 propter
1393 5145 1619 5200 regnum
1673 5130 1788 5195 Dei,
1814 5129 1904 5198 qui
1954 5143 2058 5186 uou

482 5241 804 5300 recepturus
837 5230 912 5284 sit
970 5228 1138 5283 multo
1165 5225 1317 5296 plura
1369 5225 1422 5278 in
1472 5224 1572 5277 hoc
1621 5232 1885 5291 tempore,
1924 5229 1978 5273 et
2009 5219 2059 5273 in

481 5333 712 5379 venturo
759 5322 957 5378 saeculo
997 5321 1164 5376 vitam
1194 5329 1478 5374 attentam.
1512 5335 1532 5369 ι
1571 5317 1864 5385 Postquam
1912 5315 2064 5369 dives

483 5414 692 5470 audivit
738 5411 1074 5481 abjicieudas
1107 5410 1349 5476 divitias,
1394 5423 1625 5464 maerore
1671 5406 1898 5461 allectus
1926 5415 2010 5460 est
2046 5421 2062 5458 :

484 5507 630 5562 unde
669 5505 800 5561 dicit
832 5505 1093 5560 Dominus
1128 5501 1433 5558 admirabili
1462 5489 1632 5571 figura
1657 5497 1930 5569 quomodo
1959 5497 2065 5553 dif—

490 5601 628 5656 ﬁcile
664 5599 737 5655 sit
765 5599 1028 5654 habentes
1059 5597 1320 5664 pecunias
1354 5595 1406 5649 in
1439 5609 1664 5664 regnum
1691 5593 1952 5647 caelorum
1985 5590 2066 5644 in-

489 5693 663 5759 gredi.
697 5691 816 5746 Non
857 5691 987 5746 dicit
1023 5691 1168 5760 quod
1217 5687 1556 5755 impossibile
1593 5687 1664 5742 sit
1703 5700 1798 5740 eos
1836 5682 2067 5753 ingredi,

491 5787 583 5840 sed
617 5785 851 5840 diﬂlcile.
882 5783 999 5841 Non
1036 5784 1182 5838 enim
1211 5765 1542 5849 impossibile
1577 5787 1658 5832 est
1687 5776 1884 5831 salvari
1910 5774 2066 5830 tales.

491 5881 754 5939 l’essibile
787 5880 931 5937 enim
969 5874 1274 5950 expendere
1305 5871 1609 5944 pecuniam,
1642 5878 1696 5925 et
1723 5883 1953 5938 superna
1981 5883 2069 5923 as-

2157 4671 2260 4706 πον
2301 4652 2357 4705 δὲ
2387 4652 2435 4703 οἰ
2465 4649 2818 4710 ἀκούσαντες
2854 4646 2964 4700 Καὶ
2989 4647 3073 4709 τίς
3105 4644 3329 4698 δύναται
3360 4641 3631 4709 σωθῆναις
3657 4636 3714 4690 Ὃ

2157 4746 2213 4798 δὲ
2254 4740 2396 4797 εἷπε·
2445 4742 2524 4795 ἰ’ὂι
2555 4741 2797 4794 ἀδύνατα
2828 4738 2979 4806 παρὰ
3021 4736 3354 4807 ἀνθρώποις,
3389 4732 3588 4786 δυνατά
3617 4733 3715 4782 ἐστι

2159 4837 2310 4909 παρᾶ
2335 4835 2413 4908 τῷ
2442 4834 2580 4904 Θεῷ.
2617 4830 2751 4887 Εἰπέ
2781 4834 2837 4886 δὲ
2864 4835 2892 4886 6
2912 4833 3145 4902 Πέτρος·
3193 4828 3325 4882 Ἰδοὺ
3367 4828 3531 4896 ἡμεῖς
3562 4823 3717 4891 ἀφτή·

2161 4947 2339 5000 καμεν
2375 4929 2578 4982 πάντα.
2622 4928 2680 4979 Ὀ
2709 4926 2764 4978 δὲ
2801 4921 2956 4978 εἶπεν
2984 4922 3160 4992 αὐτῷ·
3206 4919 3380 4991 ’Δμὴν
3413 4919 3554 4985 λέγω
3583 4917 3714 4983 ὑμῖν,

2161 5023 2244 5076 ὅτι
2276 5021 2449 5084 οὐδείς
2487 5023 2653 5084 ἐστιν,
2684 5017 2742 5080 ὃς
2770 5017 2979 5086 ἀφῆκεν
3007 5013 3204 5075 οἰκίαν,
3232 5012 3266 5080 ἢ
3289 5013 3491 5078 γονεῖς,
3515 5008 3548 5076 ἦ
3579 5005 3716 5060 ἁδελν

2164 5116 2318 5184 φοὺς,
2351 5114 2384 5184 ἢ
2416 5115 2670 5183 γυναῖκα,
2701 5111 2732 5182 ἢ
2765 5109 2931 5162 τέκνα
2960 5106 3146 5160 ἕνεκεν
3187 5105 3286 5174 τῆς
3321 5102 3593 5173 βασιλείας
3637 5096 3716 5150 τοῦ

2163 5207 2320 5272 Θεοῦ,
2346 5206 2404 5270 ὃς
2429 5206 2490 5260 οὐ
2518 5204 2594 5274 μὴ
2621 5200 2873 5272 ἀπολάϐῃ
2903 5197 3340 5253 πολλαπλασίονα
3376 5197 3433 5250 ὲν
3461 5192 3536 5262 τῷ
3565 5187 3716 5258 καιρῷ

2163 5304 2360 5372 τούτῳ,
2393 5303 2488 5356 καὶ
2524 5301 2580 5353 έν
2608 5299 2685 5370 τῷ
2704 5297 2861 5352 αἰῶνι
2889 5294 2955 5365 τῷ
2977 5293 3258 5370 ἐρχομένῳ
3293 5290 3439 5360 ζωὴν
3468 5285 3711 5341 αἰώνιον.»

2180 5396 2397 5465 Ἐπειδὴ
2444 5397 2470 5447 6
2503 5394 2759 5453 πλούσιος
2799 5389 3040 5450 ἀκούσας
3086 5386 3184 5456 τὴν
3233 5386 3345 5438 τῶν
3393 5381 3717 5450 ὑπαρχόντων

2165 5488 2472 5555 ἀπόκτησιν
2518 5485 2786 5554 ἐλυπήθη,
2841 5481 3009 5552 φησιν
3049 5483 3078 5533 6
3128 5477 3333 5547 Κύριος
3384 5465 3712 5543 θαυμαστικῷ

2166 5586 2246 5657 τῷ
2281 5585 2543 5653 σχήματι,
2578 5579 2698 5640 Πῶς
2725 5577 2997 5638 δυσκόλως
3035 5575 3084 5627 οἰ
3114 5572 3182 5626 τὰ
3217 5573 3477 5642 χρήματα
3504 5570 3711 5657 ἔχον-τες,

2170 5677 2567 5732 εἰσελεύσονται
2602 5674 2681 5734 εἰς
2708 5673 2807 5741 τὴν
2835 5668 3113 5740 βασιλείαν
3139 5663 3228 5719 τοῦ
3252 5663 3387 5719 θεοῦ
3416 5665 3428 5717 !
3453 5662 3545 5714 οὐκ
3581 5652 3714 5710 εἶπεν

2170 5773 2252 5825 ὅτι
2287 5769 2564 5829 ἀδυνάτως
2608 5765 2822 5832 ἔχουσιν
2860 5759 3146 5824 εἰσελθεῖν,
3175 5755 3313 5810 ἀλλὰ
3351 5752 3623 5810 δυσκόλως.
3645 5743 3710 5797 οι

2173 5864 2281 5934 γὰρ
2307 5861 2566 5917 ἀδύνατον
2603 5857 2842 5927 σωθῆναι
2885 5853 3008 5918 τοὺς
3037 5851 3335 5915 τοιούτους.
3379 5841 3596 5903 Δυνατδν
3620 5836 3709 5905 γὰρ
