3932 6456
207 448 347 514 1013

874 454 1313 516 ENARRATIO
1354 455 1432 515 IN
1476 455 1976 516 EV‘ANGELIUM
2018 457 2252 517 LUC.‘E.
2275 481 2342 493 τ-
2372 457 2531 518 CAP.
2563 459 2780 522 XVIII.

3318 456 3458 524 ιοιι

203 564 276 616 τά
307 563 568 632 χρήματα
597 561 952 634 προεμένους,
983 564 1264 635 ἐπιτυχεῖν
1295 563 1404 617 τῶν
1431 563 1562 619 ἀνω.
1583 565 1785 619 Δύσκο-

1893 566 2067 634 sequi.
2121 564 2188 619 Et
2237 565 2449 621 difficile
2488 566 2702 634 quidem
2765 569 2884 624 hoc.
2941 569 3266 626 Tenaciores
3314 575 3456 630 enim

202 655 298 710 λον
328 655 508 726 μέντοι
543 655 700 708 τοῦτο
733 671 748 687 ·
784 655 897 720 ἰξοῦ
952 657 1062 728 γὰρ
1095 655 1536 728 κολλητικώτερα
1559 657 1622 712 τά
1655 659 1787 728 χρή-

206 763 358 817 ματα
393 746 489 800 καὶ
511 747 784 810 δυσκόλως
817 748 1134 802 ἀποσπᾶται
1166 749 1194 802 6
1227 747 1438 812 τούτοις
1478 749 1784 820 συσχεθεὶς.

203 836 578 909 Παρακατιὼν
606 837 665 890 δὲ
699 838 796 892 καὶ
839 839 915 900 ὡς
948 838 1210 892 ἀδύνατον
1253 839 1386 892 αὐτὸ
1429 839 1629 911 τίθησι,
1656 841 1790 911 φησί

202 929 336 1000 γάρ,
359 927 750 1000 Εὐκοπώτερόν
787 930 903 983 ἐστι
941 929 1188 1001 κάμηλον
1221 930 1310 984 διὰ
1347 930 1653 1001 τρυμαλιᾶς
1689 934 1787 1003 ρασ

201 1022 358 1090 φίδος
391 1022 674 1084 εἰσελθεῖν,
706 1023 738 1092 ἢ
788 1022 1041 1077 πλούσιον
1082 1023 1322 1094 σωθῆναι
1350 1041 1362 1053 °
1389 1023 1652 1078 ἀδύνατον
1681 1024 1789 1094 γὰρ

201 1114 426 1177 πάντως
456 1115 703 1185 κάμηλον
729 1115 817 1168 διά
845 1119 1205 1188 τρυπήματος
1240 1116 1479 1186 βελονίου
1519 1117 1787 1188 χωρῆσαι,

198 1210 314 1262 εἴτε
342 1209 405 1261 τὸ
437 1207 576 1272 ζῶον
601 1208 730 1261 αὐτὸ
756 1208 972 1278 νοήσεις
1001 1207 1268 1278 κάμηλον,
1293 1207 1404 1262 εἴτε
1433 1207 1644 1277 σχοῖνόν
1668 1222 1791 1260 τινα

200 1301 471 1371 ναυτικὴν
517 1303 770 1372 παχεῖαν.
809 1302 873 1354 Εἰ
920 1295 1012 1354 οῦν
1060 1300 1307 1370 κάμηλον
1345 1299 1659 1372 χωρηθῆναι
1701 1298 1791 1352 διὰ

195 1395 568 1464 τρυπήματος
603 1392 844 1463 βελονίου
887 1391 1283 1460 εὐκοπώτερον,
1329 1393 1362 1464 ἦ
1399 1392 1652 1448 πλούσιον
1683 1410 1790 1446 σω-

199 1483 398 1552 θῆναι,
453 1484 715 1538 ἀδύνατον
757 1485 813 1538 δὲ
861 1483 1021 1538 τοῦτο
1055 1525 1069 1548 ,
1129 1485 1521 1556 ἀδυνατότερον
1577 1483 1686 1555 ἄρα
1729 1482 1790 1537 τὸ

199 1578 450 1646 σωθῆναι
516 1576 793 1644 πλούσιον.
845 1577 912 1630 Τί
965 1573 1058 1630 οὖν
1105 1577 1252 1631 ἔστιν
1311 1579 1514 1645 εἰπεῖνζ
1569 1578 1790 1648 Πρῶτον

201 1669 330 1736 μὲν,
367 1669 453 1722 ὅτι
494 1667 710 1738 ἀληθῶς
765 1666 939 1731 οὕτως
991 1668 1104 1740 ἔχει
1134 1686 1149 1702 ο
1188 1669 1446 1724 πλούσιον
1500 1670 1609 1741 γάρ
1661 1670 1789 1724 ὄντα

197 1758 468 1814 ἀδύνατον
510 1760 768 1831 σωθῆναι.
827 1760 919 1832 Μὴ
967 1761 1076 1832 γάρ
1131 1779 1220 1832 μοι
1259 1761 1420 1835 εἴπῃς
1459 1763 1543 1815 ὅτι
1584 1763 1612 1815 6
1643 1762 1790 1816 δεῖνα

198 1851 463 1915 πλούσιος
506 1854 601 1919 ὢν,
646 1853 817 1907 ὲδίδου
867 1852 936 1906 τά
987 1853 1280 1923 προσόντα,
1312 1855 1407 1908 καὶ
1459 1853 1637 1925 ἐσώθη
1681 1869 1694 1884 '
1722 1855 1784 1908 ού

196 1947 314 2016 γάρ
367 1944 622 2008 πλούσιος
682 1945 898 2010 ἐσώθη,
962 1944 1078 1998 ἀλλ’
1118 1945 1151 2016 ἢ
1194 1946 1459 2016 ἀκτήμων
1513 1945 1783 2014 γεγονὼς,

198 2040 236 2108 ἢ
270 2037 412 2101 τέως
431 2037 709 2108 οἰκονόμος
733 2037 809 2090 ὢν
829 2036 1032 2108 ἐσώθη,
1056 2037 1151 2090 καὶ
1173 2039 1294 2108 οὐχὶ
1319 2037 1595 2100 πλούσιος.
1623 2038 1787 2091 Ἀλλο

197 2129 314 2201 γὰρ
347 2129 630 2200 οἰκονόμος
669 2132 761 2183 καὶ
789 2129 916 2184 ἀλλο
950 2129 1206 2194 πλούσιος
1228 2147 1241 2160 ·
1269 2130 1523 2194 πλούσιος
1559 2131 1657 2201 μὲν
1679 2131 1786 2200 γάρ

199 2222 380 2286 ἐστιν,
407 2223 436 2274 6
465 2221 644 2290 ἑαυτῷ
669 2223 854 2292 τηρῶν
886 2222 976 2274 τὸν
1003 2222 1254 2285 πλοῦτον,
1290 2225 1569 2293 οἰκονόμος
1596 2223 1650 2276 δὲ
1673 2227 1699 2276 6
1719 2224 1784 2277 δι’

201 2312 432 2381 ἑτέρους
494 2311 681 2366 τοῦτον
728 2313 1112 2384 ὲγχειρισθείς.
1177 2314 1338 2367 Ὥστε
1399 2316 1492 2367 καὶ
1546 2316 1594 2368 εἰ
1633 2309 1786 2379 οὗτος

201 2401 411 2470 ἐσώθη,
435 2402 498 2455 ού
518 2402 773 2464 πλούσιος
795 2403 997 2474 ὲσώθη,
1023 2401 1139 2457 ἀλλ’
1165 2402 1222 2472 ἢ,
1245 2403 1320 2466 ὼς
1349 2403 1581 2474 ἔφημεν,
1609 2404 1786 2458 πάντα

202 2494 659 2565 ἀποκτησάμενος
688 2493 724 2548 ἃ
752 2490 921 2565 εἶχεν,
949 2495 982 2566 ἢ
1011 2495 1086 2558 ὡς
1118 2496 1404 2565 οἰκονόμος
1436 2495 1618 2560 καλῶς
1647 2497 1786 2550 αύτά

200 2587 598 2657 διατιθέμενος.
629 2587 857 2641 Ἔπειτα
885 2587 980 2641 καὶ
1005 2587 1164 2641 τοῦτο
1200 2588 1414 2654 σκόπει,
1453 2588 1535 2641 ὅτι
1566 2588 1658 2642 τὸν
1689 2589 1786 2658 μὲν

202 2679 465 2732 πλούσιον
514 2679 777 2733 ἀδύνατον
835 2679 1116 2750 σωθῆναι,
1173 2679 1266 2734 τὸν
1309 2679 1367 2733 δὲ
1419 2681 1488 2734 τὰ
1530 2681 1788 2751 χρήματα

204 2771 404 2841 ἔχοντα
426 2770 709 2834 δύσκολον,
745 2771 820 2834 ὡς
847 2770 914 2824 ἂν
944 2773 992 2824 εἱ
1028 2771 1238 2838 ἔλεγεν,
1290 2771 1347 2825 '0
1384 2771 1485 2842 μὲν
1519 2772 1787 2842 ἐχόμενος

204 2864 316 2918 ὑπὸ
345 2865 453 2918 τῶν
485 2865 806 2934 χρημάτων,
835 2865 932 2919 καὶ
973 2864 1241 2918 δουλεύων
1293 2866 1496 2929 αὐτοῖς,
1527 2866 1623 2920 καὶ
1646 2883 1784 2935 κρα-

202 2958 468 3028 τούμενος
488 2959 546 3010 οὐ
577 2957 901 3029 σωθήσεται.
931 2960 960 3012 6
983 2957 1039 3010 δὲ
1070 2957 1208 3028 ἔχων
1233 2959 1301 3010 τὰ
1322 2959 1599 3030 χρήματα,
1627 2976 1784 3012 τουτ-

205 3049 324 3102 έστι
348 3087 364 3110 ,
416 3047 606 3117 κύριος
627 3047 808 3101 αὐτῶν
836 3048 934 3114 ὢν,
967 3048 1062 3102 καὶ
1092 3049 1252 3112 αὐτὸς
1299 3049 1435 3118 ἔχων
1464 3048 1658 3114 ταῦτα,
1685 3050 1787 3104 οὐκ

204 3142 467 3211 ἐχόμενος
487 3141 544 3194 δὲ
571 3141 665 3194 ὑπ’
696 3138 898 3205 αὐτῶν,
927 3139 1200 3203 δυσκόλως
1236 3139 1538 3211 σωθήσεται
1569 3141 1656 3195 διὰ
1687 3141 1786 3211 τὴν

1893 659 2040 712 visco
2077 659 2358 730 adhazrent
2385 661 2646 727 pecuniae,
2674 670 2728 714 et
2762 658 2974 715 diflicile
3005 663 3341 719 abstrahitur
3367 667 3459 734 qui

1891 765 1921 803 a
1960 749 2154 804 talibus
2181 759 2267 805 est
2299 749 2746 820 comprehensus.
2767 749 2882 806 Non
2917 754 3082 808 multo
3104 765 3282 810 autem
3317 768 3456 823 post,

1891 842 2109 913 subiicit
2131 843 2404 912 quomodo
2428 843 2762 913 impossibile
2789 845 2859 899 sit
2885 860 2902 898 :
2927 845 3060 902 dicit
3079 849 3223 902 enim
3252 847 3463 903 facilius

1890 949 2012 990 esse
2046 937 2311 991 camelum
2346 953 2439 1006 per
2470 937 2716 991 foramen
2749 953 2878 993 acus
2913 939 3137 1004 intrare,
3177 955 3337 1009 quam
3381 943 3461 994 di-

1891 1028 2054 1082 vitem
2087 1026 2308 1081 salvari.
2341 1026 2675 1097 Impussibile
2731 1029 2875 1084 enim
2913 1037 2998 1083 est
3041 1030 3265 1086 omnino
3312 1034 3458 1100 quod

1891 1118 2156 1172 camelum
2199 1119 2380 1189 capiat
2421 1118 2661 1174 foramen
2709 1135 2880 1175 acus:
2911 1119 3023 1174 sive
3059 1135 3152 1189 per
3195 1122 3459 1177 camelum

1891 1209 2094 1263 animal
2126 1210 2412 1281 intelligas,
2440 1210 2553 1266 sive
2582 1209 2763 1266 funem
2795 1214 3072 1266 nauticum
3098 1226 3362 1268 crassum.
3403 1213 3461 1268 Si

1893 1301 2057 1372 igitur
2097 1301 2308 1358 facilius
2339 1305 2599 1359 camelum
2638 1318 2732 1372 per
2761 1302 3005 1361 foramen
3036 1319 3168 1362 acus
3202 1307 3466 1366 transire,

1891 1411 2053 1465 quam
2089 1396 2284 1450 salvari
2313 1395 2532 1450 divitem
2566 1434 2581 1460 ,
2616 1395 2946 1465 impossibile
2984 1407 3162 1452 autem
3198 1397 3320 1465 hoc,
3357 1399 3459 1452 im-

1891 1487 2200 1556 possibilius
2223 1488 2387 1558 igitur
2424 1486 2619 1542 salvari
2651 1486 3049 1554 divitem.Quid
3087 1488 3254 1556 igitur
3282 1490 3464 1544 (licen-
3520 1483 3524 1490 ’

1891 1579 2058 1634 dum?
2079 1577 2319 1633 Primum
2349 1579 2586 1647 quidem,
2617 1579 2760 1648 quod
2786 1595 2910 1634 vere
2931 1581 3007 1633 sic
3039 1580 3220 1644 habet,
3259 1581 3460 1650 impos-

1890 1670 2048 1725 sibile
2070 1670 2264 1726 salvari
2294 1687 2416 1726 eum
2436 1671 2524 1740 qui
2551 1671 2703 1725 dives
2728 1677 2831 1725 est.
2849 1667 2961 1725 Nec
2982 1670 3124 1725 enim
3157 1671 3290 1726 mihi
3313 1672 3464 1728 dicas

1891 1765 2034 1833 quod
2066 1766 2304 1820 salvatus
2345 1765 2416 1820 sit
2461 1766 2612 1821 dives
2653 1767 2918 1837 quispiam
2956 1767 3045 1835 qui
3075 1781 3168 1820 sua
3205 1766 3413 1821 dederit
3447 1787 3459 1822 :

1893 1871 1999 1910 non
2022 1856 2166 1910 enim
2199 1858 2348 1912 dives
2378 1857 2616 1912 salvatus
2645 1868 2747 1924 est,
2765 1859 2854 1914 sed
2877 1859 3000 1927 quia
3024 1875 3226 1928 pauper
3257 1858 3460 1922 factus,

1889 1947 2054 2019 5,39
2085 1949 2166 2004 vel
2215 1949 2558 2018 dispensator
2608 1951 2849 2007 existens
2904 1963 3151 2008 servatus
3190 1963 3295 2019 est,
3352 1970 3458 2009 non

1887 2040 2062 2094 dives.
2105 2039 2264 2094 Aliud
2295 2043 2438 2094 enim
2472 2049 2553 2094 est
2583 2041 2948 2112 dispensator,
2979 2043 3121 2097 aliud
3165 2045 3334 2100 dives.
3368 2047 3458 2100 Di-

1885 2145 1981 2187 ves
2005 2132 2148 2186 enim
2177 2141 2280 2196 est,
2308 2133 2397 2201 qui
2423 2133 2522 2188 sibi
2563 2143 2804 2187 reservat
2826 2134 3043 2190 divitias
3077 2152 3090 2188 :
3122 2138 3464 2204 dispensator

1886 2239 2036 2285 vero.
2069 2225 2155 2279 cui
2183 2226 2508 2280 concredita:
2539 2235 2665 2280 sunt
2690 2236 2906 2295 propter
2929 2227 3083 2282 alios.
3111 2229 3175 2282 Et
3203 2230 3273 2283 ita
3300 2230 3460 2285 etiam

1887 2317 1976 2372 hic
2010 2319 2054 2372 si
2098 2316 2334 2373 salvatus
2378 2326 2481 2384 est,
2519 2334 2624 2372 non
2659 2319 2808 2374 dives
2855 2320 3095 2376 salvatus
3126 2330 3229 2386 est,
3259 2321 3375 2386 sed,
3405 2335 3463 2377 ut

1890 2410 2146 2474 diximus,
2180 2409 2262 2464 vel
2293 2410 2416 2477 quia
2452 2410 2706 2464 omnibus
2746 2411 3083 2466 renuntiavit
3109 2427 3226 2480 qum
3253 2413 3460 2478 habuit,

1886 2503 1974 2557 vel
2015 2501 2141 2570 quia
2181 2501 2257 2555 uti
2285 2500 2626 2570 dispensator
2661 2503 2797 2555 bene
2832 2501 2951 2556 illas
2982 2503 3280 2558 distribuit.
3307 2504 3462 2559 lusu-

1888 2609 1986 2664 per
2009 2594 2189 2650 ethoc
2236 2594 2627 2658 animadverte,
2668 2595 2809 2662 quod
2845 2594 3066 2649 divitem
3105 2595 3322 2666 quidem
3357 2595 3462 2650 im-

1888 2686 2145 2755 possibile
2185 2694 2268 2740 est
2321 2685 2520 2740 salvari
2555 2700 2570 2750 ;
2629 2685 2884 2754 pecunias
2930 2697 3112 2740 autem
3151 2686 3461 2752 habentem,

1887 2774 2140 2841 ditllcile;
2171 2773 2325 2844 quasi
2379 2775 2626 2830 diceret:
2656 2773 2762 2842 Qui
2809 2775 3042 2831 habetur
3083 2785 3140 2831 et
3192 2786 3407 2832 tenetur
3433 2793 3461 2831 a

1888 2867 2156 2937 pecuniis,
2198 2880 2263 2922 ac
2297 2866 2466 2921 servit
2508 2867 2611 2932 eis,
2657 2881 2763 2921 non
2805 2867 3108 2924 salvabitur
3141 2885 3155 2922 :
3191 2868 3284 2938 qui
3335 2883 3463 2923 vero

1885 2959 2144 3030 pecunias
2193 2955 2376 3022 habet,
2411 2955 2515 3011 hoc
2559 2965 2662 3020 est,
2710 2957 2960 3013 dominus
3015 2957 3226 3013 illarum
3281 2967 3382 3022 est,
3411 2969 3465 3012 et

1887 3052 2001 3120 ipse
2030 3052 2188 3107 habet
2236 3065 2350 3116 eas,
2385 3058 2439 3106 et
2469 3065 2575 3105 nou
2607 3049 2840 3105 habetur
2864 3051 2931 3106 ab
2959 3049 3040 3107 eis
3062 3092 3084 3117 ,
3114 3049 3326 3106 dillicile
3351 3051 3460 3106 sal-

1887 3143 2102 3198 vabitur
2127 3152 2345 3213 propter
2378 3143 2668 3198 humanam
2702 3141 3094 3198 infirmitatem.
3128 3143 3472 3213 lmpossibile

205 3234 554 3304 ἀνθρωπίνην
577 3232 882 3288 ἀσθένειαν.
929 3232 1219 3286 Ἀδύνατον
1252 3233 1362 3304 γὰρ
1399 3233 1473 3303 μὴ
1494 3234 1785 3305 παραχρή-

1889 3235 2032 3291 enim
2066 3244 2149 3289 est
2180 3249 2283 3290 non
2318 3234 2464 3290 abuti
2499 3235 2580 3290 his
2603 3252 2722 3306 quae
2751 3236 3030 3292 habemus.
3062 3234 3271 3305 Quippe
3300 3251 3466 3305 quan-

208 3329 404 3381 σασθαι
439 3320 522 3390 οἷς
548 3325 769 3396 ἔχομεν’
803 3325 907 3388 ἕως
938 3325 1046 3395 γὰρ
1077 3323 1274 3395 ἔχομεν
1305 3328 1586 3397 χρήματα,
1619 3344 1786 3380 σπου-

205 3419 358 3483 δάζει
383 3422 410 3473 6
431 3418 676 3480 διάϐολος
717 3415 1103 3480 ὑποσκελίζειν
1135 3419 1305 3488 ἡμᾶς,
1337 3419 1418 3482 εἰς
1446 3417 1505 3472 τδ
1527 3419 1678 3490 παρά
1698 3419 1788 3472 τὸν

206 3510 440 3576 κανόνα,
481 3513 576 3562 καὶ
621 3507 712 3562 τὸν
761 3507 926 3578 νόμον
975 3509 1072 3578 τῆς
1118 3508 1428 3579 οἰκονομίας
1477 3509 1790 3580 χρήσασθαί

206 3603 354 3655 ἔστιν
377 3601 488 3662 ὅτε,
520 3599 616 3655 καὶ
643 3598 902 3652 δύσκολον
928 3599 1190 3668 ἐκφυγεῖν
1221 3599 1320 3663 τὰς
1345 3601 1580 3669 παγίδας
1601 3601 1786 3656 αὑτοῦ.

206 3693 306 3748 Διά
331 3692 494 3746 τοῦτο
543 3691 706 3745 καλὸν
741 3693 775 3761 ή
805 3690 1161 3763 ἀχρημοσύνη
1193 3693 1288 3746 καὶ
1334 3693 1521 3761 σχεδὸν
1554 3694 1788 3766 ἀπείρα-

208 3802 356 3838 στον.
385 3779 555 3838 Εἶπον
575 3785 652 3848 δὲ,
686 3786 872 3854 φησὶν,
905 3785 953 3837 οἰ
973 3782 1307 3845 ἀκούσαντες
1326 3799 1340 3812 ο
1366 3784 1458 3846 Τίς
1493 3784 1602 3848 ἄρα
1630 3786 1790 3841 δύνα-

205 3894 296 3930 ται
319 3877 596 3946 σωθῆναι;
637 3876 699 3929 '0
726 3876 780 3929 δὲ
801 3871 953 3929 εἴπεο
986 3894 1005 3927 ι
1031 3875 1111 3928 Τά
1131 3874 1369 3928 ἀδύνατα
1401 3876 1553 3946 παρά
1577 3878 1790 3948 ἀνθρώ-

206 3986 355 4032 ποις,
405 3969 607 4022 δυνατὰ
658 3971 810 4040 ποιρά
851 3968 932 4040 τῷ
955 3967 1093 4039 Θεῷ.
1137 3987 1154 4020 ι
1191 3967 1353 4038 Παρά
1388 3966 1486 4037 μὲν
1530 3968 1641 4040 γὰρ
1675 3971 1789 4034 τοῖς

206 4060 560 4131 ἀνθρωπίνην
595 4060 819 4130 γνώμην
847 4060 1083 4130 ἔχουσιν,
1115 4059 1233 4130 ήτοι
1265 4059 1418 4112 κάτω
1449 4060 1785 4130 συρομένοις,

206 4155 303 4206 καὶ
337 4151 667 4221 ἐπιθυμοῦσι
691 4151 798 4204 τῶν
824 4153 1050 4221 γηΐνων,
1081 4150 1343 4206 ἀδύνατόν
1375 4153 1492 4204 ἐστι
1525 4152 1788 4222 σωθῆναι,

205 4245 286 4308 ὡς
313 4247 551 4316 εἴρηται,
599 4245 753 4316 παρά
778 4245 834 4299 δὲ
865 4244 984 4315 Θεῷ
1016 4245 1262 4308 δυνατὸν,
1315 4245 1619 4311 τουτέστιν,
1661 4249 1790 4302 ὅταν

205 4356 293 4401 τις
339 4337 401 4389 σύ
411 4337 645 4406 μὸουλον
672 4337 770 4408 ἔχῃ
800 4337 891 4390 τὸν
920 4337 1074 4402 Θεὸν,
1110 4337 1204 4390 καὶ
1230 4336 1300 4390 τά
1319 4336 1664 4407 δικαιώματα
1689 4337 1786 4392 τοῦ

206 4426 374 4492 Θεοῦ,
414 4427 509 4480 καὶ
538 4429 636 4490 τὰς
680 4429 808 4498 περὶ
844 4427 1235 4499 ἅχρημοσύνης
1278 4429 1500 4492 ἐντολὰς
1527 4429 1786 4484 διδασκά-

205 4521 337 4583 λους
365 4519 524 4591 λάϐῃ,
559 4520 652 4572 καί
678 4521 778 4590 τὴν
809 4519 935 4589 παρ’
971 4520 1178 4573 ἐκείνου
1220 4521 1534 4574 ἀπικαλοῖτο
1559 4523 1782 4576 ἐπικου-

1889 3327 1979 3381 diu
2028 3326 2286 3396 pecunias
2323 3325 2611 3391 habemus,
2665 3326 2888 3382 molitur
2927 3325 3177 3383 diabolus
3206 3342 3304 3383 nos
3331 3343 3463 3398 sup-

1889 3416 2159 3485 plantare,
2201 3430 2268 3471 ne
2310 3415 2494 3486 regula
2555 3416 2976 3486 dispensationis
3025 3427 3173 3473 recte
3227 3425 3457 3478 utamur,

1889 3517 1940 3562 et
1965 3507 2178 3563 difﬁcile
2206 3515 2290 3562 est
2315 3505 2549 3576 effugere
2571 3506 2688 3576 ejus
2709 3508 2929 3578 laqueos
2960 3527 2976 3575 ;
3008 3517 3292 3579 propterea
3322 3510 3460 3564 bona

1889 3610 1971 3654 est
1993 3607 2301 3668 paupertas,
2326 3607 2379 3654 et
2407 3599 2558 3668 quasi
2586 3599 2879 3656 tentatione
2900 3599 3170 3669 superior.
3204 3598 3464 3654 Dixerunt

1891 3702 2094 3758 autem,
2129 3689 2324 3758 inquit,
2359 3691 2411 3746 hi
2439 3691 2528 3760 qui
2560 3691 2890 3748 audierant:
2925 3692 3059 3760 Quis
3111 3693 3274 3762 igitur
3309 3704 3462 3763 pote-

1890 3785 1960 3838 rit
1995 3782 2226 3836 salvari?
2263 3785 2332 3836 At
2361 3783 2448 3837 ille
2475 3783 2610 3837 dixit
2643 3799 2658 3835 :
2694 3801 2712 3833 ‹
2745 3783 2874 3849 Qua:
2919 3783 3268 3852 impossibilia
3321 3786 3462 3854 apud

1891 3872 2137 3926 homines
2186 3879 2335 3938 sunt,
2389 3873 2664 3940 possibilia
2714 3881 2838 3928 sunt
2890 3874 3030 3941 apud
3082 3873 3271 3928 Deum.
3309 3893 3328 3927 ι
3360 3876 3468 3941 Qui.

1889 3962 2032 4016 enim
2077 3959 2277 4017 habent
2323 3971 2558 4015 mentem
2604 3961 2893 4015 humanam
2943 3977 3062 4031 qua:
3092 3965 3160 4017 ad
3206 3964 3462 4020 inferiora

1890 4055 2083 4122 vergit,
2115 4060 2170 4106 et
2231 4061 2444 4107 terrena
2495 4051 2786 4114 desiderat,
2840 4051 3040 4108 salvari
3077 4067 3180 4108 non
3214 4066 3458 4122 possunt,

1889 4145 2030 4200 sicut
2079 4146 2278 4201 dictum
2327 4153 2428 4200 est.
2485 4143 2594 4200 Deo
2646 4153 2827 4199 autem
2879 4145 3154 4214 possibile.
3207 4146 3308 4200 hoc
3357 4160 3471 4211 est,

1889 4237 2104 4308 quando
2136 4237 2257 4306 quis
2289 4233 2660 4292 consiliarium
2698 4234 2857 4290 habet
2889 4235 3078 4302 Deum,
3113 4245 3167 4291 et
3199 4235 3464 4304 jttslilicno

1892 4329 2066 4384 tiones
2101 4327 2214 4394 Dei,
2246 4334 2299 4382 et
2343 4325 2599 4384 mandata
2653 4323 2893 4396 Magistri
2924 4325 2990 4382 de
3024 4337 3339 4397 paupertate
3373 4343 3465 4383 su-

1890 4421 2070 4491 scipit,
2100 4429 2153 4476 et
2178 4419 2320 4476 illius
2353 4420 2569 4474 invocat
2591 4417 2888 4484 auxilium;
2923 4419 3180 4487 possibile
3207 4421 3354 4475 enim
3383 4431 3474 4475 est

1889 4517 2016 4570 hoc.
2064 4512 2320 4568 Nostrum
2372 4518 2458 4568 est
2499 4511 2644 4568 enim
2694 4509 2829 4566 velle
2864 4509 3091 4577 bonum,
3139 4510 3248 4567 Dei.
3283 4521 3462 4566 autem

209 4611 358 4682 ρίαν,
409 4611 632 4663 δυνατὸν
682 4610 834 4662 ἔσται
886 4609 1064 4664 τοῦτο·
1103 4610 1263 4681 ἡμῶν
1294 4611 1392 4682 μὲν
1422 4611 1533 4682 γάρ
1576 4613 1692 4666 ἐστι
1724 4615 1785 4666 τὸ

1892 4608 2172 4677 perficere.
2226 4605 2294 4660 Et
2332 4603 2492 4660 aliter
2536 4622 2550 4660 :
2599 4603 2642 4658 si
2692 4603 2908 4673 quidem
2965 4604 3464 4659 trauscenderimus

206 4703 435 4773 θελῆσαι
482 4703 543 4756 τὸ
597 4703 800 4771 ἀγαθδν
830 4745 845 4769 ,
887 4703 1018 4757 Θεοῦ
1066 4703 1122 4757 δὲ
1193 4705 1252 4757 τὸ
1311 4703 1616 4764 τελειῶσαι.
1675 4707 1784 4760 Καὶ

203 4795 386 4858 ἄλλως
441 4794 497 4847 δὲ
532 4796 691 4865 εἴπερ
731 4794 1169 4866 ύπεραναὸἀντες
1206 4797 1388 4850 πᾶσαν
1428 4795 1775 4868 ἀνθρωπίνην

202 4887 300 4938 ἐπὶ
323 4885 401 4953 τῷ
441 4884 656 4956 πλούτῳ
679 4885 1038 4956 μικροψυχίαν
1060 4927 1073 4947 ,
1098 4886 1396 4958 θελήσομεν
1420 4888 1605 4956 φίλους
1646 4891 1781 4960 ἡμῖν

203 4977 408 5041 αὐτοὺς
424 4978 644 5046 ποιῆσαι
677 4979 741 5030 ὲκ
768 4977 862 5029 τοῦ
892 4979 1129 5048 μαμωνᾶ
1155 4981 1252 5049 τῆς
1278 4979 1510 5044 ἀδικίας,
1542 4981 1784 5052 σωθησό-

207 5069 372 5140 μεθα.
409 5070 501 5123 ὑπ’
531 5071 713 5123 αὐτῶν
743 5071 822 5134 εἰς
846 5070 946 5134 τὰς
971 5070 1222 5135 αἰωνίους
1253 5071 1460 5142 σκηνὰς
1490 5090 1783 5146 παραπεμ-

208 5161 460 5229 πόμενοι.
499 5161 717 5214 Βέλτιον
768 5161 869 5232 μὲν
899 5161 1006 5233 γὰρ
1035 5162 1129 5215 ὲάν
1159 5162 1337 5217 πάντα
1376 5163 1697 5234 προώμεθα,
1733 5167 1782 5219 εἰ

204 5250 259 5303 δὲ
301 5249 376 5320 μὴ
409 5250 606 5316 πάντα,
643 5251 1024 5321 συμμεριστάς
1049 5250 1179 5318 γοῦν
1210 5251 1432 5320 ποιῆσαι
1464 5252 1590 5315 τοὺς
1617 5253 1783 5324 πένη-

205 5358 328 5407 τας,
361 5342 458 5395 καὶ
486 5341 660 5406 οὕτως
689 5343 750 5396 τὸ
783 5342 1046 5397 ἀδύνατον
1083 5343 1309 5397 δυνατὸν
1349 5343 1581 5412 γίνεται.
1628 5344 1784 5398 Ἀδύ-

207 5451 368 5487 νατον
415 5433 517 5501 μὲν
562 5435 671 5505 γὰρ
712 5433 804 5487 τὸν
853 5433 927 5505 μὴ
963 5435 1140 5487 πάντα
1192 5435 1495 5507 προέμενον
1520 5433 1778 5504 σωθῆναι,

206 5527 348 5597 πλὴν
379 5526 468 5579 διὰ
506 5526 918 5598 φιλανθρωπίαν
946 5526 1080 5580 Θεοῦ
1105 5527 1312 5596 γίνεται
1335 5529 1426 5580 καί
1450 5527 1510 5581 τὸ
1535 5529 1782 5599 μερικῶς

209 5617 536 5688 μεταδοῦναι
585 5620 665 5682 εἰς
699 5619 967 5688 ὠφέλειαν
1018 5619 1302 5688 ἀνάλογον.
1361 5619 1504 5690 Πρὸς
1549 5621 1726 5676 ταῦτα
1753 5622 1782 5674 6

204 5711 414 5780 Πέτρος
463 5711 674 5782 ἐρωτᾷ·
708 5711 841 5764 Ἰδοὺ
889 5711 1051 5779 ἡμεῖς
1105 5710 1397 5780 ἀφήκαμεν
1443 5709 1658 5767 πάνταο
1691 5711 1786 5764 καὶ

204 5803 390 5874 ἐρωτᾷ
417 5803 516 5875 οὐχ
560 5804 699 5875 ὑπὲρ
759 5802 954 5858 ἑαυτοῦ
1017 5802 1198 5874 μόνον,
1248 5801 1384 5857 ἀλλά
1428 5803 1563 5874 πρὸς
1603 5818 1784 5874 παρα-

211 5894 412 5966 μυθίαν
485 5895 703 5952 πάντων
755 5895 863 5951 τῶν
928 5894 1196 5966 πενήτων.
1257 5895 1372 5951 Ἵνα
1422 5895 1529 5966 γάρ
1602 5893 1677 5966 μὴ
1730 5895 1781 5949 οἰ

1893 4700 2184 4755 humanam
2215 4698 2359 4754 illam
2384 4696 2753 4751 infirmitatem
2777 4694 3027 4759 divitum,
3057 4703 3109 4750 et
3136 4695 3464 4750 voluerimus

1891 4791 2048 4847 nobis
2072 4791 2254 4844 facere
2283 4789 2490 4844 amicos
2523 4801 2588 4841 ex
2619 4801 2924 4843 mammona
2960 4786 3258 4855 injustitim,
3289 4787 3465 4842 salva-

1891 4886 2072 4940 bimur
2103 4896 2198 4951 per
2219 4895 2334 4945 eas,
2358 4889 2410 4934 et
2440 4879 2764 4949 recipiemur
2791 4879 2843 4934 in
2865 4889 3063 4936 aeterna
3092 4879 3460 4935 tabernacula.

1891 4977 2024 5031 Nam
2065 4975 2255 5030 melius
2293 4973 2510 5044 quidem
2564 4970 2725 5026 fuerit
2771 4972 3046 5027 dimittere
3091 4973 3272 5027 omnia
3305 4989 3320 5037 ;
3350 4972 3457 5027 hoc

1891 5076 2071 5122 autem
2103 5065 2148 5120 si
2183 5063 2384 5129 minus,
2422 5062 2616 5117 saltem
2649 5063 2827 5118 facere
2856 5064 3148 5132 partiarios
3172 5077 3461 5133 pauperes,

1891 5169 1948 5216 et
1973 5159 2052 5215 sic
2076 5157 2411 5228 impossibile
2438 5157 2530 5212 fiet
2561 5157 2840 5225 possibile.
2874 5157 3212 5226 impossibile
3248 5159 3461 5227 quidem

1892 5261 2040 5306 esset
2071 5263 2177 5304 non
2223 5249 2476 5303 omnibus
2521 5249 2761 5305 dimissis
2793 5249 3022 5314 salvari,
3053 5264 3240 5303 verum
3285 5260 3461 5305 tamen

1891 5354 1947 5398 et
1976 5349 2059 5397 est
2087 5351 2308 5410 propter
2337 5337 2768 5394 misericordiam
2794 5339 2913 5406 Dei,
2946 5339 2992 5394 si
3025 5349 3210 5409 partes
3253 5340 3466 5396 dederi-

1891 5450 2015 5490 mus
2047 5433 2097 5486 in
2127 5446 2282 5488 usum
2313 5444 2629 5499 congruum.
2657 5429 2739 5485 Ad
2768 5430 2880 5486 haec
2903 5429 3096 5487 Petrus
3126 5431 3462 5503 interrogat:

1894 5527 2030 5582 Ecce
2065 5539 2163 5580 nos
2189 5521 2506 5592 reliquimus
2548 5523 2751 5579 omnia.
2795 5522 3095 5596 lnterrogat
3143 5535 3324 5582 autem
3356 5542 3460 5583 non

1891 5632 1990 5690 pro
2019 5631 2079 5672 se
2111 5615 2248 5682 solo,
2290 5614 2386 5670 sed
2413 5613 2482 5670 ad
2508 5615 2953 5685 {consolationem
2983 5617 3222 5674 omnium
3263 5633 3462 5688 paupe-

1892 5727 2033 5767 rum.
2066 5710 2134 5768 Ut
2159 5709 2303 5766 euim
2332 5722 2438 5764 non
2467 5706 2565 5765 soli
2598 5707 2792 5764 divites
2823 5706 3019 5764 bonam
3045 5724 3194 5780 spem
3229 5709 3464 5764 habeant

1889 5818 1951 5859 se
1989 5803 2154 5857 multa
2200 5810 2608 5868 consecuturos,
2661 5800 2753 5872 qui
2810 5799 3036 5856 multum
3091 5799 3455 5868 reliquerint,

1893 5907 2156 5966 pauperes
2179 5902 2356 5950 autem
2390 5907 2608 5965 parvam
2640 5905 2792 5962 spem
2827 5888 3081 5958 habeant,
3117 5888 3258 5960 quod
3289 5904 3462 5959 pauca
