3932 6456
517 434 659 502 1015

1385 435 1960 498 TllEOI‘llYLAC’l‘l
1994 422 2399 499 summm
2442 439 2791 500 ARClllEl‘.

3597 440 3717 512 1015

518 548 858 622 reliquerint,
906 556 962 606 et
999 558 1284 620 propterea
1325 565 1520 619 parvas
1576 551 1963 606 retributiones
1998 553 2091 606 ba-

2200 552 2444 606 πλούσιοι
2488 552 2638 623 μόνοι
2672 550 2947 614 εὐέλπιδες
2976 544 3128 614 ὦσιν,
3164 549 3240 614 ὡς
3273 550 3480 604 πολλῶν
3506 555 3711 626 τευξόμε

436 704 439 707 _
519 645 684 700 hituri
741 643 884 710 sint,
935 642 1233 712 interrogat
1271 641 1463 698 Petrus
1500 654 1554 698 et
1603 645 1791 705 audit.
1845 649 1988 712 quod
2035 646 2086 699 itt

515 736 618 792 hoc
657 744 712 791 ct
758 735 811 789 itt
858 742 1087 790 venturo
1148 732 1350 790 saeculo
1419 736 1802 790 retributiones
1868 734 2086 789 imbitu-

513 841 609 881 rus
664 828 734 881 sit
787 824 967 881 omnis
1005 824 1100 896 qui
1150 837 1375 896 propter
1436 825 1602 880 Deum
1661 826 2089 896 qualescumque

512 916 884 984 possessiones
950 916 1265 985 reliquerit‘,
1316 916 1477 972 etiam
1528 918 1573 970 si
1635 932 1811 985 parva:
1862 915 2085 971 fuerint.

512 1006 633 1063 Non
681 1007 827 1063 enim
896 1007 998 1063 hoc
1043 1008 1390 1073 consideres,
1430 1008 1568 1076 quod
1604 1023 1787 1078 paucae
1849 1006 2086 1072 fuerint,

511 1100 605 1154 sed
658 1100 801 1170 quod
880 1115 1046 1170 parva
1096 1102 1210 1156 haec
1273 1100 1473 1155 homini
1530 1109 1675 1155 totus
1735 1100 1909 1155 victus
1976 1101 2090 1156 lue-

514 1192 644 1248 rint.
683 1192 746 1246 Et
770 1178 910 1246 silut
937 1204 990 1247 tu
1021 1192 1201 1247 multis
1227 1199 1280 1246 et
1322 1192 1530 1263 magnis
1550 1231 1566 1255 ,
1594 1192 1666 1246 ita
1699 1190 1788 1246 llle
1819 1191 2006 1261 paucis
2036 1201 2091 1246 et

512 1282 696 1352 part-is
728 1283 891 1338 vitam
923 1283 1091 1356 440
1138 1300 1288 1338 suam
1321 1298 1380 1338 se
1412 1284 1683 1338 sustinere
1711 1298 1869 1355 posse
1901 1299 2088 1352 spera-

513 1375 623 1429 bat.
654 1372 726 1429 Ut
756 1391 823 1428 ne
850 1374 1023 1429 dicant
1060 1376 1207 1437 quod
1252 1376 1347 1446 qui
1386 1390 1556 1444 pauca
1588 1374 1768 1438 habet,
1800 1376 1987 1445 majori
2022 1374 2089 1429 ad

512 1464 601 1520 illa
676 1475 923 1521 teneatur
989 1465 1273 1522 affectione
1316 1484 1330 1522 :
1372 1467 1536 1537 idque
1610 1467 1959 1522 manifestum
2012 1483 2085 1523 ex

513 1555 778 1623 patribus,
808 1557 897 1627 qui
934 1558 1149 1627 quando
1185 1558 1361 1613 Luuum
1421 1558 1624 1612 habent
1662 1573 1884 1627 puerunt
1911 1597 1927 1624 ,
1975 1575 2092 1612 rna-

507 1648 683 1718 jorem
738 1664 863 1721 erga
901 1648 1050 1704 illum
1092 1647 1431 1705 aﬂ'ectionetn
1485 1660 1699 1719 gerunt,
1748 1666 1909 1718 quant
1959 1663 2088 1721 erga

513 1740 813 1808 plurimos:
845 1741 914 1795 ita
965 1750 1020 1797 et
1063 1757 1267 1810 pauper
1336 1757 1496 1796 unam
1553 1743 1770 1796 domum
1824 1750 1877 1796 et
1925 1757 2089 1796 unum

511 1846 698 1900 agrum
731 1830 1026 1900 impensius
1062 1831 1261 1902 diligit,
1308 1847 1468 1897 quant
1502 1842 1558 1885 tu
1587 1834 1807 1887 multos.
1856 1832 2013 1899 Quod
2043 1832 2089 1888 si

2196 662 2308 708 νοι,
2357 640 2444 697 οἷα
2486 644 2696 699 πολλῶν
2741 644 3293 715 καταφρονήσαντες,
3332 646 3378 696 οἱ
3426 643 3482 696 δὲ
3531 646 3735 718 πένητες

2194 736 2624 790 δυσελπισθῶσιν
2645 731 2733 789 οἷα
2763 736 2958 803 ὀλίγων
2993 737 3350 798 ἀποστάντες.
3376 738 3469 789 καὶ
3498 736 3582 790 διά
3607 742 3737 795 τοῦτο

2196 828 2388 897 ὀλίγας
2430 829 2665 897 ἀμοιϐὰς
2699 827 3127 900 προσδοκῶντες,
3177 828 3356 898 ἐρωτᾷ
3381 830 3412 881 ό
3445 828 3639 899 Πέτρος
3662 836 3737 883 καὶ

2197 919 2410 984 ἀκούει,
2442 920 2524 973 ὅτι
2569 920 2665 972 καὶ
2697 920 2755 971 ὲν
2780 920 2858 989 τῷ
2882 918 2976 972 νῦν
3008 919 3163 971 αἰῶνι
3192 920 3288 971 καὶ
3332 920 3389 971 ἐν
3410 920 3490 988 τῷ
3524 920 3735 989 μέλλοντι

2194 1012 2296 1075 τὰς
2331 1011 2565 1082 ἀμοιϐὰς
2590 1011 2723 1076 ἕξει,
2760 1013 2868 1075 πᾶς
2894 1014 2921 1064 ό
2945 1010 3124 1065 ὁτιοῦν
3151 1009 3238 1064 διὰ
3268 1010 3399 1063 Θεὸν
3425 1014 3738 1082 καταφρονῆ-

2200 1119 2296 1165 cz;
2323 1101 2433 1154 τῶν
2460 1102 2835 1172 ὑπαρχόντων,
2866 1101 2970 1153 κᾶν
3003 1101 3176 1171 μικρά
3201 1096 3331 1155 εἷεν.
3363 1102 3456 1159 Μὴ
3488 1100 3594 1169 γὰρ
3612 1102 3739 1155 τοῦτο

2200 1192 2484 1263 σκοπήσῃς
2510 1193 2593 1246 ὅτι
2632 1193 2824 1262 μικρὰ,
2856 1191 2972 1245 ἀλλ’
3009 1193 3093 1247 ὅτι
3124 1193 3238 1263 βίος
3269 1194 3389 1255 ὅλος
3417 1190 3556 1263 ἦσαν
3587 1195 3739 1247 ἐκεῖνα

2198 1282 2268 1336 τὰ
2302 1284 2478 1354 μικρά
2509 1285 2588 1355 τῷ
2630 1284 2922 1356 ἀνθρώπῳ,
2960 1284 3053 1339 καὶ
3097 1284 3285 1355 ὥσπερ
3318 1286 3384 1339 σὺ
3408 1288 3523 1347 τοῖς
3559 1287 3739 1347 πολλοῖς

2198 1374 2293 1426 καὶ
2329 1374 2603 1442 μεγάλοις,
2629 1373 2803 1438 οὔτως
2823 1378 3028 1438 ἐκεῖνος
3058 1380 3170 1440 τοῖς
3208 1377 3411 1445 ὀλίγοις
3435 1378 3533 1431 καὶ
3558 1382 3740 1446 μικροῖς

2198 1464 2469 1535 ἑμϐιῶσαι
2505 1467 2828 1536 προσεδόκα,
2852 1468 2938 1521 ἵνα
2970 1470 3046 1540 μὴ
3072 1469 3237 1537 λέγω,
3262 1470 3343 1522 ὅτι
3371 1471 3401 1521 ό
3431 1469 3588 1537 ὀλίγα
3608 1470 3737 1538 ἔχων,

2200 1555 2422 1610 πλείονα
2448 1560 2631 1627 σχέσιν
2660 1558 2773 1629 ἔχει
2802 1559 2939 1629 πρὸς
2968 1560 3140 1613 ταῦτα
3173 1577 3186 1590 ·
3219 1561 3314 1613 καὶ
3336 1560 3504 1629 δῆλον
3532 1561 3632 1612 ἀπὸ
3656 1564 3740 1612 τὼν

2204 1646 2474 1717 πατέρων.
2513 1650 2563 1702 οἳ
2589 1650 2716 1703 ὅταν
2742 1649 2839 1703 ἕνα
2883 1652 3053 1705 παῖδα
3078 1652 3267 1721 ἔχωσι,
3307 1651 3480 1705 πλείω
3512 1654 3607 1721 τὴν
3639 1656 3740 1722 σχέ-

2198 1757 2284 1794 σιν
2318 1741 2716 1797 ἐπιδείκνυνται
2739 1743 2874 1814 πρδς
2894 1745 3105 1809 τοῦτον,
3125 1744 3161 1815 ἦ
3190 1745 3324 1815 πρὸς
3347 1746 3590 1807 πλείους.
3615 1747 3740 1799 Οὕτω

2201 1833 2294 1886 καὶ
2324 1834 2352 1886 ό
2388 1834 2558 1903 πένης
2584 1834 2721 1906 πρὸς
2746 1835 2845 1905 τὴν
2885 1836 3014 1905 μίαν
3037 1838 3234 1901 οίκίαν,
3271 1839 3367 1890 καὶ
3397 1839 3534 1909 πρὸς
3558 1840 3638 1891 τὸν
3666 1839 3739 1891 ἑνί

512 1938 640 1987 non,
686 1932 832 1978 certe
863 1922 945 1977 vel
977 1925 1163 1981 eadem
1206 1923 1452 1994 utrisque
1488 1934 1571 1979 est
1605 1924 1840 1987 affectio,
1868 1933 1921 1979 et
1959 1939 2082 1994 pro-

2196 1924 2359 1993 ἀγρὸν
2392 1925 2739 1996 δριμύτερον
2794 1925 3081 1991 διάκειται,
3114 1928 3145 1998 ἢ
3175 1930 3239 1982 σὺ
3271 1929 3412 2000 πρὸς
3463 1931 3587 1992 τοὺς
3631 1932 3737 1982 πολ-

513 2024 695 2081 pterea
738 2015 876 2069 idem
909 2026 965 2070 et
992 2027 1357 2085 contemptus.
1393 2015 1490 2070 Hie
1521 2033 1655 2072 sane
1676 2016 1856 2071 ethoc
1889 2017 2089 2072 szeculo

514 2108 771 2173 prtesenti
811 2107 1133 2170 multiplices
1183 2107 1460 2178 accipiunt
1511 2108 1916 2173 retributiones,
1952 2110 2096 2164 sicut

513 2199 743 2266 apostoli
777 2199 872 2254 illi.
909 2199 1202 2269 Tuguriola
1237 2199 1454 2270 quidem
1505 2200 1838 2270 reliquerant
1871 2199 1947 2254 illi
1973 2214 2093 2254 om-

512 2304 631 2354 nes,
661 2299 715 2343 ct
753 2306 896 2346 nunc
944 2291 1143 2347 habent
1190 2291 1585 2361 fulgentissima
1640 2290 1873 2361 templa,
1921 2301 1977 2345 et
2006 2305 2095 2347 res

511 2380 831 2444 familiares,
855 2390 904 2435 et
930 2395 1111 2451 agros,
1140 2392 1195 2436 et
1224 2395 1421 2436 uxores
1457 2379 1674 2443 multas,
1699 2394 1821 2451 qua:
1853 2378 1958 2434 illis
1985 2378 2091 2433 ter-

512 2486 638 2526 rore
671 2470 794 2527 ﬁdei
826 2471 1122 2539 adhaerent,
1154 2472 1361 2544 aliaque
1381 2473 1558 2529 omnia
1580 2490 1595 2541 ;
1619 2474 1670 2528 in
1700 2472 1882 2529 futuro
1907 2482 2086 2528 autem

508 2563 728 2626 steculo,
760 2578 868 2619 non
912 2579 1075 2636 agros
1125 2564 1259 2621 tales
1313 2565 1642 2635 multiplices
1684 2574 1739 2620 et
1778 2564 2088 2634 corporales

510 2655 919 2722 retributiones,
954 2658 1050 2713 sed
1085 2658 1249 2713 vitam
1278 2667 1563 2713 aeternam.

2192 2014 2338 2078 λούς.
2370 2015 2431 2068 Ei
2476 2016 2533 2070 δὲ
2584 2016 2680 2085 μὴ.
2727 2016 2842 2071 ἀλλ’
2887 2013 3007 2072 ἴσον
3059 2019 3190 2087 γοῦν
3221 2020 3557 2091 ἀμφοτέροις
3587 2020 3642 2073 τὸ
3661 2022 3738 2091 τῆς

2202 2106 2460 2176 σχέσεως·
2497 2106 2586 2160 διὰ
2619 2107 2778 2161 τοῦτο
2802 2110 2895 2162 καὶ
2925 2109 2988 2163 τὸ
3015 2110 3116 2179 τῆς
3143 2113 3607 2183 περιφρονήσεως.
3635 2113 3737 2164 Ἕν-

2192 2196 2282 2250 θεν
2313 2214 2393 2251 τοι
2427 2198 2521 2252 καὶ
2551 2200 2609 2253 ὲν
2633 2199 2711 2270 τῷ
2737 2198 2832 2253 νῦν
2852 2200 3010 2254 αίῶνι
3033 2202 3408 2264 πολυπλασίας
3438 2204 3735 2271 λαμϐάνουσι

2190 2286 2290 2351 τὰς
2327 2288 2587 2358 ἀμοιϐἀς,
2618 2287 2694 2354 ὡς
2722 2288 2773 2343 oi
2798 2290 3086 2345 ἀπόστολοι
3120 2292 3274 2345 αὐτοὶ
3304 2288 3481 2348 οὗτοι.
3519 2294 3735 2360 Καλύϐης

2193 2378 2304 2449 γὰρ
2350 2380 2868 2450 καταφρονήσαντες
2908 2381 3159 2448 ἕκαστος,
3207 2383 3303 2435 νῦν
3353 2383 3735 2453 λαμπροτᾶτονς

2195 2471 2360 2534 ναοὺς
2383 2471 2570 2541 ἔχουσι
2604 2473 2699 2526 καὶ
2731 2473 2957 2544 ἀγροὺς,
2982 2476 3076 2528 καὶ
3111 2474 3435 2545 προσόδους,
3473 2477 3563 2530 καί
3585 2480 3734 2542 γυναῑο

2194 2578 2296 2625 κας
2319 2561 2520 2624 πολλὰς
2535 2563 2635 2627 τὰς
2658 2566 2725 2635 τῇ
2751 2565 2887 2635 πρὸς
2909 2566 3103 2621 αὐτοὺς
3125 2566 3448 2637 θερμότητι,
3477 2568 3566 2618 καὶ
3587 2567 3733 2619 πίστει

2197 2655 2606 2728 συνδεδεμένας,
2639 2658 2732 2711 καὶ
2762 2655 2934 2713 τᾶλλα
2985 2660 3164 2713 πάντα
3217 2659 3405 2723 ἁπλῶς
3426 2676 3443 2690 ·
3487 2660 3579 2713 καὶ
3601 2661 3649 2711 ὲν
3675 2659 3731 2728 τῷ

514 2752 764 2823 μέλλοντι
794 2752 852 2807 δὶ
884 2751 1043 2807 αίῶνι
1075 2752 1176 2807 οὐκ
1226 2753 1431 2825 ἀγροὺς
1480 2751 1757 2817 τοιούτους
1811 2748 2234 2816 πολυπλασίους,
2259 2751 2356 2805 καὶ
2410 2753 2731 2822 σωματικὰς
2756 2752 3053 2818 ἀντιδόσεις
3111 2754 3373 2819 λάϐωσιν,
3436 2753 3575 2810 ἀλλὰ
3619 2754 3730 2823 ζωήν

508 2864 542 2898 α
553 2862 747 2900 ιωνιον.

588 2939 744 2993 Vsus.
775 2937 962 2994 51-54.
999 2957 1019 2991 ι
1047 2940 1355 3011 Δεειιηιρδῐι
1381 2949 1562 2998 autem
1593 2940 1754 2997 Jesus
1781 2941 2089 3007 duodecim,

510 3041 564 3084 et
609 3030 684 3085 ait
737 3030 887 3086 illis:
925 3030 1062 3087 Ecce
1117 3034 1461 3089 ascendimus
1525 3033 1953 3108 Hierosolymam
1979 3075 1995 3102 ,
2037 3044 2091 3090 et

513 3123 1037 3179 r-ottsutnmabuntur
1065 3125 1249 3179 omnia
1283 3141 1402 3196 quae
1432 3126 1630 3197 scripta
1662 3138 1790 3184 sunt
1835 3143 1931 3198 per
1957 3142 2083 3198 pro-

513 3214 804 3311 phetasde
833 3213 970 3270 Filio
1019 3214 1285 3311 hominis.
1333 3214 1600 3311 Tradetur
1626 3219 1768 3274 enim
1811 3219 2080 3291 gentibus,
2114 3250 2159 3311 ο

512 3316 566 3362 et
593 3305 863 3370 illudetur,
893 3315 945 3362 et
980 3308 1320 3365 contumeliis
1342 3308 1625 3378 allicietur,
1660 3320 1714 3366 et
1737 3321 2084 3381 conspuetnr,

513 3409 562 3451 et
592 3407 880 3470 postquam
932 3399 1340 3470 ﬂagellaveriut,
1391 3403 1634 3459 occident
1673 3419 1818 3467 eum,
1847 3412 1901 3459 et
1928 3403 2088 3459 tertia

513 3495 602 3546 die
635 3501 899 3560 resurget.
928 3492 992 3548 Et
1023 3493 1120 3563 ipsi
1167 3493 1302 3548 nihil
1344 3495 1535 3550 horum
1589 3494 1988 3550 intellexerunt.
2020 3494 2089 3548 Et

515 3607 526 3627 ι
554 3590 630 3635 rat
659 3583 878 3638 verbum
907 3583 1048 3640 istud
1073 3585 1449 3641 absconditum
1482 3586 1549 3643 ab
1573 3588 1670 3654 eis,
1702 3602 1800 3642 nec
1821 3585 2087 3657 intelligev

515 3676 647 3729 lunt
678 3689 798 3745 qua:
828 3676 1167 3732 dicebantur.
1205 3696 1223 3730 t
1250 3677 1501 3734 Prmdiclt
1530 3678 1605 3734 eis
1631 3677 1936 3749 passionem
1960 3693 2088 3748 pro-

514 3776 634 3830 pter
666 3763 772 3819 dno
796 3763 883 3819 illa
911 3782 925 3818 :
971 3782 1158 3832 unum,
1194 3777 1251 3822 ιιι
1277 3768 1550 3834 ostendat,
1588 3769 1730 3838 quod
1757 3783 1863 3824 non
1891 3768 2090 3822 invitus

517 3867 691 3921 neque
719 3862 780 3908 ut
801 3868 967 3923 purus
997 3856 1159 3912 homo
1185 3865 1411 3912 mortem
1438 3858 1695 3927 ignorans
1715 3858 2087 3926 cruciﬁgatur,

515 3947 608 4001 sed
643 3953 699 4001 et
742 3947 1056 4016 prtevideat,
1107 3957 1165 4003 et
1196 3950 1499 4006 voluntarie
1538 3951 1771 4020 patiatur
1816 3964 1829 4002 :
1865 3963 1991 4004 nam
2043 3950 2088 4003 si

517 4039 773 4093 uoluisset
800 4040 929 4109 pati.
961 4040 1254 4096 devitasset
1273 4043 1455 4111 utique
1478 4057 1597 4111 qua:
1618 4041 1953 4112 praesciebat.
1983 4043 2090 4096 Eo-

518 4147 637 4184 t'ttm
674 4131 818 4186 enim
850 4131 939 4200 qui
960 4146 1065 4186 non
1088 4134 1565 4204 suutprrescii,est
1590 4134 1709 4204 capi
1734 4135 2088 4202 ;secuudum,

518 4234 576 4275 ut
601 4223 906 4279 doceateos
933 4224 1123 4280 leviter
1152 4224 1299 4281 ferre
1330 4242 1449 4297 qua:
1476 4235 1760 4293 eventura,
1789 4237 1973 4298 utpote
2000 4228 2090 4297 qui

519 4321 681 4369 antea
717 4315 1045 4381 audiverint,
1082 4325 1136 4370 et
1167 4332 1272 4371 non
1314 4328 1536 4388 repente
1564 4318 1621 4373 in
1652 4318 1741 4373 illa
1776 4317 2087 4375 inciderint.

517 4406 654 4459 tium
706 4415 885 4461 autem
938 4407 1265 4477 perﬁcienda
1324 4411 1566 4466 erantin
1617 4419 1670 4466 te
1713 4426 1833 4481 quae
1878 4412 2020 4467 dicta
2061 4427 2091 4466 a

520 4499 824 4567 prophetis,
856 4515 953 4554 cur
993 4503 1269 4566 aseendis.
1301 4517 1334 4558 ο
1361 4502 1629 4559 Domine?
1677 4503 1905 4575 Propter
1950 4505 2091 4559 istud

2269 2952 2290 2987 ι
2328 2933 2673 3005 Παραλαϐὼν
2703 2935 2762 2990 δὲ
2794 2935 2920 3000 τοὺς
2944 2935 3173 3004 δώδεκα,
3212 2932 3336 2992 εἶπα
3370 2937 3511 3008 πρὸς
3540 2933 3728 2999 αὐτούς’

2206 3027 2339 3082 Ἰδοὺ
2371 3028 2737 3099 ἀναϐαίνομεν
2757 3031 2838 3093 είς
2869 3029 3240 3101 Ἱεροσόλυμα,
3265 3032 3357 3084 καὶ
3381 3030 3728 3099 τελεσθήσεται

2191 3118 2377 3172 πάντα
2404 3118 2475 3172 τὰ
2513 3119 2879 3190 γεγραμμένα
2907 3120 2996 3173 διὰ
3040 3119 3150 3172 τῶν
3205 3121 3507 3191 προφητῶν
3548 3121 3619 3189 τῷ
3642 3120 3729 3187 Υίῷ

2190 3209 2287 3264 τοῦ
2317 3208 2629 3281 ἀνθρώπου.
2668 3212 3114 3282 Παραδοθήσεται
3145 3213 3257 3284 γὰρ
3289 3215 3407 3275 τοῖς
3435 3213 3626 3278 ἔθνεσι,
3655 3216 3727 3266 ιιαὲ

2192 3299 2656 3373 ἐμπαιχθήσεται,
2693 3302 2788 3356 καὶ
2818 3302 3230 3373 ὑϐρισθήσεται,
3261 3303 3357 3356 καὶ
3387 3304 3729 3373 ἐμπτυσθήσεο

2190 3409 2301 3456 ται,
2334 3393 2429 3447 καὶ
2458 3391 2899 3461 μαστιγώσαντες
2930 3392 3543 3457 ἁποκτενοῦσιν.αὖτὸν,
3573 3394 3655 3447 καὶ
3677 3398 3726 3463 τῇ

2190 3486 2349 3558 τρίτῃ
2386 3487 2572 3559 ήμέρᾳ.
2602 3488 2994 3557 ἀναστήσεται.
3031 3488 3140 3542 Καὶ
3174 3489 3329 3542 αὐτοὶ
3374 3488 3531 3542 οὐδὲν
3559 3487 3727 3541 τούτων

2194 3578 2460 3647 συνῆκαν,
2515 3580 2609 3633 καὶ
2653 3575 2724 3651 ἦν
2752 3580 2813 3633 τὸ
2843 3580 2995 3650 ρἧα
3027 3583 3186 3634 τοῦτο
3234 3581 3614 3652 κεκρυμμένον
3652 3581 3714 3631 ἀπ

2191 3675 2393 3738 αὐτῶν,
2425 3675 2519 3728 καὶ
2556 3676 2656 3728 οὐκ
2691 3675 2988 3742 ἐγίνωσκον
3021 3677 3090 3730 τὰ
3119 3678 3407 3748 λεγόμενα.
3443 3697 3464 3730 ι
3502 3676 3727 3747 Προλίγει

2190 3767 2379 3829 αὐτοῖς
2400 3768 2467 3821 τά
2498 3766 2590 3820 τοῦ
2621 3767 2848 3831 πάθους,
2888 3769 2973 3822 ἵνα
2995 3769 3089 3823 δύο
3122 3770 3295 3825 ταῦτα
3328 3770 3657 3842 κατορθώσῃο
3681 3767 3726 3820 ἐν

2194 3857 2295 3926 μὲν
2319 3858 2378 3910 τὸ
2401 3856 2593 3921 δεῖξαι,
2627 3857 2711 3910 ὅτι
2736 3858 2835 3911 οὐκ
2862 3859 3011 3912 ἄκων
3044 3860 3164 3913 οὐδὲ
3194 3860 3268 3922 ὡς
3290 3861 3449 3931 ψιλὸς
3479 3861 3726 3931 ἄνθρωπος

2190 3946 2403 4015 ἀγνοῶν
2424 3948 2517 4001 τὸν
2556 3947 2784 4001 θάνατον
2813 3950 3167 4019 σταυροῦται,
3201 3950 3337 4005 ἀλλά
3376 3952 3471 4005 καὶ
3502 3950 3725 4023 προῄδει.

2169 4039 2287 4094 καὶ
2317 4040 2457 4093 ἑκὼν
2500 4041 2700 4110 πάσχει
2726 4057 2740 4072 ο
2776 4044 2825 4093 εί
2855 4040 2965 4111 γὰρ
2994 4040 3245 4096 ἐϐούλετο
3278 4044 3353 4113 μὴ
3384 4043 3592 4107 παθεῖν,
3636 4040 3723 4105 ἑξέ-

2194 4132 2375 4186 κλινεν
2406 4131 2473 4188 ἂν
2492 4171 2508 4195 ,
2550 4126 2637 4186 οἷα
2665 4130 2730 4204 δή
2758 4133 3024 4204 προειδώς
3048 4150 3063 4166 ⁸
3102 4134 3211 4188 τῶν
3248 4135 3359 4207 γάρ
3393 4136 3466 4206 μή
3498 4152 3726 4206 προγινω-

2196 4224 2434 4278 σκόντων
2467 4224 2587 4277 ἐστὶ
2626 4225 2689 4279 τὸ
2717 4224 3035 4279 ἁλίσκεσθαι
3067 4242 3081 4255 ·
3117 4226 3371 4296 δεύτερον
3408 4227 3466 4281 δὲ
3495 4230 3552 4279 τὸ
3581 4227 3726 4278 rain:

2195 4316 2395 4381 αὐτοὺς
2421 4315 2657 4382 εὐκόλως
2697 4316 2889 4389 φέρειν
2916 4318 2983 4371 τὰ
3017 4318 3432 4389 συμϐησόμενα,
3462 4318 3553 4372 ἅτε
3593 4333 3725 4386 πρη-

2199 4409 2487 4477 κηκοότας,
2520 4409 2613 4462 καὶ
2647 4407 2721 4481 μὴ
2755 4410 2818 4463 ἐκ
2859 4409 2954 4462 τοῦ
2985 4410 3251 4480 αἰφνιδίου
3304 4410 3487 4474 αὐτοῖς
3526 4422 3725 4478 προσπε-

2199 4502 2381 4555 σόντα.
2409 4500 2599 4556 Καίτοι
2624 4504 2672 4555 εί
2704 4501 2887 4570 μέλλοι
2912 4500 3347 4571 τελεσθῆναιὲπὶ
3380 4503 3485 4560 σοὶ.
3505 4495 3547 4553 ὦ
3569 4498 3722 4568 Κύριε.

522 4595 724 4661 ipsum,
761 4603 819 4648 ut
845 4595 1075 4650 salutem
1102 4609 1313 4665 operer.
1347 4593 1415 4649 Et
1445 4594 1517 4650 ita
1549 4596 1889 4653 voluntarius
1921 4597 2089 4653 vadit.

2202 4592 2272 4647 τὰ
2301 4593 2467 4647 πάλαι
2516 4592 2621 4647 ὑπὸ
2670 4592 2779 4646 τῶν
2814 4593 3110 4663 προφητῶν
3158 4592 3441 4661 λεχθέντα,
3469 4593 3599 4646 ama
3626 4594 3726 4642 ἁνα-

524 4686 590 4737 ιεὶι
638 4685 754 4755 ipse
805 4686 1020 4755 quidem
1079 4688 1227 4752 Ita-c,
1273 4687 1519 4758 discipuli
1576 4699 1757 4745 autem
1806 4701 1932 4746 tunc
1976 4690 2098 4760 qui-

520 4778 641 4830 dem
695 4776 828 4832 nihil
881 4778 1277 4835 intellexerunt.
1340 4780 1469 4837 Erat
1513 4784 1658 4838 enim
1715 4784 1940 4839 verbum
1995 4785 2097 4839 hoc

522 4868 900 4925 absconditum
950 4872 1020 4927 ab
1067 4873 1179 4937 eis.
1214 4883 1269 4930 et
1294 4875 1527 4930 maxime
1576 4878 1818 4933 omnium
1872 4878 2095 4932 verbum

522 4963 626 5018 hoc
710 4964 1131 5020 resurrectionis
1200 4967 1423 5021 ounino
1511 4981 1617 5021 non
1702 4969 2092 5038 agnoseebaut.

521 5054 588 5106 Et
638 5054 742 5110 alia
792 5069 1005 5125 quoque
1058 5070 1164 5111 non
1216 5056 1618 5126 agnoscebant,
1658 5067 1717 5113 ut
1773 5060 1913 5112 tradi
1964 5074 2098 5129 gen-

523 5146 689 5203 tibus.
738 5147 972 5226 Maxime
1009 5157 1186 5205 autem
1235 5153 1457 5205 verbum
1498 5152 1910 5209 resurrectionis
1944 5153 2099 5221 igno-

526 5239 756 5305 rabant,
805 5242 950 5311 quod
1005 5256 1115 5296 non
1175 5251 1296 5297 erat
1347 5243 1400 5298 in
1458 5258 1580 5298 usu.
1628 5244 1695 5299 Et
1750 5260 1857 5299 non
1907 5259 2099 5301 omnes

525 5328 692 5383 Judaei
725 5331 1021 5386 credebant
1067 5334 1544 5401 resurrectionem,
1583 5335 1633 5389 in
1663 5334 1851 5403 primis
1891 5335 2100 5390 Saddu-

523 5423 643 5476 caci.
682 5423 789 5478 Sed
835 5424 1060 5493 dixeris,
1105 5426 1171 5482 Et
1213 5427 1258 5483 si
1305 5427 1442 5482 nihil
1490 5427 1871 5498 agnoscebant,
1929 5444 2101 5498 quare

523 5531 655 5584 ergo
708 5516 790 5570 eis
829 5517 943 5573 hac
989 5519 1271 5588 ιιι·ωάἰείιῖ
1298 5536 1417 5586 quas
1459 5522 1601 5577 enim
1652 5521 1857 5577 utilitas
1903 5520 2008 5576 illis
2033 5524 2099 5578 ad

525 5607 951 5663 consolationem
988 5618 1228 5681 tempore
1261 5612 1474 5679 crucis,
1503 5614 1546 5668 si
1577 5629 1683 5669 non
1733 5614 2099 5685 intelligebant

524 5715 586 5753 ra
623 5715 743 5771 qua:
788 5699 1147 5756 dicebantur?
1177 5703 1330 5769 Quod
1363 5720 1467 5759 non
1504 5721 1691 5774 parum
1732 5705 1880 5760 utilia
1914 5718 2102 5775 postea

532 5792 709 5846 futura
739 5801 947 5856 essent,
994 5792 1120 5847 dum
1163 5796 1582 5851 recortlarentur
1603 5797 1748 5866 quod
1793 5796 1896 5851 ista
1923 5806 2104 5850 essent

534 5899 653 5953 quae
686 5892 811 5941 tunc
869 5887 1195 5956 praxliccnte
1244 5887 1473 5943 Domino
1527 5902 1632 5944 non
1698 5886 2103 5952 intellexerunt,

2199 4685 2439 4751 ϐαίνεις;
2492 4685 2572 4737 Δι’
2619 4684 2751 4737 αὐτὸ
2805 4684 2902 4754 μὲν
2965 4683 3058 4738 οὖν
3113 4684 3310 4749 τοῦτο,
3362 4685 3452 4737 ἵνα
3501 4681 3725 4751 σωτηρίαν

2199 4777 2547 4848 ὲργάσωμαι.
2590 4775 2754 4829 Ὥστε
2778 4775 2918 4829 ἑκὼν
2942 4775 3183 4846 ἔρχεται.
3221 4775 3365 4828 Ἀλλ’
3390 4777 3419 4829 ό
3447 4775 3540 4844 μὲν
3568 4772 3723 4826 ταῦτα’

2199 4871 2248 4923 οἱ
2280 4870 2335 4923 δὲ
2373 4869 2612 4939 μαθηταὶ
2642 4868 2762 4922 τότε
2802 4868 2901 4939 μὲν
2940 4869 3194 4922 συνίεσαν
3221 4869 3380 4922 οὐδὲν
3424 4884 3440 4900 ·
3472 4865 3534 4940 ἦν
3567 4864 3725 4935 γὰρτδ

2202 4963 2354 5033 ῥῆμα
2386 4961 2543 5015 τοῦτο
2579 4962 3149 5032 παρακεκαλυμμένον
3179 4962 3274 5015 ἀπ’
3304 4961 3505 5023 αὐτῶν,
3536 4959 3726 5030 μάλιστα

2202 5052 2420 5107 πάντων
2456 5054 2517 5107 τὸ
2559 5053 2712 5123 ῥῆμα
2761 5054 2858 5124 τῆς
2905 5053 3289 5117 ἀναστάσεωςο
3321 5053 3416 5107 καὶ
3453 5049 3606 5107 τᾶλλα
3650 5048 3726 5119 μὲν

2200 5146 2311 5215 γὰρ
2338 5144 2440 5199 οὐκ
2469 5146 2861 5212 ἐπεγίνωσκον,
2893 5139 3005 5199 οόν
3037 5144 3099 5197 τὸ
3141 5143 3602 5214 παραδοθήσεσθαι
3642 5140 3726 5199 τοῖς

2200 5237 2399 5302 ἔθνεσι,
2445 5238 2678 5307 μάλιστα
2712 5237 2768 5291 δὲ
2793 5238 2853 5291 τὸ
2879 5237 2976 5308 τῆς
3005 5239 3355 5301 ἀναστάσεως
3384 5239 3482 5292 οὐκ
3510 5235 3727 5302 ἐπεγίνω-

2203 5347 2333 5384 σκον
2362 5329 2500 5393 ὅλως
2529 5347 2545 5362 σ
2578 5330 2698 5383 οὐδὲ
2725 5330 2833 5400 γὰρ
2861 5325 2928 5401 ἦν
2960 5332 3018 5382 ὲν
3049 5332 3391 5400 καταχρήσει
3440 5331 3600 5391 τοῦτο,
3632 5326 3725 5380 οὔτε

2205 5424 2403 5487 πάντες
2434 5421 2723 5476 ἐπίστευον
2752 5423 2801 5474 oi
2844 5420 3241 5485 Ἰουδαῒξοντες,
3284 5423 3402 5476 οὐδὲ
3438 5424 3533 5492 τήν
3575 5416 3725 5474 ἁπλῶς

2203 5519 2523 5581 ἀνάστασιν,
2571 5515 2665 5569 καὶ
2699 5514 2857 5585 δῆλον
2901 5512 3008 5567 ἀπὸ
3047 5512 3155 5566 τῶν
3179 5512 3558 5567 Σαδδουκαίων.
3594 5505 3721 5563 ’Λλλῖ

2202 5614 2377 5675 εἴποις
2411 5610 2501 5677 ἄν,
2529 5610 2593 5662 Εί
2619 5609 2710 5662 καὶ
2742 5606 2815 5678 μὴ
2839 5606 3228 5675 ἐπεγίνωσκον,
3260 5606 3314 5658 τί
3340 5606 3517 5659 λοιπὸν
3540 5599 3721 5672 προῦλε-

2201 5721 2298 5772 γεν
2321 5704 2503 5766 αὐτοῖς
2526 5702 2698 5757 ταῦτα
2722 5718 2737 5766 ;
2767 5701 2833 5756 Τί
2860 5701 2971 5771 γὰρ
2999 5699 3061 5753 τὸ
3083 5699 3280 5768 ὄφελος
3303 5699 3482 5761 αὐτοῖς
3513 5695 3627 5767 πρὸς
3645 5690 3718 5758 vi,»

2203 5798 2260 5848 ἑν
2291 5796 2368 5867 τῷ
2397 5796 2580 5867 καιρῷ
2621 5795 2716 5849 τοῦ
2754 5793 2989 5864 σταυροῦ
3029 5792 3401 5864 παράκλησιν,
3431 5791 3503 5862 μή
3536 5786 3717 5841 συνιεῖσι

2203 5888 2264 5943 το
2290 5889 2582 5959 λεγόμενον
2603 5907 2618 5958 ;
2642 5888 2719 5943 Οὐ
2755 5887 2926 5961 μικρά
2946 5885 3256 5957 ὠφελοῦντο
3283 5887 3363 5950 είς
3384 5884 3443 5938 τὸ
3474 5880 3716 5955 μετέπειτα

2653 6016 2679 6065 λ
