3870 6560
205 455 326 525 1021

848 445 1298 509 ΕΝΑΒΒΑΤΙΟ
1330 445 1415 510 ΙΝ
1452 446 1750 510 EVANGE

1854 446 1951 508 ΠΜ
1990 446 2224 509 ιυοιιΕ.
2266 467 2339 482 -
2376 443 2538 505 CAP.
2577 445 2740 507 XIX.

3285 439 3424 507 1022

198 572 320 644 βίον.
347 562 447 620 Καὶ
468 556 605 614 αὐτά
620 554 730 629 γὰρ
750 555 787 611 δι
807 556 1180 631 ὑπεκράτησε,
1206 559 1296 614 διά
1314 560 1376 614 τδ
1399 559 1543 631 ἔχειν
1570 559 1751 614 δοῦναι

1855 560 2097 629 quaedam
2125 556 2293 622 dedit,
2317 556 2408 611 sed
2432 558 2613 611 omnia
2646 558 2711 611 ad
2738 556 2905 611 vitam
2933 550 3257 609 necessaria.
3289 550 3422 606 Nam

194 665 296 725 τοῖς
341 653 668 723 ἀδικηθεῖσιν
717 650 1092 722 ύπεκράτησε.
1154 652 1265 706 Καὶ
1321 653 1431 725 γὰρ
1478 650 1744 707 διδάσκων

195 755 346 826 ήμᾶς,
374 749 452 802 ὅτι
475 742 627 799 οῶὶν
655 742 869 813 κέρδος,
906 744 1066 816 εἴπερ
1095 744 1154 811 ἐξ
1188 744 1404 808 ἀδικίας
1443 742 1582 814 ἔχων
1610 743 1745 814 χρήυ

196 844 329 918 μαι-ά
350 856 434 902 τις
459 836 651 898 ἄλλους
675 835 836 902 ἐλεεῖ,
863 836 1291 906 καταλιμπάνων
1316 836 1442 896 τοὺς
1466 834 1747 903 ἀδικηθέν-

192 953 280 1000 τας
306 950 323 965 ι
355 933 455 1002 ὅρα
479 928 531 982 τί
558 927 661 980 κάν
690 927 866 998 τούτῳ
912 930 1074 981 ποιεῖ’
1106 925 1449 998 τετραπλοῦν
1485 925 1748 981 ἀποδίδω-

190 1043 285 1092 σιν,
307 1022 492 1076 είτινά
527 1036 579 1072 τι
606 1017 862 1090 ἠδίκησεν
885 1057 900 1080 ,
951 1018 1143 1087 ἐκείνῳ
1162 1018 1310 1087 αὐτῷ
1338 1016 1416 1087 τῷ
1437 1015 1745 1084 ἀδικηθέντι

189 1118 279 1189 τὴν
306 1113 504 1183 ζημίαν
534 1109 961 1181 ἀτωθεραπεύων
984 1127 999 1140 ο
1029 1108 1187 1163 τοῦτο
1212 1109 1321 1180 γὰρ
1355 1107 1592 1179 ἀληθοῦς
1624 1107 1745 1160 ελε-

189 1207 478 1279 ημοσύνηςέ
506 1205 600 1257 καὶ
623 1204 721 1274 οὐχ
739 1202 927 1265 ἁπλῶς
955 1201 1053 1274 τὴν
1073 1201 1300 1272 ζημίαν,
1328 1201 1464 1255 ἀλλά
1485 1201 1581 1254 καὶ
1607 1200 1747 1268 μετά

186 1299 513 1373 προσθήκης
544 1296 685 1350 κατά
710 1296 802 1350 τὸν
831 1293 1014 1366 νόμον.
1061 1297 1121 1348 Ὀ
1151 1296 1260 1366 γάρ
1299 1296 1462 1364 νόμος
1501 1294 1590 1346 τὸν
1623 1292 1748 1346 κλέ-

186 1406 317 1459 πτην
367 1387 709 1458 τετραπλοῦν
768 1385 1112 1442 ἀποτιννύειν
1161 1387 1402 1459 ἐκέλευε.
1460 1385 1651 1440 Καίτοι
1697 1386 1747 1439 εί

185 1479 415 1552 ἀκριϐῶς
450 1479 797 1548 σκοπήσομεν
818 1518 835 1545 ,
869 1479 1025 1534 οὐδὲν
1064 1478 1202 1541 ὅλως
1244 1479 1394 1549 αὐτῷ
1427 1478 1749 1533 ὑπελείπετο

183 1573 285 1627 τῶν
305 1570 620 1642 χρημάτων.
647 1569 858 1625 Δέδωκε
890 1571 990 1642 μὲν
1017 1570 1127 1642 γάρ
1154 1570 1225 1625 τά
1246 1570 1417 1642 ήμίση
1437 1570 1546 1624 τῶν
1573 1570 1752 1639 ὕπαρ-

184 1666 378 1739 χόντων
412 1665 527 1727 τοῖς
570 1666 807 1735 πτωχοῖς
848 1681 865 1699 ο
919 1665 1324 1736 ὑπελείφθησαν
1371 1665 1428 1718 δὲ
1485 1661 1635 1732 αὐτῷ
1680 1662 1748 1716 τά

182 1759 370 1832 ήμίσηο
397 1759 462 1810 ἑκ
485 1756 695 1813 τούτων
714 1758 876 1813 πάλιν
903 1759 1014 1811 τῶν
1039 1756 1477 1826 ὑπολειφθέντων
1496 1755 1747 1810 ἀπεδίδου

179 1847 508 1920 τετραπλοῦν
549 1850 663 1912 τοῖς
693 1846 824 1918 παρ’
854 1847 1022 1902 αὐτοῦ
1061 1846 1397 1918 ἀδικηθεῖσιν
1417 1886 1432 1909 ,
1465 1843 1686 1898 ὥστεέί
1720 1842 1749 1896 ὀ

182 1941 288 2013 βίος
315 1939 409 1995 τοῦ
439 1938 807 2010 ἀρχιτελὼνου
829 1939 890 2005 ἐξ
911 1938 1149 2003 ἀδικίας,
1174 1938 1335 2001 αὐτὸς
1362 1938 1420 1991 δὲ
1447 1938 1623 1992 πάντα
1651 1937 1750 1988 ὅσα

181 2031 396 2101 ἠδίκησε
426 2029 846 2099 τετραπλασίως
876 2028 1204 2092 ἀποδίδωσι,
1242 2027 1436 2081 σκόπει
1471 2027 1547 2089 ὡς
1584 2027 1750 2093 γεγύ-

185 2140 381 2195 μνωται
415 2121 723 2186 παντελῶς.
758 2122 1067 2177 Κάντεῦθεν
1107 2120 1419 2192 εὑρίσκεται
1450 2118 1545 2172 τοῦ
1584 2117 1749 2188 νόμου

180 2219 417 2289 κρεῖττον
451 2215 693 2286 φρονῶν,
725 2215 804 2288 τῷ
834 2213 1154 2285 Εὐαγγελίῳ
1185 2211 1646 2284 μαθητευόμενος.
1676 2208 1751 2274 ὡς

180 2312 311 2381 ὑπὲρ
341 2310 537 2363 ἑαυτὸν
584 2309 878 2379 ἀγαπήσας
909 2307 1000 2360 τὸν
1033 2306 1293 2375 πλησίον,
1330 2305 1425 2358 καὶ
1461 2302 1752 2372 ύπισχνούυ

181 2417 331 2471 μενος
368 2401 468 2470 μὲν
497 2399 696 2465 ταῦτα,
729 2398 928 2468 μᾶλλον
959 2398 1017 2452 δὲ
1046 2399 1300 2468 ποιήσας.
1347 2395 1422 2449 Οὐ
1453 2395 1562 2464 γάρ
1598 2389 1752 2447 εἶπεν

173 2492 270 2555 δτι,
317 2489 487 2545 Δώσω
522 2491 597 2544 τὰ
623 2490 797 2561 ήμίση
818 2531 833 2555 ,
862 2490 957 2543 καὶ
988 2487 1257 2543 ἀποδώσω
1282 2486 1344 2541 τὸ
1376 2484 1710 2556 τετραπλοῦν
1733 2525 1750 2552 ,

176 2586 307 2652 ἀλλ’,
354 2586 489 2640 Ἰδοὺ
517 2587 713 2655 δίδωμι
739 2586 833 2639 καὶ
866 2585 1186 2654 ἀποδίδωμι.
1227 2584 1466 2636 Ἤκουσε
1505 2581 1614 2652 γὰρ
1654 2581 1753 2651 τῆς

171 2678 259 2733 τοῦ
274 2678 624 2746 Σολομῶντος
648 2678 1042 2749 παραινέσεως
1068 2696 1087 2728 ι
1113 2677 1203 2748 Μὴ
1223 2672 1753 2746 είπῃς,Ἐπανελθὼν

171 2770 438 2841 ἐπάνηκε,
467 2770 571 2853 καλΖ
609 2768 817 2839 αὔριον.
837 2766 995 2822 δώσω
1021 2784 1124 2821 σοι.
1164 2785 1182 2818 ι
1224 2766 1285 2820 '0
1314 2765 1550 2837 Χριστὸς
1591 2767 1754 2833 εὐαγ-

176 2860 447 2930 γελίζεται
478 2857 634 2930 αύτῷ
671 2859 770 2931 τὴν
818 2858 1129 2930 σωτηρίαν⁸
1160 2857 1434 2928 Σήμερον,
1475 2855 1632 2925 φησὶ,
1662 2854 1750 2908 δί-

167 2955 286 3019 δως,
332 2952 588 3023 σήμερον
626 2968 708 3006 σοι
757 2950 1022 3022 σωτηρία.
1074 2949 1260 3005 Εἰπὼν
1290 2952 1422 3019 γὰρ,
1478 2948 1568 3017 Τῷ
1619 2948 1755 3018 οἴκῳ

170 3043 365 3116 τούτῳ,
422 3047 653 3108 πάντως
700 3043 792 3097 τὸν
828 3044 1096 3113 Ζακχαῖον
1143 3041 1293 3110 δηλοῖ
1331 3042 1430 3111 τὴν
1481 3039 1754 3111 σωτηρίαν

166 3136 625 3208 προσδεχόμενον.
674 3135 733 3189 Ὀ
773 3136 885 3207 γάρ
918 3137 1185 3206 Ζακχαῖος
1217 3134 1307 3188 διὰ
1349 3131 1444 3187 τοῦ
1475 3132 1625 3186 οῐκου
1656 3132 1754 3202 δη-

1845 661 1901 708 et
1927 652 2016 707 illa
2046 665 2167 721 quae
2194 648 2441 712 retinuit,
2469 657 2527 702 ut
2560 649 2784 704 haberet
2818 646 2961 718 quod
2992 645 3187 715 injuria
3216 643 3426 701 aﬂectis

1846 744 2019 807 daret,
2078 741 2320 797 retinuit.
2377 740 2541 794 Docet
2592 739 2736 794 enim
2784 754 2883 794 nos
2928 738 3130 793 nullum
3178 752 3299 793 esse
3343 737 3427 791 lu-

1847 852 2022 903 crum,
2047 837 2092 891 si
2118 834 2337 906 quidam
2370 849 2436 889 ex
2469 833 2732 903 iujustitia
2763 833 3016 902 pecunias
3047 833 3271 899 habens,
3301 830 3424 888 aliis

1847 930 2193 993 misereatur,
2234 928 2438 983 relictis
2471 925 2575 980 illis
2605 940 2744 994 quos
2797 925 2993 991 injuria
3034 924 3309 980 aﬂ'ecerat.
3358 924 3423 978 Et

1845 1021 1971 1075 vide
2018 1020 2293 1090 quomodo
2324 1020 2377 1072 in
2408 1018 2508 1072 hoc
2542 1032 2601 1071 se
2625 1025 2798 1085 gerat.
2833 1015 3202 1083 Quadruplum
3250 1012 3425 1068 reddit

1846 1113 1891 1167 si
1941 1127 2102 1182 quem
2156 1110 2524 1177 defraudavil,
2561 1118 2619 1162 ut
2668 1108 2813 1162 illius
2864 1107 2950 1161 cui
3005 1105 3202 1174 injuria
3245 1105 3421 1167 facta,

1847 1205 2104 1259 damnum
2144 1205 2495 1259 resarciatur.
2549 1202 2672 1256 llaec
2712 1200 2879 1255 enim-
2906 1213 3033 1252 vera
3082 1198 3422 1265 eleemosyna

1847 1303 1950 1358 est,
1989 1304 2048 1348 ut
2076 1310 2185 1348 non
2211 1293 2471 1348 reddatur
2493 1292 2668 1346 solum
2696 1291 2949 1344 damnum
2970 1285 3223 1353 simplex,
3253 1286 3348 1341 sed
3369 1294 3425 1339 et

1848 1403 1970 1442 cum
1999 1395 2311 1456 augmento,
2336 1384 2488 1454 juxta
2524 1384 2717 1453 legem.
2750 1381 2859 1435 Lex
2895 1382 3038 1435 enim
3072 1379 3243 1434 furem
3286 1393 3425 1448 qua-

1848 1474 2098 1544 druplum
2129 1470 2612 1540 redderejnbebat.
2639 1470 2899 1536 Quamvis
2923 1469 2964 1521 si
2993 1469 3279 1536 diligenter
3304 1481 3428 1521 cott-

1849 1567 2177 1628 sideremus,
2215 1563 2377 1619 nulla:
2424 1578 2647 1632 prorsus
2679 1561 2918 1630 pecuniae
2959 1560 3007 1613 ei
3047 1559 3246 1614 relicta:
3280 1564 3426 1610 sunt.

1851 1655 2007 1710 Dedit
2035 1654 2179 1708 enim
2211 1652 2495 1708 dimidium
2529 1654 2790 1705 bonorum
2822 1649 3173 1721 pauperibus.
3210 1646 3428 1702 Relicta

1851 1760 2032 1804 autem
2068 1758 2193 1803 sunt
2221 1747 2535 1807 dimidiatae,
2571 1755 2624 1801 et
2657 1759 2724 1799 ex
2760 1744 2842 1798 his
2874 1741 3077 1797 relictis
3113 1740 3257 1795 dedit
3293 1752 3428 1808 qua-

1852 1840 2102 1911 druplum
2132 1841 2216 1895 his
2243 1840 2336 1910 qui
2365 1853 2394 1892 a
2424 1854 2482 1893 se
2513 1838 2705 1905 injuria
2736 1843 2893 1890 erant
2917 1832 3097 1889 alTecti
3140 1849 3154 1886 :
3193 1841 3246 1886 et
3275 1831 3349 1885 ita
3380 1828 3426 1884 si

1853 1932 1991 1986 bona
2025 1931 2285 2000 principis
2320 1930 2726 1998 publicanomm
2763 1940 2829 1981 ex
2861 1924 3140 1992 iniustitia,
3180 1922 3296 1984 ipse
3330 1935 3428 1973 au-

1855 2033 1958 2077 tem
1978 2022 2159 2077 omnia
2177 2033 2531 2091 quaecumque
2551 2018 2748 2088 injuste
2765 2015 3006 2078 abstulit,
3034 2010 3427 2082 quadrifariam

1853 2115 2108 2176 reddidit.
2128 2112 2413 2167 considera
2437 2109 2709 2179 quomodo
2734 2110 2958 2162 omnino
2982 2105 3144 2159 fuerit
3168 2103 3426 2158 nudatus.

1852 2206 1919 2260 Et
1960 2206 2090 2259 hinc
2136 2202 2472 2273 comperitur
2503 2199 2646 2270 quod
2676 2197 2961 2253 sublimius
2995 2192 3234 2263 sapuerit
3268 2206 3429 2261 quam

1853 2299 1939 2354 lex
1972 2296 2355 2368 praecipiebat,
2391 2308 2534 2348 nunc
2558 2291 2801 2346 eruditus
2837 2304 2903 2343 ex
2938 2286 3271 2355 Evangelio:
3303 2282 3431 2353 quia

1853 2390 2042 2446 dilexit
2075 2388 2384 2458 proximum
2433 2383 2552 2455 plus
2586 2395 2748 2451 quam
2784 2394 2874 2441 se,
2909 2377 3035 2432 talia
3062 2376 3389 2446 promittens
3411 2410 3429 2437 ,

1852 2482 1962 2536 imo
1997 2480 2221 2534 faciens.
2262 2475 2377 2529 Non
2414 2474 2562 2529 enim
2597 2471 2732 2525 dixit
2772 2486 2788 2525 :
2832 2468 2982 2523 Dabo
3022 2466 3339 2529 dimidium,
3376 2472 3432 2518 et

1853 2575 2073 2630 reddam
2112 2569 2471 2642 quadruplum
2504 2583 2519 2620 :
2553 2565 2671 2628 sed,
2706 2562 2844 2617 Ecce
2872 2561 2976 2623 du,
3008 2566 3062 2613 et
3096 2557 3283 2611 reddo.
3319 2558 3433 2610 Au-

1853 2667 2027 2721 dierat
2054 2663 2198 2718 enim
2230 2659 2537 2717 Salomonis
2564 2656 2985 2711 admonitionem
3015 2669 3032 2705 :
3068 2669 3087 2702 ι
3125 2647 3205 2703 Ne
3241 2649 3392 2703 dicas
3414 2687 3432 2713 ,

1853 2754 2087 2811 Rediens
2118 2751 2253 2814 redi.
2277 2761 2326 2805 et
2352 2765 2474 2805 cras
2504 2748 2641 2802 dabo
2668 2747 2736 2799 ".
2780 2764 2800 2797 ι
2824 2743 3072 2800 Christus
3100 2738 3435 2810 evangelizat

1854 2851 1901 2904 ei
1933 2849 2157 2905 salutem
2192 2862 2208 2899 :
2241 2842 2415 2898 Hodie
2453 2842 2619 2907 enim,
2657 2839 2865 2909 inquit,
2901 2836 3018 2900 das,
3056 2834 3217 2890 hodie
3248 2831 3341 2888 ιιιῆ
3380 2840 3437 2888 et

1854 2939 2022 2994 salus.
2039 2935 2279 2992 Dicendo
2301 2933 2470 2997 enim,
2499 2931 2688 2987 Domni
2711 2929 2858 2992 huic,
2880 2928 3102 2981 omnino
3115 2924 3433 2979 Zacchaaum

1855 3032 2142 3102 signiﬁcat,
2169 3030 2260 3101 qui
2300 3029 2528 3085 salutem
2559 3024 2789 3095 accepit.
2818 3023 3114 3079 Zaccbreus
3151 3022 3297 3076 enim
3336 3032 3438 3090 per

1854 3125 2074 3179 domum
2092 3120 2452 3192 signiﬁcatur.
2474 3116 2688 3173 Etenim
2710 3116 3063 3170 inanimatam
3083 3113 3300 3167 domum
3325 3124 3433 3165 non

164 3201 529 3294 leﬁtat,"éate‘t
551 3226 759 3297 ἄψυχον
774 3201 1115 3298 οίιιοδόμημα
1143 3225 1243 3279 οὐκ
1264 3224 1329 3279 ἂν
1354 3224 1467 3291 υιίδν
1499 3201 1751 3293 Ἀϐραὰμ

1855 3216 2068 3271 dicebat
2095 3213 2261 3268 filium
2292 3213 2524 3267 Abrahae
2561 3226 2574 3262 :
2612 3210 2710 3264 sed
2745 3206 3099 3262 manifestum
3134 3203 3279 3273 quod
3312 3201 3437 3256 ani-

164 3322 346 3390 ἔλεγεν
367 3363 382 3387 ,
416 3320 569 3375 ἀλλὰ
598 3318 865 3391 πρόδηλον
909 3319 993 3373 ὅτι
1037 3318 1130 3373 τὸν
1168 3317 1411 3389 ἔμψυχον
1439 3315 1755 3370 οἰκοδεσπό-

163 3432 289 3486 την·
323 3414 448 3469 υίδν
470 3415 536 3468 δὲ
574 3413 825 3484 ’Δδραάμ
845 3412 1009 3467 αὐτὸν
1033 3410 1288 3479 ὠνόμασε
1310 3447 1327 3471 ,
1354 3409 1500 3478 τάχα
1539 3406 1637 3477 μὲν
1662 3406 1756 3459 καὶ

162 3508 236 3572 ὡς
268 3509 677 3573 πιστεύσαντα,
710 3505 806 3559 καὶ
835 3503 1194 3559 δικαιωθέντα
1232 3503 1297 3554 ὲκ
1325 3500 1583 3563 πίστεως,
1610 3498 1751 3568 τάχα

164 3600 219 3656 δὲ
260 3601 358 3656 καὶ
390 3600 474 3663 ὡς
522 3598 658 3672 περὶ
686 3597 755 3651 τὰ
794 3598 1055 3670 χρήματα
1085 3593 1460 3665 μεγαλόψυχον
1484 3591 1580 3646 καὶ
1606 3590 1755 3661 φιλόο

160 3711 399 3765 πτωχον,
432 3690 555 3756 οἷος
582 3688 654 3763 ἦν
684 3692 890 3754 ἐκεῖνος
917 3690 946 3743 δ
976 3687 1342 3760 πατριάρχης.
1383 3685 1529 3755 Ὅρα
1557 3684 1613 3739 δὲ
1632 3724 1646 3749 ,
1675 3684 1756 3738 ὅτι

159 3785 252 3840 νῦν
274 3782 435 3839 εἶπεν
466 3784 594 3839 υἱὸν
628 3782 883 3854 Ἀϐραὰμ
908 3781 1000 3835 τὸν
1030 3782 1319 3852 Ζακχαῖον,
1344 3781 1426 3834 ὅτι
1448 3780 1546 3849 τὴν
1577 3780 1640 3831 ὲκ
1660 3776 1756 3831 τοῦ

155 3878 363 3949 τρόπου
405 3874 561 3932 εἶδεν
608 3876 665 3928 ὲν
694 3872 845 3944 αὐτῷ
880 3872 1199 3943 ὁμοιότητα.
1233 3871 1306 3925 Οὐ
1352 3871 1456 3940 γὰρ
1492 3864 1645 3922 εἶπεν
1674 3869 1758 3922 ὃτι

158 3973 367 4026 Καθοτι
391 3971 496 4025 καὶ
528 3968 691 4032 αὐτὸς
712 3968 827 4029 υίὸς
861 3965 1108 4036 Ἀϐραὰμ
1128 3960 1217 4035 ἦν,
1248 3963 1463 4017 ἀλλ’ὅτι
1493 3962 1608 4014 ἐστὶ
1638 3962 1753 4013 νῦνο

153 4062 350 4133 πρώην
385 4061 531 4133 γὰρ,
562 4059 651 4112 ὅτε
693 4055 1061 4129 ἀρχιτελώνης
1087 4051 1159 4125 ἦν
1196 4053 1291 4108 καὶ
1330 4052 1641 4122 φορολόγος,
1665 4049 1759 4101 οὐ·

153 4154 347 4223 δεμίαν
371 4152 684 4222 ὁμοιότητα
708 4148 846 4219 ἔχων
876 4148 1010 4217 πρὸς
1037 4146 1128 4200 τὸν
1150 4145 1378 4207 δίκαιον,
1407 4143 1508 4196 οὐκ
1529 4137 1597 4212 ἦν
1619 4139 1754 4202 υἱός.

162 4243 325 4297 Ἐπεὶ
367 4244 430 4298 δὲ
481 4241 584 4296 καὶ
627 4238 926 4309 ἐγόγγυζον
953 4238 1118 4303 τινὲς,
1146 4237 1233 4289 ’ὅτι
1262 4233 1414 4305 παρὰ
1444 4229 1757 4303 ἀμαρτωλῷ

150 4338 309 4405 ἀνδρὶ
334 4335 639 4394 καταλύει.
667 4332 804 4403 πρὸς
826 4332 886 4385 τὸ
912 4328 1261 4398 ἐπιστομίσαι
1288 4326 1531 4391 τούτους,
1563 4322 1750 4395 φησίν·

148 4426 325 4485 Ἶιλθε
360 4430 484 4500 γὰρ
516 4429 547 4481 ὁ
585 4426 711 4488 Υἱὸς
744 4423 838 4478 τοῦ
870 4422 1160 4495 ἀνθρώπου
1190 4420 1444 4491 ζητῆσαι,
1466 4419 1559 4472 καὶ
1586 4417 1756 4471 σῶσαι

144 4524 208 4577 τὸ
243 4522 572 4582 ἀπολωλός.
602 4517 788 4572 Ταῦτα
837 4517 934 4586 μὲν
985 4516 1053 4570 τὰ
1097 4514 1192 4568 τοῦ
1236 4512 1422 4583 ῥητοῦ.
1464 4510 1677 4582 Ῥᾴδιον
1711 4509 1757 4561 δ’

1857 3313 2061 3361 matum
2093 3315 2303 3377 patrem
2346 3302 2584 3358 familias
2620 3300 2785 3354 illium
2819 3296 3051 3353 Abrahae
3082 3292 3375 3350 nominarit
3416 3310 3435 3350 :

1854 3396 2103 3453 fortassis
2131 3405 2185 3452 et
2224 3394 2366 3464 quod
2395 3392 2731 3452 crediderat,
2755 3389 3197 3459 justiilcatusque
3226 3390 3347 3439 erat
3369 3394 3438 3439 ex

1857 3493 1959 3547 tide
1999 3506 2019 3544 ιν
2048 3489 2301 3545 fortassis
2349 3486 2493 3557 quod
2563 3486 2617 3539 iu
2675 3480 3057 3553 dispensandis
3089 3478 3281 3551 opibus
3323 3492 3438 3532 ma-

1855 3583 2165 3655 gnanimus,
2215 3590 2273 3637 et
2317 3592 2617 3649 pauperum
2659 3586 2890 3641 amator,
2939 3573 3119 3644 qualis
3175 3579 3294 3627 erat
3334 3584 3436 3640 pa-

1857 3673 2091 3729 triarcha
2123 3673 2235 3727 ille.
2269 3669 2406 3725 Vide
2432 3671 2650 3738 insuper
2679 3666 2820 3736 quod
2852 3670 2907 3721 et
2937 3679 3081 3719 nunc
3107 3663 3238 3717 dicit
3269 3661 3437 3715 lilium

1853 3768 2084 3824 Abraha
2111 3765 2432 3831 Zachantm,
2470 3777 2594 3819 cum
2623 3773 2834 3818 morum
2858 3754 3352 3814 similitudinem’in
3380 3765 3441 3807 se

1854 3860 2108 3916 ostendit.
2138 3858 2323 3926 Neque
2345 3856 2488 3911 enim
2521 3854 2682 3919 dixit,
2722 3852 2797 3906 Eo
2815 3850 2956 3920 quod
2987 3858 3044 3902 et
3070 3848 3186 3918 ipse
3210 3844 3442 3900 Abralm

1855 3953 1999 4007 lilius
2031 3951 2228 4012 fuerit,
2270 3950 2367 4004 sed
2410 3947 2555 4017 quod
2606 3959 2748 3999 nunc
2781 3944 2870 3997 sit.
2918 3940 3078 3995 Prius
3124 3938 3269 3993 enim
3313 3951 3438 3991 cum

1856 4047 2105 4116 princeps
2136 4041 2544 4112 publicanorum
2581 4049 2638 4094 et
2664 4046 2889 4092 exactor
2914 4042 3080 4098 esset,
3112 4030 3357 4099 nihilque
3386 4027 3440 4082 ei

1858 4141 1911 4194 in
1942 4136 2149 4207 justitia
2192 4150 2316 4189 cum
2352 4132 2625 4187 Abraham
2658 4141 2945 4183 commune
2972 4132 3146 4187 esset,
3173 4135 3278 4175 non
3322 4128 3443 4175 erat

1859 4231 2024 4285 illius.
2073 4226 2342 4295 Quoniam
2391 4232 2568 4278 autem
2603 4228 2659 4276 et
2695 4217 3178 4275 obmurmurabant
3217 4210 3438 4282 quidam
3506 4208 3513 4219 '

1859 4323 2002 4393 quod
2059 4319 2199 4388 apud
2256 4325 2599 4387 peccatorem
2655 4309 2929 4366 hominem
2983 4304 3321 4371 divertisset,
3372 4304 3440 4358 ad

1859 4412 2217 4471 confutandos
2244 4424 2360 4472 eos,
2398 4407 2574 4476 inquit
2601 4423 2614 4459 :
2646 4401 2795 4460 Venit
2826 4401 2971 4456 enim
3002 4397 3173 4453 Filius
3208 4394 3443 4451 hominis

1862 4488 2107 4574 quaerere
2146 4511 2202 4555 et
2235 4499 2450 4555 salvare
2492 4494 2634 4566 quod
2667 4493 2923 4563 perierat.
2964 4489 3034 4544 Et
3077 4488 3180 4542 hoc
3219 4483 3441 4555 quidem

611 4570 937 4660 ὲκλαὸέσθαι
958 4606 1034 4668 είς
1053 4570 1248 4673 ἠθικὴν
1270 4570 1751 4668 ὧφέλειανιταῦτα·

1861 4570 2012 4670 juxta
2048 4595 2350 4651 historiam.
2390 4589 2574 4645 Facile
2605 4592 2788 4640 autem
2821 4592 2876 4638 et
2915 4581 3073 4635 aliter
3112 4579 3229 4632 haec
3276 4589 3443 4643 expo-

145 4706 256 4768 πᾶς
289 4704 411 4773 γάρ
440 4703 472 4754 δ
520 4700 705 4771 ἄρχων
739 4701 796 4751 ὲν
825 4696 994 4766 κακίᾳ
1022 4693 1253 4754 πολλῶν.
1291 4690 1485 4762 μικρός
1519 4690 1635 4742 ἐστι
1659 4686 1759 4758 τὴν

142 4791 557 4863 πνευματικὴν
615 4790 874 4859 ἡλικίαν,
925 4787 1226 4843 ἀντίκειται
1282 4784 1393 4852 γὰρ
1454 4780 1590 4851 σὰρξ
1662 4778 1759 4832 κα)⁸

143 4889 384 4958 πνεῦμα
411 4929 426 4947 .
458 4886 560 4940 καὶ
597 4884 687 4939 διὰ
722 4883 881 4936 τοῦτο
910 4882 972 4935 οὐ
998 4881 1223 4934 δύναται
1259 4879 1387 4931 ίδεῖν
1415 4875 1508 4929 τὸν
1549 4871 1759 4943 Ἰησοῦν

1867 4665 1999 4744 nere
2024 4687 2148 4741 licet
2173 4687 2226 4738 in
2254 4683 2544 4737 utilitatem
2573 4676 2855 4731 moralem.
2887 4672 3078 4728 Omnis
3111 4669 3253 4721 enim
3286 4665 3442 4735 prin-

1865 4795 1992 4850 ceps
2021 4777 2316 4833 multorum
2349 4773 2400 4827 in
2431 4769 2657 4833 malitia,
2688 4780 2885 4836 parvus
2911 4770 2997 4820 est
3029 4756 3296 4829 spirituali
3328 4766 3441 4809 sta-

1865 4849 2008 4930 tura,
2059 4864 2335 4922 contraria
2383 4860 2526 4915 enim
2579 4867 2707 4912 sunt
2754 4869 2883 4909 caro
2936 4862 2991 4905 et
3038 4849 3263 4918 spiritus
3313 4862 3328 4898 :
3388 4853 3445 4898 et

460 4977 625 5047 ὄχλου
655 4993 669 5007 ·
702 4975 806 5027 ὑπὸ
825 4972 934 5026 τῶν
959 4971 1146 5026 παθῶν
1166 4968 1507 5041 ὀχλούμενος,
1536 4939 1631 5018 καί
1662 4962 1751 5017 ύπέ

1859 4959 2026 5034 ω
2053 4965 2341 5028 propterea
2363 4966 2470 5006 non
2497 4958 2677 5020 potest
2704 4946 2893 5000 videre
2915 4942 3100 4996 Jesum
3126 4951 3235 5005 Prae
3260 4939 3439 4990 turba.

142 5070 535 5142 πραγμάτων
579 5064 869 5138 βιωτικῶν,
904 5065 963 5117 ού
994 5062 1217 5118 δύναται
1247 5062 1381 5131 ὁρᾷν
1422 5058 1512 5113 τὸν
1552 5055 1762 5128 Ἰησοῦν

139 5161 510 5234 ἐνεργοῦντα
533 5201 547 5224 ,
590 5159 686 5211 καὶ
715 5157 1032 5227 κινούμενον
1055 5195 1070 5220 ,
1100 5155 1197 5208 κοιλ⁸
1228 5148 1657 5223 περιπατοῦντα.
1705 5147 1765 5201 '0

138 5252 259 5320 γὰρ
300 5248 572 5310 τοιοῦτος
605 5246 861 5316 οὐδεμίαν
907 5245 1191 5315 ἐνέργειαν
1231 5240 1586 5311 ἐπιγινώσκει
1630 5240 1768 5307 Χρι-

141 5341 366 5411 στιανῷ
393 5339 729 5409 πρέπουσαν
753 5356 767 5369 ο
804 5338 964 5391 τοῦτο
994 5337 1104 5408 γάρ
1143 5339 1262 5390 ἐστι
1296 5334 1357 5388 τὸ
1398 5333 1634 5404 βαδίζειν
1678 5330 1769 5383 τὸν

149 5432 390 5505 Ἰησοῦν
414 5471 433 5496 ,
468 5430 743 5495 τουτέστι,
769 5429 831 5482 τὸ
860 5429 1118 5500 πράττειν
1144 5443 1199 5480 τι
1218 5427 1287 5479 ὲν
1320 5426 1453 5496 ἡμῖν
1486 5424 1578 5478 τὸν
1622 5424 1760 5493 Χρι-

137 5528 300 5580 στόν.
341 5523 508 5577 Ἀλλ’
533 5525 560 5576 ὁ
590 5522 832 5585 τοιοῦτος
852 5521 1137 5592 ἄνθρωπος
1159 5524 1187 5574 ὁ
1215 5520 1483 5591 μηδέποτε
1518 5516 1642 5571 ίὸὼν
1668 5514 1759 5568 τὸν

147 5617 389 5689 Ἰησοῦν
436 5615 767 5687 βαδίζοντα.
819 5614 957 5670 ἀλλά
1002 5614 1183 5683 πάσης
1234 5613 1487 5684 πράξεως
1536 5608 1759 5680 Χριστῷ

135 5708 535 5782 ἁρμοζούσης
564 5705 984 5778 ἀνεπαίσθητος,
1019 5708 1083 5760 ἐκ
1119 5703 1483 5776 μεταμελείας
1516 5699 1598 5764 είς
1631 5715 1757 5753 συνο

210 5885 265 5918 ’⁸
300 5881 495 5938 Prov.
525 5896 604 5949 nt,
634 5882 725 5939 28.

1863 5027 1961 5118 Qui
1986 5027 2131 5105 enim
2163 5061 2193 5100 a
2221 5041 2573 5100 saecularibus
2597 5035 2829 5106 negotiis
2850 5044 2904 5087 et
2934 5027 3308 5085 aﬂectiouibus
3329 5039 3444 5079 tur-

1862 5146 2043 5206 batur,
2072 5157 2177 5195 non
2202 5139 2350 5193 videt
2378 5133 2563 5190 Jesum
2594 5135 2929 5199 operantem,
2951 5133 3006 5178 et
3035 5132 3365 5206 moventem,
3389 5126 3444 5173 et

1862 5201 2252 5290 ambulantem.
2286 5226 2422 5282 Nam
2469 5223 2558 5293 qui
2595 5222 2717 5277 talis
2754 5228 2874 5284 est,
2924 5215 3128 5271 nullam
3154 5201 3452 5281 experitur

1846 5323 2237 5396 ,Operationem
2271 5317 2580 5374 Christiano
2610 5314 2851 5381 dignam.
2883 5309 3000 5363 Hoc
3030 5316 3114 5362 est
3138 5306 3284 5360 enim
3328 5318 3445 5356 am-

1867 5419 2054 5474 bulare
2084 5415 2267 5471 Jesum
2291 5454 2306 5479 ,
2338 5410 2554 5481 operari
2597 5406 2878 5463 Christum
2928 5401 3134 5472 aliquid
3174 5400 3230 5454 in
3262 5396 3444 5453 nobis.

1865 5513 1935 5566 At
1974 5510 2098 5564 talis
2138 5509 2302 5562 homo
2326 5505 2418 5576 qui
2465 5515 2739 5572 nunquam
2772 5498 2906 5553 vidit
2939 5494 3124 5551 Jesum
3162 5490 3447 5547 ambulau-

1869 5613 1997 5666 tetn.
2034 5614 2207 5670 neque
2239 5598 2409 5652 sensit
2446 5595 2608 5649 ullam
2648 5590 3016 5661 operationem
3057 5584 3277 5640 Christo
3306 5595 3445 5634 con-

1865 5709 2079 5766 gruam,
2101 5705 2243 5761 stepe
2267 5703 2363 5761 per
2382 5684 2761 5759 pmnitentiam
2781 5681 2939 5740 venit
2960 5679 3015 5737 in
3040 5671 3439 5733 conscientiam
