3932 6456
417 351 555 418 1δ23
1293 347 1872 411 TIIEOPIIYLACTI
1918 351 2002 411 BE

2105 345 2327 406 LXIUE
2373 342 2726 406 ARCillEP.
3518 340 3654 405 1024

415 478 471 522 et
521 463 769 521 ascendit
817 462 872 518 in
922 461 1273 532 capriﬁcum,
1311 477 1523 517 onmem
1563 461 1890 532 voluptatem
1936 475 1998 515 ac

2105 458 2352 529 αίσθησιν
2387 458 2605 527 ἔρχεται
2644 454 2923 520 πολλάκις,
2957 455 3050 509 καὶ
3079 454 3355 510 ἀναϐαίνει
3383 454 3477 509 ἐπὶ
3510 473 3659 510 duxe-

415 555 777 622 dtlcediuem,
804 568 924 624 qute
949 568 1044 623 per
1084 554 1243 608 ficum
1274 553 1605 617 insinuatur,
1637 555 1910 609 inl'atuans
1936 564 1989 608 et

2105 551 2321 620 μορέαν,
2353 550 2532 602 πᾶσαν
2563 547 2759 618 ἡδονὴν
2789 547 2883 600 καὶ⁵
2922 545 3264 616 γλυκύτητα,
3304 547 3427 617 ητις
3452 546 3539 600 διὰ
3565 549 3657 614 τῆς

416 648 771 703 niortiﬂeans.
818 645 884 702 Et
927 645 1008 702 sic
1041 647 1308 702 excelsior
1353 663 1412 703 se
1458 646 1665 714 factus,
1715 648 1989 704 ascensio-

2105 642 2263 710 Νκῆς
2288 640 2566 713 δηλοῦται,
2608 639 2899 709 μωραίνων
2936 639 3032 693 καὶ
3062 639 3386 709 ἀπονεκβῶν
3410 677 3426 702 ,
3459 642 3551 692 καὶ
3574 640 3659 692 οἰ-

419 753 627 809 nesque
648 740 703 795 in
724 740 885 794 corde
907 755 1004 795 suo
1032 754 1257 809 ponens,
1277 740 1487 794 videtur
1512 758 1540 795 a
1567 739 1717 808 Iesu,
1741 749 1795 796 et
1820 741 1986 797 videt.

2105 751 2198 797 tto;
2226 732 2557 803 ὑψηλότερος
2590 730 2787 784 ἑαυτοῦ
2823 730 3136 800 γενόμενος,
3171 732 3266 784 καὶ
3297 730 3583 793 ἀναϐάσεις
3603 732 3658 783 ὲν

417 834 666 900 Dicitque
701 830 767 886 ad
803 832 951 885 illum
984 831 1281 887 Dominus:
1307 832 1546 896 Festina,
1575 832 1862 901 descende,
1888 835 1989 890 hoc

2105 831 2158 899 τῇ
2189 828 2389 898 καρδία
2422 825 2816 895 διατιθέμενος,
2841 826 3036 896 ὁρᾶται
3070 824 3177 878 ὑπὸ
3208 823 3304 878 τοῦ
3349 823 3547 894 Ἰησοῦ,
3572 827 3659 877 καί

415 935 518 989 est,
548 925 851 979 Ascendiin
885 939 981 992 per
1005 924 1376 993 paenitentiam
1407 924 1460 978 in
1497 923 1868 981 sublimiorem
1905 929 1988 981 vi-

417 1024 549 1078 tam,
591 1013 858 1069 descende
886 1026 980 1083 per
1009 1013 1391 1066 humilitatem.
1432 1010 1547 1066 Non
1596 1021 1648 1066 te
1685 1012 1992 1081 supplantet

415 1106 680 1171 superbus
713 1118 906 1159 sensus
951 1120 965 1158 :
1001 1103 1191 1157 festina
1214 1145 1229 1169 ,
1277 1104 1581 1159 humiliare.
1625 1102 1680 1158 Si
1714 1103 1858 1159 enim
1893 1105 1992 1158 htt-

417 1196 657 1250 miliatus
701 1195 902 1258 fueris,
936 1197 989 1250 in
1031 1196 1193 1250 domo
1229 1206 1316 1248 tua
1363 1204 1574 1263 Oportet
1615 1209 1699 1248 me
1748 1209 1989 1248 manere.

418 1286 648 1340 Necesse
676 1286 845 1353 enim,
873 1287 1071 1356 inquit,
1110 1295 1167 1339 ut
1197 1302 1295 1355 ego
1330 1300 1577 1340 maneant
1612 1286 1666 1339 in
1695 1287 1853 1340 domo
1888 1287 1987 1339 ltu-

421 1379 607 1432 milis:
648 1397 665 1430 ι
720 1378 800 1433 Ad
836 1394 994 1448 quem
1053 1381 1196 1433 enim
1261 1378 1543 1447 respiciam
1608 1393 1768 1447 quam
1831 1392 1995 1443 super

421 1480 791 1533 tttunsuetttm,
838 1480 891 1522 et
925 1469 1167 1537 quietum
1192 1510 1208 1535 ,
1242 1477 1296 1523 et
1341 1478 1660 1524 trementem
1709 1483 1994 1525 sermones

419 1573 571 1611 meos
599 1559 684 1613 σαι
713 1578 731 1610 ι
764 1559 974 1613 Etenim
1007 1560 1097 1628 qui
1137 1559 1258 1614 talis
1283 1569 1386 1621 est,
1414 1558 1692 1614 dimidium
1731 1560 1990 1615 bonorum

419 1666 640 1703 Sthl'um
675 1651 764 1704 dat
808 1652 1132 1720 pauperibus
1177 1651 1530 1704 daemonibus.
1575 1649 1813 1719 Duplicia
1848 1651 1993 1705 enim

418 1748 546 1791 sunt
577 1738 712 1789 bona
744 1745 924 1791 nostra
946 1777 961 1801 ,
989 1739 1232 1807 corporis
1262 1739 1384 1793 dii-0
1404 1779 1418 1802 ,
1450 1752 1502 1794 et
1536 1741 1750 1795 animus.
1799 1739 1992 1795 Omnia

2091 920 2216 989 ὁρᾷ,
2247 918 2341 972 καί
2377 934 2510 987 φησι
2541 916 2678 988 πρὸς
2713 915 2876 970 αὑτὸν
2905 918 2934 969 ό
2966 916 3196 988 Κύριος,
3223 914 3474 977 Σπεύσας
3501 915 3661 967 κατά-

2092 1010 2239 1080 ϐηθι,
2266 1010 2566 1073 τουτέστιν,
2608 1008 2836 1079 Ἀνέϐης
2860 1008 2947 1062 διὰ
2968 1009 3066 1079 τῆς
3093 1006 3387 1079 μετανοίας
3427 1007 3513 1076 ἐφ’
3535 1007 3659 1076 ὕψη.

2092 1099 2312 1170 λότερον
2345 1098 2478 1170 βίον,
2503 1096 2775 1167 κατάϐηθι
2811 1095 2897 1149 διὰ
2928 1095 3025 1165 τῆς
3053 1091 3572 1164 ταπεινοφροσύνης,
3593 1093 3660 1161 μή

2095 1211 2155 1247 σε
2184 1192 2518 1261 ὑποσκελίσῃ
2546 1193 2578 1261 ἡ
2611 1188 3055 1261 ὑψηλοφροσύνη.
3098 1185 3367 1247 Σπεῦσον,
3406 1183 3663 1238 ται-..εεικῦ-

2092 1290 2237 1360 θητι.
2282 1288 2408 1343 Ἐὰν
2432 1288 2542 1359 γὰρ
2570 1284 2917 1357 ταπεινωθῇς
2939 1328 2954 1352 ,
2989 1284 3047 1337 ἂν
3079 1282 3158 1353 τῷ
3185 1282 3324 1353 οἴκῳ
3359 1298 3451 1336 σου
3483 1281 3565 1333 δεῖ
3601 1298 3663 1349 με

2097 1384 2277 1453 μεῖναι
2300 1395 2317 1412 ³
2348 1380 2645 1449 ἀναγκαῖον
2677 1376 2805 1449 γὰρ,
2850 1376 3037 1448 φησὶν,
3070 1375 3189 1427 ἐστὶ
3240 1373 3302 1426 τὸ
3346 1373 3405 1425 ἐν
3436 1372 3513 1442 τῷ
3540 1371 3665 1441 οἴκῳ

2092 1473 2188 1528 τοῦ
2225 1470 2486 1527 ταπεινοῦ
2521 1470 2705 1541 μένειν
2739 1486 2829 1539 με.
2860 1488 2880 1521 ι
2926 1468 3051 1520 Ἐπὶ
3080 1465 3202 1519 τίνα
3236 1465 3348 1535 γὰρ
3375 1462 3663 1531 ἐπιϐλέψει),

2096 1566 2127 1637 ἢ
2154 1565 2246 1619 ἐπὶ
2270 1564 2362 1618 τὸν
2384 1564 2560 1635 πρᾷον
2577 1564 2670 1615 καὶ
2694 1561 2917 1633 ἡσύχιον
2942 1560 3037 1613 καὶ
3063 1557 3337 1628 τρέμοντα
3363 1555 3488 1617 τοὺς
3510 1555 3666 1624 ἐμοὺς

2093 1653 2315 1723 λόγους;
2350 1673 2367 1705 ι
2412 1652 2469 1707 'O
2504 1650 2745 1714 τοιοῦτος
2775 1649 2872 1704 καὶ
2896 1648 2965 1703 τὰ
2992 1647 3166 1718 ἡμίση
3193 1646 3303 1699 τῶν
3325 1644 3666 1715 ὑπαρχόντων

2095 1745 2281 1800 δίδωσι
2307 1747 2420 1808 τοῖς
2446 1745 2683 1814 πτωχοῖς
2712 1741 2955 1812 δαίμοσι.
2985 1738 3189 1793 Διττῶν
3219 1737 3333 1808 γὰρ
3358 1737 3526 1790 ὅντων
3546 1738 3664 1805 ἡμῖν

420 1825 719 1892 corporalia
735 1828 984 1880 concedit
1001 1826 1179 1894 justus
1198 1844 1321 1881 vere
1341 1830 1690 1897 pauperibus,
1737 1829 1995 1899 omnique

2105 1836 2205 1890 τῶν
2243 1837 2598 1907 ὑπαρχόντων
2623 1875 2639 1898 ,
2676 1832 3002 1905 σωματικῶν
3037 1848 3180 1902 φημι
3201 1869 3217 1894 ,
3246 1829 3342 1883 καὶ
3393 1826 3660 1897 ψυχικῶν

421 1918 558 1969 bono
583 1915 856 1970 destitutis
883 1918 1237 1973 daemonibus.
1269 1919 1476 1974 Animae
1508 1933 1686 1975 autem
1716 1923 1853 1974 bona
1885 1938 1990 1975 non

422 2007 717 2075 dispendii,
762 2007 813 2061 id
854 2009 997 2075 quod
1040 2019 1096 2063 et
1139 2009 1207 2063 de
1238 2008 1342 2065 Job
1389 2010 1675 2065 Dominum
1728 2013 1989 2066 dicentem

421 2102 765 2154 audivimus:
790 2100 1174 2156 Verumtamen
1204 2103 1439 2157 animam
1466 2103 1584 2173 ejus
1626 2119 1691 2157 ne
1727 2105 1987 2174 tetigeris.

423 2192 527 2246 Sed
558 2203 611 2245 et
637 2193 682 2247 si
719 2207 877 2262 quem
910 2193 1264 2258 defraudavit,
1308 2195 1480 2248 reddit
1503 2195 1878 2266 quadruplum.
1906 2195 1991 2249 ln-

421 2285 669 2338 sinuatur
702 2286 863 2353 igitur
900 2301 995 2351 per
1030 2286 1131 2339 ltoc
1164 2286 1308 2355 quod
1346 2286 1525 2342 omnis
1550 2289 1641 2356 qui
1692 2301 1787 2355 per
1816 2288 1994 2358 ι)ωηί-

421 2374 645 2426 tentiam
681 2375 820 2428 viatn
853 2376 998 2430 vadit
1040 2376 1363 2429 contrariam
1404 2375 1571 2439 priori
1610 2377 1825 2431 malitia:
1848 2419 1864 2443 ,
1900 2393 1995 2446 per

423 2475 654 2532 quatuor
685 2467 910 2521 virtutes
935 2468 1111 2520 omnia
1138 2482 1257 2535 qua:
1286 2468 1433 2536 prius
1467 2477 1687 2537 peccata
1718 2478 1842 2521 sunt
1862 2508 1875 2531 ,
1909 2483 1993 2522 sa-

425 2569 517 2612 nat
550 2574 565 2612 :
600 2569 654 2610 et
697 2560 776 2613 sic
817 2560 1013 2628 accipit
1060 2560 1325 2624 salutem,
1381 2559 1635 2629 ﬁliusque
1684 2562 1997 2615 nominatur

422 2649 651 2703 Abrahae
671 2688 685 2713 ,
719 2666 783 2703 eo
812 2650 952 2720 quod
978 2660 1031 2705 et
1065 2652 1178 2721 ipse
1218 2666 1469 2722 egressus
1495 2653 1569 2707 sit
1603 2653 1669 2707 de
1697 2661 1839 2708 terra
1872 2669 1993 2721 sua,

422 2748 479 2795 et
516 2741 834 2810 cognatione
880 2744 1076 2813 prioris
1110 2743 1362 2809 malitias,
1410 2754 1465 2797 et
1503 2743 1572 2798 de
1619 2744 1784 2799 domo
1826 2746 1997 2814 patris

424 2832 538 2893 sui.
577 2832 679 2885 hoc
709 2843 823 2896 est,
858 2844 1009 2886 extra
1056 2832 1291 2901 seipsum
1330 2829 1507 2887 factus
1531 2871 1547 2896 ,
1580 2843 1634 2886 et
1668 2846 1869 2902 negans
1913 2847 1998 2887 se-

425 2927 622 2993 ipsum.
660 2924 860 2980 Domus
887 2927 1029 2981 enim
1063 2928 1232 2994 patris
1259 2928 1342 2981 sui
1369 2925 1569 2981 diaboli
1598 2926 1713 2995 ipse
1731 2934 1865 2980 erat.
1893 2923 1999 2994 lgi-

428 3030 515 3073 tur
544 3031 695 3073 extra
720 3020 957 3089 seipsum
988 3017 1163 3074 factus
1191 3029 1247 3075 et
1289 3019 1557 3075 alienatus
1598 3018 1826 3073 salutem
1857 3018 2000 3073 sicut

423 3110 697 3163 Abraham
730 3114 1103 3180 consequitur.

2098 1928 2207 1981 τῶν
2256 1928 2355 1999 μὲν
2396 1925 2731 1997 σωματικῶν
2782 1926 3001 1979 πάντων
3038 1922 3365 1993 παραχωρεί
3408 1920 3438 1972 ό
3471 1918 3664 1980 δίκαιος

2100 2022 2213 2082 τοῖς
2245 2020 2480 2088 πτωχοῖς
2517 2016 2596 2088 τῷ
2639 2017 2775 2081 ὄντι,
2816 2017 2913 2070 καὶ
2958 2013 3161 2078 παντὸς
3196 2010 3409 2080 ἀγαθοῦ
3453 2012 3664 2080 ἑστερη-

2103 2113 2285 2183 μένοιῖ
2316 2109 2534 2179 δαίμοσι
2553 2126 2567 2140 °
2598 2108 2708 2162 τῶν
2745 2108 2800 2162 δὲ
2822 2107 3070 2179 ψυχικῶν
3100 2105 3199 2176 οὑχ
3238 2103 3616 2169 ὑπεξίσταται,
3638 2100 3664 2154 ὃ

2101 2204 2195 2258 καὶ
2227 2203 2319 2256 ἐπὶ
2341 2201 2435 2254 τοῦ
2476 2199 2596 2254 Ἰὼϐ
2623 2200 2867 2269 ἔγνωμεν
2892 2199 2983 2253 τὸν
3010 2197 3217 2267 Κύριον
3243 2195 3493 2263 λέγοντα,
3531 2188 3662 2264 Πλὴν

2099 2296 2198 2361 τῆς
2227 2291 2403 2362 ψυχῆς
2435 2288 2600 2344 αὑτοῦ
2637 2288 2711 2361 μὴ
2743 2289 2877 2359 ἅψῃ.
2909 2287 3076 2342 Ἀλλὰ
3108 2286 3203 2341 καὶ
3232 2285 3287 2338 εί
3308 2285 3453 2348 τινός
3476 2301 3527 2337 τι
3553 2286 3661 2337 seu.

2103 2387 2411 2454 κοφάντησε
2435 2424 2449 2447 ,
2485 2382 2824 2449 τετραπλοῦν
2865 2381 3238 2436 ἀποτίννυσιν.
3279 2377 3582 2431 Αἱνίττεται
3611 2376 3662 2429 δὲ

2100 2478 2191 2532 διὰ
2220 2477 2435 2538 τούτου,
2469 2477 2550 2530 ὅτι
2579 2476 2687 2539 πᾶς
2714 2477 2742 2529 ὁ
2766 2474 2854 2529 διὰ
2890 2473 3177 2544 μετανοίας
3203 2472 3304 2543 τὴν
3338 2471 3578 2525 ἐναντίαν
3603 2471 3661 2539 τῇ

2105 2568 2346 2638 προτέρᾳ
2381 2566 2549 2636 κακίᾳ
2583 2565 2701 2619 ὁδὸν
2745 2563 3072 2635 ἐρχόμενος,
3123 2562 3211 2617 διὰ
3244 2552 3361 2616 τῶν
3402 2560 3662 2630 τεσσάρων

2102 2659 2315 2731 ἀρετῶν
2335 2659 2509 2713 πάντα
2528 2658 2598 2711 τὰ
2621 2658 2886 2728 πρότερον
2910 2656 3298 2727 ἁμαρτηθέντα
3327 2654 3554 2721 ὲξιᾶται,
3583 2653 3664 2705 καὶ

2104 2751 2278 2816 οὕτως
2322 2751 2592 2823 λαμϐάνει
2622 2752 2721 2823 τὴν
2767 2752 3079 2823 σωτηρίαν,
3128 2749 3226 2804 καὶ
3284 2749 3535 2819 Ἀϐραὰμ
3565 2747 3664 2810 υίὸς

2104 2842 2453 2912 ὀνομάζεται,
2483 2842 2559 2905 ὡς
2585 2841 2681 2895 καὶ
2711 2839 2873 2905 αὑτδς
2896 2838 3126 2906 ἐξελθὼν
3152 2840 3218 2893 ὲκ
3239 2838 3341 2909 τῆς
3358 2838 3463 2907 γῆς
3491 2836 3662 2895 αὑτοῦ,

2105 2936 2199 2988 καί
2230 2937 2293 2987 ὲκ
2322 2934 2420 3003 τῆς
2450 2932 2771 3002 συγγενείας
2791 2932 2891 3000 τῆς
2911 2932 3184 3003 προτέρας
3211 2932 3433 2993 κακίας,
3462 2932 3555 2983 καὶ
3574 2927 3667 2993 ἔξω

2104 3027 2198 3082 τοῦ
2230 3029 2379 3080 οἴκου
2413 3027 2506 3080 τοῦ
2540 3024 2746 3095 πατρὸς
2772 3023 2938 3078 αὑτοῦ
2960 3062 2975 3087 ,
3008 3022 3314 3084 τουτέστιν,
3348 3020 3453 3085 ἔξω
3488 3016 3664 3072 ἑαυτοῦ

2107 3117 2372 3187 γεγονὼς,
2402 3119 2498 3172 καὶ
2528 3117 2989 3186 ἀπαρνησάμενος
3018 3113 3229 3168 ἑαυτόν.
3268 3109 3430 3175 Οἶκος
3457 3110 3562 3180 γὰρ
3581 3108 3663 3162 τοῦ

426 3205 628 3274 πατρὸς
668 3206 833 3259 αὑτοῦ
878 3206 972 3260 τοῦ
1017 3206 1263 3262 διαϐόλου
1309 3207 1471 3272 αὐτὸς
1512 3202 1601 3281 ἦν.
1639 3207 1786 3274 Ἐξω
1825 3212 2006 3266 τοίνυν
2042 3210 2240 3266 ἑαυτοῦ
2273 3211 2535 3281 γεγονὼς,
2565 3210 2662 3264 καὶ
2691 3208 3027 3271 ἀλλοιωθεὶς,
3088 3204 3366 3277 σωτηρίας
3428 3203 3665 3273 τυγχάνει

426 3299 566 3354 κατὰ
593 3298 686 3351 τὸν
729 3299 999 3372 Ἀϐραάμ.

498 3389 668 3444 Vens.
706 3391 888 3449 tl-M.
930 3411 949 3444 ι
1002 3392 1137 3459 ιιοο,
1176 3394 1284 3451 illis
1316 3396 1696 3460 audientibus,
1738 3386 2003 3467 adjiciens
2033 3402 2078 3465 c

430 3483 560 3537 dicit
600 3484 946 3552 parabolam,
992 3500 1057 3540 eo
1089 3488 1231 3555 quod
1281 3497 1426 3544 esset
1477 3503 1645 3559 prope
1692 3488 2003 3564 llierosoly~

432 3588 573 3628 mam
596 3614 611 3638 ,
644 3576 894 3645 quodque
931 3576 1304 3632 existimarent
1338 3579 1453 3636 fore
1491 3591 1548 3635 ut
1596 3582 1880 3637 confestim
1917 3599 2003 3639 re-

429 3682 596 3735 gnum
620 3666 714 3721 Dei
743 3668 1203 3727 manifestaretur.
1225 3669 1371 3726 Dixit
1391 3688 1520 3745 ergo
1546 3689 1562 3728 :
1590 3674 1761 3729 Homo
1785 3676 2000 3744 quidam

430 3773 726 3827 generosus
746 3760 1022 3827 prolectus
1048 3770 1132 3817 est
1157 3763 1211 3817 in
1235 3764 1515 3834 regionem
1546 3765 1920 3837 longinquam,
1945 3776 2004 3823 ut

430 3850 699 3920 acciperet
722 3852 823 3907 sibi
860 3868 1104 3923 regnum,
1136 3870 1200 3910 ac
1229 3866 1613 3913 reverteretur.
1650 3856 1870 3914 Vocatis
1902 3873 2002 3912 au-

432 3954 539 3998 tem
569 3944 754 3999 decem
784 3946 954 4001 servis
983 3947 1117 4013 suis,
1142 3948 1287 4002 dedit
1308 3948 1388 4003 eis
1407 3950 1593 4005 decem
1618 3952 1814 4017 minas,
1847 3959 1903 4006 et
1929 3951 2006 4006 ait

432 4035 498 4088 ad
537 4035 698 4089 illos:
729 4033 1085 4105 Negotiemini
1133 4037 1306 4092 donec
1351 4039 1582 4093 veniam.
1630 4038 1787 4094 Cives
1821 4047 2000 4094 autem

432 4126 548 4192 ejus
581 4130 805 4181 oderant
853 4143 1009 4195 eum,
1067 4130 1437 4201 miseruntque
1502 4131 1828 4201 legationem
1883 4142 2005 4200 post

435 4219 618 4282 illum,
667 4219 911 4274 dicentes
958 4236 976 4274 :
1025 4218 1288 4278 Nolumus
1351 4222 1498 4277 hunc
1555 4239 1785 4294 regnare
1839 4239 2004 4294 super

434 4325 559 4365 nos.
607 4329 627 4362 ι
680 4309 903 4367 Videtur
955 4313 1083 4368 mihi
1124 4317 1266 4385 quod
1306 4316 1555 4373 homines
1601 4317 1674 4371 illi
1718 4316 2002 4372 audientes

436 4416 660 4471 regnum
704 4402 818 4470 Dei,
855 4405 981 4460 illud
1022 4407 1439 4476 suspicabantur
1478 4400 1935 4478 temporalc'esse
1971 4424 2000 4463 a

434 4493 542 4546 Deo
574 4493 761 4548 datum
809 4496 862 4550 in
923 4495 1224 4552 libertatem
1279 4499 1531 4554 Hebraici
1581 4501 1797 4570 generis
1852 4518 1865 4553 :
1923 4502 2005 4553 inl-

432 4583 582 4636 cireo
631 4592 686 4638 et
739 4586 1161 4652 suspicabantur
1213 4590 1355 4658 quod
1407 4588 1565 4646 Jesus
1599 4592 1900 4647 ascendens
1951 4593 2001 4647 in

431 4673 752 4741 Jerusalem,
804 4676 966 4749 M5
1014 4689 1328 4750 sumpturus
1375 4693 1523 4739 esset
1576 4683 1678 4738 hoc
1752 4699 2002 4755 regnum.

2197 3412 2214 3446 t
2258 3392 2598 3447 Ἀκουόντων
2621 3392 2678 3445 δὲ
2708 3390 2889 3445 αὑτῶν
2921 3386 3114 3453 ταῦτα,
3150 3384 3410 3457 προσθεὶς
3440 3378 3555 3437 εἷπε
3582 3394 3666 3435 πα·

2113 3488 2369 3562 ραϐολὴν,
2404 3485 2494 3539 διὰ
2523 3485 2583 3538 τὸ
2613 3484 2780 3553 ἐγγὺς
2809 3481 2972 3537 αὑτὸν
3001 3476 3142 3533 εἶναι
3183 3477 3554 3548 Ἰερουσαλὴμ,
3582 3474 3665 3527 καὶ

2109 3582 2288 3634 δοκεῖν
2316 3579 2535 3642 αὐτοὺς,
2567 3576 2648 3629 ὅτι
2676 3572 3025 3646 παραχρῆμα
3055 3571 3238 3641 μέλλει
3264 3572 3295 3639 ἡ
3322 3567 3563 3640 βασιλεία
3583 3564 3662 3619 τοῦ

2109 3672 2244 3726 Θεοῦ
2261 3669 2674 3740 ἀναφαίνεσθαι.
2695 3663 2860 3720 Εἶπεν
2884 3666 2996 3720 οὑν·
3019 3664 3340 3734 ’Ἄνθρωπός
3357 3679 3441 3725 τις
3460 3659 3664 3729 εὐγενὴς

2109 3764 2381 3835 ἐπορεύθη
2405 3764 2482 3825 είς
2513 3765 2697 3833 χώραν
2720 3759 2962 3829 μακρὰν,
2985 3757 3169 3811 λαϐεῖν
3188 3754 3368 3824 ἑαυτῷ
3389 3752 3662 3824 βασιλείαν,

2109 3856 2205 3911 καὶ¹
2254 3854 2632 3924 ὑποστρέψαι,
2668 3851 2906 3914 καλέσας
2939 3849 2997 3903 δὲ
3033 3847 3166 3902 δέκα
3192 3846 3414 3909 δούλους
3445 3843 3626 3898 ἑαυτοῦ
3647 3884 3662 3908 ,

2109 3948 2310 4002 ἔδωκεν
2353 3946 2538 4009 αὐτοῖς
2578 3943 2712 3997 δέκα
2742 3943 2881 4014 μνᾶς
2904 3983 2918 4008 ,
2951 3941 3046 3995 καὶ
3080 3935 3234 3994 εἶπεν
3285 3939 3423 4010 πρὸς
3452 3938 3661 4001 αὑτοὶις,

2116 4033 2646 4107 Πραγματεύσασθε,
2677 4034 2780 4095 ἕως
2811 4032 3063 4104 ἔρχομαι.
3090 4031 3153 4083 Oi
3179 4029 3238 4084 δὲ
3268 4029 3493 4082 πολῖται
3520 4023 3662 4080 αὑτοῦ

2110 4128 2335 4197 ἐμίσουν
2353 4127 2537 4192 αὑτὸν,
2556 4125 2653 4180 καὶ⁸
2673 4123 3000 4180 ἀπέστειλαν
3015 4121 3312 4193 πρεσϐείαν
3330 4120 3505 4174 ὀπίσω
3523 4116 3664 4172 αὑτοῦ

2108 4220 2383 4289 λέγοντες,
2417 4219 2492 4272 Οὑ
2524 4218 2751 4287 θέλομεν
2787 4214 2975 4270 τοῦτον
3004 4214 3318 4285 βασιλεῦσαι
3347 4213 3433 4282 ἐφ’
3462 4213 3618 4285 ημᾶς.
3645 4230 3661 4263 ι

2110 4316 2268 4368 Δοκεί
2313 4329 2423 4382 μοι,
2465 4314 2547 4365 ὅτι
2584 4312 2635 4363 οί
2677 4310 2956 4380 ἄνθρωποι
2994 4302 3142 4362 οὑτοι
3195 4306 3490 4368 ἀκούοντες
3532 4305 3664 4375 βασι-

2109 4408 2259 4461 λείαν
2308 4403 2463 4469 Θεοῦ,
2522 4402 2786 4473 αἰσθητὴν
2834 4400 3040 4469 ταύτην
3092 4398 3480 4468 ὑπελάμϐανον
3540 4393 3669 4466 παρὶι

2114 4498 2252 4553 Θεοῦ
2290 4496 2671 4566 εύδοκηθεῖσαν
2702 4495 2795 4549 ἐπὶ
2817 4493 3102 4565 ἐλευθερίᾳ
3156 4492 3251 4546 τοῦ
3293 4490 3575 4562 Ἑϐραῖκοῦ
3594 4489 3670 4556 γέ-

2110 4590 2352 4655 νους,διὸ
2379 4589 2475 4642 καὶ
2503 4587 2788 4653 ὑπενόουν,
2807 4587 2889 4641 ὅτι
2918 4588 2947 4640 ό
2981 4582 3191 4655 Ἰησοῦς
3215 4582 3579 4655 ἀνερχόμενος
3603 4581 3669 4641 εἰς

2122 4683 2499 4754 Ἰερουσαλὴμ,
2536 4680 2766 4751 λήψεται
2810 4678 3017 4748 ταύτην
3045 4677 3144 4747 τὴν
3182 4674 3481 4745 βασιλείαν.
3524 4673 3579 4725 Ὀ
3616 4670 3665 4723 δὲ

434 4766 695 4821 Dominus
719 4777 900 4823 autem
942 4780 1207 4826 monstrat
1234 4775 1315 4829 eis
1345 4776 1487 4843 quod
1523 4776 1826 4846 insipientia
1861 4795 2002 4847 qua!-

2114 4778 2319 4854 Κύριος
2363 4774 2627 4829 δεικνύων
2697 4773 2902 4836 αὑτοῖς,
2962 4770 3044 4824 ὃτι
3110 4767 3316 4839 ἀνόητὰ
3374 4784 3497 4820 τινα
3541 4763 3671 4831 λογίο

433 4855 561 4910 dum
604 4858 810 4922 dicant,
839 4874 945 4913 non
980 4859 1123 4915 enim
1152 4864 1447 4932 temporale
1480 4879 1704 4936 regnum
1737 4867 1885 4936 ejus;
1930 4868 2013 4921 in-

438 4960 582 5003 terea
630 4958 686 5005 et
725 4950 828 5008 hoc
870 4951 1133 5021 declarat,
1177 4954 1322 5025 quod
1358 4963 1417 5012 ut.
1460 4954 1602 5012 Deus
1657 4958 2015 5028 cogitationes

436 5056 623 5095 eorum
674 5043 853 5100 sciat:
911 5048 1054 5102 unde
1103 5056 1160 5104 et
1219 5050 1359 5104 hanc
1403 5050 1716 5121 parabolam
1756 5052 1913 5119 dicit,
1961 5061 2018 5107 et

440 5134 713 5191 hominem
744 5153 1067 5206 generosum
1097 5157 1157 5197 se
1184 5141 1497 5199 introducit.
1531 5142 1663 5198 Nam
1695 5143 1821 5200 licet
1852 5145 2016 5200 homo

442 5225 628 5293 fuerit,
672 5232 866 5286 mansit
899 5242 1080 5290 tamen
1132 5234 1184 5288 in
1224 5233 1440 5307 lastigio
1487 5245 1544 5293 et
1586 5236 1869 5293 nobilitate
1903 5236 2020 5291 dei.

444 5320 597 5373 tatis.
648 5319 898 5379 Perfecto
935 5337 1115 5380 autent
1168 5332 1427 5399 mysterio
1479 5327 1903 5397 dispensationis
1964 5330 2017 5384 in

439 5425 629 5479 carne,
654 5413 709 5467 in
744 5415 1015 5483 regionem
1068 5418 1438 5491 longinquam,
1480 5423 1676 5478 ctelum
1705 5422 1850 5487 dico,
1892 5437 2015 5489 pro-

436 5497 621 5558 fectus
659 5511 764 5569 est,
812 5514 871 5559 ut
913 5509 1182 5580 acciperet
1227 5512 1330 5567 sibi
1367 5528 1613 5585 regnum,
1645 5514 1749 5570 hoc
1795 5522 1900 5579 est,
1961 5523 2019 5567 ut

439 5594 594 5666 quasi
640 5605 697 5652 et
746 5599 1042 5656 secundum
1074 5603 1217 5676 quod
1258 5603 1420 5661 homo
1450 5607 1682 5678 _sederet
1726 5606 1780 5663 in
1827 5609 2016 5664 dextra

512 5777 557 5811 "
593 5777 675 5835 iss
731 5796 871 5851 Lm,
913 5781 967 5839 2.

2114 4871 2324 4934 ζονται,
2357 4868 2416 4922 ού
2462 4865 2573 4936 γὰρ
2622 4862 2856 4934 αἰσθητὴ
2890 4864 2923 4932 ἠ
2965 4860 3210 4932 βασιλεία
3249 4859 3420 4915 αὑτοῦ
3444 4872 3461 4886 ⁸
3494 4857 3602 4927 ἅμα
3626 4853 3671 4906 δὲ

2114 4960 2210 5014 κα)⁵
2252 4958 2556 5029 ἐμφαίνων,
2600 4957 2682 5010 ὅτι
2709 4955 2844 5018 Θεὸς
2888 4952 2964 5008 ὢν
3005 4948 3115 5007 οίδε
3146 4951 3271 5016 τοὺς
3309 4948 3669 5019 διαλογισμοὺς

2114 5053 2320 5115 αὑτῶν,
2348 5051 2497 5119 λέγει
2527 5048 2735 5120 ταύτην
2765 5047 2866 5117 τὴν
2901 5045 3242 5118 παραϐολὴν,
3276 5042 3563 5110 ἄνθρωπον
3586 5038 3670 5109 μὲν

2116 5143 2315 5213 εὐγενῆ
2371 5141 2727 5212 παρεισάγων
2784 5138 3001 5193 ἑαυτόν.
3061 5136 3183 5192 Κᾶν
3242 5134 3354 5205 γὰρ
3411 5134 3672 5204 ἄνθρωπος

2115 5235 2358 5304 γέγονεν,
2390 5233 2528 5287 ἀλλὰ
2565 5232 2875 5303 μεμένηκεν
2902 5232 2960 5284 ὲν
3004 5229 3082 5301 τῷ
3110 5227 3278 5297 ,ὑψει,
3305 5227 3403 5281 καὶ
3436 5228 3500 5297 τῇ
3532 5223 3671 5290 εὐγε-

2116 5327 2236 5400 νείᾳ
2292 5327 2391 5396 τῆς
2463 5324 2737 5393 θεότητος,
2797 5321 3152 5393 συμπερανας
3200 5319 3258 5374 δὲ
3301 5318 3365 5372 τὸ
3410 5316 3509 5386 τῆς
3549 5310 3667 5384 pisi

2119 5418 2327 5492 σαρκὸς
2381 5417 2695 5487 οἰκονομίας
2752 5416 3073 5488 μυστήριον,
3111 5414 3192 5476 είς
3233 5410 3420 5483 χώραν
3459 5405 3665 5479 μακρὰν.

2114 5511 2208 5565 τὸν
2234 5508 2486 5581 οὐρανὸν,
2524 5511 2692 5580 φημι,
2742 5506 3208 5577 ἀναπεφοίτηκεν,
3233 5503 3309 5566 ὡς
3333 5504 3401 5558 ἂν
3424 5500 3554 5573 λάϐῃ
3579 5497 3665 5568 βα-

2119 5606 2330 5661 σιλείαν
2360 5603 2563 5676 ἐαυτῷ,
2587 5603 2888 5671 τουτέστιν,
2919 5602 2994 5666 ὡς
3023 5601 3089 5656 ἂν
3118 5604 3212 5656 καὶ
3239 5598 3377 5653 καθὸ
3404 5595 3661 5665 ἄνθρωπος
