3932 6456
202 388 336 454 1023

895 383 1336 445 ENARRATIO
1371 385 1453 446 IN
1490 383 1994 449 EVANGELIUM
2032 385 2273 447 LUCIE.
2309 409 2381 423 -
2417 384 2579 449 CAP.
2611 385 2774 449 XIX.
2869 414 2885 424 ε

3312 380 3451 446 1026

193 498 413 555 καθίσει
445 495 503 549 ὲν
556 492 708 566 δεξιᾷ
748 491 841 547 τοῦ
880 492 1071 565 θρόνου
1120 494 1219 564 τῆς
1262 494 1656 567 μεγαλωσύνης
1711 496 1770 548 ἐν

1884 496 2057 551 throni
2084 495 2506 566 magniﬁcentiae
2532 498 2585 550 iu
2621 493 2854 551 excelsis
2871 508 2992 551 cum
3019 507 3206 550 carne.
3242 492 3452 548 Etenim

194 586 427 661 ὑψηλοῖς
471 589 609 658 μετά
640 587 863 657 σαρκός.
911 586 998 647 Ὠς
1028 586 1126 656 μὲν
1175 584 1285 657 γὰρ
1327 586 1480 650 Θεὸς,
1516 587 1604 641 ἀεὶ
1646 603 1771 639 συν.

191 680 459 754 ιδριάζων
483 675 551 751 ἦν
585 678 663 750 τῷ
689 679 886 749 Πατρὶ,
911 678 984 741 ὡς
1013 678 1070 732 δὲ
1108 678 1392 750 ἄνθρωπος
1420 678 1538 732 τότε
1585 678 1769 733 ἐκάθι-

195 790 309 838 σεν,
345 772 475 826 ὅταν
524 769 798 843 ἀνελήφθη
845 770 1177 841 περιμένων,
1209 770 1318 834 ἕως
1347 763 1408 825 οὗ
1442 770 1675 825 τεθῶσιν
1722 769 1771 823 oi

189 864 381 936 ἐχθροὶ
419 863 524 916 ὑπὸ
552 864 678 925 τοὺς
715 862 881 926 πόδας
917 860 1106 916 αὑτοῦ.
1151 861 1324 916 Τοῦτο
1351 862 1407 915 δὲ
1436 862 1588 917 ἔσται
1620 864 1677 917 ἐν
1706 867 1771 935 τῇ

193 956 502 1028 συντελείᾳ,
536 956 625 1008 ὅτε
654 952 724 1007 τά
764 953 943 1006 πάντα
977 953 1071 1006 καὶ
1123 953 1327 1007 ἄκοντα
1360 954 1772 1025 ὑποταγήσεται

188 1049 346 1119 αὐτῷ
394 1046 785 1110 πιστεύσαντα,
816 1047 896 1098 ὅτι
926 1045 1131 1117 Κύριος
1187 1045 1396 1114 Ἰησοῦς
1427 1046 1663 1117 Χριστὸς
1693 1048 1774 1111 είς

190 1140 352 1205 δόξαν
382 1137 518 1192 Θεοῦ
573 1136 809 1209 Πατρός.
849 1136 1069 1190 Πολῖται
1099 1136 1154 1189 δὲ
1185 1136 1350 1190 αὐτοῦ
1382 1138 1521 1190 εἰσιν
1559 1140 1606 1192 oi
1637 1140 1773 1193 ’1ου-

189 1233 334 1286 δαΐσι
385 1230 672 1301 μισοῦντες
716 1229 905 1287 αὐτόν.
948 1229 1259 1300 Ἑωράκασι
1288 1229 1418 1300 γὰρ,
1451 1231 1638 1300 φησιν,
1679 1232 1774 1285 καὶ

193 1325 540 1394 μεμισήκασι
580 1321 676 1375 καὶ
704 1322 824 1391 ἐμὲ,
874 1320 969 1374 καὶ
1012 1322 1103 1374 τὸν
1145 1321 1364 1392 Πατέρα
1422 1340 1545 1392 μου,
1577 1324 1626 1377 οἳ
1676 1325 1775 1379 οὐκ

190 1416 470 1485 ἠθέλησαν
500 1413 661 1467 αὑτὸν
694 1412 783 1466 ἐπ’
814 1411 1012 1474 αὐτοὺς
1037 1411 1381 1479 βασιλεῦσαι.
1419 1415 1509 1466 Διὸ
1539 1416 1633 1470 καὶ
1662 1416 1774 1468 ἕλε-

201 1526 302 1578 γον
336 1508 471 1579 πρὸς
500 1505 736 1560 Πιλάτον
771 1502 1098 1576 ἀρνούμενοι
1127 1504 1225 1574 τὴν
1252 1504 1531 1575 βασιλείαν
1561 1506 1728 1560 αὑτοῦ
1756 1522 1772 1537 ⁶

195 1622 214 1653 ι
236 1601 353 1653 Οὐκ
382 1598 577 1669 ἔχομεν
594 1597 815 1667 βασιλέα
834 1614 881 1647 ἰ
903 1596 995 1649 καὶ
1018 1596 1205 1649 πάλιν·
1230 1616 1249 1648 ‹
1269 1597 1358 1669 Μὴ
1380 1597 1578 1670 γράφε,
1595 1599 1655 1651 '0
1678 1598 1775 1668 βα.

193 1693 380 1757 σιλεὺς
405 1693 512 1746 τῶν
530 1690 818 1745 Ἰουδαίων.
848 1712 868 1740 ι
894 1689 1084 1743 Καίτοι
1108 1691 1383 1761 Ζαχαρίας
1416 1691 1533 1761 βοᾷο
1553 1712 1570 1742 ι
1602 1692 1775 1762 Χαῖρε

1875 587 2014 641 sicut
2036 585 2202 649 Deus.
2223 600 2440 655 semper
2465 586 2756 640 considens
2779 585 2882 640 fuit
2906 584 3049 639 Patri
3077 602 3090 637 :
3125 586 3267 639 sicut
3293 582 3456 639 homo

1877 687 2058 734 autem
2096 690 2222 733 tunc
2271 680 2432 745 sedit,
2466 678 2682 747 quando
2736 688 3046 749 assumptus
3094 687 3200 743 est,
3243 691 3458 747 perma-

1877 786 2012 828 nens
2062 774 2239 840 douec
2266 782 2537 841 ponantur
2582 771 2784 825 inimici
2818 771 2933 841 ejus
2962 770 3065 826 sub
3109 771 3273 841 pedes
3315 771 3455 841 ejus.

1876 866 1990 925 lloc
2037 878 2216 923 autem
2276 868 2379 923 erit
2433 867 2486 920 in
2541 866 3030 932 consummatione,
3096 868 3314 937 quando
3341 882 3458 922 om-

1875 959 1963 1014 nia
2021 959 2186 1013 etiam
2221 974 2342 1019 una:
2388 957 2598 1024 nolunt,
2655 957 3013 1026 subjicieutur
3053 958 3145 1024 ei,
3179 960 3457 1015 crcdeutia

1875 1048 2021 1118 quod
2060 1048 2317 1103 Dominus
2352 1046 2508 1103 Jesus
2540 1048 2792 1102 Christus
2825 1048 2876 1101 in
2925 1048 3093 1118 gloria
3138 1047 3230 1102 Dei
3254 1048 3454 1106 Patris.

1874 1139 2032 1194 Cives
2063 1150 2243 1195 autem
2288 1140 2407 1211 ejus
2441 1152 2566 1194 sunt
2604 1139 2800 1203 Judaei.
2832 1140 2954 1194 odio
2998 1140 3257 1196 habentes
3284 1140 3456 1197 illum.

1882 1230 2147 1301 Viderunt
2180 1233 2343 1294 enim.
2381 1232 2577 1302 inquit,
2608 1241 2661 1286 et
2688 1233 2815 1286 odio
2852 1232 3157 1286 habuerunt
3182 1242 3238 1286 et
3265 1247 3372 1299 me,
3403 1240 3459 1287 et

1876 1324 2087 1379 Patrem
2148 1340 2350 1390 meum,
2400 1335 2455 1379 et
2510 1324 2802 1378 noluerunt
2859 1339 2984 1377 eum
3043 1339 3206 1394 super
3253 1338 3312 1378 se
3360 1338 3461 1379 re-

1876 1433 2076 1489 gnare:
2144 1418 2284 1474 unde
2330 1427 2387 1473 et
2451 1417 2706 1472 dicebant
2769 1415 2839 1471 ad
2885 1416 3140 1485 Pilatum,
3196 1430 3460 1484 negantes

1877 1525 2099 1581 regnum
2131 1511 2247 1580 ejus
2276 1527 2289 1563 :
2331 1528 2349 1561 ι
2379 1510 2498 1563 Νοη
2546 1509 2806 1563 habemus
2831 1522 3011 1579 regem
3037 1525 3052 1574 ;
3086 1527 3104 1560 ι
3131 1519 3183 1562 et
3214 1508 3410 1562 iterum
3440 1523 3456 1563 :

1883 1623 1901 1654 ‹
1939 1601 2016 1658 Ne
2057 1602 2295 1667 scribas,
2336 1600 2448 1656 Rex
2495 1600 2826 1657 Judmorum.
2874 1620 2894 1653 ι
2948 1600 3206 1668 Quamvis
3254 1599 3465 1655 Zacha-

1879 1692 1985 1746 r'ias
2024 1692 2167 1746 dicat
2198 1709 2211 1745 :
2246 1710 2266 1743 ιι
2288 1690 2475 1746 Gaude
2508 1692 2683 1757 valde,
2715 1692 2821 1745 lilia
2870 1691 3169 1761 Sion,quia
3204 1706 3295 1746 rex
3337 1702 3463 1746 tuus

194 1786 430 1856 σφόδρα,
449 1783 685 1854 θύγατερ
716 1780 877 1846 Σιὼν,
915 1782 997 1835 ὅτι
1024 1781 1287 1845 Βασιλεύς
1318 1800 1409 1835 σου
1450 1783 1666 1853 ἔρχεταί
1695 1801 1775 1837 σοι

1884 1782 2056 1837 veniet
2097 1783 2190 1837 tibi
2247 1782 2425 1852 justus
2484 1792 2540 1837 et
2576 1783 2793 1837 salvans
2831 1782 2877 1815 "
2919 1798 2935 1849 ;
2969 1801 2988 1834 ι
3035 1791 3197 1852 atque
3254 1782 3457 1836 Isaias:

114 1920 119 1923 -
190 1879 423 1941 δίκαιος,
443 1876 536 1932 καὶ
568 1875 807 1940 σώζωνσι
844 1873 938 1929 καὶ
966 1876 1245 1938 Ἠσαῖαςί
1270 1876 1399 1931 Ἰδοὺ
1428 1877 1490 1946 δὴ
1522 1877 1775 1947 βασιλεὺς

1887 1894 1904 1927 ι
1931 1874 2067 1928 Ecce
2090 1891 2179 1929 rex
2200 1875 2380 1945 justus
2403 1875 2646 1944 regnabit
2671 1892 2717 1940 ς»
2748 1876 2965 1946 insuper
2985 1888 3038 1930 et
3072 1873 3234 1929 David
3259 1892 3310 1929 ιι
3350 1873 3464 1945 Ego

190 1971 402 2033 δίκαιος
433 1968 795 2038 βασιλεύσει·»
823 1968 916 2019 καὶ
948 1967 1159 2026 Δαυίδ,‹
1184 1965 1324 2035 Ἐγὼ
1348 1967 1402 2021 δὲ
1436 1968 1772 2039 κατεστάθην

197 2061 456 2132 βασιλεὺς
482 2061 583 2113 ύπ⁹ι
614 2058 802 2115 αὐτοῦ.
835 2078 853 2110 ι
885 2060 949 2112 Ol
983 2066 1081 2129 μεν
1112 2054 1205 2113 οὖν
1227 2060 1470 2113 Ἰουδαῖοι
1504 2060 1773 2131 ἐμίσησαν

194 2156 290 2209 τὸν
323 2152 552 2224 Κύριον,
594 2155 622 2206 ὁ
649 2152 707 2206 δὲ
744 2154 853 2215 τοῖς
887 2152 1096 2215 δούλοις
1138 2153 1310 2207 αὐτοῦ
1339 2152 1470 2207 δέκα
1516 2155 1656 2223 μνᾶς
1685 2154 1773 2206 δέ-

194 2246 362 2300 δωκε.
391 2244 577 2298 Δοῦλοι
602 2244 658 2297 δὲ
689 2242 855 2297 αὐτοῦ
890 2244 939 2297 οἱ
971 2245 1029 2297 ἐν
1057 2247 1123 2315 τῇ
1166 2244 1467 2316 Ἐκκλησία
1497 2246 1775 2310 διακονίας

198 2336 654 2408 πεπιστευμένοι,
684 2334 817 2389 δέκα
844 2336 1130 2406 λεγόμενοι
1172 2330 1336 2402 εἶναι,
1368 2335 1456 2389 διά
1485 2337 1544 2388 τὸ
1570 2337 1776 2390 τέλειον

198 2428 303 2498 τῆς
337 2427 795 2500 ἐκκλησιαστικῆς
826 2426 1186 2498 προστασίας.
1231 2426 1295 2479 Ἥ
1335 2427 1444 2499 γὰρ
1476 2430 1532 2479 ἐν
1561 2429 1626 2496 τῇ
1659 2427 1777 2480 Ἑκ-

197 2513 403 2586 κλησίᾳ
451 2513 601 2578 τάξις
653 2514 862 2568 τελείαν
920 2513 1031 2584 ἔχει
1082 2514 1179 2584 τὴν
1246 2515 1356 2569 τῶν
1422 2516 1778 2587 προεστώτων

196 2604 582 2675 διακόσμησιν,
612 2605 705 2659 καὶ
721 2604 845 2658 οὔτε
875 2604 1128 2668 πλείονας
1161 2605 1269 2659 ἔδει
1292 2603 1450 2673 εἶναι,
1471 2607 1593 2662 οὔτε
1622 2608 1779 2663 ἐλάτ-

196 2714 384 2760 τονας.
421 2690 570 2765 Οἷον,
593 2695 754 2765 λόγου
786 2697 969 2768 χάριν,
1014 2697 1143 2769 τρία
1177 2698 1348 2752 ταῦτα
1378 2699 1592 2770 ὁρῶμεν
1626 2702 1682 2754 ἐν
1710 2704 1777 2773 τῇ

206 2790 531 2863 Ἐκκλησία,
558 2790 850 2861 κάθαρσιν,
882 2792 1182 2863 φωτισμὸν,
1213 2792 1309 2846 καὶ
1328 2792 1626 2847 τελείωσιν*
1654 2795 1780 2867 τρία

204 2880 305 2935 καὶ
326 2881 398 2934 τά
418 2881 617 2944 ταύτας
645 2882 743 2946 τὰς
770 2883 1050 2953 ἐνεργείας
1074 2882 1477 2955 κληρωσάμενα
1497 2885 1774 2954 τάγματα·

200 2974 254 3027 oi
295 2973 532 3027 διάκονοι
578 2973 903 3046 καθαίρουσι
973 2975 1463 3047 διάικατηχήσεως
1510 2980 1603 3031 καὶ
1634 2978 1780 3032 διδα-

205 3064 458 3132 σκαλίας,
507 3067 556 3118 οί
589 3066 953 3139 πρεσϐύτεροι
1000 3069 1295 3137 φωτίζουσι
1336 3070 1426 3124 διά
1456 3070 1551 3123 τοῦ
1584 3071 1781 3144 βαπτί-

206 3176 435 3256 σματος,
483 3159 534 3256 oi
578 3159 856 3256 ἀρχιερεῖς
907 3160 1001 3256 καὶ
1050 3161 1328 3233 ἱερατικὰς
1376 3163 1560 3230 τάξεις
1626 3165 1781 3220 καθι-
1810 3197 1852 3256 C

205 3251 378 3306 στῶσι
413 3254 507 3306 καὶ
552 3252 934 3317 τελειοῦσιν,,ὄ
985 3256 1121 3316 ἐστι,
1159 3257 1575 3328 χειροτονοῦσιν.
1622 3259 1784 3331 Ὁρᾷς

203 3346 277 3400 τά
313 3344 573 3416 τάγματα
609 3346 747 3417 πρὸς
798 3346 898 3410 τὰς
938 3347 1237 3418 ἐνεργείας,
1282 3350 1377 3402 καὶ
1421 3350 1545 3404 οὕτε
1590 3350 1781 3423 πλείω,

204 3435 334 3491 οὔτε
380 3437 609 3503 ἐλάττω,
667 3440 738 3490 τά
786 3438 896 3492 τῶν
948 3439 1308 3510 προεστώτων
1334 3443 1511 3511 φημί;
1560 3443 1785 3507 Τούτοις

204 3519 302 3578 οὖν
333 3526 448 3589 τοῖς
478 3523 687 3588 δούλοις
730 3518 973 3597 διανέμει
999 3527 1131 3581 δέκα
1170 3532 1329 3598 μνᾶς,
1375 3530 1444 3585 τά
1472 3533 1785 3603 χαρίσματά

205 3632 373 3685 φημι,
408 3613 445 3668 ἃ
472 3616 690 3685 ἑκάστῳ
720 3616 924 3669 δίδοται
952 3616 1087 3690 πρὸς
1115 3617 1175 3670 τὸ
1207 3618 1505 3691 συμφέρον.
1537 3621 1652 3684 Πᾶς
1676 3621 1782 3694 γάρ

202 3711 234 3761 ὀ
262 3707 600 3777 προστασίαν
633 3709 1017 3780 ἐγχειρισθεὶς,
1061 3709 1163 3765 κᾶν
1193 3709 1409 3776 ἀνάξιος
1439 3706 1498 3787 ᾗ,
1536 3714 1783 3785 χάρισμα

202 3802 319 3873 εχει
367 3802 424 3869 ἐξ
474 3803 642 3874 αὐτῆς
676 3805 775 3874 τῆς
824 3805 1079 3877 κρίσεως,
1132 3807 1226 3858 καὶ
1260 3804 1381 3859 ἐστι
1438 3807 1595 3860 τοῦτο
1639 3811 1784 3879 μέγα

200 3896 373 3960 ὅντως
406 3896 504 3967 τῆς
543 3897 637 3950 τοῦ
677 3897 814 3951 Θεοῦ
865 3899 1278 3971 φιλανθρωπίας
1324 3899 1423 3953 καὶ
1465 3901 1779 3973 οἰκονομίας

204 3989 534 4060 μυστήριον.

280 4099 299 4132 ι
340 4081 453 4133 Kal.
499 4080 718 4150 ἐγένετο
772 4081 832 4135 ἐν
873 4083 951 4155 τῷ
978 4083 1297 4137 ἐπανελθεῖν
1340 4083 1504 4137 αὐτὸν
1548 4084 1781 4138 λαϐόντα

198 4178 302 4245 τὴν
346 4170 645 4246 βασιλείαν,
682 4171 803 4228 εἷπε
854 4176 1173 4248 φωνηθῆναι
1211 4178 1361 4249 αὐτῷ
1394 4178 1518 4241 τοὺς
1562 4177 1781 4241 δούλους

198 4267 454 4331 τούτους,
484 4264 562 4328 οἷς
594 4267 759 4321 ἔδωκε
797 4266 859 4320 τὸ
889 4266 1174 4338 ἀργύριον,
1209 4268 1295 4322 ἴνα
1323 4269 1435 4341 γνῷ
1466 4270 1550 4328 τίς
1593 4270 1645 4321 τί
1670 4269 1780 4323 διε-

201 4357 696 4427 πραγματεύσατο.
746 4360 1084 4431 Παρεγένετο
1126 4359 1184 4414 δέ
1228 4362 1256 4414 ὁ
1305 4362 1521 4432 πρῶτος
1568 4360 1776 4429 λέγων’

203 4454 400 4521 Ε’ἰριε,
447 4451 480 4521 ἡ
540 4452 648 4520 μνᾶ
694 4469 787 4503 σου
818 4452 1256 4523 προσειργάσατο
1287 4454 1417 4508 δέκα
1467 4455 1625 4525 μνᾶς.
1669 4453 1780 4507 Kal.

1882 1979 2059 2022 autem
2114 1968 2438 2022 constitutus
2488 1984 2605 2021 sum
2663 1982 2754 2021 rex
2809 1970 2876 2023 ab
2926 1982 3010 2021 eo.
3060 1986 3079 2018 ι
3119 1966 3290 2021 ιιιιιῖείὶ
3328 1981 3463 2021 sane

1882 2060 2010 2114 odio
2061 2058 2368 2114 habuerunt
2408 2058 2718 2113 Dominum.
2772 2058 2943 2113 Porro
2997 2058 3253 2112 Dominus
3306 2057 3461 2113 dedit

1881 2153 2056 2208 Servis
2091 2155 2276 2206 det-em
2326 2153 2522 2206 minas.
2566 2150 2719 2206 Servi
2770 2160 2948 2204 autem
2983 2151 3058 2204 illi
3089 2164 3212 2203 sunt
3243 2151 3296 2204 hi
3337 2150 3460 2219 qui-

1884 2245 1984 2299 bus
2016 2245 2066 2298 in
2102 2244 2341 2299 Ecclesia
2379 2244 2738 2299 ministerium
2786 2243 3157 2297 concreditum
3197 2252 3318 2306 est;
3365 2241 3463 2295 de-

1882 2351 2001 2391 cem
2044 2336 2298 2390 dicuntur
2335 2350 2476 2399 esse.
2522 2344 2742 2404 propter
2771 2334 3160 2404 per-lectionem
3200 2335 3460 2389 ecclesia-

1884 2428 2031 2481 sticae
2063 2428 2435 2496 praesidentia
2457 2425 2603 2482 Ordo
2633 2428 2777 2481 enim
2807 2426 2857 2481 in
2878 2426 3123 2481 Ecclesia
3162 2424 3457 2495 perfectam

1884 2518 2286 2588 prmsideutium
2324 2517 2733 2589 disp0sitionem
2767 2517 2948 2581 habet,
2991 2527 3047 2570 et
3067 2528 3243 2584 neque
3272 2514 3457 2584 plures

1884 2609 2172 2678 oportebat
2198 2623 2339 2675 esse,
2370 2623 2542 2678 neque
2567 2608 2850 2678 pauciores
2878 2625 2893 2662 :
2926 2616 2984 2660 ut
3013 2605 3246 2671 exeutpli
3281 2605 3457 2673 gratia

1887 2716 1924 2759 ιι
1940 2707 1986 2760 ia
2001 2705 2118 2761 hate
2141 2705 2384 2759 videmus
2414 2720 2532 2759 esse
2557 2706 2608 2757 in
2634 2703 2893 2768 Ecclesia,
2919 2701 3311 2773 purgationem,
3337 2700 3462 2752 illu-

1888 2797 2262 2863 n.iuationem,
2314 2806 2372 2850 et
2422 2795 2831 2866 perfectionem.
2884 2792 3240 2865 Operationes
3278 2792 3446 2847 etiam

1886 2889 2028 2953 illas,
2058 2898 2169 2943 tres
2207 2888 2385 2944 sortiti
2414 2896 2542 2943 sunt
2569 2887 2807 2943 ordines.
2849 2886 3068 2941 Diaconi
3104 2893 3334 2956 purgant
3365 2898 3462 2952 per

1885 2979 2302 3035 instructionem
2337 2987 2393 3035 et
2438 2980 2764 3044 doctrinam,
2816 2978 3120 3049 presbyteri
3154 2974 3463 3031 illuminant

1885 3088 1985 3143 per
2009 3071 2363 3143 baptismum,
2394 3072 2632 3144 episcopi
2676 3070 3043 3127 sacerdotales
3071 3068 3290 3124 ordines
3326 3081 3462 3121 con-

1886 3166 2120 3221 stituunt
2168 3174 2224 3221 et
2278 3164 2583 3235 perﬁciunt,
2628 3165 2731 3220 hoc
2792 3172 2898 3229 est,
2967 3162 3243 3219 ordinant.
3294 3157 3461 3213 Vides

1886 3260 2106 3315 ordines
2136 3273 2258 3314 cum
2299 3257 2728 3327 operationibus,
2759 3264 2815 3312 et
2844 3269 3018 3325 neque
3047 3253 3253 3323 plures,
3285 3266 3462 3320 neque

1885 3350 2168 3419 pauciores
2190 3389 2205 3414 ,
2228 3348 2627 3420 praesidentium
2650 3348 2870 3418 inquam
2906 3345 3147 3401 ordines.
3167 3341 3275 3398 Illis
3298 3342 3460 3412 igitur

1884 3442 2059 3497 servis
2089 3440 2370 3495 distribuit
2421 3440 2605 3496 decem
2655 3437 2850 3501 minas,
2887 3436 2987 3491 hoc
3016 3443 3123 3498 est,
3157 3434 3293 3489 dona
3340 3446 3461 3500 quae

1883 3532 2175 3601 unicuique
2229 3529 2355 3585 data
2416 3541 2545 3585 sunt
2603 3528 2660 3584 in
2721 3527 3033 3582 utilitatem.
3078 3524 3269 3579 Omnis
3311 3522 3458 3577 enim

1884 3626 2192 3691 cuicunque
2224 3622 2539 3678 concredita
2586 3631 2671 3676 est
2706 3618 3070 3690 praesidentia,
3100 3616 3266 3672 etiam
3297 3614 3344 3670 si
3377 3614 3463 3669 in-

1883 3718 2078 3788 dignus
2138 3716 2323 3783 fuerit,
2380 3714 2580 3771 dOnum
2656 3713 2819 3769 habet
2886 3726 2951 3767 ex
2994 3710 3274 3765 .unctione
3337 3722 3459 3773 sua,

1885 3812 1935 3866 id
1973 3811 2112 3880 quod
2152 3825 2411 3882 magnum
2456 3808 2653 3863 divinas
2715 3804 3098 3861 misericordia
3140 3815 3458 3859 sacratnen-

1882 3912 1997 3959 tum
2035 3914 2139 3959 est.

1954 4078 2123 4134 Vsus.
2172 4076 2350 4133 l5-28.
2390 4094 2409 4129 ι
2449 4076 2515 4131 Ει
2544 4074 2756 4139 ,[εοιυιιι
2788 4081 2872 4129 est
2922 4080 2980 4126 ut
3028 4069 3249 4132 rediret,
3299 4080 3460 4122 sece-

1881 4182 1975 4243 pto
2007 4186 2192 4240 regno,
2225 4170 2480 4239 misitque
2501 4180 2699 4223 vocare
2736 4178 2923 4220 servos
2962 4162 3081 4217 illos
3119 4161 3185 4214 ad
3220 4173 3299 4223 se,
3333 4157 3459 4228 qui-

1880 4266 1982 4319 bus
2023 4262 2248 4319 dederat
2288 4260 2594 4332 pecuuiam,
2631 4267 2690 4313 ut
2733 4257 2898 4314 sciret
2929 4262 3188 4324 quantum
3227 4248 3460 4321 quisque

1881 4356 2191 4426 negotiatus
2233 4361 2397 4408 esset.
2435 4350 2598 4407 Venit
2636 4358 2817 4405 autem
2852 4347 3058 4418 primus
3093 4344 3317 4397 dicens:
3356 4341 3461 4395 Do-

1880 4448 2046 4513 mine,
2078 4446 2225 4501 mina
2261 4455 2351 4498 tua
2383 4444 2570 4499 decem
2595 4443 2773 4498 minas
2803 4437 3112 4509 acquisivit.
3140 4434 3205 4487 Et
3228 4434 3304 4488 ait
3340 4432 3414 4486 illi
3441 4450 3456 4486 :

200 4539 361 4595 εἶπεν
392 4543 542 4614 αὐτῷ
560 4560 576 4573 ο
602 4543 701 4607 Εὖ,
721 4542 873 4596 δοῦλε
898 4544 1088 4612 άγαθέ,
1119 4546 1200 4599 ὅτι
1222 4547 1278 4599 ἐν
1303 4546 1571 4616 ἐλαχίστῳ
1591 4546 1777 4608 πιστὸς

1884 4539 2055 4610 Euge,
2089 4537 2257 4610 446
2302 4536 2443 4592 bone
2498 4549 2695 4591 serve:
2746 4531 2870 4601 quia
2925 4531 2976 4583 in
3036 4527 3261 4583 minimo
3312 4521 3461 4578 fuisti

200 4633 415 4700 ἐγένου,
449 4633 560 4687 ῐσθι
596 4632 843 4699 ἐξουσίαν
875 4633 1013 4704 ἔχων
1036 4634 1221 4688 ἐπάνω
1248 4631 1382 4688 δέκα
1408 4635 1636 4689 πόλεων.
1668 4635 1777 4689 Kal.

1887 4631 2084 4696 ﬁdelis,
2119 4631 2317 4685 habeto
2339 4635 2661 4699 potestatem
2695 4639 2855 4693 super
2876 4623 3063 4677 decem
3092 4620 3361 4704 civitates.
3392 4612 3461 4669 Et

200 4721 413 4797 ἦλθενό
442 4724 693 4796 δεύτερος
722 4725 894 4794 λέγων
914 4742 928 4756 ο
982 4726 1175 4798 Κύριε,
1206 4728 1238 4798 ἠ
1278 4729 1388 4798 μνᾶ
1428 4746 1524 4781 σου
1558 4728 1782 4796 ἐποίησε

201 4818 370 4871 πέντε
427 4816 587 4887 μνᾶς.
648 4811 785 4870 Eine
832 4818 890 4871 δὲ
950 4818 1046 4872 καὶ
1094 4819 1303 4889 τούτῳ·
1355 4820 1466 4873 Καὶ
1513 4818 1577 4872 σὺ
1626 4819 1779 4888 γίνου

203 4909 395 4964 ἐπάνω
425 4909 587 4963 πέντε
620 4910 850 4963 πόλεων.
880 4911 987 4963 Καὶ
1018 4910 1204 4982 ἔτερος
1243 4906 1373 4980 ἦλθε
1406 4912 1580 4980 λέγων
1612 4926 1626 4942 ’
1662 4910 1781 4965 Κύ-

203 5019 315 5075 ριε,
349 5001 458 5056 ίδοῦ
486 5003 520 5070 ἡ
554 5004 660 5074 μνᾶ
706 5020 822 5067 σου,
855 5003 922 5074 ην
951 4998 1097 5074 εἶχον
1138 5002 1508 5074 ἀποκειμένην
1552 5004 1609 5055 ἐν
1658 5020 1784 5056 σου-

203 5092 399 5165 δαρίῳ·
434 5094 748 5166 ἐφοϐούμην
769 5095 877 5168 γάρ
896 5112 977 5158 σε,
996 5096 1080 5150 ὃτι
1101 5094 1386 5164 ἄνθρωπος
1413 5093 1685 5164 αὐστηρὸς
1710 5090 1780 5157 εἷ,

202 5184 386 5255 αἴρεις
434 5183 464 5237 ὃ
496 5185 595 5237 οὐκ
626 5185 851 5257 ἐθηκας,
885 5187 980 5241 καὶ
1031 5185 1267 5258 θερίζεις
1295 5185 1323 5238 ὃ
1366 5186 1467 5238 οὐκ
1499 5185 1778 5256 ἔσπειρας.

203 5277 372 5346 Λέγει
399 5275 458 5330 δέ
484 5276 632 5347 αὐτῷ
655 5295 670 5311 ο
715 5279 811 5332 Ἐκ
836 5279 932 5333 τοῦ
966 5280 1234 5351 στόματός
1258 5296 1351 5332 σου
1384 5277 1554 5350 κρινῶ
1579 5295 1658 5342 σε,
1688 5296 1782 5331 πο-

203 5371 341 5441 νηρέ
365 5370 539 5426 δοῦλε.
570 5371 778 5443 "ﬂiam,
803 5371 887 5425 ὅτι
918 5370 1028 5442 ἐγὼ
1045 5371 1328 5444 ἄνθρωπος
1354 5370 1622 5441 αὐστηρός
1644 5372 1779 5441 εἰμι,

204 5466 381 5536 αἴρων
404 5463 433 5518 δ
462 5464 564 5517 οὐκ
602 5464 792 5535 ἔθηκα,
831 5465 927 5518 καὶ
956 5464 1188 5536 θερίζων
1213 5463 1241 5517 ὅ
1273 5463 1373 5517 οὐκ
1406 5462 1657 5533 ἔσπειρα,
1687 5460 1781 5515 καὶ

203 5557 297 5614 sta
324 5557 380 5610 τί
418 5556 520 5611 οὐκ
564 5556 772 5621 ἔδωκας
817 5558 880 5610 τὸ
917 5557 1181 5629 ἀργύριόν
1217 5574 1319 5628 μου
1353 5558 1445 5609 ἐπὶ
1478 5554 1779 5626 τράπεζαν,

202 5651 303 5706 καὶ
334 5647 448 5718 ἐγὼ
471 5646 661 5716 ἐλθὼν,
686 5649 785 5704 σὺν
808 5649 1047 5721 τόκῳιᾶν
1081 5647 1291 5721 ἔπραξα
1327 5646 1490 5714 atad;
1520 5645 1630 5701 Kal.
1668 5646 1781 5709 τοῖς

280 5828 328 5862 θ’
359 5828 499 5886 Ρεει.
525 5845 584 5896 ιι,
622 5831 706 5886 18.

1886 4720 2025 4776 alter
2073 4722 2219 4776 venit
2269 4720 2494 4775 dicens:
2556 4716 2804 4775 Domine,
2864 4711 3011 4768 mina
3077 4717 3166 4762 tua
3222 4703 3460 4761 coniecit

1887 4812 2127 4884 quinque
2161 4812 2356 4867 minas.
2391 4809 2458 4866 Et
2502 4808 2629 4863 huic
2674 4806 2787 4860 ait:
2831 4803 2896 4857 Et
2926 4812 2979 4858 tu
3009 4800 3299 4871 praefectus
3338 4805 3457 4848 esm

1886 4904 2124 4974 quinque
2152 4901 2480 4958 civitatibus.
2516 4898 2583 4952 Et
2604 4897 2743 4951 alius
2769 4894 2915 4949 venit
2942 4892 3168 4948 dicens:
3209 4886 3455 4948 Domine,

1885 5011 2014 5051 ecce
2050 4994 2323 5063 minatua
2358 5007 2521 5063 quam
2562 4990 2724 5046 habui
2765 4985 3058 5056 repositam
3108 4985 3164 5036 in
3199 4976 3454 5034 sudario:

1883 5086 2035 5141 timui
2091 5062 2234 5140 enim
2289 5062 2555 5152 te,7quod
2612 5084 2772 5136 homo
2830 5085 3085 5132 austeros
3143 5071 3263 5127 sis:
3311 5068 3457 5124 tollis

1884 5179 2029 5248 quod
2082 5192 2185 5232 non
2215 5176 2468 5247 posuisti,
2511 5182 2567 5230 et
2617 5173 2776 5227 metis
2814 5169 2955 5239 quod
3002 5183 3107 5222 non
3151 5161 3454 5219 seminasti.

1887 5269 2027 5324 Dicit
2080 5270 2175 5323 ei:
2236 5268 2307 5321 De
2352 5280 2449 5321 ore
2518 5274 2610 5321 tuo
2655 5270 2708 5319 te
2755 5260 3032 5329 judicabo,
3083 5270 3239 5313 serve
3296 5251 3454 5306 male.

1886 5363 2110 5420 Sciebas
2136 5359 2280 5431 quod
2308 5376 2408 5430 ego
2445 5358 2607 5413 homo
2643 5365 2897 5412 austeros
2935 5354 3061 5420 sim,
3091 5349 3285 5407 tollens
3311 5346 3454 5418 quod

1889 5473 1992 5512 non
2061 5454 2236 5525 ῃυειιῑ,
2289 5462 2342 5506 et
2403 5461 2612 5505 tnetcns
2664 5450 2811 5521 quod
2869 5460 2977 5502 non
3033 5440 3352 5501 semiuavi:
3400 5445 3456 5493 et

1889 5564 2055 5619 quare
2084 5564 2186 5601 non
2229 5546 2421 5602 dedisti
2456 5542 2739 5615 pecuniam
2778 5554 2951 5596 meam
2989 5536 3057 5593 ad
3098 5545 3364 5595 mensam,
3401 5537 3457 5583 et

1890 5658 1988 5713 ego
2020 5640 2240 5697 veniens
2269 5652 2389 5696 cum
2427 5634 2608 5693 usuris
2638 5634 2826 5705 utique
2854 5630 3153 5701 exegissem
3182 5621 3364 5698 illam?
3387 5619 3458 5678 Et
