3870 6552
456 371 592 439 1027

1342 371 1920 434 THEOPHYLACTI
1965 370 2374 433 BULGARIA".
2407 373 2767 433 ARCHIEP.

3567 372 3690 438 1023

446 487 756 547 astantibus
791 486 961 543 dixit:
999 485 1222 542 Auferte
1256 485 1325 541 ab
1347 487 1438 542 illo
1475 487 1698 549 minam,
1731 495 1786 541 et
1817 487 1939 540 date
1964 485 2039 538 illi

2147 487 2494 557 παρεστῶσιν
2525 483 2678 539 εἶπεν
2703 500 2718 515 ⁸
2751 485 2955 555 ’Ἄρατε
2988 485 3084 539 ἀπ’
3118 485 3286 540 αύτοῦ
3312 485 3413 554 τὴν
3444 487 3604 556 μνᾶν.
3633 490 3711 542 καὶ

449 581 540 650 qui
575 581 760 635 decem
804 578 980 633 minas
1010 578 1192 633 habet.
1250 577 1314 631 Et
1353 579 1605 632 dixerunt
1655 577 1746 632 ei:
1791 577 2037 643 Domine,

449 675 615 732 habet
654 673 840 728 decem
890 672 1089 727 mittas.
1137 671 1264 726 Dico
1325 672 1498 736 vobis,
1553 669 1694 738 quod
1753 669 1900 723 muni
1941 669 2038 722 ha-

449 769 595 823 benti
642 767 875 831 dabitur,
906 769 974 819 ab
1027 780 1092 821 eo
1149 774 1326 818 autem
1368 764 1456 834 qui
1513 781 1616 817 non
1659 764 1842 826 habet,
1877 763 2038 816 etiam

450 857 594 926 quod
631 857 820 919 habet,
852 855 1152 910 auferetur.
1171 854 1313 918 Ouin
1347 854 1598 908 inimicos
1629 869 1778 906 meos
1805 853 1923 906 illos
1949 854 2040 921 qui

451 948 753 1002 noluerunt
794 963 879 1002 me
929 964 1158 1019 regnare
1209 963 1371 1018 super
1401 963 1478 1012 se,
1533 947 1786 1001 adducite
1819 947 1946 1013 huc,
1989 954 2043 999 et

452 1042 751 1097 interficite
822 1052 949 1096 aute
1007 1057 1118 1096 me.
1185 1043 1250 1097 Et
1300 1041 1385 1096 his
1428 1040 1588 1095 dictis
1639 1040 1750 1094 ibat
1809 1055 2043 1110 pergens

453 1135 756 1189 ascendere
819 1133 1277 1210 Hierosolymam;
1344 1152 1363 1186 ι
1426 1133 1561 1188 Cum
1624 1133 1902 1188 rediturus
1960 1139 2044 1186 est

455 1221 711 1280 Christus
741 1240 1039 1295 generosus
1069 1227 1156 1281 ille
1185 1235 1240 1280 et
1282 1226 1578 1281 secundum
1621 1227 1913 1280 humanam
1943 1240 2044 1279 na-

453 1325 656 1382 turam,
694 1333 758 1372 ex
793 1317 942 1388 regio
969 1320 1114 1372 cnim
1145 1333 1344 1388 genere
1375 1318 1653 1372 descendit
1686 1317 1966 1378 Dominus,
1990 1327 2044 1372 et

451 1409 750 1463 secundum
788 1409 1049 1471 divinam,
1080 1407 1184 1461 hoc
1205 1418 1311 1473 est,
1345 1410 1396 1461 in
1424 1410 1663 1463 secundo
1684 1407 1800 1477 ejus
1837 1408 2042 1462 adven-

456 1507 537 1564 tu,
597 1499 812 1568 quando
863 1499 1145 1568 apparebit
1191 1515 1285 1554 rex
1329 1515 1450 1554 cum
1503 1501 1710 1570 angelis
1761 1499 1814 1554 in
1871 1500 2042 1571 gloria

453 1585 636 1644 Patris
682 1589 926 1653 veniens,
974 1598 1028 1642 et
1079 1603 1239 1644 omne
1285 1605 1422 1660 genu
1476 1589 1722 1646 flectetur
1779 1591 1867 1646 ei:
1916 1602 2042 1646 tmic

452 1694 586 1736 sane
625 1683 692 1735 ad
741 1683 1004 1736 rationem
1049 1680 1277 1753 adiget,
1335 1698 1431 1737 eos
1477 1684 1566 1752 qui
1639 1685 1778 1737 dona
1821 1699 2044 1753 accepe-

454 1781 602 1837 runt,
651 1783 705 1827 et
743 1773 1051 1829 invenietur
1094 1790 1241 1830 unus
1273 1775 1489 1844 quidem
1525 1773 1711 1828 multis
1745 1775 2037 1843 profuisse,

451 1876 509 1919 et
543 1865 916 1935 dccuplicasse
963 1867 1186 1932 donum,
1230 1867 1371 1922 alius
1406 1877 1588 1922 autem
1618 1867 1886 1937 profuisse
1919 1870 2042 1938 qui-
2074 1844 2116 1901 Β

453 1957 577 2015 dem
606 1965 662 2011 et
704 1958 841 2022 ipse,
884 1960 980 2010 sed
1031 1958 1378 2027 paucioribus
1418 1957 1725 2028 profuisse:
1773 1959 1911 2014 alius
1941 1975 2042 2013 au-

453 2057 560 2105 tem
587 2049 791 2104 nemini
824 2049 1112 2120 profuisse,
1148 2051 1243 2106 sed
1281 2051 1546 2130 ignaviter
1593 2051 1916 2107 transit-isse
1944 2068 2042 2108 ne-

453 2145 774 2215 gotiationis
821 2156 1057 2216 tempus.
1101 2147 1337 2202 Proinde
1366 2148 1456 2218 qui
1505 2148 1866 2220 decuplicavit
1898 2148 2043 2219 quod

452 2249 764 2309 acceperat,
819 2253 985 2310 super
1027 2238 1216 2294 decem
1253 2239 1500 2296 civitates
1533 2241 1906 2308 constituitur,
1942 2245 2044 2299 hoc

458 2342 568 2396 est,
617 2322 944 2401 multiplices
1011 2333 1402 2388 retributiones
1464 2335 1708 2403 accipit:
1781 2344 1836 2390 et
1903 2335 2044 2392 alius

455 2425 713 2496 deinceps
773 2425 928 2494 juxta
983 2441 1141 2480 suam
1196 2427 1388 2497 recipit
1445 2429 1876 2498 proportionem.
1939 2429 2044 2496 Qui

451 2527 630 2574 autem
661 2519 793 2572 nihil
825 2518 1074 2575 lucratus
1118 2517 1259 2586 fuit,
1299 2519 1715 2576 condemnatur.
1754 2520 2043 2578 Videamus

452 2617 633 2664 autem
661 2615 715 2662 et
757 2608 886 2680 quid
927 2610 1114 2665 dicat:
1163 2609 1413 2677 Domine,
1458 2625 1586 2667 ecce
1629 2611 1770 2666 mina
1804 2623 1917 2678 tua,
1954 2629 2045 2668 ac-

451 2701 571 2769 cipe
602 2716 742 2768 eam,
778 2701 938 2755 habui
964 2702 1110 2758 enim
1145 2703 1304 2756 istam
1334 2704 1386 2756 in
1427 2703 1652 2758 sudario
1684 2706 2040 2760 reconditam.

454 2791 720 2847 Dominus
746 2803 992 2847 mortuus
1048 2794 1267 2849 sudario
1291 2794 1564 2850 involutus
1612 2795 1741 2858 fuit,
1773 2797 2042 2852 etLazari

453 2885 624 2941 facies
683 2886 738 2940 in
780 2886 1276 2954 sepulcrosudario
1303 2886 1555 2941 obvoluta
1603 2887 1704 2941 fuit
1727 2888 1801 2942 ⁸⁸.
1849 2888 2043 2944 Merito

454 2978 621 3047 igitur
684 2977 910 3048 ignavus
955 2978 1042 3033 ille
1090 2979 1144 3031 in
1215 2979 1434 3033 sudario
1479 2981 1656 3049 inquit
1701 2981 2041 3036 reconditum

455 3069 626 3124 fuisse
681 3072 906 3126 donum.
971 3070 1241 3125 Mortuum
1313 3073 1460 3126 enim
1517 3073 1647 3127 illud
1706 3071 1934 3140 fecerat,
1989 3084 2044 3128 et

2142 579 2261 632 δότε
2325 579 2404 649 τῷ
2453 580 2551 644 τὰς
2583 579 2712 633 δέκα
2761 581 2901 648 μνᾶς
2944 577 3142 649 ἔχοντι.
3187 580 3301 633 Καὶ
3347 578 3506 633 εἷπον
3549 581 3709 650 αὐτῷ’

2145 671 2337 742 Κύριε,
2395 671 2526 724 δέκα
2563 674 2701 740 μνᾶς
2735 671 2872 743 ἔχει.
2919 671 3080 740 Λέγω
3132 673 3283 743 ὑμῖν,
3335 675 3420 726 ὅτι
3458 675 3621 726 παντὶ
3646 675 3710 743 τῷ

2143 763 2320 834 ἔχοντι
2369 765 2682 835 δοθήσεται,
2744 765 2854 819 ἀπὸ
2910 765 2966 818 δὲ
3015 765 3109 818 τοῦ
3172 767 3246 838 μή
3293 766 3536 837 ἔχοντος,
3586 767 3712 819 καὶὸ

2145 856 2281 926 ἔχει,
2316 855 2617 926 ἀρθήσεται
2664 857 2758 909 ἀπ’
2787 856 2975 911 αὐτοῦ.
3007 855 3152 927 Πλὴν
3193 859 3321 919 τοὺς
3372 856 3604 926 ἐχθρούς
3628 875 3711 923 μου

2145 948 2390 1010 ὲκείνους
2442 947 2570 1010 τοὺς
2615 949 2688 1018 μή
2741 948 3078 1018 θελήσαντάς
3137 966 3206 1015 με
3261 947 3585 1016 βασιλεῦσαι
3641 950 3710 1000 ἐπ’

2146 1039 2332 1102 αὐτοῖς
2356 1077 2372 1102 ,
2409 1038 2648 1107 ἀγάγετε
2683 1032 2786 1091 ὦδε
2814 1082 2827 1099 ,
2859 1038 2955 1092 καὶ
2988 1039 3380 1106 κατασφάξατε
3419 1038 3712 1108 ἔμπροσθέν

2149 1147 2273 1199 μου.
2305 1130 2417 1182 Καὶ
2462 1128 2633 1182 εἰπὼν
2664 1128 2858 1194 ταῦτα,
2896 1127 3190 1198 ἐπορεύετο
3229 1127 3572 1198 ἔμπροσθεν,
3605 1130 3711 1180 ἁνα-

2147 1222 2350 1276 ϐαίνων
2411 1223 2492 1285 εἰς
2564 1220 2936 1292 Ἰεροσόλυμα.
2990 1240 3007 1272 ι
3068 1222 3160 1274 Ἐν
3213 1222 3292 1291 τῷ
3337 1221 3712 1290 ἐπανέρχεσθαι

2145 1316 2328 1381 αὑτὸν,
2360 1317 2386 1369 6
2421 1315 2656 1387 Χριστὸς
2697 1316 2726 1368 6
2783 1314 3039 1383 εὐγενὴς,
3071 1316 3165 1368 καὶ
3193 1315 3336 1367 κατὰ
3364 1316 3426 1367 τὸ
3455 1312 3710 1382 ἀνθρώπι-

2145 1425 2255 1472 νον,
2311 1408 2375 1460 ὲκ
2412 1407 2691 1478 βασιλικοῦ
2723 1408 2833 1477 γὰρ
2878 1407 3072 1475 γένους
3118 1407 3398 1476 κατήγετο
3429 1409 3460 1459 ό
3511 1407 3709 1476 Κύριος.

2145 1502 2404 1555 καὶκατὰ
2433 1501 2494 1554 τὸ
2533 1501 2696 1564 θεῖον,
2737 1501 3036 1565 τουτέστιν,
3071 1501 3130 1554 ὲν
3171 1503 3237 1570 τῇ
3280 1499 3521 1568 δευτέρα
3568 1499 3710 1552 αύτοῦ

2145 1593 2377 1659 ὲλεύσει,
2413 1595 2500 1648 ὅτε
2535 1595 2838 1663 φανήσεται
2875 1591 3128 1662 βασιλεὺς
3159 1592 3299 1662 μετὰ
3341 1593 3457 1644 τῶν
3491 1591 3712 1658 ἀγγέλων

2145 1688 2204 1739 ὲν
2232 1690 2299 1758 τῇ
2353 1687 2481 1760 δόξῃ
2532 1686 2628 1740 τοῦ
2683 1685 2897 1755 Πατρὸς
2946 1686 3266 1756 ἐρχόμενος,
3307 1686 3407 1738 καὶ
3453 1685 3560 1736 πᾶν
3604 1684 3709 1750 γόνυ

2146 1779 2357 1850 κάμψει
2391 1779 2562 1850 αύτῷ,
2596 1781 2716 1832 τότε
2755 1780 2819 1850 δὴ
2853 1781 2975 1834 τότε
3021 1778 3116 1831 καὶ
3145 1777 3273 1839 τοὺς
3303 1777 3379 1828 τὰ
3418 1776 3711 1844 χαρίσματα

2143 1869 2472 1939 δεξαμένους
2511 1870 2732 1934 δούλους
2786 1871 3140 1941 λογοπραγεῖ,
3203 1869 3296 1920 καὶ
3359 1866 3707 1935 εὑρίσκονται,

2142 1964 2171 2016 ό
2202 1964 2300 2034 μὲν
2328 1965 2558 2028 πολλοὺς
2605 1965 2912 2036 ὠφελήσας,
2941 1964 3036 2016 καὶ
3074 1961 3526 2022 δεκαπλασιάσας
3551 1960 3606 2012 τδ
3629 1959 3715 2028 χά-

2145 2073 2342 2128 ρισμα,
2386 2059 2412 2110 6
2447 2057 2504 2110 δὲ
2553 2057 2848 2127 ὠφελήσας
2882 2057 2978 2128 μὲν
3023 2055 3120 2108 καὶ
3148 2055 3334 2115 αὐτὸς,
3368 2053 3620 2110 ἐλάττους
3642 2052 3710 2116 δὲ,

2141 2151 2170 2203 ό
2201 2149 2258 2202 δὲ
2297 2148 2416 2218 μήδ’
2451 2148 2586 2207 ὅλως
2617 2148 2908 2218 ὠφελήσας
2941 2130 3238 2210 τινά,“άλλ’
3278 2143 3339 2196 ὲν
3376 2141 3611 2213 saepe
3633 2141 3712 2194 δα-

2145 2241 2397 2311 πανήσας
2446 2241 2538 2293 τὸν
2580 2240 2771 2312 καιρὸν
2814 2239 2915 2309 τῆς
2961 2239 3373 2310 πραγματείας.
3421 2235 3512 2287 Διδ
3557 2237 3584 2287 6
3628 2235 3713 2304 μὲν

2142 2332 2588 2396 δεκαπλασιάσας
2620 2333 2649 2386 ὃ
2679 2333 2894 2394 ἐλαϐεν,
2943 2332 3129 2384 ἐπάνω
3173 2331 3309 2383 δέκα
3359 2329 3570 2381 πόλεων
3599 2327 3717 2380 καθα

2147 2424 2385 2486 ίσταται,
2426 2425 2733 2489 τουτέστιν,
2767 2424 2942 2495 ἀρχὴν
2977 2423 3111 2477 δέκα
3143 2423 3356 2476 πόλεων
3383 2421 3666 2491 λαμϐάνει,
3691 2421 3717 2473 ὃ

2146 2517 2283 2579 ἐστι,
2334 2515 2775 2580 πολλαπλασίους
2817 2516 2915 2580 τὰς
2973 2516 3212 2586 ἀμοιϐὰς
3263 2515 3508 2585 δέχεται.
3552 2513 3656 2567 Καὶ
3692 2514 3717 2566 6

2143 2607 2342 2678 ἑφεξῆς
2369 2609 2510 2663 κατὰ
2540 2610 2639 2679 τὴν
2669 2607 2984 2676 ἀναλογίαν.
3025 2609 3085 2662 '0
3127 2608 3183 2661 δὲ
3219 2607 3390 2678 μηδὲν
3441 2605 3715 2674 κερδάνας,

2145 2703 2559 2772 κατακρίνεται.
2597 2699 2828 2771 Ἰδωμεν
2859 2699 2916 2753 δὲ
2961 2701 3056 2754 καὶ
3089 2699 3142 2753 τί
3180 2716 3316 2770 φησι
3342 2716 3356 2730 ·
3389 2697 3589 2767 Κύριε,
3620 2697 3710 2748 Eoi»

2145 2792 2177 2862 ή
2218 2793 2328 2860 μνᾶ
2355 2808 2472 2857 σου,
2503 2790 2634 2844 λάϐε
2676 2790 2886 2861 ταύτην
2915 2806 2930 2820 ο
2969 2785 3112 2860 εῖχον
3151 2791 3260 2858 γὰρ
3289 2788 3498 2858 ταύτην
3528 2789 3584 2838 ὲν
3614 2803 3712 2838 σου·

2143 2882 2315 2952 δαρίῳ
2339 2883 2735 2953 ἀποκειμένην.
2765 2881 2964 2951 Νεκρῷ
2983 2881 3099 2934 om
3127 2880 3205 2952 τῷ
3232 2880 3428 2950 Κυρίῳ
3452 2879 3712 2944 σουδάριον

2147 2971 2462 3042 περιετέθη,
2516 2971 2610 3024 καὶ
2663 2971 2758 3024 τού
2802 2973 3057 3042 Λαζάρου
3103 2974 3161 3024 ὲν
3205 2969 3284 3040 τῷ
3334 2970 3498 3040 τάφῳ
3537 2971 3569 3039 ή
3613 2970 3714 3038 δύις

2148 3063 2420 3135 σουδαρίῳ
2477 3064 2981 3132 περιεκαλύπτετοο
3058 3063 3289 3129 εἰκότως
3346 3059 3444 3118 οὖν
3507 3062 3716 3139 diuina;

455 3161 727 3224 inefﬁcax,
759 3178 863 3217 non
905 3163 1182 3229 evolvens,
1223 3179 1398 3232 neque
1422 3166 1633 3220 lucrum
1674 3166 1903 3222 faciens.
1945 3166 2038 3220 Ti-

2144 3153 2295 3220 οὗτος
2348 3157 2615 3228 σουδαρίῳ
2671 3159 2836 3228 φησιν
2865 3157 3207 3214 ὲναποθεῖναι
3261 3158 3324 3212 τὸ
3359 3159 3607 3230 χάρισμα
3641 3177 3721 3212 νε·

455 3257 667 3311 meham
691 3257 836 3310 enim
859 3266 932 3319 te,
965 3257 1157 3325 inquit,
1180 3259 1303 3327 quia
1329 3258 1476 3313 tollis
1497 3259 1637 3328 quod
1662 3276 1768 3314 uou
1791 3260 2040 3328 posuisti.

455 3347 612 3403 Talia
662 3349 814 3402 Inulti
862 3359 1197 3418 praetexunt.
1249 3351 1508 3406 Nolentes
1563 3353 1703 3405 enim
1757 3353 1879 3406 ullis
1915 3370 2043 3421 pro-

455 3443 654 3504 desse,
691 3441 878 3495 dicuut
933 3457 947 3492 :
991 3440 1088 3495 υιιί
1157 3458 1261 3495 nou
1324 3445 1607 3498 seminavit
1667 3443 1807 3499 Dens
1849 3449 2040 3497 bonam

455 3532 688 3587 indolem
733 3543 786 3587 et
841 3534 1232 3604 aptitudinem,
1280 3535 1424 3590 illinc
1473 3553 1540 3590 ne
1607 3539 1852 3605 requiras
1905 3554 2044 3591 mes-

455 3639 593 3679 sem.
658 3622 811 3678 Illum
877 3641 981 3680 non
1037 3625 1162 3680 fecit
1223 3626 1589 3692 industrium,
1625 3640 1674 3681 et
1741 3630 1807 3682 ad
1845 3629 2042 3681 doctri-

456 3731 580 3769 nam
615 3716 895 3784 idoneum,
944 3727 1000 3773 et
1038 3718 1169 3788 quid
1196 3733 1229 3772 α
1281 3734 1368 3773 me
1399 3719 1642 3789 exigitur
1683 3729 1742 3772 ut
1772 3720 1895 3774 inde
1926 3719 2039 3774 fru-

454 3818 602 3864 ctum
626 3810 820 3865 faciam
838 3811 861 3864 τ
879 3808 1085 3866 Idcirco
1109 3811 1368 3866 Dominus
1392 3811 1555 3866 dicit:
1580 3812 1658 3866 'l‘u
1688 3814 1843 3873 doce.
1875 3823 1926 3867 et
1951 3813 2045 3868 de-

455 3915 594 3968 pone
611 3901 895 3970 pecuniam
931 3917 1102 3956 meam
1125 3902 1266 3973 apud
1296 3905 1624 3968 mensarios,
1653 3905 1753 3959 hoc
1771 3916 1874 3965 est,
1901 3907 2041 3973 apud

453 4007 643 4046 omnes
665 3993 933 4058 homines,
959 3995 1047 4065 qui
1071 3996 1329 4065 propositi
1351 4006 1548 4051 suntut
1576 3996 1874 4066 percipiant
1899 3996 2043 4050 utili-

457 4087 624 4133 tatem
641 4120 655 4134 .
677 4080 870 4138 Omnis
886 4083 1032 4137 enim
1065 4085 1228 4139 homo
1255 4086 1559 4140 mensarius
1581 4103 1606 4137 a
1632 4085 1739 4160 Deo
1761 4087 2041 4141 ordinatus

451 4169 615 4242 447
651 4183 754 4239 est,
793 4184 850 4227 ut
885 4174 936 4228 in
974 4174 1132 4241 lmjus
1163 4176 1348 4229 mundi
1383 4174 1593 4232 officina
1637 4192 1828 4244 magna
1868 4191 2036 4245 nego—

455 4262 652 4314 cietur.
680 4260 742 4314 Et
767 4276 865 4332 ego
895 4263 1116 4318 veniens
1141 4265 1443 4334 exegissem
1482 4264 1634 4327 illud,
1673 4264 1778 4318 hoc
1803 4273 1906 4328 est,
1941 4281 2036 4319 re-

454 4352 758 4422 petiissem,
789 4368 912 4407 cum
957 4370 1142 4410 usura.
1183 4358 1411 4426 Oportet
1463 4355 1628 4424 igitur
1661 4366 1713 4410 et
1753 4373 1849 4409 nos
1896 4358 2038 4424 quod

453 4455 701 4500 nostrum
729 4454 812 4500 est
844 4446 1022 4501 facere
1049 4463 1063 4500 :
1094 4447 1233 4501 alios
1260 4457 1439 4502 autem
1467 4448 1725 4502 Domitius
1745 4448 2032 4516 judicabit,

2147 3251 2276 3318 κρδν
2328 3247 2434 3317 γὰρ
2487 3248 2650 3302 αὑτὸν
2704 3250 2937 3320 ποιήσας
3009 3250 3107 3303 καὶ
3151 3249 3520 3320 ἀνενέργητον
3551 3291 3564 3315 ,
3628 3253 3722 3302 οὐκ

2146 3340 2600 3410 ὲπεξειργάσασο,
2652 3342 2773 3395 οὐδὲ
2818 3342 3176 3412 κεκέρδηκεν.
3233 3343 3585 3413 Ἐφοϐούμην
3621 3344 3723 3413 γάρ

2147 3448 2230 3496 σε,
2261 3433 2451 3502 φησὶν,
2485 3433 2568 3484 ὅτι
2601 3434 2779 3503 αἴρεις
2807 3433 2835 3485 ὃ
2861 3435 2962 3486 οὐκ
2997 3433 3226 3504 ἔθηκας.
3269 3435 3516 3488 Τοιαῦτα
3551 3436 3724 3487 πολλοὶ

2146 3524 2582 3592 προφασίζονται
2615 3540 2629 3554 ·
2661 3525 2735 3593 μὴ
2783 3524 3030 3588 θέλοντες
3081 3515 3189 3597 γὰρ
3228 3525 3517 3596 ὠφελῆσαί
3557 3543 3722 3588 τινας,

2145 3616 2332 3684 φασὶν,
2367 3617 2452 3669 ὅτι
2498 3619 2678 3670 ’Ὅπου
2709 3619 2808 3670 ούκ
2839 3618 3091 3689 ἔσπειρεν
3110 3623 3146 3673 -ό
3179 3621 3312 3683 Θεὸς
3359 3621 3600 3688 εὐφυΐαν,
3636 3623 3727 3672 καὶ

2144 3707 2589 3778 ἐπιτηδειότητα,
2647 3709 2858 3763 ἐκεῖθεν
2891 3709 2966 3781 μὴ
3016 3711 3169 3782 ζήτει
3220 3711 3404 3782 Θέρος.
3437 3711 3539 3764 Τὸν
3577 3712 3732 3763 δεινά

2143 3799 2246 3853 οὐκ
2289 3799 2548 3870 ἐποίησεν
2597 3800 2776 3868 εὐφυᾶ
2813 3801 2909 3854 καὶ
2943 3802 3082 3870 πρὸς
3125 3802 3368 3872 μάθησιν
3403 3802 3730 3869 ἐπιτήδειον,

2148 3893 2242 3946 καὶ
2271 3891 2326 3945 τί
2363 3909 2432 3961 με
2468 3893 2695 3945 ἁπαιτεῖ
2743 3891 2841 3962 τὴν
2879 3893 3092 3945 ἐκείνου
3145 3893 3455 3960 ὠφέλεια-λς
3508 3895 3593 3945 sit
3639 3893 3735 3945 καὶ

2143 3988 2172 4040 6
2225 3986 2429 4056 Κύριός
2494 4000 2676 4054 φησιο
2746 3985 2818 4038 Σὺ
2874 3985 3107 4051 δίδαξον,
3176 3986 3274 4039 καὶ
3338 3985 3612 4039 κατάϐαλε
3674 3986 3735 4037 τὸ

2145 4076 2410 4148 ἀργύριόν
2452 4093 2554 4146 μου
2584 4078 2698 4140 τοῖς
2729 4076 3108 4148 τραπεζίταις,
3140 4080 3421 4140 τουτέστι,
3457 4080 3586 4129 πᾶσι
3619 4080 3737 4139 τοῖς

2143 4169 2280 4239 πρὸς
2298 4169 2356 4222 τὸ
2375 4167 2704 4238 ὠφελεῖσθαι
2729 4169 3056 4240 προκειμένο
3083 4187 3108 4233 ς
3125 4169 3465 4240 ἀνθρώποις.
3491 4171 3600 4231 lli;
3622 4171 3737 4238 γὰρ

2141 4258 2238 4312 ἄνθ
2249 4275 2426 4329 ρωπος
2443 4257 2781 4330 τραπεζίτης
2799 4259 2906 4312 ὑπὸ
2926 4258 3063 4312 Θεοῦ
3088 4261 3561 4331 προκεχείρισται,
3583 4259 3738 4312 ὥστε

2141 4353 2200 4403 ὲν
2219 4351 2296 4422 τῷ
2327 4351 2551 4421 μεγάλῳ
2576 4352 2670 4404 τοῦ
2704 4351 2911 4420 κόσμου
2957 4352 3145 4406 τούτου
3201 4355 3554 4425 ἐργαστηρίῳ
3589 4372 3738 4424 πρα-

2149 4443 2544 4512 γματεύεσθαι.
2575 4445 2682 4498 Καὶ
2715 4443 2826 4512 ἐγὼ
2853 4443 3043 4511 ἐλθὼν,
3065 4446 3280 4517 ἔπραξα
3303 4449 3371 4500 iv
3400 4449 3550 4513 αύτδ,
3571 4465 3737 4502 τουτο

454 4538 500 4593 si
539 4537 812 4592 noluerint
844 4539 1132 4593 utilitalem
1175 4540 1298 4593 inde
1334 4541 1633 4610 percipere.
1673 4539 1905 4596 Tollitur
1935 4542 2034 4612 igi-

2144 4533 2312 4597 έστιν,
2331 4534 2589 4604 ἀπῄτησα
2610 4535 2706 4587 σὺν
2729 4535 2891 4604 τόκῳ.
2922 4540 3013 4588 Δεῖ
3040 4537 3138 4606 μὲν
3156 4539 3264 4607 γὰρ
3284 4539 3437 4605 ἡμᾶς
3454 4544 3514 4589 τὸ
3531 4541 3738 4590 οἰκεῖον

455 4637 544 4686 tur
572 4631 796 4694 donum,
830 4641 884 4685 et
915 4629 1076 4685 datur
1106 4633 1248 4686 bono
1280 4634 1626 4702 negotiatori.
1665 4633 1798 4687 Nam
1830 4635 1953 4689 licet
1993 4636 2037 4690 is

454 4722 674 4790 habeat,
715 4731 937 4794 propter
981 4723 1123 4778 istud
1175 4725 1348 4794 ipsum
1411 4735 1588 4778 tamen
1647 4727 1820 4796 iiiagis
1875 4727 2036 4782 debet

454 4814 611 4886 plura
653 4814 922 4883 accipere.
974 4811 1203 4877 Habenti
1262 4817 1408 4871 enim
1440 4816 1678 4886 dabitur,
1711 4819 1814 4873 hoc
1841 4828 1956 4886 est,
1985 4819 2033 4873 ei

455 4905 546 4976 qui
585 4920 651 4960 ex
686 4905 1050 4976 negotiatione
1081 4908 1206 4962 boni
1251 4908 1416 4962 multa
1458 4909 1697 4964 lucratus
1737 4909 1919 4974 fuerit,
1957 4909 2032 4965 illi

456 4995 673 5050 dabitur
705 5005 760 5051 et
788 4996 1039 5064 amplius.
1080 4996 1212 5052 Nam
1261 5000 1304 5053 si
1333 5013 1501 5068 parva
1541 5000 1594 5054 in
1629 5001 1855 5070 decupla
1908 4999 2036 5055 fecit

456 5101 728 5155 crescere,
784 5090 1128 5145 manifestum
1181 5092 1321 5160 quod
1360 5100 1413 5147 et
1461 5091 1616 5162 plura
1656 5094 2036 5163 decuplicabit,

458 5177 683 5246 majoris
728 5179 861 5234 lucri
902 5190 1092 5248 auctor
1135 5180 1360 5237 domino
1391 5182 1622 5237 iuturus.
1659 5183 1702 5238 Δ
1736 5183 2040 5254 negligente

459 5277 640 5322 autem
671 5275 726 5322 et
753 5269 966 5341 lgnavo,
1013 5279 1067 5326 et
1100 5270 1185 5325 cui
1221 5285 1333 5326 non
1363 5280 1446 5328 est
1476 5255 1712 5327 studium
1744 5283 1801 5326 ut
1829 5282 2041 5328 crescat

456 5366 512 5413 et
535 5369 794 5430 augeatur
821 5363 967 5432 quod
1011 5374 1320 5434 acceperat,
1368 5374 1422 5420 et
1470 5365 1609 5420 istuc
1658 5364 1834 5433 ipsum
1887 5365 2033 5434 quod

455 5449 620 5505 habet
654 5452 892 5520 tolletur,
928 5464 986 5509 ut
1025 5469 1092 5510 ne
1146 5470 1233 5512 res
1285 5456 1554 5512 dominica
1618 5456 1820 5510 frustra
1858 5467 2030 5521 vacet,

457 5559 583 5615 quae
611 5548 725 5602 dari
755 5559 933 5620 potest
959 5552 1140 5619 alteri,
1166 5561 1220 5608 et
1250 5553 1618 5623 multiplicari.
1648 5553 1772 5608 Haec
1801 5569 1903 5606 non
1939 5566 2029 5606 so-

454 5637 567 5695 lum
595 5639 666 5696 de
692 5655 942 5700 sermone
974 5653 1029 5700 et
1081 5646 1325 5704 doctrina
1366 5647 1708 5718 exponimus,
1749 5647 1843 5704 sed
1881 5655 1934 5702 et
1968 5647 2034 5703 de

526 5819 571 5853 ⁸⁸
603 5817 758 5876 Joan.
811 5835 890 5875 xi.

2147 4629 2339 4689 ποιεῖν,
2380 4627 2507 4696 περὶ
2536 4627 2595 4680 δὲ
2622 4627 2730 4680 τῶν
2770 4627 3088 4698 μετέπειτα,
3115 4631 3252 4693 θεὸς
3291 4634 3475 4700 κρινεῖ
3504 4635 3642 4695 τοὺς
3669 4631 3743 4702 μὴ

2145 4717 2480 4789 θελήσαντας
2527 4719 2899 4792 ὠφεληθῆναι.
2944 4721 3170 4792 Λῖρεται
3222 4721 3318 4776 οὖν
3355 4724 3416 4776 τὸ
3463 4724 3743 4796 χάρισμα,

2143 4811 2239 4864 καὶ
2273 4811 2477 4865 δίδοται
2515 4811 2594 4883 τῷ
2628 4813 2818 4885 ἁγαθῷ
2852 4817 3278 4886 πραγματευτῇ’
3321 4817 3432 4869 κᾶν
3467 4819 3584 4888 γὰρ
3625 4820 3747 4888 ἔχη,

2147 4905 2347 4975 μᾶλλον
2375 4905 2442 4959 δι’
2471 4905 2605 4958 αὐτὸ
2630 4906 2790 4960 τοῦτο
2814 4907 3022 4977 ὀφείλει
3054 4909 3226 4962 πλείω
3261 4910 3634 4977 προσλαϐεῖν.
3660 4914 3748 4980 τῷ

2141 4999 2250 5068 γὰρ
2296 4998 2472 5068 ἔχοντι
2521 4997 2832 5068 δοθήσεται,
2863 5000 3135 5064 τουτέστι,
3182 4999 3265 5071 τῷ
3297 5001 3368 5054 ἑκ
3411 5000 3504 5055 τοῦ
3553 5003 3750 5066 καλῶς

2141 5090 2669 5162 πραγματεύσασθαι
2691 5091 2904 5144 πολλῶν
2921 5093 3316 5164 εὐπορήσαντι,
3345 5095 3550 5166 ἐκείνῳ
3586 5096 3752 5164 δοθή-

2142 5199 2293 5236 σεται
2321 5183 2416 5236 καὶ
2447 5183 2636 5237 πλείω.
2677 5184 2741 5237 Ei
2777 5185 2886 5254 γὰρ
2916 5185 2984 5238 τὰ
3008 5183 3168 5251 ὀλίγα
3209 5184 3420 5256 ηύξησε
3455 5185 3754 5240 6615121:—

2141 5276 2370 5342 σιάσας,
2439 5275 2706 5347 πρόδηλον
2767 5277 2849 5330 ὅτι
2909 5277 2980 5330 τὰ
3037 5275 3211 5330 πλείω
3248 5277 3754 5345 δεκαπλασιάζων,

2141 5365 2386 5429 πλείονος
2410 5366 2634 5436 κέρδους
2668 5366 2928 5437 πρόξενος
2959 5367 3038 5439 τῷ
3067 5368 3310 5442 δεσπότῃ
3345 5369 3573 5422 ἔσεται.
3623 5372 3756 5424 Ἀπὸ

2140 5456 2195 5510 δὲ
2222 5456 2458 5528 ἀμελοῦς
2486 5460 2578 5511 καὶ
2606 5459 2862 5528 όκνηροῦ,
2894 5459 2988 5513 καὶ
3012 5458 3087 5530 μὴ
3121 5458 3362 5529 αὐξῆσαι
3393 5463 3753 5515 σπουδάσατε

2139 5567 2230 5614 τος
2269 5549 2297 5602 ὃ
2328 5550 2511 5615 ἔλαϐε,
2549 5553 2642 5605 καὶ
2669 5551 2802 5605 αὐτὸ
2833 5554 3030 5616 ἐκεῖνο,
3055 5551 3084 5604 δ
3113 5551 3250 5624 ἔχει,
3279 5553 3637 5624 ἀρθήσεται,
3673 5556 3755 5608 ἶνα

2143 5645 2220 5716 μὴ
2241 5645 2385 5716 ἀργῇ
2421 5642 2482 5700 τὸ
2509 5644 2829 5700 δεσποτικὸν
2866 5646 3121 5716 πρᾶγμα,
3150 5645 3377 5701 δυνατὸν
3408 5644 3474 5699 δν
3517 5648 3755 5718 δοθῆναι
