3932 6456
218 329 357 394 1029

936 331 1376 394 ENARBATIO
1419 331 1500 393 IN
1540 331 2046 394 EVANGELIUM
2085 332 2413 395 I.UC1E.-
2439 334 2602 397 CAP.
2641 334 2812 397 XIX.

3338 332 3476 402 1030

205 445 401 514 ἑτέρῳ,
434 443 530 498 καὶ
569 442 1131 514 πολυπλασιασθῆναι.
1181 444 1366 500 Ταῦτα
1410 446 1466 500 δὲ
1509 445 1585 517 μὴ
1628 447 1792 517 μόνον

1907 447 2190 505 noralibus
2221 449 2535 506 virtutibus.
2565 449 2702 505 Nam
2729 459 2786 506 et
2814 449 2868 506 in
2897 449 2984 506 bis
3022 447 3166 506 dona
3199 448 3354 504 nobis
3383 452 3480 506 de-

206 535 303 588 ἐπὶ
335 532 431 588 τοῦ
471 533 657 602 λόγου,
689 536 786 589 καὶ
827 535 930 606 τῆς
963 535 1312 601 διδασκαλίας
1355 538 1791 610 ἐκλαμῦάνομεν,

202 627 345 682 ἀλλά
373 627 469 682 καὶ
493 626 719 681 ἐπὶτῶν
749 626 959 698 ἠθικῶν
991 628 1222 699 ἀρετῶν.
1261 629 1372 683 Καὶ
1399 630 1508 702 γάρ
1536 633 1640 686 κάν
1665 631 1798 685 ταύ-

204 738 332 784 ταις
369 721 602 776 δέδωκεν
639 722 774 792 ἡμῖν
799 723 828 774 6
875 721 1008 784 Θεὸς
1059 723 1397 794 χαρίσματα,
1439 723 1518 793 τῷ
1561 725 1660 794 μὲν
1703 742 1797 797 νη-

209 814 419 883 στείας,
443 813 520 885 τῷ
560 815 617 868 δὲ
650 814 1041 887 ἐλεημοσύνης,
1075 815 1152 885 τῷ
1183 815 1240 869 δὲ
1268 816 1600 886 πραότητος,
1639 819 1717 888 τῷ
1741 819 1797 870 δὲ

205 907 468 974 ἀτυφίας.
491 905 605 961 Κᾶν
625 907 724 976 μὲν
751 909 1034 978 νήφωμεν,
1054 907 1565 978 πολυπλασιάιξομεν
1588 909 1788 961 ταῦτα’

203 997 275 1050 ἂν
302 996 360 1049 δὲ
393 997 749 1069 ρᾳθυμῶμεν,
779 1001 873 1052 καὶ
912 999 1388 1071 ἁπονεκρωθῶμεν
1413 1003 1485 1071 τῇ
1533 1002 1796 1072 προαιρέ-

205 1107 316 1155 σει,
372 1089 597 1160 ὕστερον
632 1093 992 1162 αἰτιασόμεθα
1038 1094 1128 1145 τον
1189 1093 1341 1158 Θεὸν,
1392 1093 1468 1158 ὡς
1523 1095 1798 1164 εἰώθαμεν

203 1177 414 1245 λέγειν,
445 1180 553 1232 Καὶ
575 1180 628 1232 τί
658 1182 904 1251 ποιήσως
941 1183 1067 1234 Ἐὰν
1101 1183 1130 1234 6
1155 1183 1302 1236 δεῖνα
1395 1185 1570 1252 ἆγιος,
1602 1183 1744 1237 θέλει
1771 1186 1800 1237 ό

205 1271 366 1334 Θεὸς,
413 1271 507 1323 καὶ
538 1270 684 1324 ἐστιν
735 1271 928 1339 ἅγιος-ι
957 1275 1056 1344 ἐμὲ
1104 1275 1164 1326 οὐ
1197 1257 1496 1337 θέλει,’καὶ
1530 1276 1629 1329 οὐκ
1659 1275 1794 1345 εἰμί.

206 1364 323 1415 Καὶ
352 1365 560 1427 ἐκεῖνος
588 1365 794 1435 Πέτρος
825 1361 912 1434 ἦν,
945 1368 1152 1429 ἐκεῖνος
1185 1367 1417 1430 Παῦλος.
1453 1366 1668 1439 Ἀνόητε
1706 1369 1800 1422 ἄν-

209 1455 422 1525 θρωπε,
466 1459 498 1527 ἡ
543 1458 652 1527 μνᾶ
695 1457 840 1528 αῦτη
890 1459 1094 1530 Πέτρον
1120 1477 1179 1513 σε
1228 1463 1377 1514 ποιεῖ
1422 1462 1516 1514 καὶ
1563 1460 1797 1516 Παῦλον.

215 1550 491 1618 Ἕργασὰι
513 1550 570 1602 δὲ
607 1551 748 1604 κατὰ
777 1551 1028 1621 δύναμιν,
1057 1553 1153 1607 καὶ
1176 1555 1494 1624 προσάγαγέ
1528 1573 1578 1608 τι
1606 1553 1684 1624 τῷ
1713 1555 1799 1607 δε-

212 1641 438 1707 δωκότι,
479 1642 580 1696 κᾶν
632 1644 705 1715 μὴ
765 1645 888 1698 ὅσον
925 1647 953 1697 6
983 1647 1210 1717 Πέτρος,
1240 1648 1332 1699 καὶ
1363 1647 1570 1711 Παῦλος
1597 1664 1611 1678 ·
1641 1647 1706 1700 xit
1740 1647 1797 1700 δὲ

212 1734 284 1787 τ’ἀ
331 1734 470 1815 αῦτά
497 1733 574 1805 τῷ
626 1736 817 1806 Πέτρῳ
866 1737 961 1790 καὶ
993 1737 1071 1808 τῷ
1105 1739 1301 1809 Παύλῳ
1323 1739 1617 1810 δεξάμενος
1641 1757 1656 1772 ο
1694 1741 1798 1793 κά-

1899 539 1980 594 dit
2017 539 2181 607 Deus,
2215 549 2402 610 utpote
2431 544 2521 596 uni
2561 544 2758 597 donum
2787 541 3000 612 ieiunii,
3037 541 3127 596 alii
3169 556 3296 596 vero
3323 541 3480 597 elee-

1899 645 2158 702 mosynae.
2182 632 2272 686 alii
2307 645 2485 687 autem
2511 635 2964 700 mansuetudinis,
2987 634 3272 690 aliiautem
3303 635 3483 690 humi-

1900 722 2086 777 litatis.
2117 723 2182 777 Et
2223 727 2271 778 si
2322 725 2537 794 quidem
2579 725 2746 780 sobrii
2787 725 3052 784 fuerimus
3079 737 3130 782 et
3166 728 3479 797 vigilantes.

1901 814 2384 884 multiplicabimus
2424 818 2538 871 haec
2591 835 2604 872 :
2655 818 2737 872 sin
2784 831 2963 873 autem
3015 820 3368 890 negligentes,
3425 826 3482 873 et

1901 906 2175 960 voluntate
2251 909 2484 970 mortui,
2548 916 2733 978 postea
2801 925 3087 982 arguemus
3157 910 3364 976 Deum,
3426 917 3486 965 ut

1900 1003 2278 1056 consuevimus
2357 1005 2538 1058 dicere
2582 1021 2596 1057 :
2641 1004 2712 1058 Et
2760 1005 2887 1073 quid
2959 1003 3190 1058 faciam?
3255 1004 3312 1059 Si
3361 1004 3483 1072 quis

1900 1089 2062 1147 fuerit
2097 1094 2486 1158 sanctus,vult
2538 1095 2698 1159 Deus,
2731 1105 2785 1150 et
2826 1103 2909 1150 est
2946 1106 3175 1151 sanctus
3211 1114 3226 1150 ε
3263 1112 3348 1150 me
3374 1111 3482 1150 non

1903 1184 2033 1246 vult,
2074 1193 2128 1239 et
2156 1200 2258 1239 non
2300 1201 2422 1241 sum
2459 1205 2472 1241 :
2500 1195 2555 1240 et
2594 1186 2681 1241 ille
2711 1188 2903 1242 Petrus
2936 1186 3058 1251 fuit,
3085 1197 3140 1240 et
3167 1187 3254 1242 ille
3285 1189 3484 1242 Paulus

1903 1276 2020 1332 fuit.
2054 1276 2228 1334 Stulte
2263 1280 2444 1344 homo,
2483 1280 2626 1333 mina
2658 1279 2746 1333 illa
2800 1278 3026 1333 Paulum
3061 1289 3111 1333 te
3142 1279 3270 1334 fecit
3299 1288 3352 1332 et
3380 1277 3473 1332 Pe-

1903 1380 2064 1424 trum.
2097 1372 2333 1441 Operare
2356 1383 2535 1425 autem
2557 1373 2710 1441 juxta
2741 1373 3016 1436 virtutem,
3036 1380 3093 1426 et
3115 1361 3260 1425 affer-
3276 1370 3481 1439 aliquid

1899 1462 1946 1516 ei
1979 1463 2068 1532 qui
2099 1464 2263 1529 dedit,
2296 1465 2504 1517 etiamsi
2533 1481 2636 1518 non
2661 1473 2920 1534 quantum
2945 1463 3147 1518 Paulus
3178 1474 3232 1518 et
3263 1462 3481 1518 Petrus.

1899 1551 1978 1608 Tu
2009 1565 2184 1608 autem
2211 1571 2331 1608 cum
2366 1556 2553 1609 eadem
2587 1556 2860 1625 acceperis
2892 1570 3013 1625 qua:
3036 1555 3231 1608 Petrus
3263 1564 3315 1609 et
3345 1553 3456 1608 Pau

1898 1645 1981 1702 lus
2015 1663 2030 1701 :
2071 1662 2192 1700 nam
2222 1657 2276 1702 et
2311 1647 2396 1701 ille
2432 1647 2655 1712 minam,
2686 1657 2740 1700 et
2771 1656 2824 1700 tu
2868 1648 3069 1700 minam
3101 1663 3114 1699 :
3155 1655 3338 1714 postea
3377 1659 3481 1698 non

1900 1748 2076 1793 motus
2102 1739 2323 1793 omnino
2351 1740 2417 1794 ad
2451 1739 2822 1806 operationem
2861 1739 3008 1802 boni,
3041 1738 3230 1808 arguis
3270 1739 3436 1792 Deum
3463 1740 3486 1790 ?

213 1809 397 1888 κεῖνος
421 1826 530 1896 γὰρ
566 1827 725 1896 μνᾶν,
757 1828 849 1880 καὶ
876 1829 940 1882 σὺ
977 1830 1114 1898 μνᾶν
1139 1840 1152 1859 ⁵
1175 1808 1364 1882 ἔπειτα
1397 1808 1532 1901 μηδὲ
1559 1829 1801 1900 κινηθεὶς

1907 1829 2132 1898 Propter
2161 1832 2260 1883 hoc
2293 1831 2494 1900 indigni
2527 1830 2727 1884 inventi
2761 1830 2940 1891 donis,
2967 1830 3068 1884 illis
3099 1827 3482 1898 spoliabim'ur.

214 1916 356 1980 ὅλως
400 1918 479 1980 εἰς
518 1919 784 1988 ἐργασίαν
825 1918 922 1974 τοῦ
961 1922 1128 1975 καλοῦ
1178 1924 1327 1995 αἰτιᾷ
1359 1924 1450 1976 τὸν
1497 1922 1664 1988 Θεόν;
1703 1919 1804 1974 Διά

1907 1922 2157 1978 Inimicos
2189 1937 2356 1989 meos,
2403 1924 2552 1986 dicit,
2593 1937 2688 1977 eos
2736 1922 2830 1991 qui
2879 1922 3069 1976 nolunt
3101 1936 3186 1977 me
3231 1934 3484 1989 regnare,

213 2005 377 2060 τοῦτο
410 2007 619 2074 ἀνάξιοι
664 2009 1045 2080 εὑρισκόμενοι
1088 2010 1199 2063 τῶν
1241 2010 1617 2083 χαρισμάτων,
1666 2011 1804 2062 ἀπο-

1915 2014 2166 2068 adducite
2193 2014 2318 2079 huc,
2352 2023 2400 2066 et
2433 2015 2682 2068 occidite.
2706 2012 2920 2069 Judtnos
2943 2013 3092 2077 dicit,
3128 2029 3266 2082 quos
3293 2012 3485 2066 interi—

215 2097 576 2168 γυμνούμεθα
622 2101 850 2155 τούτων.
899 2101 1037 2163 Τοὺς
1087 2101 1144 2155 δὲ
1179 2102 1407 2173 ἐχθρούς
1466 2118 1589 2171 μου,
1641 2101 1799 2172 φησὶ,

1907 2105 1977 2158 lui
2013 2105 2206 2168 tradet,
2247 2105 2300 2160 in
2351 2104 2524 2174 ignem
2559 2115 2820 2159 aeternum
2871 2105 3092 2159 mittens
3122 2105 3264 2160 illos.
3311 2103 3488 2172 Atque

214 2192 346 2254 τοὺς
393 2194 468 2264 μὴ
515 2194 766 2257 θέλοντας
803 2211 869 2264 με
899 2193 1236 2264 βασιλεῦσαι,
1263 2194 1499 2262 ἀγάγετε
1529 2187 1655 2258 ὧδε,
1706 2191 1802 2245 καὶ

1907 2196 2034 2250 adeo
2055 2195 2129 2249 illi
2164 2194 2348 2250 miseri
2373 2195 2424 2248 in
2443 2195 2544 2249 hoc
2572 2197 2770 2250 mundo
2799 2195 2963 2250 occisi
3003 2205 3129 2250 sunt
3166 2210 3194 2248 a
3228 2192 3489 2248 Romanis

218 2283 462 2354 σφάξατε
489 2299 504 2316 ⁸
528 2287 650 2350 τοὺς
683 2285 971 2349 Ἰουδαίους
991 2287 1177 2357 φησὶν,
1215 2285 1309 2350 οὓς
1339 2285 1653 2355 καταφθορᾷ
1675 2301 1772 2338 πα-

1907 2285 2229 2350 :xercitibus,
2274 2295 2667 2354 servanturqtte
2724 2286 3079 2342 internecioni
3109 2286 3353 2355 quzeillic
3383 2293 3488 2347 cst,

216 2376 473 2448 ραδὼσει,
496 2379 574 2439 είς
593 2377 651 2431 τὸ
666 2377 775 2446 πῦρ
791 2380 852 2431 τὸ
875 2375 1138 2447 ἐξώτερον
1160 2378 1550 2448 παραπέμπων
1587 2375 1802 2440 αὐτούς.
1835 2376 1946 2430 Καὶ
1979 2376 2161 2446 μέντοι
2199 2370 2343 2430 οῦτοι
2383 2378 2432 2430 οἰ
2489 2376 2662 2431 ἄθλιοι
2712 2375 3011 2442 κάνταῦθα,
3047 2379 3104 2430 ἐν
3158 2377 3235 2446 τῷ
3300 2377 3488 2446 κόσμῳ

212 2469 396 2540 τούτῳ
429 2471 588 2540 φημὶ,
631 2471 1050 2541 κατεσφάγησαν
1070 2471 1173 2525 ὑπὸ
1199 2472 1308 2525 τῶν
1340 2471 1672 2541 Ῥωμαϊκῶν
1700 2471 2141 2542 στρατευμάτων,
2169 2471 2496 2542 τηρούμενοι
2534 2473 2629 2525 καὶ
2658 2473 3016 2543 φυλαξόμενοι
3043 2475 3108 2544 τῇ
3141 2474 3260 2525 ἐκεῖ
3276 2475 3484 2542 σφαγῇ,

299 2587 319 2620 ι
356 2569 464 2622 Καὶ
489 2568 706 2636 ἐγένετο
746 2568 820 2633 ὡς
867 2570 1099 2641 ήγγισεν
1131 2571 1212 2632 είς
1248 2567 1537 2639 Βηθφαγὴ,
1572 2568 1669 2621 καὶ
1697 2568 1804 2638 Βη-

1978 2566 2147 2623 Vens.
2170 2567 2240 2624 29
2269 2569 2359 2623 40.
2395 2587 2416 2620 α
2453 2567 2519 2622 Ει
2545 2568 2748 2624 factum
2779 2579 2864 2625 est
2895 2585 3018 2625 cum
3054 2571 3486 2640 appropinquas-

217 2659 416 2713 θανίαν
473 2660 609 2729 πρὸς
656 2659 716 2714 τὺ
758 2660 883 2730 ὅρος
923 2660 986 2714 τὸ
1050 2659 1386 2730 καλούμενον
1427 2659 1672 2725 Ἐλαιῶν,
1701 2660 1804 2712 ἀπ-

1907 2667 1989 2713 set
2011 2659 2078 2712 ad
2110 2657 2420 2728 Bethphage
2455 2667 2510 2714 et
2560 2658 2879 2714 Bethaniam
2919 2659 3070 2729 juxta
3116 2670 3356 2717 montem
3397 2661 3488 2733 qui

237 2753 448 2806 έστειλε
480 2753 573 2807 δύο
599 2754 707 2807 τῶν
745 2755 1001 2825 μαθητῶν
1028 2754 1196 2808 αὑτοῦ
1223 2752 1698 2822 εἰπών”Υπάγετε
1729 2753 1804 2816 εἰς

1914 2759 2141 2806 vocatur
2168 2751 2460 2818 Olivarum,
2512 2751 2659 2808 misit
2702 2751 2837 2808 duos
2883 2752 3176 2821 discipulos
3221 2768 3368 2817 suos,
3407 2758 3491 2810 di-

221 2845 324 2914 τὴν
348 2845 632 2898 κατέναντι
666 2845 881 2915 κώμην,
899 2848 956 2900 ἐν
1049 2846 1517 2918 εἰσπορευόμενοι,
1543 2846 1804 2916 εὑρήσετε

1907 2855 2073 2896 cens:
2101 2840 2178 2896 lte
2216 2841 2270 2896 in
2293 2841 2569 2896 castellum
2610 2842 2752 2911 quod
2782 2857 2812 2896 e
2846 2843 3067 2910 regione
3087 2853 3189 2908 est,
3248 2845 3299 2896 in
3335 2845 3490 2910 Quod

224 2935 408 2988 πῶλον
442 2935 748 3005 δεδεμένον,
794 2937 882 3006 ἐφ’
930 2934 990 2988 ὃν
1029 2937 1206 3000 οὐδεὶς
1245 2937 1463 2990 πώποτε
1499 2937 1804 3007 ἀνθρώπων

1907 2931 2245 2985 introeuntes
2286 2932 2574 2986 invenietis
2593 2932 2793 3000 pullum
2828 2933 3017 2999 asinae,
3071 2932 3376 3002 alligatum,
3433 2935 3487 2988 in

224 3031 479 3084 ἐκάθισεσ
511 3028 772 3092 λύσαντες
801 3028 964 3083 αὑτὸν
1005 3028 1266 3098 ἀγάγετε,
1300 3028 1392 3082 καὶ
1427 3027 1523 3081 ἐάν
1552 3046 1634 3093 τις
1663 3028 1804 3097 ὑμᾶς

1913 3037 2020 3093 quo
2051 3037 2208 3078 nemo
2237 3039 2470 3092 unquam
2513 3023 2789 3076 hominum
2843 3023 3006 3077 sedit.
3054 3021 3258 3078 Solvite
3308 3022 3484 3090 illum,

223 3123 425 3194 ἐρωτᾷ,
455 3120 605 3174 Διατί
627 3119 782 3174 λύετε
808 3138 822 3188 ;
853 3119 1022 3185 οὕτως
1046 3123 1218 3192 ἐρεῖτε
1243 3120 1498 3191 αύτῷ,ὅτι
1525 3120 1584 3173 '0
1607 3119 1804 3192 Κύριος

1913 3122 1966 3166 et
2013 3112 2279 3166 adducite.
2335 3113 2401 3164 Et
2431 3113 2474 3166 si
2507 3110 2630 3179 quis
2679 3126 2775 3166 vos
2830 3111 3268 3180 interrogaverit,
3307 3112 3489 3178 Quare

224 3213 392 3268 αὐτοῦ
430 3213 621 3285 χρείαν
658 3212 790 3283 ἔχει.
833 3211 1184 3275 Ἀπελθόντες
1217 3211 1274 3265 δὲ
1307 3214 1355 3265 οί
1382 3211 1805 3282 ἀπεσταλμένοι,

222 3301 386 3378 εὗρον
434 3305 616 3369 καθὼς
671 3302 825 3358 εἶπεν
872 3306 1076 3368 αὐτοῖς.
1110 3305 1363 3357 Λυὸντων
1393 3305 1450 3357 δὲ
1501 3304 1680 3358 αὐτῶν
1716 3305 1809 3358 τὸν

223 3397 434 3461 πῶλον,
465 3391 620 3449 εἷπον
645 3397 693 3448 οί
719 3395 899 3466 κύριοι
930 3395 1094 3448 αὐτοῦ
1127 3395 1266 3464 πρὸς
1295 3395 1524 3455 αὐτοὺς·
1561 3395 1627 3447 Τί
1653 3395 1809 3448 λύετε

219 3493 317 3546 τὸν
343 3493 552 3557 πῶλον;
581 3492 645 3545 Ol
667 3491 722 3545 δὲ
743 3487 895 3544 εἶπον
918 3507 931 3520 ·
968 3491 1027 3542 '0
1047 3489 1249 3560 Κύριος
1269 3487 1435 3542 αὑτοῦ
1462 3488 1648 3559 χρείαν
1671 3489 1808 3558 ἔχει.

222 3588 338 3640 Καὶ
369 3586 574 3657 ἤγαγον
605 3585 764 3638 αὐτὸν
799 3583 936 3654 πρὸς
969 3581 1060 3637 τὸν
1097 3580 1328 3652 Ἰησοῦν,
1361 3583 1455 3634 καὶ
1483 3580 1810 3653 ἐπιρρίψαν-

219 3695 319 3740 τες
347 3675 556 3730 ἑαυτῶν
585 3675 654 3729 τὰ
681 3676 876 3746 ἱμάτια
903 3674 998 3728 ἐπὶ
1020 3672 1112 3726 τὸν
1140 3671 1338 3738 πῶλον,
1361 3671 1696 3726 ἐπεῦίὸασαν
1715 3671 1810 3726 τὸν

233 3767 473 3839 Ἰησοῦν.
530 3766 907 3835 Πορευομένου
952 3763 1009 3817 δὲ
1042 3763 1234 3826 αὑτοῦ,
1293 3760 1710 3833 ὑπεστρώννυον
1741 3761 1811 3816 τὰ

236 3862 436 3932 ἱμάτια
464 3858 646 3913 αὐτῶν
674 3859 734 3911 ἐν
767 3861 834 3928 τῇ
862 3856 985 3924 όδῷ.
1033 3855 1374 3924 Ἐγγίζοντος
1423 3854 1480 3906 δὲ
1519 3852 1681 3908 αὑτοῦ
1708 3853 1808 3924 ἤδη

225 3951 371 4024 πρὸς
396 3954 462 4023 τῇ
501 3949 800 4004 καταϐάσει
825 3949 916 4002 τοῦ
950 3948 1110 4019 ὅρους
1145 3946 1252 4000 τῶν
1291 3945 1539 4008 Ἐλαιῶν,
1580 3943 1811 4015 ἤρξαντο

226 4045 380 4100 ἃπαν
407 4044 468 4096 τὸ
500 4043 703 4111 πλῆθος
734 4041 844 4094 τῶν
890 4039 1151 4110 μαθητῶν
1174 4038 1480 4109 χαίροντες,
1515 4038 1687 4090 αἰνεῖν
1716 4036 1810 4091 τὸν

227 4139 365 4191 Θεὸν
400 4139 550 4208 φωνῇ
597 4134 805 4208 μεγάλῃ
831 4133 959 4204 περί
988 4133 1198 4198 πασῶν,
1230 4126 1307 4186 ῶν
1335 4127 1476 4184 εἶδον
1503 4130 1806 4200 δυνάμεων,

228 4231 482 4297 λέγοντες
501 4246 516 4261 ο
545 4227 915 4298 Εὐλογημένος
942 4226 970 4278 6
997 4225 1287 4296 ἐρχόμενος
1331 4223 1589 4286 Βασιλεὺς
1611 4224 1668 4275 ἐν
1691 4221 1811 4274 ὀνόσ-

233 4316 610 4386 ματιΚυρίου.
640 4316 843 4386 Εἰρήνη
867 4316 924 4367 ἐν
949 4314 1183 4385 οὐρανῷ,
1203 4316 1296 4368 καὶ
1316 4314 1444 4380 δόξα
1457 4315 1518 4366 ἐν
1539 4313 1804 4383 ὑψίστοις.

1911 3201 2152 3258 solvitis?
2177 3204 2256 3258 sic
2281 3202 2471 3257 dicetis
2495 3202 2542 3256 ei
2568 3221 2579 3256 :
2605 3201 2742 3266 Quia
2770 3201 3032 3256 Dominus
3050 3217 3116 3256 eo
3144 3217 3279 3273 opus
3302 3203 3484 3260 habet.

1909 3294 2177 3350 Abiertmt
2199 3302 2379 3348 autem
2410 3295 2500 3363 qui
2524 3293 2672 3348 missi
2697 3301 2874 3356 erant,
2900 3303 2955 3348 et
2995 3293 3317 3349 invenerunt
3346 3295 3489 3350 sicut

1912 3387 2126 3442 dixerat
2165 3387 2293 3442 illis.
2329 3385 2676 3441 Solventibus
2702 3391 2882 3439 autem
2922 3386 3028 3440 illis
3062 3386 3286 3455 pullum,
3321 3388 3490 3442 dixe-

1913 3487 2037 3532 runt
2067 3478 2270 3532 domini
2305 3477 2423 3546 ejus
2458 3477 2524 3531 ad
2574 3477 2696 3531 illos
2736 3492 2750 3529 :
2789 3475 2967 3542 Quare
3000 3478 3206 3532 solvitis
3247 3477 3489 3547 pullum?

1910 3572 1978 3625 At
2007 3571 2082 3626 illi
2115 3571 2364 3625 dixerunt
2401 3587 2414 3622 :
2447 3570 2585 3637 Quia
2617 3570 2880 3625 Dominus
2908 3585 2973 3625 eo
3017 3586 3151 3639 opus
3199 3570 3383 3635 habet.
3419 3571 3487 3626 Et

1912 3666 2180 3718 duxerunt
2230 3661 2378 3715 illum
2419 3663 2485 3715 ad
2534 3660 2739 3730 Jesum,
2779 3671 2833 3716 et
2883 3659 3097 3730 injectis
3144 3661 3486 3717 vestimentis

1911 3757 2022 3812 suis
2053 3770 2216 3825 super
2235 3753 2463 3825 pullum,
2493 3753 2870 3823 imposuerunt
2888 3751 3096 3811 Jesum.
3122 3753 3290 3826 448
3309 3755 3486 3808 Eunte

1911 3860 2086 3905 autem
2124 3846 2673 3912 ill0,substernebant
2703 3846 3025 3902 vestimenta
3065 3861 3159 3900 sua
3194 3848 3246 3900 in
3280 3846 3388 3900 via.
3420 3846 3487 3900 Et

1911 3956 2031 3995 cum
2065 3921 2522 4009 appropinquaret
2547 3935 2660 4006 jam
2694 3936 2759 3991 ad
2789 3936 3114 3990 descensum
3139 3936 3343 3990 montis
3367 3934 3483 3990 Oli-

1909 4046 2118 4094 varum,
2173 4037 2459 4098 caeperunt
2513 4027 2694 4082 omnis
2750 4025 3039 4081 multitudo
3095 4026 3480 4094 discipulorum

1910 4123 2202 4192 gaudentes
2222 4120 2438 4174 laudare
2464 4117 2635 4173 Deum
2654 4132 2784 4172 voce
2812 4131 3004 4188 magna
3035 4132 3201 4186 super
3227 4118 3482 4172 omnibus

1910 4229 2046 4284 quas
2076 4213 2325 4268 viderunt
2357 4211 2671 4276 virtutibus,
2702 4210 2945 4264 dicentes
2981 4227 2995 4262 :
3041 4209 3361 4266 Benedictus
3389 4211 3480 4281 qui

1911 4308 2058 4363 venit
2086 4306 2199 4361 Rex
2225 4306 2278 4360 in
2306 4305 2518 4360 nomine
2547 4303 2781 4358 Domini.
2813 4301 2924 4356 Pax
2953 4302 3008 4357 in
3042 4303 3203 4368 cmlo,
3228 4313 3286 4358 et
3314 4302 3482 4373 gloria
3531 4361 3540 4368 _
3637 4318 3647 4328 ο

230 4408 343 4463 Καί
367 4426 510 4472 τινες
539 4408 649 4461 τῶν
676 4407 983 4477 Φαρισαίων
1021 4407 1129 4460 ἀπὸ
1177 4406 1272 4460 τοῦ
1295 4407 1453 4477 ὄχλου
1500 4402 1652 4458 εἷπον
1675 4405 1804 4477 προς

1915 4400 1969 4452 in
2001 4398 2297 4452 altissimis.
2324 4395 2389 4450 Et
2409 4396 2624 4465 quidam
2652 4395 3045 4450 Phariszeorum
3076 4410 3106 4449 e
3139 4397 3294 4450 turba
3327 4395 3481 4449 dixe-

232 4500 402 4552 αὐτόν
430 4515 444 4529 ο
485 4499 801 4561 Διδάσκαλε,
853 4498 1176 4568 ἐπιτίμησον
1203 4501 1316 4560 τοῖς
1366 4498 1638 4568 μαθηταῖς
1690 4513 1804 4549 σου.

231 4592 350 4646 Καὶ
391 4591 710 4662 ἀποκριθεὶς
753 4586 908 4642 εἶπεν
947 4590 1131 4651 αὐτοῖς
1170 4605 1184 4619 ο
1229 4590 1389 4657 Λέγω
1421 4590 1572 4667 ὑμῖν,
1603 4590 1683 4641 ὅτι
1714 4587 1809 4642 ἐὰν

231 4676 383 4736 οῦτοι
416 4685 786 4752 σιωπήσωσιν,
833 4681 883 4734 οἰ
938 4681 1074 4734 λίθοι
1110 4681 1493 4750 κεκράξονται.
1551 4699 1570 4732 ι
1615 4681 1720 4733 Δύο
1752 4682 1810 4734 ἐν

228 4771 418 4841 ταυτῷ
447 4774 476 4825 ό
498 4771 697 4842 Κύριος
721 4771 1000 4840 ὑποδηλῶν
1031 4771 1122 4823 ἐπὶ
1149 4770 1244 4823 τοῦ
1274 4770 1453 4823 πώλου
1485 4769 1717 4835 καθίζειο
1751 4769 1809 4824 ἓν

235 4863 358 4932 μὲν.
385 4863 606 4934 πληρῶν
630 4863 966 4934 προφητείαν
995 4864 1092 4932 τὴν
1116 4862 1405 4930 λέγουσαν,
1447 4862 1582 4915 Ἰδοὺ
1603 4864 1630 4915 6
1655 4861 1809 4932 βςιισι⁸

228 4952 358 5016 λεύς
407 4970 500 5008 σου
547 4953 760 5024 ἔρχεται
802 4954 1112 5024 καθήμενος
1163 4954 1254 5007 ἐπὶ
1306 4953 1428 5005 ὄνου
1455 4969 1467 4983 ο
1511 4953 1698 5022 ἕτερον
1727 4952 1806 5017 δὲ,

226 5045 511 5116 τροπικῶς
544 5047 675 5116 ἡμῖν
709 5046 1100 5114 αἰνιττόμενος,
1131 5046 1212 5098 ὅτι
1249 5045 1570 5116 ἐπιὸήσεται
1603 5046 1694 5098 ἐπὶ
1719 5044 1810 5099 τὸν

227 5141 374 5200 νέον,
410 5138 502 5190 καί.
543 5137 876 5207 ἀκάθαρτον,
926 5139 1018 5191 καὶ
1059 5137 1370 5206 ἀδάμαστον
1415 5137 1626 5190 ἐθνικὸν
1659 5138 1804 5190 λαόν.

225 5230 308 5281 Οὐ
344 5228 452 5298 γὰρ
497 5227 668 5299 δήπου
711 5229 797 5283 διά
834 5229 898 5282 τδ
951 5229 1051 5298 τῆς
1099 5227 1220 5282 ὁδοῦ
1265 5230 1439 5299 μῆκος
1489 5229 1660 5282 ἐδεῖτο
1710 5227 1807 5281 τοῦ

229 5320 530 5388 ὑποζυγίου
567 5336 580 5350 '
625 5322 654 5375 6
687 5323 795 5393 γὰρ
853 5324 1032 5377 πᾶσαν
1092 5321 1377 5376 Γαλιλαίαν
1411 5323 1508 5378 καὶ
1551 5322 1810 5375 Ἰουδαίαν

229 5413 373 5481 πεζῇ
403 5410 846 5483 περιερχόμενος,
887 5414 1005 5478 πῶς
1051 5415 1116 5470 ἂν
1143 5415 1252 5468 ἀπὸ
1285 5413 1559 5484 Βηθανίας
1587 5416 1668 5478 εἰς
1712 5413 1809 5466 Ἰε-

235 5503 520 5574 ρουσαλὴμ
540 5503 710 5568 διῖὼν,
743 5505 935 5577 ἐδεήθη
962 5505 1057 5560 τοῦ
1085 5507 1287 5573 πώλου,
1321 5507 1504 5576 ὀλίγου
1539 5507 1691 5570 ὄντος
1712 5505 1806 5559 τοῦ

231 5595 622 5664 διαστήματος,
652 5596 729 5661 ὡς
779 5598 976 5660 πάντες
1007 5597 1216 5664 foueri;
1265 5599 1446 5672 Ὅπερ
1491 5593 1585 5653 οὖν
1629 5593 1804 5665 εἷπον,

237 5683 515 5753 μυστικῶς
546 5685 716 5738 ταῦτα
752 5689 911 5742 ποιεῖ.
945 5687 1236 5758 Δεδεμένος
1267 5687 1323 5740 δέ
1349 5685 1418 5758 ἦν
1447 5689 1475 5742 6
1509 5687 1684 5754 πῶλος
1710 5692 1806 5742 καὶ

308 5798 387 5829 ⁸⁸⁸
411 5799 599 5854 Matth.
640 5815 752 5864 xxi,
794 5801 848 5856 5.

1914 4500 2037 4544 runt
2079 4492 2143 4542 ad
2178 4489 2368 4543 illum:
2408 4488 2680 4557 Magister,
2732 4488 2952 4555 increpa
2997 4486 3290 4555 discipulos
3337 4495 3481 4540 tuos.

1910 4582 2114 4647 Quibus
2149 4583 2262 4650 ipse
2295 4582 2370 4634 ait
2407 4599 2420 4634 :
2450 4581 2582 4636 Dico
2615 4583 2784 4644 vobis,
2823 4581 2965 4650 quod
3013 4579 3057 4633 si
3097 4580 3147 4631 lii
3193 4582 3480 4643 tacuerint,

1913 4689 2037 4728 mox
2077 4673 2284 4742 lapides
2335 4671 2666 4725 clamabunt.
2707 4690 2725 4723 ι
2769 4673 3027 4725 Dominus
3077 4683 3238 4738 super
3275 4668 3478 4737 pullum

1911 4768 2124 4828 sedens,
2159 4765 2266 4817 duo
2310 4763 2590 4817 declarat:
2628 4775 2788 4814 unum
2823 4762 2963 4829 quod
2993 4759 3210 4828 impleat
3249 4760 3480 4826 prephe-

1913 4858 2039 4910 tiam
2073 4857 2378 4911 dicentem:
2419 4871 2438 4904 ι
2465 4852 2602 4907 Ecce
2642 4865 2737 4904 rex
2761 4859 2886 4904 tuus
2915 4855 3068 4922 ,venit
3088 4849 3284 4903 sedens
3316 4863 3480 4916 super

1911 4949 2216 5015 asinattt'”;
2240 4965 2260 4999 ι
2286 4945 2578 5002 secundum
2599 4942 2899 5014 ﬁguraliter
2913 4942 3067 4995 nobis
3083 4939 3479 5025 ittsittuatqttod

1911 5055 2158 5098 sessurus
2188 5041 2260 5095 sit
2285 5053 2447 5110 super
2492 5051 2694 5092 novum
2725 5041 2781 5091 et
2815 5032 3134 5088 indomitum
3159 5042 3214 5084 et
3242 5031 3476 5085 immort-

1911 5135 2036 5188 dutn
2073 5131 2326 5202 populum
2352 5128 2624 5200 gentilem.
2649 5125 2767 5183 Non
2792 5125 2935 5180 enim
2972 5120 3222 5176 videlicet
3259 5135 3356 5189 pro
3393 5121 3479 5174 iti—

1912 5225 2056 5280 neris
2092 5223 2420 5292 longitudine
2447 5222 2691 5292 jumeuto
2727 5233 2864 5288 Opus
2911 5214 3166 5271 habebat.
3199 5213 3298 5282 Qui
3332 5213 3476 5268 enim

1911 5331 2005 5386 per
2058 5327 2221 5370 totam
2261 5313 2536 5369 Galilaeam
2589 5321 2644 5366 et
2692 5310 2932 5366 Judaeam
2998 5307 3234 5378 peueSIri
3289 5306 3480 5359 itinere

1910 5407 2192 5470 circuibat,
2225 5402 2497 5473 quomodo
2533 5417 2562 5454 a
2595 5401 2852 5455 Bethania
2898 5394 3270 5465 iufJerusalem
3295 5404 3477 5447 trans-

1912 5501 2028 5554 iens
2071 5505 2284 5567 rogaret
2322 5505 2382 5548 ut
2414 5493 2588 5563 pullus
2631 5493 2730 5548 sibi
2783 5492 3040 5558 daretur,‘
3081 5504 3201 5544 cmn
3247 5505 3352 5542 non
3407 5485 3481 5539 sit

1913 5600 2059 5646 tanta
2087 5587 2364 5651 distantia,
2397 5595 2457 5640 ut
2493 5585 2670 5640 sciunt
2700 5583 2925 5638 omnes?
2955 5581 3208 5643 Proinde,
3244 5590 3304 5632 ut
3327 5576 3477 5629 dice-

1912 5689 2058 5752 bum,
2090 5683 2315 5756 mystica
2338 5679 2622 5737 sunthaec.
2655 5675 2881 5734 Vinctus
2919 5685 3096 5732 autem
3119 5681 3235 5730 erat
3270 5668 3475 5742 pullus,
