3870 6566
417 360 550 428 1031

1297 340 1880 410 TIIEOPIIYLACTI
1928 306 2341 399 immania:
2384 336 2734 398 ABClllEP.

3520 331 3667 398 10"!

414 492 470 538 et
502 477 750 534 dominos
788 468 1016 529 habebat
1038 466 1234 524 mullos
1266 486 1278 521 :
1306 468 1399 521 scd
1428 465 1636 521 solutus
1660 470 1746 520 est
1772 462 1841 515 ab
1863 473 1985 528 apo-

2090 454 2309 526 κυρίους
2337 449 2451 525 εἶχε
2479 452 2727 518 πολλοὺς,
2749 452 2886 507 ἀλλᾶ
2913 451 3095 508 λύεται
3120 452 3273 524 παρὰ,
3296 452 3406 507 τῶν
3430 453 3671 510 ἀποστύο

240 592 247 597 '
324 606 325 609 η
415 572 589 636 stolis,
622 571 722 623 hoc
759 576 842 621 est
898 563 967 619 al)
1012 562 1096 616 liis
1142 561 1233 629 qui
1276 558 1423 614 missi
1468 557 1705 611 fuerunt.
1754 555 1983 609 Sensum

413 672 591 716 autem
643 659 784 713 hunc
827 654 993 709 habet
1030 647 1324 709 :Betliaiiia
1357 645 1572 715 quidem
1618 643 1809 696 domus
1839 639 1982 692 obe-

413 754 628 810 dientia:
650 753 1053 818 interpretatur,
1080 739 1393 811 Bethphage
1421 752 1570 800 vero,
1590 737 1779 790 domus
1802 729 1984 784 maxil-

413 848 610 901 larum.
641 842 771 897 Erat
789 853 918 895 sane
942 840 1093 891 vicus
1128 833 1488 889 sacerdotum.
1513 826 1725 881 Etenim
1752 822 1984 878 maxillae

412 935 781 992 sacerdotibus
822 930 1107 992 dahmtur,
1154 926 1298 980 sicut
1334 923 1388 977 in
1425 922 1540 989 lege
1577 918 1836 986 Scriptum
1876 923 1982 970 est.

414 1025 688 1080 lndieatur
718 1032 893 1075 autem
925 1034 1020 1088 per
1045 1015 1291 1071 maxillas
1310 1026 1488 1067 sermo
1515 1009 1794 1070 doctrinae,
1823 1020 1981 1075 quem

415 1118 733 1189 spirituales
765 1114 994 1168 maxilla:
1026 1109 1661 1173 eﬂiciunt,ctattenuant.
1692 1099 1792 1156 Ubi
1826 1099 1987 1168 igitur

413 1210 604 1263 donius
634 1206 902 1262 sermonis
920 1203 1196 1265 doctrinae;
1222 1209 1275 1253 et
1309 1196 1630 1251 obedientize
1652 1208 1779 1262 erga
1810 1192 1981 1253 illiilli,

412 1300 541 1354 illuc
568 1300 852 1352 mittuntur
880 1291 1123 1361 discipuli
1146 1288 1384 1351 Domini,
1409 1296 1463 1340 et
1490 1286 1705 1339 solvunt
1727 1280 1983 1352 populum

412 1395 621 1448 catenis
654 1399 995 1460 peccatorum
1034 1386 1278 1453 ligatum,
1314 1380 1603 1446 multisque
1631 1376 1779 1430 curis
1815 1374 1938 1425 vita:
1968 1387 1982 1424 :

409 1494 465 1539 et
499 1499 595 1551 pro
619 1498 680 1537 eo
716 1479 856 1548 quod
894 1476 1054 1530 habet
1103 1474 1298 1528 multos
1352 1470 1596 1524 dominos
1629 1476 1682 1520 et
1715 1469 1868 1530 deos,
1902 1463 1983 1516 fa-

410 1580 561 1630 ciunt
582 1588 703 1629 eum
741 1571 940 1625 habere
967 1583 1133 1621 unum
1167 1564 1449 1618 Dominum
1474 1559 1657 1616 Jesnm
1687 1559 1983 1619 Christum,

410 1679 464 1724 et
499 1682 662 1721 unum
695 1664 860 1716 Di-uiu
895 1660 1132 1715 Patrem.
1172 1655 1278 1711 Ubi
1314 1665 1491 1708 autem
1537 1666 1641 1706 non
1678 1658 1764 1703 est
1797 1649 1986 1702 domus

409 1755 749 1819 obedientia',
795 1754 877 1807 vel
916 1750 1188 1820 susceptio
1233 1748 1379 1804 verbi
1427 1745 1707 1806 doctrinm,
1743 1741 1816 1795 ibi
1854 1741 1982 1794 illud

409 1870 515 1909 iion
555 1854 631 1919 lit,
669 1865 848 1920 neque
881 1848 1056 1918 pullus
1092 1846 1340 1901 solvitur.
1367 1843 1533 1919 .Diios
1560 1849 1737 1893 autem
1789 1837 1986 1891 missos

409 1960 551 2011 esse,
586 1944 687 1999 hoc
732 1942 865 2007 vult,
907 1940 1132 2009 quodin
1179 1936 1499 1990 adductione
1549 1931 1727 2002 populi
1777 1929 1987 1999 gentilis

411 2040 477 2093 ad
499 2038 776 2093 Christum
811 2043 869 2087 ut
894 2031 1145 2086 obediant
1175 2028 1247 2092 ei,
1277 2027 1381 2081 duo
1415 2025 1633 2081 ordines
1660 2022 1983 2083 ministrent,

409 2127 709 2198 prophetae,
744 2135 795 2178 et
828 2120 1078 2193 apostoli.
1130 2117 1197 2172 Et
1221 2118 1421 2172 ducunt
1461 2129 1583 2168 eum
1634 2127 1699 2167 ex
1742 2111 1983 2174 castello,

410 2234 470 2277 tit
498 2223 769 2277 discamus
793 2218 962 2272 fuisse
992 2214 1246 2285 populum
1279 2210 1431 2265 valde
1460 2222 1702 2263 crassum
1730 2215 1782 2260 et
1807 2206 1988 2259 ineru—

412 2317 604 2369 ditum.
632 2312 881 2367 Nondum
910 2309 1050 2362 enim
1082 2308 1293 2362 sederat
1313 2317 1477 2371 super
1507 2316 1629 2356 eum
1690 2313 1868 2353 sermo
1899 2296 1983 2350 vel

413 2404 705 2466 Mosaieiis,
732 2401 813 2455 vel
843 2397 1209 2469 propheticus,
1249 2394 1339 2448 sed
1374 2391 1551 2462 pullus
1589 2400 1710 2443 erat
1754 2387 1987 2441 indomi-

413 2507 518 2551 tus.
553 2494 809 2561 Quamvis
854 2502 1034 2544 autem
1076 2485 1409 2554 evangelista
1446 2485 1584 2536 alius
1616 2480 1752 2534 dixit
1790 2494 1988 2548 pueros

410 2588 575 2643 fuisse
606 2588 695 2655 qui
727 2584 1033 2637 clamabant
1064 2597 1079 2633 :
1111 2577 1364 2634 ilosauna
1402 2574 1509 2629 lilio
1544 2573 1709 2627 David
1728 2572 1771 2603 "
1803 2588 1817 2625 :
1848 2578 1988 2624 atta-

413 2697 534 2733 men
569 2690 622 2732 et
657 2677 730 2731 illi
773 2674 1119 2729 insinuabant
1151 2683 1349 2725 novum
1398 2667 1676 2737 populum.
1704 2662 1986 2718 Credendo

409 2773 556 2825 enim
606 2768 786 2823 Jesuiu
841 2782 902 2820 ex
956 2765 1163 2819 semine
1217 2762 1383 2815 David
1426 2758 1721 2814 secundum
1765 2768 1984 2809 carnem

413 2859 760 2931 apparuisse,
833 2855 1057 2926 gloriam
1129 2852 1434 2906 retulerunt
1493 2847 1634 2911 Deo.
1683 2846 1983 2902 secundum

413 2950 554 3021 quod
601 2950 864 3017 scriptum
913 2955 995 2998 est
1036 2962 1049 2998 :
1095 2941 1330 3009 Populus
1367 2940 1462 3011 qui
1517 2947 1754 3005 creatur,
1795 2938 1985 2992 lauda-

414 3045 491 3098 bit
546 3038 894 3095 Dominum’.
930 3034 1392 3090 Vcstimentoruin
1437 3041 1617 3087 autem
1653 3029 1983 3095 substratio,

2086 546 2214 612 λων,
2244 545 2511 610 τουτέστι,
2540 544 2650 598 τῶν
2679 544 3110 600 ἀποσταλέντων.
3137 545 3309 599 Τοῦτο
3337 545 3394 599 δὲ
3424 546 3672 601 τοιοῦτον

2085 642 2202 691 ἐστι
2222 653 2234 667 ·
2267 637 2504 705 Βηθανία
2538 636 2637 707 μὲν
2665 633 2809 701 οἶκος
2840 636 3089 706 ὑπακοῆς
3113 636 3499 708 ἑρμηνεύεται,
3528 636 3672 707 Βηθ-

2088 734 2237 801 φαγὴ
2278 727 2519 794 δὲόἶκος
2568 732 2857 799 σιαγόνων,
2905 731 3179 803 ἱερατικὸς
3224 731 3305 783 ὢν
3330 732 3514 790 τόπος.
3558 731 3673 783 Καὶ

2085 825 2194 896 γὰρ
2222 825 2468 893 σιαγὸνες
2502 826 2613 887 τοῖς
2649 822 2886 893 ἱερεῦσιν
2919 824 3171 888 ἐδίδοντο,
3200 823 3275 886 ὡς
3306 823 3363 874 ἐν
3393 823 3473 892 τῷ
3516 821 3673 891 νόμῳ

2087 914 2524 983 ἀναγέγραπται.
2569 914 2835 984 Δηλοῦται
2863 914 2918 966 δὲ
2953 913 3042 967 διὰ
3073 914 3182 989 τῶν
3219 913 3485 981 σιαγόνων
3512 914 3543 965 ὁ
3572 912 3673 980 τῆς

2085 1006 2432 1069 διδασκαλίας
2476 1006 2651 1074 λόγος,
2688 1006 2745 1058 ὃν
2775 1006 2832 1058 αἱ
2860 1006 3089 1077 ψυχικαὶ
3118 1006 3367 1074 σιαγόνες
3398 1004 3676 1074 κατεργα-

2087 1096 2291 1162 ζονται,
2346 1101 2441 1153 καὶ
2489 1098 2872 1154 λεπτύνουσιν.
2920 1098 3089 1151 Ἔνθα
3144 1098 3326 1151 τοί.υν
3378 1094 3530 1161 οἶκος
3577 1095 3674 1149 τοῦ

2087 1189 2251 1257 λόγου
2278 1189 2371 1243 τοῦ
2416 1189 2819 1255 διδασκαλικοῦ,
2850 1190 3062 1258 καὶτῆς
3097 1191 3235 1260 πρὸς
3273 1190 3463 1243 τοῦτον
3536 1190 3681 1243 ῦπα-

2090 1284 2243 1352 κνιῆς,
2276 1284 2389 1336 ἐκεῖ
2432 1283 2739 1336 στέλλονται
2774 1286 2823 1336 οἰ
2861 1284 2951 1336 τοῦ
3000 1284 3206 1352 Κυρίου
3258 1284 3525 1351 μαθηταὶ.
3581 1282 3685 1336 καὶ

2090 1375 2275 1429 λύουσι
2332 1376 2421 1429 τὸν
2484 1378 2603 1439 ταῖς
2628 1378 2835 1445 σειραῖς
2892 1375 3175 1443 δεδεμὲκον
3227 1375 3333 1425 τῶν
3382 1375 3684 1443 ἁμαρτιῶν

2089 1468 2238 1534 λαῖν,
2272 1469 2363 1521 καὶ
2405 1471 2522 1528 ταῖς
2562 1470 2809 1537 φροντίσι
2844 1467 2937 1521 τοῦ
2968 1470 3084 1537 βίου
3108 1471 3228 1529 ταῖς
3278 1468 3527 1532 πολλαῖς,
3580 1469 3687 1519 καὶ

2088 1562 2209 1616 ἀντὶ
2232 1561 2347 1625 τοῦ,
2377 1561 2604 1620 πολλοὺς
2635 1561 2782 1631 ἔχειν
2812 1562 3054 1632 κυρίους,
3083 1563 3176 1614 καὶ
3205 1561 3382 1624 θεοὺς,
3422 1561 3686 1615 ποιοῦσιν

2090 1653 2251 1705 αὐτὸν
2274 1652 2418 1723 ἔχειν
2438 1653 2534 1706 ἕνα
2566 1653 2763 1721 Κύριον
2790 1652 3018 1723 Ἰησοῦν,
3045 1654 3137 1706 καὶ
3166 1653 3260 1705 ἕνα
3279 1654 3407 1705 Θεὸν
3423 1654 3686 1722 Πατέρα.

2091 1746 2265 1799 Ὅπου
2298 1747 2404 1816 γὰρ
2438 1748 2539 1800 οὐκ
2566 1746 2713 1800 ἐστιν
2747 1740 2893 1808 οἶκος
2927 1746 3194 1815 ὑπακοῆς,
3222 1746 3344 1799 οὐδὲ
3379 1747 3690 1818 παραδοχὴ

2090 1838 2248 1905 λόγου
2295 1836 2702 1899 διδασκαλικοῦ,
2756 1836 3000 1890 το;οῦτόν
3046 1854 3100 1889 τι
3154 1837 3215 1889 ού
3257 1838 3471 1904 γίνεται
3531 1839 3691 1900 ἐκεῖ,

2088 1930 2207 1982 οὐδὲ
2237 1927 2422 1982 λύεται
2459 1931 2486 1982 ὁ
2513 1929 2714 1991 πῶλος.
2745 1928 2850 1981 Δύο
2882 1928 2937 1981 δὲ
2971 1928 3122 1991 ὄντες
3164 1929 3212 1980 οἱ
3241 1927 3687 1996 ἀπεσταλμένοι,

2087 2022 2246 2076 τοῦτο
2276 2024 2626 2086 αἰνίττονται,
2673 2023 2753 2074 Eri
2786 2023 2852 2091 τῇ
2889 2020 2982 2075 τοῦ
3017 2020 3233 2074 ὲθνικοῦ
3277 2020 3406 2073 λαοῦ
3465 2037 3694 2093 προσαο

2089 2117 2265 2184 γωγῇ,
2299 2115 2391 2169 καὶ
2420 2117 2484 2186 τῇ
2537 2114 2672 2185 πρὸς
2717 2113 2951 2182 Χριστὸν
2997 2110 3243 2185 ὑποταγῇ
3278 2114 3372 2167 δύο
3409 2114 3693 2183 τάγματα

2089 2207 2440 2278 ὑπουργοῦσι,
2481 2208 2782 2278 προφῆται,
2812 2207 2906 2259 καὶ
2943 2206 3257 2261 ἀπόστοὶοι.
3297 2207 3405 2259 Καὶ
3442 2207 3691 2270 ἄγουσιν

2088 2300 2251 2351 αὑτὸν
2283 2297 2346 2350 ἐκ
2388 2313 2533 2359 τινος
2570 2294 2783 2366 κώμης,
2834 2294 2923 2348 ἵνα
2964 2294 3226 2365 μάθωμεν
3276 2296 3358 2349 ὅτι
3408 2293 3695 2365 ἀγροικίᾳ

2089 2389 2256 2459 πολὶῇ
2293 2389 2456 2458 συνῆν
2494 2391 2522 2441 ὁ
2552 2388 2679 2452 λαὸς
2708 2380 2862 2451 οὗτος
2897 2387 2992 2440 καὶ
3029 2386 3380 2458 ἀπαιδευσία.
3413 2385 3530 2439 Καὶ
3567 2386 3691 2455 γὰρ

2088 2481 2206 2535 οὐδὲ
2236 2480 2486 2535 ἐκάθισεν
2516 2479 2601 2533 ἐπ’
2631 2479 2792 2533 αὐτὸν
2818 2468 3071 2533 οὐδέποτε
3094 2479 3254 2547 λόγος
3285 2480 3319 2550 ἧ
3348 2480 3693 2545 Μωσαῖκὸς,

2091 2573 2124 2644 ἢ
2159 2572 2516 2641 προρητικὸς,
2546 2571 2680 2624 ἀλλὰ
2710 2571 2886 2634 πῶλος
2910 2566 2979 2642 ἦν
3006 2572 3348 2633 ἀπαίδευτος.
3380 2573 3447 2625 Εἰ
3466 2574 3526 2626 δὲ
3555 2574 3692 2637 καὶ,

2091 2666 2165 2727 ὼς
2195 2665 2380 2735 ἕτερος
2413 2665 2519 2717 τῶν
2565 2665 2968 2733 εὐαγγελιστῶν
3008 2664 3136 2734 ἔᾳη,
3202 2664 3398 2726 παῖδες
3437 2660 3593 2735 ἦσαν
3639 2665 3694 2717 οἱ

2091 2755 2322 2828 βοῶντες
2340 2757 2418 2817 τὸ,
2446 2757 2679 2810 Ὡσαννὰ
2705 2755 2780 2826 τῷ
2803 2755 2901 2826 υἱῷ
2925 2756 3107 2820 Δαυῖδ,
3132 2758 3225 2810 καὶ
3248 2751 3393 2810 οὗτοι
3427 2757 3493 2811 ἂν
3517 2757 3695 2810 ὑπαι-

2090 2848 2350 2899 νίττοιντο
2380 2846 2470 2899 τὸν
2497 2846 2659 2900 αὐτὸν
2696 2847 2814 2899 νέον
2845 2845 2991 2912 λαὸν,
3031 2846 3120 2900 διὰ
3151 2846 3245 2899 τοῦ
3288 2845 3581 2899 πιστεύειν
3615 2845 3695 2915 τῷ

2102 2938 2275 3007 Ἰησοῦ
2301 2940 2363 2990 ἐκ
2385 2937 2699 3008 σπέρματος
2721 2936 2883 2991 Δαυῖδ
2900 2938 3066 3009 σαρκὶ
3087 2938 3330 3006 φανέντι,
3347 2938 3514 3001 δόξαν
3546 2939 3697 2991 civ:-

2090 3031 2395 3099 πέμποντες
2416 3029 2536 3099 Θεῴ
2572 3030 2711 3083 κατὰ
2733 3029 2795 3082 τὸ
2822 3031 3231 3100 γεγραμμένον,
3256 3029 3402 3093 Λαὸς
3435 3032 3465 3083 ὁ
3495 3029 3697 3093 aenid-

411 3132 718 3203 siguilicare
780 3128 989 3184 videtur
1059 3127 1201 3198 quod
1272 3126 1420 3180 exuti
1485 3125 1758 3181 hominem
1824 3132 1986 3176 vete-

2093 3139 2250 3195 μενος
2273 3122 2478 3176 αἰνέσει
2498 3122 2588 3176 τὸν
2610 3122 2835 3194 Κύριον.
2851 3122 2916 3176 Ἦ
2936 3123 2991 3176 δὲ
3009 3122 3117 3175 τῶν
3137 3122 3365 3192 ἱματίων
3386 3122 3698 3193 ὑποστρω-

414 3243 547 3290 rcni,
582 3223 747 3297 449
772 3224 862 3291 qui
894 3222 1041 3291 digni
1077 3228 1201 3274 sunt
1242 3217 1461 3273 laudare
1492 3216 1704 3281 Jesuiu,
1739 3217 1985 3273 subster-

413 3323 543 3368 iiant
579 3314 724 3365 illum
759 3322 813 3365 et
866 3310 1154 3380 subjiciam
1189 3309 1288 3376 ipsi
1317 3346 1333 3372 ,
1371 3318 1428 3361 tit
1476 3324 1599 3363 cum
1655 3308 1985 3370 ascenderit,

414 3408 719 3462 sanctiticet
772 3421 928 3471 cuin,
966 3413 1021 3458 et
1059 3418 1164 3457 non
1201 3403 1341 3456 ultra
1371 3412 1634 3472 repugnet
1665 3416 1793 3456 caro
1823 3400 1989 3469 spiri-

418 3500 514 3564 tui,
541 3509 598 3552 ut
618 3508 671 3552 et
693 3498 789 3566 ipsi
818 3496 1023 3565 possint
1049 3494 1230 3549 dicere
1270 3511 1285 3548 :
1313 3493 1598 3563 Suhjectus
1632 3492 1706 3546 fui
1739 3491 1987 3556 Domino,

415 3600 471 3644 et
500 3590 647 3644 oravi
681 3604 803 3643 eum
830 3590 875 3641 ’.
924 3586 1094 3641 Porro
1127 3600 1341 3640 onmem
1382 3584 1781 3640 multitudinem
1819 3583 1989 3637 disci-

415 3683 659 3751 puloruiu
690 3680 823 3734 dixit
854 3679 1029 3734 Lucas
1053 3677 1273 3733 laudare
1306 3677 1472 3731 Deum
1510 3694 1526 3731 :
1559 3676 1858 3746 discipulos
1892 3689 1988 3731 vo-

416 3789 549 3828 cans
601 3771 919 3842 simpliciter
963 3785 1153 3826 omnes
1185 3769 1279 3838 qui
1314 3778 1614 3840 sequuntur
1633 3766 1845 3833 Jesum,
1883 3783 1989 3822 non

416 3866 591 3919 solum
630 3863 937 3929 duodecim,
970 3862 1055 3916 vel
1078 3863 1437 3931 septuagiota,
1474 3860 1567 3916 sed
1606 3874 1824 3914 onmem
1855 3858 1994 3913 mul-

417 3958 699 4011 titudiiieni
724 3971 843 4026 qua:
883 3954 965 4009 vel
1002 3960 1222 4023 prapter
1256 3951 1535 4019 miracula,
1571 3951 1658 4005 vel
1680 3953 1748 4005 ad
1782 3960 1992 4021 tempus

418 4051 732 4104 trahebatur
765 4064 796 4103 a
831 4048 1078 4102 doctrina
1127 4054 1183 4099 ut
1212 4054 1527 4115 sequeretur
1557 4043 1760 4111 Jesum,
1800 4044 1853 4097 in
1884 4059 1989 4113 qua

414 4150 468 4194 ot
491 4154 686 4209 pueros
709 4138 871 4193 fuisse
902 4137 1196 4193 verisimile
1213 4145 1298 4191 est
1332 4176 1347 4202 ,
1378 4134 1623 4191 sicutalii
1649 4135 1993 4205 evangelista:

417 4234 706 4296 dixerunt;
747 4242 797 4285 et
824 4231 877 4286 hi
916 4229 1077 4284 alllati
1101 4229 1232 4295 Deo,
1264 4243 1453 4309 regem}
1482 4228 1628 4282 illum
1661 4227 1994 4283 conﬁteban-

421 4334 508 4377 tur
541 4323 594 4377 in
619 4323 837 4378 nomine
863 4322 954 4377 Dei
989 4332 1295 4385 venturum,
1334 4322 1436 4375 hoc
1466 4331 1571 4386 est,
1601 4330 1659 4374 ut
1696 4320 1900 4384 Deum;
1940 4328 1992 4374 ct

2092 3234 2173 3280 σις
2189 3217 2346 3269 τοῦτο
2367 3216 2651 3286 σημαίνειν
2668 3215 2865 3281 ἔοικεν,
2885 3217 2965 3269 ὅτι
2983 3215 3300 3285 ὲκδυόμενοι
3321 3216 3417 3268 τὸν
3442 3215 3697 3269 παλαιὸν

2089 3308 2379 3379 ἄνθρωπον
2418 3310 2466 3360 οἰ
2511 3306 2651 3373 ἄξιοι
2690 3308 2843 3371 ὄντες
2886 3309 3076 3378 ὑμνεῖν
3109 3308 3200 3360 τὸν
3247 3307 3498 3377 Ἰησοῦν,
3550 3310 3697 3361 0:5-

2093 3401 2485 3472 στρωννύουσιν
2530 3402 2728 3468 αὐτὸν,
2757 3401 2854 3455 καὶ
2912 3400 3305 3455 ὑποτάττουσιν
3357 3401 3559 3470 αὐτῷ,
3604 3402 3699 3456 ἶνα

2090 3496 2288 3559 ἐπιϐὰς
2336 3494 2534 3565 αὑτοῦ,
2575 3496 2778 3568 ἁγιάσῃ
2816 3493 3017 3560 αὑτὸν,
3074 3494 3169 3547 καὶ
3226 3494 3428 3563 μηκέτι
3466 3495 3506 3564 ἠ
3546 3495 3698 3565 σὰρξ

2090 3590 2447 3657 ὲπανίστηται
2492 3588 2568 3659 τῷ
2601 3586 2893 3658 πνεύματι,
2946 3586 3024 3650 ὡς
3069 3586 3134 3640 ἂν
3177 3588 3270 3639 καὶ
3312 3586 3470 3640 αὐτοὶ
3511 3590 3696 3657 ἔχωσι

2103 3680 2320 3749 λέγειν,
2364 3678 2675 3749 ’Υπετάγην
2712 3678 2791 3749 τῷ
2827 3677 3041 3749 Κυρίῳ,
3067 3677 3164 3732 καὶ
3202 3678 3456 3733 ἱκέτευσα
3490 3680 3692 3736 αὐτόν.

2094 3772 2276 3828 Ἀπαν
2305 3772 2364 3826 δὲ
2400 3771 2459 3825 τὸ
2492 3771 2692 3843 πλῆθος
2720 3770 2828 3825 τῶν
2862 3770 3118 3841 μαθητῶν
3148 3770 3253 3841 εφη
3283 3770 3312 3823 6
3338 3771 3570 3832 Λουκᾶς
3609 3773 3701 3825 αἰ-

2093 3868 2203 3919 νεῖν
2239 3866 2330 3920 τὸν
2360 3864 2809 3945 Θεὸνκμαθητὰς
2833 3864 3007 3932 λέγων
3049 3862 3236 3926 ἁπλῶς
3265 3864 3397 3927 τοὺς
3443 3864 3695 3917 ἀκολουο

2093 3958 2317 4022 eoum;
2343 3958 2552 4021 πάντας
2585 3957 2664 4027 τῷ
2705 3956 2903 4028 Ἰησοῦ,
2930 3957 2991 4009 ού
3034 3955 3162 4018 τοὺς
3202 3955 3417 4010 δώδεκα
3452 3957 3697 4027 μόνους,

2091 4050 2213 4104 οὐδὲ
2242 4052 2369 4113 τοὺς
2399 4049 2792 4119 ἑϐδομήκοντα,
2824 4047 2959 4101 ἀλλὰ
3003 4047 3097 4103 τὸν
3134 4047 3293 4117 ὀχλον
3341 4049 3576 4102 ἅπαντα
3601 4052 3700 4102 τὸν

2092 4142 2126 4213 ἢ
2153 4142 2241 4195 διὰ
2268 4143 2456 4212 χρείαν
2478 4140 2791 4209 θαυμάτων,
2818 4140 2851 4211 ἥ
2884 4139 2972 4194 διὰ
2996 4140 3058 4193 τὸ
3085 4139 3225 4210 πρὸς
3258 4142 3453 4211 καιρὸν
3492 4141 3703 4209 θέλγε-ν

2094 4233 2218 4287 σθαι
2252 4234 2357 4287 ὑπὸ
2389 4234 2490 4303 τῆς
2522 4233 2866 4293 διδασκαλίας
2916 4232 3316 4287 ἀκολουθοῦντα
3357 4235 3436 4305 τῷ
3478 4233 3696 4306 Ἰησοῦ,

2092 4325 2151 4377 ἐν
2180 4319 2262 4388 οἷς
2304 4325 2452 4389 εἰκὸς
2501 4328 2595 4378 καὶ
2641 4325 2812 4393 νήπια
2853 4326 3248 4396 ἀναμεμίχθαι,
3295 4325 3442 4379 καθὰ
3498 4327 3701 4395 ἕτεροι

417 4428 601 4485 pacem
637 4415 819 4467 dicunt
861 4414 912 4466 in
950 4412 1107 4476 coelo,
1139 4426 1237 4481 pro
1267 4425 1332 4465 eo
1366 4411 1510 4479 quod
1535 4420 1656 4464 cst:
1697 4411 1986 4479 Antiquom

2094 4414 2246 4471 εἷπον
2301 4417 2704 4486 εὐαγγελισταίσ
2741 4418 3171 4489 Θεοφορούμενοι
3224 4420 3282 4472 δὲ
3313 4413 3492 4485 οὗτοι,
3531 4421 3705 4491 βασι.-

416 4501 616 4555 lielluin
660 4500 800 4569 quod
852 4500 1138 4554 habuimus
1180 4506 1367 4554 contra
1422 4499 1625 4563 Deum,
1657 4499 1982 4569 diremptum

2090 4510 2186 4565 λέα
2217 4510 2379 4563 αὑτὸν
2409 4509 2854 4579 ἁνομολογοῦσιν,
2887 4512 2943 4561 ἐν
2984 4511 3209 4581 ὀνόματι
3255 4513 3473 4580 Κυρίου
3524 4516 3701 4584 ἐρχό-

417 4600 519 4648 est.
554 4590 669 4646 Non
699 4593 841 4647 enim
869 4602 986 4646 erat
1024 4592 1075 4644 iii
1106 4595 1251 4644 terra
1303 4605 1393 4644 rex
1436 4592 1594 4655 Deus,
1626 4604 1768 4645 nunc
1805 4599 1984 4646 autem

2093 4619 2275 4672 μενον,
2307 4601 2604 4666 τουτέστιν,
2663 4601 2738 4663 ὡς
2786 4600 2938 4664 Θεὸν,
2976 4602 3091 4665 καὶ,
3133 4603 3342 4674 Εἰρήνη
3365 4605 3599 4671 ,φασὶν,
3634 4609 3705 4657 ἐν

420 4684 635 4739 invento
664 4685 771 4738 Deo
805 4698 965 4753 super
1003 4691 1228 4747 terram,
1264 4683 1455 4738 merito
1484 4697 1586 4751 pax
1637 4683 1688 4736 in
1744 4682 1904 4747 coelo,
1934 4691 1986 4736 et

2090 4692 2322 4763 οὐρανῷ,
2351 4692 2474 4745 ἀντὶ¹
2510 4691 2627 4757 τοῦ,
2669 4691 2728 4744 '0
2761 4689 2985 4753 παλαιὸς
3044 4692 3279 4762 πόλεμος
3308 4732 3327 4759 ,
3362 4692 3423 4745 ὃν
3460 4695 3709 4762 εἴχομεν

420 4777 623 4831 idcirco
665 4776 831 4848 gloria
883 4775 936 4830 in
979 4774 1281 4840 altissimis,
1320 4776 1522 4846 angelis
1564 4774 1986 4844 gloriﬁcantibns

2092 4784 2229 4855 πρὸς
2263 4784 2356 4836 τὸν
2374 4783 2528 4850 Θεὸν,
2562 4783 2850 4851 κατελύθη.
2882 4783 2958 4836 Οὐ
2988 4782 3096 4853 γὰρ
3128 4778 3196 4852 ἦν
3225 4784 3282 4835 ἐν
3316 4787 3381 4855 τῇ
3407 4788 3485 4852 γῇ
3527 4785 3713 4854 βιστ-

419 4872 475 4926 in
523 4869 723 4924 unione
757 4881 812 4922 et
836 4868 1213 4923 conciliatione
1253 4866 1343 4921 tali
1387 4882 1547 4937 quam
1603 4869 1759 4924 nobis
1808 4884 1900 4923 rex
1933 4878 1986 4923 et

2090 4877 2214 4939 λεὺς
2246 4876 2402 4940 Θεός.
2433 4877 2547 4929 Νῦν
2581 4876 2639 4930 δὶ
2662 4874 2750 4930 τοῦ
2783 4876 2916 4929 Θεοῦ
2952 4875 3249 4946 ἐρχομένου
3284 4877 3382 4930 ἐπὶ
3434 4877 3569 4946 γῆς,
3618 4882 3717 4932 εἰς·

419 4961 560 5017 Deus
606 4960 698 5031 qui
752 4960 895 5029 pullo
928 4961 1161 5026 vehitur,
1197 4960 1422 5031 largitus
1451 4971 1554 5017 est.
1592 4960 1805 5016 Etenim
1847 4961 1986 5017 istud

2099 4966 2235 5040 ρήνη
2257 4969 2480 5031 εἰκότως
2504 4970 2563 5021 ὲν
2595 4968 2833 5039 οὐρανῷ.
2876 4970 2986 5021 Καὶ
3004 4968 3094 5021 διὰ
3129 4968 3286 5021 τοῦτο
3307 4968 3445 5034 δόξα
3475 4972 3536 5021 ὲν
3559 4970 3717 5038 by.

419 5055 614 5123 ipsum,
634 5054 775 5122 quod
798 5051 937 5107 Deus
960 5053 1231 5107 exsistens
1251 5068 1415 5123 super
1443 5066 1640 5108 terram
1662 5055 1986 5122 apparuerit,

2099 5077 2269 5124 στοις,
2318 5058 2428 5113 τῶν
2482 5059 2731 5128 ἀγγέλων
2786 5057 3120 5125 δοξαζὼτων
3174 5059 3267 5112 ἐπὶ
3320 5063 3387 5130 τῇ
3451 5061 3717 5132 τοιαῦτ-ς

420 5155 475 5199 et
513 5146 566 5199 in
603 5143 819 5213 regione
851 5144 1193 5199 inimicorum
1242 5159 1460 5199 suorum
1488 5143 1874 5209 ambulaverit,
1912 5145 1986 5197 in-

2095 5152 2309 5218 ἑνώσει,
2341 5155 2435 5207 καὶ
2464 5152 2803 5221 καταλλαγῇ,
2843 5152 2910 5223 ἢν
2948 5154 3081 5222 ἡμῖν
3109 5155 3137 5206 ὁ
3174 5154 3262 5206 ἐπὶ
3300 5152 3490 5206 πώλου
3522 5156 3723 5225 {prﬁ-

425 5236 569 5290 dicat
600 5234 777 5291 foedus
804 5235 1003 5292 factum
1039 5237 1184 5291 inter
1220 5250 1318 5290 nos
1340 5243 1396 5290 et
1423 5236 1623 5305 ipsum.
1649 5236 1817 5291 Porro
1850 5238 1986 5291 Pha-

2097 5264 2257 5317 μενος
2285 5246 2538 5317 βασιλεὺς
2558 5250 2647 5300 καὶ
2667 5246 2798 5310 Θεὸς
2828 5246 3141 5317 ἐχαρίσατο.
3177 5245 3320 5299 Δύτὸ
3353 5245 3471 5317 γὰρ
3499 5248 3721 5310 τοῦτον..

421 5327 565 5382 ῐίεωὶ
597 5330 1006 5385 murinurabant
1052 5328 1196 5398 quod
1231 5343 1411 5398 regem
1443 5343 1565 5383 eum
1613 5332 1986 5386 nominaverat

2095 5339 2156 5391 τὸ
2182 5338 2314 5392 Θεὸν
2354 5338 2484 5393 ὄντα
2536 5339 2627 5392 ἐπὶ
2676 5338 2780 5408 γῆς
2830 5337 3140 5407 φαίνεσθαι,
3175 5340 3264 5391 καὶ
3298 5339 3356 5389 ἐν
3406 5341 3479 5409 τῇ
3522 5341 3721 5411 χώρα

422 5419 670 5491 populus,
688 5432 742 5476 et
761 5420 903 5491 quod
928 5431 986 5477 ut
1008 5420 1174 5476 Deum
1209 5422 1542 5477 laudaverat.
1575 5422 1652 5478 Ad
1670 5424 1986 5480 seditionem

2095 5430 2253 5499 ἡμῶν
2275 5428 2384 5483 τῶν
2419 5429 2627 5499 ἐχθρῶν
2661 5429 2826 5485 αὑτοῦ
2866 5430 3224 5500 περιπατεῖν,
3255 5428 3412 5498 δηλοῖ
3446 5431 3721 5493 aur-5'3;

422 5513 566 5567 enim
596 5514 865 5581 pertinere
914 5528 1107 5568 nomen
1159 5515 1335 5584 regis,
1377 5523 1432 5569 et
1486 5514 1552 5569 ad
1599 5514 1986 5586 blasphemiam

2099 5521 2351 5591 γενέσθαι
2392 5522 2597 5591 μεταξὺ
2648 5522 2805 5593 ημῶν
2838 5523 2934 5575 καὶ
2975 5520 3164 5576 αὐτοῦ.
3211 5522 3275 5574 Ol.
3302 5519 3358 5573 δὲ
3386 5521 3721 5590 Φαρισαῖοι

428 5605 641 5662 Domini
687 5606 1092 5661 existimabant.
1123 5609 1193 5674 At
1244 5607 1503 5663 Dominus
1546 5626 1560 5662 :
1595 5607 1651 5662 Si
1680 5608 1760 5675 hi,
1794 5609 1986 5679 inquit,

2099 5613 2471 5683 διεγόγγυζον,
2512 5616 2594 5669 ὅτι
2625 5631 2680 5665 τε
2709 5613 2933 5685 βασιλέα
2962 5614 3126 5668 αὑτὸν
3159 5611 3407 5685 ὠνόμαζε
3436 5613 3500 5665 τὸ
3558 5614 3723 5687 πλῆ-

490 5789 536 5823 ⁹⁹
571 5788 757 5843 Mattli.
816 5801 930 5852 XXI,
972 5788 1023 5842 9.
1106 5790 1117 5819 ¹
1159 5788 1300 5845 Psal.
1333 5804 1402 5857 cx,
1448 5791 1523 5847 l9.
1603 5792 1621 5821 '
1650 5790 1787 5847 l’sal.
1839 5808 2017 5861 xxm,
2047 5794 2097 5850 6.
