3932 6456
224 398 338 460 θος,
364 396 458 448 καὶ
487 397 566 450 ὅτι
611 395 686 460 ὡς
710 396 842 449 Θεὸν
895 396 1054 450 αὑτὸν
1086 394 1286 464 ὕμνουν
1321 409 1335 424 ο

221 489 332 557 γὰρ
371 488 558 558 φέρειν
595 488 654 546 τὺ
683 489 775 544 τοῦ
816 487 1077 558 βασιλέως
1115 487 1284 555 ὃνομα
1330 486 1794 553 ἐπιφημιζόμενον

223 579 396 648 αὐτῷ,
419 580 514 632 καὶ
538 581 616 641 εἰς
638 578 984 648 βλασφημίαν
1004 576 1098 629 τοῦ
1115 577 1340 647 Κυρίου.
1373 577 1432 628 '0
1451 576 1528 628 δέ’
1561 576 1686 630 Ἐὰν
1702 571 1798 630 οὗ-

221 687 328 734 τοι,
355 672 507 738 φησι,
534 672 900 741 σιωπήσωσιν,
922 669 972 721 οἰ
1001 667 1138 721 λίθοι
1168 667 1546 736 κεκράξονται.
1579 669 1670 738 Μὴ
1689 667 1796 738 γάρ

926 282 1368 346 ΕΝΑΒΒᾹΤΙΟ
1402 283 1484 342 IN
1519 283 1809 344 EVANGE

1914 285 2014 344 U31
2049 285 2286 348 LUCr’E,
2315 283 2539 344 -CAP
2592 281 2749 340 XIX.

1389 397 1465 457 εἰς
1508 395 1798 465 ἀνταρσίαν

1914 395 2191 458 ηειοιιοτῑιιι,
2226 394 2430 462 lapides
2473 392 2804 448 clamabunt.
2837 389 3001 458 Quasi
3051 391 3256 447 diceret
3293 407 3306 450 :
3357 388 3472 444 Non

3321 275 3459 347 101i

1903 485 2014 538 lucc
2036 484 2335 552 loquuntur
2365 484 2608 536 homines
2632 493 2690 537 ut
2732 482 2861 537 mihi
2895 482 3287 551 gratificentur,
3317 483 3413 535 sed
3439 497 3466 534 ιι

1902 577 2195 630 virtutibus
2247 584 2300 628 et
2347 574 2626 630 miraculis
2681 589 2802 644 quas
2853 575 3123 641 viderunt,
3176 575 3381 630 inducti
3417 581 3472 627 et

1905 668 2192 737 campulsi,
2226 669 2364 721 hanc
2391 659 2781 722 confessionem
2817 677 2870 721 et
2893 668 3116 736 gloriam
3147 667 3398 721 oll'erunt.

221 767 720 838 καταχαριζόμενοί
753 785 844 838 μοι
871 765 1044 820 ταῦτά
1070 781 1233 834 φασιν
1261 764 1310 816 οί
1334 761 1633 833 ἅνθρωποι,
1676 763 1790 816 ἀλλ’
1831 765 1937 818 ἀπὸ
1999 763 2204 831 πασῶν,
2229 759 2304 817 ὧν
2336 758 2495 828 εἶδον,
2522 762 2802 832 δυνάμεων
2837 762 3168 838 πειθόμενοι,
3209 763 3304 825 καὶ
3369 779 3471 814 κα-

219 861 691 931 ταναγκαζόμενοι
751 860 956 927 ταύτην
1021 858 1118 928 τὴν
1183 854 1491 925 δοξολογίαν
1549 858 1937 928 προσφέρουσι.

304 975 322 1006 ι
367 958 475 1008 Καὶ
512 954 586 1017 ὡς
643 957 872 1026 ήγγισεν
912 954 1035 1009 ἰδὼν
1070 955 1167 1026 τὴν
1217 954 1396 1019 πόλιν,
1427 951 1688 1005 ἔκλαυσεν
1717 951 1804 1005 ἐπ’

221 1049 386 1115 αὐτῇ,
437 1045 610 1112 λέγων
661 1046 767 1110 ὅτι,
831 1047 891 1099 Εἰ
926 1046 1096 1114 ἔγνως
1131 1046 1226 1099 καὶ
1270 1044 1357 1109 σὺ,
1413 1043 1507 1097 καί
1554 1059 1617 1110 γε
1653 1044 1709 1095 ἐν
1737 1043 1803 1112 τῇ

226 1139 414 1207 ἡμέρᾳ
443 1154 535 1190 σου
597 1137 772 1209 ταύτῃ
820 1138 888 1190 τά
939 1139 1071 1210 πρὸς
1138 1139 1363 1207 εἰρήνην
1414 1152 1527 1188 σου.
1576 1133 1690 1187 Νῦν
1749 1132 1806 1185 δὲ

221 1227 434 1297 ἐκρύϐη
466 1227 572 1280 ἀπὸ
603 1228 896 1296 ὀφθαλμῶν
922 1245 1036 1282 σου.
1067 1229 1188 1280 Ὅτι
1218 1227 1440 1296 ἥξουσιν
1469 1223 1676 1296 ἡμέραι
1711 1223 1804 1276 ἐπὶ

224 1323 312 1385 σὲ,
340 1321 432 1374 καὶ
472 1318 861 1389 περιϐαλοῦσιν
891 1322 940 1373 οἰ
970 1320 1155 1391 ἐχθροί
1204 1329 1297 1374 σου
1327 1318 1545 1392 χάρακά
1576 1335 1680 1381 σοι,
1709 1315 1805 1368 καὶ

224 1412 708 1482 περικυκλώσουσί
741 1430 822 1476 σε,
849 1413 944 1465 καὶ
970 1411 1251 1477 συνέξουσί
1288 1431 1346 1466 σε
1383 1410 1668 1474 πάντοθεν,
1710 1408 1804 1461 καὶ

224 1503 510 1571 ἐδαφιοῦσί
538 1520 618 1566 σε,
643 1503 735 1556 καὶ
761 1504 828 1555 τά
856 1504 1022 1556 τέκνα
1054 1520 1147 1556 σου
1179 1505 1237 1556 ἐν
1273 1505 1374 1567 σοὶ,
1408 1505 1501 1555 καὶ
1539 1501 1636 1554 οὐκ
1661 1500 1803 1570 ἁφή-

228 1610 422 1646 σουσιν
451 1593 508 1644 ἐν
541 1594 623 1646 σοι
660 1592 806 1646 λίθον
840 1594 932 1646 ἐπὶ
960 1593 1113 1663 λίθῳ,
1135 1592 1252 1648 ἀνθ’
1285 1588 1360 1647 ὧν
1387 1595 1487 1648 οὐκ
1517 1592 1688 1660 ἔγνως
1712 1593 1802 1644 τὸν

227 1687 426 1757 κατρδιν
460 1687 559 1754 τῆς
619 1689 924 1758 ἐπισκοπῆς
954 1706 1069 1744 σου.
1102 1707 1122 1740 ι
1162 1689 1351 1744 κλαίει
1396 1690 1488 1741 ἐπι
1547 1691 1612 1760 τῇ
1650 1688 1800 1742 πόλει

1977 950 2136 1012 Vens.
2175 951 2365 1015 41-44.
2410 967 2432 1003 ι
2472 950 2540 1008 Et
2570 959 2625 1005 ut
2657 948 3128 1018 appropinquavit,
3163 949 3351 1008 videns
3397 951 3478 1003 cl-

1905 1043 2147 1107 vitatem,
2179 1043 2322 1098 llevit
2347 1059 2510 1114 super
2542 1041 2704 1108 illam,
2740 1041 2924 1095 dicens
2955 1057 2969 1094 :
3017 1039 3072 1094 Si
3107 1041 3473 1110 cognovisses,

1904 1144 1960 1192 et
1987 1144 2063 1198 tu,
2125 1144 2180 1193 et
2217 1136 2430 1204 quidem
2466 1136 2518 1190 in
2569 1135 2672 1190 isto
2712 1134 2798 1189 die
2851 1142 2980 1200 tuo,
3013 1148 3134 1202 qua:
3174 1133 3242 1188 ad
3281 1145 3471 1200 pacem

1905 1233 2070 1278 tuam.
2102 1225 2252 1279 Nunc
2301 1235 2479 1280 autem
2529 1227 2844 1282 abscondita
2877 1234 3004 1282 sunt
3046 1225 3112 1278 ab
3143 1225 3314 1279 oculis
3341 1224 3474 1292 t’uis,

1904 1316 2027 1390 quia
2063 1317 2272 1370 venient
2303 1317 2417 1370 dies
2451 1317 2502 1370 in
2531 1327 2602 1382 te,
2645 1327 2698 1370 et
2732 1317 3146 1372 circumdabnnt
3183 1324 3232 1370 te
3263 1314 3469 1368 inimici

1906 1407 1978 1459 tui
2013 1407 2174 1470 vallo,
2208 1416 2261 1460 et
2285 1407 2502 1478 cingent
2533 1418 2582 1469 te
2607 1416 2664 1464 et
2688 1408 3118 1480 coangustabunt
3137 1415 3188 1461 te
3216 1408 3472 1476 undique,

1903 1507 1958 1551 et
1984 1497 2099 1552 solo
2127 1499 2417 1568 aequabunt
2453 1509 2524 1564 te,
2563 1509 2616 1555 et
2643 1499 2780 1555 ﬁlios
2804 1509 2924 1556 luos
2951 1499 3043 1569 qui
3074 1498 3126 1554 in
3168 1507 3218 1552 te
3243 1509 3391 1562 sunt,
3422 1505 3476 1557 et

1902 1603 2016 1641 non'
2063 1588 2369 1659 relinquent
2430 1591 2485 1644 in
2535 1600 2585 1646 te
2641 1591 2868 1660 lapidem
2901 1605 3064 1660 super
3115 1589 3370 1659 lapidein,
3409 1604 3474 1642 eo

1903 1681 2044 1749 quod
2073 1697 2180 1736 non
2208 1684 2523 1752 cognoveris
2547 1693 2756 1753 tempus
2782 1683 3106 1739 visitationis
3146 1691 3268 1739 tum.
3303 1701 3322 1737 ι
3356 1682 3476 1738 Plo-

224 1781 310 1843 ὡς
341 1781 737 1850 φιλάνθρωπος,
773 1782 837 1834 οὐ
887 1783 994 1853 γάρ
1033 1781 1226 1852 ἤθελεν
1279 1781 1542 1836 ἀπολέσαι
1575 1783 1700 1845 τοὺς
1745 1783 1802 1833 ἐν

1914 1783 1986 1826 rat
2018 1787 2180 1840 super
2225 1774 2442 1828 civitate
2470 1783 2527 1827 ut
2588 1775 2917 1840 misericors,
2972 1773 3160 1830 nolens
3188 1775 3338 1845 perdi
3379 1787 3475 1840 ens

227 1873 406 1945 ταύτῃ
452 1873 538 1925 διὰ
588 1873 648 1926 τὸ
702 1872 824 1924 καθ’
871 1874 1035 1926 αὑτοῦ
1069 1873 1345 1943 τόλμημα.
1390 1872 1670 1925 Δείκνυσιν
1713 1867 1806 1925 οῦν

229 1965 307 2016 τὶ
358 1964 638 2032 σπλάγχνα
675 1963 768 2015 τοῦ
819 1962 999 2025 ἐλέους
1056 1964 1144 2016 διά
1191 1963 1286 2016 τοῦ
1342 1962 1645 2033 κλαυθμοῦ.
1683 1963 1805 2015 Ὅτι

230 2056 347 2123 γὰρ
385 2053 531 2123 ἠλέει
579 2052 775 2114 αὐτοὺς
814 2052 904 2105 καὶ
937 2052 999 2104 οὐ
1044 2051 1203 2120 μόνον
1246 2051 1353 2122 πρὸ
1405 2051 1499 2104 τοῦ
1546 2049 1804 2122 σταυροῦ,

228 2144 375 2204 ἀλλὰ
409 2143 502 2195 καὶ
567 2141 702 2212 μετὰ
752 2139 845 2192 τὸν
899 2140 1130 2211 σταυρὸν
1175 2140 1270 2194 καὶ
1320 2141 1418 2210 τὴν
1472 2141 1808 2210 ἐπιστροφὴν

231 2236 416 2296 αὐτῶν
443 2234 621 2301 ἐδίψα,
643 2232 802 2302 δῆλον
831 2233 894 2284 ἐκ
921 2231 1014 2285 τοῦ
1047 2231 1185 2302 μετὰ
1209 2231 1446 2286 τοσαῦτα
1477 2233 1594 2304 ἐτη,
1645 2249 1806 2303 τρια-

231 2327 568 2386 κονταπέντε
613 2327 722 2396 γάρ
787 2323 1166 2395 παρέδραμον,
1213 2322 1549 2394 παραδοῦναι
1613 2325 1809 2387 αὐτοὺς

230 2422 350 2482 τοῖς
392 2419 701 2487 Ῥωμαίοις.
742 2417 966 2479 Πάντως
1000 2415 1108 2486 γὰρ
1138 2413 1206 2468 δι’
1230 2415 1381 2469 οὐδὲν
1418 2415 1546 2470 ἄλλο
1578 2415 1675 2485 τὴν
1723 2433 1805 2468 τι·

237 2511 454 2584 μωρίαν
487 2509 829 2572 ἀνεϐάλλετο,
861 2507 894 2579 ἢ
926 2507 1014 2562 διὰ
1050 2509 1149 2579 τὴν
1182 2507 1480 2577 ἐπιθυμίαν
1536 2508 1633 2576 τῆς
1685 2508 1808 2560 ἐπι-

235 2602 479 2672 στροφῆς
531 2601 733 2656 αὐτῶν.
791 2601 984 2655 Κλαίει
1018 2599 1111 2653 οὖν
1155 2600 1254 2672 τὴν
1302 2600 1662 2671 ἀναισθησίαν
1710 2602 1810 2668 τῆς

247 2691 628 2764 Ἰερουσαλὴμ,
670 2692 763 2745 καί
799 2707 982 2762 φησιν·
1021 2692 1082 2744 Εἰ
1121 2690 1292 2759 ἐγνως
1330 2691 1424 2746 καὶ
1454 2691 1517 2745 σὺ
1542 2691 1636 2745 καί
1662 2708 1726 2761 γε
1753 2693 1810 2744 ἐν

235 2787 307 2853 τῇ
337 2784 521 2854 ἡμέρᾳ
553 2783 726 2855 ταύτῃ
757 2785 826 2837 τά
856 2784 992 2854 πρὸς
1034 2784 1256 2855 εἰρήνην
1286 2800 1405 2844 σου,
1429 2783 1725 2847 τουτέστιν,
1762 2784 1809 2834 εἰ

244 2878 422 2944 ἔγνως
449 2878 542 2930 νῦν
575 2878 610 2932 ἆ
641 2895 725 2931 σοι
757 2879 1045 2950 συμφέρει,
1067 2878 1160 2932 καὶ
1179 2878 1408 2949 εἰρήνην
1443 2878 1536 2932 καὶ
1562 2875 1811 2931 ἀνάπαυ-

239 2987 328 3022 σιν
367 2971 579 3036 ἐπάγει,
613 2969 648 3023 ᾶ
677 2969 798 3026 τινά
823 2971 962 3022 εἰσιν
991 2972 1022 3040 ή
1055 2969 1236 3034 πίστις
1262 2971 1295 3040 ἡ
1327 2969 1463 3040 πρὸς
1494 2970 1615 3040 ἐμὲ,
1643 2970 1732 3023 καὶ
1753 2967 1814 3021 τὸ

240 3061 580 3128 ἀποσχέσθαι
613 3061 710 3129 τῆς
749 3062 869 3118 κατ’
901 3060 1036 3129 ἐμοῦ
1086 3061 1401 3132 ἐπιϐουλῆς.
1434 3060 1550 3114 Νῦν
1577 3059 1636 3113 δὲ
1673 3062 1809 3113 άπε-

238 3150 422 3220 κρύϐη
473 3151 580 3203 ἀπὸ
626 3150 918 3222 ὀφθαλμῶν
944 3169 1060 3219 σου,
1095 3153 1176 3206 ὅτι
1206 3152 1274 3206 δι’
1303 3151 1403 3221 ἐμὲ
1443 3151 1536 3204 τον
1578 3151 1681 3204 ὑπὸ
1715 3151 1810 3204 σοῦ

238 3240 623 3311 ἁθειούμενον,
657 3241 1062 3312 καταλήψονται
1100 3259 1160 3296 σε
1211 3243 1359 3296 κακά
1397 3243 1668 3314 ἀφόρητα,
1719 3244 1812 3295 καὶ

237 3334 370 3385 τάδε
401 3334 494 3386 καὶ
525 3335 651 3386 τάδε
680 3335 864 3407 πείσῃ,
891 3334 1004 3387 ἀνθ’
1036 3327 1112 3388 ὧν
1135 3337 1233 3388 οὐκ
1263 3334 1434 3402 ἔγνως
1474 3335 1565 3387 τὸν
1616 3332 1804 3403 καιρὸν

237 3427 344 3493 τῆς
375 3429 675 3496 ἐπισκοπῆς
707 3445 821 3492 σου,
859 3429 1126 3492 τουτέστι,
1177 3428 1278 3500 τῆς
1316 3431 1458 3498 ἐμῆς
1484 3427 1808 3498 παρουσίας,

239 3518 336 3569 ὅτε
380 3513 543 3588 ἦλθον
585 3519 982 3589 ἐπισκέψασθαι
1031 3536 1090 3572 σε
1143 3520 1238 3574 καὶ
1295 3519 1489 3572 σῶσαι.
1523 3520 1672 3572 Ἔδει
1719 3514 1810 3572 οῦν

239 3608 450 3676 γνῶναί
484 3624 541 3662 σε
572 3608 638 3661 τὰ
685 3610 818 3679 πρὸς
859 3610 1082 3680 εἰρήνην
1134 3625 1249 3674 σου,
1289 3609 1384 3661 καὶ
1411 3608 1698 3664 πιστεῦσαι
1733 3609 1812 3668 εἰς

241 3701 373 3769 ἐμὲ,
417 3701 506 3752 καὶ
535 3696 677 3770 εἶχες
709 3701 774 3754 ἂν
797 3701 1019 3771 εἰρήνην
1056 3700 1162 3754 ἀπὸ
1193 3700 1304 3755 τῶν
1337 3700 1623 3770 Ῥωμαίων
1646 3740 1662 3765 ,
1718 3701 1813 3753 καὶ

240 3795 429 3862 πάσης
474 3792 768 3855 κακώσεως
817 3793 1160 3863 ἀπαλλαγήν.
1195 3794 1302 3846 Καὶ
1352 3793 1463 3861 γὰρ
1499 3796 1547 3847 οἰ
1590 3791 1810 3846 πιστεύ-

242 3903 440 3949 σαντες
467 3886 544 3956 τῷ
570 3886 788 3956 Χριστῷ
823 3887 1044 3951 πάντες,
1071 3887 1170 3956 τῆς
1224 3887 1475 3952 ἁλώσεως
1523 3887 1812 3957 ὑπέρτεροι

240 3981 554 4047 γεγόνασιν,
577 3979 712 4032 ὥστε
765 3979 814 4031 εί
868 3981 1064 4042 πάντες
1115 3978 1463 4044 ἐπίστευσαν,
1519 3979 1693 4042 οὐδεὶς
1747 3978 1812 4032 ἂν

240 4071 408 4133 ἑάλω.

325 4181 344 4210 ι
392 4163 498 4216 Καὶ
545 4162 800 4216 εἰσελθὼν
840 4165 918 4224 εἰς
964 4163 1025 4215 τὸ
1081 4163 1242 4233 ἱερὸν,
1281 4161 1482 4234 ἤρξατο
1533 4161 1814 4216 ἐκϐάλλειν

242 4256 375 4317 τοὺς
407 4255 716 4318 πωλοῦντας
762 4258 820 4309 ἐν
867 4255 1016 4324 αὑτῷ
1060 4255 1154 4308 καὶ
1200 4254 1588 4325 ἀγοράζοντας,
1639 4253 1814 4322 λέγων

235 4347 471 4408 αὑτοῖς·
505 4347 838 4414 Γέγραπται,
885 4345 942 4400 Ὀ
985 4342 1130 4409 οἶκός
1179 4363 1278 4417 μου
1331 4344 1477 4408 οἶκος
1508 4347 1814 4416 προσευχῆς

1904 1869 1994 1933 qui
2038 1866 2088 1918 in
2113 1865 2223 1926 illa,
2250 1873 2470 1935 propter
2499 1863 2707 1920 facinus
2733 1875 2920 1922 contra
2960 1880 3041 1920 se.
3081 1864 3332 1924 Ostendit
3381 1866 3477 1920 ita-

1906 1971 2010 2026 que
2043 1957 2254 2010 viscera
2306 1957 2691 2012 misericordim
2737 1973 2832 2026 per
2883 1957 3088 2012 Iletum.
3138 1957 3289 2031 Quod
3330 1957 3474 2012 enim

1908 2047 2264 2101 miserebatur
2292 2049 2392 2112 eis,
2417 2059 2470 2102 et
2498 2065 2601 2102 non
2643 2050 2818 2114 solum
2849 2061 2974 2104 ante
3009 2065 3248 2112 crucem,
3289 2051 3384 2105 sed
3424 2060 3478 2113 et

1907 2147 2026 2208 post
2057 2155 2272 2194 crucem
2330 2141 2492 2195 etiam
2530 2142 2938 2208 conversionem
2986 2157 3176 2196 eorum
3239 2142 3476 2210 sitiebat,

1908 2230 2256 2286 manifestum
2298 2242 2382 2287 est
2431 2248 2497 2287 ex
2534 2248 2599 2288 eo
2636 2233 2777 2304 quod
2802 2242 2921 2308 post
2969 2235 3188 2304 triginta
3242 2235 3480 2305 quinque

1910 2337 2080 2379 annos
2103 2323 2550 2386 Romanistraditi
2578 2335 2722 2384 sunt.
2768 2325 2902 2380 Nam
2933 2337 3152 2397 propter
3173 2328 3306 2388 nihil
3335 2328 3478 2390 aliud

1909 2415 2117 2468 distulit
2162 2415 2500 2484 supplicium,
2552 2430 2713 2485 quam
2763 2417 2907 2496 quod
2937 2419 3194 2489 cupiebat
3227 2433 3320 2474 eos
3352 2433 3480 2473 con-

1910 2507 2062 2560 verti.
2090 2505 2204 2561 Fle-t
2247 2506 2409 2576 igitur
2443 2507 2811 2578 stupiditatem
2860 2509 3028 2584 ipsius
3067 2509 3393 2576 Jerusalem,
3427 2519 3481 2567 et

1909 2597 1986 2650 ait
2018 2612 2032 2650 :
2059 2595 2113 2650 Si
2138 2597 2488 2668 cognovisses
2517 2607 2572 2654 et
2595 2608 2674 2666 tu,
2711 2609 2765 2654 et
2793 2601 3008 2670 quidem
3039 2601 3090 2655 in
3123 2604 3227 2657 isto
3256 2604 3341 2657 die
3363 2610 3477 2670 tuo,

1912 2703 2032 2756 quas
2083 2690 2148 2742 ad
2181 2703 2365 2758 pacem
2403 2698 2568 2744 tuam.
2601 2690 2711 2744 I-loc
2750 2699 2852 2754 est,
2889 2692 2933 2746 si
2969 2692 3312 2762 cognovisses
3360 2710 3480 2764 quae

1911 2794 2056 2836 nunc
2077 2782 2170 2835 tibi
2203 2781 2508 2849 conferunt,
2547 2797 2610 2839 ac
2658 2797 2844 2853 pacem
2874 2792 2931 2838 et
2963 2784 3196 2852 quietem
3229 2784 3478 2854 aﬂ‘erunt,

1913 2885 2104 2939 nempe
2126 2870 2281 2925 [idem
2305 2886 2431 2943 erga
2457 2889 2561 2939 me,
2596 2883 2648 2928 et
2675 2875 3032 2933 cessationem
3059 2890 3088 2929 a
3112 2881 3482 2947 persequendo

1914 2981 2018 3020 me.
2037 2965 2185 3022 Nunc
2199 2979 2378 3022 autem
2403 2979 2526 3023 sunt
2548 2969 2856 3024 abscondita
2885 2970 2954 3024 ab
2970 2970 3142 3025 oculis
3164 2969 3328 3048 450
3352 2973 3479 3038 tuis,

1915 3061 2055 3128 quod
2090 3070 2308 3130 propter
2326 3075 2429 3125 me,
2460 3075 2616 3130 quem
2643 3072 2694 3114 tu
2721 3063 2999 3132 mprobos,
3024 3064 3306 3119 innumera
3342 3066 3479 3118 mala

1917 3157 1968 3206 te
2002 3151 2429 3221 apprehendent,
2477 3151 2806 3222 patierisque
2851 3154 2965 3209 lucc
3015 3169 3078 3210 ac
3103 3154 3215 3220 illa,
3240 3168 3306 3210 eo
3337 3158 3480 3226 quod

1913 3257 2020 3296 non
2048 3243 2361 3311 cognoveris
2379 3252 2588 3314 tempus
2618 3244 2943 3301 visitationis
2969 3254 3090 3313 ture,
3117 3247 3221 3303 hoc
3240 3254 3341 3314 est,
3374 3249 3481 3311 mei

1913 3334 2195 3400 adventus,
2242 3334 2456 3403 quando
2514 3336 2634 3390 veni
2682 3346 2740 3390 ut
2791 3336 3076 3392 inviserem
3096 3347 3170 3405 te,
3197 3348 3253 3394 et
3301 3339 3481 3399 salva-

1913 3442 2046 3481 rem.
2083 3425 2377 3496 Oportebat
2407 3427 2567 3497 igitur
2587 3428 2730 3484 scire
2762 3438 2814 3483 te
2841 3445 2962 3499 quas
2994 3431 3060 3484 ad
3090 3446 3274 3502 pacem
3307 3441 3481 3500 tuam,

1913 3527 1972 3572 ut
1999 3520 2049 3571 in
2082 3533 2166 3572 me
2196 3519 2471 3587 crederes,
2506 3529 2559 3574 et
2593 3519 2874 3577 habuisses
2902 3522 3082 3592 utique
3101 3539 3287 3594 pacem
3311 3541 3338 3578 ιι
3370 3525 3482 3587 Ro-

1916 3611 2108 3675 manis,
2137 3618 2192 3666 et
2223 3611 2400 3667 omnis
2447 3613 2756 3678 vexationis
2811 3613 3208 3674 liberationem.
3263 3615 3476 3671 Etenim

1913 3717 2102 3756 ontnes
2124 3703 2216 3771 qui
2269 3704 2612 3760 crediderunt
2652 3706 2892 3772 Christo,
2935 3722 2963 3761 a
2995 3710 3303 3778 captivitate
3365 3709 3480 3762 lue-

1917 3804 2041 3846 runt
2072 3794 2247 3848 securi
2284 3811 2298 3848 :
2348 3807 2400 3850 et
2433 3795 2504 3850 ita
2558 3797 2602 3853 si
2633 3812 2824 3854 omnes
2877 3800 3255 3868 credidissent,
3299 3801 3479 3864 nuléus

1914 3883 2103 3939 fuisset
2133 3892 2337 3954 captus.

1983 4160 2148 4215 Vens.
2177 4161 2367 4218 45-58.
2422 4181 2441 4214 ι
2479 4161 2540 4218 Et
2579 4165 2852 4234 ingressus
2906 4165 2958 4219 in
2999 4167 3276 4237 templum,
3319 4171 3483 4239 cmpit

1915 4253 2115 4322 ejicere
2149 4255 2443 4310 vendentes
2485 4257 2538 4310 in
2570 4254 2661 4312 illo
2703 4265 2759 4311 et
2791 4266 3054 4324 ementes,
3099 4253 3298 4314 dicens
3326 4261 3430 4314 illis
3464 4279 3480 4318 :

1918 4343 2190 4412 Scriptum
2216 4355 2296 4401 est
2328 4389 2343 4413 ,
2377 4346 2575 4402 Domus
2612 4361 2730 4403 mea
2782 4347 2974 4404 domus
3001 4349 3327 4418 precationis
3361 4358 3483 4418 est;

246 4441 396 4492 ἐστιν
419 4455 432 4470 ο
466 4439 620 4506 ὑμεῖς
659 4439 712 4492 δὲ
747 4439 910 4494 αὑτὸν
941 4441 1231 4510 ἐποιήσατε
1269 4440 1530 4510 σπήλαιον
1579 4439 1809 4510 λῃστῶν.

1921 4450 2016 4490 vos
2043 4445 2224 4490 autem
2267 4438 2473 4493 fecistis
2522 4439 2666 4494 illam
2712 4439 3020 4510 speluncam
3066 4441 3357 4498 latronum.
3421 4442 3486 4505 Et

246 4531 362 4582 Καὶ
402 4523 470 4598 ἦν
499 4527 761 4581 διδάσκων
795 4527 856 4580 τὸ
884 4529 1001 4581 καθ’
1037 4527 1252 4598 ἡμέραν
1288 4530 1344 4580 ἐν
1375 4527 1451 4598 τῷ
1474 4528 1632 4599 ίερῷ.
1662 4531 1725 4582 Οί
1754 4529 1811 4582 δέ

244 4620 526 4690 ἀρχιερεῖς
555 4624 644 4670 καί.
676 4619 723 4669 οἰ
771 4617 1121 4688 Γραμματεῖς
1150 4617 1375 4687 ἐζήτουν
1405 4618 1568 4671 αὑτὸν
1617 4617 1815 4671 ἀπολέ-

250 4727 364 4770 σαι,
419 4712 511 4760 καὶ
543 4710 592 4760 οἰ
635 4709 838 4779 πρῶτοι
866 4709 958 4762 τοῦ
995 4708 1145 4768 λαοῦ.
1181 4710 1288 4762 Καὶ
1323 4710 1420 4777 οὐχ
1471 4708 1725 4778 εὕρισκον
1759 4709 1816 4761 τὸ

245 4804 300 4856 τί
330 4808 646 4872 ποιήσουσιν
677 4819 689 4831 ο
724 4804 751 4854 ὁ
793 4801 919 4863 λαὸς
947 4801 1055 4870 γὰρ
1085 4802 1236 4864 ἆπας
1284 4802 1619 4871 ἐξεκρέματο
1652 4801 1815 4855 αὑτοῦ

243 4896 482 4948 ἁκούων.
532 4895 640 4948 Καὶ
685 4895 900 4961 ἐγένετο
945 4895 1001 4945 ἐν
1037 4894 1135 4964 μιᾷ
1171 4893 1279 4950 τῶν
1331 4894 1553 4964 ἡμερῶν
1594 4894 1816 4946 ἐκείνων

243 4987 597 5050 διδάσκοντος
627 4987 790 5039 αὑτοῦ
821 4987 910 5038 τὸν
933 4986 1061 5040 λαὸν
1094 4988 1150 5039 ἐν
1180 4985 1256 5056 τῷ
1283 4986 1431 5056 ἰερῷ,
1467 4988 1558 5038 καὶ
1591 4987 1816 5056 εὐαγγε-

244 5072 559 5142 λιζομένου,
594 5075 901 5142 ἐπέστησαν
945 5077 993 5128 οἱ
1031 5076 1196 5144 ἱερεῖς
1236 5075 1327 5128 καὶ
1359 5077 1406 5127 οἰ
1463 5077 1817 5146 Γραμματεῖς

248 5168 355 5220 σὺν
389 5167 496 5226 τοῖς
527 5166 938 5237 πρεσϐυτέροις.
975 5167 1069 5218 καὶ
1105 5161 1258 5220 εἶπον
1291 5168 1423 5239 πρὸς
1456 5169 1621 5222 αὑτὸν
1639 5169 1820 5236 λέγον-

244 5273 342 5318 τες
363 5271 378 5286 °
399 5256 533 5309 Εἰπὲ
565 5259 717 5326 ἡμῖν,
741 5259 798 5308 ἐν
828 5259 958 5328 ποίᾳ
983 5257 1200 5327 ἐξουσίᾳ
1225 5258 1397 5311 ταῦτα
1423 5261 1628 5322 ποιεῖς;
1672 5259 1704 5328 ἢ
1735 5260 1818 5323 τίς

245 5351 402 5401 ἐστιν
434 5351 462 5401 ὁ
490 5347 610 5411 δούς
645 5365 728 5401 σοι
759 5349 858 5417 τὴν
906 5349 1155 5414 ἐξουσίαν
1202 5350 1438 5419 ταύτην;
1475 5351 1820 5421 Ἀποκριθεὶς

244 5436 302 5489 δὲ
329 5429 451 5487 εἷπε
483 5435 613 5503 πρὸς
633 5435 848 5498 αὐτούς·
881 5437 937 5490 ‘E
947 5438 1173 5510 ρωτήσω
1191 5439 1344 5504 κάγὼ
1363 5441 1503 5510 ὑμᾶς
1525 5441 1618 5493 ἕνα
1639 5442 1816 5507 λόγον,

248 5525 349 5577 καὶ
373 5525 562 5576 εἴπατέ
603 5541 693 5601 μοι
718 5542 732 5556 ο
764 5525 836 5579 Τὸ
869 5527 1161 5599 Βάπτισμα
1212 5530 1459 5589 Ἰωάννου
1485 5533 1555 5598 ’ἐξ
1587 5532 1817 5601 οὐρανοῦ

246 5613 342 5686 ἦν,
380 5613 496 5684 ῆέξ
530 5614 872 5684 άνθρώπων;
909 5616 970 5670 0i
1001 5618 1057 5670 δὲ
1083 5619 1494 5686 συνελογίσαντο
1528 5625 1585 5674 ἐν
1607 5624 1820 5683 ἑαυτοῖς

248 5709 522 5774 λέγοντες.
551 5705 634 5758 ὅτι
668 5707 794 5760 Ἐάν
826 5708 1092 5778 εἴπωμεν,
1114 5710 1176 5776 ἐξ
1200 5694 1452 5782 οὐρανοῦ,
1479 5715 1610 5783 ἐρεῖ,
1648 5716 1744 5768 Atii
1769 5715 1819 5766 τί

501 5799 771 5866 Parnm.
817 5802 930 5864 Gn.
983 5802 1258 5867 CXXIII.

1918 4529 2143 4584 docebat
2169 4529 2409 4600 quotidie
2441 4531 2492 4585 in
2516 4533 2734 4603 templo.
2760 4533 3036 4602 Principes
3077 4545 3256 4591 autem
3303 4549 3487 4590 sacer-

1917 4619 2101 4674 dotum
2139 4630 2192 4676 et
2240 4622 2443 4676 Scriba:
2475 4626 2784 4691 quaerebant
2824 4625 2970 4678 illum
3004 4631 3244 4694 perdere,
3275 4636 3328 4681 et
3371 4628 3485 4695 pri-

1918 4725 2096 4765 mores
2129 4713 2298 4781 plebis
2331 4731 2344 4766 :
2378 4727 2476 4767 nec
2514 4715 2997 4786 inveniebantquid
3032 4716 3286 4774 facerent.
3320 4715 3486 4776 Totus

1917 4801 2059 4852 enim
2096 4801 2318 4870 populus
2352 4802 2617 4870 pendebat
2649 4804 2716 4858 ab
2749 4819 2842 4858 ore
2875 4807 2992 4875 ejus
3030 4823 3151 4862 cum
3189 4807 3399 4863 audiret
3423 4808 3488 4861 il-

1919 4894 2053 4948 lum.
2103 4893 2168 4947 Et
2202 4893 2399 4948 factum
2432 4908 2514 4951 est
2544 4899 2594 4960 in
2626 4917 2731 4953 uno
2754 4901 2960 4964 dierum
2992 4901 3227 4967 illorum,
3260 4903 3486 4958 docente

1918 4985 2010 5040 illo
2026 4985 2279 5054 populum
2318 4987 2368 5041 in
2408 4991 2629 5059 templo,
2683 5003 2737 5046 et
2762 4993 3187 5062 evangelizante,
3217 5009 3487 5050 convene-

1918 5086 2043 5130 runt
2071 5077 2339 5146 principes
2373 5081 2710 5135 sacerdotum
2753 5091 2805 5136 et
2863 5083 3066 5139 Scribze
3096 5101 3216 5139 cum
3255 5087 3488 5141 seniori-

1921 5171 2040 5233 hus,
2067 5179 2121 5221 et
2157 5169 2305 5221 aiunt
2356 5170 2452 5232 illi,
2490 5172 2770 5226 dicentes:
2808 5173 2901 5229 Dic
2931 5175 3111 5241 nobis,
3157 5193 3259 5246 qua
3297 5187 3487 5232 auclo-

1920 5261 2002 5312 rit:
2025 5266 2077 5311 te
2104 5259 2205 5312 ista
2238 5259 2399 5312 facis?
2429 5271 2514 5314 aut
2536 5263 2656 5332 quis
2685 5271 2768 5318 est
2790 5264 2879 5332 qui
2907 5265 3053 5319 dedit
3079 5267 3172 5321 tibi
3200 5265 3357 5321 istam
3387 5283 3488 5320 auo

1921 5347 2272 5402 ctoritatem?
2317 5349 2661 5418 Respondens
2685 5362 2863 5406 autem
2886 5351 3042 5408 Jesns
3069 5355 3205 5410 dixit
3231 5357 3294 5408 ad
3324 5356 3442 5412 illos
3473 5375 3487 5410 :

1919 5437 2270 5507 Interrogatio
2296 5453 2390 5492 vos
2417 5450 2584 5507 etego
2611 5459 2774 5498 unum
2802 5445 3076 5513 quiddam,
3105 5449 3492 5516 etrespondete

1922 5531 2053 5584 mihi
2087 5549 2099 5583 :
2132 5531 2444 5600 Baptismus
2465 5530 2696 5589 Joannis
2729 5550 2759 5589 e
2795 5537 2934 5592 coelo
2957 5548 3100 5603 erat,
3125 5553 3192 5592 an
3221 5555 3284 5592 ex
3314 5539 3490 5594 homi-

1923 5620 2080 5675 nibus
2106 5627 2129 5672 Υ
2179 5623 2247 5674 At
2271 5620 2347 5674 illi
2392 5622 2697 5691 cogitabant
2721 5627 2861 5679 intra
2894 5641 2952 5682 se
2990 5629 3235 5684 dicentes
3269 5645 3282 5682 :
3316 5628 3372 5683 Si
3406 5629 3489 5681 di,

1926 5715 2166 5770 serimus
2196 5727 2226 5767 e
2255 5712 2416 5777 coelo,
2447 5713 2588 5770 dicet
2621 5729 2637 5769 :
2671 5716 2852 5784 Quare
2881 5734 3008 5790 ergo
3043 5735 3148 5775 non
3185 5719 3492 5782 credidistis

3102 5812 3178 5879 33
