3932 6456
496 226 635 290 1035

1420 225 1997 288 THEOPIIYLACTI
2042 226 2452 289 BULu‘ARLE
2490 233 2843 297 ARCIIIEP.

3594 243 3710 309 1626

483 342 692 423 ii-tt?_Si
725 341 1040 405 diverimus,
1090 354 1155 395 ex
1208 339 1542 405 hominibus,
1598 338 1751 408 plebs
1806 341 2047 395 universa

2158 344 2260 397 οὐκ
2302 344 2661 400 ἐπιστεύσατε
2708 348 2894 419 αύτῷς
2947 349 3041 404 ἐὰν
3070 353 3122 407 δὲ
3154 356 3412 428 εἴπωμεν,
3448 360 3504 426 ἐξ
3532 362 3717 433 ἀνθρώ.

484 437 739 509 lapidabit
772 452 901 491 nos:
939 448 1250 504 persuasum
1270 434 1413 487 enim
1452 433 1614 486 habet
1644 429 1910 487 Joannem
1938 450 2064 500 pro-

480 532 699 600 phetam
728 543 868 583 esse.
903 525 1384 594 Evresponderunt
1407 538 1465 579 se
1496 522 1708 579 nescire
1735 524 1876 578 unde
1897 530 2061 581 esset.

483 623 549 677 Et
577 622 734 678 Iesus
769 620 843 674 ait
877 619 1019 672 illis:
1048 616 1233 687 Neque
1274 630 1374 686 ego
1410 614 1531 671 dico
1553 614 1707 671 vobis
1743 629 1847 685 qua
1881 626 2066 670 aucto-

485 717 646 768 ritate
690 713 804 766 haec
842 710 1058 765 faciam.
1103 727 1121 760 ι
1162 706 1319 764 .Iesus
1359 708 1593 778 gloriose
1635 705 1936 785 Jerusalem
1982 708 2065 762 in-

482 820 724 876 gressus,
752 818 862 858 sum
882 801 1225 857 auctoritatis
1247 799 1508 855 indicium
1541 796 1695 864 facit,
1723 800 2063 869 repurgando

483 900 701 949 domum
734 894 907 948 Patris
951 892 1032 947 sui
1065 908 1093 944 a
1127 889 1556 958 negotiatoribus
1593 906 1608 947 :
1642 890 1892 958 quamvis
1925 895 2060 944 etin

480 987 749 1060 principio
779 983 1179 1056 praedicationis
1235 982 1334 1036 hoc
1374 981 1585 1043 fecerit,
1632 980 1778 1037 sicut
1827 979 2061 1036 Joannes

481 1084 653 1137 dicit:
694 1089 744 1134 et
774 1080 969 1134 iterum
1002 1091 1144 1131 nunc
1179 1076 1422 1131 sorua-io
1464 1072 1594 1127 facit
1626 1090 1639 1127 :
1695 1072 1750 1127 id
1802 1073 1945 1142 quod
1994 1074 2061 1128 ad

483 1176 743 1246 majorem
797 1170 1109 1226 Jutlteorum
1164 1168 1570 1224 accusationem
1611 1166 1878 1236 pertinet,
1919 1167 2059 1234 quod

481 1268 658 1335 primo
691 1276 790 1317 suo
817 1262 1054 1315 adventu
1093 1274 1197 1312 non
1233 1257 1437 1313 fuerint
1478 1256 1605 1312 facti
1638 1256 2057 1335 emendatiores,

474 1371 536 1415 et
566 1356 867 1412 manserint
908 1354 1007 1425 ipsi
1041 1352 1436 1423 negotiatores,
1488 1350 1637 1405 illum
1671 1351 1759 1405 Dei
1798 1352 2054 1405 adversa-

480 1452 617 1508 rium
642 1451 907 1515 dicentes,
943 1462 1061 1501 cum
1093 1444 1309 1501 Patrem
1355 1453 1410 1501 ct
1450 1426 1615 1498 Deum
1653 1445 1889 1499 maxime
1918 1444 2061 1498 cole-

480 1555 586 1605 ret,
614 1544 763 1596 itaut
793 1549 846 1596 et
890 1541 1103 1594 domum
1149 1535 1296 1591 illius
1337 1551 1365 1589 a
1403 1536 1835 1606 negotiatoribus
1869 1551 2057 1604 repur-

481 1648 657 1709 gatam
689 1632 938 1687 voluerit.
978 1630 1188 1685 Idcirco
1223 1637 1279 1682 et
1306 1630 1502 1683 Isaiam
1549 1627 1798 1693 inducit,
1829 1629 1919 1696 qui
1956 1643 2051 1683 eos

2165 453 2304 503 πων,
2351 440 2458 502 πᾶς
2513 441 2542 493 ὁ
2593 438 2721 504 λαὸς
2751 443 3101 500 καταλιθάσει
3143 450 3324 518 ἡμᾶς,
3375 455 3716 523 τῖεπεισμένές

2167 529 2274 600 γάρ
2305 530 2424 582 ἐστι
2453 532 2545 584 τὸν
2589 532 2845 605 Ἰωάννην
2872 536 3164 609 προφήτην
3183 536 3344 596 εἶναι.
3377 544 3484 596 Καὶ
3512 547 3718 618 ἀπεκρί-

2165 619 2337 691 θησαν
2361 622 2436 694 μὴ
2457 624 2656 679 εἰδέναι
2687 627 2875 685 πόθεν.
2908 629 3020 683 Καὶ
3045 630 3075 683 ὁ
3110 630 3319 700 Ἰησοῦς
3338 630 3490 688 εἶπεν
3521 638 3686 702 αὑτοῖς
3703 657 3716 673 ·

2164 715 2299 768 Οὐδὲ
2331 717 2441 784 ἐγὼ
2470 717 2614 786 λέγω
2650 719 2781 790 ὑμῖν
2808 723 2867 775 ἐν
2901 724 3031 794 ποία
3061 723 3290 797 ἐξουσίᾳ
3314 726 3486 782 ταῦτα
3524 730 3668 785 ποιῶ.
3696 752 3712 785 ι

2175 806 2263 859 Ἐν
2294 807 2421 881 δόξῃ
2464 809 2726 865 εἰσελθὼν
2758 815 2787 867 ὁ
2826 813 3028 885 Κύριος
3071 817 3171 886 τὴν
3208 818 3597 891 Ἰερουσαλὴμ,
3625 827 3719 888 τοῖς

2163 899 2370 962 οἰκείας
2403 901 2693 968 αὑθεντίας
2736 909 2965 960 ποιεῖται
2999 907 3216 978 δεῖγμα,
3261 911 3323 963 τὸ
3353 911 3442 965 τὸν
3474 910 3618 968 οἷκον
3640 918 3717 970 τοῦ

2164 991 2380 1062 Πατρὸς
2409 993 2575 1048 αὐτοῦ
2610 997 2965 1069 ἐκκαθαίρειν
3000 1000 3109 1052 τῶν
3146 1001 3588 1070 καπηλευόντων,
3614 1007 3717 1059 xci-

2161 1099 2244 1137 τοι
2287 1085 2382 1138 καὶ
2418 1087 2475 1137 ἐν
2519 1087 2661 1158 ἀρχῇ
2694 1088 2789 1142 τοῦ
2834 1090 3192 1159 κηρύγματος
3231 1092 3390 1145 τοῦτο
3420 1095 3717 1166 πεποίηκεν,

2161 1177 2237 1241 ὡς
2284 1178 2538 1249 Ἰωάννης
2572 1182 2729 1249 φησὶ,
2758 1184 2850 1235 καὶ
2881 1184 3045 1237 πάλιν
3075 1186 3172 1237 νῦν
3201 1185 3361 1237 τοῦτο
3393 1188 3459 1240 ἐκ
3489 1187 3719 1259 δευτέρου

2162 1268 2326 1326 ποιεῖ,
2355 1267 2384 1321 ὃ
2428 1271 2521 1322 καὶ
2555 1272 2691 1340 πρὸς
2722 1272 2897 1342 μείζω
2942 1277 3284 1348 κατηγορίαν
3316 1278 3429 1331 τῶν
3478 1277 3720 1335 ἰουδίιξων

2161 1358 2334 1427 ἐστὶν,
2363 1361 2445 1414 ὅτι
2475 1363 2595 1416 οὐδὲ
2636 1365 2745 1417 ἀπὸ
2773 1366 2870 1435 τῆς
2922 1355 3194 1439 προτέρας
3231 1368 3396 1422 αὑτοῦ
3434 1372 3722 1440 παρρησίας

2159 1452 2665 1524 ἐσωφρονίσθησαν,
2689 1456 2804 1508 ἀλλ’
2826 1457 3089 1527 ἐπέμενον
3112 1462 3178 1528 τῇ
3204 1459 3507 1531 καπηλεία,
3539 1462 3625 1513 καὶ
3647 1462 3724 1514 ἄν·

2157 1542 2334 1601 τίθεον
2371 1545 2537 1600 αὐτὸν
2568 1547 2756 1615 ἐλεγον
2786 1548 2876 1603 τὸν
2902 1549 3075 1613 οὕτως
3105 1551 3356 1619 τιμῶντα
3396 1552 3494 1605 τὸν
3530 1553 3723 1624 Πατέρα

2158 1636 2252 1689 καὶ
2290 1636 2444 1704 Θεὸν,
2472 1637 2549 1703 ὼς
2595 1640 2689 1692 καλ¹
2718 1639 2811 1693 τὸν
2840 1637 2990 1697 οἷκον
3036 1644 3203 1698 αὑτοῦ
3238 1645 3594 1717 ἐκκαθαίρειν
3632 1647 3722 1699 τῶν

480 1738 693 1801 arguat,
745 1727 1014 1781 dicentem
1048 1743 1061 1779 :
1102 1724 1300 1779 Domus
1334 1736 1454 1777 mea
1496 1721 1690 1776 domus
1722 1721 2047 1792 precationis

2166 1729 2614 1799 καπηλευόντων.
2645 1733 2735 1786 Διὸ
2766 1735 2856 1787 καὶ
2881 1737 2971 1788 τὸν
3014 1736 3243 1792 Ἠσαίαν
3271 1740 3461 1803 αὐτοῖς
3493 1739 3721 1809 ἐπιφέρει

478 1821 759 1877 vocabitur
783 1816 824 1872 ³.
856 1819 924 1874 At
953 1816 1030 1871 illi
1058 1813 1221 1870 stulte
1253 1814 1598 1883 interrogant
1621 1826 1768 1878 eum,
1807 1812 1922 1882 Qua
1963 1829 2058 1867 au-

478 1914 733 1969 ctoritate
761 1911 875 1965 haec
899 1907 1075 1963 lacis?
1103 1905 1352 1979 quamvis
1385 1904 1521 1960 satis
1562 1904 1865 1976 intelligere
1896 1915 2054 1975 pote-

478 2016 622 2062 rant.
661 2003 927 2071 Quoniam
959 2001 1104 2056 enim
1135 1998 1513 2070 propheticum
1553 1997 1757 2053 dictum
1791 1998 2051 2065 subdidit,

477 2100 621 2171 quod
646 2107 876 2154 testatur
898 2095 1116 2150 domum
1150 2089 1252 2147 Dei
1287 2093 1505 2147 domum
1536 2092 1867 2162 precationis
1910 2106 2051 2156 esse,

478 2208 587 2248 non
626 2188 927 2261 emporium
959 2198 1012 2242 et
1051 2187 1360 2258 speluncam
1409 2184 1705 2249 latronum,
1756 2184 2053 2255 negotiatio

477 2286 620 2340 enim
647 2293 700 2341 et
732 2281 957 2337 avaritia
981 2280 1253 2335 latronum
1279 2288 1381 2345 est,
1422 2278 1549 2349 quid
1574 2288 1764 2348 postea
1787 2293 1923 2349 opus
1964 2292 2052 2333 ro-

478 2392 607 2450 gare
630 2392 751 2431 eum
780 2390 884 2447 qua
940 2374 1264 2430 auctoritate
1297 2373 1412 2429 haec
1444 2370 1657 2427 faciat?
1689 2369 1870 2427 Facile
1906 2370 2050 2425 enim

480 2467 792 2539 conjectare
831 2472 1081 2537 poterant
1115 2476 1180 2517 ex
1235 2462 1396 2519 dictis
1428 2462 1707 2533 propheta:
1734 2459 1878 2531 quod
1912 2461 2053 2515 Deus

484 2563 598 2615 lucc
644 2559 890 2628 jusserit.
933 2556 1003 2611 At
1053 2554 1131 2610 illi
1182 2555 1538 2625 interrogant,
1568 2552 1686 2621 Qua
1725 2554 2053 2609 auctoritate

477 2653 611 2708 facis
649 2649 797 2706 lucc?
826 2649 934 2703 Lex
957 2688 971 2713 ,
1004 2648 1276 2717 inquiunt,
1302 2647 1385 2701 his
1414 2647 1505 2717 qui
1538 2661 1567 2701 a
1604 2644 1734 2700 Levi
1783 2645 2049 2717 originem

477 2747 765 2809 deducunt,
829 2743 1010 2814 templi
1072 2740 1520 2812 gubernationem
1589 2738 1858 2811 permittit
1912 2756 1926 2793 :
1993 2748 2049 2793 ttt

474 2853 626 2903 vero,
662 2852 784 2891 cum
820 2850 885 2889 ex
925 2834 1066 2889 tribu
1098 2832 1226 2889 Levi
1256 2848 1361 2889 non
1416 2832 1732 2899 descendas,
1779 2830 2050 2900 quomodo

475 2928 818 2984 sacerdotum
850 2925 939 2996 jus
992 2925 1085 2981 tibi
1121 2939 1369 2996 usurpas,
1398 2932 1451 2979 et
1484 2924 1597 2977 haec
1621 2922 1796 2980 lacis?
1826 2921 2046 2990 Verum,

474 3034 507 3073 ο
552 3018 755 3082 Judaee,
800 3030 1013 3071 meumr
1068 3024 1189 3071 esto
1245 3015 1371 3083 quid
1421 3012 1581 3088 45],
1618 3013 1785 3068 David
1832 3013 1976 3068 dicat
2030 3030 2046 3068 :

475 3107 554 3166 Tu
618 3124 677 3164 es
750 3108 1003 3163 sacerdos
1053 3106 1104 3160 in
1155 3115 1419 3164 :eternum
1458 3103 1754 3160 secundant
1802 3106 2048 3159 ordinem

474 3201 867 3257 Melchisedech
931 3198 973 3253 ‘.
1042 3197 1431 3259 Melchisedech
1493 3208 1673 3253 autem
1729 3197 1905 3252 dictus
1967 3206 2052 3252 est

472 3294 726 3351 sacerdos
776 3310 790 3348 :
838 3292 1231 3347 Melchisedech
1285 3307 1411 3345 vero
1474 3306 1579 3345 non
1640 3290 1741 3347 fuit
1786 3290 2049 3345 sacerdos

472 3385 767 3441 secundum
819 3385 1018 3454 legem,
1058 3399 1232 3453 neque
1281 3399 1346 3437 ex
1396 3383 1541 3437 tribu
1596 3380 1859 3437 Levitica.
1895 3381 2047 3447 Quu-

472 3476 635 3532 modo
679 3476 822 3530 enim
854 3484 1037 3545 posset
1066 3474 1166 3529 hoc
1199 3474 1327 3538 dici,
1362 3488 1479 3528 cum
1533 3471 1696 3526 fuerit
1728 3472 1910 3527 multis
1947 3484 2049 3526 sae-

472 3569 608 3623 culis
649 3576 777 3621 ante
824 3565 994 3620 Levi?
1030 3562 1267 3630 Deinde,
1307 3564 1435 3637 quid
1480 3563 1681 3635 quzeris
1740 3564 1791 3618 in
1823 3562 2045 3620 Christo

470 3661 712 3717 ordinem
756 3658 923 3728 legis?
954 3655 1097 3712 Deus
1135 3655 1340 3728 legibus
1376 3671 1482 3711 non
1512 3664 1595 3711 est
1620 3654 1888 3711 subditus.
1939 3654 2044 3710 Iin-

471 3753 713 3823 perabat,
764 3767 887 3807 cum
953 3761 1161 3822 tempus
1216 3759 1384 3814 esset,
1441 3750 1753 3806 sacerdotes
1800 3764 1923 3806 esse
1976 3762 2042 3804 ex

469 3844 612 3900 tribu
648 3842 775 3900 Levi
821 3861 834 3897 :
883 3859 1024 3897 nunc
1066 3840 1325 3898 transfert
1374 3842 1514 3897 hanc
1554 3842 1758 3911 legem,
1810 3851 1866 3897 et
1904 3857 2041 3913 prat-

468 3938 575 3992 l‘ert
649 3938 1006 3993 sacerdonum
1065 3934 1498 4003 Melchisedech;
1559 3943 1847 4007 propterea
1894 3935 2043 4004 ejicit

466 4037 713 4084 ementes
761 4036 816 4083 et
857 4027 1149 4081 vendentcs
1201 4027 1267 4081 ad
1307 4027 1721 4081 sacriﬁcandum
1756 4026 2038 4093 animalia,

465 4122 608 4176 sicut
636 4133 765 4175 oves
803 4127 857 4174 et
886 4118 1186 4174 columbas.
1217 4117 1298 4175 Ad
1329 4118 1443 4173 btec
1464 4119 1768 4183 decentiam
1791 4127 1847 4175 et
1867 4120 2040 4175 hone-

464 4222 658 4268 statem
710 4211 892 4281 templi
951 4210 1205 4267 vindicat.
1246 4210 1472 4282 Insuper
1499 4221 1556 4266 et
1616 4212 1719 4267 hoc
1771 4212 2035 4281 ostendit,

464 4302 608 4371 quod
645 4317 750 4356 non
785 4303 921 4356 ultra
953 4301 1269 4357 animalium
1312 4300 1596 4361 sacriﬁciis
1632 4301 1834 4371 placari
1866 4301 2032 4357 Deum

2167 1822 2479 1893 κατήγορον
2511 1822 2739 1891 λέγοντα
2766 1844 2779 1861 ε
2834 1827 2892 1882 '0
2917 1825 3067 1893 οἶκός
3099 1848 3203 1900 μου
3249 1828 3400 1897 οἶκος
3434 1832 3722 1903 προσευχῆς

2157 1911 2512 1982 κληθήσεται.
2545 1908 2626 1966 οι·
2648 1915 2705 1968 δὲ
2734 1917 2978 1989 ἀνοήτως
3026 1922 3381 1992 ἐπερωτῶσιν
3409 1924 3606 1989 αὑτὸν,
3647 1923 3721 1976 Ἐν

2157 2003 2289 2075 ποίᾳ
2317 2004 2535 2077 ἐξουσίᾳ
2558 2006 2730 2060 ταῦτα
2763 2012 2971 2076 ποιείς;
3000 2013 3192 2067 Καίτοι
3210 2014 3338 2085 ἐξῆν
3368 2016 3617 2086 ἐννοῆσαι
3641 2016 3719 2067 αὖ·

2154 2094 2298 2157 τούς.
2328 2094 2453 2151 Ὅτι
2478 2098 2601 2151 ἐπεὶ
2634 2102 2978 2171 προφητικὴν
3007 2104 3165 2174 ῥῆσιν
3197 2109 3495 2177 παρήγαγε
3538 2124 3720 2177 μαρτυφ

2156 2184 2380 2256 ροῦσαν,
2420 2189 2500 2247 ὃτι
2525 2192 2554 2244 ὀ
2582 2187 2729 2255 οἶκος
2759 2192 2852 2245 τοῦ
2885 2193 3022 2247 Θεοῦ
3050 2192 3197 2259 οἶκος
3222 2200 3540 2270 προσευχῆς
3569 2202 3713 2267 ἐστιν¹

2155 2279 2258 2331 ούκ
2288 2282 2578 2353 ἐμπόριον,
2616 2284 2709 2337 καὶ
2746 2287 3007 2357 σπήλαιον
3039 2287 3273 2360 λῃστῶνο
3307 2291 3600 2363 λῃστρικὸν
3625 2292 3715 2363 γὰρ

2155 2371 2190 2438 ἠ
2230 2371 2530 2443 πλεονεξία,
2558 2376 2652 2427 καὶ
2681 2377 2953 2447 καπηλεία
2978 2417 2994 2443 ,
3021 2380 3107 2444 τίς
3136 2381 3323 2436 λοιπὸν
3349 2382 3515 2453 χρεία
3536 2385 3717 2453 ἐρωτᾷν

2153 2463 2316 2517 αὐτὸν
2342 2466 2401 2518 ἐν
2434 2467 2564 2537 ποίᾳ
2591 2468 2809 2540 ἐξουσίᾳ
2832 2469 3009 2525 ταῦτα
3061 2475 3239 2538 ποιεῖς
3295 2472 3526 2544 ἕτοιμον
3547 2476 3643 2544 γὰρ
3667 2474 3714 2533 δυ

2153 2557 2496 2628 λογίσασθαι,
2526 2562 2652 2619 ὅτιὸ
2686 2564 2819 2628 Θεὸς
2849 2565 3025 2622 ταῦτα
3054 2566 3266 2620 κελεύει
3288 2568 3379 2623 διὰ
3406 2568 3505 2621 τοῦ
3532 2569 3715 2637 προσῇ·

2152 2666 2267 2705 του.
2290 2652 2442 2717 etas,
2462 2654 2552 2707 ‘Ev
2571 2655 2698 2726 ποίᾳ
2713 2656 2934 2730 ἐξουσίᾳ
2946 2658 3118 2711 ταῦτα
3146 2661 3317 2721 ποιεῖς
3335 2700 3349 2723 ,
3368 2659 3714 2729 ἐρωτῶσιν.⁹0

2152 2743 2336 2814 νόμος,
2363 2746 2521 2814 φασὶ,
2541 2747 2655 2809 τοῖς
2678 2749 2742 2799 ἐκ
2769 2746 2900 2800 Astii
2918 2748 3318 2819 καταγομένοις
3343 2750 3448 2818 τὴν
3473 2749 3569 2803 τοῦ
3590 2749 3712 2820 ἱερτῦ

2151 2834 2512 2906 διακόσμησιν
2548 2835 2817 2908 ἐπέτρεψε
2841 2850 2857 2866 ·
2884 2839 2949 2892 σὺ
2981 2838 3053 2910 μὴ
3081 2839 3459 2906 καταγόμενος
3485 2842 3553 2891 ἐκ
3579 2842 3711 2893 Λευῖ-

2152 2927 2312 2998 τικῆς
2346 2927 2542 2998 φυλῆς,
2585 2927 2703 2993 πῶς
2737 2926 2913 2983 ταῦτα
2950 2932 3126 2992 ποιεῖς
3156 2970 3171 2995 ,
3217 2933 3312 2983 καὶ
3369 2933 3437 2984 τὰ
3489 2932 3712 3001 ἱερατικέι

2153 3021 2460 3092 ἁρπάζειςς
2492 3022 3055 3095 Ἀλλ’ἀναμνήσοητε,
3088 3024 3359 3090 Ἰουδαῖοι,
3378 3022 3711 3091 λέγοντοςτοῦ

2152 3112 2337 3177 Δαυῒδ,
2398 3114 2470 3167 Σὺ
2517 3115 2699 3185 ἱερεὺς
2731 3116 2812 3180 είς
2867 3116 2960 3169 τὸν
3013 3117 3186 3172 αἰῶνα
3243 3116 3389 3170 κατὰ
3440 3114 3541 3188 τὴν
3584 3114 3713 3182 τάξιν

2150 3205 2488 3274 Μελχισεδέκ
2520 3223 2534 3237 ·
2582 3206 2919 3277 Μελχισεδὲκ
2969 3208 3024 3261 δὲ
3072 3208 3291 3279 δίρηται
3360 3208 3576 3278 ίερεύ;’
3604 3210 3631 3262 ὁ
3666 3207 3713 3260 δὲ

2148 3296 2494 3367 Μελχισεδὲκ
2527 3296 2590 3353 οὐ
2625 3297 2770 3351 κατὰ
2819 3300 2987 3369 νόμον
3014 3295 3083 3369 ἦν
3131 3300 3333 3372 ἱερεὺς,
3369 3299 3493 3353 οὐδὲ
3526 3302 3589 3352 ἐκ
3633 3299 3712 3366 τῆς

2149 3390 2441 3460 Λευῖτικῆς
2474 3390 2670 3462 φυλῆς.
2697 3390 2823 3455 Πῶς
2848 3392 2980 3461 γὰρ,
3016 3392 3073 3456 ὃς
3095 3394 3524 3467 προγενέστερος
3548 3389 3612 3465 ἧν
3634 3391 3711 3447 τοῦ

2147 3482 2278 3537 Aen?
2332 3484 2622 3553 τοσοῦτονς
2679 3486 2790 3540 Καὶ
2826 3485 3033 3553 λοιπὸν,
3081 3488 3135 3540 τί
3186 3487 3371 3558 ζητεῖς
3420 3491 3479 3542 ἐν
3511 3487 3711 3557 Χριστῷ

2147 3576 2247 3647 τὴν
2278 3576 2436 3644 τάξιν
2474 3577 2570 3631 τοῦ
2620 3580 2825 3649 νόμου;
2858 3579 2992 3643 Θεὸς
3037 3580 3220 3650 νόμοις
3261 3581 3361 3650 ούχ
3420 3581 3707 3633 ὑπόκειται.

2147 3670 2489 3740 Προσέταξεν
2521 3673 2609 3726 ὅτε
2638 3672 2833 3743 καιρὸς
2862 3667 2950 3744 ἦν,
2983 3675 3047 3727 ἐκ
3068 3675 3362 3743 Λευῖτικῆς
3389 3669 3528 3727 εἶναι
3561 3674 3709 3743 φυλῆς

2145 3764 2275 3827 τοὺς
2317 3765 2503 3835 ίερείς,
2558 3764 2654 3817 νῦν
2684 3766 3012 3835 μετατάττει
3056 3766 3249 3820 τοῦτον
3280 3766 3373 3819 τὸν
3409 3767 3596 3837 νόμον,
3627 3765 3708 3826 καὶ

2143 3862 2244 3935 τὴν
2275 3862 2372 3915 τοῦ
2411 3862 2757 3933 Μελχισεδὲκ
2802 3862 3104 3935 ἱερωσύνην
3161 3862 3472 3932 προκρίνει,
3525 3862 3601 3915 διὸ
3627 3860 3707 3914 καὶ

2143 3954 2395 4009 ἐκεάλλει
2427 3956 2553 4019 τοὺς
2589 3956 2915 4020 πωλοῦντας
2959 3956 3055 4011 καὶ
3094 3955 3467 4024 ἀγοράζοντας
3496 3955 3562 4007 τὰ
3590 3953 3705 4022 πρὸς

2143 4047 2334 4101 θυσίαν
2379 4048 2514 4114 ζῶα,
2554 4043 2667 4102 οἷον
2700 4048 2980 4122 πρόϐατα,
3023 4050 3119 4103 καὶ
3165 4049 3498 4120 περιστεράς
3523 4064 3535 4077 ·
3585 4044 3703 4117 μετὰ

2141 4140 2359 4193 καὶτοῦ
2401 4138 2501 4211 τὴν
2552 4142 2914 4212 εὐπρέπειαν,
2951 4142 3046 4196 καὶ
3085 4143 3144 4195 τὸ
3197 4139 3475 4211 εῦσχημον
3504 4137 3578 4209 τῷ
3607 4135 3703 4205 ναῷ

2140 4233 2586 4302 περιποιεῖσθαι,
2625 4233 2705 4287 ἐτι
2756 4235 2850 4288 καὶ
2901 4232 3058 4287 τοῦτο
3109 4231 3454 4297 ὑποδεικνὺς,
3511 4231 3586 4284 ὅτι
3618 4231 3701 4281 οὐκ

2140 4323 2220 4376 ἐτι
2250 4327 2369 4389 ταῖς
2417 4324 2742 4390 ζωοθυσίαις
2791 4326 2873 4381 δεῖ
2903 4327 2996 4380 τὸν
3021 4325 3154 4379 Θεὸν
3181 4323 3574 4393 ἐξιλάσκεσθαι
3622 4340 3698 4374 πι-

463 4394 611 4449 credi
639 4392 850 4447 debeat.
878 4389 1044 4464 Igitur
1075 4392 1326 4462 quamvis
1355 4393 1408 4448 in
1443 4402 1695 4464 promptu
1725 4404 1869 4450 esset
1889 4395 2033 4464 quod

2151 4416 2377 4470 στεύειν.
2410 4389 2517 4470 Ἷὶν
2550 4417 2648 4488 μὲν
2674 4389 2769 4472 οὖν
2808 4418 3029 4490 ἕτοιμον
3072 4415 3150 4488 τῷ
3183 4389 3377 4487 Κυρίῳ
3416 4415 3697 4486 ἀποκρίνα-

463 4486 544 4540 eis
571 4484 921 4554 responderet
950 4484 1232 4551 Dominus,
1268 4485 1410 4543 sicut
1438 4484 1641 4540 dictum
1674 4494 1778 4551 est,
1803 4495 1860 4541 et
1885 4486 2034 4540 dice-

466 4588 554 4633 ret
586 4579 729 4648 quod
761 4577 1021 4647 propheta
1055 4579 1190 4645 haec,
1228 4578 1336 4632 imo
1370 4577 1511 4635 Deus
1553 4577 1837 4648 pracipiat
1885 4595 1902 4633 :
1938 4593 2034 4633 vc-

463 4679 764 4724 rumtameu
792 4678 849 4723 ut
871 4669 1119 4723 ostendat
1147 4670 1226 4725 eis
1252 4669 1392 4739 quod
1422 4684 1636 4741 semper
1659 4669 2034 4725 inobedieutes

461 4763 572 4815 sint
627 4758 852 4830 Spiritui
900 4768 1110 4826 sancto,
1141 4769 1196 4815 et
1247 4775 1357 4819 non
1402 4760 1566 4819 modo
1611 4760 1880 4818 noluerint
1914 4775 2032 4817 cre-

461 4855 589 4908 dere
640 4852 791 4908 Isaiae
838 4853 1007 4909 veteri
1061 4855 1372 4925 prophetae,
1417 4856 1575 4926 cujus
1626 4854 1768 4913 forte
1820 4871 2029 4915 metuo-

460 4945 596 4998 riam
636 4961 742 4999 non
802 4945 1093 5011 habebant,
1146 4944 1242 5001 sed
1297 4960 1365 5001 ne
1403 4946 1600 5003 Joauni
1651 4948 1871 5020 quidem
1917 4949 2035 5004 viro

459 5043 791 5111 evangelico,
848 5044 1177 5112 minimeque
1208 5042 1455 5109 carnali,
1515 5045 1608 5117 qui
1658 5062 1829 5116 nuper
1866 5062 2034 5118 appa-

461 5144 688 5198 ruerat,
749 5134 1123 5202 crediderint,
1200 5146 1486 5205 propterea
1554 5138 2031 5211 interrogationem

462 5222 605 5278 hanc
661 5226 1018 5283 admiratione
1087 5227 1301 5296 dignam
1336 5228 1518 5294 'Iacit,
1576 5244 1681 5298 qua
1738 5238 1792 5284 et
1841 5231 2032 5286 coiifuo

462 5326 541 5372 tat
597 5316 735 5371 illos.
786 5315 1036 5373 Ostendit
1095 5331 1274 5375 autem
1324 5331 1379 5378 et
1433 5324 1594 5379 nobis
1639 5326 1780 5395 quod
1829 5326 1874 5379 si
1938 5326 2030 5381 tali

457 5411 734 5478 prophetae
759 5407 974 5476 Joanni,
999 5412 1090 5482 qui
1138 5414 1308 5482 major
1333 5428 1392 5471 se
1423 5416 1743 5479 habebatur,
1775 5435 1880 5474 non
1914 5434 2033 5473 cre-

461 5501 713 5555 diderunt
757 5503 823 5555 de
888 5503 1002 5572 ipso
1034 5506 1325 5573 testiﬁcati,
1378 5509 1646 5578 quomodo
1693 5511 1797 5566 sibi
1847 5523 2030 5568 essent

537 5680 557 5712 ³
605 5678 835 5748 Ismew,
874 5679 925 5733 7.
1002 5680 1023 5713 ⁸
1063 5680 1205 5736 Psal.
1233 5699 1342 5751 cur,
1374 5684 1429 5742 4.

2144 4505 2268 4561 σθαι
2299 4509 2434 4578 πρὸς
2467 4510 2688 4572 αὐτοὺς,
2722 4510 2979 4580 καθάπερ
3005 4510 3248 4580 εἴρηται,
3280 4510 3376 4561 καὶ
3405 4510 3600 4573 εἰπεῖν,
3624 4507 3695 4559 ὅτι

2152 4596 2212 4650 '0
2242 4601 2527 4670 προφήτης
2559 4600 2752 4665 ταῦτα,
2781 4600 2982 4671 μᾶλλον
3019 4601 3075 4654 δὲ
3100 4601 3128 4653 ὁ
3154 4600 3285 4666 Θεὸς
3316 4599 3690 4654 διακελεύεται·

2141 4689 2282 4759 πλὴν
2318 4691 2404 4743 ἴνα
2436 4691 2583 4763 δείξῃ
2631 4692 2851 4756 αὐτοῦς,
2897 4692 2980 4746 ὅτι
3026 4693 3256 4747 πάντοτε
3318 4690 3598 4747 ἀπειθοῦσι
3630 4686 3695 4761 τῷ

2141 4783 2425 4855 Πνεύματι
2455 4784 2531 4854 τῷ
2561 4786 2726 4856 ἁγίῳ,
2766 4788 2859 4840 καὶ
2910 4786 3009 4857 οὐχ
3034 4786 3117 4838 ὅτι
3161 4801 3226 4853 γε
3272 4783 3475 4856 Ἡσαΐᾳ
3503 4782 3577 4853 τῷ
3603 4799 3692 4833 πα·

2139 4874 2277 4947 λαιῷ
2308 4877 2587 4950 προφήτῃ,
2620 4879 2713 4930 καὶ
2742 4878 2821 4941 είς
2847 4878 3020 4949 λήθην
3042 4879 3171 4941 ῐσως
3198 4877 3383 4938 αὐτοῖς
3414 4873 3690 4945 γενομένῳ,

2138 4968 2276 5022 ἀλλὰ
2302 4969 2396 5023 καὶ
2422 4968 2499 5039 τῷ
2525 4970 2650 5038 χθὲς
2677 4971 2900 5037 φανέντι
2950 4968 3193 5039 Ἰωάννη,
3230 4966 3307 5034 τῷ
3339 4967 3490 5037 ante.
3519 4961 3690 5037 μικροῦ

2138 5062 2231 5114 καὶ
2261 5060 2511 5131 ὰσάρκῳ,
2539 5061 2640 5115 οὐκ
2675 5061 2951 5132 ἠθέλησαν
2977 5062 3290 5124 πιστεῖισαι,
3321 5060 3411 5114 διὰ
3438 5059 3587 5112 τοῦτο
3611 5061 3692 5110 ἀνα

2136 5154 2353 5224 τερωτᾴ
2378 5153 2577 5216 αὐτοὺς
2602 5154 2701 5223 τὴν
2728 5154 3166 5225 ἁξιοθαύμαστον
3191 5151 3398 5224 ταύτην
3426 5150 3686 5222 ἐρώτησιν,

2136 5246 2203 5299 δι’
2235 5241 2302 5317 ἧς
2329 5246 2671 5317 ἐπιστομίζει
2709 5245 2810 5315 μὲν
2840 5246 2935 5299 καὶ
2961 5245 3180 5309 αὐτοὺς,
3203 5244 3448 5299 δείκνυσι
3471 5243 3527 5297 δὲ
3550 5241 3683 5310 ἡμῖν,

2137 5336 2219 5391 ὅτι
2267 5338 2315 5391 εί
2364 5338 2442 5408 τῷ
2488 5337 2789 5409 τηλικούτῳ
2836 5339 3091 5410 προφήτῃ
3127 5338 3229 5389 οὐκ
3276 5336 3595 5390 ἐπίστευσαν
3620 5329 3686 5399 τῷ

2150 5426 2391 5499 Ἰωάννῃ,
2449 5428 2529 5498 τῴ
2585 5428 2793 5499 μείζονι
2831 5428 2995 5482 αὑτοῦ
3046 5427 3317 5492 δοκοῦντι,
3359 5427 3489 5497 περὶ
3539 5418 3681 5478 αὑτοῦ

2142 5512 2534 5586 μαρτυροῦντι,
2567 5513 2683 5578 πῶς
2728 5512 2796 5568 ἂν
2839 5513 2988 5586 αὐτῷ
3027 5510 3380 5567 πιστεύσαιεν
3411 5509 3680 5581 ἀπολογου-
