3932 6456
538 300 683 368 1039

1458 298 2031 360 TllEOPllYLACTI
2064 300 2471 360 BULGARHS
2504 301 2852 365 ARCHIEP.

3623 311 3735 379 1030

516 415 840 488 'pt'opt‘iclrts
881 424 1019 479 sa-pe
1072 409 1123 462 in
1172 406 1481 477 Seripturis
1531 408 1847 462 invenitur:
1884 418 1943 462 ιιι
1983 424 2094 460 rum

2210 408 2469 462 τοσοῦτον
2513 410 2612 462 οὐκ
2652 413 3051 483 ἐνετράπησαν,
3111 415 3247 469 ὥστε
3298 418 3394 472 καὶ
3427 420 3734 478 ἀπέκτειναν·

537 511 754 573 dicitur,
786 505 842 559 Si
874 504 1008 558 forte
1037 502 1281 555 audiant.
1309 499 1496 569 Neque
1528 499 1671 554 enim
1711 500 1819 554 illic
1846 500 2100 568 ignorans

537 602 774 656 futurum
809 597 881 651 ita
910 596 1060 661 dicit,
1098 595 1193 649 sed
1228 609 1293 648 ne
1324 593 1542 661 quidam
1573 591 1971 661 prmscientiam
2007 589 2100 643 Dei

471 694 488 723 ’
535 688 896 744 necessariam
970 684 1349 739 inobedientize
1418 699 1638 738 causam
1700 697 1824 759 esse
1886 682 2098 747 dicant,

522 782 738 836 idcirco
772 779 1034 846 ejusmodi
1064 778 1349 832 verborum
1408 775 1576 845 ﬁgura
1630 775 1820 828 utitur.
1859 773 2099 841 Ejectum

533 886 711 929 autent
749 875 898 927 illum
929 885 1081 927 extra
1133 872 1380 935 vineam,
1431 871 1767 925 occiderunt.
1804 868 1972 922 Extra
2032 866 2103 919 vi-

532 982 713 1031 neam,
746 964 941 1033 exponi
979 962 1148 1029 solet;
1187 973 1338 1016 extra
1374 960 1711 1014 Hierusalem
1737 977 1750 1012 :
1774 970 1928 1011 extra
1955 957 2098 1011 enim

522 1060 804 1114 civitatein
824 1056 1070 1111 Christus
1100 1070 1295 1125 passus
1323 1062 1427 1109 est.
1450 1053 1519 1106 At
1544 1053 1672 1122 quia
1696 1067 1857 1121 supra
1883 1055 2099 1107 vineam

528 1152 808 1220 pupulum,
844 1164 947 1202 non
974 1146 1272 1202 Jerusalem
1299 1144 1678 1214 exposuimus:
1706 1144 1832 1213 quid
1859 1143 1903 1196 si
1930 1144 2100 1213 magis

534 1241 753 1310 prOprie
801 1238 1097 1291 dixerimus
1136 1234 1277 1304 quod
1314 1233 1574 1289 occiderit
1607 1232 1824 1303 quidem
1875 1234 2101 1301 populus

531 1336 731 1403 ipsum,
761 1332 855 1388 sed
886 1340 1039 1386 extra
1085 1330 1319 1393 vineam,
1374 1328 1480 1382 hoc
1533 1337 1638 1394 est,
1693 1341 1801 1381 non
1840 1325 1955 1399 ipse
2001 1343 2097 1381 sua

533 1441 694 1477 manu
731 1426 778 1478 ei
824 1422 1017 1478 mortis
1057 1422 1222 1475 fuerit
1260 1430 1473 1483 auctor,
1498 1419 1592 1474 sed
1627 1419 1910 1475 tradiderit
1949 1418 2099 1473 illum

532 1516 704 1571 Pilato
734 1526 789 1571 et
838 1514 1125 1584 gentibus?
1170 1513 1236 1569 Et
1272 1514 1343 1568 ita
1388 1522 1541 1569 extra
1570 1512 1805 1576 vineam,
1860 1512 1963 1566 hoc
1994 1522 2099 1579 est,

532 1620 684 1663 extra
736 1608 914 1677 populi
954 1622 1145 1662 manus
1182 1608 1393 1677 passus’
1426 1614 1511 1661 est
1557 1604 1832 1661 Christus.
1892 1603 2098 1660 Etenim

534 1718 640 1756 non
674 1701 872 1756 licebat
902 1699 987 1753 his
1018 1699 1271 1754 occidere
1300 1712 1655 1768 quemquam,
1690 1697 1832 1752 unde
1866 1697 2096 1751 militum

529 1794 789 1848 manibus
812 1792 1034 1847 occisus
1053 1802 1157 1846 est.
1182 1790 1433 1845 Nonnulli
1463 1804 1560 1859 per
1582 1790 1794 1842 vincam
1822 1787 2101 1843 intellexe-

532 1897 659 1940 runt
707 1884 869 1957 A53
937 1885 1300 1954 Scripturam.
1353 1881 1518 1936 Extra
1562 1880 1899 1951 Scripturam
1954 1881 2100 1936 enim

531 1997 724 2048 passus
748 1988 833 2035 est
859 1978 1143 2032 Dominus.
1182 1975 1259 2029 llli
1292 1978 1434 2030 enim
1472 1977 1562 2045 qui
1605 1990 1712 2029 non
1753 1975 2103 2029 crediderunt

530 2071 690 2135 Mosi,
716 2069 1036 2126 Occiderunt
1064 2081 1210 2123 eum.
1247 2066 1380 2119 Nam
1417 2065 1462 2119 si
1494 2063 1855 2119 credidissent
1882 2061 2017 2115 Mosi
2048 2071 2103 2117 et

537 2162 868 2232 Scripturis,
927 2174 1127 2229 easque
1203 2157 1432 2214 scrutati
1499 2156 1750 2222 fuissent,
1810 2154 2100 2211 Dominum

535 2257 943 2327 Scripturarum
1001 2252 1189 2322 utique
1240 2266 1345 2306 non
1407 2249 1756 2306 occidissent.
1796 2246 1891 2305 llis
1944 2247 2101 2303 dictis

535 2349 761 2422 protulit
784 2357 837 2402 et
868 2346 1195 2402 sententiam
1232 2344 1284 2398 in
1321 2357 1414 2397 eos
1442 2341 1737 2405 ferendam.
1772 2339 1916 2411 quod
1946 2342 2100 2394 vinea

535 2441 759 2495 locanda
801 2439 866 2493 sit
902 2437 1025 2492 aliis
1077 2435 1249 2489 vinea:
1297 2431 1634 2498 cultoribus,
1681 2430 1787 2484 hoc
1831 2439 1936 2493 est,
1977 2428 2100 2483 aliis

533 2535 685 2589 dabit
732 2535 833 2588 hoc
871 2529 1192 2586 beneﬁcium
1254 2535 1312 2581 ut
1358 2526 1610 2580 dicantur
1643 2523 1870 2594 populus
1924 2536 2095 2577 meus.

530 2625 669 2684 Vide
696 2635 880 2681 autem
911 2623 1060 2694 quod
1087 2622 1140 2677 bi
1176 2620 1267 2689 qui
1298 2618 1489 2674 dicunt
1521 2615 1860 2686 Scripturam
1889 2612 2097 2669 vincam

529 2735 670 2788 esse,
710 2721 878 2789 magis
914 2715 1129 2788 assequi
1164 2713 1418 2767 videntur
1456 2726 1699 2774 sensum,
1738 2720 1796 2763 ut
1821 2709 1949 2765 hinc
1981 2723 2100 2763 nta-

531 2812 810 2866 uil’esmm.
862 2807 1082 2862 Elocata
1139 2814 1224 2858 est
1280 2802 1425 2857 enim
1478 2800 1635 2855 nobis
1675 2796 1979 2868 Scriptura,
2030 2801 2099 2854 ab

532 2900 774 2957 llebraais
802 2898 1033 2953 sublata.
1056 2893 1313 2949 Fidenter
1341 2902 1523 2947 autem
1549 2889 1747 2945 dixerit
1766 2891 1890 2958 quis
1915 2891 2096 2944 omnia

530 2991 832 3062 spiritualia
857 3002 978 3044 esse
1006 2988 1219 3042 vineam
1241 2986 1558 3055 quamdam,
1584 2984 1697 3039 sive
1722 2983 1773 3038 itt
1799 2983 2097 3054 Scriptnris

2134 1760 2261 1840 “se

2208 500 2369 555 τοῦτο
2409 504 2488 565 εἰς
2523 500 2743 572 μείζονα
2769 507 3101 576 κατηγορίαν
3139 510 3348 573 αὐτοῖς,
3389 512 3472 563 ὅτι
3501 513 3587 564 καὶ
3622 517 3735 583 μετά

2208 590 2268 643 τὸ
2304 592 2685 663 ἀποφήνασθαι
2714 595 2804 647 τὸν
2834 596 2990 661 Θεὸν,
3041 600 3123 651 ὅτι
3176 599 3353 663 οὕτως
3395 596 3466 672 ἦν
3494 602 3642 656 καλὸν
3662 623 3742 673 γε·

2206 685 2425 751 νέσθαι,
2452 688 2544 739 καὶ
2573 687 2913 758 ἐντραπῆναι
2959 691 3144 754 αὑτὸν,
3206 693 3362 748 αὐτοὶ
3391 695 3486 763 τὴν
3530 697 3741 751 ἐναντίαν

2200 775 2379 846 ψῆφον
2404 776 2608 830 ἔθεντο.
2636 780 2707 831 Τὸ
2734 779 2790 832 δὲ
2815 779 3056 835 τοιοῦτον
3088 783 3286 852 ἰδίωμα
3308 786 3459 854 παρὰ
3476 788 3537 854 τῇ
3565 787 3727 858 Γριςῇ

2204 870 2476 940 πολλαχοῦ
2523 873 2863 943 εὑρίσκεται,
2894 875 2970 939 ὡς
3011 878 3092 939 τὸ,
3126 877 3256 931 Ἐὰν
3301 881 3408 950 ἀρα
3444 880 3737 938 ἀκούσωσιν.

2203 962 2338 1015 Οὐδὲ
2364 964 2470 1032 γὰρ
2503 966 2619 1016 ἐκεῖ
2645 966 2856 1033 ἀγνοῶν
2894 966 2954 1019 τὸ
2986 968 3199 1036 μέλλον,
3232 969 3394 1022 τοῦτό
3437 988 3611 1042 φησιν,
3642 956 3742 1025 ἀλλ’

2204 1053 2289 1106 ῖνα
2337 1053 2412 1123 μὴ
2466 1054 2664 1125 λέγωσί
2716 1074 2885 1124 τινες,
2920 1060 3003 1112 ὅτι
3042 1062 3075 1131 ἡ
3128 1063 3440 1131 πρόγνωσις
3481 1063 3575 1117 τοῦ
3624 1066 3738 1119 6εοῦ

2202 1145 2520 1213 ἀναγκαίοις
2561 1148 2714 1202 αἰτία
2763 1150 2952 1218 γέγονε
2985 1152 3085 1221 τῆς
3128 1155 3437 1222 παρακοῆς·
3484 1155 3567 1207 διά
3611 1157 3741 1211 τοῦτο

2200 1235 2373 1301 οὕτως
2406 1241 2731 1309 σχηματίζει
2765 1242 2862 1304 τὰς
2907 1242 3106 1308 λέξεις.
3175 1245 3530 1308 Ἑκὸαλόντες
3570 1248 3624 1300 δὲ
3668 1250 3743 1302 τὸν

2201 1327 2330 1382 Υἱὸν
2359 1329 2464 1397 ἔξω
2488 1330 2582 1383 τοῦ
2631 1333 2973 1402 ἀμπελῶνος,
3007 1337 3341 1391 ἀπέκτειναν
3364 1354 3381 1371 ο
3413 1339 3473 1390 τὸ
3507 1340 3600 1406 μὲν
3635 1343 3747 1410 πρό-

2200 1436 2382 1490 χειρον
2426 1422 2622 1487 εἰπεῖν,
2667 1423 2773 1487 ἔξω
2805 1425 2905 1493 τῆς
2963 1426 3325 1497 Ἰερουσαλήμ
3352 1442 3366 1454 ’
3400 1427 3505 1492 ἔξω
3534 1430 3636 1501 γάρ
3666 1432 3749 1499 τῆς

2201 1514 2376 1584 πύλης
2406 1517 2434 1568 6
2466 1516 2701 1586 Χριστὸς
2736 1518 2961 1573 ἔπαθεν·
3001 1521 3122 1590 ἐπεὶ
3153 1521 3206 1573 δὲ
3236 1520 3441 1575 ἄνωθεν
3474 1524 3746 1591 ἀμπελῶνα

2200 1604 2290 1658 τὸν
2319 1605 2469 1672 λαὸν,
2499 1608 2620 1677 οὐχι
2644 1608 2744 1679 τὴν
2779 1610 3143 1681 Ἰερουσαλὴμ
3177 1612 3532 1683 ὲξελάὀομεν,
3559 1615 3745 1685 μήποτε

2201 1697 2534 1769 οἰκειότερον
2561 1701 2758 1765 εἰπεῖν,
2794 1701 2876 1755 ὅτι
2902 1702 3189 1756 ἀπέκτεινε
3223 1704 3323 1773 μὲν
3354 1706 3519 1759 αὑτὸν
3554 1709 3583 1760 6
3616 1707 3745 1771 λαὶς,

2235 1789 2309 1857 ξω
2341 1789 2397 1846 δὲ
2429 1790 2524 1843 τοῦ
2563 1791 2911 1862 ἀμπελῶνος,
2952 1795 3257 1862 τουτέστιν,
3288 1796 3387 1849 οὐκ
3421 1798 3583 1860 αὐτὸς
3610 1801 3749 1853 16:6-

2203 1898 2325 1952 χειρ
2355 1881 2449 1934 τοῦ
2484 1881 2715 1941 Θανάτου
2759 1885 3074 1956 γενόμενος,
3109 1888 3244 1943 ἀλλά
3290 1888 3369 1957 τῷ
3411 1889 3641 1959 Πιλάεῳ,
3666 1893 3747 1945 καί

2202 1977 2312 2038 τοῖς
2374 1974 2584 2029 ἔθνεσιν
2642 1978 3002 2041 ὲκδεδωκότες
3058 1981 3247 2037 αὐτόν.
3324 1981 3472 2046 Ἐξω
3525 1982 3616 2036 οόν
3665 1984 3745 2038 τοῦ

2202 2065 2543 2134 ἀμπελῶνος,
2596 2069 2763 2140 ἤγουν
2805 2071 2915 2124 τῶν
2959 2071 3055 2129 τοῦ
3089 2072 3219 2126 λαοῦ
3254 2074 3455 2145 χειρῶν
3498 2075 3688 2129 Ξπαθεν
3724 2078 3749 2130 6

2202 2158 2405 2229 Κύριος
2432 2176 2446 2191 ο
2479 2161 2660 2226 αὐτοῖς
2685 2162 2790 2234 γὰρ
2806 2164 2905 2217 οὐκ
2934 2164 3060 2235 ἐξῆν
3083 2167 3400 2220 ἀποκτεῖναι
3428 2168 3633 2224 οὐδένα·
3659 2169 3748 2222 ὑπὸ

2203 2252 2613 2321 στρατιωτικῶν
2678 2253 2863 2323 μέντοι
2919 2255 3119 2326 χειρῶν
3183 2258 3450 2313 ἀπέθανε.
3504 2260 3652 2322 Τινὲς
3699 2260 3745 2312 δὲ

2200 2341 2501 2413 ἀμπελῶνα
2535 2344 2632 2417 τὴν
2667 2346 2890 2418 Γραφὴν
2924 2350 3154 2419 ἐνόησαν
3177 2366 3193 2382 ·
3224 2350 3332 2415 ἔξω
3358 2348 3454 2405 οὖν
3492 2353 3597 2405 τῶν
3626 2354 3746 2421 Γρα-

2201 2435 2318 2506 φῶν
2357 2435 2559 2493 ἔπαθεν
2587 2440 2616 2492 6
2640 2438 2868 2509 Κύριος,
2890 2445 3189 2507 τουτέστιν,
3220 2445 3271 2496 oi
3311 2445 3389 2515 μὴ
3424 2446 3744 2508 πιστεύοντες

2199 2530 2409 2593 Μωσεῖ,
2440 2524 2586 2584 οὗτοι
2635 2533 2962 2587 ἀπέκτειναν
3011 2536 3194 2591 αὐτόν.
3246 2537 3311 2589 El
3345 2538 3455 2606 γὰρ
3484 2539 3744 2591 ἐπίστευον

2199 2622 2407 2687 Μωσεῖ,
2437 2625 2529 2676 καὶ
2552 2625 2609 2681 ὲν
2632 2627 2753 2689 ταῖς
2802 2626 3043 2696 Γραφαῖς
3058 2623 3199 2699 ἦσαν
3224 2630 3555 2700 ἐρευνῶντες
3575 2630 3741 2694 αὐτάς,

2199 2712 2299 2765 οὑκ
2327 2713 2391 2767 ἂν
2416 2714 2749 2771 ἀπέκτειναν
2771 2717 2861 2770 τὸν
2885 2720 3161 2787 Δεσπότην
3185 2720 3293 2775 τῶν
3311 2720 3564 2791 Γραφῶν.
3586 2721 3745 2774 Ταῦτα

2199 2806 2390 2870 εἰπὼν,
2419 2808 2616 2875 ἐπάγει
2646 2811 2740 2864 καὶ
2768 2811 2865 2880 τὴν
2885 2810 3085 2881 ψῆφον,
3117 2813 3289 2883 ἣνέπ⁴
3317 2814 3518 2876 αὐτοὺς
3550 2814 3741 2879 ἐξοίσει,

2197 2898 2282 2950 ὅτι
2350 2896 2652 2955 ἐκδώσεται
2711 2900 2890 2967 ἀλλοις
2944 2904 3033 2957 τὸν
3082 2901 3422 2973 ἀμπελῶνα.
3473 2904 3745 2971 τουτέστιν,

2197 2990 2377 3051 ἄλλοις
2407 2989 2570 3043 δώσει
2600 2991 2804 3063 ταύτην
2834 2994 2933 3062 τὴν
2981 2994 3161 3065 χάριν,
3204 2996 3267 3048 τὸ
3299 2996 3586 3049 καλεῖσθαι
3629 2996 3736 3057 λαός

528 3094 580 3137 ct
617 3079 978 3153 legibus,sive
1006 3077 1058 3132 in
1082 3076 1219 3130 actis
1249 3083 1304 3129 et
1332 3073 1577 3129 historiis
1600 3073 1702 3128 sita
1735 3072 1866 3141 sint,
1902 3073 2094 3145 quibus

2204 3098 2325 3151 μου.
2360 3082 2504 3152 Ὅρα
2529 3082 2607 3148 δὲ,
2642 3084 2723 3138 ὅτι
2753 3086 2803 3137 οἱ
2854 3087 3102 3154 λέγοντες
3127 3087 3224 3159 τὴν
3258 3088 3484 3159 Γραφὴν
3515 3085 3648 3140 εἶναι
3669 3087 3747 3139 τὶν

528 3174 778 3228 omnibus
806 3170 998 3239 privati
1039 3175 1165 3223 sunt
1190 3163 1381 3231 Judaei,
1416 3175 1468 3220 et
1500 3179 1597 3218 nos
1626 3163 1878 3219 fruimur.

2198 3173 2523 3243 ἀμπελῶνα.
2552 3175 2752 3244 μᾶλλον
2774 3178 3159 3248 ἐπιτυγχάνειν
3192 3180 3352 3233 δοκοῦ
3363 3196 3465 3243 σιν,
3489 3180 3559 3242 ὼς
3582 3179 3748 3231 ἐντεῦο

527 3272 619 3323 θεν
650 3265 927 3338 δηλοῦται.
956 3262 1213 3333 Ἐξεδόθη
1251 3260 1361 3332 γὰρ
1405 3261 1540 3332 ἡμῖν
1578 3262 1612 3333 ἡ
1653 3260 1845 3333 Γραφὴ
1882 3262 2114 3333 ἀρθεῖσα
2155 3268 2263 3320 ἀπὺ
2289 3270 2398 3324 τῶν
2449 3270 2738 3344 Ἑϐραίων.
2803 3272 3034 3346 Θαρρῶν
3073 3274 3152 3337 δὲ,
3191 3274 3337 3327 εῖποι
3375 3274 3442 3327 ἀν
3467 3289 3550 3336 τις
3591 3276 3747 3327 πάντα

526 3369 596 3428 ’τὰ
626 3359 977 3435 πνευματικὰ
1002 3356 1142 3413 εἷναι
1164 3357 1254 3411 τὸν
1279 3355 1599 3427 ἀμπελῶνα,
1623 3357 1734 3410 εἴτε
1749 3359 1805 3410 ὲν
1848 3362 1915 3429 τῇ
1940 3360 2131 3432 Γραφῇ
2171 3364 2266 3418 καὶ
2307 3365 2512 3435 νόμοις,
2538 3368 2646 3421 εἴτε
2707 3368 2766 3421 ἐν
2794 3367 3027 3438 πράξεσι
3075 3368 3171 3423 καὶ
3214 3368 3485 3441 ίστορίαις
3525 3370 3742 3435 ἔκειντο,

526 3460 602 3516 ὧν
632 3459 850 3517 πάντων
881 3454 1252 3526 ἐστερήθησαν
1273 3451 1324 3504 oi
1367 3448 1634 3513 Ἰουδαῖοι,
1654 3451 1749 3504 καὶ
1779 3452 1939 3522 ἡμεῖς
1957 3454 2310 3524 ἀπολαύομεν

603 3556 772 3611 Vsus.
806 3550 991 3607 16-20.
1043 3567 1063 3601 ι
1104 3547 1258 3614 Quod
1309 3560 1429 3599 cum
1483 3544 1778 3610 audissent,
1823 3546 2096 3615 dixerunt,

528 3649 708 3705 Absit.
736 3645 828 3700 Ille
861 3657 990 3700 vero
1025 3639 1252 3696 intuitus
1276 3650 1369 3694 eos
1393 3638 1468 3692 ait
1496 3636 1671 3705 :Quid
1718 3646 1802 3693 est
1838 3652 1967 3710 ergo
1993 3640 2097 3696 hoc

526 3738 671 3811 quod
716 3736 973 3807 scriptum
1004 3740 1121 3798 est,
1161 3729 1410 3804 Lapidem
1452 3742 1611 3798 quem
1661 3729 2094 3797 reprobaverunt

525 3835 880 3894 :edilicautcs,
924 3828 970 3881 is
998 3824 1176 3880 iactus
1206 3834 1287 3877 est
1332 3820 1386 3877 in
1430 3828 1593 3891 caput
1642 3821 1857 3890 anguli;
1916 3822 2094 3878 omnis

527 3924 618 3993 qui
659 3919 914 3977 ceciderit
943 3930 1106 3986 super
1150 3911 1379 3979 lapidem
1409 3911 1579 3979 illum,
1603 3912 2089 3982 conquassabitur:

526 4030 690 4084 super
718 4026 876 4081 quem
906 4019 1088 4067 autem
1119 4006 1296 4070 cadet,
1329 4004 1600 4075 disperget
1628 4004 1815 4061 illum?
1841 4003 1906 4058 Et
1944 4020 2092 4076 quae-

526 4109 717 4162 rchaut
742 4102 1014 4174 principes
1040 4099 1380 4155 sacerdotum
1426 4105 1481 4151 et
1506 4096 1698 4152 scriba:
1753 4096 1977 4163 injicere
2036 4097 2089 4151 in

528 4197 674 4251 illum
706 4208 898 4247 manus
927 4191 1114 4245 eadem
1161 4189 1317 4255 hora,
1344 4196 1396 4241 ct
1437 4187 1728 4241 timuerunt
1791 4188 2084 4261 populum:

2278 3574 2296 3605 ι
2373 3555 2730 3620 ’Λκούσαντες
2780 3557 2837 3612 δὲ
2902 3554 3054 3611 εῐπον
3087 3576 3104 3594 ·
3159 3558 3254 3631 Μὴ
3301 3558 3531 3628 γένοιτο.
3598 3557 3654 3614 '0
3698 3559 3746 3611 δέ

2200 3646 2478 3717 ἐμϐλέψας
2519 3648 2722 3714 αὐτοῖς,
2748 3646 2893 3703 εἷπε·
2927 3651 2993 3704 Τί
3023 3650 3119 3704 οὖν
3146 3653 3262 3705 ἐστι
3292 3652 3353 3705 τὸ
3379 3653 3745 3722 γεγραμμένον

2196 3738 2391 3802 τοῦτο,
2425 3739 2587 3793 Λίθον
2641 3740 2700 3794 δν
2746 3741 3157 3811 ἀπεδοκίμασαν
3215 3745 3264 3796 οἱ
3311 3743 3743 3812 οἰκοδομοῦντες,

2198 3824 2351 3894 οὗτος
2390 3831 2621 3902 ἐγενήθη
2665 3834 2747 3895 είς
2788 3834 3031 3904 κεφαλὴν
3070 3836 3313 3904 γωνίαςς
3344 3835 3457 3895 Πᾶς
3507 3836 3535 3887 6
3581 3833 3745 3886 πεσὼν

2199 3924 2286 3977 ἐπ’
2312 3926 2517 3979 ἐκεῖνον
2549 3925 2640 3979 τὸν
2682 3924 2847 3993 λίθον,
2882 3927 3381 3998 συνθλασθήσεται·
3413 3928 3500 3998 ἐφ’
3536 3928 3595 3982 ὃν
3623 3929 3665 3980 δ’
3689 3926 3744 3980 ἂν

2200 4017 2361 4087 πέσῃ,
2394 4016 2649 4087 λικμήσει
2700 4018 2879 4071 αὐτόν.
2914 4019 3025 4072 Ka‘t
3057 4018 3331 4089 ἐζήτησαν
3384 4021 3435 4073 oi
3467 4020 3742 4090 ἀρχιερεῖς,

2200 4107 2295 4157 καὶ
2343 4106 2393 4158 οἱ
2439 4105 2789 4176 Γραμματεῖς
2820 4107 3098 4160 ἐπιϐαλεῖν
3132 4109 3219 4161 ἐπ’
3246 4108 3411 4162 αὐτὸν
3445 4110 3545 4173 τάς
3574 4110 3744 4179 χεῖρας

2197 4198 2255 4250 ἐν
2286 4197 2420 4268 αὐτῇ
2446 4200 2510 4269 τῇ
2528 4197 2665 4269 ὥρᾳ,
2695 4200 2789 4252 καὶ
2817 4200 3161 4271 ἐφοΰήθησαν
3190 4200 3284 4255 τὸν
3307 4200 3457 4258 λαόν.
3481 4203 3744 4270 Ἕγνωσαν

523 4292 894 4350 cognoverunt
928 4282 1071 4335 enim
1105 4279 1252 4349 quod
1281 4277 1497 4349 inipsos
1525 4278 1749 4333 dixisset
1779 4279 2085 4345 parabolatn

2200 4290 2322 4359 γάρ,
2354 4289 2433 4345 ὅτι
2466 4289 2601 4360 πρὸς
2629 4290 2822 4352 αὐτοὺς
2839 4292 2934 4361 τὴν
2957 4291 3269 4361 παραϐολὴν
3293 4292 3497 4361 ταύτην
3522 4288 3685 4345 εἶπεν.
3718 4309 3734 4341 ι

524 4382 683 4433 hanc.
718 4394 736 4427 ι
784 4375 955 4429 Lucas
992 4372 1236 4441 quidem,
1274 4379 1330 4424 ut.
1357 4369 1532 4434 audis,
1560 4368 1733 4439 inquit
1768 4370 1947 4425 dicere
1988 4370 2091 4425 Do»

524 4471 726 4522 n.inum
760 4465 900 4535 quod
928 4461 1177 4519 dominus
1223 4461 1389 4515 vinea:
1422 4459 1728 4530 perditurus
1755 4462 1823 4515 sit
1856 4461 2093 4528 ingratos

522 4564 765 4624 colonos,
788 4582 799 4608 ι
822 4558 1065 4612 tvineant
1094 4556 1319 4610 daturus
1348 4554 1485 4609 aliis.
1506 4553 1655 4619 Quod
1680 4555 2091 4611 contendissent

522 4650 800 4715 Pharisaei,
820 4646 1099 4712 dixerunt,
1118 4646 1291 4700 Absit.
1308 4644 1590 4699 Matthteus
1606 4659 1734 4699 vero
1751 4645 1906 4700 aliter
1919 4646 2046 4699 dicit
2073 4662 2086 4700 :

521 4756 716 4814 nempe
732 4740 873 4811 quod
904 4737 1313 4808 iutcrrogaverit
1334 4752 1427 4793 eos
1448 4736 1737 4792 Dominus:
1771 4738 1907 4809 Quid
1928 4737 2091 4794 faciet

520 4836 771 4904 agricolis
801 4834 905 4887 illis
950 4833 1197 4888 dominus
1221 4833 1389 4885 vineae
1418 4829 1438 4861 '
1455 4830 1479 4883 7
1496 4832 1971 4901 reaponderintque
1989 4829 2089 4889 Ju-

520 4930 644 4993 daai,
667 4943 731 4981 ac
760 4926 1036 4980 dixerint:
1069 4923 1232 4978 Malos
1254 4923 1391 4977 male
1416 4924 1600 4992 perdet
1627 4924 1766 4987 illos.
1797 4935 1849 4979 et
1875 4924 2087 4983 vineam

519 5021 744 5074 daturus
776 5029 861 5072 est
890 5015 1145 5086 agricolis
1176 5015 1319 5069 aliis.
1352 5011 1606 5082 Nunquid
1640 5014 1801 5083 igitur
1827 5013 2086 5069 contrarii

520 5125 645 5168 sunt
667 5112 879 5167 ‘lAbsit.
907 5109 1206 5177 Utrumque
1223 5108 1368 5162 enim
1390 5106 1587 5161 factum
1608 5108 1779 5162 fuisse
1799 5108 2087 5162 verisimile

520 5219 692 5275 est,et
708 5209 852 5278 quod
889 5203 1505 5261 sccundumhlattbzeum
1529 5202 1967 5272 sententiainipsi
1999 5214 2085 5257 tu-

519 5300 698 5366 lerint,
716 5310 770 5355 et
786 5299 976 5354 deinde
989 5296 1466 5352 animadverterint
1488 5310 1595 5361 quo
1613 5294 1797 5349 tendat
1810 5295 2083 5364 parabola,

519 5401 574 5445 ct
603 5392 744 5460 quod
769 5391 835 5444 de
860 5390 991 5459 ipsis
1016 5388 1157 5443 dicta
1195 5389 1267 5442 sit
1299 5408 1311 5441 :
1350 5401 1415 5441 ac
1464 5386 1659 5440 iterum
1692 5386 1928 5441 dixerint
1982 5386 2085 5442 hoc

520 5483 661 5551 quod
708 5481 879 5535 Lucas
911 5482 1059 5544 dicit,
1095 5495 1307 5547 nempe,
1332 5478 1502 5533 Absit.
1545 5477 1682 5543 Quid
1736 5476 1900 5546 igitur
1929 5476 2082 5533 Chri-

524 5575 676 5626 stus?
704 5571 915 5624 adducit
956 5580 1011 5623 et
1035 5571 1178 5624 aliud
1211 5571 1575 5624 testimonium
1611 5585 1671 5622 ex
1714 5569 1901 5635 David,
1953 5569 2081 5638 lapi-

595 5753 612 5787 θ
638 5750 825 5809 Matth.
853 5766 967 5815 ut,
1003 5748 1072 5802 ιω

2215 4379 2271 4439 Ὀ
2329 4382 2429 4449 μὲν
2496 4375 2730 4447 Λουκᾶς,
2764 4383 2839 4447 ὡς
2906 4384 3168 4449 ἀκούεις,
3199 4385 3291 4436 τὸν
3343 4385 3549 4455 Κύριόν
3598 4400 3740 4453 ςησιν

2198 4474 2393 4536 εἰπεῖν,
2424 4473 2507 4527 ὅτι
2542 4474 2822 4528 ’Δπολέσει
2841 4478 2869 4529 6
2895 4476 3161 4546 δεσπότης
3183 4476 3276 4532 τοῦ
3298 4477 3615 4547 ἀμπελῶνος
3634 4475 3739 4536 τοὺς

2197 4564 2519 4634 ἀγνώμονας
2571 4569 2873 4640 γεωργοὺς,
2900 4569 2995 4623 καὶ
3020 4570 3111 4622 τὸν
3135 4569 3439 4640 ἀμπελῶνα
3469 4570 3738 4622 ἐκδώσεται

2197 4655 2419 4729 ἄλλοις¹
2444 4658 2582 4729 ὅπερ
2633 4659 2970 4724 ἀκούσαντας
3018 4661 3143 4724 τοὺς
3188 4661 3540 4731 Φαρισαίους,
3569 4662 3736 4720 εἰπεῖν,

2196 4747 2287 4817 Μὴ
2330 4750 2557 4816 γένοιτο.
2599 4749 2657 4803 Ὀ
2693 4752 2749 4805 δὲ
2778 4752 3053 4816 Ματθαῖος
3081 4753 3284 4822 ἑτέρως
3314 4754 3449 4822 φησί
3478 4770 3496 4786 σ
3528 4754 3614 4807 τὸν
3655 4751 3739 4821 μὲν

2198 4839 2308 4909 γὰρ
2358 4839 2561 4911 Κιξριον
2607 4841 2902 4913 ἐρωτῆσαι,
2949 4841 3014 4897 Τί
3072 4844 3286 4912 ποιήσει
3339 4846 3456 4907 τοῖς
3504 4844 3738 4914 γεωργοξ

2195 4930 2424 4994 ἐκείνοις
2479 4934 2508 4985 6
2570 4931 2835 5004 δεσπότης
2900 4933 2996 4987 τοῦ
3051 4934 3429 5004 ἀμπελῶνος;
3488 4933 3582 4989 καὶ
3628 4931 3738 4993 τοὺς

2197 5019 2478 5084 Ἰουδαίους
2505 5022 2898 5093 ἀποκριθέντας
2926 5025 3127 5090 εἰπεῖν,
3154 5026 3372 5087 Κακοὺς
3410 5024 3595 5087 κακῶς
3616 5026 3735 5074 ἀπο-

2195 5110 2340 5164 λέσει
2372 5115 2589 5178 αὐτοὺς,
2623 5115 2717 5169 καὶ
2756 5115 2848 5168 τὸν
2892 5114 3193 5186 ἀμπελῶνα
3217 5114 3523 5169 ἐκδώσεται
3557 5114 3732 5173 ἀλλοις.

2195 5197 2321 5273 Ἆρ’
2368 5202 2460 5257 οὖν
2514 5206 2880 5274 ἐναντιολογία
2932 5208 3113 5271 ἐστίν;
3170 5208 3405 5276 Ἄπαγε.
3453 5206 3737 5277 Ἀμφότερα

2191 5297 2299 5367 γὰρ
2330 5298 2475 5360 εἱκὶς
2502 5301 2847 5370 γεγενῆσθαι,
2879 5300 2973 5353 καὶ
3020 5300 3164 5354 κατὰ
3195 5302 3296 5372 μὲν
3350 5301 3445 5353 τδν
3476 5299 3734 5355 Ma.de

2191 5389 2390 5452 αὐτους
2435 5390 2675 5453 ἐκείνους
2702 5390 2800 5462 τὴν
2833 5391 3010 5460 ψῆφον
3045 5390 3372 5461 ἐξενεγκεῖν,
3401 5388 3521 5445 εἶτα
3565 5405 3732 5444 cum-

2192 5478 2488 5549 σθομένους
2510 5479 2611 5532 ποῦ
2646 5481 2800 5551 φέρει
2829 5482 2862 5550 ἠ
2904 5481 3205 5552 παραϐολὴ.
3237 5487 3331 5536 καὶ
3350 5485 3433 5537 ὅτι
3460 5483 3526 5536 δι’
3552 5480 3729 5540 αὐτοὺς

2189 5572 2423 5642 εἴρηται,
2459 5574 2614 5627 πάλιν
2639 5574 2815 5627 εἰπεῖν
2839 5574 3011 5642 τοῦτο,
3039 5563 3181 5629 ὃνῦν
3205 5576 3233 5628 6
3254 5577 3469 5641 Λουκᾶς
3489 5590 3627 5647 φησι,
3657 5571 3727 5639 τὸ,
