3932 6456
192 480 329 549 1³041

897 485 1342 552 ENAlllL-ETIO
1375 485 1457 550 IN
1499 494 1998 556 EVANGELIUM
2034 499 2345 561 LUCAS."
2372 506 2526 566 CAP.
2565 509 2689 567 XX.

3302 500 3444 569 ltili

182 592 279 661 Μὴ
312 593 534 660 γένοιτο.
570 594 632 644 Τί
661 591 753 645 οῦν
787 595 814 645 ὁ
854 596 1123 665 Χριστός;
1169 600 1393 668 Ἐπὰγει
1427 605 1520 654 καὶ
1570 606 1762 674 ἐτέραν

1879 606 1987 659 .lem
2021 609 2232 676 quidem
2262 612 2496 680 scipsum
2533 618 2847 682 nominans,
2885 619 3212 673 mdiﬁeantcs
3255 629 3434 672 autem

184 685 502 754 μαρτυρία-ι
527 685 635 736 ἀπὸ
671 685 761 738 τοῦ
799 689 984 754 Δαυὶδ,
1020 691 1166 744 λίθον
1197 693 1295 762 μὲν
1323 695 1516 749 ἑαυτὸν
1566 697 1764 767 ὀνομά-

181 774 319 841 ζων,
357 777 672 846 οἰκοδόμους
716 778 771 830 δὲ
809 781 936 843 τοὺς
983 782 1336 848 διδασκάλους
1370 788 1566 852 αὐτοὺς
1622 791 1764 844 καθὰ

183 869 282 919 καὶ
321 869 350 921 ό
413 866 672 938 Ἰεζεκιήλ
710 886 894 938 φησιν,
951 874 1368 943 Οἰκοδομοῦντες
1425 880 1514 932 τον
1565 884 1760 951 τοῖχον,

181 958 284 1010 καὶ
340 959 650 1028 ἀλείφοντες
706 962 1038 1032 ἀναρτύτως,
1073 968 1371 1035 τουτέστιν,
1417 973 1466 1024 οἱ
1508 972 1577 1025 τὰ
1629 974 1765 1045 πρὸς

180 1052 350 1121 χάριν
382 1051 649 1119 λέγοντες,
677 1055 772 1106 καὶ
801 1056 1274 1122 συγκαλύπτοντες
1303 1061 1369 1114 τὰ
1409 1061 1764 1133 ἐλαττώματα

178 1142 281 1195 τοῦ
339 1143 471 1197 λαοῦ
534 1145 628 1197 καὶ
685 1139 796 1198 οἷον
857 1147 1257 1216 ἐμπλάττοντες
1313 1154 1648 1218 ἐπιπολαίως
1695 1155 1765 1208 τὰ

182 1236 367 1306 σαθρὰ
386 1235 478 1287 τοῦ
527 1235 680 1299 λαοῦ,
713 1236 901 1308 ὥσπερ
930 1242 1073 1303 τινὸς
1102 1243 1300 1312 τοίχου.
1336 1245 1456 1308 Πῶς
1484 1245 1539 1299 δὲ
1567 1248 1764 1301 ἀπεδοε-

192 1328 440 1395 κίμασαν
473 1329 659 1381 τοῦτον
678 1328 768 1382 τὸν
798 1331 973 1396 Mem;
1000 1335 1275 1398 Είπόντες·
1301 1332 1468 1400 Οὗτος
1490 1339 1590 1392 οὐκ
1620 1340 1765 1394 ἐστιν

178 1421 247 1473 ἐκ
277 1421 371 1473 τοῦ
401 1422 560 1475 Θεοῦ.
596 1424 701 1476 Δύο
748 1425 802 1476 δὲ
838 1427 1114 1490 ἀπωλείας
1151 1429 1384 1483 ἐνταῦθα
1418 1432 1602 1500 λέγει’
1633 1434 1766 1503 μίαν

186 1513 291 1581 μὲν
317 1515 414 1585 τήν
447 1515 555 1569 τῶν
578 1517 764 1587 ψυχῶν
787 1519 986 1582 αὐτῶν,
1013 1520 1081 1591 ἢν
1106 1521 1259 1576 αὐτοὶ
1288 1525 1765 1592 σκανδαλισθέντες

182 1605 414 1658 ἔπαθονο
462 1609 576 1672 Πᾶς
629 1610 739 1682 γὰρ
783 1613 811 1664 6
861 1612 1042 1666 πεσὼν
1086 1615 1180 1667 ἐπὶ
1225 1614 1316 1670 τὸν
1358 1617 1505 1671 λίθον
1576 1620 1766 1674 τοῦτον

186 1697 676 1770 συνθλασθήσεται’
709 1704 903 1767 ἑτέραν
945 1705 1002 1758 δὲ
1055 1707 1153 1776 τὴν
1184 1709 1291 1761 ἀπὸ
1337 1709 1438 1779 τῆς
1483 1711 1764 1780 αἰχμαλω-

186 1789 332 1852 σίας,
359 1791 424 1861 ἢν
441 1795 469 1844 ό
491 1792 635 1855 λίθος
657 1795 838 1859 αὐτοῖς
877 1799 1177 1868 ἐπήγαγεν,
1211 1799 1239 1852 6
1267 1801 1397 1873 παρ’
1419 1803 1597 1855 αὐτῶν
1614 1804 1764 1866 ἐξου-

181 1881 460 1943 δενωθείς.
501 1885 556 1936 Ἐ
573 1885 617 1952 ρ’
662 1885 720 1938 ὃν
743 1888 869 1958 γὰρ,
895 1889 1048 1959 φησὶ,
1078 1890 1255 1955 πέσει,
1290 1891 1547 1962 λικμήσει
1579 1895 1759 1948 αὐτόν.

1868 699 2116 756 dor-tores
2149 703 2293 772 ipsos
2326 722 2339 758 ε
2392 710 2839 775 quemalmodnm
2884 721 2936 764 et
2969 712 3214 766 Ezechiel
3263 712 3393 766 dicit
3423 727 3435 764 :

1866 788 2222 847 Aidilicantcs
2252 796 2509 865 parietem
2556 809 2609 853 et
2645 800 2894 854 liuientes
2927 802 3128 872 absque
3172 813 3439 871 tempera-

1869 887 2006 945 tura,
2029 884 2128 938 hoc
2149 897 2248 950 ρει,
2271 889 2358 957 qui
2382 891 2687 963 adgratiam
2711 893 3020 960 loquuntur,
3047 904 3098 949 et
3123 897 3440 964 cooperiuut

1867 975 2057 1030 delicta
2106 980 2308 1048 pepuli,
2350 993 2405 1037 et
2440 985 2602 1038 veluti
2637 985 2687 1038 in
2740 985 3030 1055 superficie
3075 989 3206 1042 vitia
3259 989 3437 1058 p0puli

1868 1066 2080 1134 liniunt,
2141 1073 2284 1126 velut
2339 1076 2598 1143 parietem
2653 1080 2960 1147 querudam.
2999 1077 3278 1146 Quomodo
3343 1098 3440 1134 an-

1872 1164 1973 1208 tem
2039 1163 2462 1226 reprobaverunt
2507 1165 2736 1235 lapidem
2773 1168 2963 1221 illum?
2993 1171 3114 1236 quia
3142 1171 3389 1224 dicebant
3423 1191 3435 1225 :

1869 1244 1967 1300 llic
2002 1263 2104 1301 non
2150 1259 2230 1304 est
2265 1266 2328 1305 ex
2379 1252 2507 1310 Deo.
2543 1257 2683 1312 Duas
2744 1272 2921 1312 autem
2960 1259 3294 1328 perditiones
3356 1261 3442 1314 hic

1868 1335 2048 1391 dicit:
2089 1337 2257 1393 Unam
2308 1345 2610 1399 animarum
2667 1347 2877 1403 illorum
2917 1351 2966 1403 in
3016 1365 3178 1418 quam
3238 1351 3440 1406 incide-

1869 1428 1997 1483 bant
2029 1432 2378 1488 scandalizati
2412 1453 2423 1489 :
2457 1435 2644 1491 Omnis
2675 1439 2818 1492 enim
2852 1441 2940 1508 qui
2974 1441 3230 1496 ceciderit
3277 1457 3440 1508 super

1869 1516 2096 1589 lapidem
2155 1521 2316 1577 istum
2353 1564 2366 1590 ,
2411 1525 2818 1598 confringatur;
2869 1529 3091 1586 alteram
3151 1534 3439 1602 captivita-

1870 1612 1957 1679 tis,
1993 1630 2153 1684 quam
2203 1627 2541 1690 contemptus
2585 1622 2673 1676 ille
2702 1622 2834 1692 lapis
2862 1626 2940 1680 eis
2973 1626 3232 1681 attulerit.
3265 1627 3442 1694 Super

1866 1720 2024 1774 quem
2077 1709 2220 1762 enim
2280 1710 2556 1777 ceciderit,
2618 1714 2853 1770 dissilire
2913 1716 3060 1771 illiilli
3116 1717 3299 1774 faciet.
3348 1719 3440 1773 Sic

1870 1797 2033 1867 igitur
2086 1800 2436 1858 dissiluerunt
2485 1803 2676 1872 Judmi,
2725 1819 2778 1862 et
2820 1809 3048 1879 dispersi
3102 1820 3247 1875 sunt,
3299 1811 3440 1866 sicut

1871 1890 2038 1956 palere
2058 1892 2124 1945 ab
2157 1909 2261 1946 una
2295 1909 2417 1948 area
2442 1894 2638 1951 Judzeze
2671 1898 2723 1952 in
2755 1909 2926 1955 totum
2958 1901 3123 1973 454.
3155 1903 3436 1959 mundmn.

191 1974 383 2038 Οὕτως
408 1976 501 2029 οῦν
553 1951 930 2049 ἐλικμήθησαν
956 1951 1009 2034 cl
1035 1951 1313 2049 V’lou6aiot,
1346 1951 1764 2057 xal'6taorrﬁpq-

1879 1951 1883 1956 ,
2763 1951 2799 1952 γι
2821 1951 2925 1955 τι--
2958 1951 3123 1973 τω,

1879 1979 2104 2037 Observa
2142 1996 2321 2039 autem
2384 1987 2525 2055 quod
2584 1988 2658 2042 illi
2711 1992 2860 2059 prius
2913 1995 3227 2048 ceciderunt
3276 2010 3441 2064 super

187 2082 312 2132 σαν,
347 2067 536 2137 ὥσπερ
567 2069 748 2139 ἄχυρα
774 2070 879 2122 ἀπὸ
910 2074 1039 2139 μιᾶς
1087 2073 1313 2140 ἅλωνος,
1345 2074 1444 2142 τῆς
1483 2077 1760 2143 Ἰουδαίας,

185 2159 267 2218 είς
301 2160 477 2212 πάντα
514 2159 605 2212 τὸν
637 2161 858 2231 κόσμον.
889 2163 1114 2234 Παρατή
1128 2181 1293 2235 ρησον
1326 2167 1404 2229 δὲ,
1437 2169 1518 2220 ὃτι
1567 2171 1762 2239 πρότεα

192 2261 286 2315 ρον
321 2250 520 2302 ἐκεῖνοι
570 2251 768 2304 ἔπεσον
812 2253 906 2306 ἐπὶ
940 2254 1030 2307 τὸν
1054 2255 1225 2321 λίθον,
1248 2259 1548 2324 τουτέστιν,
1572 2261 1767 2315 ἐσκαν-

184 2338 540 2410 δαλίσθησαν,
569 2337 669 2395 εἷθ’
704 2341 877 2407 οὕτως
928 2347 955 2398 6
996 2345 1140 2410 λίθος
1183 2347 1378 2403 ἔπεσεν
1417 2351 1504 2404 ἐπ’
1548 2353 1764 2420 αὐτοὺς,

185 2430 282 2482 καὶ
315 2432 714 2502 ἐτιμωρήσατο·
752 2439 1075 2505 προηγεῖται
1105 2437 1214 2508 γὰρ
1263 2441 1294 2509 ἡ
1346 2440 1764 2510 ἐμὴλὰμαρτία,

189 2516 294 2573 εἶθ’
321 2521 495 2585 οὕτως
524 2525 556 2594 ή
585 2523 676 2577 τοῦ
709 2524 842 2578 Θεοῦ
871 2527 956 2579 ἐπ’
983 2527 1080 2598 ἐμὲ
1105 2529 1286 2582 δικαία
1321 2533 1579 2601 τιμωρία.
1626 2533 1765 2587 Ἀλλ’

185 2613 240 2665 οἱ
287 2614 388 2683 μὲν
441 2615 688 2668 Ἰουδαῖοι
737 2618 1148 2687 ἀπεδοκίμασαν
1191 2621 1283 2676 τὸν
1322 2622 1469 2676 λίθον
1495 2625 1708 2678 τοῦτον
1738 2627 1766 2679 6

185 2704 245 2756 δὲ
279 2705 536 2760 τοσοῦτον
566 2704 632 2777 ἦν
651 2709 838 2776 καλὸς,
877 2713 972 2764 καὶ
1002 2712 1277 2780 ἐκλεκτὸς,
1297 2714 1440 2768 ὥστε
1471 2719 1550 2781 εἰς
1590 2735 1766 2788 κεφα-

185 2797 290 2866 λὴν
338 2800 540 2866 γωνίας
581 2801 824 2873 τεθῆναι,
854 2805 947 2857 καὶ
987 2806 1082 2859 δύο
1123 2807 1340 2878 τοίχους
1396 2810 1768 2880 συμϐαλέσθαι

187 2891 288 2941 καὶ
342 2889 562 2955 ὲνῶσαι,
590 2891 662 2944 τά
710 2910 770 2946 τε
807 2893 1012 2949 παλαιὰ
1059 2896 1154 2950 καὶ
1174 2899 1238 2952 τὰ
1269 2897 1382 2953 νέα.
1417 2901 1610 2955 Καίτοι
1661 2901 1768 2955 ἔδει

183 2981 390 3041 αὐτοὺς
431 2981 664 3036 ἀκοῦσαι
713 2983 936 3038 Ἠσαῖου
981 2986 1253 3055 λέγοντοςο
1298 3009 1317 3042 ι
1367 2991 1572 3062 Κύριον
1603 2993 1767 3048 αὑτὸν

184 3073 478 3139 ἁγιάσατε,
512 3075 605 3127 καὶ
629 3075 792 3140 αὐτὸς
827 3077 979 3130 ἔσται
1011 3079 1141 3149 ὑμῖν
1191 3081 1380 3150 φόϐος,
1423 3083 1519 3137 καὶ
1551 3086 1649 3154 οὐχ
1693 3085 1768 3148 ὡς

183 3165 346 3217 λίθου
409 3167 794 3238 προσκόμματι
857 3172 1220 3243 σνναντήσετε
1281 3174 1452 3243 αὐτῷ,
1513 3177 1620 3229 οὐδ’
1693 3180 1768 3242 ὡς

1868 2073 2122 2142 lapidem,
2165 2077 2266 2131 hoc
2315 2087 2417 2143 est,
2467 2082 2818 2137 scandalizati
2867 2093 3015 2150 sunt,
3052 2085 3249 2140 deinde
3304 2087 3441 2158 lapis

1869 2167 2064 2221 cecidit
2090 2182 2251 2238 super
2276 2183 2388 2237 eos,
2423 2179 2476 2226 et
2515 2171 2659 2227 ultus
2685 2184 2766 2228 est
2794 2175 2910 2230 illos
2949 2192 2963 2228 :
3000 2178 3267 2246 praecedit
3295 2179 3438 2232 enim

1867 2271 2146 2327 peceatum
2186 2277 2382 2329 meum,
2432 2264 2624 2321 deinde
2663 2268 2906 2337 sequitur
2933 2279 2986 2324 et
3022 2269 3167 2339 j‘usta
3201 2269 3292 2325 D'ei
3327 2272 3444 2325 vin-

1868 2352 2030 2405 dicta.
2057 2351 2256 2407 Vcrum
2287 2355 2456 2409 Judaei
2489 2357 2708 2426 quidem
2745 2360 3177 2428 reprobaverunt
3211 2361 3440 2431 lapidem

1872 2443 2054 2498 istum.
2089 2444 2159 2498 At
2211 2445 2350 2515 lapis
2388 2446 2478 2501 ille
2530 2458 2647 2503 erat
2681 2451 2905 2519 pulcher
2927 2459 2980 2506 et
3019 2453 3247 2517 electus,
3279 2455 3351 2507 ita
3386 2464 3442 2507 ut

1867 2549 1918 2594 et
1970 2539 2025 2594 in
2061 2550 2220 2612 caput
2258 2544 2440 2612 anguli
2473 2544 2543 2598 sit
2591 2547 2820 2613 positus,
2861 2555 2915 2601 et
2945 2548 3286 2618 conjunxerit
3345 2565 3440 2617 pa-

1869 2631 2053 2699 rietes,
2077 2640 2129 2686 ct
2178 2634 2412 2690 univerit
2451 2646 2634 2690 vetera
2670 2653 2731 2691 ac
2763 2654 2922 2694 nova.
2948 2638 3014 2694 Et
3049 2639 3177 2710 quid
3211 2640 3443 2695 multis?

1869 2722 2166 2790 Oportebat
2194 2725 2312 2781 illos
2353 2727 2540 2784 audire
2596 2727 2789 2784 Isaiam
2833 2731 3102 2786 dicentem
3141 2750 3156 2787 :
3200 2751 3218 2784 ι
3260 2733 3444 2787 Domi-

1870 2830 1994 2868 num
2033 2815 2202 2885 ipsum
2235 2817 2585 2886 sanetilicate,
2619 2827 2673 2874 et
2698 2821 2810 2889 ipse
2839 2821 2942 2874 erit
2967 2830 3145 2876 vester
3181 2822 3358 2886 timor,
3393 2833 3449 2878 ct

1872 2919 1976 2958 non
2015 2906 2325 2976 tmpingetis
2348 2909 2399 2961 in
2426 2909 2571 2963 illum
2597 2920 2656 2965 ut
2687 2911 2738 2964 in
2771 2911 3002 2980 lapidem
3029 2912 3364 2978 offensionis,
3393 2924 3448 2968 et

1872 3009 2076 3065 petram
2103 2999 2339 3054 scandali
2384 3002 2424 3056 ⁸.
2459 3020 2480 3055 ι
2526 3002 2598 3058 At
2656 3003 2730 3057 illi
2771 3003 3008 3076 scientes
3034 3005 3178 3074 quod
3229 3015 3447 3075 propter

1872 3091 2018 3160 ipsos
2076 3094 2384 3160 parabolam
2451 3098 2618 3162 dicat,
2675 3099 2963 3154 consilium
3020 3101 3209 3155 ineunt
3257 3111 3447 3157 contra

1873 3197 2017 3248 eum,
2047 3196 2101 3240 et
2159 3187 2262 3241 nisi
2325 3187 2518 3245 fuisset
2572 3191 2734 3247 timor
2794 3194 3194 3264 ponuli,ctiam
3257 3209 3449 3250 manus

193 3257 410 3328 πέτρας
433 3256 713 3330 πτώματι.
755 3280 774 3312 ι
807 3263 869 3315 υἱ
893 3262 950 3314 δὲ
981 3265 1074 3318 καὶ
1098 3265 1337 3333 γνόντες,
1369 3270 1448 3322 ὅτι
1474 3269 1541 3323 δι’
1573 3270 1769 3337 αὐτοὺς

1879 3275 2182 3344 iujecissent
2228 3279 2280 3334 in
2334 3295 2476 3337 eum.
2511 3284 2574 3338 Et
2618 3295 3058 3356 contempserunt
3107 3288 3323 3359 quidem
3371 3291 3448 3346 le-

186 3349 293 3417 τὴν
324 3350 638 3422 παραϐολὴν
671 3351 843 3420 λέγει,
880 3354 1225 3423 βουλεύονται
1271 3360 1391 3412 κατ’
1445 3361 1632 3427 αὐτοῦ,
1680 3365 1777 3417 καὶ

188 3445 242 3494 εἰ
283 3443 358 3514 μὴ
398 3439 467 3514 ἦν
496 3445 536 3510 _6
560 3445 654 3498 τοῦ
701 3446 829 3499 λαοῦ
861 3447 1044 3516 φόϐος,
1077 3451 1168 3502 καὶ
1195 3452 1383 3520 χεῖρας
1416 3453 1484 3506 ἂν
1515 3455 1778 3511 ἐπέϐαλον

192 3534 284 3586 ἐπ’
317 3536 497 3591 αὐτόν.
529 3538 639 3590 Καὶ
669 3537 763 3591 τοῦ
800 3538 896 3609 μὲν
925 3540 1090 3611 νόμου
1131 3541 1400 3611 λέγοντος,
1450 3545 1648 3600 Ἀθῶον
1687 3549 1780 3602 καὶ

190 3625 410 3679 δίκαιον
457 3627 557 3681 οὐκ
621 3630 962 3696 ἀποκτενεῖς,
997 3633 1380 3703 παρήκουσαν,
1414 3636 1507 3690 τὸν
1557 3637 1616 3691 δὲ
1671 3639 1780 3690 τῶν

193 3715 502 3784 ἀνθρώπων
541 3717 712 3788 θυμὸν
744 3720 1054 3788 φοϐοῦνται,
1083 3724 1179 3777 καὶ
1232 3727 1649 3782 ἀναστέλλονται
1683 3731 1782 3800 τῆς

195 3809 266 3860 ἐκ
293 3808 387 3860 τοῦ
418 3811 655 3881 φανεροῦ
681 3814 1002 3882 ἐπιθέσεως,
1033 3818 1447 3873 ἐπιϐουλεύουσι
1490 3820 1545 3873 δὲ
1581 3822 1779 3886 ἄλλως.

278 3921 296 3950 ι
341 3903 448 3954 Καὶ
498 3908 1010 3976 παρατηρήσαντες,
1062 3911 1392 3964 ἀπέστειλαν
1444 3914 1778 3980 ἐγκαθέτους

196 3994 663 4065 ὑποκρινομένους
700 3999 924 4062 ἑαυτοὺς
969 3999 1210 4065 δικαίους
1255 4001 1415 4068 εἶναι,
1453 4005 1539 4058 ἵνα
1591 4008 1779 4060 ἐπιλα-

196 4089 410 4141 ϐωνται
477 4090 642 4143 αὑτοῦ
683 4091 838 4159 λόγον
899 4096 978 4156 είς
1007 4094 1069 4146 τὸ
1122 4095 1453 4163 παραδοῦναι
1505 4099 1667 4152 αὑτὸν
1713 4103 1778 4171 τῇ

197 4184 372 4252 ἀρχῇ,
402 4185 498 4236 καὶ
530 4185 598 4254 τῇ
635 4184 854 4257 ἐξουσίᾳ
889 4186 980 4239 τοῦ
1017 4189 1304 4257 ἡγεμόνος.
1345 4191 1454 4242 Καὶ
1483 4192 1782 4262 ἐπηρώτων

201 4273 391 4338 αὐτὸν,
431 4274 708 4343 λέγοντεςο
742 4277 1058 4343 Διδάσκαλε,
1085 4281 1327 4350 οἴδαμεν,
1355 4284 1437 4336 ὅτι
1483 4285 1657 4355 ὀρθῶς
1692 4288 1780 4340 λέ-

201 4381 348 4429 γεις,
383 4366 475 4417 καὶ
536 4367 826 4432 διδάσκεις,
856 4371 951 4424 καὶ
1003 4373 1064 4424 οὐ
1117 4373 1415 4443 λαμϐάνεις
1473 4379 1777 4448 πρόσωπον,

201 4456 322 4509 ἀλλ’
362 4457 448 4508 ἐπ’
480 4457 735 4528 ἀληθείας
765 4461 862 4531 τὴν
898 4463 1016 4517 ὁδον
1038 4463 1132 4516 τοῦ
1158 4467 1291 4518 Θεοῦ
1326 4467 1619 4534 διδάσκεις.
1669 4473 1783 4539 ἐξε-

205 4565 329 4599 στιν
357 4549 489 4618 ἡμῖν
521 4549 684 4619 φόρον
713 4552 950 4624 Καίσαρι
992 4554 1200 4622 δοῦναι,
1227 4558 1259 4630 ἢ
1289 4560 1351 4612 οῦ
1377 4578 1393 4627 ;
1420 4562 1782 4634 Κατανοήσας

1881 3384 1998 3440 gem
2049 3387 2168 3440 quae
2198 3375 2328 3430 dicit
2358 3396 2374 3429 ι
2403 3376 2749 3432 lnnocentem
2791 3388 2845 3434 et
2890 3379 3095 3448 justum
3154 3397 3256 3436 non
3301 3385 3448 3438 oeci.

1881 3463 1995 3517 des.
2031 3463 2351 3521 Timuerunt
2383 3476 2561 3522 autem
2597 3483 2652 3523 et
2679 3472 2913 3540 repressi
2944 3481 3068 3526 sunt
3097 3487 3125 3525 a
3162 3483 3305 3527 metu
3351 3477 3448 3529 ho-

1882 3556 2108 3622 tniuttm,
2146 3573 2210 3612 ne
2259 3560 2545 3618 manifeste
2582 3562 2840 3621 invadant
2889 3579 3034 3631 eum,
3078 3566 3173 3622 sed
3218 3566 3366 3624 clam.
3401 3573 3475 3627 ei.

1884 3650 2058 3708 denuo
2089 3653 2434 3711 insidiantur.

1958 3925 2124 3980 \‘rns.
2149 3926 2210 3981 9.!
2248 3928 2338 3982 26.
2368 3947 2387 3980 ς
2425 3928 2496 3983 Et
2519 3930 2871 3987 observantes
2902 3935 3446 3991 emisermit-insidiaa

1885 4026 2030 4073 tores
2067 4022 2156 4090 qui
2200 4036 2258 4076 se
2283 4021 2456 4088 justos
2489 4023 2832 4089 simularent,
2862 4034 2922 4080 ut
2949 4038 3207 4095 caperent
3237 4043 3357 4083 eum
3384 4045 3450 4085 ex

1883 4124 2154 4178 sermone,
2187 4115 2568 4184 traderenttpie
2597 4114 2745 4169 illum
2781 4118 3109 4186 principatui
3140 4128 3195 4173 et
3261 4131 3447 4189 potes-

1885 4207 1981 4258 tati
2037 4207 2280 4275 prmsidis
2318 4225 2331 4261 :
2362 4220 2416 4262 et
2465 4209 2931 4278 interrogaverunt
2981 4227 3124 4276 eum,
3161 4213 3448 4268 dicentes:

1883 4298 2163 4365 Magister,
2201 4298 2400 4352 scimus
2435 4298 2578 4368 quod
2626 4309 2770 4355 recte
2824 4301 2960 4354 dicis
3011 4316 3073 4356 ac
3129 4302 3310 4367 doces,
3355 4319 3454 4356 nee

1885 4391 2108 4459 respicis
2147 4406 2455 4460 personant,
2496 4392 2588 4446 sed
2635 4394 2775 4446 viam
2814 4392 2906 4446 Dei
2938 4409 3059 4447 cum
3095 4394 3323 4448 veritate
3361 4395 3458 4449 do-

1885 4495 1976 4535 ces
2010 4499 2022 4533 :
2056 4479 2182 4534 licet
2237 4481 2393 4534 nobis
2439 4482 2694 4535 tributum
2755 4481 2885 4536 dare
2931 4482 3153 4546 Cmsari,
3188 4501 3254 4537 an
3310 4485 3456 4538 non?

1889 4571 2163 4625 Intellecta
2213 4581 2390 4626 autem
2442 4571 2653 4625 illorum
2717 4573 2975 4639 versutia,
3015 4573 3149 4627 dixit
3194 4577 3260 4626 ad
3317 4587 3450 4628 cos:

203 4641 264 4693 δὲ
309 4642 490 4695 αὐτῶν
517 4643 613 4714 τὴν
643 4648 996 4715 πανουργίαν,
1027 4644 1148 4701 εἶπε
1191 4653 1328 4720 πρὸς
1358 4654 1585 4719 αὐτούς’
1620 4659 1685 4710 Τί
1715 4677 1773 4729 με

1891 4663 2025 4729 Quid
2058 4679 2143 4718 me
2184 4664 2439 4718 teutatis?
2472 4664 2747 4718 Ostendite
2793 4666 2922 4718 mihi
2960 4665 3262 4720 denarium.
3291 4664 3456 4730 Cujus

207 4733 534 4802 πειράζετες
595 4735 927 4802 Ἑπιδείξατέ
989 4757 1080 4808 μοι
1125 4742 1397 4812 δηνάριον.
1445 4748 1602 4813 Τίνος
1673 4751 1785 4820 ἔχει

203 4824 393 4876 εἰκόνα
417 4827 510 4879 καὶ
541 4828 884 4897 ἐπιγραφὴν;
929 4830 1344 4904 Ἀποκριθέντες
1374 4834 1544 4902 εἶπον,
1573 4843 1787 4895 Καίσα-

213 4931 332 4985 ρος.
379 4915 436 4969 ὐ
491 4917 547 4969 δὲ
591 4914 743 4972 εἶπεν
788 4921 990 4985 αὐτοῖς’
1037 4925 1288 4980 ’Λπόδοτε
1331 4931 1509 4983 τοίνυν
1548 4935 1617 4984 τὰ
1659 4937 1790 4988 Καί·

208 5025 382 5078 σαρος
442 5010 708 5081 Καίσαρι,
756 5015 954 5068 καὶτὰ
1003 5017 1098 5069 τοῦ
1147 5019 1285 5072 Θεοῦ
1344 5022 1422 5091 τῷ
1478 5023 1617 5095 Θεῷ.
1677 5029 1788 5080 Καὶ

203 5101 312 5152 οὐκ
354 5099 578 5169 ἴσχυσαν
633 5105 987 5160 ἐπιλαϐέσθαι
1044 5109 1209 5163 αὐτοῦ
1251 5113 1494 5181 ῥήματος
1545 5119 1784 5172 ἐναντίον

205 5193 308 5245 τοῦ
381 5193 510 5247 λαοῦ
543 5235 557 5258 ,
619 5197 716 5249 καὶ
767 5198 1148 5268 Θαυμάσαντες
1221 5205 1312 5256 ἐπὶ
1363 5209 1430 5276 τῇ
1493 5208 1783 5277 ἀποκρίσει

207 5285 420 5349 αὐτοῦ,
479 5287 762 5358 ἐσίγησαν.
831 5309 852 5341 ›
908 5293 1119 5360 Παγίδα
1163 5295 1463 5365 ἡτοίμασαν
1506 5300 1555 5350 οἱ
1618 5301 1784 5369 Φαρι-

210 5380 358 5429 σαῖοι
400 5377 794 5448 δυσδιάφυκτον
831 5381 906 5451 τῷ
940 5384 1148 5453 Κυρίῳ,
1176 5384 1250 5448 ὥς
1277 5404 1340 5454 γε
1371 5388 1608 5449 ἐδόκουν.
1651 5390 1784 5442 ἀλλὰ

211 5468 526 5539 συνελήφθη
575 5472 634 5523 ἐν
681 5472 856 5544 ταύτῃ
895 5477 922 5526 6
965 5477 1100 5538 ποὺς
1145 5478 1342 5530 αὐτῶν·
1382 5479 1458 5532 ἴδε
1523 5482 1631 5550 γὰρ
1685 5499 1784 5532 και

209 5563 500 5632 κονργίαν.
531 5565 592 5618 El
637 5565 736 5632 μὲν
766 5565 930 5627 εῐποι,
974 5569 1159 5636 φησὶν,
1197 5570 1277 5621 ὅτι
1300 5571 1379 5623 δεῖ
1407 5574 1607 5642 φόρους
1645 5571 1783 5624 διδό-

211 5673 305 5707 ναι
344 5655 608 5724 Καίσαρι,
657 5660 1066 5726 κατηγορητέος
1100 5661 1235 5729 πρὸς
1278 5663 1369 5714 τὸν
1411 5664 1560 5727 λαὸν,
1593 5665 1665 5726 ὡς
1724 5664 1785 5716 τὸ

211 5745 368 5806 E090;
392 5746 471 5808 είς
490 5745 736 5800 δουλείαν
769 5748 1014 5818 ὑπάγων,
1048 5753 1264 5823 σπέρμα
1303 5754 1552 5826 Ἀϐραὰμ
1581 5755 1658 5822 δν,
1691 5755 1784 5807 καὶ

288 5919 310 5950 ⁸
339 5917 444 5976 lsa.
474 5936 588 5989 vm,
629 5923 712 5977 13.
750 5923 835 5976 14.

1887 4755 2048 4808 habet
2102 4755 2386 4823 imaginem
2443 4764 2494 4807 et
2567 4755 3007 4822 inscr‘ptioneu‘i?
3056 4755 3459 4824 Respondentes

1887 4848 2164 4913 dixerunt,
2196 4848 2448 4902 Caasaris.
2479 4847 2546 4899 Et
2607 4847 2680 4914 ait
2721 4846 2860 4898 illis:
2893 4845 3114 4899 llcddite
3158 4860 3287 4913 ergo
3339 4863 3459 4913 qtut:

1887 4943 2011 4988 sunt
2051 4936 2300 5001 Caesaris,
2330 4935 2528 4990 Cmsari
2565 4952 2577 4988 :
2611 4946 2664 4988 et
2709 4949 2826 5002 qua:
2889 4943 3014 4987 sunt
3063 4933 3173 4997 Dei,
3209 4935 3333 4988 Deo.
3396 4935 3460 4986 lit

1888 5042 1992 5080 non
2048 5036 2341 5095 potuerunt
2386 5025 2603 5081 verbum
2661 5025 2778 5096 ejus
2830 5024 3222 5093 reprehendere
3275 5040 3456 5079 coram

1890 5117 2082 5188 populo
2125 5136 2137 5171 :
2173 5128 2227 5172 et
2279 5118 2458 5172 mirati
2494 5132 2655 5186 super
2690 5131 2949 5184 responso
2988 5115 3126 5184 ejus,
3168 5117 3458 5171 obmutue-

1889 5220 2036 5262 runt.
2075 5228 2093 5259 ι
2132 5208 2403 5276 Laqueum
2437 5217 2755 5276 paraverant
2801 5206 3082 5267 Pharisaei.
3113 5223 3268 5274 quem
3323 5207 3461 5261 ditli-

1888 5302 2010 5363 cile,
2049 5310 2106 5354 ut
2154 5300 2255 5354 sibi
2310 5300 2608 5363 videbatur,
2639 5297 2872 5364 ell‘ugere
2915 5304 3120 5364 poterat
3157 5297 3454 5353 Dominus:

1891 5391 1982 5443 sed
2017 5391 2439 5457 comprehensus
2468 5396 2550 5441 est
2589 5387 2680 5440 illo
2731 5402 2824 5455 pes
2872 5401 3082 5440 eorum.
3131 5387 3264 5442 Vide
3313 5389 3457 5442 enim

1897 5477 2175 5530 malitiam.
2207 5475 2337 5529 Nam
2381 5475 2424 5528 si
2471 5475 2683 5542 quidem
2726 5475 2951 5528 dixisset
2998 5474 3233 5528 dandum
3291 5475 3460 5526 tribu-

1897 5578 2008 5620 tum
2039 5567 2262 5629 Caesari,
2305 5575 2655 5620 accusassent
2686 5570 2806 5619 eum
2844 5565 2983 5634 apud
3011 5565 3262 5634 pepulum
3315 5565 3457 5631 q-uod

1893 5661 1944 5712 iu
1990 5659 2302 5712 servitutem
2331 5659 2572 5726 redigere
2605 5661 2815 5712 studeat
2848 5667 3058 5728 gentem
3106 5673 3225 5725 qme
3268 5670 3453 5708 semen

1891 5753 2123 5807 Abrahae
2156 5750 2248 5817 sit,
2268 5761 2322 5805 et
2351 5750 2544 5806 nullius
2575 5751 2820 5806 servituti
2853 5749 3079 5804 obnoxia
3111 5764 3125 5800 :
3156 5745 3236 5801 sin
3271 5743 3458 5815 proui-
