3870 6564
484 471 619 553 ιλιι

1328 487 1908 549 THEOPllYLACTI
1948 485 2361 546 BULGABi/E
2401 486 2756 548 ARClIlEP.

3572 493 3673 554 lilii

474 609 686 667 bnisset
736 607 887 671 dare,
924 606 1125 663 iterum
1193 610 1258 659 ad
1302 606 1589 672 praesidem
1635 615 1695 660 ut
1743 603 2057 659 seditiosum

2169 602 2359 673 μηδενί
2384 602 2697 657 δουλεῦσαν·
2727 604 2775 657 εἰ
2802 601 2858 656 δὲ
2879 603 3079 658 κωλύει
3103 605 3301 677 φόρους
3327 605 3536 670 διδόναι,
3561 606 3685 659 πάλιν

480 700 795 756 traxissent.
828 684 1030 754 Verum
1085 697 1203 769 ipse
1255 695 1477 766 laqueos
1529 709 1720 753 eorum
1765 691 1952 762 eiiugit
2000 700 2058 745 et

473 803 692 860 caprea,
740 803 847 858 quo
881 788 1102 844 nomine
1150 786 1326 857 ipsum
1382 786 1436 841 in
1487 785 1728 842 Canticis
1772 782 2059 854 appellavit

474 893 698 950 sponsa,
719 887 775 933 et
802 878 959 934 docet
988 890 1044 933 ut
1068 876 1117 932 ei
1157 875 1251 947 qui
1292 884 1649 947 postestatem
1681 875 1841 930 habet
1888 887 2053 943 super

473 986 702 1041 corpora
736 979 923 1026 nostra
966 971 1320 1042 corporaliter
1370 966 1771 1038 suhjaceamus,
1804 966 1921 1021 sive
1958 978 2058 1020 rex

479 1064 569 1118 ille
599 1063 695 1129 sit,
726 1063 843 1117 sive
889 1071 1175 1134 tyrannus,
1207 1062 1344 1117 nihil
1386 1062 1533 1117 enim
1568 1060 1671 1116 hoc
1706 1060 1861 1114 nobis
1900 1067 2058 1113 nocet

471 1167 532 1210 ut
599 1156 953 1225 spiritualiter
1009 1156 1149 1211 bene
1199 1156 1512 1226 placeamus
1564 1153 1677 1210 Deo
1743 1154 2053 1225 Spirituum.

471 1246 705 1303 Reddite
721 1248 890 1312 enim,
918 1245 1119 1316 inquit,
1150 1262 1270 1316 quae
1313 1244 1544 1303 Cmsaris
1571 1253 1719 1310 sunt,
1748 1242 1971 1308 Czesari,
2002 1251 2058 1296 et

473 1354 595 1408 quae
627 1346 755 1395 sunt
794 1338 910 1404 Dei,
943 1337 1073 1394 Deo.
1104 1337 1171 1394 Et
1203 1338 1329 1395 vide
1365 1338 1493 1408 quia
1538 1352 1645 1393 non
1679 1335 1837 1401 dixit,
1883 1337 2053 1390 dates

473 1430 567 1486 sed
624 1431 851 1487 reddite.
906 1431 1153 1487 Debitum
1198 1433 1383 1502 igitur,
1424 1431 1619 1500 inquit,
1669 1438 1804 1486 est:
1842 1428 2056 1483 reddite

475 1524 646 1595 igitur
693 1526 952 1581 debitum.
981 1524 1233 1581 Custodit
1267 1535 1318 1581 te
1358 1527 1608 1597 princeps
1635 1534 1759 1581 tuus
1802 1526 1870 1580 ab
1924 1524 2056 1578 bos-

476 1617 643 1680 tibus,
693 1617 860 1672 vitam
908 1626 1054 1673 tuam
1106 1628 1355 1687 pacatam
1417 1617 1547 1672 iacit
1605 1635 1618 1672 :
1671 1616 1835 1671 debes
1876 1617 2056 1685 itaque

473 1710 524 1764 ei
556 1726 655 1780 pro
676 1710 761 1765 bis
798 1711 1086 1777 tributum,
1112 1710 1419 1781 praesertim
1443 1725 1564 1765 cum
1594 1719 1649 1764 et
1684 1710 1864 1778 ipsum
1893 1722 2055 1775 quem

472 1800 686 1869 profers
711 1817 1013 1869 nummum,
1040 1804 1107 1859 ab
1137 1802 1227 1860 illo
1256 1802 1376 1874 ipso
1393 1802 1580 1857 habes.
1600 1798 1764 1870 igitur
1786 1800 2055 1856 numisma

476 1893 619 1961 regis
647 1893 842 1949 iterum
864 1894 941 1949 illi
975 1895 1158 1960 redde,
1196 1895 1411 1950 interim
1441 1907 1623 1949 autem
1653 1894 1816 1967 555
1845 1893 1941 1949 tibi
1974 1894 2055 1948 lu-

474 1983 670 2049 craris,
687 1985 828 2052 quod
847 2000 943 2054 per
960 1985 1156 2055 ipsum,
1174 2001 1295 2057 quae
1309 1986 1432 2040 vita:
1450 1986 1627 2041 debita
1644 1998 1788 2051 sunt,
1804 1996 2059 2056 praestan-

474 2074 529 2129 tu
540 2091 585 2131 r.
601 2073 693 2131 Sic
715 2077 948 2147 denique
965 2088 1021 2133 et
1048 2093 1168 2148 qua:
1189 2078 1283 2134 Dei
1307 2087 1456 2143 sunt,
1481 2076 1589 2134 Deo
1613 2088 1739 2137 sunt
1763 2079 2057 2136 reddenda.

473 2164 635 2224 Dedit
676 2168 773 2223 tibi
815 2175 1075 2237 mentem,
1104 2169 1251 2226 illam
1299 2171 1465 2226 redde
1524 2170 1596 2235 ei,
1623 2170 1772 2241 quIa
1825 2178 2059 2223 mentem

472 2276 748 2333 operans:
784 2261 935 2317 dedit
982 2263 1076 2318 tibi
1124 2264 1414 2329 rationem,
1470 2263 1636 2318 redde
1681 2263 1729 2318 ei
1780 2262 1947 2331 illam,
1993 2276 2060 2318 ne

474 2352 578 2408 ﬁas
601 2351 778 2407 brutis
811 2350 1196 2422 insipientibus
1220 2352 1441 2419 similis,
1474 2354 1569 2409 sed
1601 2348 1773 2409 facias
1795 2354 1979 2408 omnia
2003 2363 2061 2409 ut

477 2444 783 2502 rationalis.
829 2444 893 2499 Et
920 2446 976 2500 in
1010 2461 1247 2513 summa,
1273 2445 1424 2501 dedit
1457 2445 1552 2501 tibi
1588 2446 1826 2501 animam
1858 2456 1913 2500 et
1938 2459 2060 2500 cor—

476 2546 624 2601 pus:
658 2534 840 2590 omnia
885 2535 1049 2591 redde
1094 2536 1166 2601 ei,
1202 2546 1256 2592 et
1288 2536 1577 2604 imaginem
1633 2551 1788 2592 suam
1834 2536 2062 2591 restitue

473 2626 531 2682 ei
550 2640 646 2698 per
679 2628 862 2695 iidem,
885 2642 981 2697 per
1010 2644 1183 2697 spem.
1206 2644 1409 2700 perque
1430 2629 1755 2685 cbaritatem
1780 2629 2057 2684 incedens.

477 2715 624 2774 Sane
652 2725 708 2774 et
746 2718 903 2775 aliter
934 2718 1199 2776 reddenda
1240 2729 1365 2775 sunt
1399 2719 1625 2787 Caesari,
1652 2733 1772 2789 qua:
1826 2718 2058 2773 Caesaris

476 2822 629 2879 sunt,
688 2812 1067 2883 unusquisque
1131 2813 1280 2868 enim
1328 2821 1571 2867 nostrum
1624 2810 1910 2879 imaginem
1963 2810 2058 2864 Dei

476 2910 675 2974 gestat.
709 2901 794 2959 vel
829 2904 1089 2973 principis
1117 2902 1323 2958 tnundi.
1356 2901 1490 2960 Cum
1521 2903 1685 2974 igitur
1722 2902 1928 2958 similes
1958 2917 2060 2957 nos

478 2996 772 3052 fecerimus
805 2996 1031 3062 Ctesari,
1059 2996 1186 3052 facti
1215 2997 1307 3051 lilii
1340 2995 1567 3064 diaboli,
1604 2996 1896 3067 imaginem
1942 2996 2060 3066 ejus

475 3094 772 3162 testantes,
797 3090 942 3145 illam
973 3091 1203 3146 reddere
1234 3090 1283 3147 ei
1313 3100 1551 3158 oportet,
1586 3100 1642 3146 et
1687 3090 1920 3158 ahjicere
1957 3106 1970 3143 :
2002 3098 2061 3143 ιιι

476 3180 676 3237 habeat
711 3196 833 3251 quas
879 3196 1001 3246 sua.
1030 3190 1085 3237 et
1119 3181 1259 3237 nihil
1314 3182 1556 3237 inveniat
1610 3181 1665 3237 in
1718 3181 1872 3237 nobis
1913 3184 2057 3251 quod

2161 697 2297 768 πρὸς
2340 695 2431 750 τὸν
2467 696 2709 769 ἡγεμόνα
2764 696 3005 765 ἄξουσιν,
3031 698 3107 762 ὡς
3171 699 3518 766 στασιαστὴν.
3556 697 3605 751 '0
3647 700 3687 752 δὲ

2158 791 2285 852 τοὺς
2315 789 2547 861 βρόχους
2577 789 2757 844 αὐτῶν
2787 790 3071 859 ἐκφεύγει,
3098 790 3173 854 ὡς
3202 789 3428 862 δορκὰς,
3462 790 3585 843 οὕτω
3608 792 3689 859 γὰρ

2159 885 2324 939 αὑτὸν
2345 888 2404 939 ἐν
2425 885 2503 957 τῷ
2524 886 2765 956 ᾋσματι
2788 885 2821 953 ἡ
2846 883 3032 954 νύμφη
3055 881 3331 954 ὠνόμασε,
3364 881 3461 934 καί
3482 880 3690 943 διδάσκει,

2160 978 2242 1033 ὃτι
2277 977 2338 1031 τὸ
2416 976 2749 1046 σωματικῶς
2802 975 3123 1029 ὑποκεῖσθαι
3184 975 3262 1045 τῷ
3312 972 3424 1028 τῶν
3477 973 3692 1041 σωμάτων

2160 1070 2317 1142 ἡμῶν
2366 1067 2778 1135 ὲξουσιάζοντι,
2839 1068 2951 1122 εἴτε
3008 1067 3240 1138 βασιλεῖ,
3309 1066 3424 1121 εἴτε
3472 1065 3692 1136 τυράννῳ,

2159 1162 2313 1216 οὐδὲν
2340 1161 2474 1231 ἡμῖν
2513 1160 2841 1231 λυμαίνεται
2868 1159 3005 1231 πρὸς
3037 1160 3099 1213 τὸ
3139 1159 3462 1229 εὐαρεστεῖν
3496 1173 3694 1225 πνευμα-

2158 1255 2325 1317 τικῶς
2356 1253 2433 1324 τῷ
2457 1252 2578 1324 Θεῷ
2607 1252 2717 1307 τῶν
2740 1251 3090 1323 πνευμάτων.
3132 1251 3389 1303 Ἀπόδοτε
3421 1249 3548 1317 γὰρ,
3576 1250 3694 1317 φησι,

2158 1349 2225 1402 τὰ
2263 1346 2542 1417 Καίσαρος
2568 1348 2829 1416 Καίσαρι,
2850 1346 2945 1399 καί¹
2982 1346 3052 1398 τὰ
3074 1344 3167 1398 τοῦ
3196 1342 3334 1397 Θεοῦ
3359 1341 3439 1411 τῷ
3466 1340 3595 1410 Θεῷ.
3616 1341 3699 1394 Kal.

2157 1444 2279 1511 ὅρα,
2297 1442 2397 1494 οὐκ
2413 1434 2534 1493 εἰπε
2550 1439 2700 1499 Δότε.
2720 1438 2834 1492 ἀλλ’
2851 1437 3126 1490 Ἀπόδοτε.
3148 1434 3346 1504 Χρέως,
3369 1434 3552 1502 φησὶν,
3567 1433 3696 1496 ἐστὶν,

2160 1535 2363 1598 ἀπόδος
2416 1532 2513 1587 οῦν
2558 1531 2657 1602 τὴν
2683 1530 2929 1599 ὀφειλὴν.
2958 1528 3222 1583 Φυλάττει
3264 1544 3324 1580 σε
3369 1528 3401 1580 6
3436 1524 3606 1595 ἄρχων
3629 1542 3696 1578 σου

2159 1630 2222 1680 ἑκ
2256 1624 2361 1678 τῶν
2392 1622 2688 1692 πολεμίων,
2721 1622 2817 1673 τὸν
2858 1620 2971 1691 βίον
3012 1635 3105 1671 σου
3147 1619 3427 1687 εἰρηναῖον
3481 1616 3692 1685 καθιστᾷο

2158 1721 2453 1791 χρεωστεῖς
2473 1714 2567 1769 οῦν
2593 1714 2745 1784 αὐτῷ
2770 1713 2861 1767 τὸν
2893 1712 3059 1781 φόρον
3084 1711 3206 1764 ἀντὶ
3235 1708 3471 1773 τούτων,
3495 1707 3642 1770 ἄλλως
3658 1724 3701 1799 τε

2165 1814 2263 1867 καὶ
2289 1810 2445 1877 αὑτὴ,
2470 1809 2497 1862 6
2526 1806 2879 1879 προσφέρεις,
2913 1804 3187 1868 τουτέστι,
3219 1801 3283 1854 τὸ
3314 1801 3576 1870 νόμισμα,
3601 1816 3689 1868 παρ

2160 1902 2366 1956 ἐκείνου
2417 1898 2582 1952 αὑτοῦ
2634 1896 2800 1968 ἔχεις.
2827 1895 2901 1948 Τὸ
2929 1893 3021 1948 οῦν
3053 1893 3148 1946 τοῦ
3201 1891 3474 1963 βασιλέως
3506 1889 3703 1961 νόμισμα

2166 1992 2361 2055 ἀπόδος
2396 1990 2560 2044 πάλιν
2587 1988 2757 2059 αὐτῷ.
2802 1988 2894 2041 Ἐν
2930 1985 3008 2057 τῷ
3035 1985 3186 2056 μέσῳ
3207 1984 3267 2037 δὲ
3292 1982 3623 2054 κεκέρδηκας
3654 1980 3703 2035 δι’

2164 2084 2332 2138 αὑτοῦ
2366 2081 2773 2144 συναλλάσσων,
2810 2079 2907 2134 καὶ
2948 2078 3018 2130 τὰ
3049 2075 3185 2148 πρὸς
3213 2076 3306 2129 τὸν
3343 2075 3460 2145 βίον
3512 2074 3703 2144 χρειώδη

2165 2174 2677 2248 μεταχειριζόμενος
2703 2189 2716 2203 ·
2742 2171 2932 2242 ὥσπερ
2983 2170 3176 2239 ἀμέλει
3209 2170 3304 2222 καὶ
3351 2170 3420 2222 τὰ
3472 2167 3561 2220 τοῦ
3596 2166 3700 2220 Θεοῦ

2161 2273 2236 2341 τί)
2281 2269 2401 2340 Θεῷ
2448 2269 2530 2322 δεῖ
2583 2266 2919 2322 ἀποδιδόναι.
2956 2263 3171 2317 Δὲὅωκέ
3225 2279 3310 2316 σοι
3363 2259 3512 2325 νοῦν,
3551 2261 3706 2323 ἀπόδος

2161 2366 2325 2429 αὐτὸν
2353 2362 2510 2433 αὐτῷ
2547 2361 2694 2416 κατὰ
2722 2357 2849 2414 νοῦν
2882 2358 3141 2429 ἐνεργῶν.
3189 2357 3404 2412 Δέδωκέ
3450 2373 3531 2410 σοι
3562 2356 3705 2424 λόγον,

2161 2457 2360 2521 ἀπόδος
2413 2455 2580 2510 αὐτὸν
2642 2451 2813 2522 αὐτῷ,
2850 2450 2925 2521 μὴ
2981 2448 3579 2521 συμπραὸαλλόμενος
3623 2446 3709 2509 τοίς

2162 2556 2388 2623 κτήνεσι
2412 2552 2526 2613 τοῖς
2561 2550 2835 2620 ἀνοήτοις,
2866 2547 2982 2602 ἀλλ’
3004 2547 3081 2609 ὡς
3108 2545 3332 2614 λογικὸς
3366 2546 3545 2598 πάντα
3572 2544 3708 2613 πράτ-

2158 2664 2287 2702 των.
2345 2647 2455 2699 Καὶ
2505 2641 2694 2705 ἁπλῶς
2747 2641 2951 2695 δέδωκέ
3010 2656 3095 2694 σοι
3152 2638 3356 2709 ψυχὴν,
3419 2639 3518 2691 καὶ
3564 2636 3707 2706 σῶμα,

2160 2741 2341 2794 πάντα
2371 2737 2568 2801 ἀπόδος
2592 2734 2763 2805 αὐτῷ,
2789 2736 2887 2789 καὶ
2918 2736 3018 2803 τὴν
3049 2733 3235 2788 εἰκόνα
3256 2731 3431 2787 αὑτοῦ
3463 2733 3708 2785 ἀποκαά-

2162 2846 2360 2897 στησον
2398 2827 2547 2895 αὐτῷ
2585 2826 2675 2881 διὰ
2718 2825 2979 2889 πίστεως,
3023 2823 3091 2878 δι’
3134 2824 3376 2887 ιλπίδος,
3405 2822 3475 2877 δι’
3528 2822 3707 2890 ἀγάπης

2164 2922 2415 2993 βαδίζων.
2458 2919 2568 2973 Καὶ
2614 2918 2721 2989 μὴν
2766 2918 2861 2971 καὶ
2910 2916 3115 2988 ἑτέρως
3163 2915 3269 2986 χρὴ
3322 2914 3624 2968 ἀποδιδόναι
3660 2913 3710 2967 τᾶ

2161 3013 2440 3083 Καίσαρος
2472 3011 2714 3079 Καίσαρι
2739 3025 2755 3041 ⁸
2776 3007 3006 3071 ἕκαστος
3035 3008 3145 3077 γὰρ
3162 3006 3323 3076 ἡμῶν
3348 3006 3382 3075 ἢ
3407 3004 3543 3059 Θεοῦ
3563 3005 3710 3058 εἰκόνα

2162 3107 2338 3177 φορεῖ,
2367 3103 2401 3174 ἢ
2436 3102 2531 3157 τοῦ
2558 3102 3027 3172 κοσμοκράτορος.
3054 3100 3228 3153 Ὅταν
3257 3093 3356 3152 οὖν
3385 3096 3709 3167 ὁμοιώσωμεν

2161 3198 2386 3261 ἑαυτοὺς
2414 3196 2494 3266 τῷ
2523 3194 2698 3249 Καὶσα
2709 3210 2783 3264 ρι,
2813 3195 2921 3247 υἰοὶ
2937 3191 3032 3246 τοῦ
3050 3191 3302 3247 διαὸόλου
3325 3190 3613 3261 γινόμενοι,
3636 3190 3711 3259 τὴν

475 3274 699 3344 proprie
732 3289 890 3330 suum
912 3274 1004 3332 sit.
1039 3274 1115 3330 ita
1145 3284 1197 3331 ct
1226 3274 1404 3345 imago
1434 3274 1528 3332 Dei
1558 3284 1807 3332 servetur
1841 3290 1872 3329 ιι
1900 3274 2057 3330 nobis

2162 3293 2344 3347 εἰκόνα
2363 3289 2528 3344 αὑτοῦ
2552 3288 2846 3359 φοροῦμεν,
2883 3286 2954 3357 ἢν
2980 3286 3062 3341 δεῖ
3089 3284 3406 3341 ἀποδιδόναι
3442 3283 3606 3351 αὐτῷ,
3640 3284 3714 3335 καὶ

476 3367 929 3424 incontaminala.
984 3367 1197 3425 Idcirco
1230 3378 1287 3426 et
1337 3367 1539 3425 Paulus
1594 3368 1872 3434 admonet,
1920 3369 2061 3424 sicut

477 3459 817 3529 portavimus
863 3458 1157 3530 imaginem
1222 3460 1470 3528 terreni,
1533 3460 1606 3516 ita
1659 3470 1941 3530 portemus
2005 3468 2064 3515 et

478 3554 772 3625 imaginem
833 3553 1118 3622 cmlestis;
1170 3554 1190 3587 ⁷
1240 3567 1295 3611 et
1355 3554 1462 3609 alio
1516 3556 1635 3609 loco
1691 3570 1708 3609 :
1766 3553 2055 3625 Deponen-

483 3654 564 3701 tes
629 3654 866 3700 veterem
927 3644 1203 3701 hominem
1250 3646 1293 3700 ⁸.
1338 3644 1493 3713 Quod
1539 3646 1641 3700 hoc
1700 3645 1820 3701 loco
1863 3646 2064 3701 dicitur

479 3740 655 3804 reddi,
709 3738 769 3794 id
811 3739 953 3809 apud
1005 3737 1231 3793 Paulum
1282 3737 1485 3794 dicitur
1526 3738 1774 3809 deponi:
1826 3747 1882 3793 et
1915 3739 2061 3809 quod

480 3839 570 3893 hic
624 3836 802 3907 imago
847 3835 1107 3901 Cesaris,
1132 3836 1233 3891 hoc
1284 3835 1395 3892 illic
1447 3836 1625 3907 imago
1680 3837 1903 3905 terreni,
1933 3850 2060 3906 pec-

479 3928 682 3986 catoris
714 3970 732 3997 ,
787 3929 918 3984 Adae
968 3929 1201 3994 scilicet,
1253 3944 1317 3985 ac
1366 3930 1567 3985 veteris
1616 3929 1873 3985 hominis.
1924 3929 2059 3984 Nam

478 4025 658 4092 imago
694 4022 891 4079 terreni
920 4021 1055 4076 nihil
1094 4022 1240 4078 aliud
1264 4036 1424 4093 quam
1468 4022 1758 4093 corruptio
1785 4031 1842 4076 et
1870 4035 2059 4090 pecca-

394 4109 401 4114 ’
482 4126 616 4182 tum,
648 4116 793 4185 quod
844 4115 1133 4171 habuimus
1179 4115 1471 4171 assimilari
1515 4123 1801 4186 apostatre,
1853 4124 1909 4169 et
1949 4128 2058 4168 non

480 4209 618 4280 regi.
642 4206 814 4264 Porro
836 4222 940 4262 non
968 4216 1268 4279 potuerunt
1294 4207 1553 4263 Pharismi
1582 4208 2049 4277 comprehendere

478 4298 662 4356 .iesum
693 4298 747 4353 in
776 4312 1030 4355 sermone
1059 4312 1244 4353 coram
1266 4298 1462 4366 populo
1491 4314 1506 4361 ;
1533 4295 1624 4352 hic
1653 4298 1797 4351 enim
1823 4294 2060 4349 maxime

482 4391 842 4457 conabantur,
876 4398 936 4444 ut
965 4388 1103 4457 apud
1131 4388 1385 4457 populum
1408 4389 1582 4457 ipsum
1622 4400 1883 4441 accusare
1911 4383 2056 4439 vale-

482 4494 624 4551 rent,
656 4483 800 4555 quod
827 4482 979 4538 illum
1012 4483 1261 4538 servituti
1286 4481 1514 4536 Romani
1534 4479 1712 4550 populi
1740 4479 2011 4549 subigeret
2038 4493 2057 4532 :

2163 3384 2529 3456 ἀπορρίπτειν
2578 3380 2645 3434 ἵν’
2701 3381 2815 3450 ἔχοι
2870 3379 2941 3433 τὰ
2998 3378 3237 3444 ἑαυτοῦ,
3286 3378 3387 3432 καὶ
3444 3376 3606 3448 μηδὲν
3666 3378 3713 3426 ὲν

2163 3479 2295 3550 ἡμῖν
2319 3474 2551 3548 εὑρίσκῃ
2590 3473 2788 3526 οἰκεῖον
2820 3470 3013 3535 αὖτοῦ,
3033 3470 3206 3533 οὓτως
3238 3471 3353 3541 γὰρ
3378 3472 3481 3524 καὶ
3514 3470 3546 3539 ἡ
3578 3467 3717 3521 εἰκὼν

2160 3572 2256 3625 τοῦ
2284 3567 2421 3624 Θεοῦ
2440 3565 2648 3637 ἀμιγὴς
2671 3564 2941 3637 τηρηθείη
2968 3565 3124 3634 ἡμῖν.
3156 3562 3251 3616 Διὸ
3286 3562 3504 3625 Παῦλος
3545 3574 3719 3629 supra

2163 3665 2267 3730 νεῖ,
2322 3658 2525 3725 Καθὼς
2577 3655 2925 3729 ἑφορέσαμεν
2969 3656 3071 3727 τὴν
3126 3656 3315 3711 εἰκόνα
3361 3655 3459 3708 τοῦ
3514 3651 3718 3724 χοῖκοῦ.

2164 3758 2486 3831 φορέσωμεν
2516 3756 2611 3809 καὶ
2636 3754 2736 3824 τὴν
2760 3753 2944 3807 εἰκόνα
2974 3750 3070 3806 τοῦ
3101 3750 3455 3822 ἐπουρανίου.
3490 3748 3595 3801 Καὶ
3638 3744 3720 3797 ἁλ-

2161 3849 2353 3920 λαχοῦ·
2403 3847 2762 3917 Ἀποθέμενοι
2806 3845 2899 3899 τὸν
2929 3843 3160 3898 παλαιὸν
3204 3842 3513 3911 ἄνθρωπον.
3562 3839 3721 3906 Ὅπερ

2161 3939 2399 3993 ἐνταῦθα
2425 3939 2641 4009 εἴρηται
2671 3934 3009 3996 ἀποδιδόναι,
3036 3933 3198 3987 τοῦτο
3232 3933 3389 4002 παρὰ
3426 3929 3504 3999 τῷ
3543 3928 3721 3992 Παύλῳ

2159 4032 2220 4084 τὸ
2245 4027 2570 4091 ἀποθέσθαι,
2598 4027 2694 4080 καὶ
2722 4025 2750 4079 ὃ
2779 4025 3016 4079 ἐνταῦθα
3050 4025 3218 4077 εἰκὼν
3245 4024 3550 4093 Καίσαρος.
3579 4020 3720 4073 τοῦτο

2160 4126 2276 4178 ἐκεῖ
2295 4120 2460 4176 εἰκὼν
2476 4118 2662 4190 χοϊκοῦ
2690 4119 2785 4172 τοῦ
2810 4117 3136 4189 ἁμαρτωλοῦ
3166 4118 3410 4180 παντως,
3452 4114 3621 4183 Ἄδαρ.
3642 4114 3724 4165 καὶ

2161 4214 2391 4269 παλαιοῦ
2428 4211 2741 4279 ἀνθρώπου.
2785 4208 2852 4263 Ἦ
2883 4213 2993 4279 γὰρ
3022 4209 3190 4263 εἰκὼν
3220 4206 3319 4260 τοῦ
3351 4204 3561 4277 χοϊκοῦ,
3590 4202 3723 4258 οὐδὲν

2160 4306 2310 4365 ἄλλο.
2339 4303 2371 4374 ἢ
2398 4305 2429 4374 ὴ
2475 4302 2671 4372 φθορὰ,
2702 4302 2799 4356 καὶ
2846 4302 2878 4371 ὴ
2911 4300 3177 4371 ἁμαρτία,
3213 4299 3283 4370 ἢν
3310 4299 3547 4368 ἔσχομεν
3604 4299 3724 4363 aso-

2162 4397 2488 4470 μοιωθέντες
2523 4393 2601 4465 τῷ
2649 4393 2954 4466 ἀποστάτῃ,
2985 4392 3079 4447 καὶ
3109 4392 3183 4462 μὴ
3228 4390 3311 4461 τῷ
3362 4390 3597 4461 βασιλεῖ.
3626 4389 3723 4441 Uis

2163 4488 2388 4557 ἴσχυσαν
2423 4484 2516 4538 οὖν
2556 4483 2607 4538 οἰ
2655 4485 2940 4555 Φαρισαῖοι
2993 4482 3350 4536 ἐπιλαϐέσθαι
3406 4480 3505 4536 τοῦ
3574 4476 3721 4550 Ἰησοῦ

480 4574 578 4631 sed
633 4571 847 4629 elﬁcere
890 4572 1024 4628 nihil
1075 4572 1390 4638 valuerunt,
1422 4570 1642 4642 propter
1693 4568 2050 4626 excellentem

2162 4578 2392 4633 ἐνώπιον
2406 4576 2501 4630 τοῦ
2530 4575 2681 4629 λαοῦ·
2705 4576 2767 4628 τὸ
2788 4575 2900 4646 γὰρ
2923 4574 3361 4641 σπουδαζόμενον
3400 4573 3612 4633 αὐτοῖς.
3641 4568 3722 4639 μά-

479 4666 656 4738 ipsius
686 4664 1028 4736 sapientiam.

552 4945 715 5001 Vens.
746 4941 936 4996 27-40.
980 4959 997 4993 ι
1032 4932 1395 4996 Accesserunt
1444 4951 1625 4995 autem
1672 4941 1892 5009 quidam
1919 4943 2057 4997 Sad.

480 5040 787 5092 ducteorum
826 5033 920 5103 qui
972 5040 1170 5104 negant
1206 5046 1328 5087 esse
1378 5032 1851 5100 resurrectionem,
1889 5043 1941 5089 et
1968 5035 2053 5090 in-

482 5133 894 5197 terrogaverunt
967 5138 1127 5189 eum,
1196 5124 1441 5180 dicentes
1474 5141 1489 5178 :
1523 5122 1812 5195 Magister,
1881 5126 2057 5182 Moses

482 5217 701 5286 scripsit
723 5216 879 5271 nobis
907 5231 921 5270 :
945 5215 992 5269 si
1013 5212 1167 5281 cujus
1184 5214 1355 5268 frater
1379 5223 1625 5270 mortuus
1656 5213 1823 5270 fuerit
1849 5215 2058 5271 habens

481 5323 730 5374 uxorem,
756 5310 913 5378 isque
938 5307 1057 5364 sine
1088 5305 1275 5361 liberis
1319 5318 1566 5361 mortuus
1611 5305 1794 5373 fuerit,
1826 5316 1883 5362 ut
1908 5306 2052 5362 acci-

484 5401 595 5471 piat
618 5399 789 5457 frater
835 5403 953 5469 ejus
1003 5414 1253 5467 uxorem,
1296 5408 1352 5455 et
1400 5398 1627 5455 suscitet
1663 5413 1846 5455 semen
1900 5399 2055 5455 fratri

482 5498 605 5550 auo.
630 5492 849 5565 Septem
896 5507 1026 5564 ergo
1055 5490 1254 5548 fratres
1297 5499 1473 5557 erant,
1506 5500 1559 5547 et
1588 5491 1794 5562 primus
1841 5490 2056 5559 accepit

479 5602 728 5654 uxorem,
758 5602 823 5643 ac
857 5597 1104 5645 mortuus
1140 5596 1224 5645 est
1253 5587 1374 5643 sine
1407 5586 1628 5644 liberis:
1653 5596 1708 5643 et
1734 5588 1947 5656 accepit
1973 5600 2061 5643 se-

480 5682 690 5739 cundus
741 5681 907 5748 illam,
939 5686 995 5737 et
1034 5680 1150 5752 ipse
1196 5691 1447 5736 mortuus
1477 5688 1563 5736 est
1602 5680 1723 5737 sine
1749 5679 1939 5737 liberis
1966 5697 1980 5735 :
2008 5687 2061 5736 et

483 5774 673 5831 lertius
718 5774 929 5844 accepit
978 5772 1162 5837 illam,
1205 5772 1456 5827 similiter
1502 5779 1558 5828 et
1600 5774 1777 5830 caeteri
1827 5785 2055 5844 septem,

550 5938 619 6008 ¹¹ι
648 5953 773 6010 Cor.
808 5969 896 6022 ιν,
951 5953 1033 6008 t9.
1109 5952 1130 5984 ⁸
1160 5949 1367 6009 Coloss.
1425 5966 1508 6020 in,
1543 5952 1595 6007 9.

2085 4637 2131 4693 θ
2163 4672 2322 4725 λιστα
2342 4668 2507 4723 τοῦτο
2530 4664 2620 4741 ἦν,
2647 4670 2709 4722 τὸ
2734 4637 2883 4740 πρδέ
2906 4668 3000 4721 τὸν
3045 4666 3174 4721 λαὸν
3199 4637 3488 4720 διαϐαλεῖν
3537 4637 3724 4723 τοῦτον,

2164 4769 2242 4830 ὡς
2282 4761 2716 4819 καταδουλοῦντα
2754 4766 2866 4825 τοῖς
2912 4758 3205 4830 Ῥωμαίοις
3249 4763 3312 4813 τὸ
3358 4758 3539 4822 ἔθνος,
3566 4756 3596 4810 δ
3642 4754 3728 4806 οὐκ

2167 4862 2394 4930 ίσχυσαν
2421 4855 2640 4911 τελέσαι
2666 4855 2755 4911 διὰ
2779 4855 2876 4927 τὴν
2904 4855 3213 4924 ὑπέρσοφον
3243 4852 3412 4908 αὑτοῦ
3433 4851 3727 4918 ἀπόκρισιν.

2235 4949 2632 5022 Προσελθόντες
2661 4947 2717 5002 δέ
2741 4964 2885 5011 τινες
2903 4946 3013 5000 τῶν
3066 4944 3477 5010 Σαδδουκαίων,
3506 4944 3557 4997 οἰ
3601 4944 3729 4994 ἀντὶ·

2164 5042 2412 5112 λέγοντες
2445 5043 2744 5097 ἀνάστασιν
2767 5039 2843 5112 μὴ
2880 5036 3019 5093 εἶναι
3042 5078 3059 5103 ,
3108 5038 3416 5109 ἐπηρώτων
3457 5036 3625 5089 αὑτὸν
3652 5031 3729 5083 λέ-

2162 5151 2351 5203 γοντες
2373 5150 2386 5166 '
2411 5134 2733 5200 Διδάσκαλε,
2762 5132 2970 5203 Μωσῆς
2990 5130 3230 5201 ἔγραψεν
3255 5131 3416 5201 ἡμῖν,
3456 5129 3585 5181 Ἐάν
3602 5137 3732 5183 τινος

2161 5226 2390 5297 ἀδελφὸς
2431 5226 2683 5299 ἀποθάνῃ
2717 5224 2858 5295 ἔχων
2894 5226 3153 5293 γυναῖκα,
3187 5224 3286 5275 καὶ
3315 5216 3473 5283 οὗτος
3519 5219 3735 5274 ἄτεκνος

2159 5318 2426 5391 ἀποθάνῃ.
2460 5317 2548 5372 ἴνα
2577 5317 2717 5390 λάϐῃ
2748 5318 2776 5370 6
2804 5314 3034 5385 ἁδελφὸς
3051 5312 3218 5368 αὑτοῦ
3240 5313 3343 5384 τὴν
3369 5311 3631 5381 γυναῖκα.
3651 5304 3734 5356 καὶ

2161 5412 2500 5484 ἐξαναστήσῃ
2539 5410 2761 5482 σπέρμα
2804 5408 2882 5476 τῷ
2912 5406 3123 5478 ἁδελφῴ
3156 5405 3325 5461 αὐτοῦ
3359 5446 3377 5461 .
3428 5401 3613 5457 Ἐπτὰ
3651 5391 3736 5449 οἷον

2161 5501 2381 5569 ἀδελφοὶ
2415 5497 2578 5573 ἦσαν,
2610 5501 2704 5553 καὶ
2744 5501 2774 5554 6
2805 5498 3021 5570 πρῶτος
3052 5495 3235 5561 λαϐὼν
3283 5496 3517 5565 γυναῖκα
3539 5531 3558 5554 ,
3610 5485 3735 5541 ὀπὶ·

2162 5596 2321 5650 θανεν
2341 5596 2590 5659 ἄτεκνος.
2617 5596 2714 5649 καὶ
2747 5592 2938 5647 ἔλαϐεν
2971 5594 3001 5645 6
3033 5589 3289 5661 δεύτερος
3336 5589 3431 5657 τὴν
3478 5583 3733 5652 revehi.

2158 5688 2253 5741 καὶ
2280 5678 2437 5750 οὗτος
2467 5685 2739 5740 ἀπέθανεν
2768 5684 3013 5750 ἄτεκνος,
3045 5685 3141 5738 καὶ
3169 5683 3199 5736 6
3220 5683 3403 5753 τρίτος
3430 5670 3734 5731 ἕλαὸεναῠ-

2157 5774 2278 5849 τὴν,
2305 5776 2565 5841 ὡσαύτως
2580 5776 2637 5831 δὲ
2659 5776 2752 5833 καὶ
2774 5778 2823 5829 οἰ
2843 5776 3004 5841 ἑπτὰ,
3038 5776 3130 5828 καὶ
3146 5774 3206 5826 οὐ
3237 5772 3527 5827 κατέλιπον
3550 5765 3734 5823 τέκνα.
