3932 6456
290 490 431 559 10i5

1038 488 1482 560 ENARRATIO
1526 494 1605 561 IN
1640 501 2138 565 EVANGELIUM
2179 500 2489 561 LUC;E.-
2519 503 2674 565 CAP.
2706 496 2835 565 XX.

3406 499 3542 566 1046

278 608 378 659 καὶ
406 606 695 662 ἀπέθανον.
733 606 987 678 ’Ύστεροι
1022 612 1237 663 πάντων
1258 613 1495 667 ἀπέθανε
1523 616 1616 667 καὶ
1648 617 1860 688 ὴγυνή.

1975 631 2068 671 nec
2098 616 2431 683 reliquerunt
2466 615 2686 682 liberos,
2721 627 2775 671 et
2809 618 3005 673 mortui
3059 628 3206 674 sunt.
3241 617 3543 675 NoviSsiina

289 698 384 752 Ἐν
427 702 494 769 τῇ
530 697 623 752 οὖν
671 700 994 766 ἀναστάσει,
1029 701 1172 765 τίνος
1218 704 1398 757 αὐτῶν
1444 706 1650 775 γίνεται
1690 711 1861 780 γυνής

272 790 345 844 οι
378 790 490 860 τᾶρ
520 790 659 845 emat
683 791 842 861 ἔσχον
882 793 1054 864 αὐτὴν
1086 797 1339 863 γυναῖκα.
1392 797 1502 851 Καὶ
1547 800 1864 868 ἀποκριθεὶς

276 880 437 933 εἶπεν
468 880 653 946 αὐτοῖς
686 882 714 933 6
761 884 970 955 Ἰησοῦς
1000 900 1015 914 ·
1051 888 1114 939 Ol.
1147 888 1252 940 olet
1299 887 1394 941 τοῦ
1442 890 1641 954 αἰῶνος
1670 876 1863 945 τούτου

275 973 520 1042 γαμοῦσι
550 975 645 1028 καὶ
663 974 1093 1045 ἐκγαμξσκονται
1118 996 1130 1010 ·
1158 980 1207 1034 οἰ
1230 981 1285 1033 δὲ
1309 981 1735 1048 καταξιωθέντες
1769 984 1864 1037 τοῦ

276 1068 477 1131 αἰῶνος
510 1067 719 1121 ἐκείνου
767 1073 949 1139 τυχεῖν
973 1113 987 1135 ,
1024 1073 1119 1126 καὶ
1160 1074 1259 1144 τῆς
1288 1076 1637 1140 ἀναστάσεως
1670 1076 1771 1145 τῆς
1799 1080 1865 1132 ἐκ

276 1157 493 1228 νεκρῶν
515 1200 529 1223 ,
570 1158 693 1213 οὔτε
730 1163 998 1231 γαμοῦσιν
1025 1207 1039 1228 ,
1075 1164 1197 1218 οὔτε
1244 1167 1691 1237 ἑκγαμίσκονται.
1726 1166 1863 1225 Οὔτε

276 1254 392 1323 γὰρ
418 1252 707 1308 ἀποθανεῖν
738 1257 817 1309 ἔτι
847 1257 1125 1326 δύνανται,
1168 1262 1444 1329 ἰσάγγελοι
1471 1266 1579 1333 γάρ
1605 1264 1734 1328 εισι,
1769 1267 1864 1320 καὶ

276 1347 387 1398 υἱοῖ
413 1346 506 1399 τοῦ
558 1346 715 1413 Θεοῦ,
760 1350 858 1418 τῆς
903 1352 1255 1417 ἀναστάσεως
1301 1356 1407 1409 υἱοὶ
1446 1354 1617 1419 ὄντες.
1651 1356 1775 1411 ’Ότι
1805 1356 1863 1411 δὲ

280 1437 595 1506 ἐγείρονται
626 1440 675 1491 οἱ
707 1440 915 1511 νεκροὶ,
952 1444 1046 1497 καὶ
1085 1444 1293 1514 Μωσῆς
1330 1448 1604 1516 ἐμήνυσεν
1645 1450 1736 1503 ἐπὶ
1765 1450 1864 1520 τῆς

280 1528 470 1597 βάτου,
503 1531 580 1594 ὡς
634 1532 782 1601 λέγει
821 1534 1021 1607 Κύριον
1051 1538 1142 1592 τὸν
1171 1538 1303 1592 Θεὸν
1341 1538 1612 1612 Ἀϐραὰμ,
1646 1542 1862 1597 καὶτὸν

278 1618 415 1673 Θεὸν
458 1621 658 1687 Ἰσαὰκ,
689 1627 784 1678 καὶ
823 1626 914 1680 τὸν
947 1627 1082 1681 Θεὸν
1120 1630 1337 1688 Ἰακώϐ.
1371 1633 1505 1698 Θεὸς
1530 1635 1585 1687 δὲ
1613 1637 1714 1690 οὐκ
1745 1635 1862 1691 ἔστι

282 1712 517 1781 νεκρῶν,
539 1712 674 1767 ἀλλὰ
697 1717 1151 1787 ζώντων,’πάντες
1168 1724 1276 1796 γὰρ
1307 1726 1456 1797 αὖτῷ
1479 1727 1665 1794 ζῶσιν.
1704 1729 1863 1782 Ἀπο-

284 1805 565 1873 κριθέντες
603 1807 658 1862 δέ
704 1826 846 1874 τινες
893 1813 1001 1866 τῶν
1029 1815 1413 1887 Γραμματέων
1455 1815 1650 1874 εἶπον·
1703 1819 1863 1875 Διδά-

288 1895 478 1961 σκαλε,
511 1897 693 1962 καλῶς
720 1894 903 1963 εἶπας.
935 1903 1049 1958 Οὐκ
1077 1905 1157 1959 ἔτι
1189 1907 1246 1960 δὲ
1266 1954 1269 1957 λ
1293 1909 1534 1981 ἐτόλμων
1579 1912 1862 1982 ἐπερωτᾷν

285 1984 450 2039 αὑτὸν
474 1986 645 2041 οὐδέν.
684 2007 702 2040 ι
751 1988 965 2062 Σαθράν
1010 1994 1415 2066 ὑποστήσαντες
1454 1999 1698 2069 κρηπῖδα
1734 2001 1862 2053 ἐαυ-

286 2076 400 2138 tot;
431 2078 482 2129 at
512 2077 863 2135 Σαδδουκαῖοι
890 2122 905 2147 ,
939 2082 1260 2154 διηπίστουν
1288 2090 1402 2153 τοῖς
1439 2090 1569 2159 περὶ
1622 2090 1864 2144 ἀναστά-

286 2180 428 2232 σεως
458 2168 657 2237 λόγοις,
686 2172 1013 2248 Σωματικὴν
1041 2176 1151 2247 γάρ
1170 2179 1446 2251 διαγωγὴν
1472 2179 1694 2236 ἔσεσθαι
1719 2183 1778 2236 ἐν
1796 2184 1862 2253 τῇ

285 2262 581 2317 ἀναστάσει
610 2262 991 2334 ὑπονοοῦντες,
1018 2272 1243 2337 εικότως
1269 2273 1616 2342 ἐσφάλλοντο,
1656 2275 1737 2329 διὸ
1772 2275 1868 2329 καὶ

284 2352 367 2415 ώς
412 2352 612 2408 ἄτοπον
668 2355 1051 2423 διαϐάλλοντες
1104 2361 1165 2414 τὸ
1206 2363 1333 2433 περὶ
1359 2364 1459 2434 τῆς
1514 2366 1867 2430 ἀναστάσεως

283 2442 486 2513 δόγμα,
520 2446 844 2525 πλάττονται
886 2450 986 2522 τὴν
1007 2451 1516 2526 ἀνόητον’διήγησιν
1537 2456 1765 2529 ταύτην.
1806 2458 1867 2514 '0

288 2530 388 2588 οὖν
447 2535 652 2607 Κύριος
699 2539 798 2610 τὴν
843 2543 1085 2613 κρηπῖδα
1138 2545 1320 2609 αὐτοῖς
1365 2545 1742 2615 διασαλεύσας,
1776 2552 1869 2604 καὶ

285 2624 472 2691 δείξας
510 2628 596 2684 ὅτι
628 2632 730 2686 οὐκ
778 2632 894 2687 ἔστι
926 2636 1217 2708 σωματικὴ
1246 2639 1512 2712 διαγωγὴ,
1546 2643 1664 2695 τότε
1708 2642 1868 2708 εὐθὺς

284 2724 356 2791 τῇ
381 2721 555 2795 σαθρᾷ
573 2724 743 2798 ταύτῃ
789 2730 1051 2797 κρηπῖδι,
1085 2731 1177 2785 καὶ
1199 2733 1422 2804 ὑπονοίᾳ
1448 2735 1866 2803 συγκατέσπασε

287 2814 354 2866 τὸ
379 2814 554 2885 δόγμα
580 2818 778 2884 αὐτῶν,
810 2819 983 2875 εἰπών
1004 2839 1018 2853 θ
1052 2820 1351 2887 Πλανᾶσθε,
1406 2825 1480 2898 μὴ
1534 2827 1737 2892 ειδότες
1770 2827 1869 2893 τὰς

288 2907 539 2979 Γραφὰς,
588 2911 725 2965 ἀλλά
770 2917 1231 2988 παραδεχόμενοι
1281 2919 1374 2973 τὸν
1400 2919 1523 2974 νοῦν
1558 2921 1759 2976 αὐτῶν.
1804 2923 1867 2976 Οἱ

292 2999 396 3070 μὲν
437 3001 546 3073 γὰρ
591 3005 696 3057 υἱοὶ
746 3005 837 3058 τοῦ
885 3008 1081 3072 αἰῶνος
1107 3009 1321 3078 τούτου,
1379 3013 1427 3064 οι
1475 3012 1535 3065 ἐν
1565 3012 1644 3084 τῷ
1676 3013 1868 3086 κόσμῳ

288 3090 472 3164 τούτῳ
503 3097 821 3163 γεννῶντες,
854 3101 948 3153 καὶ
974 3102 1304 3173 γεννώμενοι
1335 3105 1604 3175 γαμοῦσι,
1647 3106 1743 3162 καὶ
1778 3110 1872 3161 ὲκ-

292 3186 679 3256 γαμίσκονται,
714 3191 1009 3257 τουτέστιν,
1046 3197 1125 3258 εις
1155 3196 1372 3266 γάμους
1425 3197 1722 3252 ὲκδίδονται
1749 3215 1762 3229 ⁸
1815 3200 1866 3252 οἱ

1967 709 2208 764 omnium
2236 714 2450 763 mortua
2464 718 2546 765 est
2570 720 2625 764 et
2653 709 2863 765 mulier.
2891 710 2947 766 In
2967 716 3366 768 resurrectione
3389 728 3540 782 ergo,

1966 802 2121 872 cujus
2149 815 2336 857 eorum
2359 800 2461 855 erit
2501 802 2681 856 uxor?
2715 802 2981 871 siquidem
3012 813 3214 872 septem
3237 804 3546 859 habuerunt

1966 908 2085 949 eam
2140 909 2384 950 uxorem.
2426 895 2494 950 Et
2534 895 2873 964 respondens
2923 895 2997 949 ait
3042 896 3147 951 illis
3191 893 3390 951 Jesus:
3419 894 3544 953 Filii

1969 985 2125 1051 ltujtts
2169 985 2351 1041 saeculi
2403 986 2611 1041 ducunt
2653 1002 2872 1050 uxores,
2908 997 2962 1041 et
3010 996 3233 1055 nuptum
3293 988 3489 1042 dantur
3524 1004 3538 1041 :

1973 1075 2046 1130 illi
2084 1092 2212 1132 vero
2247 1078 2338 1148 qui
2368 1077 2512 1149 digni
2543 1072 2883 1133 habebuntur
2907 1078 3104 1133 saeculo
3134 1078 3247 1143 illo,
3277 1089 3331 1134 et
3359 1094 3544 1134 resur-

1968 1167 2207 1223 remione
2235 1182 2301 1222 ex
2337 1168 2589 1235 mortuis,
2642 1174 2818 1239 neque
2849 1170 3055 1224 ducunt
3098 1185 3318 1235 uxores,
3371 1184 3547 1237 neque

1967 1272 2195 1329 nuptum
2232 1259 2448 1324 dantur,
2484 1276 2660 1326 neque
2710 1261 2853 1316 enim
2908 1261 3045 1315 ultra
3111 1262 3247 1315 mori
3298 1271 3543 1330 possunt.

1965 1349 2229 1421 [Equalcs
2275 1353 2420 1408 enim
2457 1354 2665 1425 angelis
2701 1364 2846 1419 sunt,
2886 1365 2941 1410 et
2972 1354 3065 1409 lilii
3096 1365 3224 1409 sunt
3274 1354 3387 1420 Dei,
3422 1368 3546 1408 cum

1965 1445 2071 1501 sint
2105 1444 2200 1499 lilii
2241 1447 2683 1502 resurrectionis.
2706 1444 2874 1515 Quod
2906 1463 3035 1503 vero
3066 1454 3352 1516 resurgant
3398 1462 3547 1503 mor-

1966 1537 2063 1599 tui,
2096 1545 2152 1591 et
2180 1535 2356 1591 Moses
2388 1538 2625 1592 ostendit
2672 1539 2825 1608 juxta
2876 1538 3092 1605 rubum,
3124 1555 3245 1594 curn
3274 1538 3407 1592 dicit
3440 1537 3546 1593 Do-

1966 1628 2170 1682 minum
2225 1628 2393 1684 Deum
2447 1629 2744 1697 Abraham,
2776 1641 2830 1685 et
2864 1631 3031 1685 Deum
3086 1631 3258 1695 Isaac,
3293 1638 3347 1683 et
3379 1629 3546 1683 Deum

1963 1715 2134 1773 Jacob
2170 1732 2185 1773 :
2218 1719 2359 1774 Deus
2408 1732 2588 1775 autem
2625 1736 2729 1775 non
2774 1730 2856 1775 est
2888 1731 3246 1786 mortuorum,
3276 1718 3369 1775 sed
3399 1720 3546 1773 vivo-

1966 1823 2126 1874 rtnn;
2159 1823 2349 1865 omnes
2377 1810 2521 1864 enim
2567 1809 2640 1864 illi
2672 1812 2878 1866 vivunt.
2912 1809 3323 1880 Respondeutes
3362 1819 3545 1864 autem

1966 1901 2180 1969 quidam
2209 1900 2376 1974 458
2397 1901 2714 1959 Scribarum
2740 1904 2993 1961 dixerunt
3023 1924 3036 1960 :
3070 1905 3346 1975 Magister,
3410 1908 3546 1961 bene

1971 1993 2181 2047 dixisti.
2218 1993 2284 2048 Et
2317 1996 2545 2063 amplius
2588 2012 2695 2051 non
2748 1996 3020 2052 audebant
3074 2014 3197 2052 eum
3249 1999 3544 2068 quidquam

1962 2083 2327 2154 interrogare.
2389 2103 2409 2136 ι
2464 2086 2761 2143 [madidum
2816 2088 3227 2144 fundamentum
3295 2106 3406 2145 sua:
3451 2094 3546 2145 do-

1966 2178 2154 2232 etriutn
2198 2176 2443 2233 fecerant
2476 2177 2780 2245 Saddttcaii,
2830 2197 2934 2236 non
2964 2182 3249 2237 credentes
3301 2178 3547 2238 resurre-

1965 2270 2202 2326 ctionem
2231 2288 2246 2325 :
2282 2271 2601 2342 Cogitabam
2634 2273 2776 2327 enim
2833 2271 3068 2330 futuram
3102 2276 3436 2346 corporalem
3470 2276 3549 2331 vi-

1969 2368 2079 2415 tatn
2133 2361 2188 2416 in
2245 2365 2670 2420 reSurreCtione.
2744 2364 2870 2420 Ideo
2925 2375 3179 2439 tanquam
3253 2367 3547 2423 absurdum

1969 2452 2388 2507 resurrectionis
2429 2454 2623 2524 dOgtna
2673 2454 3089 2524 calumniantes,
3122 2458 3342 2512 stultam
3399 2457 3551 2513 hanc

1968 2544 2329 2599 narrationem
2368 2544 2577 2615 tingunt
2609 2562 2624 2601 :
2655 2546 2797 2601 unde
2831 2547 3087 2602 Dominus
3136 2543 3547 2605 fundamentum

1969 2651 2159 2690 eorum
2208 2637 2389 2691 Statim
2433 2637 2735 2705 concussit,
2789 2650 2843 2693 et
2874 2638 3113 2695 ostendit
3158 2641 3300 2710 quod
3340 2655 3448 2695 non
3478 2638 3550 2697 sit

1969 2728 2268 2798 corporalis
2301 2731 2409 2784 vita
2443 2742 2606 2786 tunc:
2636 2747 2743 2803 quo
2770 2732 2994 2798 factum,
3024 2743 3083 2787 ut
3115 2734 3309 2805 dogma
3333 2748 3544 2800 eorum,

1970 2820 2153 2874 statim
2207 2820 2401 2876 obtusa
2456 2822 2746 2892 opinione,
2801 2832 2854 2879 et
2904 2824 3139 2880 invalido
3193 2825 3549 2881 fundamento

1970 2912 2302 2969 colicid‘er‘et.
2343 2914 2554 2971 Erratis
2602 2917 2769 2983 enim,
2807 2906 3007 2986 inquit,
3052 2917 3364 2972 nescientes
3401 2916 3550 2972 Scri-

1970 2992 2178 3075 pturas,
2210 3007 2306 3062 sed
2357 3008 2691 3065 invertentes
2734 3023 2952 3063 sensum
3000 3024 3210 3064 earum.
3241 3006 3367 3063 Filii
3394 3008 3543 3064 enim

1974 3098 2130 3166 hujus
2152 3099 2335 3154 saeculi
2368 3108 2633 3172 generant
2661 3109 2716 3155 et
2743 3109 3092 3171 generantur,
3122 3116 3318 3155 uxores
3346 3100 3549 3155 ducunt

1970 3198 2027 3245 et
2058 3202 2280 3262 nuptum
2311 3194 2533 3259 dantur,
2580 3195 2684 3248 hoc
2730 3202 2834 3259 est,
2869 3194 2919 3247 in
2953 3194 3168 3264 nuptias
3206 3194 3494 3247 traduntur
3530 3212 3541 3248 :

288 3276 351 3333 δὲ
377 3281 469 3334 τοῦ
501 3281 696 3347 αἰῶνος
722 3284 931 3339 ἐκείνου
962 3289 1069 3342 υἱοὶ
1111 3289 1263 3343 οῦδὲν
1292 3289 1567 3357 τοιοῦτον,
1604 3292 1725 3347 οὐδὲ
1758 3293 1868 3362 γὰρ

1975 3281 2067 3336 lilii
2119 3298 2245 3337 vero
2293 3284 2475 3341 smculi
2533 3284 2679 3340 illius
2728 3285 2868 3340 nihil
2922 3284 3030 3342 tale
3089 3286 3319 3349 faciunt,
3373 3301 3546 3355 neque

294 3372 482 3428 θανεῖν
506 3375 585 3429 ἔτι
606 3376 880 3433 δύνανται⁹
917 3380 998 3434 διὸ
1024 3382 1142 3436 οὐδὲ
1164 3381 1232 3436 τὰ
1257 3382 1352 3436 τοῦ
1376 3383 1555 3455 γάμου
1587 3384 1723 3450 ἐκεῖ,
1754 3383 1872 3438 ἀλλ’

284 3467 564 3540 ⁴ἀγγελικὴ
591 3472 685 3523 καὶ
705 3469 824 3524 θεία
850 3471 1112 3544 διαγωγή.
1148 3473 1411 3528 Ἐνταῦθα
1425 3477 1523 3543 μὲν
1552 3475 1662 3548 γὰρ
1684 3475 1873 3548 ἐπειδὴ
1905 3484 1917 3495 ‘

294 3556 547 3624 θάνατος,
595 3560 684 3615 διά
724 3561 881 3616 τοῦτο
933 3563 1112 3635 γάμος
1138 3603 1153 3628 ,
1189 3566 1283 3620 καὶ
1326 3564 1512 3636 ἐπειδὴ
1538 3566 1735 3635 γάμος,
1782 3567 1871 3622 διὰ

298 3650 459 3704 τοῦτο
476 3651 723 3717 θάνατος.
760 3655 909 3710 Ἐκεῖ
934 3655 990 3710 δὲ
1018 3657 1115 3710 τοῦ
1147 3657 1381 3712 θανάτου
1408 3657 1870 3729 καταρῃθέντος,

304 3745 386 3807 τίς
435 3746 592 3816 χρεία
628 3748 721 3802 τοῦ
756 3751 978 3821 γάμου;
1034 3751 1092 3805 '0
1127 3751 1305 3823 γάμος
1355 3752 1462 3821 γάρ
1499 3751 1725 3824 βοήθεια
1778 3753 1873 3808 τοῦ

300 3835 520 3903 θνητοῦ,
558 3841 653 3891 καλ⁸
680 3842 961 3912 πλήρωσις
984 3843 1078 3897 τοῦ
1109 3844 1388 3909 λείποντος
1427 3862 1442 3876 ο
1477 3845 1607 3899 ἔνθα
1634 3846 1698 3900 δὲ
1722 3846 1874 3901 οὐδὲν

300 3925 501 3993 λείπει,
522 3927 604 3992 τίς
628 3930 785 4000 χρεῖα
812 3931 902 3984 τοῦ
919 3932 1025 4003 πλη
1036 3932 1254 4004 ροῦντος
1278 3953 1292 4001 ;
1320 3933 1618 4005 ’ἰσάγγελοι
1638 3935 1728 3988 οὖν
1746 3938 1874 4001 εἰσι,

304 4020 398 4071 καὶ
453 4022 560 4074 υἱοὶ
590 4022 684 4076 τοῦ
738 4022 895 4078 Θεοῦ.
942 4025 1043 4078 Διὰ
1092 4025 1183 4092 τίς
1219 4027 1342 4080 Ὅτι
1380 4026 1481 4097 τῆς
1530 4028 1877 4091 ἀναστάσεως

304 4115 443 4165 εἰσιν
468 4113 592 4167 υἱοί.
631 4116 695 4168 Ὃ
724 4116 779 4169 δὲ
807 4117 974 4185 λέγει,
999 4118 1238 4172 τοιοῦτόν
1272 4122 1439 4173 ἐστιν’
1467 4116 1656 4185 Εἶπον,
1689 4122 1874 4191 φησὶν,

303 4204 503 4267 αὐτοὺς
534 4206 679 4270 υἱοὺς
708 4207 864 4272 Θεοῦ,
891 4209 1025 4262 διότι
1053 4210 1206 4263 οὐδὲν
1244 4212 1551 4280 σωματικὸν
1584 4215 1641 4265 ὲν
1666 4216 1731 4283 τῇ
1755 4230 1879 4280 γεν-

304 4299 459 4363 νὴσει
517 4297 696 4351 αὐτῶν
750 4301 963 4369 ὁρᾶται,
992 4301 1127 4354 ἀλλά
1163 4303 1339 4357 πάντα
1374 4302 1530 4355 θεῖα·
1594 4301 1719 4357 οὗτε
1770 4305 1876 4373 γὰρ

306 4389 567 4441 συνουσία
592 4392 931 4459 προηγεῖται,
963 4389 1087 4455 οὔτε
1112 4394 1350 4462 σπέρμα,
1374 4392 1497 4446 οὔτε
1519 4395 1725 4466 μήτρα,
1754 4395 1877 4447 οὔτε

305 4479 500 4550 κύησις
525 4485 582 4535 ὲν
595 4483 661 4553 τῇ
684 4484 1029 4546 ἀναστάστει,
1055 4484 1192 4539 ἀλλά
1216 4486 1346 4549 Θεός
1380 4489 1524 4540 ἐστιν
1545 4490 1571 4540 ὀ
1588 4489 1789 4554 γεννῶν
1812 4490 1876 4542 τὰ

305 4573 536 4643 σώματα
561 4576 720 4646 ἡμῶν
768 4577 949 4645 λόγοις
996 4572 1080 4642 οἷς
1131 4576 1289 4634 οἶδεν.
1332 4579 1543 4632 Οὐκοῦν
1580 4581 1703 4634 ἐπεὶ
1745 4581 1878 4644 Θεὸς

1979 3377 2123 3431 enim
2156 3376 2295 3431 ultra
2348 3378 2486 3433 mori
2542 3378 2800 3448 possibile
2846 3389 2951 3435 est.
3005 3377 3244 3433 Proinde
3296 3394 3401 3433 nou
3440 3378 3547 3432 illic

1978 3468 2197 3524 tiontea
2237 3484 2357 3541 qua:
2389 3472 2439 3525 in
2475 3471 2695 3542 nuptiis,
2732 3474 2825 3527 sed
2856 3473 3106 3542 angelica
3133 3472 3188 3527 et
3216 3472 3393 3527 divina
3440 3472 3547 3525 vita

1976 3569 2077 3616 est.
2110 3560 2208 3616 Hie
2237 3562 2380 3617 enim
2429 3564 2554 3633 quia
2604 3572 2772 3624 mors.
2828 3564 2949 3619 ideo
2974 3573 3026 3619 et
3059 3566 3260 3633 nuptiae
3290 3584 3303 3618 :
3338 3564 3391 3619 et
3419 3565 3546 3634 quia

1978 3653 2197 3722 nuptizc,
2234 3652 2355 3708 ideo
2384 3662 2439 3707 et
2488 3664 2655 3709 mors.
2705 3653 2818 3708 Illic
2864 3663 3043 3708 autem
3095 3666 3272 3709 morte
3321 3655 3544 3721 abolita,

1976 3746 2097 3814 quis
2130 3745 2436 3815 nuptiarum
2472 3745 2648 3800 usus?
2693 3742 2904 3816 Nuptiae
2943 3746 3084 3801 enim
3135 3747 3394 3801 auxilium
3426 3747 3549 3800 vita:

1978 3835 2249 3899 mortalis,
2279 3846 2334 3890 et
2371 3837 2616 3906 itnpletio
2644 3835 2760 3905 ejus
2792 3837 2934 3905 quod
2979 3838 3160 3892 deﬁcit
3192 3856 3205 3892 :
3242 3839 3330 3891 ubi
3359 3850 3545 3892 autem

1978 3924 2109 3979 nihil
2148 3924 2347 3990 tlellcit,
2378 3926 2506 3994 quid
2536 3941 2673 3996 opus
2706 3924 2998 3994 implente?
3024 3926 3189 3980 Pares
3221 3926 3397 3996 itaque
3421 3934 3551 3979 sunt

1977 4018 2200 4086 angelis,
2232 4027 2285 4071 et
2318 4018 2410 4072 lilii
2450 4017 2564 4073 Dei.
2601 4017 2821 4084 Quare?
2853 4019 2989 4084 Quia
3015 4018 3430 4075 resurrectionis
3453 4018 3550 4073 lilii

1977 4121 2125 4162 sunt.
2154 4108 2307 4175 Quod
2333 4119 2510 4163 autem
2541 4111 2692 4174 dicit,
2737 4110 2897 4164 talem
2927 4122 3147 4165 sensum
3178 4108 3370 4164 habet:
3407 4107 3547 4175 Dixi,

1979 4203 2173 4270 inquit,
2212 4203 2331 4256 illos
2368 4202 2509 4257 ﬁlios
2557 4204 2671 4266 Dei,
2706 4218 2772 4257 eo
2803 4204 2947 4272 quod
2982 4203 3113 4256 nihil
3144 4219 3464 4271 corporeum
3495 4204 3548 4257 iu

1978 4295 2322 4364 generatione
2358 4312 2543 4350 eorum
2575 4296 2841 4362 videatur,
2871 4299 2963 4351 sed
2989 4298 3169 4352 eutniu
3212 4298 3549 4352 tlivinavsint.

1978 4387 2162 4456 Neque
2186 4389 2328 4442 enim
2350 4387 2403 4441 in
2439 4389 2838 4445 resurrectione
2861 4391 3114 4459 praecedit
3134 4390 3215 4443 Vel
3240 4392 3437 4455 coitus,
3465 4393 3549 4443 vel

1978 4494 2183 4545 semen,
2204 4480 2289 4536 vel
2312 4481 2517 4546 uterus,
2540 4482 2624 4536 vel
2649 4482 3017 4552 imptaegnatio
3039 4498 3053 4537 :
3079 4486 3169 4537 sed
3194 4480 3334 4539 Deus
3357 4493 3436 4537 est
3460 4486 3553 4551 qui

1985 4586 2207 4644 generat
2235 4584 2459 4644 corpora
2490 4584 2673 4628 nostra
2707 4576 2878 4629 modis
2912 4574 3107 4644 quibus
3156 4575 3272 4644 ipse
3321 4578 3442 4629 scit.
3489 4574 3556 4628 Et

305 4666 455 4718 ἐστιν
483 4668 510 4719 6
540 4668 776 4738 ἐνεργῶν
812 4670 869 4721 ὲν
897 4671 962 4740 τῇ
1014 4670 1337 4732 ἀναστάσει,
1380 4672 1606 4734 εἰκότως
1659 4674 1764 4725 υἱοὶ
1788 4674 1871 4724 λέ-

1983 4669 2204 4737 prointle
2224 4670 2348 4736 quia
2379 4669 2515 4722 Dens
2542 4677 2623 4722 est
2649 4668 2739 4736 qui
2769 4681 3024 4735 operatur
3049 4668 3100 4720 in
3133 4666 3549 4731 re~urrectioue,
3582 4727 3597 4739 ’

308 4773 497 4823 γονται
527 4756 660 4811 Θεοῦ
687 4759 738 4811 0t
767 4759 826 4826 ἐξ
851 4759 1205 4822 ἀναστάσεως
1229 4762 1684 4833 ἁναγεννώμενοι.
1738 4764 1882 4816 Ἐπι-

308 4850 465 4916 φέρει
492 4848 547 4903 δὲ
578 4853 689 4913 toi;
726 4850 1005 4922 λογισμοῖς
1063 4852 1158 4905 καὶ
1211 4853 1517 4924 μαρτυρίαν
1569 4855 1878 4925 Γραφικὴν.

304 4944 446 5013 Φησὶ
468 4944 574 5013 γὰρ
606 4945 633 4995 6
660 4945 864 5014 Μωσῆς
896 4948 986 4999 τὸν
1015 4946 1146 5000 Θεὸν
1178 4949 1354 5001 εἰπεῖν
1380 4947 1528 5018 αὐτῷ
1559 4950 1622 5003 ἐκ
1652 4950 1751 5019 τῆς
1790 4949 1883 5019 βά-

308 5054 402 5088 του
430 5051 446 5067 ·
495 5037 634 5103 Ἐγώ
657 5039 771 5105 εἰμι
806 5039 835 5090 6
876 5037 1006 5100 Θεὸς
1050 5038 1319 5110 Ἀϐραὰμ,
1348 5041 1442 5093 καὶ
1470 5040 1536 5093 τά
1568 5039 1715 5109 ἑξῆς.
1745 5042 1805 5093 El
1825 5040 1881 5093 δὲ

308 5125 461 5191 ἅπαξ
483 5128 859 5198 ἠφανίσθησαν
890 5130 939 5182 οἱ
963 5131 1318 5202 πατριάρχαι,
1352 5132 1442 5185 καὶ
1465 5130 1539 5202 μὴ
1565 5131 1700 5196 ἔζων
1732 5134 1884 5203 παρά

306 5219 432 5290 Θεῷ
470 5223 535 5290 τῇ
570 5220 759 5277 »ἐλπίδι
802 5223 901 5292 τῆς
934 5226 1303 5290 ἀναστάσεως,
1327 5224 1427 5278 οὐκ
1480 5223 1547 5278 ἂν
1595 5222 1769 5289 εἶπεν,
1802 5226 1882 5279 ὅτι

320 5312 466 5381 Ἐγώ
499 5315 636 5383 εἰμι,
659 5314 771 5367 ἀλλ’
801 5315 944 5383 Ἐγὼ
965 5317 1131 5388 ἥμην.
1160 5317 1326 5370 Τοῦτο
1355 5316 1462 5387 γὰρ
1488 5315 1760 5385 εἰώθαμεν
1797 5318 1882 5369 λέ-

309 5424 431 5477 γειν
454 5408 547 5460 ἐπὶ
576 5407 701 5461 τῶν,
726 5408 1137 5480 διεφθαρμένων
1177 5410 1270 5463 καὶ
1307 5408 1710 5477 ἀφανισθέντων
1744 5425 1886 5480 πρα-

309 5501 559 5569 γμάτων
600 5499 741 5570 Ἐγὼ
766 5501 912 5572 ήμην
944 5502 1208 5575 δεσπλὴης
1236 5501 1387 5556 τοῦδε
1411 5501 1506 5556 τοῦ
1533 5501 1879 5573 πράγματος.

305 5586 428 5648 Νῦν
456 5593 514 5647 δὲ
543 5592 734 5660 εἰπὼν,
764 5595 847 5649 ὅτι
876 5595 1172 5665 Ἑγώεξμι,
1198 5594 1395 5660 ἔδειξεν
1417 5595 1498 5649 ὅτι
1528 5594 1746 5659 ζώντων
1768 5596 1886 5648 ἐστὶ

308 5686 590 5757 Δεσπότης
627 5688 725 5741 καὶ
767 5686 900 5751 Θεὸς
924 5727 938 5752 ,
980 5688 1072 5740 καὶ
1101 5688 1220 5757 οὐχὶ
1254 5687 1616 5758 διεφθορότων
1670 5686 1847 5756 πάντη
1868 5703 1883 5720 ο

312 5779 420 5832 κᾶν
459 5779 570 5850 γὰρ
595 5781 779 5852 νεκροὶ⁵
803 5773 956 5847 ὦσιν,
975 5781 1110 5834 ἀλλά
1137 5782 1200 5850 τῇ
1221 5779 1396 5834 ἐλπίδι
1423 5778 1518 5832 τοῦ
1546 5778 1844 5846 ἀναστῆναι
1867 5821 1881 5843 ,

311 5865 504 5936 ζῶσιν,
534 5868 725 5940 ὥσπερ
769 5872 863 5924 καὶ
897 5872 925 5924 6
969 5870 1139 5939 ’Λδάμ
1191 5870 1239 5922 εἰ
1290 5868 1386 5921 καὶ
1433 5867 1550 5936 ἔζη,
1602 5867 1789 5937 θνητὸς
1817 5862 1884 5937 ἦν

311 5963 484 6032 ὅμως,
521 5963 617 6018 καὶ
647 5965 739 6018 ἀπ’
770 5964 937 6035 αὐτῆς
970 5963 1063 6035 τῆς
1095 5961 1264 6034 ὧρας,
1299 5964 1389 6033 ἀφ’
1416 5958 1479 6032 ἧς
1507 5962 1697 6031 ἔφαγε,
1749 5961 1883 6015 ἁπο-

1985 4761 2181 4813 merito
2223 4759 2313 4813 lilii
2366 4761 2456 4815 Dei
2499 4761 2756 4814 dicuntur
2790 4761 2880 4828 qui
2906 4776 2971 4813 ex
3015 4760 3411 4814 resurrectione
3461 4776 3553 4810 nn-

1985 4863 2230 4907 scuutur.
2260 4852 2455 4907 Subdit
2492 4863 2675 4908 autem
2717 4852 3019 4906 rationibus
3063 4852 3220 4905 etiam
3257 4851 3554 4920 Scriptura:

1994 4942 2417 5015 testimonium;
2441 4940 2613 4997 Moses
2655 4945 2802 4997 enim
2836 4944 3011 5013 inquit
3037 4940 3236 4997 dixisse
3257 4943 3356 4997 szbi
3387 4944 3552 4995 Deum

1984 5052 2047 5091 ea
2066 5037 2198 5091 rubo
2222 5052 2237 5094 :
2261 5033 2371 5105 Ego
2388 5051 2507 5090 sunt
2535 5033 2676 5089 Deus
2696 5033 2948 5099 Abrahae,
2967 5045 3071 5089 etc.
3097 5032 3247 5100 Quod
3262 5035 3304 5086 si
3334 5035 3556 5087 omnino

1985 5128 2329 5184 evanuissent
2352 5128 2694 5196 patriarchae,
2719 5135 2772 5180 et
2796 5141 2901 5181 non
2934 5128 3196 5180 vixissent
3217 5120 3354 5193 apud
3389 5127 3553 5179 Deum

1987 5220 2042 5274 itt
2079 5235 2173 5289 spe
2228 5218 2665 5281 resurrectionis,
2716 5232 2821 5271 non
2880 5217 3064 5285 utique
3099 5215 3323 5271 dixisset
3369 5215 3553 5270 Deus:

1987 5312 2099 5382 Ego
2135 5328 2252 5367 sum
2282 5331 2297 5367 :
2329 5313 2443 5376 sed,
2478 5311 2586 5381 Ego
2611 5325 2780 5365 erant.
2812 5311 2885 5364 De
2911 5309 3072 5364 rebus
3092 5310 3236 5364 enim
3256 5309 3477 5380 perditis
3504 5319 3560 5364 et

1987 5406 2263 5473 corruptis
2292 5406 2471 5458 dicere
2495 5403 2732 5457 solemus
2760 5421 2774 5457 :
2807 5402 2918 5473 Ego
2942 5417 3090 5458 erant
3122 5402 3375 5456 dominus
3399 5399 3559 5470 hujus

1988 5509 2041 5553 et
2074 5498 2229 5567 hujus
2277 5496 2372 5551 rei.
2431 5495 2587 5549 Nunc
2642 5504 2820 5549 autem
2878 5497 3002 5564 quia
3054 5495 3235 5549 dixit:
3269 5493 3381 5562 Ego
3414 5509 3555 5555 stitit,

1987 5591 2227 5645 ostendit
2279 5588 2421 5657 quod
2459 5588 2529 5641 sit
2564 5588 2861 5641 viventium
2914 5588 3172 5642 Dominus
3213 5595 3269 5640 et
3311 5585 3473 5649 licus,
3506 5593 3559 5637 et

1989 5700 2095 5738 non
2127 5683 2349 5738 omnino
2371 5693 2779 5751 corruptorum,
2829 5681 3042 5736 etiamsi
3076 5680 3274 5734 mortui
3302 5679 3429 5739 sint,
3464 5678 3557 5730 sed

1989 5791 2084 5845 spe
2114 5774 2423 5844 resurgcudi
2467 5774 2651 5827 vivunt
2684 5774 2865 5827 :sicut
2892 5782 2946 5828 et
2988 5772 3158 5826 Adam
3206 5768 3455 5839 quamvis
3486 5768 3561 5821 vi-

1987 5867 2169 5928 rebat,
2223 5874 2460 5918 attamen
2520 5862 2763 5918 mortalis
2800 5872 2939 5928 erat,
2995 5876 3114 5915 nam
3150 5859 3216 5913 ab
3258 5859 3373 5928 ipsa
3422 5858 3554 5911 liora

1988 5973 2090 6028 qua
2125 5957 2379 6024 comedit,
2415 5956 2556 6011 ntori
2581 5955 2880 6010 dicebatur.
2929 5952 3181 6011 Confusis
3216 5960 3394 6008 autent
3425 5951 3560 6007 Sud-
