3932 6456
447 427 583 497 1οΠ

1293 438 1874 507 THEOPHYLAC’I‘I
1909 447 2314 511 BULUARIE
2353 452 2708 518 ARCHIEP.

3549 453 3679 521 ιιιε

441 541 664 602 ὁιιοωῑε,
697 542 1135 611 approbaverunt
1175 546 1376 603 dictum
1408 545 1535 605 Jesu
1570 552 1797 619 Scrilim.
1838 562 2009 624 nlpotc

2122 556 2305 613 θανεῖν
2338 561 2579 631 λέγεται.
2612 563 2732 617 Τῶν
2761 562 3133 620 Σαδδουκαίων
3165 564 3225 620 δὲ
3273 562 3450 628 οὕτως
3479 566 3683 635 αἰσχυν.

440 627 742 688 adversarii
776 631 1013 702 illorum,
1044 637 1344 707 gaudentes
1381 639 1502 698 illos
1534 643 1727 699 victos.

514 898 674 965 Vens.
724 911 786 966 41
825 911 913 967 47.
953 932 974 967 ι
1011 904 1155 970 Dixit
1205 925 1385 973 autem
1430 918 1497 974 ad
1534 919 1651 977 illos
1690 940 1701 973 :
1737 916 2016 988 Quomodo

439 1002 626 1055 dicunt
673 999 949 1058 Christum
984 1006 1154 1060 ﬁlium
1201 1021 1322 1064 esse
1360 1009 1550 1076 David,
1581 1022 1637 1066 et
1686 1012 1797 1081 ipse
1848 1012 2014 1067 David

437 1090 570 1147 dicit
612 1092 665 1146 in
700 1092 841 1149 libro
878 1093 1217 1152 Psalmorum
1253 1114 1268 1154 :
1304 1098 1449 1154 Dixit
1495 1098 1754 1156 Dominus
1788 1101 2015 1160 Domino

437 1200 578 1240 meo.
631 1184 771 1242 Sede
807 1194 836 1241 al
867 1188 1072 1244 dextris
1113 1192 1267 1258 meis,
1316 1193 1491 1249 donec
1521 1210 1716 1264 ponam
1764 1195 2016 1252 inimicos

439 1280 560 1332 tuos
594 1279 888 1334 scabellum
937 1282 1133 1351 pedum
1184 1284 1436 1339 tuorum?
1468 1284 1634 1340 David
1670 1302 1799 1357 ergo
1828 1288 2013 1343 Domi-

434 1385 563 1423 num
597 1368 763 1442 557
801 1372 949 1427 illum
982 1384 1160 1441 vocat,
1190 1384 1244 1430 et
1272 1378 1543 1446 quomodo
1576 1378 1717 1433 ﬁlius
1748 1379 1865 1449 ejus
1894 1380 2015 1435 est?

434 1461 710 1518 Audiente
747 1478 874 1519 vero
903 1478 1105 1521 cuncto
1144 1467 1341 1538 populo
1374 1469 1509 1524 dixit
1539 1470 1819 1540 discipulis
1851 1472 1965 1526 suis
1994 1489 2008 1527 :

433 1550 634 1610 Cavete
669 1570 696 1608 a
725 1554 952 1623 Scribis,
981 1560 1076 1629 qui
1126 1560 1316 1615 volunt
1352 1561 1636 1620 airibulare
1662 1563 1718 1618 in
1754 1562 1927 1630 stolis,
1957 1574 2011 1619 et

433 1654 616 1702 amant
644 1636 1078 1707 salutationesin
1120 1652 1274 1718 foris,
1310 1669 1375 1710 ac
1405 1656 1611 1725 primas
1645 1654 1935 1713 cathedras
1956 1657 2008 1712 in

432 1737 754 1812 Synagogis,
795 1751 849 1797 et
890 1743 1097 1813 primos
1151 1742 1452 1801 discubitus
1494 1744 1549 1802 in
1593 1748 1853 1804 conviviis
1880 1767 1894 1803 :
1921 1751 2010 1819 qui

431 1822 694 1889 devorant
723 1835 913 1892 domos
940 1837 1249 1907 viduarum,
1282 1840 1608 1898 simulantes
1635 1842 1851 1914 longam
1885 1860 2012 1900 ora-

2118 655 2341 722 θέντων,
2383 658 2714 723 ἀπεδέξαντο
2738 660 2832 712 τδν
2872 657 3083 728 Ἰησοῦν
3116 659 3166 712 οἰ
3213 659 3586 730 Γραμματεϊς,
3612 660 3682 722 ὡς

2116 748 2429 820 ἀντίτεχνον
2451 749 2558 804 τῶν
2584 748 2989 817 Σαδδουκαίων,
3013 749 3274 821 ἡσθέντες
3322 751 3417 803 ἐπὶ
3452 753 3522 820 τῇ
3551 750 3683 804 ἑκεί-

2116 861 2221 896 νων
2244 842 2406 916 ἥττῃ.

2191 953 2209 986 ι
2249 928 2385 987 Eine
2407 934 2464 990 δὲ
2497 933 2635 1005 πρὸς
2662 933 2859 999 αὐτούς
2883 950 2899 968 ο
2926 933 3052 999 Πῶς
3080 933 3306 1001 λέγουσι
3336 933 3431 988 τὸν
3460 932 3680 1002 Χριστὸν

2118 1026 2230 1079 υἱὸν
2283 1026 2447 1080 Δαυῒδ
2502 1022 2664 1093 εἰναι,
2700 1027 2792 1082 καὶ
2836 1026 2997 1088 αὐτὸς
3045 1025 3209 1081 Δαυτδ
3247 1027 3399 1095 λέγει
3444 1026 3501 1079 ἐν
3529 1025 3683 1095 βίϐλῳ

2115 1116 2383 1187 Ψαλμῶν,
2409 1113 2574 1171 Εἶπεν
2604 1119 2633 1171 δ
2672 1117 2878 1189 Κύριος
2926 1116 3003 1188 τῷ
3032 1117 3226 1188 Κυρίῳ
3260 1134 3386 1187 μου,
3414 1116 3595 1169 Κάθου
3626 1118 3683 1171 ἐκ

2114 1208 2304 1274 δεξιῶν
2326 1227 2454 1279 μου,
2480 1208 2590 1272 ἓως
2625 1208 2692 1264 ἂν
2720 1209 2799 1263 θῶ
2825 1209 2952 1272 τοὺς
2980 1207 3211 1280 ἐχθρούς
3263 1224 3360 1261 σου
3407 1208 3682 1262 ὑποπόδιον

2113 1303 2223 1357 τῶν
2258 1303 2434 1357 ποδῶν
2470 1320 2602 1370 σονς
2644 1302 2807 1357 Δαυῖδ
2834 1302 2927 1356 οὖν
2957 1301 3162 1373 Κύριον
3180 1301 3346 1356 αὐτὸν
3380 1300 3555 1361 καλεῖ.
3597 1303 3681 1355 καί

2114 1395 2231 1458 πῶς
2251 1395 2363 1458 υἱὸς
2384 1394 2550 1449 αὐτοῦ
2573 1397 2757 1461 iactv;
2791 1394 3107 1457 ’Δκούοντος
3125 1392 3181 1447 δὲ
3203 1392 3405 1456 παντὸς
3424 1390 3518 1445 τοῦ
3539 1392 3679 1458 λαοῦ,

2113 1483 2233 1541 εἶπε
2259 1489 2369 1550 τοῖς
2390 1488 2659 1558 μαθηταῖς
2685 1486 2854 1542 αὐτοῦ
2882 1504 2895 1517 υ
2921 1486 3229 1558 Προσέχετε
3251 1484 3361 1539 ἀπὸ
3376 1483 3486 1537 τῶν
3511 1484 3682 1553 Γραμ·

2117 1578 2332 1651 ματέων
2374 1578 2482 1632 τῶν
2529 1579 2794 1634 θελόντων
2844 1579 3172 1649 περιπατεῖν
3219 1577 3279 1631 έν
3325 1574 3572 1639 στολαῖς.
3596 1577 3681 1629 καὶ.

2115 1670 2414 1742 φιλούντων
2444 1671 2769 1741 ἀσπασμοὺς
2803 1669 2862 1723 ὲν
2902 1671 3021 1732 ταῖς
3050 1669 3279 1740 ἀγοραῖς
3302 1708 3318 1733 ,
3354 1669 3453 1720 καὶ
3482 1682 3679 1757 πρωτοο

2114 1763 2406 1834 καθεδρίας
2464 1765 2522 1819 έν
2569 1765 2692 1827 ταῖς
2730 1762 3107 1830 Συναγωγαῖς,
3142 1760 3237 1814 καὶ
3290 1757 3679 1829 πρωτοκλισίας

2113 1858 2171 1910 ὲν
2191 1858 2304 1919 τοῖς
2332 1855 2588 1922 δείπνοις,
2620 1855 2671 1909 οἶ
2716 1854 3063 1910 κατεσθίουσι
3104 1853 3206 1916 τὰς
3231 1851 3413 1910 οἰκίας
3459 1849 3567 1903 τῶν
3589 1867 3679 1918 χη-

432 1922 632 1978 tionem
666 1940 680 1977 :
717 1925 773 1981 bi
817 1928 1086 1998 accipient
1117 1930 1377 1999 majorem
1414 1934 1944 1990 condemnationem.
1982 1955 2002 1988 ι

2120 1948 2253 2019 ρῶν,
2280 1913 2375 2002 καὶ
2404 1913 2677 2023 «pop-eiset
2709 1947 2901 2018 μακρᾷ
2945 1913 3361 2016 προσεύχονται.
3394 1935 3552 1996 οὗτοι

430 2010 511 2070 Ad
537 2016 843 2084 passionem
865 2019 1179 2090 propediem
1204 2038 1546 2093 accessurus,
1570 2040 1725 2081 snam
1754 2027 2011 2097 praedicat

431 2101 771 2166 divinitatem
809 2129 823 2166 :
856 2112 1022 2183 idque
1076 2131 1184 2170 non
1221 2117 1512 2172 admodum
1553 2130 1771 2189 aperte,
1806 2121 2011 2191 necja-

430 2200 662 2267 ctanter,
699 2204 791 2259 sed
816 2206 1081 2263 modeste.
1112 2208 1419 2281 lnterrogat
1455 2212 1600 2267 enim
1634 2212 1775 2280 illos,
1803 2222 1860 2269 et
1884 2229 2012 2285 per-

429 2290 619 2362 plexos
655 2295 850 2361 reddit,
890 2297 1134 2369 sinitque
1176 2302 1489 2359 ratiocinari
1531 2305 1661 2376 quid
1723 2317 2008 2364 consecta-

428 2385 615 2436 neum.
670 2381 837 2440 David
901 2388 1080 2455 enim,
1128 2390 1340 2462 inquit,
1390 2393 1677 2451 Dominum
1721 2408 1901 2465 vocat,
1953 2408 2011 2455 et

430 2473 704 2541 quomodo
752 2475 894 2533 ﬁlius
924 2478 1041 2547 ejus
1071 2490 1153 2536 est
1180 2484 1394 2551 purus?
1439 2486 1574 2542 Erat
1603 2488 1751 2543 enim
1782 2499 1837 2545 et
1865 2490 2010 2548 ﬁlius

430 2559 599 2621 David
623 2571 918 2624 secundum
938 2585 1177 2642 carnem,
1196 2574 1290 2630 sed
1312 2586 1365 2632 et
1395 2575 1536 2634 Deus
1560 2578 1701 2649 ejus.
1726 2579 1807 2635 llli
1823 2590 2005 2637 autem

430 2653 604 2708 selum
636 2653 805 2711 lilium
838 2656 1004 2714 David
1040 2676 1163 2718 esse
1196 2663 1582 2734 Opinabantur,
1627 2668 1749 2724 ideo
1796 2672 2009 2741 opinio-

432 2752 554 2801 nem
617 2756 805 2804 eOrum
859 2753 1081 2821 evertit,
1132 2770 1239 2826 qua
1272 2750 1539 2828 putabant
1586 2759 1755 2817 ﬁlium
1786 2762 2009 2822 Davidis

430 2837 629 2894 solum.
666 2839 916 2899 Declarat
946 2843 1072 2900 item
1116 2850 1260 2918 quod
1292 2866 1397 2905 non
1426 2851 1499 2907 sit
1523 2853 1869 2912 adversarius
1900 2857 2009 2913 Deo

430 2928 605 3000 Patri,
636 2934 729 2991 sed
761 2937 983 2994 multam
1013 2953 1133 2995 eum
1164 2938 1259 2997 illo
1289 2943 1487 3001 habeat
1530 2949 1898 3017 concordiam,
1933 2951 2010 3006 si-

429 3026 645 3095 quidem
670 3028 921 3088 inimicos
947 3033 1061 3103 ejus
1085 3029 1331 3091 bumiliat
1357 3028 1543 3094 Pater.
1563 3038 1630 3096 Et
1652 3042 1764 3098 haec
1790 3046 2005 3114 quidem

433 3118 640 3177 Scribis
688 3123 847 3179 dixit.
913 3122 1047 3193 Quia
1122 3141 1306 3185 autem
1360 3130 1660 3205 discipulos
1716 3136 2007 3209 magistros

405 3215 577 3271 orbis
615 3217 784 3285 misit,
829 3221 1029 3279 merito
1053 3238 1148 3281 eos
1169 3224 1424 3282 admonet
1454 3243 1521 3283 ne
1549 3230 1832 3288 imitentur
1868 3233 2010 3289 Pha-

431 3307 710 3365 risaeorum
760 3315 1150 3386 arrogantiam,
1180 3326 1233 3374 et
1259 3320 1605 3377 ambitiosam
1653 3334 2012 3383 mentem:et

429 3392 756 3468 simpliciter
783 3417 854 3459 ne
879 3406 1121 3475 cogitent
1157 3411 1431 3479 quomodo
1467 3412 1727 3482 placeant
1775 3416 2012 3473 homini-

429 3489 553 3546 bus.
584 3489 720 3547 Nam
769 3494 1187 3556 salutationibus
1233 3500 1338 3557 fori
1384 3506 1624 3572 studere,
1674 3506 2010 3566 adulantium

426 3576 837 3644 occurrentibus
847 3597 949 3657 est,
974 3599 1030 3646 et
1045 3591 1351 3661 opinionem
1370 3596 1656 3666 probitatis
1674 3602 2006 3668 venantium,

425 3674 512 3730 rel
563 3674 703 3734 hanc
737 3680 1075 3738 occasionem
1110 3685 1176 3739 ad
1208 3688 1620 3761 congregandas
1665 3691 1882 3749 divitias
1916 3694 2012 3750 ad-

428 3761 764 3827 mittentium
800 3791 814 3829 :
844 3775 973 3846 quin
1002 3785 1057 3831 et
1085 3777 1143 3834 bi
1175 3776 1459 3836 viduarum
1495 3782 1686 3839 dumos
1722 3782 2007 3855 devorant,

426 3863 603 3918 Ventri
652 3856 845 3932 dediti,
874 3876 927 3921 et
955 3868 1097 3923 ultra
1148 3884 1312 3940 quam
1342 3887 1478 3943 opus
1512 3875 1587 3932 sit
1626 3878 1926 3947 insumunt,
1956 3890 2012 3938 et

425 3961 721 4021 pratextns
748 3952 907 4028 quasi
948 3960 1074 4030 pius
1106 3970 1209 4019 est.
1238 3961 1439 4022 Preces
1468 3968 1612 4024 enim
1634 3979 1690 4025 et
1720 3972 2006 4029 utilitatem

425 4043 731 4102 animarum
779 4058 1167 4119 praetexentes,
1216 4071 1323 4113 non
1354 4056 1620 4127 jejunium
1652 4061 1872 4131 docent,
1913 4066 2008 4121 sed

427 4134 744 4193 ebrietatem
769 4149 825 4194 et
844 4142 1274 4216 gastrimargiam
1303 4161 1319 4202 :
1342 4156 1397 4202 et
1427 4159 1711 4219 propterea
1738 4152 2009 4224 accipient

427 4225 744 4294 ampliorem
799 4230 1303 4289 condemnationem
1340 4251 1354 4287 :
1388 4235 1513 4305 quia
1560 4252 1669 4293 non
1719 4239 1892 4294 solnm
1923 4240 2007 4294 fa-

332 4314 335 4317 ’
426 4311 578 4369 ciunt
607 4314 831 4383 malum,
864 4320 958 4374 sed
989 4330 1294 4390 praetexunt
1321 4339 1535 4394 preces,
1579 4336 1635 4383 et
1658 4328 1801 4399 piam
1838 4330 2010 4387 hone-

425 4412 623 4461 statem
673 4422 739 4464 ac
798 4410 1053 4466 virtutem
1122 4410 1327 4480 faciunt
1398 4424 1717 4487 praetextum
1773 4423 2004 4493 peccati.

425 4489 724 4569 Propterea
757 4514 890 4556 sane
931 4505 1155 4573 gravius
1197 4517 1325 4563 sunt
1374 4511 1654 4580 puniendi,
1691 4523 1744 4568 ut
1772 4489 1862 4585 qui
1894 4531 2005 4571 rem

2116 2040 2308 2111 ψονται
2340 2033 2729 2111 περισσότερον
2755 2041 2953 2109 κρῖμα.
3001 2054 3023 2092 ι
3078 2036 3203 2090 Ἐπὶ
3228 2034 3288 2091 τὸ
3319 2033 3515 2098 πάθος,
3564 2034 3677 2087 ὅσον

2115 2133 2306 2196 οὔπω,
2358 2131 2568 2206 μέλλων
2626 2130 2885 2203 ἔρχεσθαι
2925 2128 3024 2201 τὴν
3072 2127 3266 2183 ἑαυτοῦ
3326 2124 3679 2196 ἀνακηρύττιι

2118 2224 2370 2299 θεότητα,
2404 2225 2498 2280 καὶ
2530 2224 2654 2279 οὐδὲ
2674 2223 2834 2278 τοῦτο
2860 2218 3348 2292 ἀπαρακαλύπτως
3368 2218 3467 2272 καὶ
3494 2217 3672 2280 ἀλαζο-

2116 2320 2306 2384 νικῶς,
2334 2318 2471 2374 ἀλλά
2500 2318 2596 2373 καὶ
2637 2317 2846 2388 σφόδρα
2875 2313 3305 2387 μετριοφρόνως.
3346 2312 3557 2383 Ἐρωτᾷ
3580 2309 3676 2378 γὰρ

2115 2413 2334 2480 αὐτοὺς,
2366 2412 2461 2466 καὶ
2512 2412 2592 2474 εἰς
2618 2409 2856 2481 ἀπορίαν
2909 2406 3192 2477 ιναγαγὼν
3220 2405 3449 2475 ἀφίησιν
3495 2405 3676 2466 αὐτοὺς

2119 2498 2540 2568 συλλογίσασθαι
2577 2492 2639 2551 ea
2670 2496 2985 2551 ἀκόλουθον.
3027 2493 3192 2550 Δσυῖδ
3219 2495 3352 2566 γὰρ,
3384 2493 3541 2564 φησι,
3584 2491 3679 2546 K15-

2116 2610 2232 2667 ptov
2249 2591 2616 2661 αὐτδνζκαλεϊ,
2644 2591 2739 2646 καὶ⁸
2763 2591 2879 2656 πῶς
2900 2590 3017 2656 υίὸς
3033 2589 3200 2645 αὐτοῦ
3222 2590 3342 2643 ἐστι
3367 2586 3525 2658 ψιλός
3545 2604 3560 2654 ;
3586 2582 3679 2638 Ἦν

2117 2686 2219 2755 μέν
2252 2684 2361 2755 γὰρ
2410 2683 2526 2748 υίὸς
2560 2682 2726 2737 Δαυῖδ
2753 2682 2815 2736 τὸ
2842 2683 2983 2737 κατά
3009 2683 3189 2755 σάρκα
3213 2721 3229 2748 ,
3263 2682 3405 2736 ἀλλά
3434 2681 3530 2734 καὶ
3561 2681 3679 2742 Θεὸς

2117 2775 2282 2830 αὐτοῦ
2304 2792 2318 2807 ο
2350 2777 2550 2829 ἐκεῖνοι
2589 2775 2647 2829 δὲ
2680 2774 2842 2846 μόνον
2871 2773 3028 2829 τοῦτο
3060 2766 3174 2828 υἱὸν
3205 2774 3370 2828 αὐτὸν
3396 2773 3494 2826 τοῦ
3532 2764 3680 2826 Anti

2115 2868 2387 2940 ἐνόμιζον.
2411 2867 2504 2921 Διὸ
2523 2868 2820 2940 ἀνατρέπει
2842 2867 3046 2937 ταύτην
3070 2867 3249 2922 αὐτῶν
3277 2866 3378 2939 τὴν
3406 2866 3567 2933 δόξαν
3592 2864 3679 2935 τὴν

2117 2961 2247 3030 περὶ.
2270 2958 2361 3013 τοῦ
2377 2958 2532 3029 ψιλὸν
2557 2953 2698 3013 εἶναι
2725 2959 2840 3013 υἰδν
2860 2958 2956 3014 τοῦ
2989 2958 3175 3023 Δαυῒδ,
3209 2958 3472 3029 ἐμφαίνει
3502 2959 3560 3012 δὲ
3596 2958 3678 3011 καὶ

2116 3046 2199 3106 ὅτι
2228 3050 2329 3105 οὐκ
2359 3050 2637 3115 ἀντίθετός
2667 3052 2785 3104 ἔστι
2817 3049 2894 3121 τῷ
2928 3050 3125 3121 Πατρὶ.
3156 3048 3293 3103 ἀλλά
3342 3048 3547 3120 πολλὴν
3592 3047 3677 3119 τὴν

2114 3144 2371 3214 ὁμόνοιαν
2393 3142 2507 3214 ἔχει
2537 3143 2674 3214 πρὸς
2704 3143 2866 3197 αὐτὸν
2890 3183 2905 3209 ,
2937 3142 3053 3212 εἴγε
3082 3144 3212 3206 τούς
3241 3143 3475 3214 ἐχθροὺς
3526 3140 3676 3195 αὐτοῦ

2117 3234 2550 3306 καταγωνίζεται
2579 3235 2609 3288 ὁ
2632 3236 2845 3307 Πατήρ.
2880 3234 3065 3290 Ταῦτα
3103 3235 3201 3305 μὲν
3226 3234 3320 3288 οὖν
3351 3236 3465 3297 τοῖς
3501 3234 3675 3304 Γραμ-

2119 3328 2402 3402 ματεῦσιν.
2442 3328 2604 3383 Ἐπεὶ
2651 3328 2708 3383 δὲ
2743 3328 2868 3392 τούς
2919 3328 3167 3399 μαθητὰς
3204 3326 3566 3390 διδασκάλους
3590 3326 3679 3396 τῆς

2112 3423 2440 3495 οἰκουμένης
2465 3421 2808 3487 ἀπέστειλεν,
2846 3421 3074 3483 εἰκότως
3108 3421 3298 3486 αὐτοῖς
3329 3423 3589 3489 παραινεί
3612 3419 3677 3491 μὴ

2116 3513 2400 3586 μιμεῖσθαι
2430 3515 2538 3568 τῶν
2572 3514 2882 3586 Φαρισαίων
2913 3513 3013 3585 τὴν
3057 3512 3338 3584 φιλόδοξον
3391 3513 3493 3567 καὶ
3546 3512 3679 3581 φιλό-

2113 3624 2327 3679 πρωτον
2349 3607 2597 3679 γνώμην,
2630 3607 2725 3660 καὶ
2767 3605 2957 3669 ἁπλῶς
2987 3605 3261 3676 κοσμικὴν
3295 3606 3391 3660 καὶ
3435 3604 3677 3675 ἀνθρωπ-

2113 3699 2368 3769 ἀρεσκον.
2431 3698 2506 3752 Τὸ
2551 3697 2661 3768 γάρ
2696 3698 2824 3760 τούς
2858 3697 3186 3768 ἀσπασμοὺς
3241 3696 3584 3768 ἐπιτηδεύειν
3625 3695 3678 3747 ἐν

2110 3792 2229 3854 ταῖς
2270 3790 2522 3860 ἀγοραῖς,
2554 3787 2961 3844 κολακευόντων
2996 3788 3116 3843 ἔστι
3161 3790 3290 3853 τούς
3332 3788 3676 3858 ἐντυγχάνον-

2110 3895 2229 3942 τας,
2274 3878 2371 3931 καὶ
2399 3875 2556 3943 δόξαν
2584 3876 2879 3948 καλοηθίας
2908 3877 3267 3949 θηρωμένων,
3302 3878 3335 3949 ἣ
3368 3879 3677 3946 συναγωγῆς

2109 3960 2408 4040 χρημάτων
2438 3968 2711 4040 πρόφασιν
2730 3967 2890 4024 τοῦτο
2916 3970 3241 4040 τιθεμένων.
3287 3968 3452 4024 ‘sm
3474 3970 3568 4024 καὶ
3590 3969 3675 4031 τὰς

2108 4061 2284 4124 οἰκίας
2313 4059 2422 4113 τῶν
2450 4060 2657 4132 χηρῶν,
2679 4062 2832 4132 φησι,
2864 4060 3218 4116 κατεσθίουσι
3243 4059 3674 4133 γαστριζόμενοι,

2108 4154 2205 4207 καὶ
2229 4153 2373 4225 πέρα
2403 4153 2497 4207 τοῦ
2530 4153 2739 4219 δέοντος
2765 4154 3149 4218 ἀναλίσκοντες
3174 4170 3189 4185 ⁸
3227 4158 3321 4209 καὶ
3350 4157 3382 4227 ἡ
3416 4155 3673 4225 πρόςασις

2107 4248 2184 4311 ὡς
2220 4245 2475 4318 εὐλαϐής.
2508 4246 2688 4317 Εὐχὴν
2722 4247 2833 4316 γάρ
2859 4248 2956 4302 καὶ
2993 4248 3262 4318 ὠφέλειαν
3287 4249 3529 4320 ψυχικὴν
3554 4264 3677 4317 προ-

2109 4339 2487 4412 φασιζόμενοι,
2524 4341 2585 4394 οὐ
2622 4342 2875 4411 νηστείαν
2903 4342 3272 4410 διδάσκουσιν,
3314 4342 3455 4398 ἀλλά
3494 4342 3675 4414 μέθην,

2108 4433 2205 4486 καὶ
2231 4430 2704 4504 γαστριμαργίαν,
2741 4433 2835 4486 καὶ
2868 4431 2956 4487 διὰ
2999 4432 3165 4487 τοῦτο
3192 4432 3482 4505 λήψονται,
3512 4433 3639 4503 φησι
3660 4473 3676 4498 ,

2109 4522 2498 4594 περισσότερον
2531 4524 2728 4594 κρῖμα,
2755 4522 2837 4576 ὅτι
2866 4524 2930 4576 οὐ
2973 4524 3134 4595 μόνον
3164 4522 3380 4579 ποιοῦσι
3409 4526 3474 4579 τδ
3500 4526 3677 4589 κακὸν,

427 4584 706 4647 honestam
751 4592 1033 4652 calumnia:
1068 4599 1299 4655 reddunt
1348 4599 1660 4660 obnoxiam.
1710 4584 2004 4677 Oportebat

2119 4584 2252 4668 τι).λά
2296 4584 2855 4686 καίπροφασίζονται
2900 4584 3087 4687 εὐχάς.
3126 4618 3237 4670 και
3282 4618 3344 4670 τδ
3395 4584 3678 4688 πρόσχημα

424 4698 558 4741 sane
608 4687 856 4743 misereri
905 4686 1103 4758 viduis,
1163 4692 1240 4747 illi
1284 4705 1465 4751 autem
1506 4705 1561 4751 et
1589 4697 1780 4754 domos
1819 4715 2005 4755 earum

424 4772 806 4846 ingrediuntur
839 4782 997 4852 quasi
1030 4799 1129 4853 per
1166 4784 1356 4856 longas
1393 4804 1584 4858 preces
1633 4790 1956 4848 benedicant
1990 4811 2003 4848 :

422 4865 641 4924 interim
674 4870 848 4928 vidua:
874 4871 925 4927 in
952 4876 1240 4944 praesentia
1274 4876 1488 4932 illorum
1516 4879 1717 4937 multos
1742 4891 2009 4953 coguntur

422 4971 669 5031 suniptus
718 4960 940 5033 facere,
989 4978 1097 5034 quo
1138 4964 1200 5021 ﬁt
1246 4977 1306 5022 ut
1347 4968 1741 5028 exhauriantur
1790 4973 2005 5031 illarum

423 5050 646 5109 divitiae.

1007 5332 1235 5397 CAPUT
1270 5338 1409 5399 XXI.

426 5418 507 5482 De
543 5430 763 5514 muliere
809 5449 928 5488 cum
984 5438 1188 5514 duobus
1235 5440 1475 5514 minutis.
1533 5440 1888 5514 Interrogatio
1942 5454 2007 5502 de

500 5500 1205 5582 ultima_corzsumriratione.
1240 5509 1318 5564 De
1359 5512 1630 5566 obsidione
1683 5500 2003 5582 ,Ιέῖ-ιιεαίειπ,

498 5580 547 5626 et
573 5573 991 5653 quodphristus
1028 5581 1335 5646 praedixerit
1387 5584 1658 5651 discipulis
1692 5590 1804 5653 ejus
1845 5573 2009 5642 vasti;

500 5653 682 5700 tatem.
712 5645 791 5699 De
811 5646 994 5716 signis.

501 5796 666 5856 Vens.
695 5801 806 5858 14.
845 5821 864 5856 ι
899 5803 1219 5877 ReSpiciens
1251 5819 1431 5862 autem
1473 5809 1606 5864 vidit
1637 5825 1729 5865 eos
1760 5813 1850 5881 qni
1883 5813 2006 5867 mit-

431 5888 618 5948 tebant
655 5909 877 5952 munera
909 5912 1002 5954 sua
1036 5896 1091 5952 in
1125 5898 1568 5971 galephylacium
1597 5899 1819 5958 divites.
1854 5902 2003 5960 Vidit

2111 4707 2296 4769 αὐτοῖς
2324 4705 2572 4774 εὐλαϐὲς,
2605 4709 2699 4763 καὶ
2730 4707 2830 4779 τὴν
2861 4708 3067 4780 ἀρετὴν
3101 4708 3381 4780 πρόφασιν
3412 4712 3678 4765 ποιοῦνται

2112 4798 2402 4871 πονηρίας.
2438 4798 2531 4852 Διὸ
2557 4798 2622 4870 δὴ
2649 4800 2744 4854 καὶ
2776 4801 3168 4872 περισσότερον
3211 4806 3586 4872 κατακριτέοι.
3612 4803 3677 4865 ὡς

2112 4887 2205 4941 καὶ
2229 4887 2289 4940 τὸ
2323 4886 2486 4942 καλὸν
2523 4888 2903 4944 διαϐάλλεσθαι
2956 4891 3260 4954 ποιοῦντες.
3309 4895 3443 4947 Δέον
3464 4895 3572 4965 γὰρ
3593 4895 3675 4955 τὰς

2111 4978 2288 5048 χήρας
2318 4972 2486 5032 ἐλεεῖν
2505 4996 2519 5008 ’
2545 4979 2593 5033 οἳ
2627 4972 2683 5032 δὲ
2714 4980 3049 5052 εἰσέρχονται
3067 4984 3148 5045 εἰς
3168 4982 3267 5044 τὰς
3286 4983 3466 5047 οἰκίας
3485 4983 3673 5045 αὐτῶν,

2110 5066 2185 5131 ὡς
2213 5068 2371 5139 δῆθεν
2418 5069 2505 5124 διὰ
2550 5070 2657 5123 τῶν
2691 5072 2922 5142 μακρῶν
2953 5071 3128 5144 εὐχῶν
3166 5074 3557 5146 εὐλογήσοντες
3581 5092 3594 5106 ⁸
3623 5075 3672 5128 αἰ

2110 5158 2166 5213 δὲ
2189 5159 2592 5228 ἀναγκάζονται
2626 5161 2944 5217 ἀναλίσκειν
2971 5165 3064 5218 ἐπὶ
3091 5167 3158 5236 τῇ
3189 5167 3471 5239 παρουσίᾳ
3490 5166 3671 5230 αὐτῶν,

2113 5252 2207 5304 καὶ
2232 5251 2403 5317 οὕτως
2439 5253 2874 5311 ὲκδαπανῶνται.

2681 5344 2931 5401 ΚΕΦΑΛ.
2968 5344 3101 5405 KA'.

2110 5432 2250 5506 Περί
2278 5437 2388 5506 τῆς
2421 5440 2494 5493 τὰ
2530 5430 2640 5492 δύο
2682 5440 2876 5494 λεπτὰ
2908 5441 3234 5506 ,ϐαλούσης
3286 5441 3501 5510 χήρας.
3547 5438 3667 5506 Περί

2180 5512 2538 5574 συντελείας
2557 5510 2944 5577 ἐπερώτησις.
2974 5512 3109 5579 Περί
3138 5511 3250 5577 τῆς
3274 5513 3550 5578 ὼΙώσεως
3577 5512 3664 5567 Ἰε-

2175 5579 2523 5648 ρουσαλὴμ,
2556 5580 2656 5634 καί
2686 5582 2775 5633 ὅτι
2806 5584 2838 5635 ό
2882 5582 3094 5651 Κύριος
3134 5584 3384 5650 προεῖπε
3412 5583 3531 5648 τοῖς
3566 5599 3664 5651 μα·

2181 5650 2388 5733 θηταῖς
2438 5652 2551 5719 τὴν
2602 5651 2795 5718 αὐτῆς
2833 5649 3154 5720 ἐρήμωσιν.
3207 5655 3349 5722 Περὶ
3401 5653 3520 5708 τῶν
3566 5649 3662 5719 ση-

2202 5736 2267 5772 ιει
2278 5737 2379 5773 ων.

2174 5737 2379 5787 μειων.

2194 5814 2526 5884 Ἀναϐλέψας
2556 5814 2610 5868 δὲ
2640 5810 2746 5869 εἶδε
2770 5818 2895 5881 τοὺς
2925 5815 3216 5885 βάλλοντας
3239 5819 3303 5870 τὰ
3333 5818 3479 5886 δῶρα
3503 5814 3657 5871 αὐτῶν

2110 5908 2189 5971 εἰς
2219 5906 2278 5960 τὸ
2305 5906 2704 5980 γαζοφυλάκιον
2733 5907 3038 5975 πλουσίους.
3060 5907 3180 5965 Εἶδε
3209 5911 3267 5965 δὲ
3307 5909 3401 5966 καί
3441 5928 3550 5966 τινα
3570 5910 3654 5978 χὴ·
