3932 6456
134 494 277 560 1049

842 498 1285 559 ENARRATIO
1316 500 1397 559 IN
1438 497 1937 560 EVANGELIUM
1970 499 2208 563 LUC/E.
2233 524 2302 537 --
2332 496 2491 561 CAP.
2519 494 2677 561 XXI.

3251 497 3391 566 i050

133 630 237 682 ραν
266 611 531 682 πενιχρὰν
566 593 867 681 Monam;
898 615 1015 667 ἐκεῖ
1038 611 1130 666 δύο
1167 614 1362 668 λεπτά.
1391 614 1502 667 Καὶ
1528 610 1679 666 εἶπεν
1703 628 1717 641 θ

1826 626 2004 668 autem
2032 623 2088 669 et
2112 613 2398 684 quamdam
2430 613 2647 691 viduam
2679 611 3054 683 pauperculam
3085 612 3275 666 mitten
3305 626 3389 662 rm

141 701 392 773 Ἀληθῶς
440 702 583 771 λέγω
632 703 793 773 ύμῖν,
843 704 926 757 ὅτι
975 706 1008 774 ή
1045 706 1188 776 χήρα
1229 707 1262 775 ἡ
1318 703 1511 775 πτωχὴ
1572 705 1710 774 αῦτη

128 794 323 849 πλεῖον
351 797 569 849 πάντων
618 796 830 851 ἐΰαλεν.
868 797 1142 860 Ἅπαντες
1181 798 1290 868 γὰρ
1324 792 1472 853 οὗτοι
1511 800 1574 851 ὲκ
1619 797 1713 850 τοῦ

126 887 555 957 περισσεύοντος
577 889 766 951 αὐτοῖς
804 888 1000 944 ἔϐαλον
1026 892 1105 955 είς
1137 891 1207 943 τὰ
1233 889 1384 962 δῶρα
1412 890 1504 943 τοῦ
1553 889 1710 954 Θεοῦ,

126 977 275 1046 αὕτη
302 978 359 1032 δὲ
387 980 451 1032 ὲκ
473 979 564 1032 τοῦ
597 979 973 1050 ὑστερήματος
1003 982 1178 1052 αὐτῆς
1207 980 1426 1035 ἅπαντα
1450 982 1543 1034 τὸν
1577 981 1711 1051 βίον,

82 1054 96 1064 ’
122 1067 193 1122 ὃν.
224 1064 392 1139 εἶχεν,
418 1070 632 1123 ἔϐαλεν.
666 1089 683 1120 ι
719 1069 900 1134 Γάζαν
928 1071 1019 1123 τὸν
1049 1070 1322 1142 θησαυρόν
1360 1088 1522 1142 φασιν
1552 1069 1712 1126 εἶναι.

123 1153 243 1210 Ἦν
272 1153 369 1210 οὖν
401 1158 542 1228 ἰερδς
577 1157 850 1229 θησαυρὸς
879 1158 987 1212 ἀπὸ
1013 1157 1275 1226 φιλοθέων
1308 1159 1709 1230 ὲρανιζόμενος,

123 1242 174 1317 ᾧ
207 1249 448 1320 ἐχρῶντο
471 1252 549 1313 εἰς
574 1251 949 1320 περιποίησιν,
976 1252 1070 1304 καί
1104 1251 1405 1320 ἐπισκευὴν
1424 1252 1518 1305 τοῦ
1543 1251 1711 1322 ἱεροῦ,

125 1341 231 1393 καὶ
280 1341 469 1404 ἁπλῶς
499 1343 580 1404 εἰς
621 1341 827 1412 κόσμον
865 1340 962 1396 τοῦ
991 1342 1144 1408 ναοῦ,
1185 1343 1279 1396 καὶ
1312 1344 1563 1413 πενήτων
1595 1343 1713 1396 δια-

120 1432 363 1501 τροφὰς,
396 1432 498 1486 κᾶν
527 1433 649 1485 im:
661 1450 749 1504 ρον
776 1434 869 1487 καὶ
898 1433 1058 1487 τοῦτο
1082 1436 1418 1505 ὲκαπήλευον
1440 1436 1488 1488 οἰ
1523 1437 1711 1506 ἱερεῖς,

121 1522 519 1593 διανεμόμενοι
553 1524 644 1578 τὸν
675 1525 969 1596 θησαυρὸν,
1011 1526 1150 1579 ἀλλὰ
1184 1530 1259 1598 μὴ
1288 1527 1425 1598 πρὸς
1456 1525 1492 1581 ἃ.
1516 1529 1575 1593 ἐξ
1614 1527 1714 1599 ἀρ-

122 1615 235 1684 χῆς
290 1614 602 1683 ἀφώριστο,
640 1614 818 1682 τούτῳ
870 1616 1173 1691 χρώμενοι.
1236 1617 1479 1671 Ἐπαινεῖ
1536 1618 1716 1671 τοίνυν

124 1705 289 1773 παρὰ
317 1707 525 1768 πάντας
556 1707 681 1768 τοὺς
728 1705 922 1770 ἄλλους
959 1708 1060 1778 τὴν
1093 1708 1271 1778 χήραν
1299 1711 1325 1762 ό
1357 1708 1560 1780 Κύριος
1583 1749 1597 1773 ,
1640 1709 1718 1772 ὡς

125 1798 197 1848 ἐκ
233 1796 326 1849 τοῦ
373 1795 752 1865 ὑστερήματος
780 1797 953 1866 αὐτῆς
990 1796 1259 1866 βαλοῦσαν
1305 1798 1425 1852 ὅλον
1462 1799 1553 1852 τὸν
1603 1798 1718 1869 βίον

123 1887 327 1957 αὐτῆς.
365 1888 429 1941 Οἱ
463 1889 569 1958 γὰρ
600 1887 695 1940 δύο
726 1886 927 1951 ὀϐολοὶ,
981 1890 1030 1942 εἰ
1072 1890 1168 1942 καὶ
1204 1891 1392 1961 μικροί
1441 1890 1714 1955 δοκοῦσιν,

124 1980 251 2033 ἀλλ’
286 1979 378 2034 οὖν
407 1979 528 2043 ὂλος
558 1982 586 2033 ό
620 1978 734 2050 βίος
778 1982 843 2049 τῇ
893 1980 959 2033 ὲκ
992 1980 1087 2034 τοῦ
1121 1984 1443 2051 προσαιτεῖν
1496 1981 1714 2051 διατρε-
1749 1965 1789 2021 Β

127 2076 348 2147 φομένῃ
378 2076 508 2128 εἰσί⁸
536 2076 681 2145 χήρα
713 2073 823 2145 γὰρ
860 2070 930 2143 ἦν
959 2075 1211 2146 πενιχρά.
1237 2075 1353 2128 Οὐκ
1381 2075 1462 2137 εἰς
1498 2075 1558 2126 τὸ
1583 2073 1720 2127 διδό-

130 2183 301 2235 μενον
331 2160 424 2217 οὖν
464 2165 684 2234 ἀφορῶν
706 2167 734 2218 ὁ
760 2166 982 2236 Κύριος,
1017 2165 1308 2219 ἀποδίδωσι
1327 2165 1426 2229 τὰς
1456 2164 1715 2235 ἀμοιϐὰς,

127 2258 250 2309 ἀλλ’
284 2257 361 2319 εἰς
384 2256 445 2308 τὸ
465 2255 806 2326 λειπόμενον.
841 2258 966 2321 Τοῖς
998 2258 1099 2328 μὲν
1126 2254 1220 2311 οὖν
1245 2257 1524 2320 πλουσίοις
1548 2256 1718 2310 πλείω

126 2347 522 2403 κατελείποντο
547 2349 605 2401 ὲν
640 2351 751 2412 τοῖς
785 2348 983 2415 οἴκοις,
1027 2348 1183 2417 ὀλίγα
1218 2351 1311 2403 καὶ
1349 2350 1522 2420 μικρὰ
1551 2365 1720 2419 προσ-

130 2441 447 2508 ενεγκοῦσι.
492 2430 572 2510 Τῇ
620 2439 676 2492 δὲ
724 2440 912 2494 ἅπασα
935 2441 967 2510 ἡ
994 2441 1141 2494 οἰκία
1168 2441 1468 2507 κεκένωτο,
1507 2441 1603 2495 καὶ
1630 2440 1719 2492 ού-

130 2533 226 2585 δὲν
280 2531 600 2603 ύπελείῳθη.
636 2532 877 2599 Εἰκότως
926 2529 1018 2591 οῦν
1069 2534 1166 2589 καὶ
1217 2534 1717 2605 ἀξιεπαινετωτέρα

132 2624 389 2679 ἐκείνων.
445 2624 704 2694 Ἐνόησαν
751 2625 809 2678 δέ
846 2642 993 2687 τινες
1017 2626 1192 2695 χήραν
1224 2623 1487 2678 δύνασθαι
1516 2623 1719 2693 ὲκληερ-

134 2717 301 2785 θῆναι
329 2717 509 2771 πᾶσαν
520 2717 706 2797 ,ψυχὴν
734 2717 829 2770 τὸν
855 2717 1119 2788 πρότερον
1148 2716 1335 2788 ἄνδρα,
1373 2716 1466 2770 τὸν
1488 2716 1718 2771 παλαιὸν

129 2812 298 2879 νόμον
329 2807 730 2869 ἀποϐαλοῦσαν,
753 2806 904 2862 οὔπω
932 2808 987 2862 δὲ
1018 2809 1117 2878 τῆς
1154 2808 1292 2878 πρὸς
1323 2807 1415 2861 τὸν
1443 2806 1574 2862 Θεὸν
1610 2806 1717 2860 Λόι

131 2917 234 2967 γον
290 2897 587 2966 συναφείας
619 2896 776 2963 ἀξίαν
803 2912 818 2927 '
860 2897 955 2950 καὶ
991 2897 1194 2969 ταύτην
1230 2897 1526 2967 προσάγειν
1554 2897 1723 2968 ἀρραι

133 2990 317 3052 ὄώνος
346 2989 490 3060 λόγῳ
520 2989 619 3061 τὴν
656 2987 863 3060 λεπτὴν
911 2990 1008 3042 καὶ
1045 2989 1183 3051 τέως
1226 2988 1541 3059 σύμμετρον
1578 2987 1717 3058 αὐτῇ

133 3072 329 3136 πίστιν
385 3089 477 3136 καὶ
528 3080 740 3150 ἀγαθὴν
771 3080 1102 3152 συνείδησιν.
1139 3084 1228 3133 Δεῖ
1283 3083 1392 3152 γὰρ
1448 3082 1584 3151 μετὰ
1622 3082 1720 3147 τῆς

130 3175 380 3238 πίστεως
415 3174 511 3227 καὶ
540 3174 751 3243 ἀγαθὴν
790 3174 1098 3243 συνείδησιν
1129 3173 1248 3244 ἢτοι
1283 3171 1396 3243 βίον
1430 3172 1719 3242 ἀδιάστρο-

129 3286 239 3338 φον
262 3267 546 3338 φέρεσθαι,
583 3266 679 3321 καὶ
713 3267 763 3320 εἰ
787 3264 931 3321 οὕτω
956 3266 1068 3338 (l0)
1093 3264 1455 3337 προσέρχεταί
1476 3276 1556 3327 τις
1577 3264 1714 3334 Θεῷ,

1814 706 1941 759 illuc
1977 720 2084 760 tera
2132 705 2336 760 minuta
2393 704 2521 770 duo,
2563 714 2619 759 et
2664 705 2797 759 dixit
2831 721 2845 757 :
2878 705 3019 761 Vere
3068 705 3191 759 dico
3241 704 3393 757 vobis

1814 797 1957 867 quod
2006 794 2175 868 458
2212 795 2373 849 vidua
2426 795 2538 849 haec
2587 807 2793 864 pauper
2837 794 2957 863 plus
3003 790 3162 864 quam
3203 806 3394 846 onmes

1815 887 1981 944 misit.
2046 888 2177 942 Nam
2228 902 2420 943 omnes
2455 887 2509 942 hi
2548 900 2616 941 ex
2645 901 2711 942 eo
2748 886 2892 955 quod
2939 885 3070 955 ipsis
3109 886 3391 948 exuberat,

1815 982 2082 1063 miserunt
2109 981 2161 1035 in
2197 994 2419 1035 munera
2449 979 2564 1047 Dei,
2601 979 2713 1034 bare
2747 985 2925 1033 autem
2953 994 3016 1033 ex
3049 978 3268 1048 penuria
3295 991 3390 1030 sna

1817 1076 2124 1130 universam
2145 1074 2501 1129 substantiam
2517 1089 2678 1144 quant
2702 1072 2954 1136 habebat,
2974 1071 3138 1125 misit.
3154 1090 3171 1122 ι
3188 1068 3391 1124 Gazam

1813 1170 2132 1223 thesaurum
2155 1167 2359 1221 dicunt.
2387 1165 2518 1221 Erat
2546 1167 2725 1233 itaque
2746 1178 2902 1219 sacer
2921 1163 3208 1217 thesaurus
3233 1177 3392 1231 quem

1816 1260 1889 1330 pii
1924 1258 2349 1321 contribuerant,
2396 1272 2503 1328 quo
2547 1256 2837 1312 utebantur
2875 1254 2942 1311 ad
2989 1254 3391 1324 apparationem

1815 1361 1868 1405 et
1902 1349 2212 1406 necessaria
2239 1349 2512 1414 sacriﬁcii,
2548 1357 2604 1403 et
2640 1349 2705 1402 ad
2740 1356 2992 1403 ornatum
3027 1345 3229 1413 templi,
3262 1361 3396 1415 pau-

1815 1457 2115 1512 pernmque
2143 1442 2452 1495 alimoniam
2482 1459 2496 1495 :
2522 1439 2772 1509 quamvis
2798 1448 2852 1492 et
2874 1439 2939 1490 de
2964 1438 3065 1490 hoc
3090 1441 3272 1502 postea
3305 1445 3398 1485 ne-

1820 1532 2170 1602 gotiationem
2203 1530 2449 1585 fecerunt
2498 1528 2830 1592 sacerdotes,
2866 1525 3253 1582 distrilmentes
3279 1523 3398 1574 the-

1816 1638 2037 1681 saurum
2071 1639 2174 1676 non
2206 1623 2257 1676 in
2287 1637 2348 1678 ea
2368 1622 2571 1690 adquae
2594 1620 2935 1675 contributus
2958 1617 3153 1671 fuerat.
3186 1612 3396 1668 Laudat

1818 1716 1979 1786 igitur
2019 1714 2281 1769 Dominus
2326 1713 2544 1767 viduam
2587 1725 2749 1778 supra
2801 1693 3011 1773 omnes,
3042 1707 3272 1777 quodex
3303 1718 3397 1773 pe-

1820 1806 1974 1861 nuria
2014 1819 2110 1858 sua
2137 1814 2304 1858 totam
2336 1814 2488 1858 suam
2520 1801 2878 1855 substantiam
2908 1799 3150 1853 dederat.
3182 1795 3315 1849 Nam
3343 1796 3396 1849 hi

1819 1896 1925 1950 duo
1988 1894 2129 1949 oboli
2175 1894 2278 1949 etsi
2340 1892 2491 1964 parvi
2552 1892 2895 1954 videbantur,
2961 1899 3198 1944 attamen
3253 1896 3396 1941 tutus

1822 1987 1995 2042 victus
2025 2002 2089 2041 ex
2120 1984 2541 2053 mendicimonio
2572 1993 2705 2038 erat.
2737 1982 2907 2037 Vidua
2940 1983 3083 2036 enim
3108 1991 3225 2036 erat
3255 1995 3396 2050 pau-

1820 2094 1937 2147 per.
1974 2077 2157 2145 Neque
2204 2077 2347 2132 enim
2382 2074 2641 2129 Dominus
2675 2074 2974 2128 mercedem
3010 2074 3194 2127 reddet
3223 2067 3396 2138 respi~

1821 2169 1973 2224 ciens
2015 2169 2080 2223 ad
2119 2169 2169 2222 id
2219 2168 2363 2236 quod
2414 2166 2597 2232 datur,
2644 2167 2735 2221 sed
2786 2166 2851 2218 ad
2894 2165 2945 2218 id
2998 2164 3140 2233 quod
3191 2162 3375 2216 deficit

1822 2262 1989 2333 igitur
2015 2262 2167 2330 plura
2187 2259 2383 2315 divites
2409 2261 2460 2312 in
2482 2260 2732 2313 domibus
2765 2257 3096 2325 relinquunt,
3127 2269 3398 2326 partuque

1824 2370 1886 2409 ac
1919 2369 2087 2425 pauca
2120 2347 2353 2408 offerunt
2390 2370 2403 2406 :
2436 2353 2551 2406 haec
2599 2359 2778 2404 autem
2811 2358 2975 2402 totam
3013 2350 3229 2401 domum
3268 2362 3396 2400 eva-

1821 2448 2023 2507 cuavit,
2071 2445 2312 2513 nihilque
2342 2443 2445 2498 sibi
2478 2441 2715 2509 reliquit.
2759 2440 2950 2494 Merito
2983 2439 3150 2509 igitur
3180 2439 3392 2509 dignior

1819 2550 1908 2595 est
1936 2553 2054 2607 quin
2102 2537 2374 2600 laudetur,
2406 2550 2566 2604 quam
2608 2534 2704 2588 illi.
2740 2533 3132 2588 lntellexerunt
3177 2533 3396 2601 quidam

1821 2646 2035 2688 omnem
2054 2630 2291 2684 animam
2315 2629 2506 2698 exponi
2525 2642 2683 2698 posse
2707 2636 2803 2695 per
2828 2626 3060 2690 viduam,
3080 2640 3197 2695 quae
3219 2626 3398 2692 priore

1821 2727 1960 2792 viro,
1997 2727 2099 2779 hoc
2146 2730 2249 2784 est,
2294 2719 2463 2775 veteri
2515 2719 2648 2788 lege,
2679 2718 2890 2780 relicto,
2928 2718 3163 2770 nondum
3216 2717 3397 2771 Verbo

1822 2819 1915 2875 Dei
1965 2816 2251 2887 copulata,
2311 2828 2451 2867 nunc
2518 2812 2623 2866 ista
2669 2825 2765 2880 pro
2813 2811 3115 2864 arrhabnne
3177 2808 3388 2872 atl‘erat,

1825 2910 1983 2966 [idem
2046 2918 2262 2964 tenuem
2318 2920 2381 2959 ac
2428 2920 2674 2974 parvam,
2723 2914 2774 2958 et
2827 2919 2922 2972 pro
2962 2918 3058 2955 sua
3110 2916 3395 2962 mensura,

1822 2999 2210 3057 conscientiam
2253 3011 2441 3065 puram
2476 2995 2699 3054 habens.
2739 3006 2793 3047 ut
2828 2993 3146 3062 simpliciter
3204 2992 3257 3044 in
3290 2992 3399 3044 vita

1822 3101 1877 3147 et
1908 3089 2150 3145 doctrina
2189 3095 2445 3157 appareat
2480 3085 2768 3155 inculpata.
2812 3083 2957 3154 Opus
2994 3083 3136 3138 enim
3169 3092 3251 3136 est
3275 3092 3396 3135 cum

1827 3183 1931 3236 ﬁde
1957 3190 2011 3236 et
2048 3182 2241 3236 bonam
2297 3176 2710 3237 conscientiam.
2744 3189 2838 3230 seu
2883 3176 3043 3227 vitam
3087 3183 3286 3227 rectam
3318 3172 3403 3225 af-

1824 3277 1966 3330 ferre
1999 3273 2074 3345 (α)
2103 3291 2117 3328 :
2149 3280 2204 3328 et
2232 3272 2379 3327 sisic
2405 3270 2693 3325 accesserit
2714 3269 2836 3338 quis
2868 3267 2934 3321 ad
2970 3268 3156 3331 Deum,
3187 3267 3400 3318 videtur

136 3336 319 3432 μείζω
339 3336 570 3414 πάντων
603 3358 785 3430 βαλεῖν
813 3336 1096 3413 δοκεῖ-τῶν
1126 3336 1184 3411 ἓν
1231 3356 1377 3429 λόγῳ
1424 3356 1717 3420 πλουσίων,

1828 3368 2045 3422 mittere
2094 3365 2218 3433 plus
2248 3362 2524 3422 omnibus.
2551 3361 2641 3431 qui
2676 3360 2978 3414 eruditione
3008 3366 3133 3414 sunt
3179 3357 3397 3421 divites,

133 3454 235 3505 καὶ
263 3448 484 3519 ἠθικαῖς
509 3448 817 3519 ἑλληνικαῖς
846 3448 1142 3519 περιττῶν.

216 3559 238 3592 ι
277 3539 388 3593 Καί
419 3555 583 3593 τινων
610 3538 880 3607 λεγόντων
917 3538 1046 3609 περὶ
1093 3537 1187 3591 τοῦ
1223 3536 1392 3607 ἰεροῦ,
1425 3538 1509 3591 ὅτι
1554 3537 1723 3600 λίθοις

136 3635 332 3696 καλοῖς
374 3633 469 3686 καὶ
512 3631 827 3704 ἀναθήμασι
875 3633 1237 3702 κεκόσμηται,
1278 3626 1399 3686 εἷπε
1425 3649 1439 3664 ο
1477 3630 1662 3686 Ταῦτα
1687 3630 1724 3686 ἃ

137 3725 426 3795 θεωρεῖτε,
465 3722 779 3777 ἐλεύσονται
807 3722 1033 3794 ἡμέραι,
1055 3724 1113 3775 ὲν
1142 3716 1231 3786 αἷς
1256 3722 1355 3776 οὐκ
1383 3722 1722 3791 ἀφεθήσεται

136 3816 292 3879 λίθος
317 3816 413 3870 ἐπὶ
460 3815 615 3884 λίθῳ,
642 3814 702 3879 ὃς
744 3815 807 3868 ού
838 3814 1291 3885 καταλυθήσεται.
1328 3812 1723 3885 Ἐπηρώτησαν

136 3908 197 3962 δὲ
219 3907 403 3973 αὐτὸν,
429 3906 675 3976 λέγοντες
691 3918 707 3938 δ
728 3906 1047 3969 Διδάσκαλε,
1065 3908 1195 3960 πότε
1216 3905 1310 3959 οῦν
1328 3905 1500 3959 ταῦτα
1528 3904 1721 3971 Errat;

138 4002 242 4055 καὶ
283 4001 338 4053 τί
376 4002 435 4054 τὸ
477 4000 723 4071 σημεῖον,
754 4000 884 4053 ὅταν
919 3999 1088 4070 μέλλῃ
1127 3998 1300 4052 ταῦτα
1344 3998 1621 4067 γίνεσθαιξ
1663 3980 1723 4053 '(l

137 4096 202 4150 δὲ
233 4090 391 4148 εἷπε’
424 4093 660 4146 Βλέπετε
693 4094 767 4164 μὴ
801 4092 1132 4162 πλανηθῆτε.
1171 4091 1359 4145 Πολλοί
1414 4092 1522 4160 γὰρ
1572 4090 1725 4144 ἐλεύ-

142 4201 331 4240 σονται
355 4185 448 4239 ἐπὶ
484 4184 564 4255 τῷ
595 4183 822 4253 ὀνόματί
861 4200 963 4254 μου
998 4182 1267 4249 λέγοντες,
1307 4183 1389 4237 ὅτι
1428 4181 1720 4252 Ἐγώείμι,

140 4277 243 4331 καὶ
273 4278 304 4330 ό
348 4274 538 4346 καιρὸς
571 4275 792 4346 ῆγγικε·
831 4275 905 4346 μὴ
933 4270 1026 4328 οὖν
1062 4274 1366 4346 πορευθῆτε
1415 4275 1590 4330 ὀπίσω
1628 4277 1721 4329 αὑ-

137 4367 275 4423 τῶν.
310 4368 481 4421 Ὅταν
524 4367 580 4420 δὲ
635 4366 905 4438 ἀκούσητε
956 4367 1246 4435 πολέμους,
1281 4365 1375 4419 καὶ
1414 4367 1725 4420 ἀκαταστα-

143 4460 294 4526 σίας,
325 4459 400 4529 μὴ
434 4459 730 4529 πτοηθῆτε.
753 4460 844 4512 Δεῖ
869 4458 977 4527 γὰρ
1016 4456 1191 4510 ταῦτα
1211 4455 1466 4524 γενέσθαι
1490 4456 1724 4526 πρῶτον,

143 4552 265 4604 ἀλλ’
282 4552 385 4604 οὐκ
410 4549 610 4614 εὐθέως
630 4550 692 4603 τὸ
718 4550 890 4613 τέλος.
913 4549 1045 4602 Τότε
1068 4548 1253 4616 ἔλεγεν
1275 4548 1457 4610 αὐτοῖς
1478 4559 1493 4578 ⁸
1531 4548 1723 4618 Ἐγερ-

1821 3468 1877 3512 et
1907 3456 2188 3527 gentilium
2217 3452 2508 3508 virtutibus
2538 3451 2839 3505 abundant.

1894 3543 2059 3600 Vens.
2093 3544 2246 3600 5-H.
2276 3562 2296 3595 ι
2324 3541 2388 3596 Ει
2421 3542 2739 3612 quibusdam
2773 3541 3078 3597 dicentibus
3106 3539 3170 3596 de
3198 3540 3397 3607 templo

1823 3638 1966 3706 quod
2027 3636 2271 3708 pulchris
2324 3635 2592 3706 lapidibus
2620 3648 2686 3689 ac
2718 3633 2878 3698 donis
2930 3642 3180 3688 ornatum
3234 3641 3398 3695 esset,

1823 3729 2001 3785 dixit:
2033 3730 2108 3784 Ex
2140 3730 2226 3784 his
2261 3743 2384 3798 quae
2433 3726 2652 3791 videtis,
2684 3728 2902 3781 venient
2957 3725 3076 3779 dies
3119 3726 3173 3778 in
3202 3726 3400 3795 quith

1825 3837 1929 3876 non
1965 3822 2300 3890 relinquetur
2323 3818 2462 3890 lapis
2487 3832 2651 3888 super
2682 3817 2916 3887 lapidem
2950 3817 3038 3883 qui
3075 3831 3178 3869 non
3213 3816 3398 3869 dirua—

1827 3923 1934 3969 tnr.
1970 3912 2446 3985 lnterrogaverunt
2496 3920 2676 3964 autem
2726 3911 2897 3975 illum,
2943 3910 3184 3963 dicentes
3213 3927 3224 3960 :
3253 3907 3401 3962 Prae-

1825 4016 2046 4077 ceptor,
2087 4006 2302 4075 quando
2327 4005 2440 4059 haec
2475 4003 2676 4059 erunt?
2705 4011 2756 4059 et
2778 4004 2920 4072 quod
2944 4003 3155 4071 signum
3186 4000 3401 4069 quando

1827 4098 1928 4152 ista
1973 4096 2157 4153 futura
2199 4096 2368 4154 sunt?
2392 4097 2463 4151 At
2493 4097 2582 4151 ille
2622 4095 2759 4150 dixit
2793 4113 2805 4149 :
2843 4093 3027 4150 Videte
3057 4108 3123 4146 ne
3167 4090 3399 4146 seducu-

1825 4190 1981 4245 mini.
2041 4188 2191 4247 Multi
2244 4189 2389 4244 enim
2448 4188 2666 4244 venient
2721 4188 2821 4242 sub
2874 4186 3089 4241 nomine
3147 4198 3267 4237 meo
3318 4183 3402 4235 di-

1827 4287 2009 4335 centes
2060 4294 2075 4332 :
2136 4278 2272 4348 Ego,
2328 4287 2382 4333 et
2442 4285 2659 4347 tempus
2701 4276 2867 4331 instat
2913 4294 2927 4330 :
2988 4288 3054 4328 ne
3094 4272 3260 4340 igitur
3315 4286 3405 4325 se-

1827 4372 2069 4443 quamini
2099 4372 2238 4429 illos.
2273 4372 2539 4427 Caeterum
2569 4386 2688 4426 cum
2719 4369 3002 4424 audieritis
3028 4367 3164 4421 bella
3193 4355 3247 4422 et
3271 4365 3407 4420 sedi-

1830 4466 2025 4529 tiones,
2055 4462 2225 4518 nolite
2261 4463 2475 4517 terreri.
2509 4460 2733 4529 Oportet
2759 4461 2902 4515 enim
2935 4460 3084 4529 prius
3119 4459 3233 4513 inec
3265 4457 3403 4520 ﬁeri,

1828 4557 1922 4611 sed
1967 4570 2076 4610 non
2106 4556 2293 4609 statim
2339 4554 2481 4608 linis.
2532 4554 2685 4607 Tune
2738 4552 2950 4607 dicebat
2991 4551 3134 4604 illis:
3165 4550 3406 4617 Insurget

145 4641 382 4713 θήσεται
428 4640 580 4706 ἔθνος
634 4641 728 4696 ἐπὶ
777 4640 951 4706 ἔθνος,
1005 4644 1100 4694 καὶ
1128 4639 1375 4710 βασιλεία
1426 4639 1519 4692 ἐπὶ
1572 4638 1719 4707 βασις

1833 4662 1966 4716 gens
2007 4655 2201 4704 contra
2251 4655 2487 4719 gentem,
2514 4657 2570 4700 et
2598 4659 2821 4713 regnum
2859 4644 3120 4697 adversus
3155 4653 3403 4710 regnum,

147 4734 328 4799 λείαν,
370 4731 585 4803 σεισμοί
632 4749 691 4786 τε
729 4732 954 4803 μεγάλοι
996 4733 1137 4785 κατά
1182 4731 1399 4794 τόπους,
1433 4731 1528 4783 καὶ
1555 4730 1725 4800 λιμοὶ,

147 4827 250 4882 καὶ
280 4825 459 4896 λοιμοὶ
492 4825 728 4890 ἔσονται,
763 4825 1014 4896 φόϐητρά
1043 4842 1123 4888 τε,
1151 4824 1245 4877 καὶ
1288 4826 1491 4895 σημεῖα
1518 4822 1612 4876 ἀπ’
1637 4824 1730 4876 οὺ-

147 4918 322 4991 ρανοῦ
360 4917 576 4988 μεγάλα
632 4918 806 4972 ἐσται.
845 4936 864 4969 ι
922 4918 1159 4981 Εἰκότως
1194 4919 1223 4971 ό
1253 4916 1454 4986 Κύριος
1509 4931 1724 4985 προφη-

149 5011 309 5064 τεύει
367 5010 622 5081 περὶτῆς
660 5009 1018 5080 Ἰερουσαλὴμ
1045 5008 1159 5070 νῦν,
1207 5008 1305 5063 ἆτε
1358 5007 1425 5077 δὴ
1481 5007 1619 5078 πρὸς
1661 5007 1724 5061 τδ

148 5103 559 5174 σταυρωθῆναι,
584 5104 708 5156 ὅσον
733 5102 905 5167 οὔπω,
933 5094 1029 5163 ὢν,
1067 5101 1133 5155 ἵν’
1169 5104 1388 5170 ἔχοιμεν
1417 5099 1513 5153 καὶ
1552 5100 1725 5153 ταῦτα

159 5197 244 5259 εἰς
283 5198 528 5268 μεγάλην
561 5197 840 5265 ἀπόδειξιν
864 5196 963 5251 τοῦ
1002 5194 1174 5265 ἀληθῆ
1203 5195 1335 5247 Θεὸν
1370 5190 1509 5248 εἶναι
1540 5195 1725 5249 αὐτόν.

152 5289 325 5342 Ὅθεν
377 5290 470 5342 καί
521 5307 683 5343 τινων
722 5289 1094 5344 ἐπαινούντων
1145 5289 1245 5350 τὰς
1292 5286 1581 5357 οἰκοδομὰς
1634 5286 1727 5341 τοῦ

152 5378 310 5452 ίεροῦ
343 5382 436 5433 καὶ
466 5380 536 5433 τὰ
567 5379 914 5452 ἀναθήματα·
935 5378 1092 5450 οἶμαι
1120 5361 1178 5433 δὲ
1198 5377 1264 5431 τὰ
1291 5379 1525 5450 τορευτὰ
1548 5382 1731 5434 ἐκεῖνα

1835 4751 1891 4795 et
1918 4750 2265 4796 terraemotus
2313 4732 2689 4810 magni'erunt
2720 4738 2771 4790 in
2797 4736 3028 4805 singulis
3058 4735 3214 4796 locis,
3244 4743 3298 4788 et
3323 4734 3406 4785 fa-

1839 4847 1953 4888 mes
1987 4846 2052 4887 ac
2083 4832 2426 4903 pestilentiae,
2478 4829 3028 4897 terriculamentaque
3056 4834 3109 4880 et
3146 4825 3294 4894 signa
3340 4824 3408 4877 de

1835 4923 1975 4979 coalo
2000 4938 2197 4990 magna
2229 4932 2406 4977 erunt.
2442 4937 2461 4973 ι
2485 4920 2678 4974 Merito
2715 4917 2971 4973 Dominus
3002 4915 3243 4987 praedicit
3267 4929 3409 4968 ntmc

1835 5015 1901 5069 de
1924 5013 2226 5069 Jerusalem
2275 5011 2650 5075 subversione,
2686 5009 2940 5080 quoniam
2986 5021 3152 5078 prope
3195 5016 3307 5059 erat
3346 5012 3410 5058 ut

1845 5095 2280 5176 cruciﬁgéretur,
2312 5113 2374 5158 ut
2405 5102 2477 5159 sit
2502 5114 2555 5157 et
2585 5103 2687 5158 hoc
2734 5115 2984 5170 magnum
3035 5106 3408 5165 argumentum

1835 5197 2012 5265 ipsum
2058 5210 2180 5251 esse
2230 5194 2419 5251 Deum.
2477 5195 2656 5258 Unde,
2703 5192 3023 5263 quibusdam
3063 5188 3410 5243 laudantith

1835 5299 2139 5345 structuras
2192 5288 2411 5358 templi,
2446 5297 2500 5343 et
2539 5298 2661 5358 qua:
2711 5286 2765 5340 in
2816 5285 2943 5341 illud
2989 5283 3171 5340 oblata
3207 5287 3405 5338 erant!

1836 5380 2035 5450 Opinor
2073 5390 2253 5437 autem
2284 5380 2437 5436 illum
2464 5380 2529 5435 de
2554 5380 2777 5450 sculptis
2804 5387 2859 5435 et
2888 5377 3118 5434 tornatis
3159 5375 3325 5447 loqui,
3351 5384 3410 5429 ut

1135 5543 1228 5603 Ex
1259 5540 1602 5603 collatione
1632 5537 1818 5606 codd.
1848 5540 2078 5602 Venet.
2116 5541 2178 5601 S.
2218 5535 2439 5601 Marci.

226 5656 339 5729 (10)
373 5656 540 5719 Codd.
568 5660 640 5719 26
669 5675 723 5720 et
747 5665 838 5730 52,
867 5660 1022 5719 Ἤτοι
1056 5662 1169 5734 βίον
1202 5663 1366 5733 ἔχειν.
1389 5665 1505 5722 καί.
1544 5662 1732 5734 ἁπλῶς

155 5735 357 5795 εἰπεῖν,
400 5735 549 5803 περί³
588 5753 646 5790 τε
701 5735 769 5789 τὰ
825 5733 1091 5803 δόγματα,
1133 5737 1225 5786 καὶ
1275 5734 1404 5803 περὶ
1453 5734 1544 5786 τὸν
1595 5733 1730 5803 βίον,

152 5802 521 5874 ἁδιάστροφόν
586 5806 894 5872 φαίνεσθαι.
932 5802 1071 5860 ⁷Καί
1135 5806 1183 5857 εἰ
1239 5802 1403 5870 οὕτω,
1457 5821 1511 5858 κ.
1564 5819 1615 5855 τ.
1672 5802 1726 5855 λ.

1838 5681 1858 5714 ι
1900 5660 2007 5716 Seu
2038 5663 2201 5715 vitam
2232 5660 2453 5723 habere,
2496 5675 2612 5727 seu,
2645 5670 2700 5714 nt
2733 5659 3031 5727 simplicius
3057 5658 3252 5719 dicam,
3287 5662 3401 5727 tum

1832 5734 1884 5786 in
1941 5736 2207 5796 doctrina,
2251 5741 2363 5785 tum
2416 5718 2467 5786 in
2512 5718 2755 5789 molibus
2797 5718 3004 5788 rectum
3039 5743 3182 5785 esse.
3234 5718 3298 5782 Et
3357 5718 3407 5797 εἰ

1827 5804 1927 5866 sic,
1971 5823 1989 5855 ι
2028 5813 2131 5858 etc.

227 5919 303 5977 (ai
335 5919 391 5973 ln
418 5918 537 5974 Edtt
593 5919 714 5977 Lnt.
739 5936 932 5977 sensus
964 5920 1287 5984 implicatus.
1314 5920 1519 5976 Desunt
1543 5918 1724 5982 verba,
1764 5935 1855 5975 seu
1880 5922 2034 5975 vitam
2062 5929 2251 5976 rectum
2287 5917 2500 5983 aliene.
