3932 6456
210 468 356 536 1053

923 479 1367 541 ENARBA’IIO
1407 485 1486 545 IN
1528 487 2030 551 EVANGELIUM
2066 494 2298 556 LUC/E.
2341 522 2407 533 —
2445 499 2602 563 CAP.
2638 494 2797 562 XXI.

3323 497 3460 562 1054

208 578 351 650 μηδέ
384 575 591 642 πάντας
622 577 758 650 ὁμοῦ
790 579 868 645 είς
901 583 957 634 ἓν
987 587 1356 657 συνηγμένους
1387 590 1513 652 τοὺς
1552 591 1770 645 ἀντικει‹

1897 597 2240 667 Silpivtttiatn,
2284 603 2354 657 ita
2394 607 2642 661 utetiam
2674 610 2717 662 si
2750 620 2940 663 omnes
2967 605 3265 661 adversarii
3303 610 3465 662 vestri

208 670 407 738 μένους
455 668 716 726 δύνασθαι
763 673 1078 744 ἀντιστῆναι
1128 678 1275 747 ὑμῖν,
1325 679 1448 733 οὔτε
1504 682 1644 737 κατὰ
1692 684 1792 754 τὴν

206 760 424 829 σοφίαν,
452 762 721 828 τουτέστι,
763 765 904 818 κατά
934 766 1033 835 τὴν
1070 768 1179 822 τῶν
1211 772 1498 840 νοημάτων
1531 772 1786 845 δύναμιν,

202 851 332 904 οῦτε
399 852 541 906 κατά
597 856 697 925 τὴν
754 858 1069 930 εὐστομίαν,
1121 861 1216 915 καὶ
1274 864 1334 916 τὸ
1380 865 1480 935 τῆς
1543 867 1789 938 γλώττης

202 943 582 1014 ἀπρόσκοπον.
624 948 894 1013 Πολλάκις
940 952 1048 1023 γάρ
1094 970 1177 1015 τις
1213 955 1403 1024 σοφίαν
1450 957 1549 1025 μὲν
1583 959 1695 1029 ἕχει
1734 961 1790 1014 ἐν

206 1034 514 1105 λογισμοῖς,
534 1114 535 1117 η
553 1040 649 1092 καὶ
674 1041 969 1110 νοήμασιν,
992 1044 1319 1115 εὐτάρακτος
1353 1047 1409 1100 δὲ
1432 1046 1507 1100 ὢν
1537 1051 1673 1119 πρὸς
1704 1051 1791 1103 00-

207 1124 431 1194 ρύόους,
455 1128 674 1197 συγχέει
701 1129 761 1181 τὸ
788 1132 895 1182 πᾶν
926 1132 982 1182 ἐν
1014 1133 1193 1202 καιρῷ
1224 1134 1285 1204 δη
1297 1138 1588 1205 μηγορίας.
1644 1139 1786 1193 Ἀλλ’

206 1213 359 1270 οὗτοί
399 1235 483 1286 γε,
518 1222 565 1271 οἱ
599 1221 887 1272 ἀπόστολοι
929 1221 1094 1288 λέγω,
1130 1227 1248 1277 κατ’
1280 1227 1569 1297 ἀμφότερα
1605 1230 1789 1299 ἐχαρι-

199 1312 478 1381 τώθησαν,
512 1312 632 1365 ὅθεν
675 1304 771 1367 καλ.
808 1314 1197 1386 ἐξεπλήττοντο
1223 1321 1350 1384 τους
1392 1323 1489 1391 μὲν
1528 1325 1656 1394 περὶ
1686 1325 1787 1378 Πέ-

196 1418 332 1472 τρον
380 1403 474 1455 καὶ
518 1402 769 1473 Ἰωάννην
821 1405 870 1456 οἱ
925 1405 1088 1475 ἱερεῖς
1146 1408 1242 1460 ἐπὶ
1270 1411 1334 1479 τῇ
1387 1409 1559 1483 ἀθρόᾳ
1601 1414 1782 1483 σοφίᾳ,

198 1494 752 1566 καταλαμϐανόμενοι
803 1496 1033 1560 αὐτοὺς.
1107 1498 1188 1552 ὅτι
1254 1502 1519 1575 πρότερον
1577 1505 1785 1559 ἰδιῶται

194 1579 385 1656 ἦσαν⁹
439 1587 530 1640 τὸν
594 1587 653 1641 δὲ
713 1587 925 1639 Παῦλον
974 1589 1002 1641 ὀ
1052 1589 1260 1658 Φῆστος
1308 1591 1514 1660 λέγων’
1577 1595 1781 1668 Μαίνῃ,

193 1676 404 1742 Παῦλε,
425 1677 495 1731 τὰ
513 1677 683 1733 πολλά
699 1696 758 1732 σε
785 1681 1089 1751 γράμματα
1113 1684 1192 1745 είς
1222 1685 1420 1753 μανίαν
1440 1687 1780 1758 περιτρέπει.

190 1766 388 1822 Ταῦτα
415 1769 605 1835 είπὼν,
641 1770 854 1824 καὶτὸν
895 1774 985 1825 ἐπὶ
1020 1776 1087 1843 τῇ
1127 1772 1372 1846 ἀμαθιεία
1408 1775 1571 1844 φόϐον
1602 1777 1784 1832 αὐτῶν

192 1859 531 1926 ὑπεκλύσας,
563 1862 814 1933 ἐπιφέρει
844 1865 937 1916 καὶ
970 1858 1155 1933 ἕτερον
1181 1867 1498 1935 ἀναγκαῖον,
1534 1869 1630 1922 καὶ
1662 1872 1777 1923 ίκα-

190 1949 290 2003 νὺν
319 1951 858 2022 κατασείσαιψυχάς,
886 1953 965 2014 τὸ,
999 1955 1445 2027 Παραδοθήσεσθε
1464 1958 1574 2012 ὑπὸ
1602 1960 1774 2027 φίλων
1814 1938 1854 1991 Β

188 2041 294 2094 καὶ
332 2041 628 2108 συγγενῶν.
677 2042 944 2114 [Ιρολέγει
988 2045 1121 2112 γοῦν
1164 2048 1258 2100 καὶ
1289 2049 1416 2121 περὶ
1444 2052 1660 2115 τούτου,
1692 2051 1779 2103 ἴνα

190 2132 277 2201 μὴ
323 2132 517 2201 ἀθρόον
554 2132 800 2196 ἐπελθὸν,
839 2135 1140 2207 διαταράξη
1172 2137 1391 2201 αὐτούς.
1434 2140 1618 2192 Δεινδν
1670 2141 1778 2208 γὰρ

184 2223 353 2277 τοῦτο
371 2224 548 2296 ψυχῆς
570 2226 910 2293 καθικέσθαι,
939 2228 1012 2292 ῶς
1032 2231 1124 2282 καὶ
1147 2231 1309 2282 Δαυΐό
1336 2247 1519 2300 φησιν,
1545 2233 1629 2284 ὅτι
1669 2251 1688 2283 ι
1717 2232 1779 2284 Εἰ

184 2320 216 2370 ὁ
245 2317 440 2388 ἐχθρὸς
479 2319 720 2373 ὠνείδισέ
752 2339 843 2390 με,
876 2322 1164 2392 ὑπήνεγκα
1204 2324 1269 2378 ἄν
1292 2339 1305 2353 ⁸
1346 2324 1410 2378 σὺ
1442 2324 1498 2378 δὲ
1526 2324 1779 2396 ἄνθρωπε

192 2404 441 2479 ἰσόψυχε.
476 2430 496 2463 ι
535 2412 643 2464 Ka‘.
667 2411 879 2467 ιπάλιν’
918 2430 935 2463 ι
983 2413 1041 2466 ’0
1071 2413 1266 2468 ἐσθίων
1285 2416 1479 2484 ἄρτους
1510 2433 1611 2485 μου
1647 2418 1777 2487 ἐμε-

186 2487 430 2570 γάλυνεν
469 2500 555 2555 ἐπ’
598 2503 697 2573 ἐμὲ
741 2505 1097 2574 πτερνισμόν.
1140 2524 1158 2556 ι
1194 2505 1382 2559 Ταῦτα
1436 2506 1631 2571 εἰπὼν,
1684 2510 1778 2561 καὶ

186 2594 280 2648 ὃτι
325 2595 743 2664 μισηθήσονται,
773 2598 870 2650 καὶ
915 2585 996 2650 ὅτι
1028 2597 1501 2670 θανατωθήσονταί
1545 2617 1690 2664 τινες
1719 2602 1777 2668 ἐξ

187 2686 400 2750 αὐτῶν,
427 2688 678 2758 ἐπιφέρει
707 2690 805 2761 τὴν
831 2693 1100 2762 μεγίστην
1123 2693 1499 2764 παραμυθίαν,
1531 2696 1611 2747 ὃτι
1641 2693 1777 2766 Θρὶξ

185 2780 260 2831 ἐκ
286 2777 386 2849 τῆς
423 2778 665 2848 κε-,οαλῆς
705 2780 858 2850 ὑμῶν
891 2781 950 2834 οὐ
1010 2782 1086 2854 μὴ
1135 2784 1423 2855 ἀπόληται.
1457 2785 1775 2856 Σωθήσεσοε

185 2872 325 2941 γὰρ,
352 2874 506 2942 φησὶ,
536 2873 631 2925 καὶ
669 2873 790 2926 οὐδὲ
820 2874 882 2926 τὸ
913 2874 1194 2944 ἐλάχιστον
1228 2876 1381 2946 ὑμῶν
1408 2876 1773 2949 διαφθαρήσε-

184 2980 308 3028 ται,
352 2965 403 3017 εί
444 2965 537 3018 καὶ
585 2964 728 3029 δόξει
778 2968 887 3030 τοῖς
926 2968 1537 3040 πολλοῖς“διαιρθαρῆναι
1563 2985 1575 2998 ⁸
1616 2972 1774 3041 μόνον

186 3052 482 3121 ὑπομένειν
517 3052 632 3106 δεῖ·
680 3054 777 3108 καὶ
810 3055 919 3126 γὰρ
950 3060 1007 3108 ἐν
1040 3059 1106 3127 τῇ
1140 3058 1384 3131 ὑπομονῇ
1419 3060 1650 3114 κτᾶσθαι
1686 3061 1772 3113 δυ-

181 3143 420 3214 νήσεσθε
472 3143 569 3208 τὰς
625 3143 803 3215 ψυχὰς
866 3146 1041 3216 ὑμῶν.
1112 3149 1368 3220 Πρόσεισι
1431 3150 1533 3222 μὲν
1588 3152 1697 3223 γὰρ
1743 3154 1772 3206 ό

182 3232 406 3302 ἐχθρὸς,
446 3229 535 3288 οἶά
574 3252 656 3297 τις
704 3237 1172 3311 αίχμαλωτιστὴς,
1232 3240 1330 3304 τὰς
1376 3241 1554 3313 ψυχὰς
1614 3244 1768 3315 ὑμῶν

181 3325 276 3378 διὰ
303 3324 405 3394 τῆς
429 3326 723 3397 ἐπαγωγῆς
757 3329 864 3380 τῶν
893 3329 1084 3382 δεινῶν
1118 3331 1466 3402 ἀφαρπάζειν
1492 3333 1768 3404 πειρώμε-

180 3432 299 3481 νος,
341 3416 455 3470 ἀλλ’
486 3416 645 3488 ὑμεῖς
682 3417 799 3471 δότε
844 3421 965 3474 ἀντὶ
1010 3421 1275 3494 ἀργυρίου
1324 3423 1424 3496 τὴν
1460 3425 1764 3497 ὑπομονὴν,

180 3507 284 3561 καὶ
307 3507 580 3577 κτήσασθε
628 3507 728 3572 τὰς
777 3510 957 3582 ψυχὰς
1014 3513 1169 3584 ὑμῶν
1214 3514 1390 3587 τούτῳ
1441 3515 1520 3588 τῷ
1570 3518 1768 3572 ἀνταλ-

179 3600 454 3670 λὰγματι,
486 3601 583 3653 καὶ
615 3601 675 3655 οὐ
716 3601 1138 3673 ζημιωθήσεσθε
1167 3605 1388 3671 ταύτας.
1424 3608 1671 3679 Πρόσχες
1709 3610 1767 3663 δὲ

177 3693 247 3747 τὸ
278 3691 691 3747 Θανατὼσουσιν
712 3691 772 3757 ἐξ
799 3693 969 3764 ὑμῶν·
1001 3697 1216 3769 νοήσεις
1238 3700 1346 3769 γὰρ
1371 3686 1669 3772 βαθύτερόν
1693 3719 1763 3765 τι,

178 3786 271 3841 ὅτι
341 3787 456 3857 Οὐχ
526 3787 854 3859 ὁλοκλήρους
919 3788 1063 3859 ὑμᾶς
1123 3792 1560 3861 θανατώσουσιν,
1628 3793 1767 3849 ἀλλὰ

177 3879 390 3935 διπλῶν
433 3879 601 3934 όντων
634 3880 808 3951 ὑμῶν,
843 3882 908 3934 ἐκ
939 3864 1117 3952 (ψυχῆς
1145 3886 1239 3939 καὶ
1289 3885 1561 3956 σώματος,
1597 3888 1657 3941 οὐ
1695 3889 1765 3941 τὰ

177 3974 278 4027 δύο
308 3970 728 4041 θανατώσουσιν,
764 3975 879 4030 ἀλλ’
915 3976 974 4044 ἐξ
1013 3976 1167 4047 ὑμῶν
1194 3979 1255 4030 τὸ
1280 3978 1338 4031 ἓν
1369 3979 1762 4048 θανατώσουσι,

176 4066 244 4119 τὸ
265 4065 428 4135 σῶμά
456 4082 620 4137 φημι.
642 4066 741 4130 τὰς
779 4068 835 4122 δὲ
866 4069 1043 4140 ψυχὰς
1073 4068 1226 4141 ὑμῶν
1249 4071 1521 4142 κτήσασθε
1556 4073 1642 4128 διὰ
1662 4075 1764 4145 τῆς

181 4158 465 4228 ὑπομονῆς
498 4175 512 4190 ·
540 4159 570 4212 ὃ
599 4160 692 4215 καὶ
733 4162 965 4234 ἀλλαχοῦ
1001 4180 1133 4232 φησι
1155 4183 1168 4196 ο
1203 4163 1296 4233 Μὴ
1346 4165 1598 4234 φοϐεῖσθε
1653 4170 1762 4223 ἀπὸ

176 4252 294 4306 τῶν
328 4253 736 4308 ἀποκτενόντων
763 4254 825 4308 τὸ
854 4254 1034 4326 σῶμα,
1061 4255 1161 4327 τὴν
1197 4256 1255 4309 δέ
1295 4256 1472 4329 ψυχὴν
1502 4258 1578 4330 μὴ
1602 4258 1763 4313 δυναί-

182 4344 366 4413 μένων
394 4344 735 4399 ἀποκτεῖναιδ

260 4454 281 4488 ι
311 4436 478 4490 Ὅταν
500 4436 557 4491 δὲ
581 4436 725 4507 ἴδητε
752 4437 1126 4510 κυκλουμένην
1152 4439 1251 4509 τὴν
1282 4440 1761 4515 Ἰερουσαλὴμύπδ

176 4530 294 4585 τῶν
333 4529 732 4600 στρατοπέδων,
775 4531 898 4585 τότε
941 4532 1139 4600 γνῶτε,
1179 4533 1260 4587 ὅτι
1290 4536 1518 4606 ἤγγικεν
1551 4538 1584 4608 ή
1631 4538 1761 4608 ἐρή-

1895 691 1948 745 in
1986 709 2152 748 unum
2197 695 2358 751 simul
2409 710 2824 771 congregemur.
2871 716 2981 755 non
3030 709 3282 769 poterunt
3321 701 3471 755 rubis

1894 785 2170 850 resiStere,
2200 803 2374 859 neque
2408 806 2503 859 per
2539 793 2880 861 sapientiam,
2924 793 3031 848 hoc
3068 801 3175 857 est,
3211 805 3465 846 sensuum

1892 876 2022 942 vim,
2065 892 2240 947 neque
2284 895 2377 950 per
2405 882 2795 952 eloquentiam,
2836 893 2891 938 et
2942 884 3136 953 lingua:
3185 883 3469 937 certitudi-

1892 983 2035 1022 nem.
2062 968 2215 1041 Saepe
2235 974 2377 1026 enim
2401 976 2520 1043 quis
2550 976 2712 1029 habet
2737 975 3058 1044 sapientiam
3088 975 3139 1028 in
3169 975 3467 1029 rationibus

1890 1069 1947 1114 et
1976 1064 2250 1132 sensibus,
2281 1066 2333 1120 in
2375 1067 2691 1127 tumultibus
2721 1077 2899 1121 tamen
2931 1082 3052 1121 cum
3084 1067 3243 1122 facile
3280 1067 3466 1122 turbe-

1892 1162 1994 1218 tur,
2016 1154 2294 1211 confundit
2316 1159 2494 1212 omnia
2519 1174 2639 1213 cum
2668 1158 2957 1213 dicendum
2983 1168 3067 1212 est
3096 1158 3161 1210 ad
3189 1158 3461 1227 populum.

1888 1241 1952 1295 lii
1986 1254 2190 1310 autem,
2217 1247 2441 1315 apostoli
2480 1248 2619 1314 dico,
2654 1248 2708 1302 in
2757 1258 2987 1317 utroque
3015 1246 3241 1318 gratiam
3270 1262 3463 1302 conse-

1888 1337 1997 1391 cuti
2042 1348 2191 1393 suut.
2231 1339 2383 1395 Unde
2414 1342 2810 1411 obstupuerunt
2848 1344 3159 1397 sacerd0tes
3201 1344 3267 1396 de
3302 1339 3467 1396 Petro

1887 1438 1942 1482 et
1991 1425 2197 1484 Joanne
2223 1431 2291 1485 ob
2321 1430 2643 1487 immensam
2675 1431 3021 1502 sapientiam,
3061 1434 3192 1489 dum
3223 1448 3467 1503 c0mpre-

1888 1518 2187 1574 [mutitarent
2224 1536 2338 1586 eos,
2362 1536 2467 1589 qua
2501 1524 2651 1592 prius
2676 1525 2953 1581 carebant.
2977 1523 3149 1581 Paulo
3182 1540 3311 1579 vero
3339 1524 3467 1579 dicit

1885 1610 2076 1665 Festus
2102 1631 2115 1666 :
2145 1610 2373 1679 Insanis,
2396 1612 2584 1680 Paule,
2604 1616 2783 1670 multa:
2806 1625 2857 1671 te
2885 1616 3077 1671 littera:
3103 1619 3167 1670 ad
3195 1616 3462 1669 insaniam

1883 1703 2154 1771 redigunt.
2178 1701 2243 1756 Et
2266 1718 2387 1759 cum
2414 1707 2745 1762 excussisset
2773 1707 3019 1762 timorem
3050 1709 3265 1764 illorum
3296 1722 3456 1776 quem

1884 1806 1949 1847 ex
1982 1794 2249 1862 imperitia
2289 1795 2575 1861 habebant,
2608 1796 2791 1850 Sttbtiil.
2823 1808 2877 1852 ct
2916 1797 3060 1853 aliud
3094 1800 3458 1853 necessarium

1884 1891 1937 1937 et
1970 1882 2201 1936 validum
2233 1884 2298 1937 ad
2346 1884 2731 1939 concutiendas
2766 1887 2978 1942 animas
3007 1903 3021 1941 :
3052 1886 3359 1941 'l‘rademini
3391 1890 3459 1941 ab

1885 1972 2070 2026 amicis
2111 1979 2164 2028 et
2197 1976 2460 2043 cognatis.
2493 1974 2742 2030 Prmdicit
2768 1976 2931 2045 igitur
2950 1986 3005 2030 et
3037 1976 3103 2032 de
3144 1979 3264 2045 hoc,
3299 1987 3359 2031 υι
3394 1994 3459 2030 ne

1883 2079 2008 2119 cum
2039 2065 2140 2120 hoc
2167 2067 2344 2121 subito
2370 2068 2667 2138 contingat,
2695 2069 3003 2122 turbentur.
3038 2068 3289 2124 Graviter
3313 2070 3455 2123 eniut

1884 2156 1987 2211 hoc
2019 2157 2250 2211 animam
2279 2159 2507 2225 cruciat,
2532 2160 2673 2213 sicut
2701 2170 2754 2214 et
2776 2158 2943 2213 David
2966 2160 3096 2213 dicit
3129 2177 3142 2213 :
3172 2177 3192 2212 ι
3226 2161 3376 2226 Quod
3412 2162 3455 2216 si

1881 2246 2133 2303 inimicus
2169 2264 2319 2304 meus
2354 2250 2719 2305 maledixisset
2754 2251 2907 2314 mihi,
2941 2252 3317 2306 sustinuissent
3357 2255 3459 2307 uti-

1882 2354 1985 2407 que
2013 2358 2028 2399 :
2061 2349 2114 2394 tu
2141 2349 2316 2395 autem
2351 2343 2511 2397 homo
2535 2344 2806 2398 unanimis
2831 2343 2901 2408 “,
2936 2362 2957 2395 ι
2983 2353 3087 2398 etc.
3118 2343 3182 2396 Et
3215 2344 3410 2399 iterum
3438 2362 3452 2399 :

1887 2448 1906 2481 ι
1944 2430 2043 2497 Qui
2069 2433 2302 2487 comedit
2333 2448 2498 2502 panes
2531 2449 2679 2488 meos
2698 2449 2933 2502 mecum,
2964 2437 3329 2503 magniﬁcavit
3359 2452 3456 2491 su-

1879 2541 1974 2595 per
1992 2541 2078 2581 me
2106 2528 2593 2597 supplantationem
2617 2527 2681 2582 ι’.
2711 2544 2730 2581 ι
2762 2528 2896 2582 Cum
2919 2529 3143 2583 dixisset
3163 2531 3302 2598 quod
3333 2531 3458 2584 odio

1879 2618 2110 2673 habendi
2157 2626 2213 2674 et
2261 2620 2399 2687 quod
2436 2620 2713 2675 occidendi
2762 2630 2944 2675 essent
2974 2619 3198 2698 quidam
3246 2634 3310 2677 ex
3351 2621 3455 2685 eis,

1883 2705 2067 2760 subdit
2107 2708 2395 2763 maximam
2431 2710 2855 2764 consolationem
2878 2725 2892 2763 :
2915 2710 3149 2779 Capillus
3182 2712 3247 2797 de
3281 2712 3457 2779 capite

1840 2862 1845 2869 ί
1879 2806 2055 2851 vestro
2074 2812 2177 2853 non
2204 2799 2417 2868 peribit.
2437 2798 2789 2855 Salvabimini
2813 2802 2981 2866 enim,
3002 2802 3193 2871 inquit,
3213 2814 3262 2858 et
3284 2818 3456 2873 neque

1877 2890 2159 2945 minimunt
2199 2892 2453 2961 quiddam
2501 2894 2553 2948 in
2603 2893 2757 2949 vobis
2805 2905 3209 2965 corrumpetur,
3240 2898 3455 2953 etiamsi

1879 2983 2126 3037 videatur
2160 2984 2344 3039 multis
2392 2986 2687 3057 corrumpi.
2732 2985 2964 3043 Tantum
3013 2989 3156 3044 ferre
3185 3000 3395 3059 oportet
3430 3010 3443 3045 :

1874 3088 1972 3145 per
2017 3074 2328 3142 patientiam
2377 3077 2518 3130 enim
2569 3077 2918 3145 possidebitis
2967 3064 3180 3136 animas
3216 3092 3450 3137 vestras.

1873 3162 2006 3218 Nam
2036 3164 2289 3221 inimicus
2314 3166 2532 3235 quidem
2562 3166 2769 3223 invadit
2800 3183 2896 3224 ceu
2926 3169 3116 3233 hostis,
3156 3170 3206 3222 in
3231 3170 3455 3238 captivi-

1877 3268 2036 3312 tatem
2059 3258 2319 3314 ducturus
2337 3259 2547 3314 animas
2568 3268 2800 3329 vestras,
2819 3271 2873 3316 et
2897 3271 3068 3317 teutat
3091 3278 3184 3331 per
3203 3263 3451 3317 aliIn-tio-

1874 3366 1966 3406 nes
2004 3365 2190 3420 rapere
2222 3368 2236 3406 :
2270 3353 2363 3408 sed
2407 3367 2503 3408 vos
2538 3354 2660 3408 date
2698 3370 2795 3423 pro
2842 3356 3066 3424 pecunia
3097 3356 3441 3425 patientiam,

1869 3448 1925 3494 et
1955 3440 2305 3507 possidebitis
2320 3441 2535 3497 animas
2558 3454 2765 3498 vestras
2790 3446 2891 3499 bac
2912 3447 3376 3516 compensatione,
3399 3457 3452 3501 ct

1869 3532 2006 3587 nihil
2031 3533 2182 3588 vobis
2208 3534 2389 3588 damni
2432 3535 2536 3589 erit
2580 3537 2632 3589 in
2674 3536 2798 3591 illis.
2829 3538 3063 3593 Attende
3102 3549 3278 3594 autem
3310 3539 3453 3609 quod

1869 3626 2021 3690 dicit,
2050 3624 2225 3680 Morte
2260 3625 2490 3683 alliciant
2530 3642 2597 3683 ex
2633 3629 2828 3685 vobis:
2861 3629 3124 3700 intelliges
3155 3632 3299 3687 enim
3327 3648 3453 3702 pro-

1869 3714 2088 3772 fundius
2104 3718 2380 3788 quiddam,
2397 3720 2519 3790 quia
2537 3719 2654 3775 Non
2678 3720 2916 3792 integros
2944 3739 3037 3778 vos
3061 3725 3301 3780 occident
3324 3741 3340 3780 :
3358 3725 3453 3780 sed

1869 3826 1990 3865 cum
2014 3827 2078 3866 ex
2098 3813 2305 3867 duobus
2328 3815 2466 3881 sitis,
2491 3816 2740 3871 animaet
2760 3832 3007 3885 corpore,
3024 3832 3129 3872 non
3156 3828 3448 3887 utrumque

1869 3913 2041 3957 morte
2069 3904 2327 3969 allicient,
2355 3905 2450 3958 sed
2482 3918 2644 3959 unum
2673 3920 2738 3959 ex
2770 3906 2921 3961 vobis
2944 3906 3219 3970 occident,
3253 3921 3451 3976 corpus

1864 3996 2008 4060 dico,
2057 3995 2267 4050 animas
2301 4004 2479 4050 autem
2544 4006 2755 4053 vestras
2801 3996 3148 4067 possidebitis
3196 4012 3289 4066 per
3339 4014 3449 4067 pa-

1866 4085 2108 4140 tientiam
2137 4102 2153 4141 :
2187 4086 2331 4155 quod
2381 4095 2435 4141 et
2466 4086 2592 4141 alibi
2640 4090 2772 4145 dicit
2803 4109 2816 4144 :
2848 4088 2929 4144 Ne
2984 4091 3220 4145 li‘meatis
3265 4090 3330 4145 ab
3364 4091 3446 4144 bis

1864 4176 1954 4245 qui
1987 4175 2239 4230 occidunt
2273 4189 2493 4246 corpus,
2548 4179 2784 4236 animam
2829 4191 3009 4237 autem
3052 4183 3302 4238 occidere
3338 4197 3445 4238 non

1867 4278 2141 4340 poterunt.

1933 4456 2100 4514 Vens.
2139 4452 2334 4515 εει-27.
2368 4477 2389 4512 ι
2433 4461 2565 4514 Cum
2609 4470 2788 4516 autem
2837 4460 3085 4516 videritis
3113 4461 3443 4516 circumdari

1861 4546 1931 4601 ab
1963 4548 2293 4603 exercitibus
2335 4546 2657 4616 Jerusalem,
2692 4560 2821 4605 tunc
2854 4552 3047 4606 scitote
3079 4552 3220 4620 quod
3267 4552 3445 4604 immis-

181 4639 359 4693 μωσις
393 4621 584 4692 αὐτῆς.
609 4623 740 4676 Τότε
766 4623 815 4677 oi
840 4625 898 4678 ἐν
941 4627 1007 4696 τῇ
1042 4624 1271 4697 Ἰουδαίᾳ
1306 4628 1658 4695 φευγέτωσαν
1680 4631 1759 4695 είς

1875 4649 1989 4694 neat
2018 4640 2279 4695 desolatio
2301 4640 2442 4711 ejus.
2469 4639 2625 4695 Tunc
2643 4641 2735 4709 qui
2761 4642 2814 4695 in
2842 4639 3024 4696 Judaea
3051 4651 3196 4705 sunt,
3226 4639 3440 4709 fugiant

175 4715 247 4768 τὰ
272 4713 398 4784 δρη.
429 4715 522 4767 καὶ
546 4714 596 4767 οἱ
635 4717 692 4769 ὲν
721 4718 872 4788 μέσῳ
895 4718 1087 4787 αὐτῆς,
1118 4719 1550 4789 ἐκχωρείτωσαν.
1586 4721 1695 4774 Καὶ
1714 4721 1764 4773 ei

174 4807 239 4860 ἐν
289 4808 410 4870 ταῖς
456 4806 681 4878 χώραις,
731 4810 806 4879 μὴ
856 4810 1292 4882 εἰσερχέσθωσαν
1341 4812 1420 4876 εἰς
1458 4812 1646 4883 αὐτὴν,
1677 4815 1760 4867 ὅτι

173 4898 387 4969 ἡμέραι
441 4899 772 4971 ἐκδικήσεως
838 4896 998 4957 αὗταί
1062 4905 1190 4970 sict,
1252 4902 1348 4957 τοῦ
1407 4904 1759 4975 πληρωθῆναι

171 4990 363 5046 πάντα
384 4990 453 5044 τὰ
473 4993 859 5063 γεγραμμένα.
878 4994 1014 5047 Οὑαλ⁸
1037 4997 1155 5058 ταῖς
1178 4997 1235 5049 ἐν
1254 4996 1458 5066 γαστρὶ
1484 4996 1755 5065 ἐχούσαις,

172 5083 278 5139 καὶ
307 5084 425 5147 ταῖς
450 5083 811 5154 θηλαζούσαις
830 5088 888 5138 ἐν
916 5086 1152 5149 ἐκείναις
1173 5091 1295 5151 ταῖς
1321 5088 1578 5158 ἡμέραις,
1603 5089 1758 5143 Ξσται

170 5177 289 5247 γὰρ
332 5175 543 5246 ἀνάγκη
593 5175 801 5246 μεγάλη
832 5177 925 5231 ιπι
958 5177 1060 5247 τῆς
1090 5177 1216 5248 γῆς,
1264 5181 1359 5234 καὶ
1392 5178 1530 5251 ὀργὴ
1582 5181 1642 5233 έν
1678 5179 1757 5251 τῷ

169 5265 293 5336 λαῷ
335 5265 532 5336 τούτῳ,
587 5266 685 5320 καὶ¹
724 5267 1013 5321 πεσοῦνται
1058 5269 1286 5339 στόματι
1328 5273 1622 5343 μαχαίρας,
1659 5273 1757 5327 καὶ

168 5356 780 5429 αίχμαλωτισθήσονται
814 5360 894 5422 είς
924 5359 1190 5414 πάντατὰ
1217 5361 1364 5431 ἔθνη,
1413 5365 1507 5416 καὶ
1553 5365 1756 5437 Ἰερου-

170 5448 360 5518 σαλὴμ
386 5448 540 5505 ἔσται
566 5450 887 5525 πατουμένη
916 5450 1022 5504 ὑπὸ
1045 5451 1237 5519 ἐθνῶν,
1261 5452 1389 5524 ἄχρι
1415 5455 1750 5526 πληρωθῶσι

167 5541 357 5612 καιροὶ
380 5540 570 5597 ἐθνῶν.
588 5544 700 5596 Καὶ
730 5542 888 5596 ἔσται
908 5546 1109 5613 σημεῖα
1136 5545 1193 5597 ἐν
1221 5544 1377 5615 ἡλίῳ,
1404 5546 1499 5599 καὶ
1525 5547 1744 5620 σελήνῃ,

170 5634 270 5689 καὶ
303 5630 543 5705 ἄστροις,
604 5633 698 5687 καὶ
756 5635 848 5686 ἐπὶ
897 5634 1000 5704 τῆς
1050 5635 1160 5704 γῆς
1215 5639 1411 5708 συνοχή
1464 5638 1654 5705 ἐθνῶν,
1688 5643 1746 5694 ἐν

168 5729 378 5801 ἀπορίᾳ
401 5728 643 5801 ήχούσης
669 5729 967 5802 θαλάσσης,
1001 5731 1096 5785 καὶ
1125 5731 1310 5799 σάλου,
1354 5732 1744 5805 ἀποψυχόντων

255 5908 302 5943 ⁸⁸
379 5908 525 5966 Psal.
576 5926 684 5978 uv,
733 5910 819 5980 t5,
853 5912 935 5968 Η.
1015 5913 1230 5970 "Psal.
1271 5931 1358 5986 ιι,
1388 5916 1474 5971 10»

1861 4732 1928 4786 ad
1966 4741 2174 4787 montes
2228 4750 2244 4787 :
2294 4743 2348 4789 et
2386 4733 2478 4802 qui
2531 4733 2583 4787 in
2632 4733 2811 4787 medio
2841 4734 2979 4802 ejus,
3019 4733 3298 4787 discedant
3330 4750 3347 4789 :
3389 4740 3443 4786 et

1860 4826 1953 4894 qui
1990 4825 2043 4879 in
2070 4825 2400 4894 regionibus,
2426 4838 2534 4879 non
2568 4826 2772 4879 intrent
2806 4827 2857 4880 in
2885 4842 3027 4891 eam,
3056 4827 3180 4894 quia
3206 4826 3321 4879 dies
3355 4823 3437 4877 ul-

1860 4916 2024 4971 tionis
2070 4917 2290 4979 hisunt,
2347 4927 2407 4971 ut
2460 4916 2788 4986 impleantur
2836 4917 3018 4971 omnia
3067 4931 3188 4985 qua:
3241 4917 3443 4985 scripta

1858 5015 2006 5061 sunt.
2044 5006 2131 5062 Vae
2161 5018 2339 5062 autem
2389 5007 2816 5078 praegnantibus,
2844 5018 2899 5062 et
2927 5023 3162 5062 mamma
3190 5007 3438 5061 nutriens

1860 5098 2003 5152 tibus
2029 5098 2083 5153 in
2113 5099 2217 5154 illis
2241 5099 2451 5155 diebus.
2478 5098 2594 5154 Erit
2625 5100 2769 5154 enim
2803 5098 3023 5154 :tlllietio
3048 5113 3238 5168 magna
3271 5106 3436 5167 super

1858 5200 2058 5245 terram
2083 5200 2141 5247 et
2172 5192 2251 5246 ira
2275 5192 2328 5246 in
2351 5192 2548 5263 populo
2573 5192 2693 5257 hoc,
2719 5201 2774 5248 et
2798 5194 2995 5248 cadent
3035 5193 3088 5245 in
3119 5207 3214 5246 ore
3254 5191 3438 5261 gladii,

1853 5290 1908 5334 et
1945 5280 2143 5349 captivi
2173 5280 2438 5336 ducentur
2482 5282 2535 5336 in
2566 5296 2763 5337 omnes
2796 5268 3096 5350 gentes,'et
3134 5280 3434 5336 Jerusalem

1854 5369 2154 5427 ealeabitur
2170 5386 2199 5425 a
2223 5372 2490 5442 gentibus,
2514 5373 2682 5429 donec
2701 5372 3024 5443 impleantur
3043 5384 3283 5443 tempora
3305 5387 3437 5443 gena

1860 5465 2018 5518 tium.
2050 5452 2210 5535 461
2264 5463 2330 5519 Et
2356 5473 2514 5518 erunt
2566 5466 2719 5535 signa
2766 5451 2831 5520 in'
2888 5464 3024 5529 sole,
3084 5476 3140 5520 et
3196 5465 3343 5528 luna,
3373 5468 3430 5518 et

1859 5554 2056 5619 stellis,
2084 5566 2140 5609 et
2188 5555 2243 5609 in
2279 5556 2442 5610 terris
2481 5557 2726 5610 anxietas
2763 5556 3004 5625 gentium
3035 5569 3134 5626 per
3171 5554 3447 5633 desperas.

1859 5647 2081 5711 tionem,
2131 5656 2419 5702 resonante
2454 5650 2589 5702 mari
2624 5657 2675 5702 et
2720 5647 2907 5713 ﬂuctu,
2942 5644 3423 5704 extabescentibus

1855 5738 2167 5797 hominibus
2198 5755 2307 5811 prae
2339 5740 2552 5809 timore,
2591 5750 2646 5798 et
2668 5741 3074 5814 exspectatione
3093 5754 3278 5797 eorum
3301 5746 3423 5808 qua!
