3870 6568
202 299 325 366 1657

873 282 1317 346 ENARRATlO
1354 281 1436 341 IN
1469 278 1967 343 EVANGELIUM
1999 281 2231 344 LUCE.
2253 306 2318 317 -··
2339 283 2496 349 CAP.
2514 284 2675 346 XXI.

3281 284 3415 349 1058

196 421 279 477 λαὶ
326 408 555 478 ἐπάρατε
588 400 686 465 τὰς
743 402 983 471 κεφαλὰς
1039 402 1215 473 ὑμῶν,
1271 402 1406 456 διότι
1460 401 1670 470 ἐγγίζει
1703 400 1737 470 ἡ

1850 399 2102 467 suscipite
2129 409 2184 454 et
2211 401 2437 456 attollite
2469 402 2645 471 capita
2690 411 2893 467 vestra,
2924 403 3180 473 quoniam
3216 422 3415 478 appro-

196 500 552 569 ἀπολύτρωσις
598 492 775 563 ὑμῶν.
832 495 943 547 Καὶ
986 488 1109 546 εἷπε
1139 491 1456 562 παραϐολὴν
1508 491 1697 553 αὐτοῖς
1723 506 1738 522 ο

199 596 352 648 ’”Ιίετε
404 587 498 659 τὴν
540 584 710 653 συκῆν
756 583 852 637 καὶ
897 583 1077 637 πάντα
1117 581 1182 635 τὰ
1216 581 1407 651 δένδρα
1450 582 1578 635 ὅταν
1612 596 1744 648 προ-

196 682 445 739 ϐάλλωσιν
495 676 621 747 ήδη,
662 674 952 744 βλέποντες
1002 675 1096 744 ἀφ’
1151 673 1361 727 ἑαυτῶν
1419 672 1740 741 γινώσκετε,

190 776 263 828 ὅτι
288 770 380 842 ἤδη
410 767 571 834 ἐγγὺς
604 765 666 818 τὸ
693 765 847 828 τέλος
877 764 1051 819 ἔσται.
1080 764 1237 820 Οὕτω
1269 765 1363 817 καὶ
1392 763 1576 830 ὑμεῖς,
1613 764 1743 817 ὅταν

192 864 326 933 ἴδητε
351 858 518 912 ταῦτα
547 856 829 926 γινόμενα,
862 855 1161 925 γινώσκετε
1207 856 1289 911 ὅτι
1334 855 1500 923 ἐγγύς
1531 856 1680 907 ἐστιν
1708 854 1741 923 ἡ

190 951 423 1025 βασιλεία
446 948 539 1002 τοῦ
561 948 717 1004 Θεοῦ.
763 948 935 1021 ’Δμὴν
955 949 1100 1016 λέγω
1141 949 1290 1018 ὑμῖν,
1324 949 1407 1002 ὅτι
1441 948 1500 999 οὐ
1529 947 1605 1017 μὴ
1639 962 1745 999 πα-

190 1046 341 1119 ρέλθῃ
380 1041 598 1117 ὴγενεὰ
627 1040 791 1111 αὕτη,
820 1042 923 1105 ἕως
960 1042 1027 1096 ἂν
1057 1041 1234 1097 πάντα
1265 1041 1514 1110 γένηται.
1561 1040 1619 1093 'D
1654 1039 1746 1092 οὐ·

190 1139 357 1210 ρανὸς,
386 1136 480 1194 καὶ
514 1134 546 1205 ἠ
578 1133 649 1204 γῆ
693 1132 1144 1204 παρελεύσονται,
1188 1134 1236 1189 ot
1273 1134 1327 1186 δὲ
1358 1133 1503 1200 λόγοι
1540 1148 1643 1201 μου
1682 1130 1743 1184 οὐ

189 1230 258 1300 μὴ
283 1224 640 1297 παρέλθωσιν.
685 1242 703 1275 ι
740 1224 954 1295 Ὠσπερ
988 1225 1021 1294 ἠ
1063 1224 1302 1295 προτέρα
1338 1221 1613 1294 παρουσία
1649 1220 1745 1275 τοῦ

186 1320 383 1389 Κυρίου
439 1317 534 1370 ἐπὶ
584 1316 1031 1386 ἀναστοιχειώσει
1073 1316 1181 1369 τῶν
1229 1315 1419 1385 ψυχῶν
1464 1314 1619 1384 ἡμῶν
1650 1314 1746 1375 καὶ

185 1408 574 1480 παλιγγενεσία
603 1404 694 1480 ἦν,
724 1408 866 1461 οὕτω
895 1410 989 1462 καὶ
1019 1409 1052 1480 ἠ
1080 1409 1310 1478 δευτέρα
1356 1408 1450 1460 ἐπὶ
1482 1407 1746 1476 moti-{ys-

185 1504 333 1572 νεσίᾳ
381 1502 488 1553 τῶν
541 1501 812 1569 σωμάτων
862 1500 1018 1572 ἡμῶν
1061 1501 1237 1559 ἔσται.
1293 1500 1512 1572 Ἐπειδὴ
1553 1503 1659 1572 γὰρ
1690 1501 1745 1554 at

180 1597 340 1666 ψυχαὶ
357 1593 550 1647 ἔθανον
582 1595 848 1665 πρότερον
879 1594 1323 1664 παρακούσασαι,
1350 1596 1414 1648 τὰ
1432 1595 1487 1649 δὲ
1519 1595 1747 1665 σώματα

183 1690 315 1763 μετὰ
374 1690 698 1745 ὲννεακόσια
748 1690 844 1763 ἔτη
892 1692 991 1761 τῆς
1049 1691 1335 1763 παρακοῆς
1382 1689 1473 1743 τὸν
1515 1690 1745 1744 θάνατον

178 1781 422 1853 ἐνεργείᾳ
449 1782 791 1851 ὑπέστησαν,
826 1781 1135 1845 ἀκολούθως
1169 1784 1264 1835 καὶ
1318 1782 1742 1850 ἀναγεννῶνται,

177 1875 265 1929 καὶ
323 1873 686 1951 βελτιοῦνται,
726 1874 811 1927 διὰ
847 1875 945 1944 μὲν
977 1876 1077 1946 τῆς
1115 1875 1389 1946 προτέρας
1442 1876 1745 1947 παρουσίας

176 1966 230 2018 ai
260 1965 451 2038 ψυχαὶ,
487 1964 581 2021 διὰ
610 1966 795 2045 δετῆς
829 1966 1087 2038 δευτέρας
1122 1971 1190 2022 τὰ
1240 1965 1491 2037 σώματα.
1518 1968 1610 2020 Διὸ
1650 1968 1745 2023 καί

176 2076 333 2128 φησιν
356 2062 383 2110 ὀ
400 2058 630 2127 Κύριος,
645 2060 726 2113 ὃτι
751 2060 918 2113 Ὅταν
930 2059 1105 2116 ταῦτα
1129 2058 1411 2129 γίνωνται,
1432 2059 1745 2129 ἀνακύψατε

173 2152 217 2203 ei
244 2150 612 2221 βεδαρυμένοι
664 2155 729 2224 τῇ
765 2152 963 2223 φθορᾷ,
1009 2154 1102 2206 καὶ
1138 2146 1250 2207 οἷον
1297 2151 1744 2223 ὲλευθεριάσατε.

186 2243 247 2296 Ἠ
294 2242 403 2312 γὰρ
449 2243 837 2315 ἀπολύτρωσις
884 2240 1039 2313 ὑμῶν
1085 2246 1343 2316 πάρεστι,
1368 2246 1667 2312 τουτέστιν,
1709 2247 1744 2319 ἡ

172 2333 345 2393 τελεία
397 2333 495 2387 τοῦ
558 2335 976 2407 συναμφοτέρου
1021 2335 1335 2407 ἐλευθερία,
1380 2335 1561 2407 ψυχῆς
1604 2336 1747 2406 λέγω

173 2428 261 2482 καὶ
298 2427 585 2498 σώματος.
629 2430 691 2481 Ἡ
744 2431 876 2500 γὰρ,
917 2430 1048 2497 ἀπό,
1097 2429 1356 2501 πρόθεσις
1408 2431 1570 2484 τοῦτο
1599 2429 1750 2486 δοκεῖ

170 2519 503 2574 αἰνίττεσθαι
566 2521 666 2592 τὴν
710 2521 950 2593 παντελῆ
996 2522 1095 2592 τῆς
1152 2521 1361 2592 φθορᾶς
1395 2521 1746 2593 ἀπαλλαγὴν,

170 2613 232 2682 ἢν
263 2612 356 2666 καὶ
397 2613 459 2670 τὸ
519 2613 685 2683 σῶμα
727 2614 848 2674 τότε
882 2613 1094 2681 δέξεται
1153 2614 1339 2687 χάριτι
1391 2615 1484 2668 τοῦ
1538 2616 1747 2686 Κυρίου

168 2704 256 2761 τοῦ
290 2704 530 2776 ἔσχατον
555 2705 748 2776 ἐχθρὸν
774 2704 1182 2777 καταργοῦντος
1221 2707 1312 2760 τὸν
1343 2705 1595 2763 θάνατον.
1635 2710 1750 2762 Κασ-

169 2799 408 2866 τήργησε
444 2795 557 2866 μὲν
592 2798 700 2871 γὰρ
730 2798 829 2861 τὰς
855 2798 1050 2869 ἀρχὰς,
1081 2799 1176 2855 καὶ
1210 2800 1311 2862 τὰς
1342 2798 1618 2867 ἐξουσίας,
1653 2800 1749 2853 καὶ

167 2888 261 2950 τὰς
294 2886 478 2958 ψυχὰς
534 2889 899 2960 ἑλυτρώσατο.
952 2891 1155 2955 Λοιπὸς
1191 2892 1249 2945 δὲ
1299 2888 1419 2964 ἦνὸ
1466 2892 1694 2955 θάνατος
1721 2895 1750 2947 δ

163 2981 230 3039 τὰ
257 2981 497 3051 σώματα
550 2982 708 3052 ἡμῶν
756 2983 1171 3054 ὲπινεμόμενος,
1210 2984 1269 3048 ὃς
1319 2986 1414 3039 καὶ
1450 2986 1611 3049 αὐτὸς
1645 3004 1746 3040 κα-

162 3071 567 3144 ταργούμενος,
599 3074 769 3138 αἴτιος
797 3077 929 3146 ἡμῖν
960 3075 1275 3147 ἐλευθερίας
1309 3079 1404 3130 καὶ
1429 3077 1747 3151 ἀπολυτρώ.
1776 3097 1819 3155 C

164 3181 294 3228 σεως
321 3166 512 3219 ἔσται.
554 3167 720 3237 Kal!)
780 3166 1027 3238 βασιλεία
1082 3170 1174 3222 τοῦ
1208 3168 1355 3228 ,Θεοῦ
1391 3169 1553 3235 εὐθὺς
1580 3173 1751 3243 παρέσ-

163 3272 282 3316 σται
340 3257 565 3311 τούτων
628 3261 951 3329 γινομένων.
993 3261 1206 3333 ’Ὠσπερ
1252 3264 1346 3316 καὶ
1379 3263 1411 3334 ἡ
1449 3263 1588 3334 συκῆ
1619 3280 1753 3335 προ-

159 3348 435 3405 εὶνὶλλουσα
472 3351 550 3403 τὰ
583 3350 778 3421 φύλλα,
831 3351 989 3423 θέρος
1032 3353 1181 3423 δηλοῖ
1212 3352 1453 3424 ὲγγίζον,
1486 3353 1629 3408 οὕτω
1658 3356 1752 3409 καὶ¹

156 3443 330 3497 ταῦτα
361 3444 641 3514 γινόμενα
694 3444 765 3497 τὰ
802 3445 1003 3516 τέρατα
1032 3448 1128 3501 καὶ
1171 3448 1206 3519 ὴ
1244 3448 1604 3519 μεταποίησις
1654 3446 1749 3501 τοῦ

157 3535 359 3598 παντὸς
411 3535 700 3606 δηλοῦσιν,
729 3537 822 3590 ὅτι
846 3537 1003 3609 θέρος
1025 3538 1173 3609 ἣξει,
1202 3538 1501 3605 τουτέστιν,
1530 3542 1563 3612 ἡ
1589 3539 1748 3611 βασιο

1773 1743 1820 1804 Β

1845 493 2067 561 ρξιιιιιιιιι
2093 492 2388 560 redemptio
2437 505 2637 548 vestra.
2678 495 2742 551 Et
2773 498 2909 551 dixit
2948 498 3053 553 illis
3110 501 3419 557 similitudi-

1847 594 1968 632 nem
2005 596 2020 633 :
2068 580 2254 634 Videte
2286 581 2442 634 ﬁcum
2483 592 2538 637 et
2566 600 2755 640 onmes
2784 588 3007 643 arbores
3031 604 3154 643 cum
3190 603 3415 660 protru-

1844 670 1976 725 dunt
2000 670 2109 737 jam
2162 674 2429 741 germina,
2480 686 2764 731 cernentes
2806 694 2872 733 ex
2928 682 3219 752 vobisipsis
3265 685 3418 740 scitis

1844 764 2118 835 quodjam
2149 766 2314 821 instet
2344 776 2523 819 aestas.
2551 766 2624 820 Ita
2661 778 2717 823 et
2756 786 2849 824 vos
2882 788 3003 827 cum
3034 777 3279 832 videritis
3302 779 3418 833 haec

1847 856 1984 919 ﬁeri,
2027 860 2217 912 scitote
2268 861 2409 927 quod
2467 860 2632 915 instet
2666 876 2889 931 regnum
2929 866 3044 919 Dei.
3084 868 3252 922 Amen
3297 870 3419 924 dico

1851 947 2026 1013 vobis,
2078 965 2184 1003 non
2240 952 2536 1018 piatteribit
2610 957 2886 1022 generatio
2947 958 3063 1015 haec
3127 972 3419 1032 antequam

1847 1042 2027 1095 omnia
2081 1041 2225 1098 facta
2271 1046 2488 1099 iuerint.
2541 1045 2750 1101 (Icelum
2793 1058 2846 1102 et
2902 1060 3043 1104 terra
3091 1054 3416 1120 transibunt,

1846 1131 2010 1185 verba
2052 1148 2233 1188 autem
2301 1153 2422 1192 mea
2476 1156 2579 1193 non
2635 1143 2963 1196 transibunt.
2998 1161 3017 1195 ι
3060 1144 3214 1200 Sient
3273 1151 3421 1214 prior

1849 1225 2112 1280 adventus
2141 1228 2348 1283 Domini
2377 1229 2429 1283 in
2456 1233 2852 1289 restitutionem
2876 1243 2929 1287 et
2955 1239 3418 1304 regenerationem

1850 1314 2153 1372 animarum
2209 1326 2518 1374 nostrarum
2573 1322 2693 1386 fuit,
2734 1325 2805 1377 ita
2828 1335 2882 1378 et
2908 1327 3179 1383 secundus
3229 1329 3335 1383 erit
3367 1331 3419 1385 in

1847 1409 2645 1482 regenerationemcorporum.
2708 1416 2972 1483 Quoniam
3023 1418 3170 1472 enim
3223 1420 3419 1475 animm

1849 1501 2000 1569 prius
2033 1511 2257 1556 morture
2283 1502 2499 1559 fuerant
2556 1518 2777 1577 propter
2808 1509 3256 1578 iuobedientiam,
3296 1526 3421 1566 cor-

1849 1606 1978 1660 pora
2035 1603 2214 1648 antem
2260 1604 2381 1663 post
2433 1610 2735 1669 nongentos
2805 1615 2977 1657 annos
3041 1603 3422 1659 iuobedientia:

1851 1685 2040 1738 mortis
2083 1685 2190 1740 vim
2243 1698 2462 1758 experta
2497 1700 2663 1746 sunt:
2717 1692 2839 1748 ideo
2874 1706 3239 1765 congruenter
3264 1711 3420 1766 rege-

1852 1787 2132 1838 nerantur.
2169 1787 2226 1832 et
2271 1780 2463 1835 melius
2498 1781 2720 1846 habent,
2768 1798 2865 1853 per
2917 1786 3152 1853 priorem
3202 1787 3419 1855 quidem

1848 1866 2138 1922 adventum
2191 1870 2408 1936 animm,
2474 1886 2570 1940 per
2626 1876 2924 1929 secundum
2976 1891 3124 1941 vero,
3168 1891 3418 1944 corpora.

1848 1957 2054 2015 Idcirco
2082 1970 2136 2014 et
2166 1959 2424 2015 Dominus
2450 1963 2580 2017 dicit
2606 1981 2621 2018 :
2654 1963 2878 2030 Quando
2903 1966 3013 2020 lure
3044 1966 3197 2031 ﬁunt,
3242 1970 3423 2038 suspi-

1847 2049 1951 2105 cite
2003 2051 2096 2120 qui
2131 2054 2338 2119 gravati
2379 2054 2513 2108 estis
2550 2056 2917 2124 corruptione,
2972 2059 3126 2126 quasi
3170 2058 3422 2114 libertate

1845 2143 2102 2201 donandi.
2144 2144 2279 2201 Nam
2341 2146 2744 2220 ἀπολύτρωσις,
2800 2150 2904 2205 boc
2942 2161 3057 2216 est,
3120 2153 3421 2221 redemptio

1848 2244 2028 2289 vestra
2067 2237 2242 2304 adest,
2278 2238 2380 2293 hoc
2410 2248 2492 2295 est
2521 2250 2894 2295 consummata
2943 2241 3225 2310 utriusque
3257 2242 3423 2297 libz-r-

1850 2336 1951 2392 tas,
1981 2329 2175 2385 animm
2228 2330 2450 2400 inquam
2483 2341 2536 2386 et
2589 2333 2855 2400 corporis.
2905 2330 3221 2404 Prmpositio
3276 2336 3420 2391 enim

1848 2420 1961 2474 ἀπό
2017 2424 2298 2477 insinuare
2348 2425 2558 2478 videtur
2613 2423 2912 2493 perfectam
2968 2440 2999 2479 a
3074 2428 3421 2497 corruptione

1850 2511 2177 2577 libertatem,
2222 2530 2383 2585 quam
2424 2524 2482 2570 et
2520 2530 2722 2585 corpus
2780 2525 2909 2572 tunc
2963 2518 3193 2588 accipiet
3246 2521 3421 2591 gratia

1851 2604 2065 2659 Domini
2132 2615 2440 2665 extremum
2485 2606 2769 2663 inimicum
2845 2609 3114 2665 abolentis
3167 2623 3419 2668 mortem.

1849 2698 2095 2755 Abolevit
2116 2701 2314 2755 etenim
2340 2701 2677 2772 principatus
2710 2712 2766 2758 et
2789 2713 3105 2773 potestates,
3129 2712 3182 2759 et
3205 2704 3422 2760 arimas

1851 2791 2076 2846 redemit
2108 2808 2123 2847 :
2156 2793 2357 2862 reliqua
2389 2804 2567 2849 autem
2600 2803 2718 2849 erat
2756 2810 2921 2862 mors,
2955 2812 3181 2867 corpora
3237 2808 3419 2853 nostra

1850 2881 2186 2951 deposcens:
2217 2898 2338 2954 qua:
2358 2896 2413 2940 et
2435 2885 2551 2956 ipsa
2574 2900 2695 2940 cum
2734 2886 3062 2952 abolebitur,
3109 2888 3215 2942 erit
3262 2889 3419 2944 nobis
3516 2914 3529 2920 ί

1851 2973 2119 3031 libertatis
2155 2986 2210 3032 et
2261 2977 2651 3046 redemptionis
2712 2992 2898 3034 causa.
2958 2979 3021 3033 Et
3077 2995 3297 3049 regnum
3326 2980 3420 3035 Dei

1852 3068 2035 3133 statim
2050 3067 2248 3136 aderit,
2272 3085 2395 3123 eum
2424 3070 2537 3124 haec
2561 3069 2712 3125 ﬁent.
2733 3068 2946 3126 Etenim
2970 3073 3418 3140 quemadmodum

1855 3160 1989 3215 ﬁcus
2046 3176 2167 3230 qua:
2230 3162 2514 3230 prmmittit
2566 3160 2718 3228 folia,
2756 3162 3114 3233 propinquam
3172 3174 3418 3243 aestatem

1852 3252 2068 3307 nuntiat
2097 3270 2112 3309 :
2138 3253 2207 3308 ita
2235 3263 2432 3309 etcum
2468 3254 2586 3311 haec
2621 3256 2756 3309 ﬁunt
2785 3254 3050 3326 prodigia,
3089 3264 3142 3311 et
3164 3256 3426 3310 transfor-

1852 3345 2019 3399 matio
2060 3344 2320 3413 universi,
2360 3346 2580 3416 signant
2641 3348 2783 3417 quod
2824 3358 3051 3402 ventura
3118 3347 3189 3401 sit
3239 3358 3420 3412 aestas,

1853 3435 1955 3492 hoc
1993 3445 2099 3503 est,
2139 3453 2363 3507 regnum
2396 3439 2490 3493 Dei
2525 3450 2643 3509 post
2666 3442 2913 3511 byemem
2940 3449 2995 3494 et
3019 3448 3423 3509 letltpe.~l:tl0ttt,

1851 3527 2006 3595 quasi
2043 3536 2308 3592 aestatem,
2341 3526 2905 3597 adventuromjustis:
2928 3532 3135 3584 tametsi
3164 3540 3425 3600 tuncpeeq

1851 3619 2129 3676 catoribus
2158 3619 2336 3674 futura
2371 3622 2445 3675 sit
2490 3621 2681 3692 hyems
2718 3630 2773 3676 et
2814 3630 3133 3691 tempestas,
3181 3636 3306 3675 nam
3343 3621 3421 3677 illi

1851 3727 2096 3781 praesens
2111 3712 2369 3769 sarculum
2395 3727 2493 3784 pro
2515 3722 2703 3768 testate
2722 3712 2946 3776 habent,
2974 3713 3214 3767 futurum
3242 3724 3422 3768 autem

1850 3820 1948 3877 pro
1964 3815 2298 3875 tempestate.
2317 3806 2487 3859 Amen
2509 3806 2630 3861 dico
2647 3804 2818 3869 vobis,
2835 3806 2978 3875 quod
2998 3820 3101 3859 non
3124 3806 3425 3873 przeteribit

1850 3904 2129 3976 generatio
2166 3903 2305 3969 haec,
2341 3904 2513 3958 donec
2543 3903 2657 3957 liaac
2692 3902 2874 3957 omnia
2899 3900 3051 3955 ﬁant.
3102 3899 3424 3957 Generatio-

1851 4014 1974 4052 nem
2002 4006 2156 4051 vocat
2187 4011 2291 4050 non
2326 4010 2421 4050 eos
2459 3995 2550 4063 qui
2602 4002 2733 4048 tunc
2781 3994 3028 4059 aderant,
3060 3996 3153 4048 sed
3177 3993 3422 4048 omnium

1855 4090 2088 4144 ﬁdelium
2118 4090 2547 4160 generationem.
2592 4086 2739 4143 Solet
2771 4088 2913 4142 enim
2945 4086 3225 4155 Scriptura
3261 4101 3426 4156 gene-

1850 4184 2116 4240 rationem
2137 4185 2236 4239 lioe
2266 4184 2545 4238 nouiinare
2569 4182 2751 4246 modo,
2773 4190 2832 4237 nt
2856 4201 2870 4237 :
2908 4201 2926 4233 ι
2951 4179 3076 4236 Haec
3092 4191 3174 4236 est
3192 4195 3424 4252 genera-

154 3625 274 3687 λεία
325 3628 424 3681 τοῦ
463 3628 635 3693 Θεοῦ,
693 3629 832 3699 μετὰ
869 3632 1112 3702 χειμῶνα
1157 3632 1254 3685 καὶ
1282 3631 1451 3703 ζάλην
1480 3631 1555 3695 ὡς
1592 3632 1750 3702 Θέρος

152 3721 435 3792 ἐρχομένη
460 3723 583 3783 τοῖς
620 3720 873 3786 δικαίοις,
908 3722 983 3786 ὡς
1013 3726 1126 3784 τοῖς
1159 3739 1223 3791 γε
1258 3723 1604 3795 ἁμαρτωλοῖς
1628 3740 1748 3793 χειο

152 3813 270 3889 μὼν
327 3814 496 3867 ἔσται
556 3815 676 3871 τότε
721 3815 816 3868 καὶ
863 3813 1000 3885 ζάλη
1031 3830 1045 3845 ·
1104 3810 1250 3869 οὗτοι
1285 3816 1392 3884 γὰρ
1437 3813 1595 3885 θέρος
1660 3813 1749 3867 τὸν

147 3909 405 3974 παρόντα
468 3906 653 3960 αἰῶνα
704 3907 912 3978 ἔχουσι,
959 3905 1126 3978 ζάλην
1195 3907 1254 3966 δὲ
1316 3908 1410 3960 τὸν
1460 3906 1744 3977 μέλλοντα.

160 4001 338 4072 Ἀμὴν
369 4002 530 4068 λέγω
557 4001 707 4069 ὑμῖν,
740 4002 822 4053 ὅτι
854 4000 914 4053 οὐ
950 4002 1025 4070 μὴ
1052 4000 1303 4071 παρέλθῃ
1329 4002 1361 4070 ἠ
1395 3999 1559 4069 γενεὰ
1581 3997 1744 4069 αὕτη,

143 4093 249 4156 ’έως
289 4096 360 4147 ἂν
430 4093 619 4147 ταῦτα
673 4094 855 4149 πάντα
912 4096 1159 4164 γένηται.
1192 4094 1411 4156 Γενεάν,
1467 4093 1653 4162 φησὶν,
1684 4091 1746 4144 οὐ

142 4184 271 4244 τοὺς
301 4184 437 4237 τότε
477 4184 785 4256 παρόντας,
846 4184 983 4241 ἀλλὰ
1026 4184 1124 4257 τὴν
1154 4184 1262 4237 τῶν
1316 4185 1528 4237 πιστῶν
1562 4185 1746 4237 πᾶσαν

138 4280 372 4343 γενεάν.
415 4272 555 4329 Οἷδε
603 4276 710 4346 γὰρ
741 4276 835 4329 καὶ
884 4277 1076 4344 γενεὰν
1125 4276 1233 4329 ἀπὸ
1276 4279 1373 4347 τῆς
1410 4276 1744 4347 ὁμοτροπίας

1855 4279 1929 4332 lio
1974 4277 2331 4347 quaerentium
2385 4275 2667 4330 Dominum
2698 4276 2760 4330 ¹³.
2811 4294 2829 4327 ι
2854 4275 2988 4341 Quia
3022 4284 3200 4329 autem
3239 4279 3427 4329 turba-

141 4369 459 4438 ὀνομάζειν
491 4372 527 4441 ἠ
554 4368 767 4440 Γραφὴ,
797 4368 870 4432 ὡς
899 4369 982 4434 τὸ,
1011 4369 1189 4440 (Αὕτη
1213 4370 1417 4438 ήγενεὰ
1440 4370 1744 4441 ζητούντων

1858 4373 2031 4426 tiones
2085 4381 2140 4425 et
2181 4370 2315 4425 bella
2357 4380 2411 4425 et
2459 4370 2811 4425 alterationes
2867 4368 3001 4423 dixit
3060 4366 3272 4423 futuras
3315 4378 3422 4421 tam

135 4464 233 4523 sev
260 4440 524 4535 Ktiptov.
538 4481 558 4513 ι
593 4461 811 4532 Ἐπειδὴ
835 4462 944 4533 γὰρ
959 4462 1199 4533 ταραχὰς
1223 4464 1316 4516 καὶ
1339 4440 1627 4532 πολέμους,
1657 4463 1744 4515 καὶ

1854 4463 2247 4519 elementorum
2278 4479 2439 4534 quam
2484 4478 2664 4516 rerum
2714 4478 2728 4517 :
2758 4470 2816 4516 ut
2862 4476 2929 4517 ne
2962 4461 3085 4530 quis
3116 4460 3421 4530 suspicetur

138 4554 495 4618 ἀλλοιώσεις
509 4549 634 4607 εἷπε
662 4553 921 4623 γενέσθαι
946 4555 1041 4608 καὶ
1064 4554 1345 4625 στοιχείων
1376 4556 1472 4608 καὶ
1493 4556 1744 4625 πραγμά-

1852 4557 1997 4626 quod
2054 4555 2195 4610 forte
2253 4555 2543 4625 aliquando
2584 4554 2940 4609 destruendus
2971 4554 3043 4607 sit
3100 4552 3424 4606 Christiani-

131 4649 379 4714 των,ἴνα
398 4650 576 4719 μήτις
591 4647 945 4720 ὑπο).ά6ῃ,ὄτι
960 4651 1169 4720 μήποτε
1186 4648 1320 4702 καὶὸ
1331 4649 1373 4701 Χ
1384 4649 1756 4718 ριστιανισμδς

133 4740 651 4811 καταλυθήσεται,
679 4742 840 4811 Οὐχὶ,
860 4742 1049 4812 φησὶν,
1074 4743 1134 4793 οὑ
1165 4740 1239 4812 μὴ
1257 4740 1505 4811 παρέλθῃ
1531 4743 1565 4811 ἡ
1591 4741 1755 4808 γενεὰ

128 4835 283 4907 αὕτη
326 4834 455 4887 τῶν
495 4834 861 4904 Χριστιανῶν.
920 4834 1161 4904 Οὐρανὸς
1215 4833 1315 4904 μὲν
1366 4834 1477 4902 γὰρ
1525 4833 1621 4886 καὶ
1681 4833 1751 4903 γῆ

130 4926 669 4997 ἁλὶοιωθήσονται,
699 4927 749 4979 οἱ
770 4926 827 4979 δὲ
854 4926 1005 4994 λόγοι
1032 4944 1156 4997 μου,
1187 4926 1280 4979 καὶ
1324 4926 1387 4978 τὸ
1416 4925 1750 4995 Εὑαγγέλιόν

127 5038 242 5091 μου
278 5022 352 5075 οὐ
391 5019 901 5088 καταλυθήσονται,
932 5018 1067 5072 ἀλλὰ
1089 5017 1333 5089 μενοῦσι,
1362 5017 1465 5071 κᾶν
1489 5018 1558 5074 τὰ
1574 5019 1751 5072 πάντα

127 5114 543 5179 σαλεύων-ται,
569 5113 667 5166 καὶ
696 5114 730 5184 ἡ
757 5115 837 5176 είς
867 5113 967 5183 ἐμὲ
991 5112 1172 5175 πίστις
1194 5113 1293 5166 οὐκ
1317 5112 1579 5183 ἐκλείψει.
1622 5114 1753 5184 Ἐμ-

121 5209 333 5277 φαίνει
377 5206 451 5259 δὲ
489 5204 763 5269 ἐντεῦθεν,
816 5205 900 5258 ὅτι
952 5204 1050 5276 τὴν
1112 5203 1444 5275 Ἐκκλησίαν
1484 5223 1750 5278 προτιμο-

116 5298 310 5369 τέραν
346 5297 488 5368 ἔχει.
521 5298 699 5367 πάσης
733 5300 833 5363 τῆς
881 5297 1136 5363 κτίσεως,
1182 5297 1301 5366 εἴγε
1352 5301 1385 5369 ἡ
1432 5300 1532 5369 μὲν
1572 5301 1748 5363 κτίσις

115 5390 512 5452 ἀλλοιοῦται,
547 5390 646 5461 τῆς
671 5392 728 5444 δὲ
761 5391 869 5443 τῶν
890 5390 1097 5444 πιστῶν
1138 5391 1487 5462 Ἐκκλησίας,
1513 5393 1606 5445 καὶ
1638 5393 1745 5445 τῶν

117 5485 323 5556 λόγων
352 5484 542 5540 αὑτοῦ
576 5487 669 5539 καὶ
696 5486 789 5539 τοῦ
820 5485 1155 5554 Εὑαγγελίου
1182 5485 1335 5539 οὐδὲν
1368 5489 1673 5560 περιέσται.

1851 4742 2149 4796 stianorum
2168 4740 2468 4810 generatio.
2499 4739 2709 4796 Cretum
2735 4740 2952 4808 quidem
2970 4748 3025 4794 et
3056 4748 3199 4792 terra
3224 4736 3419 4791 immn-

1855 4837 2111 4892 tabuntur
2127 4854 2141 4901 ;
2159 4851 2434 4892 sermones
2464 4847 2642 4891 autem
2666 4835 2767 4889 mei
2799 4846 2853 4889 et
2870 4832 3217 4903 Evangelium
3244 4847 3420 4885 meum

1853 4944 1963 4984 non
1995 4929 2266 4998 peribunt,
2298 4929 2391 4983 sed
2426 4929 2740 4985 iiianebunt.
2773 4925 3009 4982 Tametsi
3037 4938 3424 4980 commovean-

1855 5033 1942 5076 tur
1969 5022 2176 5086 omnia,
2208 5020 2341 5076 ﬁdes
2367 5031 2542 5074 tamen
2576 5021 2627 5074 in
2660 5034 2745 5075 me
2773 5034 2879 5073 non
2910 5018 3149 5073 deﬁciet.
3185 5016 3423 5085 Apparet

1853 5125 2032 5170 autem
2066 5112 2300 5169 bocloco
2323 5113 2463 5183 quod
2490 5111 2786 5167 Ecclesium
2811 5111 2960 5166 omni
2984 5118 3249 5164 creaturae
3272 5123 3412 5178 prm-

1851 5208 2037 5263 ferat:
2071 5206 2175 5263 etsi
2205 5219 2455 5289 creatura
2494 5205 2636 5261 enim
2683 5213 2918 5258 mutetur
2942 5200 3042 5273 (α),
3074 5199 3207 5254 nihil
3237 5200 3424 5254 Eccle-

1855 5304 1949 5358 site
1979 5304 2215 5358 ﬁdelium
2250 5317 2315 5357 ac
2337 5301 2625 5357 rei-borum
2668 5297 2785 5367 ejus
2819 5306 2874 5353 et
2910 5295 3186 5369 Evangelii
3222 5296 3421 5350 imum-

1863 5399 2089 5453 labitur.

200 5631 254 5663 ³³
284 5630 463 5685 Psal.
500 5644 653 5695 XXIII,
688 5628 741 5684 6.

197 5748 292 5821 (ιι)
360 5748 433 5803 In
493 5748 574 5802 ed.
628 5745 750 5799 Lut.
793 5744 906 5799 hace
936 5759 1039 5801 non
1073 5743 1360 5809 habentur,
1388 5743 1486 5799 etsi
1506 5750 1748 5798 creatura
1783 5750 2028 5797 mutetur.

1853 4664 2024 4715 sinus,
2058 4647 2224 4721 483
2255 4645 2398 4711 Non,
2426 4648 2622 4717 inquit,
2646 4662 2753 4701 non
2776 4646 3086 4717 praeterebit
3115 4647 3228 4700 haec
3267 4644 3426 4701 Clll‘i-
3504 4682 3511 4686 ι
