3932 6456
424 240 448 309 1
464 237 569 303 359

1345 226 1921 287 THEOPHYLAC’I‘l
1966 223 2372 284 BULGARLE
2411 226 2454 283 Α
2466 225 2763 286 RClIIEP.

3545 226 3669 297 ιοιο

499 351 658 406 Vens.
686 344 872 403 Iit-56.
900 359 923 397 ι
977 338 1255 397 Attendite
1277 346 1458 393 autem
1509 338 1684 404 vobis,
1718 337 2003 408 nequando

2185 356 2203 388 ι
2246 337 2548 407 Προσέχετε
2572 336 2627 391 δὲ
2657 337 2890 400 ἑαυτοῖς,
2917 337 2991 408 μή
3018 354 3144 391 ποτε
3177 338 3513 409 βαρωθῶσιν
3534 350 3666 420 ὗμιξη

423 448 716 513 graventur
763 438 926 490 corda
964 445 1143 487 vestra
1171 430 1392 498 crapula
1426 438 1481 482 et
1506 430 1791 495 ebrietate,
1831 438 1887 482 et
1913 443 2007 481 cu-

425 533 502 588 ris
530 528 688 600 hujus
722 529 868 591 vim,
901 524 1220 593 subitusque
1247 522 1395 575 vobis
1428 521 1644 590 ingruat
1698 521 1814 575 dies
1866 518 1954 574 ille
1988 537 2001 574 :

425 636 680 691 tauquam
716 620 941 688 laqueus
972 617 1115 670 enim
1143 613 1489 684 superveniet
1519 613 1574 666 in
1597 625 1786 671 omnes
1810 612 2008 667 seden-

427 700 510 770 tes
546 730 709 783 super
742 711 937 766 [aciem
964 709 1131 761 totius
1170 719 1347 760 terrae.
1381 705 1610 775 Vigilate
1649 706 1834 772 itaque
1858 703 2009 757 omni

431 818 694 872 tempore,
739 803 1095 870 deprecantes
1122 807 1182 851 ut
1212 797 1374 852 liceat
1397 796 1551 850 vobis
1611 794 1847 865 eﬂugere
1907 796 2009 849 ista

425 897 608 953 omnia
631 911 750 963 qua:
793 894 973 948 futura
1002 902 1148 959 sunt,
1175 902 1230 947 et
1254 903 1401 945 stare
1427 900 1552 945 ante
1581 888 1777 944 Filium
1830 887 2009 943 homi-

431 991 536 1053 nis,
579 1006 598 1040 ι
636 987 955 1052 Audivistis,
983 984 1178 1053 inquit,
1208 983 1644 1038 terriculamenta
1674 992 1730 1036 et
1755 981 2013 1037 turbatio.

429 1098 547 1146 nes,
579 1091 633 1134 et
658 1079 883 1151 grandia
906 1088 1030 1133 sunt
1061 1078 1175 1131 inec
1195 1077 1373 1133 omnia
1402 1092 1464 1130 ac
1483 1074 1723 1146 symbols
1746 1073 2007 1127 malorum

428 1187 552 1242 quae
582 1180 899 1241 peccatores
928 1178 1052 1221 sunt
1081 1167 1483 1234 deprehensum
1515 1183 1529 1220 :
1561 1167 1655 1220 sed
1683 1166 1805 1234 quia
1830 1165 2011 1233 gravia

433 1265 573 1325 ltmc,
612 1264 733 1317 ideo
767 1276 1014 1329 maguum
1044 1259 1341 1313 remedium
1369 1273 1557 1313 eorum
1596 1269 1679 1313 est
1706 1261 1932 1312 attentio
1960 1264 2015 1310 et

428 1358 626 1410 oratio.
661 1356 886 1425 Semper
919 1360 1063 1409 enim
1122 1365 1371 1423 paratum
1420 1367 1541 1408 esse
1596 1360 1652 1406 et
1696 1360 2014 1418 exspectare

429 1450 619 1514 linem,
639 1449 874 1503 maxime
891 1451 1131 1504 omnium
1165 1448 1415 1503 conferre
1442 1444 1665 1516 poterit.
1695 1443 2014 1500 llocautem

427 1541 584 1595 vobis
616 1542 910 1610 continget,
943 1542 988 1595 si
1041 1541 1209 1596 sobrii
1262 1540 1500 1602 fueritis,
1531 1548 1585 1592 et
1636 1552 1739 1589 non
1794 1546 2015 1605 gravata

430 1628 638 1685 fuerint
672 1634 835 1686 corda
865 1627 1043 1688 vestra
1072 1632 1291 1702 crapula
1331 1640 1386 1686 et
1414 1630 1704 1690 ebrietate,
1755 1638 1809 1682 et
1870 1627 2018 1682 solli-

2108 430 2165 482 αί
2199 428 2418 496 καρδίαι
2463 431 2521 481 ὲν
2571 429 2868 500 κραιπάλῃ,
2914 432 3007 484 καὶ
3054 434 3214 505 μέθῃ,
3251 438 3347 490 καὶ
3402 440 3672 511 μερίμναις

2111 520 2413 591 βιωτικαῖς,
2450 521 2544 574 καὶ
2591 522 2856 590 αἰφνίδιος
2905 526 3104 596 ἐπιστῇ
3149 528 3236 596 ἐφ’
3266 528 3409 599 ὑμᾶς
3448 534 3481 601 η
3509 533 3672 605 ἡμέρα

2111 613 2295 682 ἑκείνη
2321 630 2336 645 ο
2363 612 2438 676 ὡς
2484 614 2651 681 παγὶς
2678 614 2786 684 γὰρ
2821 615 3172 673 ἐπελεύσεται
3213 620 3308 672 ἐπὶ
3337 624 3542 688 πάντας
3564 629 3679 691 me,

2113 702 2455 773 καθημένους
2494 706 2586 758 ἐπὶ
2633 706 2926 775 πρόσωπον
2970 709 3150 774 πάσης
3195 711 3297 780 τῆς
3332 714 3456 782 γῆς.
3495 717 3677 788 Ἀγρυ,

2113 801 2294 851 metu
2315 798 2407 851 οῦν
2428 801 2486 851 ἐν
2514 799 2676 853 παντὶ
2702 801 2877 869 καιρῷ
2911 801 3175 871 δεόμενοι,
3206 807 3294 867 ἵνα
3321 810 3681 881 καταξιωθῆτι

2115 890 2373 957 ἐκφυγεῖν
2414 890 2590 943 πάντα
2616 891 2682 944 τά
2723 892 2984 960 μέλλοντα
3009 894 3275 962 γίνεσθαι,
3310 899 3403 951 καὶ
3435 901 3678 970 σταθῆναι

2115 980 2422 1051 ἔμπροσθεν
2474 983 2565 1034 τοῦ
2616 982 2748 1036 Υἱοῦ
2798 982 2894 1036 τοῦ
2941 984 3253 1057 ἀνθρώπου.
3292 1010 3310 1041 ι
3359 992 3680 1059 Ἡκοὲσατε,

2115 1074 2272 1143 φησί,
2316 1075 2563 1144 φόϐητρα
2614 1076 2708 1128 καὶ
2758 1076 3041 1146 ταραχάς·
3093 1078 3207 1132 ἀλλ’
3256 1083 3485 1155 αἰσθητὰ
3525 1088 3679 1141 ταῦτα

2117 1167 2318 1230 πάντα,
2354 1167 2449 1219 καὶ
2503 1167 2746 1234 σύμϐολα
2795 1169 2902 1221 τῶν
2948 1171 3072 1234 τοὺς
3122 1173 3485 1243 ἁμαρτωλοὺς
3525 1194 3684 1232 κατα-

2115 1255 2436 1327 ληψομένων
2463 1257 2674 1312 κακῶν.
2723 1258 2883 1314 ’Λλλά
2912 1259 3048 1329 πρὸς
3074 1261 3248 1316 ταῦτα
3285 1265 3355 1317 τά
3381 1264 3528 1320 δεινά
3554 1268 3684 1340 φάρο

2119 1366 2295 1420 μακον
2327 1351 2469 1419 μέγα
2498 1351 2594 1403 καὶ
2617 1350 2912 1417 ἀντιπαθὲς
2937 1354 2969 1424 ή
3000 1355 3275 1428 προσευχὴ
3304 1359 3400 1413 καὶ
3430 1365 3681 1434 προσοχή.

2118 1443 2192 1495 Τὸ
2233 1443 2342 1514 γὰρ
2384 1445 2442 1497 ὲν
2489 1446 2777 1518 ἑτοιμασίᾳ
2822 1444 2959 1503 εἶναι
2999 1451 3105 1516 ἀεὶ,
3146 1454 3240 1505 καὶ
3275 1455 3548 1527 ἀπεκδοχῇ
3596 1459 3682 1512 τοῦ

2117 1533 2324 1599 τέλους,
2359 1535 2550 1588 τοῦτον
2585 1536 2818 1605 μάλιστα
2858 1538 3075 1593 πάντων
3131 1542 3502 1612 συμϐαλέσθαι
3532 1549 3684 1618 δυνή-

2122 1638 2298 1676 σεται.
2351 1621 2522 1675 Τοῦτο
2576 1623 2634 1677 δὲ
2683 1629 3113 1699 προσγενήσεται
3150 1631 3296 1702 ὑμῖν,
3357 1636 3541 1705 φησὶν,
3596 1639 3684 1698 ἐὰν

431 1724 673 1779 citudine
696 1725 961 1780 saeculari.
982 1724 1099 1781 Non
1125 1726 1267 1780 enim
1294 1739 1414 1779 cum
1440 1722 1822 1776 observatione
1840 1719 2015 1773 aderit

2125 1713 2347 1784 νήφητε,
2389 1716 2484 1768 καὶ
2536 1716 2612 1789 μὴ
2659 1717 3002 1789 βαρυνοῶσιν
3055 1722 3109 1774 αἱ
3164 1722 3389 1792 καρδίαι
3435 1726 3585 1795 ὑμῶν
3628 1733 3683 1782 ὲν

428 1816 547 1872 dies
580 1816 690 1882 ille,
727 1817 821 1872 sed
853 1818 1163 1886 inopinatus
1193 1827 1248 1870 et
1284 1814 1605 1883 repentinus
1629 1811 1825 1874 aderit,
1880 1809 2016 1864 clam

430 1908 574 1961 sicut
613 1908 838 1977 laqueus
886 1907 1301 1977 apprehendens
1325 1920 1417 1960 eos
1440 1905 1531 1977 qui
1570 1918 1673 1956 nou
1707 1902 2014 1955 attendunt.

430 1997 702 2056 Fortassis
731 2008 909 2052 autem
938 2001 1061 2069 quis
1077 1999 1346 2052 curiosius
1367 1996 1700 2051 scrutabitur
1724 1994 2016 2048 dictionem

434 2092 607 2143 hanc:
656 2107 674 2140 ι
712 2088 974 2143 Scilentes
996 2104 1160 2159 super
1190 2089 1382 2143 faciem
1411 2087 1592 2143 omnis
1627 2096 1803 2141 terrae.
1846 2101 1867 2137 ι
1911 2083 2020 2137 llos

432 2183 576 2238 enim
602 2182 913 2252 illaqueabit
933 2185 1049 2239 dies
1079 2184 1184 2249 ille,
1220 2183 1312 2252 qui
1346 2183 1399 2236 iit
1430 2183 1539 2236 otio
1556 2191 1612 2235 et
1642 2181 1849 2250 absque
1873 2177 2020 2233 solli-

432 2278 675 2332 citmline
701 2289 1021 2344 versantur;
1061 2277 1134 2331 illi
1171 2278 1314 2332 enim
1365 2287 1488 2330 sunt
1511 2274 1599 2343 qui
1632 2273 1819 2327 sedent
1851 2281 1905 2325 et
1927 2269 2018 2338 qui

434 2370 817 2439 illaqueautur.
844 2371 907 2424 At
938 2370 1028 2440 qui
1050 2382 1342 2437 operantur
1363 2377 1413 2422 et
1434 2369 1593 2422 activi
1613 2374 1756 2429 sunt,
1777 2374 1832 2419 et
1848 2363 2013 2419 sobrii

435 2461 826 2530 inaperatioue
847 2461 996 2524 boni,
1052 2461 1412 2530 terunturque
1462 2458 1513 2512 iu
1569 2472 1733 2513 omne
1790 2457 2018 2519 bonum,

435 2569 539 2611 non
583 2555 773 2609 sedent
800 2569 976 2623 neque
1006 2555 1295 2622 quiescunt
1326 2565 1485 2621 super
1512 2560 1736 2613 terram,
1767 2551 1860 2603 sed
1896 2563 2020 2602 sur-

433 2646 733 2715 guutltinc,
762 2654 816 2699 et
856 2648 1044 2699 dicunt
1079 2645 1180 2700 sibi
1206 2662 1233 2709 ,ι
1282 2644 1456 2712 Surge
1500 2653 1555 2699 et
1605 2641 1854 2706 ambula,
1898 2639 2024 2709 quia

436 2752 541 2790 non
589 2745 672 2791 est
724 2735 818 2790 tibi
852 2735 939 2789 hic
990 2737 1203 2803 requies
1250 2736 1316 2799 “,
1368 2743 1422 2789 et
1469 2733 1693 2803 patriam
1750 2732 2023 2785 meliorem

434 2828 736 2896 inquirunt.
769 2825 928 2881 Hisce
961 2842 1069 2881 non
1086 2828 1192 2881 erit
1217 2825 1335 2882 dies
1366 2826 1451 2881 ille
1472 2826 1697 2894 laqueus
1722 2834 1777 2878 et
1804 2823 2018 2892 pericu-

2120 1804 2421 1877 κραιπάλῃ,
2465 1808 2559 1859 καὶ
2596 1808 2755 1880 μέθῃ,
2807 1810 2901 1863 καὶ
2941 1812 3235 1879 μερίμναις
3264 1813 3560 1883 βιωτικαῖς.
3597 1820 3680 1889 Μὴ

2119 1897 2228 1966 γάρ
2269 1899 2407 1966 μετά
2454 1900 2891 1970 παρατηρήσεως
2925 1901 3142 1975 ἔρχεται
3188 1906 3222 1973 ἠ
3271 1905 3457 1979 ἡμέρα
3489 1909 3678 1984 ἐκείνη,

2118 1988 2235 2041 ἀλλ’
2291 1990 2739 2061 ἀπροσδόκητος,
2794 1993 3040 2063 κρυφίως
3096 1994 3285 2067 ὥσπερ
3344 1999 3511 2066 παγὶς
3568 2002 3683 2053 συλ-

2119 2078 2472 2147 λαμϐάνουσα
2530 2081 2657 2144 τοὺς
2720 2083 2793 2153 μὴ
2853 2086 3241 2156 προσέχοντας.
3303 2089 3458 2160 Τάχα
3505 2092 3561 2146 δέ
3607 2113 3682 2159 τις

2120 2170 2543 2242 περιεργότερον
2573 2173 2845 2239 ἐξετάσειε
2871 2176 2968 2246 τὴν
2998 2177 3140 2241 λέξιν
3177 2179 3384 2252 ταύτην
3405 2199 3420 2214 ·
3458 2202 3476 2234 ι
3508 2185 3681 2257 Καθη-

2125 2261 2320 2333 μένους
2367 2264 2460 2319 ἐπὶ
2507 2266 2798 2333 πρόσωπον
2846 2268 3026 2339 πάσης
3071 2274 3170 2341 τῆς
3212 2273 3335 2343 γῆς.
3374 2294 3393 2326 ι
3427 2276 3682 2341 Ἐκείνους

2121 2354 2231 2424 γὰρ
2261 2354 2546 2421 παγιδεύει
2589 2357 2622 2426 ή
2661 2357 2843 2429 ἡμέρα
2885 2359 3069 2430 ἐκείνη
3121 2365 3250 2426 τοὺς
3291 2366 3351 2416 ὲν
3397 2367 3679 2443 ἀμεριμνίᾳ

2121 2446 2407 2533 διάγοντας
2439 2448 2534 2502 καὶ¹
2561 2448 2730 2521 ἀργία
2750 2466 2764 2481 ο
2799 2443 2944 2505 οὗτοι
2984 2455 3093 2524 γάρ
3133 2458 3270 2510 εἰσιν
3298 2457 3350 2510 οί
3381 2459 3679 2533 καθήμενοιο

2124 2540 2219 2592 καὶ
2244 2532 2393 2634 οὗτοι
2420 2540 2824 2634 παγιδεύονται.
2850 2546 3004 2634 "(iam
3029 2547 3084 2600 δὲ
3114 2551 3329 2620 ἐνεργοὶ
3359 2553 3453 2605 καὶ
3466 2553 3680 2634 δραστή-

2127 2647 2254 2700 ριοι,
2273 2631 2368 2684 καὶ
2389 2633 2640 2701 νηφάλιοι
2663 2636 2793 2704 περὶ
2813 2631 2909 2709 τὴν
2934 2637 3027 2691 τοῦ
3052 2640 3259 2707 ἀγαθοῦ
3286 2644 3544 2712 ἐργασίαν
3566 2631 3677 2709 εἰσὶ,

2127 2723 2222 2776 καὶ
2252 2724 2526 2778 κινοῦνται
2557 2728 2643 2785 ἀεὶ
2687 2727 2823 2795 πρὸς
2867 2729 2928 2781 τὸ
2973 2730 3153 2794 καλόν,
3189 2731 3267 2801 μὴ
3313 2734 3680 2805 ἐγκαθήμενοι,

2128 2814 2223 2869 καὶ
2263 2815 2734 2883 ἑναναπαυόμενοι
2774 2820 2885 2881 τοῖς
2915 2823 3160 2892 γεηροῖς,
3200 2823 3317 2876 ἀλλ’
3366 2826 3682 2896 ἐγειρόμενοι

438 2915 681 2983 lnm,sed
702 2918 815 2972 dies
835 2916 1061 2971 festivus
1081 2934 1094 2971 :
1114 2916 1316 2971 ideirco
1335 2923 1550 2985 oportet
1565 2913 1786 2991 vigilare
1805 2929 1857 2967 et
1868 2925 2021 2969 orare

2131 2904 2399 2967 ἐντεῦθεν,
2452 2906 2547 2958 καὶ
2597 2907 2842 2975 λέγοντες
2891 2911 3123 2976 ἑαυτοῖς.
3189 2913 3427 2969 Ἀνάστα
3484 2922 3573 2969 καὶ
3607 2936 3683 2971 πο-

437 3007 630 3075 Dcum,
674 3018 732 3063 ut
753 3010 1025 3077 possimus
1047 3007 1287 3078 effugere
1318 3008 1497 3063 futura
1527 3008 1729 3064 omnia.
1773 3006 1970 3074 QUalia
1998 3005 2021 3060 ‘P

2129 2996 2306 3068 ρεύου,
2340 2997 2422 3050 ὅτι
2460 2996 2558 3050 οὐκ
2592 2997 2707 3053 ἐστι
2753 3016 2835 3054 σοι
2879 3001 3015 3073 αὕτη
3050 3005 3377 3071 ἀνάπαυσις,
3441 3009 3536 3062 καὶ
3592 3028 3683 3073 πα-

434 3098 708 3156 Fortassis
745 3109 1098 3170 tempestates
1124 3109 1178 3155 et
1213 3100 1406 3167 fames,
1440 3108 1493 3153 et
1533 3098 1892 3170 pestilentias,
1944 3109 2021 3152 at-

2127 3089 2287 3161 τριδα
2318 3093 2605 3163 κρείττονα
2644 3093 2934 3159 ποθοῦντες
2961 3112 2975 3127 ·
3007 3099 3118 3160 τοῖς
3146 3098 3411 3162 τοιούτοις
3433 3101 3532 3155 οὐκ
3555 3101 3684 3158 ἔστιν

436 3206 542 3263 que
567 3191 692 3257 alia,
725 3206 844 3262 ιιυιο
863 3168 1072 3248 electos
1116 3207 1222 3247 non
1253 3193 1327 3245 ita
1354 3168 1597 3261 prement
1630 3200 1687 3246 ut
1708 3168 1873 3258 alios;
1916 3190 2021 3245 imo

2128 3185 2162 3256 ἡ
2192 3185 2372 3254 ἡμέρα
2405 3186 2585 3255 ἐκείνη
2624 3186 2700 3250 ὡς
2727 3186 2891 3255 παγὶς
2923 3191 3014 3242 καὶ
3050 3191 3315 3258 κίνδυνος,
3348 3192 3465 3246 ἀλλ’
3488 3193 3558 3256 ὡς
3580 3197 3683 3265 top-

437 3295 658 3353 prOpter
701 3284 904 3339 electos
948 3283 1068 3339 aliis
1099 3284 1571 3349 decurtabuutur;
1607 3282 1850 3338 fortassis
1898 3282 2021 3337 item

2131 3276 2229 3347 τῆς
2262 3277 2441 3348 ἡμέρα
2460 3294 2474 3308 ’
2501 3277 2582 3331 διὸ
2602 3279 2706 3350 χρὴ
2731 3280 3045 3350 ἀγρυπνεῖν,
3067 3284 3158 3336 καὶ
3180 3284 3400 3338 δέεσθαι
3426 3284 3515 3339 τοῦ
3542 3287 3683 3353 Θεοῦ,

439 3375 578 3435 mala
608 3390 726 3445 quae
749 3376 1123 3445 peccatoribus
1148 3383 1407 3446 perpetuo
1433 3384 1823 3445 superventura
1854 3383 1981 3430 sunt
2008 3390 2022 3427 :

442 3476 563 3531 qua:
593 3464 751 3517 aliter
776 3479 882 3518 non
906 3478 1191 3533 possumus
1204 3465 1461 3534 ell'ugere,
1485 3479 1644 3534 quam
1666 3465 1942 3535 vigilantia
1973 3473 2043 3527 et,

438 3556 706 3610 oratione.
741 3557 1007 3623 Quoniam
1038 3566 1221 3612 autem
1248 3572 1352 3612 non
1379 3556 1781 3627 sotlicitfugere
1801 3558 2022 3621 malum,

447 3649 543 3701 sed
581 3663 718 3718 opus
746 3658 829 3703 est
861 3648 1024 3704 etiam
1052 3649 1196 3705 bono
1230 3651 1521 3719 quopiam:
1552 3660 1834 3719 postquam
1870 3648 2024 3715 dixit,

445 3757 470 3795 ι
499 3736 566 3796 Ut
593 3741 812 3810 possitis
844 3741 1081 3811 en‘ugere
1110 3743 1289 3798 omnia
1321 3744 1435 3797 haec
1454 3752 1703 3806 ventura,
1730 3759 1750 3794 ι
1785 3741 1985 3796 addidit
2010 3756 2026 3801 :

447 3850 470 3886 ι
502 3833 564 3888 lit
587 3844 731 3889 stare
760 3849 940 3889 coram
962 3833 1099 3895 Filio
1119 3835 1371 3899 hominis,
1400 3853 1420 3887 ι
1441 3836 1585 3905 quod
1622 3845 1707 3891 est
1736 3834 1919 3890 fruitio
1940 3836 2031 3889 bo-

442 3942 662 3984 norum.
686 3926 911 3998 Oportet
931 3928 1091 3997 igitur
1110 3926 1482 3983 Christianum
1513 3944 1620 3982 non
1643 3930 1814 3983 solum
1848 3927 2031 3995 fugere

450 4036 666 4088 uipera,
698 4022 791 4075 sed
819 4031 872 4075 et
892 4035 1089 4076 curare
1132 4030 1192 4075 ut
1229 4021 1453 4089 gloriam
1487 4022 1736 4091 accipiat.
1776 4021 2028 4092 Angelica

445 4110 588 4162 enim
649 4112 880 4177 dignitas
913 4120 997 4164 est
1020 4118 1165 4166 stare
1192 4108 1358 4187 464
1396 4126 1580 4166 coram
1624 4110 1759 4167 Filio
1797 4112 2032 4166 hominis

424 4213 501 4267 ,οι
533 4203 641 4258 Deo
673 4213 878 4258 nostro.
929 4222 949 4257 ι
982 4203 1167 4273 Angeli
1199 4188 1340 4275 ejus,
1384 4205 1580 4276 inquit,
1624 4219 1835 4275 semper
1851 4205 2033 4261 vident

443 4291 641 4355 faciem
680 4293 860 4351 Patris
889 4297 1015 4351 mei.
1055 4314 1074 4347 ι

2132 3370 2218 3425 ἵνα
2244 3370 2562 3442 δυνηθῶμεν
2604 3374 2863 3443 ἐκφυγεῖν
2908 3375 3083 3428 πάντα
3129 3376 3197 3430 τὰ
3253 3377 3515 3447 μέλλοντα
3557 3381 3684 3447 γίνε-

2131 3460 2275 3521 σθαι,
2327 3462 2500 3529 Ποίας
2535 3462 2685 3532 Τάχα
2736 3463 2836 3533 μὲν
2883 3464 2977 3517 καὶ
3017 3467 3143 3530 τοὺς
3191 3466 3402 3537 λιμοὺς,
3457 3473 3683 3538 καὶτοὺς

2127 3554 2372 3624 λοιμοὺς,
2425 3555 2520 3608 καὶ
2561 3556 2627 3609 τὰ
2676 3556 2808 3611 ἄλλα
2842 3556 2879 3611 ἃ
2916 3561 3026 3620 τοῖς
3069 3559 3347 3625 ἐκλεκτοῖς
3390 3563 3489 3633 οὐχ
3533 3565 3685 3629 οὕτως

2133 3646 2496 3710 ἐπικείσεται,
2525 3646 2714 3718 ὥσπερ
2745 3651 2838 3703 καί
2863 3652 2971 3710 τοῖς
3001 3651 3180 3715 ἄλλοις
3205 3671 3218 3683 ·
3257 3653 3460 3723 μᾶλλον
3487 3659 3582 3726 μὲν
3606 3654 3684 3709 οὖν

2133 3740 2221 3793 διὰ
2258 3741 2383 3803 τοὺς
2414 3740 2722 3805 ἐκλεκτοὺς,
2750 3744 2843 3794 καὶ
2869 3744 2980 3806 τοῖς
3011 3743 3192 3808 ἄλλοις
3218 3745 3683 3818 κολοϐωθήσονται,

2129 3833 2270 3901 τάχα
2302 3832 2358 3885 δὲ
2388 3833 2484 3886 καὶ
2517 3832 2585 3885 τὰ
2632 3832 2896 3902 μέλλοντα
2939 3838 3050 3899 τοῖς
3089 3837 3431 3908 ἁμαρτωλοῖς
3476 3842 3685 3902 αἰωνίοις

2134 3925 2531 3996 συμϐήσεσθαι.
2565 3927 2782 3981 Ἐκεῖνα
2803 3932 2912 3998 γὰρ
2940 3929 3114 3993 ἄλλως
3145 3933 3206 3984 οὐ
3237 3932 3514 4003 δυνάμεθα
3524 3936 3685 4006 £1?»-

2130 4021 2269 4087 γεῖν,
2303 4019 2352 4071 εί
2394 4019 2468 4089 μὴ
2508 4016 2575 4070 δι’
2618 4020 2925 4088 ἀγρυπνίας
2958 4024 3054 4074 καὶ
3089 4027 3417 4095 προσευχῆς.
3464 4028 3606 4081 Ἐπεὶ
3637 4030 3684 4081 δὲ

2130 4113 2231 4167 οὐκ
2260 4114 2421 4184 ἀρκεῖ
2447 4113 2631 4183 τοῖσγε
2661 4114 3055 4186 μεγαλοψύχοις
3083 4118 3144 4171 τὸ
3177 4122 3369 4187 φυγεῖν
3398 4122 3499 4191 τὴν
3528 4123 3687 4175 κάκω-

2134 4220 2239 4268 σιν,
2275 4202 2411 4256 ἀλλά
2456 4203 2539 4256 δεῖ
2582 4202 2781 4266 αὐτοὺς
2818 4205 2912 4263 καὶ
2969 4207 3174 4275 ἀγαθοῦ
3216 4227 3363 4274 τινος
3406 4215 3686 4284 ἐπιτυχεῖν,

2135 4294 2273 4363 μετὰ
2307 4292 2369 4347 τὸ
2397 4295 2593 4359 εἰπεῖν,
2637 4312 2658 4347 ι
2690 4295 2807 4349 ’Ίνα
2850 4296 3115 4367 δυνηθῆτε
3148 4300 3410 4371 δκφυγεῖν
3440 4305 3609 4359 πάντα
3632 4304 3689 4368 τὰ

448 4389 716 4459 μέλλοντα
766 4388 1011 4457 γίνεσθαι
1029 4428 1045 4456 ,
1077 4406 1098 4442 ι
1154 4388 1463 4459 προσέθηκε
1489 4405 1502 4418 ·
1553 4408 1571 4441 ι
1606 4388 1714 4443 Καὶ
1761 4388 2023 4458 σταθῆναι
2052 4387 2286 4441 ἐνώπιον
2312 4387 2406 4441 τοῦ
2471 4387 2604 4441 Υίοῦ
2625 4386 2720 4441 τοῦ
2782 4388 3071 4461 ἀνθρώπου
3092 4405 3137 4443 ἰ
3162 4394 3299 4464 ὅπερ
3321 4398 3471 4450 ἐστὶν
3491 4399 3690 4467 ἀγαθῶν

445 4485 769 4551 ἀπόλαυσιν.
800 4487 893 4540 Δεῖ
922 4488 1029 4557 γὰρ
1055 4486 1116 4539 οὐ
1144 4486 1303 4557 μόνον
1337 4485 1561 4555 φεύγειν
1588 4487 1657 4539 τὰ
1694 4485 1863 4552 δεινὰ,
1895 4487 2030 4541 ἀλλά
2069 4488 2164 4539 καὶ
2229 4485 2388 4553 δόξαν
2450 4484 2702 4541 σπεύδειν
2736 4485 3035 4554 λαμϐάνειν
3075 4488 3167 4540 τὸν
3200 4490 3549 4560 Χριστιανόν.
3587 4496 3691 4565 ’Δγ,

446 4581 639 4652 γελικὴ
674 4580 730 4634 δὲ
757 4578 882 4645 ἀξία
911 4580 971 4634 τὸ
1012 4581 1262 4635 ἵστασθαι
1293 4581 1606 4652 ἔμπροσθεν
1637 4580 1729 4634 τοῦ
1764 4579 1892 4635 Υίοῦ
1923 4581 2016 4634 τοῦ
2051 4580 2340 4653 ἀνθρώπου
2372 4582 2467 4636 καὶ
2543 4582 2681 4637 Θεοῦ
2723 4584 2902 4653 ἡμῶν.
2971 4604 2990 4637 ι
3025 4587 3087 4640 Ol
3118 4585 3227 4658 γὰρ
3266 4588 3487 4656 ἄγγελοι
3523 4591 3690 4650 αὐτοῦ,

448 4676 604 4743 φησι,
640 4673 731 4729 διὰ
782 4674 982 4737 παντὸς
1033 4674 1291 4745 βλέπουσι
1335 4675 1396 4727 τὸ
1450 4674 1739 4744 πρόσωπον
1777 4673 1871 4727 τοῦ
1921 4675 2131 4746 Πατρός
2160 4693 2283 4746 μου.
2316 4696 2336 4731 ι

529 4768 690 4823 Vens.
720 4767 888 4832 57,58
926 4785 945 4820 ι
978 4767 1218 4823 Docebat
1243 4777 1425 4821 autem
1452 4767 1683 4822 interdiu
1706 4768 1760 4821 in
1785 4767 1985 4837 templo
2013 4784 2021 4821 :

2213 4787 2230 4820 ι
2261 4764 2370 4823 Ἦν
2398 4767 2455 4823 δὲ
2484 4767 2583 4832 τὰς
2613 4769 2825 4840 ἡμέρας
2853 4770 3117 4826 διδάσκων
3145 4775 3202 4827 ὲν
3228 4773 3308 4843 τῷ
3349 4775 3501 4847 ἱερῷ,
3529 4777 3621 4841 τὰς
3649 4777 3694 4830 δὲ

460 4873 621 4916 noctu
654 4876 784 4916 vero
805 4862 994 4916 exiens
1020 4861 1393 4917 diversabatur
1416 4860 1468 4914 in
1493 4869 1673 4915 monte
1693 4862 1784 4931 qui
1805 4871 2031 4917 vocatur

451 4953 765 5020 Olivarum;
796 4962 852 5008 et
878 4952 1055 5008 omnis
1084 4953 1310 5023 populus
1350 4952 1587 5008 diluculo
1629 4953 1927 5009 ventitabat
1956 4954 2024 5010 ad

455 5061 603 5109 eum,
658 5054 718 5100 ut
775 5045 830 5100 in
891 5044 1090 5114 templo
1147 5046 1358 5100 audiret
1409 5060 1553 5101 eum.
1594 5063 1613 5096 ιι
1681 5043 2034 5101 Occultarunt

462 5137 814 5205 Evangelistat
836 5138 997 5192 multa
1017 5152 1138 5208 qua:
1160 5137 1363 5203 docuit,
1381 5148 1437 5191 et
1454 5138 1685 5192 maxime
1706 5146 1816 5192 tres
1843 5135 2035 5192 :Joan-

465 5241 562 5281 nes
594 5235 772 5281 autem
797 5238 849 5282 et
878 5229 992 5297 ipse
1023 5227 1190 5283 multa
1223 5226 1442 5282 silentio
1470 5228 1755 5297 praeteriit,
1819 5241 2037 5283 verum-

463 5328 647 5376 tamen
673 5318 1016 5374 sublimiores
1038 5335 1200 5388 quam
1226 5328 1336 5374 tres
1356 5318 1448 5373 alii
1473 5318 1747 5373 doctrinas
1778 5318 2035 5388 quasdam

460 5410 735 5479 exposuit.
769 5409 934 5476 Igitur
958 5412 1042 5465 bis
1070 5413 1161 5480 qui
1191 5412 1663 5482 congregabantur
1720 5414 1774 5465 in
1818 5409 2037 5479 templo,

460 5501 631 5560 multa
658 5510 714 5556 et
765 5501 1021 5556 sublimia
1051 5502 1373 5572 disserebat,
1424 5511 1482 5559 ut
1540 5503 1851 5575 conjectare
1893 5502 2038 5562 licet.

551 5679 593 5711 “
617 5677 780 5734 Miclt.
819 5693 878 5745 ll,
920 5678 999 5735 i0.

2137 4859 2339 4921 νύκτας
2377 4858 2731 4929 ἐξερχόμενος
2770 4861 3018 4931 ηὐλίζετο
3066 4864 3144 4925 είς
3171 4864 3232 4916 τὸ
3269 4866 3396 4935 ὅρος
3422 4868 3483 4920 τὸ
3526 4869 3698 4922 καλού-

2144 4967 2304 5018 μενον
2343 4950 2569 5003 Ἐλαιῶν
2592 4966 2607 4980 ·
2643 4951 2734 5003 καὶ
2768 4953 2878 5015 πᾶς
2913 4955 2941 5005 ό
2966 4954 3089 5017 λαὸς
3118 4953 3353 5026 ὢρθριζε
3383 4957 3525 5028 πρὸς
3554 4959 3696 5011 αὑτὸν

2142 5042 2200 5094 ὲν
2247 5040 2325 5112 τῷ
2375 5041 2504 5113 ίερῷ
2555 5043 2775 5097 ἀκούειν
2821 5045 3006 5100 αὐτοῦ.
3050 5064 3071 5098 ι
3120 5046 3473 5119 ’Λπέκρυψαν
3522 5052 3617 5122 μὲν
3655 5052 3697 5105 oi

2143 5132 2527 5201 εύαγγελισταὶ
2569 5133 2636 5187 τὰ
2671 5134 2842 5188 πλείω
2874 5129 2946 5190 ὧν
2971 5137 3235 5201 ἐδίδασκε,
3270 5141 3366 5193 καὶ
3399 5142 3631 5210 μάλιστα
3656 5141 3697 5200 οἱ

2138 5225 2319 5290 τρεί;’
2350 5226 2378 5277 ὁ
2426 5222 2482 5276 δέ
2533 5240 2598 5292 γε
2652 5224 2907 5297 Ἰωάννης
2949 5228 3043 5281 καὶ
3093 5230 3255 5295 αὐτὸς
3304 5231 3406 5301 μὲν
3441 5234 3508 5286 τὰ
3544 5232 3696 5289 πλείω

2141 5318 2557 5387 παρεσιώπησε,
2592 5317 2732 5389 πλὴν
2770 5318 2909 5390 ὑπὲρ
2947 5320 3074 5384 τοὺς
3109 5324 3259 5393 τρεῖς
3305 5322 3521 5388 essent:
3560 5339 3694 5385 τινας

2139 5408 2487 5471 διδασκαλίας
2509 5408 2864 5481 ὑψηλοτέρας.
2883 5413 3006 5474 Τοῖς
3032 5415 3416 5483 συναγομένοις
3441 5413 3530 5468 οὖν
3552 5417 3605 5468 ὲν
3627 5412 3694 5482 τῷ

2145 5500 2274 5575 ιερῷ
2304 5502 2474 5559 πολλά
2520 5504 2612 5557 καὶ
2662 5503 2840 5575 ὑψηλὰ
2884 5505 3171 5574 διελέγετο,
3220 5505 3295 5570 ὡς
3337 5506 3454 5561 ἐστι
3484 5503 3687 5575 sexagi-
