3932 6456
118 261 267 326 IOﬁI

764 254 1213 321 ENARREITIO
1254 255 1335 315 IN
1367 256 1861 318 EVANGELIUM
1898 255 2129 317 LI'C.-E.
2164 277 2233 288 -
2275 254 2432 315 CAP.
2473 252 2670 315 XXII.

3246 250 3384 316 1062

110 382 337 449 ρεσθαι.
376 379 497 431 Ὀτι
534 377 644 447 γάρ
678 377 835 445 ὀλίγα
886 371 1039 429 εἶπον
1095 375 1144 427 οί
1191 372 1576 442 εύαγγελισταὶ
1613 374 1696 447 (οὐ

1813 375 1931 428 Nam
1961 388 2124 443 pauca
2154 372 2406 426 dixerunt
2455 371 2824 441 evangelistae,
2883 386 3057 442 neque
3091 376 3382 431 Oslcndere

102 472 231 542 γὰρ
268 467 668 525 ἐπιδείκνυσθαι
714 468 948 539 ἡθελον),
1001 465 1157 537 δῆλον
1197 465 1297 537 μὲν
1346 471 1437 520 καὶ
1472 466 1696 520 ἄλλοθεν

103 562 471 631 πολλαχόθεν,
530 559 626 630 οὐχ
666 560 867 629 ἥκιστα
907 559 963 612 δὲ
1009 558 1102 611 καὶ
1138 556 1517 628 τεκμήρασθαι
1551 556 1696 610 ἔστιν

101 655 145 713 ἀ
161 655 225 707 τὸ
248 653 368 720 τοῦ,
400 655 548 723 τρεῖς
571 652 849 715 ἐνιαυτοὺς
874 652 1058 723 σχεδὸν
1083 652 1439 722 κηρύττοντος
1464 649 1556 707 τοῦ
1584 652 1697 707 Κυ-

106 744 262 817 ρίου,
313 745 501 813 ὀλίγας
540 743 887 808 διδασκαλίας
918 743 1086 800 αὐτοῦ
1129 742 1583 815 ἀναγράψασθαι·
1629 740 1697 804 ἀς

102 838 240 890 ούδέ
287 839 417 908 μιᾶς
448 837 662 907 ἡμέρας
690 835 924 903 διάλεξιν
956 832 1126 891 είπὼν
1157 851 1241 897 τις
1276 833 1486 905 ἱκανὴν,
1519 828 1693 901 οἶμαι,

38 930 52 945 ¹
102 929 174 980 οὐ
212 929 618 999 μεμφοήσεται.
651 928 747 981 Ἐκ
778 927 985 980 πολλῶν
1014 922 1107 983 οὖν
1133 926 1290 994 ὀλίγα
1320 923 1698 995 ἀνεγράψαντο

104 1020 251 1089 ἡμῖν
290 1021 338 1072 οἱ
370 1018 516 1087 ἆγιοι
540 1018 946 1088 εύαγγελισταὶ,
976 1018 1098 1070 ὅσον
1131 1016 1292 1087 μόνον
1321 1014 1500 1085 γεῦμα
1529 1031 1699 1086 παρε-

104 1115 342 1182 χόμενοι
387 1113 487 1183 τῆς
526 1111 884 1181 γλυκύτητος.
920 1109 1203 1177 Διελέγετο
1250 1106 1348 1183 [δὲ]
1392 1107 1453 1161 οὐ
1490 1124 1699 1176 μονοει-

102 1202 242 1265 δῶς,
276 1203 392 1254 ἀλλ’
443 1202 655 1273 ἐκάστῳ
712 1200 774 1254 τὸ
826 1200 1132 1271 πρόσφορον
1176 1199 1266 1249 ἐπι
1310 1196 1439 1258 θείς.
1478 1196 1568 1251 Διὸ
1604 1197 1697 1249 καὶ

102 1293 136 1344 δ
167 1294 331 1362 ὄχλος
364 1291 603 1364 ὤρθριζε
648 1291 782 1363 πρὸς
816 1292 980 1345 αὐτόν
1006 1306 1019 1321 ·
1054 1290 1215 1362 χάρις
1256 1288 1363 1358 γὰρ
1412 1288 1701 1357 ἐξεκέχυτο

104 1388 231 1446 τοῖς
280 1385 519 1453 χείλεσιν
558 1383 742 1441 αὑτοῦ.
790 1381 1003 1445 Νυκτὸς
1046 1381 1103 1434 δὲ
1152 1381 1417 1455 ἀνεχώρει
1458 1380 1592 1449 πρὶς
1639 1378 1701 1430 τὸ

104 1475 267 1543 ὅρος,
317 1474 579 1529 δεικνύων
628 1477 782 1546 ἡμῖν,
820 1475 902 1528 ὅτι
942 1474 1025 1527 δεῖ
1064 1472 1257 1536 νυκτὸς
1312 1471 1413 1542 μὲν
1462 1470 1552 1523 διὰ
1599 1471 1701 1539 τῆς

105 1563 355 1634 ἡσυχίας
380 1563 456 1635 τῷ
495 1562 614 1634 Θεῷ
643 1563 872 1632 ὁμιλεῖν,
908 1562 1120 1640 ἡμέρας
1154 1561 1210 1615 δὲ
1253 1561 1340 1614 διὰ
1371 1560 1464 1629 τῆς
1490 1575 1698 1627 συγκα-

105 1658 404 1720 ταὸάσεως
452 1656 575 1718 τοὺς
623 1655 941 1724 ἀνθρώπους
991 1654 1256 1724 ὠφελεῖν,
1302 1654 1395 1706 καὶ
1448 1653 1701 1719 συνάγειν

1806 466 2114 531 voluerunt,
2161 475 2216 518 et
2246 463 2590 518 manifestum
2614 465 2829 534 quidem
2851 474 2931 519 cst
2958 464 3178 519 aliunde
3200 465 3384 519 tuuttis

1803 573 1867 613 ex
1889 557 2042 621 locis,
2066 565 2123 611 et
2144 571 2211 610 ex
2239 557 2345 610 hoc
2375 570 2479 608 non
2542 570 2733 624 parum
2784 557 3031 611 divinare
3071 571 3381 625 possumus,

1805 664 1928 705 cum
1950 648 2208 703 Dominus
2234 646 2405 701 ferme
2429 660 2523 714 per
2542 646 2831 701 triennimu
2851 648 3182 723 pmaliearit,
3241 649 3383 702 scri-

1814 740 1985 810 psisse
2011 739 2129 793 illos
2159 751 2361 807 paucas
2390 737 2686 799 doctrinas,
2719 753 2854 806 quas
2892 740 3025 791 intra
3051 739 3191 794 dii-m
3217 755 3381 794 unum

1803 832 1851 884 si
1879 830 2003 899 quis
2020 830 2221 884 dixerit
2243 829 2348 883 dici
2368 842 2549 898 posse,
2574 844 2677 881 non
2701 829 3181 898 reprehendendus
3198 834 3378 885 (inerit.

1803 923 1882 982 Ex
1916 922 2098 976 inultis
2148 921 2312 991 igitur
2361 936 2527 990 pauca
2599 922 2752 975 nobis
2821 923 3153 991 scripserunt
3201 924 3379 978 sancti

1803 1013 2171 1081 evangelista,
2194 1023 2407 1082 gustum
2426 1012 2708 1082 quemdam
2735 1013 3032 1066 dulcedinis
3053 1018 3377 1082 praebentes.

1810 1107 2121 1161 Disserebat
2154 1117 2334 1160 autem
2366 1121 2469 1161 nou
2499 1107 2657 1161 unius
2683 1108 2920 1177 generis,
2952 1107 3044 1160 sed
3085 1109 3382 1177 unicuique

1806 1198 2058 1252 idoneum
2086 1213 2390 1253 scrmoaem
2421 1198 2710 1265 referebat,
2731 1199 2851 1251 ideo
2882 1208 2932 1251 et
2963 1200 3114 1250 turba
3141 1199 3380 1253 diluculo

1808 1290 2059 1344 veniebat
2089 1290 2154 1344 ad
2184 1305 2330 1345 eum.
2367 1289 2551 1345 Gratia
2604 1291 2748 1345 enim
2799 1289 3048 1344 eilluebat
3108 1306 3171 1345 ex
3227 1290 3384 1346 labiis

1807 1379 1942 1449 ejus,
1972 1378 2144 1435 Nocte
2173 1395 2300 1436 vero
2328 1381 2614 1435 secedebat
2641 1380 2707 1435 ad
2759 1392 3018 1447 montem,
3072 1392 3385 1436 monstrans

1809 1473 1965 1525 nobis
1993 1473 2133 1541 quod
2153 1481 2405 1540 oporteat
2437 1485 2596 1529 noue
2620 1472 2835 1543 quidem
2868 1488 2963 1542 per
2990 1473 3226 1541 quietem
3262 1472 3379 1527 col-

1810 1562 1952 1631 loqui
1972 1579 2094 1618 eum
2114 1561 2244 1628 Deo,
2271 1565 2359 1620 die
2381 1576 2560 1620 autem
2587 1580 2788 1620 morem
2812 1580 3019 1636 gerere,
3044 1574 3096 1619 et
3122 1566 3380 1634 prodesse

1809 1652 2143 1721 hon'iuibus,
2176 1666 2229 1710 et
2256 1670 2588 1728 congregare
2640 1658 2853 1726 quidem
2885 1667 3061 1719 nocte,
3092 1656 3179 1711 die
3202 1668 3381 1712 autem

112 1746 223 1822 μὲν
250 1748 464 1810 νυκτὸς,
503 1744 789 1799 διαδιδόναι
813 1745 872 1798 δὲ
902 1744 971 1797 τὰ
999 1744 1311 1818 συνηγμένα
1335 1742 1568 1815 ἡμέρας.
1596 1741 1705 1795 Δύ-

1814 1745 2142 1800 dismbuere
2196 1757 2540 1817 congregata.
2592 1747 2711 1817 Ipse
2763 1755 2939 1801 autem
2994 1763 3098 1801 non
3150 1748 3385 1803 habebat

108 1841 209 1901 τὸς
242 1841 345 1907 μὲν
375 1835 469 1892 οὖν
507 1839 606 1892 οὐκ
641 1838 812 1895 ἐδεῖτο
843 1838 1167 1913 προσευχῆς,
1209 1838 1241 1906 ἢ
1281 1836 1416 1909 πρὸς
1445 1836 1577 1888 Θεὸν
1608 1852 1702 1891 συ·

111 1931 415 2002 ναγωγῆςο
443 1932 502 1984 ού
551 1930 661 2003 γὰρ
698 1926 843 2001 εἶχεν
872 1931 953 1995 είς
996 1930 1025 1984 ὃ
1063 1947 1117 1983 τι
1161 1929 1401 2001 συσταλῇ
1441 1928 1604 1991 αὐτὸς
1630 1927 1706 1980 ὢν

112 2021 280 2085 θεός.
329 2022 488 2092 Ἡμῖν
533 2020 588 2074 δὲ
634 2020 806 2074 ταῦτα
856 2021 991 2093 πρὸς
1040 2012 1391 2075 ὑποτύπωσιν
1436 2018 1704 2084 τέθεικεν,

117 2112 211 2165 ἵνα
253 2114 398 2166 κατά
429 2114 498 2166 τὰ
533 2111 743 2187 φρέατα
792 2111 984 2176 νυκτὸς
1033 2112 1132 2183 μὲν
1181 2110 1465 2182 δεχώμεθα
1512 2110 1610 2179 τὴν
1641 2110 1708 2161 ἐκ

113 2203 235 2255 τῶν
277 2203 665 2273 πνευματικῶν
695 2202 911 2271 φλεϐῶν
941 2203 1039 2272 τῆς
1084 2204 1392 2275 προσευχῆς
1423 2203 1705 2274 σύρροιαν,

116 2292 345 2366 ἡμέρας
369 2292 426 2346 δὲ
453 2292 833 2364 ἐξαντλώμεθα
860 2293 948 2353 διὰ
974 2293 1082 2347 τῶν
1111 2293 1378 2364 ὠφελείας
1414 2293 1705 2364 δεομένων.

127 2386 285 2440 Ἰδὼν
315 2385 411 2441 οὖν
449 2385 514 2440 ἀν
546 2403 628 2450 τις
666 2386 787 2440 τότε
818 2386 907 2439 τὸν
937 2386 1064 2440 λαὸν
1097 2385 1418 2458 ὀρθρίζοντα
1450 2385 1586 2456 πρὸς
1616 2384 1709 2438 τὸν

128 2476 373 2548 Ἰησοῦν,
405 2476 545 2531 ὥστε
574 2478 797 2538 ἀκούειν
839 2477 1028 2544 αὐτοῦ,
1075 2474 1229 2532 εἶπεν
1268 2476 1529 2549 ἁρμόζειν
1559 2477 1709 2550 αὐτῷ

116 2569 187 2622 τὰ
229 2568 326 2622 τοῦ
357 2568 519 2623 Δαυτδ
549 2569 764 2637 λέγειν·
804 2588 823 2623 s
865 2570 924 2625 '0
963 2570 1116 2636 Θεὸς,
1166 2573 1196 2624 ὁ
1232 2570 1363 2634 Θεός
1406 2587 1531 2642 μου,
1570 2570 1710 2641 πρὸς

118 2661 181 2714 σὲ
213 2660 455 2732 ὀρθρίζω
475 2678 490 2694 σ
516 2662 735 2734 ἐδίψησε
766 2679 824 2714 σε
853 2663 885 2733 η
914 2661 1061 2734 ψυχή
1096 2679 1218 2725 μου.
1263 2681 1283 2715 s

730 2776 957 2830 ΚΕΦᾹΛ
999 2777 1129 2829 KB’.

119 2884 269 2952 "api
291 2883 402 2956 τοῦ
428 2886 660 2956 Πάσχα.
688 2887 828 2953 Περὶ
858 2883 978 2938 τῶν
1016 2879 1587 2956 φιλονεικησάιτων,
1621 2885 1712 2951 τίς

188 2954 434 3023 μείζων.
465 2954 603 3024 Περὶ
643 2958 753 3023 τῆς
782 2956 1145 3021 ἐξαιτήσεως
1170 2956 1276 3008 τοῦ
1308 2954 1565 3010 Σατανᾶ.
1604 2958 1713 3009 Ile-

186 3028 263 3095 ρὶ
296 3024 405 3094 τῆς
432 3028 805 3095 συλλήψεως
836 3026 940 3080 τοῦ
966 3026 1242 3094 Χριστοῦ.
1260 3028 1399 3095 Περὶ
1425 3026 1533 3095 τῆς
1558 3025 1713 3085 ἀπα-

197 3097 405 3165 γωγῆς
439 3097 546 3151 τοῦ
582 3097 783 3167 Ἰησοῦ
811 3097 961 3164 πρὸς
987 3097 1286 3165 ἀρχιερέα.

212 3231 233 3264 ι
275 3213 506 3281 Ἤγγιζε
558 3212 615 3265 δὲ
653 3214 685 3283 η
728 3211 890 3283 ἑορτὴ
924 3212 1031 3265 τῶν
1077 3211 1324 3283 Ἀζύμων
1361 3214 1394 3282 ἡ
1443 3211 1710 3283 λεγομένη

121 3306 350 3374 πάσχω
373 3306 468 3358 καὶ
497 3305 725 3377 ἐζήτουν
753 3307 801 3358 oi
821 3306 1119 3376 ἀρχιερεῖς,
1142 3306 1236 3358 καὶ
1258 3308 1306 3359 ot
1335 3305 1709 3377 Γραμματεῖς,

121 3399 185 3450 τὸ
232 3398 356 3460 πῶς
411 3397 674 3451 ἀνέλωσιν
724 3397 885 3451 αὐτόν
909 3412 925 3429 ο
969 3396 1263 3469 ἐφοϐοῦντο
1290 3396 1400 3468 γὰρ
1431 3397 1523 3450 τὸν
1556 3398 1707 3452 λαόν.

126 3490 372 3559 Εἰσῆλθε
398 3489 455 3542 δὲ
483 3490 512 3542 ὁ
537 3490 783 3553 Σατανᾶς
817 3490 897 3552 είς
936 3489 1136 3543 Ἰούδαν
1159 3490 1249 3542 τὸν
1282 3490 1711 3560 ἐπικαλούμενον

138 3582 529 3654 Ἰσκαριώτην,
560 3583 689 3637 ὄντα
722 3583 788 3636 ἐκ
813 3581 908 3635 τοῦ
937 3581 1171 3653 ἀριθμοῦ
1201 3584 1308 3635 τῶν
1338 3582 1563 3637 δώδεκα.
1602 3583 1712 3637 Καὶ

126 3671 389 3730 ἀπελθὼν
428 3673 755 3745 συνελάλησε
802 3675 914 3737 τοῖς
961 3672 1312 3745 ἀρχιερεῦσι,
1350 3675 1442 3727 καὶ
1478 3690 1710 3746 στρατη-

126 3770 274 3835 γοῖς.
320 3765 380 3819 τὸ
431 3766 547 3829 πῶς
578 3766 741 3825 αὐτὸν
788 3765 1100 3831 παραδώσει
1136 3766 1341 3829 αὐτοῖς.
1374 3765 1486 3819 Καὶ
1514 3766 1715 3838 ἐχάρη-

129 3875 258 3920 σαν,
302 3858 396 3908 καὶ
429 3857 712 3910 συνέθεντο
755 3866 902 3927 αυτῳ
935 3856 1197 3926 ἀργύριον
1235 3855 1435 3909 δοῦναι.
1483 3855 1593 3927 ΚΑαὶ
1628 3858 1715 3922 ἐξ·

128 3946 484 4016 ωμολόγησε,
532 3947 629 3999 καὶ
675 3945 855 4015 ἐζήτει
902 3943 1190 4015 εὐκαιρίαν
1238 3943 1333 3995 τοῦ
1373 3922 1713 4015 παραδοῦναι

130 4040 307 4097 αὑτὸν
365 4040 548 4101 αὐτοῖς
594 4040 728 4108 ἄτερ
784 4036 963 4107 δχλου.
1000 4054 1019 4087 ι
1084 4036 1339 4106 Ἐζήτουν
1400 4035 1501 4105 μὲν
1550 4036 1714 4088 αὑτὸν

130 4132 352 4185 ἀνελεῖν
380 4134 431 4184 οι
462 4132 813 4203 Γραμματεῖς
834 4148 847 4160 ·
875 4130 998 4182 ἐπεὶ
1032 4130 1091 4183 δὲ
1129 4131 1158 4182 ὁ
1191 4130 1381 4198 καιρὸς
1404 4126 1498 4180 τοῦ
1532 4128 1716 4198 πάσχα

132 4223 483 4292 ἐφειστήκει,
533 4226 625 4275 καὶ
672 4222 916 4276 κίνδυνον
961 4219 1148 4291 ἐώρων
1195 4221 1260 4273 ἐκ
1310 4221 1498 4273 τούτου
1534 4220 1715 4282 αὐτοῖς

133 4317 247 4369 ἀπὸ
287 4312 382 4366 τοῦ
408 4311 535 4366 λαοῦ
572 4312 960 4381 συναγομένου,
993 4310 1225 4381 μάλιστα
1260 4309 1346 4364 διὰ
1378 4309 1476 4380 τὴν
1500 4310 1713 4381 ἑορτὴν,

1806 1849 1942 1904 opus
1971 1837 2234 1904 oratione,
2288 1838 2369 1891 vel
2426 1839 2834 1894 conversatione
2890 1854 3013 1892 eum
3075 1838 3205 1895 Deo.
3263 1838 3381 1895 Non

1807 1928 1950 1981 enim
1983 1937 2099 1982 erat
2127 1929 2194 1983 ad
2230 1944 2389 1997 quem
2420 1945 2478 1984 se
2507 1929 2757 1985 conferre
2809 1940 3039 1999 poterat,
3092 1947 3218 1985 cum
3267 1933 3384 2001 ipse

1807 2029 1954 2073 esset
1984 2017 2148 2075 Deus.
2170 2020 2335 2076 Nobis
2361 2032 2538 2075 autem
2565 2021 2679 2076 hmo
2707 2023 2772 2075 ad
2832 2023 3054 2090 tigni-am
3095 2024 3323 2091 przelulit
3362 2039 3379 2079 :

1809 2116 1869 2163 ut
1897 2113 2034 2178 apud
2056 2111 2256 2166 ﬂuenta
2289 2123 2445 2167 nocte
2470 2111 2689 2181 quidem
2730 2113 3058 2184 accipiamus
3116 2116 3383 2169 orationis

1809 2199 2011 2256 ﬂuxum
2049 2217 2113 2257 ex
2141 2203 2513 2270 spiritualibtts
2536 2203 2709 2267 venis,
2728 2204 2813 2257 die
2840 2214 3017 2259 autem
3044 2204 3385 2261 eﬂ'undatnus

1809 2294 2001 2348 hausta
2053 2294 2136 2347 his
2168 2294 2260 2364 qui
2292 2308 2428 2364 opus
2479 2293 2696 2349 habent.
2755 2295 2823 2347 At
2877 2294 2920 2347 si
2983 2293 3106 2362 quis
3161 2293 3385 2351 vidisset

1808 2384 2067 2451 pupulum
2104 2384 2176 2464 ita
2209 2399 2368 2440 mane
2398 2385 2464 2439 ad
2505 2385 2830 2439 audiendum
2861 2384 3243 2449 conﬂuentem,
3294 2390 3381 2441 di-

1808 2484 1958 2530 ceret
1987 2490 2287 2545 congruere
2306 2476 2355 2529 ei
2388 2475 2517 2530 illud
2541 2476 2763 2531 Davidis
2792 2493 2808 2532 :
2842 2493 2863 2529 ι
2887 2476 3028 2532 Deus
3047 2478 3191 2533 Deus
3210 2495 3381 2545 meus,

1812 2569 1878 2623 ad
1908 2576 1960 2625 te
1998 2569 2065 2623 de
2093 2568 2211 2626 luce
2232 2570 2414 2641 vigilo.
2439 2570 2621 2626 Sitivit
2648 2572 2702 2625 in
2732 2579 2783 2624 te
2799 2572 2980 2625 anima
3012 2586 3129 2625 mea
3154 2572 3218 2626 ".
3252 2591 3270 2624 ι

2371 2775 2600 2834 CAPUT
2634 2775 2798 2835 XXII.

1815 2895 1890 2952 De
1911 2895 2143 2951 Pascha.
2216 2894 2294 2967 ρο
2352 2896 2670 2967 rimantibus,
2699 2896 2812 2964 quis
2846 2895 3038 2967 major.
3068 2894 3141 2952 De
3173 2897 3388 2967 querela

1912 2968 2153 3022 Satauw.
2206 2965 2281 3019 De
2328 2966 2785 3033 ratitprehensione
2834 2964 3052 3021 Christi.
3115 2964 3386 3031 Quomodo

1883 3035 2123 3092 Christus
2168 3036 2236 3090 ad
2271 3037 2557 3105 principem
2580 3037 2909 3090 sacerdotum
2942 3037 3129 3091 ductus
3150 3039 3242 3093 sit.

1883 3217 2196 3279 Vens.'I-6.
2230 3237 2248 3272 t
2281 3217 2522 3273 Instabat
2548 3226 2724 3273 autem
2764 3220 2878 3275 dics
2916 3219 3090 3278 festus
3147 3220 3386 3293 Azymo-

1813 3330 1930 3370 rum
1970 3313 2060 3385 qui
2098 3311 2297 3368 dicitur
2346 3310 2566 3381 pascha,
2629 3321 2685 3365 et
2737 3312 3053 3380 quatiebant
3113 3314 3388 3384 principes

1810 3404 2155 3462 sacerdotqu
2183 3411 2237 3458 et
2282 3400 2486 3457 Scribat
2534 3401 2805 3470 quomodo
2833 3416 2957 3459 eum
2998 3402 3385 3467 interﬁcerent,

1811 3496 2099 3551 Timebant
2128 3494 2271 3550 enim
2301 3494 2533 3564 plebem.
2563 3494 2787 3549 Intravit
2840 3506 3019 3549 autem
3070 3494 3298 3549 Satanas
3329 3496 3385 3550 in

1808 3587 2002 3645 ludam
2040 3590 2123 3641 cui
2174 3601 2473 3657 ceguomcn
2507 3597 2620 3642 erat
2665 3587 2971 3653 IsCariotes,
3037 3588 3127 3656 qui
3184 3598 3301 3643 erat
3357 3605 3389 3645 e

1813 3693 2035 3733 numero
2052 3678 2354 3741 duodecim,
2375 3677 2635 3747 abiitque,
2662 3690 2716 3732 et
2740 3678 2948 3732 locutus
2978 3685 3061 3731 ομι
3087 3692 3206 3730 cum
3239 3678 3389 3744 prin-

1811 3769 2021 3835 uiribus
2037 3768 2399 3824 sacerdotum.
2419 3783 2481 3821 ac
2504 3766 3207 3836 ducibus,quemadmodum
3234 3768 3382 3820 illum

1815 3859 2049 3914 traderet
2079 3859 2181 3913 eis.
2210 3858 2273 3911 Et
2317 3858 2481 3926 gavisi
2524 3865 2668 3920 sunt,
2712 3872 2774 3911 ac
2798 3858 2938 3926 pacti
2959 3859 3386 3927 suutpecuuiam

1815 3951 1891 4007 illi
1925 3967 1984 4007 se
2014 3956 2254 4006 daturos.
2287 3951 2351 4004 Et
2386 3951 2474 4007 ille
2507 3953 2795 4021 Spopoudit
2828 3970 2843 4006 :
2876 3954 3259 4022 quaerebatque
3286 3970 3387 4025 op.

1815 4044 2195 4116 portnttitatetn
2219 4053 2273 4099 ul
2297 4042 2527 4098 traderet
2548 4044 2690 4097 illum
2716 4042 2998 4117 illis
3019 4045 3133 4100 sine
3151 4047 3325 4101 turba.
3361 4066 3382 4101 ι

1815 4138 2141 4204 Quaerebam
2190 4136 2407 4206 quidem
2462 4135 2607 4189 iltmn
2672 4136 2985 4191 interimere
3046 4135 3251 4193 Scribat
3286 4156 3300 4193 :
3332 4148 3389 4193 at

1816 4229 1941 4298 quia
1986 4238 2197 4297 tempus
2239 4227 2452 4297 pascha:
2476 4226 2735 4294 instabat,
2775 4238 2828 4281 et
2856 4227 3109 4282 videbant
3132 4230 3233 4283 sibi
3266 4229 3390 4285 inde

1818 4317 2116 4387 periculum
2170 4318 2455 4370 imminere
2499 4332 2526 4368 a
2570 4321 2724 4369 turba
2762 4331 2902 4386 .qute
2962 4319 3393 4388 congregabantur

132 4408 372 4476 ἐζήτουν
424 4406 608 4460 λοιπὸν
662 4406 905 4474 μέθοδον,
954 4404 1068 4465 πῶς
1118 4402 1397 4466 ἀνελόντες
1451 4402 1612 4456 αὑτὸν
1655 4404 1708 4456 ού

1825 4409 2056 4463 maxime
2092 4416 2311 4477 propter
2345 4407 2484 4460 diem
2517 4406 2736 4471 festum,
2776 4406 3085 4476 quaerebant
3144 4410 3388 4475 insilias,

134 4498 601 4554 κινδυνεύσουσιν.
660 4499 890 4569 Είσῆλοε
938 4498 993 4551 δὲ
1034 4499 1064 4550 ό
1105 4497 1345 4558 Σατανᾶς
1392 4496 1472 4557 είς
1513 4495 1714 4555 Ἰούδαν

132 4593 274 4646 ὄντα
322 4593 388 4645 ἐκ
427 4591 518 4646 τοῦ
563 4591 796 4663 ἀριθμοῦ
846 4589 951 4643 τῶν
1004 4588 1230 4651 δώδεκα,
1283 4590 1527 4641 τουτέστι
1556 4602 1568 4614 ’
1622 4588 1717 4641 καὶ

132 4688 317 4740 ταῦτα
354 4688 417 4738 ἐκ
444 4687 553 4740 τῶν
598 4686 811 4740 οἰκείων
848 4686 975 4739 ὄντα
1023 4688 1115 4738 καὶ
1147 4684 1385 4753 γνησίων
1420 4681 1675 4751 μαθητῶν
1697 4698 1712 4711 ⁸

137 4780 226 4832 ἶνα.
267 4778 460 4849 μηδεὶς
491 4778 667 4850 θαρῇ
704 4777 787 4847 ἐφ’
813 4777 1010 4847 ἐαυτῷ,
1042 4777 1177 4829 ἀλλὰ
1219 4777 1448 4829 πάντοτε
1479 4774 1718 4846 προσέχῃ

132 4881 201 4947 τῇ
236 4877 417 4948 οἰκείᾳ
446 4878 580 4947 ζωῇ,
628 4875 703 4938 ὡς
734 4873 904 4929 δεινὸν
941 4871 1236 4926 ἀντίπαλον
1276 4871 1436 4939 ἔχων.
1472 4869 1625 4931 Τινὲς
1659 4869 1719 4921 δὲ

131 4971 218 5030 τὸ,
270 4988 289 5019 ι
338 4970 507 5021 Ὄντα
556 4968 620 5020 ὲκ
663 4964 758 5019 τοῦ
801 4964 1036 5035 ἀριθμοῦ
1078 4964 1187 5016 τῶν
1222 4962 1449 5024 δώδεκα,
1479 4978 1496 5012 ι
1549 4959 1719 5021 οὕτως

135 5064 399 5132 ἐνόησαν,
420 5060 540 5116 ἀντὶ
562 5059 676 5126 τοῦ,
705 5058 961 5128 Ἀριθμὸν
986 5056 1143 5127 μόνον
1160 5053 1467 5125 πληροῦνται
1493 5053 1722 5105 ἀποστο-

135 5157 319 5221 λικδν,
364 5157 464 5208 ούκ
505 5152 801 5207 ἀπόστολον
835 5151 964 5204 ὄντα
997 5148 1248 5220 ἀληθινὸν
1295 5148 1388 5199 καὶ
1434 5144 1680 5216 μαθητήν
1704 5159 1719 5175 ο

136 5252 264 5311 πῶς
297 5248 409 5319 γὰρ
439 5244 645 5318 ἀληθὴς
672 5243 918 5316 μαθητὴς
951 5243 979 5295 ὁ
1010 5242 1255 5294 κλέπτων
1271 5239 1335 5292 τὰ
1369 5240 1425 5290 ὲν
1447 5236 1522 5307 τῷ
1542 5239 1719 5304 γὶωσ-

139 5340 371 5409 σοκόμῳ
432 5338 764 5409 βαλλόμενα;
789 5335 975 5398 Οὕτως
1006 5329 1098 5387 οὖν
1118 5329 1427 5385 εἰσελθόντα
1455 5328 1533 5391 είς
1557 5327 1719 5380 αὑτὸν

138 5436 239 5489 τὸν
271 5432 520 5485 Σατανᾶν
553 5429 789 5494 ἐδέξατο,
830 5428 925 5481 καὶ
970 5424 1318 5494 συνεφώνησε
1349 5423 1461 5483 τοῖς
1494 5417 1718 5491 ζητοῦσι

138 5526 237 5580 τὸν
293 5522 501 5593 Ἰησοῦν
550 5521 926 5593 παραδοῦναι·
969 5517 1126 5572 τοῦτο
1171 5515 1279 5587 γὰρ
1327 5512 1580 5584 σημαίνει
1624 5510 1716 5575 τὸ,

223 5710 266 5745 ³³
302 5706 445 5761 I‘sal.
471 5720 602 5768 ιλιι,
638 5704 691 5770 1,
720 5702 774 5757 '2.

1818 4501 2089 4569 quomodo
2120 4498 2408 4553 interfecto
2435 4497 2525 4551 illo
2546 4513 2654 4551 non
2689 4499 3142 4566 periclitarentur.
3164 4500 3392 4556 Intravit

1814 4605 1991 4646 autem
2016 4591 2244 4645 Satanas
2276 4591 2325 4641 in
2350 4587 2543 4645 Judam
2606 4590 2698 4658 qui
2737 4599 2855 4643 erat
2912 4597 3049 4643 unus
3078 4606 3107 4642 e
3162 4607 3390 4644 numero

1817 4684 2127 4745 duodecim,
2153 4691 2377 4750 eratque
2407 4697 2471 4734 ex
2501 4682 2733 4736 maxime
2763 4681 3123 4737 familiaribus
3147 4684 3388 4751 discipu-

1818 4777 1886 4831 lis
1923 4793 1938 4831 :
1972 4786 2030 4829 ut
2059 4774 2235 4828 nullus
2262 4774 2496 4828 confidat
2529 4773 2580 4826 in
2610 4774 2808 4843 seipso,
2836 4774 2932 4830 sed
2965 4789 3178 4843 semper
3207 4785 3386 4829 atteu...

1816 4868 1908 4921 dat
1936 4867 2058 4920 vita:
2087 4872 2445 4933 suae,~utpote
2486 4877 2702 4934 gravem
2739 4863 2943 4918 habens
2994 4865 3388 4922 adversarium.

1818 4957 2047 5023 Quidam
2081 4963 2259 5007 autem
2292 4953 2369 5007 sic
2393 4951 2773 5005 intellexerunt
2799 4970 2814 5007 :
2842 4951 2943 5018 Qui
2975 4961 3091 5007 erat
3114 4967 3389 5008 enumera

1820 5047 2125 5112 duodecim,
2167 5059 2450 5099 numerum
2481 5042 2653 5099 solum
2709 5043 2966 5112 implebat
3014 5043 3389 5113 apostolicum,

1821 5156 1927 5195 non
1961 5147 2020 5193 ut
2055 5136 2351 5207 apostolus,
2378 5150 2475 5190 nec
2494 5144 2551 5189 ut
2574 5150 2730 5188 verus
2757 5134 3075 5205 discipulus.
3108 5136 3392 5200 Quomodo

1824 5235 1966 5290 enim
1994 5247 2156 5287 verus
2190 5231 2513 5299 discipulus,
2548 5232 2638 5298 qui
2669 5229 2878 5283 furatur
2926 5244 3045 5299 quae
3091 5229 3142 5283 in
3180 5243 3393 5281 tnarsuq

1826 5328 1972 5395 pium
2011 5320 2399 5378 mittebantur?
2423 5320 2509 5375 Sic
2529 5321 3099 5391 igituringredientein
3133 5319 3187 5374 in
3216 5321 3389 5389 ipsum

1827 5419 2084 5471 Satanam
2124 5413 2380 5481 suscepit,
2413 5420 2468 5467 et
2499 5412 2829 5481 conspiravit
2861 5426 2985 5466 cum
3024 5410 3390 5482 quaerentibus

1835 5508 2011 5565 Iesum
2047 5506 2278 5561 tradere.
2305 5502 2414 5557 lloc
2444 5502 2585 5557 enim
2615 5501 2904 5574 signiﬁcat,
2938 5502 3255 5574 Spopondit,
3290 5500 3394 5557 hoc
