3932 6456
530 248 664 312 1062

1410 237 1990 301 ΤΙΙΕΟΡΣῙῩΙ.ΑΟΤ[
2030 234 2449 295 BULGARl/E
2484 231 2835 294 ARCHIEP.

3612 227 3733 293 ιθθί

524 378 627 424 est.
661 360 950 432 perfectam
991 355 1404 428 promissionem
1450 366 1504 409 et
1556 365 1771 424 pactum
1831 353 1975 407 fecit.
2033 352 2092 407 Et

2217 370 2223 401 l
2270 348 2731 417 Ἐξωμολόγησεν,
2759 366 2777 399 ι
2816 344 2938 400 ἀντὶ
2966 344 3082 412 τοῦ,
3107 343 3335 409 Τελείας
3356 343 3636 414 ὁμολογίας
3663 350 3744 400 καὶ

525 450 1289 525 qttmrcbatopportunitatem
1345 447 1559 516 quando
1630 445 1896 500 inveniret
1945 443 2093 497 illum

525 546 643 601 sine
671 542 849 602 turba,
878 542 981 594 hoc
1005 546 1108 601 est,
1141 535 1369 592 scorsim
1401 543 1456 589 ct
1489 533 1816 596 solitarium,
1866 538 1921 584 et
1968 527 2096 597 ipsis

527 635 782 690 traderet.
817 630 1165 701 Magistratus
1197 636 1375 682 autem
1417 625 1532 680 loco
1564 626 1665 679 hoc
1695 631 1849 676 vocat
1904 618 2096 690 prtere-

525 737 642 781 ctos
659 725 902 782 aediliciis
936 721 1141 790 templi,
1172 719 1252 774 vel
1283 718 1446 774 etiam
1479 729 1754 781 censores,
1780 722 1836 767 ut
1871 711 1967 784 qui
1999 726 2098 766 cu-

526 832 709 876 rarent
734 835 794 873 ea
826 832 947 887 qua:
977 815 1043 871 ad
1073 815 1273 870 bonum
1312 812 1555 867 ordinem
1582 810 1904 865 servandum
1932 806 2097 876 perti-

524 912 748 965 nebant.
778 906 1141 963 Prmlecerant
1165 902 1307 957 enim
1335 899 1562 954 Romani
1585 898 1846 967 quosdam
1879 894 2095 965 populo,

526 1010 689 1056 utne
745 997 1076 1060 turbaretur,
1129 990 1568 1061 quandoquidem
1625 986 1868 1042 seditiosi
1920 992 2094 1040 erant.

526 1093 650 1150 Illos
695 1092 858 1159 igitur
894 1098 1051 1142 vocat
1101 1085 1462 1154 στρατηγοὺς,
1527 1079 1893 1149 magistratus.
1961 1073 2099 1130 For-

531 1185 691 1238 tassis
738 1190 913 1235 autem
943 1188 995 1232 et
1031 1174 1284 1230 militaria
1340 1185 1562 1226 munera
1609 1170 1974 1223 credebantur
2018 1165 2099 1220 eis

526 1278 618 1345 qui
648 1284 805 1330 erant
845 1288 909 1327 ex
963 1267 1282 1324 sacerdotali
1310 1264 1522 1329 ordine,
1568 1264 1710 1317 unde
1750 1262 2101 1329 magistratus

527 1379 579 1422 et
605 1370 768 1421 duces
788 1363 935 1418 dicti.
1005 1359 1314 1416 Ambitione
1361 1356 1503 1411 enim
1549 1354 1856 1408 laborantes
1901 1362 1954 1406 et
2013 1350 2098 1404 illa

527 1458 699 1513 oliicia
729 1455 1051 1510 invadebant
1081 1467 1097 1505 :
1135 1449 1277 1504 unde
1309 1462 1405 1501 eos
1438 1445 1788 1515 magistratus
1831 1451 1886 1497 et
1935 1441 2100 1496 duces

530 1550 712 1617 templi
732 1546 1048 1610 uOminavil,
1080 1540 1417 1605 manifestius
1448 1537 1585 1594 forte
1618 1545 1811 1591 laxans
1843 1535 1989 1591 illos.

602 1640 761 1695 Vens.
790 1636 945 1693 7-13.
987 1652 1008 1686 ι
1060 1632 1214 1689 Venit
1263 1643 1441 1685 autem
1489 1628 1604 1683 dies
1644 1626 1995 1698 Azymorum,
2042 1622 2097 1679 in

526 1746 631 1800 qua
671 1741 893 1782 necesse
924 1734 1040 1779 crat
1072 1719 1338 1776 immolari
1363 1718 1586 1788 pascha.
1622 1715 1688 1771 Et
1715 1714 1861 1769 misit
1885 1712 2099 1767 Petrum
2133 1701 2174 1756 Β

527 1838 593 1880 ac
618 1820 903 1883 Joannem,
930 1818 1115 1870 dicens
1145 1831 1158 1869 :
1192 1812 1394 1867 Euntes
1441 1817 1630 1880 parate
1680 1806 1833 1861 nobis
1883 1804 2102 1874 pascha,

528 1926 583 1967 ut
616 1913 859 1966 edamus.
897 1909 967 1962 At
1013 1906 1086 1959 illi
1134 1904 1388 1963 dixerunt
1417 1902 1467 1956 ei
1495 1918 1509 1952 :
1542 1899 1643 1955 Ubi
1673 1898 1758 1952 vis
1805 1893 2106 1967 paremus?

530 2006 596 2059 Et
626 2002 760 2056 dixit
785 2003 851 2054 ad
874 2013 968 2053 eos
993 2013 1009 2051 :
1047 1997 1186 2051 Ecce
1215 1992 1611 2048 introeuntibus
1639 1988 1795 2045 vobis
1836 1986 1890 2041 in
1918 1986 2107 2055 civita-

539 2105 667 2156 tem,
698 2103 953 2146 occurret
985 2092 1143 2143 homo
1169 2086 1386 2155 quidam
1446 2097 1541 2137 vas
1593 2094 1746 2149 aqua:
1808 2088 2104 2133 testaceum

530 2194 773 2251 portans.
805 2178 1100 2249 Sequimini
1133 2192 1257 2233 eum
1281 2177 1335 2229 in
1359 2174 1575 2230 domum
1614 2172 1667 2226 in
1711 2184 1873 2241 quam
1915 2169 2103 2231 intrat,

533 2289 583 2330 et
612 2273 803 2329 dicetis
826 2270 1199 2341 patrifamilias
1223 2269 1417 2323 aedium
1449 2282 1464 2323 :
1494 2265 1636 2320 Dicit
1675 2263 1768 2316 tibi
1796 2258 2055 2329 magister
2087 2272 2103 2311 :

542 2366 640 2422 Ubi
659 2374 741 2421 est
760 2364 1145 2427 diversorium,
1170 2360 1258 2416 ubi
1291 2357 1495 2430 pascha
1515 2371 1637 2410 cum
1664 2351 1943 2422 discipulis
1973 2350 2108 2405 meis

533 2461 688 2523 edam
714 2458 736 2511 τ
770 2458 836 2513 Et
859 2455 974 2526 ipse
1002 2453 1250 2510 ostendet
1303 2452 1456 2505 vobis
1484 2446 1822 2505 caenaculqu
1854 2458 2105 2514 maguum

534 2560 793 2613 stratum,
833 2548 902 2603 ibi
922 2557 1129 2617 parate.
1154 2544 1357 2600 Euntes
1386 2551 1566 2597 autem
1608 2540 1935 2596 invenerunt
1967 2540 2109 2591 sicut

534 2645 745 2698 dixerat
769 2641 898 2705 illis,
936 2645 1336 2708 etparaverunt
1372 2636 1592 2705 pascha.
1654 2651 1673 2686 ι
1734 2630 1889 2698 Quod
1942 2629 2109 2700 phase

534 2734 797 2792 hcbraice
846 2731 1043 2801 pascha
1100 2730 1334 2792 dicatur,
1367 2739 1423 2783 et
1468 2727 1643 2797 signet
1704 2723 1988 2781 transitum
2041 2736 2107 2776 ex

538 2826 796 2898 Egypto,
825 2840 966 2894 saepe
993 2824 1194 2876 dictum
1219 2830 1305 2876 est
1330 2836 1344 2874 :
1372 2829 1426 2874 et
1450 2819 1503 2872 in
1526 2813 1736 2872 summa
1755 2814 1959 2880 onmia,
1990 2827 2110 2882 qua:

540 2901 666 2979 tunc
695 2918 745 2969 in
771 2914 906 2976 festo
927 2915 1125 2979 llant,a
1155 2912 1359 2968 sanctis
1380 2911 1795 2981 interpretatum
1818 2915 1901 2961 est
1925 2922 1941 2968 ς
1967 2921 2109 2961 nunc

539 3019 717 3063 autem
737 3023 897 3077 quem
920 3006 1073 3062 nobis
1097 3005 1242 3059 dicat
1262 3003 1403 3057 diem
1429 3002 1778 3073 Azytuorum,
1797 2998 2104 3055 dicendum.

542 3102 691 3157 Diem
723 3102 883 3171 igitur
906 3100 1230 3168 Azymorum
1263 3094 1393 3150 dicit
1422 3094 1695 3165 quintum,
1728 3092 1794 3146 ad
1830 3091 1986 3161 cujus
2016 3104 2109 3145 ve-

547 3207 758 3260 speram
796 3189 994 3258 pascha
1021 3186 1403 3251 immolandum
1455 3192 1595 3239 erat.
1623 3180 1794 3254 Igitur
1854 3182 2114 3238 Dominus

543 3286 680 3339 forte
698 3284 887 3351 quinto
908 3295 1065 3335 mane
1089 3280 1253 3334 mittit
1272 3277 1587 3347 discipulos,
1617 3276 1832 3333 Petrum
1862 3284 1920 3330 et
1944 3273 2114 3331 Joan-

545 3389 688 3448 nem,
719 3384 771 3427 et
797 3372 941 3425 illum
968 3371 1182 3441 quidem
1203 3380 1262 3424 ut
1290 3368 1619 3439 diligentem,
1642 3367 1786 3424 hunc
1807 3382 1934 3423 vero
1957 3377 2013 3421 ut
2030 3367 2112 3421 di-

545 3465 763 3527 lectu-nt.
803 3463 964 3523 Mittit
998 3472 1177 3518 autem
1233 3462 1286 3516 in
1340 3463 1569 3516 alienam
1628 3460 1870 3516 domum.
1928 3457 2116 3529 Neque

545 3560 690 3610 enim
741 3558 957 3609 domum
1026 3555 1256 3609 habebat
1288 3553 1372 3607 vel
1410 3554 1524 3623 ipse
1552 3552 1634 3607 vel
1678 3552 1925 3617 discipuli
1976 3553 2113 3623 ejus,

552 3649 789 3718 alioquin
820 3649 874 3702 in
909 3661 1013 3700 una
1044 3644 1209 3718 466
1239 3644 1627 3713 discipulorum
1674 3644 1834 3699 domo
1886 3646 2117 3699 mandu-

547 3750 727 3795 cassct
756 3739 972 3809 pascha.
1006 3734 1169 3792 Vides
1223 3746 1592 3806 paupertatem
1619 3735 1825 3792 Hlittit
1854 3750 1980 3792 vero
2022 3750 2117 3791 eos

548 3832 615 3886 ad
656 3832 925 3886 hominem
959 3829 1309 3898 incognitum,
1351 3836 1411 3882 ut
1461 3830 1712 3884 ostendat
1741 3830 1885 3898 quod
1930 3838 2120 3898 sponte

548 3924 842 3991 susceperit
871 3921 1196 3992 passionem.
1241 3918 1297 3973 Si
1322 3919 1466 3974 enim
1498 3920 1781 3984 noluisset,
1800 3921 1940 3975 sicut
1963 3934 2119 3975 men-

552 4027 655 4069 tcni
691 4014 892 4068 homini
913 4013 1005 4081 qui
1046 4026 1106 4067 se
1134 4011 1428 4077 nesciebat,
1463 4013 1761 4066 deditutse
1786 4013 2108 4080 susciperet,

553 4109 625 4167 ita
659 4114 868 4176 poterat
893 4116 945 4158 et
968 4102 1311 4161 etnnJudaais
1330 4118 1449 4173 qua:
1478 4103 1727 4159 libuisset
1755 4103 1958 4160 facere.
1989 4106 2120 4171 Qui-

550 4202 674 4249 dam
709 4208 887 4250 autem
911 4195 1091 4248 dicunt
1114 4195 1254 4263 quod
1278 4205 1495 4265 propter
1517 4194 1617 4251 hoc
1639 4210 1744 4251 non
1765 4196 1901 4249 dixit
1922 4210 2120 4250 uolnen

559 4288 815 4351 hominis,
855 4302 954 4340 nec
982 4287 1512 4362 manil‘estavitcum,
1542 4287 1636 4340 sed
1688 4286 1841 4356 signo
1886 4287 2120 4355 quodam

2203 442 2473 511 συνθήκας
2524 442 2837 509 ἐποιήσατο.
2896 440 3004 492 Καὶ
3053 438 3236 507 ἐζήτει
3288 436 3588 507 εὐκαιρίαν,
3632 438 3744 491 ποτε

2198 533 2347 602 εὖροι
2376 532 2537 586 αὐτὸν
2567 531 2697 602 ἄτερ
2731 531 2909 600 ὄχλου,
2946 529 3214 591 τουτέστι,
3261 526 3403 581 κατὰ
3451 528 3634 597 μόνας,
3669 530 3749 581 καὶ

2198 627 2380 687 αὐτοῖς
2432 623 2763 693 παραδώσει.
2823 620 3170 689 Στρατηγοὺς
3222 618 3278 672 δέ
3320 634 3484 686 φησιν
3537 616 3750 670 ἑνταὶθα

2199 720 2326 782 τοὺς
2359 718 2627 788 ἄρχοντας
2658 716 2766 768 τῶν
2790 711 3087 783 οἰκοδομῶν
3114 711 3209 765 τοῦ
3244 709 3414 782 ἱεροῦ,
3446 709 3480 780 ἦ
3513 710 3605 762 καὶ
3642 710 3749 772 sub;

2198 813 2297 879 τῆς
2346 809 2601 875 εὐταξίας
2646 806 3129 877 ἐπιμελουμένους.
3190 804 3530 872 Ἐπέστησαν
3578 802 3679 870 γάρ
3710 804 3748 853 οἱ

2209 904 2471 972 Ῥωμαῖοι
2502 900 2577 970 τῷ
2603 900 2715 969 λαῷ
2737 914 2910 960 τινας,
2938 896 3013 960 ὼς
3040 898 3105 950 ἂν
3137 896 3212 966 μὴ
3239 894 3578 964 ταράσσηται
3602 905 3618 920 ⁸
3646 908 3751 943 στε-

2200 993 2409 1055 σιώδεις
2441 990 2547 1059 γὰρ
2567 985 2727 1061 ἦσαν.
2760 987 3016 1050 Τούτους,
3046 984 3201 1055 φησὶ,
3228 980 3587 1053 στρατηγούς.
3616 980 3751 1042 Ἴσως

2198 1085 2256 1140 δὲ
2282 1086 2377 1139 κού¹
2397 1083 2690 1151 διοικήσεις
2717 1076 3112 1150 στρατιωτικὰς
3160 1072 3305 1146 εἶχον
3329 1089 3345 1105 ’
3374 1073 3426 1127 οἳ
3460 1071 3655 1142 μέρους
3680 1069 3753 1123 θνα

2199 1193 2292 1239 τες
2345 1174 2439 1228 τοῦ
2500 1172 2813 1244 ἱερατικοῦ,
2875 1170 3172 1241 στρατηγοὶ
3231 1167 3647 1236 ὠνομάσθησαν.
3691 1164 3753 1216 Τὸ

2202 1268 2541 1338 φιλόπρωτον
2586 1263 2696 1335 γὰρ
2726 1261 3028 1325 νοσοῦντες,
3058 1262 3152 1316 καὶ
3190 1260 3469 1321 τοιαύταις
3507 1256 3755 1325 διοικήσε-

2203 1377 2287 1413 σιν
2332 1356 2724 1413 ὲπεόάλλοντο·
2764 1353 2848 1408 διὸ
2890 1352 2986 1406 καὶ
3029 1352 3366 1423 στρατηγοὺς
3417 1349 3617 1411 αὐτοὺς
3645 1347 3757 1400 ὠνό-

2204 1465 2345 1520 μασε
2373 1447 2467 1501 τοῦ
2499 1445 2666 1517 ίεροῦ,
2698 1441 3174 1516 ἐμφαντικώτερον
3200 1441 3341 1511 τάχα
3363 1438 3756 1506 καθαπτόμενος

2203 1541 2405 1599 αὐτῶν.

2281 1653 2299 1686 ι
2333 1628 2506 1685 Ἶίλθε
2550 1631 2605 1684 δὲ
2649 1632 2682 1701 ὴ
2712 1627 2894 1700 ἡμέρα
2919 1627 3027 1681 τῶν
3051 1626 3335 1696 Ἀζύμων,
3369 1626 3429 1679 ὲν
3525 1623 3632 1677 ἔδει
3657 1621 3759 1675 θύε-

2207 1728 2331 1782 σθαι
2361 1727 2423 1780 τὸ
2466 1726 2669 1795 πάσχα.
2724 1724 2834 1777 Καὶ
2887 1721 3178 1776 ἀπέστειλε
3225 1720 3433 1790 Πέτρον
3470 1718 3571 1771 καὶ
3600 1716 3760 1770 Ἰωάν-

2205 1836 2325 1888 νην,
2351 1815 2520 1870 είπὼν
2546 1832 2560 1847 ·
2594 1810 3307 1884 Πορευθέντεςοὲτοιμάσατε
3330 1811 3464 1880 ἡμῖν
3489 1806 3555 1862 τὸ
3579 1808 3756 1878 πάσχα,

2206 1912 2293 1964 ἵνα
2320 1911 2582 1979 φάγωμεν
2604 1924 2618 1937 ·
2651 1908 2700 1960 oi
2728 1906 2786 1960 δὲ
2818 1900 2972 1962 εἷπον
3010 1902 3159 1974 αύτῷ
3177 1920 3191 1936 ο
3224 1903 3333 1959 Ποῦ
3362 1902 3542 1965 θέλεις
3567 1900 3762 1970 ἕτοιμά·

2208 2003 2390 2073 σωμέν
2437 2017 2561 2066 σοι;
2599 1999 2660 2053 ’0
2692 2000 2749 2053 δὲ
2790 1994 2945 2052 εἶπεν
2990 1997 3174 2060 αὐτοῖς
3198 2012 3213 2027 ·
3259 1996 3387 2050 Ἰδοὺ
3436 1993 3761 2047 εἰσελθόντων

2208 2094 2361 2163 ὑμῶν
2408 2096 2490 2157 είς
2542 2093 2641 2164 τὴν
2694 2090 2885 2155 πόλιν,
2945 2090 3263 2159 συναντήσει
3317 2089 3448 2159 ὑμῖν
3499 2087 3760 2157 ἄνθρωπος

2208 2186 2471 2258 κεράμιον
2502 2184 2694 2247 ὓδατος
2725 2182 3009 2255 βαστάζων
3035 2199 3049 2214 ο
3092 2181 3495 2252 ἀκολουθήσατε
3535 2181 3675 2248 αὐτῷ
3697 2182 3761 2243 είς

2207 2280 2306 2350 τὴν
2332 2277 2541 2339 οἰκίαν,
2575 2272 2636 2333 οὗ
2667 2277 3072 2348 εἰσπορεύεται,
3113 2276 3209 2331 καὶ
3252 2277 3433 2346 ἐρεῖτε
3467 2273 3545 2344 τῷ
3580 2274 3760 2326 ulmos.

2211 2371 2388 2443 σπότῃ
2437 2370 2538 2433 τῆς
2574 2368 2790 2433 οἰκίας*
2843 2369 3010 2439 Λέγει
3060 2385 3145 2422 σοι
3197 2369 3227 2420 ὁ
3271 2366 3635 2428 διδάσκα).ος’
3669 2361 3760 2418 Ποῦ

2209 2464 2326 2525 ἔστι
2352 2462 2414 2514 τὸ
2447 2461 2758 2532 κατάλυμα,
2786 2461 2922 2514 ὅπου
2968 2460 3030 2514 τὸ
3072 2460 3258 2530 πάσχα
3295 2456 3436 2529 μετὰ
3474 2456 3584 2509 τῶν
3612 2455 3763 2526 unum

2207 2554 2316 2607 τῶν
2348 2570 2450 2623 μου
2482 2553 2678 2621 φάγως
2713 2554 2981 2615 Κάκεῖνος
3010 2551 3142 2621 ὑμῖν
3174 2550 3337 2615 δείξει
3372 2547 3616 2617 ἀνώγεον
3645 2547 3759 2617 μέγα

2209 2645 2554 2715 ἐστρωμένον
2570 2660 2585 2675 ·
2625 2644 2744 2697 ἐκεῖ
2771 2644 3116 2715 ἑτοιμάσατε.
3154 2641 3508 2704 ’Δπτλθὸντες
3533 2640 3592 2693 δὲ
3610 2634 3756 2711 εὖρον,

2210 2736 2390 2799 καθὼς
2430 2736 2650 2807 εἴρηκεν
2699 2735 2905 2800 αὐτοῖς,
2957 2734 3051 2788 καὶ
3081 2733 3383 2805 ἡτοίμασαν
3413 2732 3478 2786 τὸ
3523 2734 3710 2803 πάσχα.
3737 2750 3753 2781 ι

2213 2827 2337 2881 Ὀτι
2367 2827 2466 2897 μὲν
2497 2825 2675 2896 (pacta:
2716 2824 3021 2897 Ἐϐραῖκῶς
3045 2826 3104 2878 τὸ
3135 2825 3320 2894 πάσχα
3348 2822 3757 2895 λεγόμενον,τήν

2212 2920 2272 2983 ἐξ
2317 2918 2598 2986 Αἰγύπτου
2632 2917 2884 2977 διάϐασιν
2930 2917 3114 2986 δηλοῖ,
3152 2917 3367 2981 πολλοῖς
3404 2918 3660 2989 εἴρηται·
3687 2917 3759 2970 καὶ

2212 3011 2398 3075 ἁπλῶς
2428 3011 2605 3069 πάντα
2653 3010 2722 3063 τά
2776 3012 2835 3064 ὲν
2885 3012 2950 3081 τῇ
2983 3011 3145 3082 ἑορτῇ
3175 3010 3295 3063 τότε
3334 3009 3647 3080 τελούμενα,
3670 3010 3759 3070 τοίς

2217 3100 2392 3169 ἁγίοις
2431 3100 2796 3175 ἡρμήνευται.
2841 3098 2953 3154 Νῦν
2990 3098 3045 3151 δὲ
3072 3099 3207 3169 ἡμῖν
3235 3098 3357 3152 τίνα
3398 3098 3551 3162 λέγει
3575 3098 3759 3167 ήμέριν

2213 3192 2321 3245 τῶν
2370 3190 2641 3258 Ἀζύμων,
2673 3190 2887 3261 ῥητέον.
2936 3188 3178 3260 Ἡμέραν
3229 3188 3321 3242 οὖν
3360 3187 3611 3259 ’Δζύμων
3638 3189 3760 3256 λέγει

2216 3281 2315 3354 τὴν
2341 3282 2620 3352 πέμπτην,
2658 3277 2725 3353 ἧς
2768 3282 2836 3350 τῇ
2880 3279 3090 3351 ἑσπέρᾳ
3157 3278 3384 3350 ἔμελλον
3410 3279 3561 3333 θύειν
3586 3282 3642 3333 τὺ
3672 3279 3762 3331 πά-

2217 3393 2343 3447 σχα.
2396 3375 2454 3427 Ὀ
2487 3372 2667 3426 τοίνυν
2719 3372 2925 3443 Κύριος
2972 3373 3039 3443 τῇ
3078 3371 3307 3444 πιμπτῃ
3360 3373 3577 3442 πρωῖας
3626 3370 3764 3442 τυχὸν

2219 3464 2541 3521 ἀποστέλλει
2571 3463 2695 3527 τοὺς
2731 3462 2980 3533 μαθητὰς
3012 3463 3217 3534 Πέτρον
3249 3464 3346 3517 καὶ
3391 3463 3664 3533 Ἰωάννην·
3687 3463 3762 3515 τὶν

2221 3558 2320 3628 μὲν
2347 3556 2422 3619 ὡς
2447 3554 2770 3623 ἀγαπῶντα,
2794 3553 2886 3608 τὸν
2911 3554 2968 3608 δὲ
2989 3554 3063 3618 ὡς
3087 3554 3473 3624 ἀγαπώμενον.
3509 3556 3764 3610 Ἀποστέλι

2218 3649 2298 3701 λει
2326 3648 2382 3701 δὲ
2413 3649 2490 3709 είς
2523 3645 2809 3718 ἀλλοτρίαν
2853 3645 3054 3708 οἰκίαν,
3101 3646 3236 3703 Ούδὲ
3276 3649 3386 3717 γὰρ
3433 3642 3577 3717 εἶχεν
3602 3647 3758 3709 αὐτὸς,

2218 3742 2335 3797 ἀλλ’
2360 3740 2481 3798 οὐδὲ
2507 3740 2557 3798 οἱ
2590 3740 2831 3810 μαθηταὶ
2857 3739 3021 3796 αὐτοῦ
3051 3756 3063 3770 ⁸
3092 3735 3128 3812 ἦ
3170 3741 3279 3810 γὰρ
3319 3743 3386 3794 ἂν
3430 3743 3490 3794 ὲν
3527 3742 3636 3804 ἑνὸς
3674 3741 3762 3795 τῶν

2225 3832 2486 3905 μαθητῶν
2539 3831 2765 3901 διήγαγε
2815 3831 2878 3884 τὸ
2922 3833 3128 3901 πάσχα.
3174 3833 3338 3903 Ὁρᾷς
3377 3832 3763 3904 meminerim;

2220 3925 2435 3979 Στέλλει
2461 3924 2518 3977 δὲ
2557 3924 2756 3987 αὐτοὺς
2786 3922 2922 3995 πρὸς
2948 3924 3234 3994 ἄνθρωπον
3269 3926 3343 3996 μὴ
3369 3928 3759 3998 γινωσκόμενον,

2220 4015 2308 4068 ἴνα
2332 4015 2501 4086 δείξῃ,
2550 4016 2631 4068 ὅτι
2665 4015 2760 4070 καὶ
2807 4016 2867 4069 τὸ
2916 4015 3091 4079 πάθος
3148 4016 3318 4070 θέλων
3352 4020 3681 4082 κατεδέξατο.
3709 4019 3763 4071 Εἰ

2222 4110 2331 4177 γάρ
2361 4109 2435 4177 μὴ
2465 4106 2677 4177 ἤθελεν,
2709 4105 2941 4178 ἠδύνατο
2988 4110 3017 4160 ὁ
3055 4107 3153 4179 τὴν
3190 4110 3436 4164 διάνοιαν
3475 4110 3656 4164 τούτου
3686 4109 3762 4162 τοῦ

2225 4196 2505 4266 ἀγνώστου
2546 4197 2833 4269 ἀνθρώπου
2882 4198 3094 4262 πείσας,
3142 4199 3284 4253 ὥστε
3314 4202 3512 4263 αὐτοὺς
3541 4200 3762 4264 ὑποδέξα-

2226 4288 2373 4353 σθσι,
2401 4288 2501 4342 κᾶν
2521 4290 2634 4351 τοῖς
2670 4288 2941 4353 Ἰουδαίοις
2965 4293 3067 4345 ὅσα
3098 4291 3356 4361 ἠϐούλετο
3373 4292 3758 4365 διαπράξασθαι.

553 4380 775 4439 deduxit
808 4394 901 4431 eos
939 4380 1002 4429 ad
1038 4378 1255 4432 domum
1299 4378 1462 4444 illius,
1523 4390 1738 4447 propter
1768 4380 2112 4447 proditorem,

2228 4379 2383 4440 Τινὲς
2410 4378 2467 4433 δέ
2501 4396 2655 4449 φασι,
2686 4381 2768 4434 ὃτι
2791 4379 2878 4435 διὰ
2910 4382 3069 4436 τοῦτο
3101 4383 3201 4435 οὒκ
3234 4379 3355 4436 εἷπε
3387 4384 3484 4438 τοῦ
3515 4385 3759 4456 ἀνθρώπω

554 4482 614 4537 ut
644 4473 890 4541 ignorata
923 4469 1137 4524 nomine
1162 4485 1268 4523 non
1301 4471 1549 4539 proderet
1573 4469 1792 4524 domum
1818 4468 2122 4533 Pharisaeis,

551 4563 645 4631 qui
674 4563 950 4622 venissent
973 4571 1027 4616 et
1046 4562 1587 4631 comprehendissent
1616 4576 1763 4627 eum,
1808 4563 2120 4633 priusquam

555 4670 765 4711 (mnam
797 4655 1101 4724 perliceret,
1120 4662 1174 4706 et
1219 4653 1517 4724 spiritualia
1534 4669 1630 4708 sua
1657 4665 1995 4713 sacramenta
2018 4665 2126 4709 tra-

558 4747 707 4799 dcrct
723 4764 735 4806 ;
752 4747 951 4801 idcirco
980 4744 1120 4805 infra
1134 4744 1383 4799 Christus
1401 4744 1528 4799 dicit
1552 4762 1565 4799 :
1599 4742 1906 4800 «Desiderio
1919 4748 2129 4805 deside-

564 4835 678 4890 ravi
707 4837 805 4890 hoc
832 4838 1030 4907 pascha
1059 4837 1383 4891 manducare
1406 4836 1683 4891 vobiscum
1715 4847 2004 4908 antequam
2034 4852 2130 4906 pa-

564 4927 687 4991 tiar,
718 4944 735 4977 ι
762 4926 860 4979 hoc
897 4935 1001 4991 cst,
1035 4925 1259 4981 Ouzncnt
1281 4942 1496 4995 operam
1521 4927 1740 4983 adhibui
1776 4937 1837 4982 ut
1869 4929 2131 4987 laleamus

563 5018 917 5087 proditorem,
943 5033 1009 5070 ne
1038 5026 1162 5072 ante
1201 5026 1413 5087 teu'tpus
1435 5019 1798 5074 sustineamos
1829 5021 2131 5087 passionem

564 5110 872 5178 priusquam
937 5110 1271 5164 traderemus
1320 5118 1679 5164 sacramenta.
1733 5109 2132 5180 Expositionem

566 5200 707 5253 hanc
725 5202 953 5269 accipiat
976 5217 1065 5270 qui
1094 5201 1257 5255 volet.
1280 5201 1342 5256 Et
1374 5200 1528 5270 cujus
1551 5202 1725 5272 gratia
1747 5204 1945 5273 pascha
1969 5202 2134 5259 facit?

565 5292 669 5347 Per
685 5295 866 5347 ouinia
893 5294 1132 5347 05tendit
1174 5295 1315 5360 quod
1350 5309 1522 5363 usque
1548 5294 1612 5348 ad
1634 5304 1934 5352 extremum
1963 5301 2133 5351 anhe-

567 5381 718 5433 litum
744 5397 846 5433 non
882 5382 954 5434 sit
980 5385 1288 5437 contrarius
1325 5382 1448 5452 legi.
1494 5384 1654 5452 Atqui
1704 5385 2050 5442 comedamus
2081 5395 2137 5441 et

568 5487 666 5524 nos
694 5472 793 5524 hoc
853 5473 1049 5538 pascha
1083 5474 1458 5542 spiritualiter.
1497 5474 1561 5527 Et
1599 5476 1964 5546 intelligamus
2018 5479 2136 5535 dies

573 5564 905 5631 Azymorum
940 5577 1174 5628 omnem,
1216 5578 1335 5633 quae
1366 5566 1415 5617 in
1472 5566 1737 5635 spirituali
1791 5569 1992 5625 lumine
2030 5580 2133 5638 est,

569 5652 1059 5715 conversationem,
1109 5668 1225 5716 quae
1257 5654 1457 5709 nullam
1514 5667 1830 5715 vetustatem
1869 5663 2053 5730 prima:
2085 5666 2136 5718 in

2226 4472 2288 4525 τὸ
2320 4472 2512 4542 ὄθομα,
2544 4476 2639 4525 καὶ
2681 4474 3025 4545 ἐφανέρωσεν
3063 4475 3247 4541 αὑτὸν,
3282 4476 3421 4530 ἀλλὰ
3450 4479 3652 4549 σημείῳ
3680 4477 3760 4529 τινὶ

2227 4563 2414 4631 ὁδηγεῖ
2445 4563 2642 4645 αὐτούς
2677 4565 2813 4634 πρὸς
2863 4565 2962 4635 τὴν
3006 4566 3183 4618 οἰκίαν
3219 4565 3316 4619 τοῦ
3364 4567 3665 4639 ἀνθρώπου,
3693 4566 3759 4620 διὰ

2228 4654 2318 4707 τὸν
2363 4654 2660 4724 προδότηνο
2701 4654 2775 4718 ὡς
2807 4654 2873 4708 ἂν
2907 4657 2982 4727 μὴ
3012 4658 3173 4724 γνοὺς
3212 4657 3275 4712 τὸ
3317 4659 3509 4728 δνομα,
3552 4676 3761 4729 καταμη-

2229 4745 2367 4816 νύσῃ
2396 4748 2493 4813 τὴν
2521 4745 2698 4800 οἰκίαν
2732 4749 2843 4810 τοῖς
2878 4749 3217 4820 Φαρισαίοις,
3260 4753 3355 4804 καὶ
3388 4752 3630 4815 ἐλθόντες
3663 4752 3761 4805 συλ-

2231 4838 2468 4893 λάϐωσιν
2498 4839 2681 4902 αὐτὸν,
2717 4840 2846 4908 πρὶν
2875 4841 2908 4911 ἥ
2937 4842 2996 4893 τὸ
3024 4841 3238 4899 δεῖπνον
3265 4846 3485 4916 ἐπιστῇ,
3518 4849 3641 4915 πρὶν
3663 4846 3693 4915 ἦ
3713 4845 3763 4896 τὰ

2233 4931 2578 4999 πνευματικὰ
2617 4935 2892 5003 μυστήρια
2924 4936 3088 4989 αὐτοῦ
3131 4938 3379 5009 παραδῷ.
3410 4941 3504 4994 Διό
3533 4959 3658 5010 φησι
3688 4959 3764 4992 περ

2237 5022 2513 5093 ρακατιὼν
2548 5026 2576 5076 ὁ
2605 5026 2838 5095 Χριστός
2858 5042 2874 5058 '
2915 5046 2934 5080 ι
2976 5028 3271 5101 Ἐπιθυμίᾳ
3296 5033 3617 5103 ἐπεθύμησα
3640 5032 3766 5088 τοῦτο

2233 5115 2296 5167 τὸ
2330 5115 2512 5185 πάσχα
2564 5120 2758 5185 φαγεῖν
2811 5118 2918 5189 πρὸ
2961 5120 3055 5173 τοῦ
3090 5138 3155 5192 με
3202 5123 3395 5179 παθεῖν
3422 5141 3438 5156 ο
3471 5144 3490 5177 ι
3538 5127 3764 5189 τουτέστι,

2235 5209 2423 5262 Πᾶσαν
2474 5209 2709 5280 σπουδὴν
2756 5210 2982 5281 ἐθέμην,
3030 5213 3174 5276 ὅπως
3212 5215 3466 5287 λάθωμεν
3493 5220 3583 5271 τὸν
3609 5216 3767 5287 1:90.76-

2235 5315 2356 5369 την,
2390 5300 2484 5353 καὶ
2519 5301 2594 5373 μὴ
2624 5303 2870 5372 πρόωρον
2905 5306 3228 5375 ὑποστῶμεν
3270 5307 3333 5360 τὸ
3382 5309 3573 5375 πάθος,
3613 5305 3767 5380 πρὶνῆ

2240 5391 2571 5462 παραδῶμεν
2599 5394 2664 5449 τὰ
2709 5396 3002 5465 μυστήρια.
3034 5396 3253 5461 Ἔξεστι
3287 5398 3342 5453 δὲ
3387 5400 3468 5469 τῷ
3500 5399 3768 5470 βουλομένῳ

2240 5485 2647 5555 παραδέχεσθαι
2672 5487 2877 5559 ταύτην
2923 5490 3021 5559 τὴν
3056 5492 3334 5562 ἐξήγησιν.
3368 5495 3524 5560 Τίνος
3551 5497 3604 5550 δὲ
3637 5496 3769 5548 ἕνεκα

2241 5580 2301 5632 τὸ
2332 5579 2516 5649 πάσχα
2563 5580 2744 5645 τελεῖς
2776 5582 2874 5635 Διὰ
2917 5583 3132 5637 πάντων
3174 5585 3387 5651 δεικνὺς
3420 5588 3546 5659 ἄχρι
3586 5589 3673 5658 τῆς
3697 5601 3768 5635 τε·

2240 5671 2495 5734 λευταίας
2531 5674 2829 5736 ἀναπνοῆς.
2865 5675 2947 5729 ὃτι
2971 5675 3070 5728 οὐκ
3095 5676 3242 5731 εστιν
3270 5680 3509 5744 ἐναντίος
3529 5679 3598 5752 τῷ
3624 5679 3761 5748 νόμῳ,
