3870 6600
190 447 297 513 i065

799 439 1246 502 ENARRATIO
1291 440 1371 501 ΙΝ
1407 439 1909 502 EVANGELIUM
1955 438 2188 499 LUC.‘E.
2230 463 2288 475 -
2336 439 2495 499 CAP.
2524 439 2716 501 XXII.

3240 435 3383 501 106G

194 563 322 617 Ἀλλά
350 560 605 628 φάγωμεν
636 556 791 608 τοῦτο
836 557 896 608 τὸ
941 555 1122 624 πάσχα
1154 554 1358 625 νοητῶς
1397 555 1492 607 καὶ
1523 556 1704 626 ἡμεῖς,

1817 549 2385 605 Adaminobedientiaa
2408 550 2650 605 habeat:
2707 549 2758 604 in
2808 563 2915 620 qua
2976 553 3389 610 conversatione

181 664 254 710 καί
281 655 335 723 δὴ
363 655 639 722 νοήσωμεν
684 648 901 719 ἡμέραν
943 646 1055 699 τῶν
1096 646 1365 716 ’Λζύμων,
1400 647 1581 698 πᾶσαν
1606 647 1706 715 τὴν

179 752 228 802 ἐν
260 746 325 817 τῷ
357 744 491 815 φωτὶ
540 742 619 813 τῷ
671 739 1028 811 πνευματικῷ
1078 738 1378 807 διαγωγὴν,
1437 738 1709 808 μηδεμίαν

177 839 471 905 παλαιότητα
525 835 625 905 τῆς
659 833 929 903 προτέρας
978 833 1036 885 ὲν
1083 830 1159 901 τῷ
1201 830 1373 900 Ἀδὰμ
1422 830 1708 901 παρακοῆς

174 933 366 996 ἔχουσαν
391 944 403 958 ·
438 931 497 983 ὲν
593 926 836 996 διαγωγῇ
883 924 1040 987 ὄντας
1066 924 1217 993 ἡμᾶς
1250 923 1330 976 δεῖ
1367 922 1473 975 τῶν
1504 938 1712 991 μυστη-

177 1027 286 1094 ρίων
309 1022 392 1076 τοῦ
434 1018 609 1090 Ἰησοῦ
639 1019 1014 1089 κατατρυφᾷν.
1057 1015 1366 1085 Ἑτοιμάσει
1403 1010 1495 1068 οῦν
1536 1014 1711 1067 ταῦτα

170 1118 227 1169 τὰ
256 1115 506 1184 μυστήρια
537 1111 741 1181 Πέτρος
783 1109 878 1161 καὶ
915 1109 1187 1179 Ἰωάννης,
1225 1106 1424 1178 πρᾶξις
1453 1107 1546 1159 καὶ
1575 1104 1712 1158 θεω-

168 1208 268 1278 ρία,
293 1205 546 1274 θερμότης
578 1202 740 1274 ζήλου
770 1203 865 1255 καί⁵
909 1202 1151 1273 πραότης
1176 1202 1447 1274 εἰρηνική.
1482 1202 1575 1253 Δεῖ
1603 1200 1711 1271 γὰρ

166 1300 246 1352 τὸν
270 1296 462 1361 πιστὸν,
505 1295 599 1348 καὶ
629 1295 833 1365 θερμὸν
859 1289 998 1348 εἷναι
1024 1294 1152 1365 περὶ
1190 1293 1291 1364 τήν
1320 1294 1584 1365 ἐργασίαν
1613 1290 1709 1345 τοῦ

167 1390 334 1449 καλοῦ,
360 1388 450 1441 καὶ
497 1386 745 1458 ζηλωτὴν
774 1386 916 1441 κατὰ
941 1388 1039 1453 τῆς
1075 1386 1358 1457 πονηρίας,
1405 1386 1500 1440 καὶ
1529 1383 1711 1456 πραῢν

164 1483 233 1542 εἰς
262 1482 374 1543 τοὺς
403 1479 871 1550 πονηρευομένους
897 1493 912 1508 ’
956 1478 989 1548 ἠ
1031 1477 1142 1547 γὰρ
1176 1475 1410 1547 πονηρία
1454 1474 1709 1546 μισητέα,

160 1574 248 1642 οὐχ
291 1572 316 1624 6
364 1571 811 1640 πονηρευόμενος.
861 1569 1097 1633 Ἐκεῖνος
1147 1570 1256 1640 γὰρ
1306 1567 1668 1639 θεραπευτέος
1694 1581 1708 1596 ⁶

158 1662 341 1731 πάσχει
380 1662 525 1730 γάρ.,
563 1661 674 1714 Καὶ
724 1659 880 1713 τοῦτό
916 1661 1033 1713 ἔστι
1083 1659 1144 1714 τὸ
1192 1659 1609 1731 πονηρεύεσθαι,
1653 1659 1713 1712 τὸ

160 1751 302 1822 παρὰ
344 1751 435 1804 τοῦ
492 1750 736 1822 Πονηροῦ
784 1749 1141 1820 ἐνοχλεῖσθαι,
1197 1751 1289 1803 καὶ
1336 1751 1565 1820 πάσχειν
1611 1750 1712 1819 τὴν

160 1843 426 1913 πονηρίαν.
474 1842 602 1895 Ἐὰν
655 1837 747 1895 οὖν
804 1842 1010 1912 Πέτρον
1063 1842 1157 1894 καὶ
1199 1840 1451 1913 Ἰωάννην
1501 1842 1712 1913 ἔχωμεν

1811 646 1854 698 si
1882 643 2164 706 fuerimus,
2200 642 2573 713 impinguandi
2622 658 2809 699 sumus
2852 645 3126 716 mysteriis
3163 645 3385 703 Christi.

1814 736 2201 806 Prteparabunt
2229 736 2412 807 itaque
2437 735 2549 789 haec
2572 746 2914 791 sacramenta
2940 736 3132 793 Petrus
3146 749 3198 792 et
3220 738 3385 793 Joan-

1812 845 1931 893 nes,
1971 828 2145 884 activa
2172 836 2228 883 et
2270 826 2711 897 contemplativa,
2749 828 2926 882 fervor
2978 832 3102 897 zeli,
3136 842 3189 885 et
3229 848 3387 884 man-

1811 922 2041 975 suetudo
2057 920 2300 988 paciﬁca.
2318 918 2544 989 Oportet
2560 919 2703 979 enim
2726 921 2909 976 lideles
2938 934 2989 976 et
3011 923 3245 977 fervidos
3262 937 3387 977 esse

1813 1014 2012 1068 bonum
2043 1017 2343 1085 operando,
2371 1023 2424 1069 et
2454 1012 2661 1068 zeiotas
2707 1014 2968 1071 adversus
3016 1015 3297 1078 malitiam,
3332 1026 3388 1071 et

1813 1115 2125 1159 mansuetos
2152 1120 2278 1175 erga
2299 1105 2439 1159 male
2463 1115 2771 1173 operantes.
2795 1104 2931 1161 Odio
2965 1110 3108 1162 enim
3140 1108 3384 1163 habenda

1814 1195 2036 1262 malitia,
2080 1210 2187 1250 non
2236 1196 2284 1253 is
2315 1197 2406 1266 qui
2441 1180 2581 1250 male
2616 1199 2747 1267 agit,
2796 1195 2949 1266 cujus
3005 1199 3248 1254 habenda
3303 1210 3389 1256 est

1813 1302 1967 1354 cura,
2002 1288 2251 1345 iniirmus
2279 1290 2421 1344 enim
2451 1300 2556 1348 est.
2583 1290 2647 1344 Et
2690 1289 2792 1347 hoc
2833 1302 2915 1346 est
2955 1292 3095 1349 male
3118 1308 3300 1364 agere,
3355 1311 3386 1349 a

1815 1381 2053 1451 maligno
2074 1384 2282 1444 vexari,
2302 1392 2357 1437 et
2382 1384 2494 1451 pati
2518 1383 2746 1439 malum.
2773 1385 2925 1452 Quod
2960 1386 3005 1441 si
3037 1374 3389 1442 habuerimus

1815 1471 2031 1528 Petrum
2059 1485 2113 1528 et
2136 1472 2402 1529 Joannem
2447 1476 2778 1531 adornantes
2802 1492 3037 1543 omnem,
3071 1478 3234 1533 vitam
3266 1480 3387 1533 dico

1813 1568 2034 1633 bonam,
2065 1581 2185 1636 quae
2210 1578 2293 1622 est
2312 1565 2525 1635 Petrus,
2555 1580 2611 1624 et
2638 1584 2766 1624 vera
2803 1570 3077 1640 dogmata,
3105 1586 3227 1641 qua:
3259 1584 3388 1626 sunt

1813 1657 2045 1714 Joannes
2068 1661 2372 1731 theologus,
2408 1671 2659 1717 occurret
2684 1662 2787 1718 illis
2814 1666 3267 1734 praeparatorihus
3295 1666 3391 1720 ho-

1814 1766 1906 1806 mo
1939 1769 1955 1806 :
1995 1752 2096 1806 hoc
2125 1761 2232 1818 est,
2272 1761 2399 1807 tunc
2427 1752 2763 1809 inveniemus
2803 1754 3092 1811 humanam
3123 1756 3389 1812 conditio-

1814 1858 1962 1908 nem,
1982 1857 2107 1898 vere
2128 1840 2418 1898 formatam
2444 1845 2741 1900 secundum
2767 1846 3053 1916 imaginem
3078 1847 3390 1903 Conditoris

159 1911 526 2005 ἑτοιμάζοντας
565 1934 627 1987 τὸ
653 1935 887 2001 δεῖπνον,
918 1911 1033 2005 βίον
1070 1932 1215 2003 λέγω
1255 1911 1478 2002 ἀγαθόν,
1511 1911 1565 1996 δέ
1601 1911 1714 1987 ἐστι

1818 1937 1910 1982 aut
1927 1930 2103 1997 potius
2119 1931 2414 1997 Creatoris,
2440 1948 2535 1989 vas
2566 1949 2721 2007 aqua:
2750 1911 3033 2007 ﬁguiinum
3058 1949 3385 2008 gestantem.

158 2030 391 2098 Πέτροςο
433 2029 527 2080 καὶ
572 2027 818 2096 δόγματα
865 2027 1063 2098 ἀληθῆ,
1114 2026 1150 2080 ἆ
1196 2029 1341 2080 ἐστιν
1385 2028 1413 2081 6
1458 2027 1715 2095 Θεολόγος

168 2123 405 2190 Ἰωάννης
423 2138 437 2153 ⁸
476 2122 796 2189 συναντήσει
828 2123 939 2183 τοῖς
970 2119 1228 2184 τοιούτοις
1252 2121 1596 2189 ὲτοιμασταίς
1625 2118 1718 2171 άν-

155 2210 377 2281 θρωπος,
420 2203 689 2277 τουτέστι,
720 2211 841 2264 τότε
891 2212 1194 2283 εὑρήσομεν
1234 2211 1331 2281 τὴν
1369 2209 1716 2280 ἀνθρωπίνην

153 2303 313 2366 εντως
336 2303 687 2367 κατάστασιν,
716 2303 814 2371 τὴν
853 2302 971 2355 κατ’
1002 2302 1188 2357 είκόνα
1218 2301 1716 2374 δημιουργηθεῖσαν

151 2395 242 2448 τοῦ
291 2396 607 2459 πλάσαντος,
655 2394 687 2465 ἢ
729 2394 927 2465 μᾶλλον
973 2395 1069 2448 τοῦ
1109 2396 1413 2460 κτίσαντος,
1448 2395 1717 2466 κεράμιον

151 2487 340 2551 ὕδατος
384 2488 779 2557 βαστάζουσαν.
819 2486 1003 2557 ’Υδωρ
1040 2488 1138 2557 μὲν
1172 2489 1205 2557 ἡ
1254 2485 1347 2540 τοῦ
1401 2486 1717 2556 Πνεῦματος

148 2582 327 2654 χάρις,
361 2583 433 2644 ὡς
459 2582 487 2633 6
509 2564 902 2651 εὐαγγελιστὴς
945 2580 1200 2650 Ἰωάννης
1230 2579 1471 2634 διδάσκει
1501 2595 1514 2609 ⁸
1551 2581 1718 2651 κερά-

150 2691 273 2744 μιον
311 2673 386 2734 δὲ,
418 2672 479 2725 τὸ
517 2672 821 2743 εὔθρυπτον
851 2673 945 2725 καὶ
988 2672 1125 2743 πρὸς
1170 2672 1467 2743 συντριϐἠν
1494 2670 1717 2723 εῦκολον

144 2767 244 2832 τῆς
274 2764 513 2834 καρδίας.
559 2763 618 2816 ’0
658 2763 767 2833 γὰρ
808 2762 1097 2833 δεχόμενος
1123 2762 1284 2831 χάριν
1317 2762 1716 2831 πνευματικὴν,

143 2858 395 2921 ταπεινός
444 2857 557 2909 ἔστι
595 2858 687 2917 καὶ
724 2855 1181 2925 συντετριμμένος
1232 2856 1298 2925 τῇ
1347 2854 1573 2925 καρδίᾳ·
1609 2854 1718 2907 Τα-

142 2952 349 3013 πανοῖς
370 2949 427 3002 δὲ
450 2948 634 3002 δίδωσι
664 2950 823 3018 χάριν
851 2949 879 3001 6
910 2948 1129 3017 Κύριος.
1174 2946 1232 3000 ’0
1263 2946 1417 3009 εἰδὼς
1450 2944 1505 2999 δὲ
1527 2945 1719 3000 ἑαυτὸν

136 3045 244 3113 γῆν
277 3044 369 3095 καὶ
417 3041 630 3106 σποδόν,
683 3041 777 3092 καὶ
827 3040 1002 3107 λέγων
1051 3039 1189 3109 μετὰ
1235 3038 1330 3091 τοῦ
1374 3036 1515 3102 Ἰὼϐ,
1564 3056 1582 3089 ι
1622 3038 1719 3091 Ἐκ

137 3138 242 3207 γῆς
265 3136 324 3189 δέ
350 3152 417 3206 με
439 3135 701 3197 ἔπλασας,
730 3152 749 3184 ι
780 3134 984 3194 ἐκεῖνος
1018 3131 1277 3203 βαστάσει
1303 3132 1400 3202 τὴν
1429 3131 1522 3185 τοῦ
1552 3131 1722 3185 Πνεῦ-

1815 2022 1970 2090 Aqua
1999 2023 2217 2092 quidem
2237 2023 2470 2094 Spiritus
2490 2028 2685 2095 gratia,
2713 2037 2771 2082 ut
2798 2031 3134 2100 evangelista
3155 2030 3392 2093 Joannes

1818 2118 1995 2170 docet.
2010 2115 2314 2187 Figuiinum
2334 2128 2516 2174 autem
2537 2134 2655 2183 vas,
2678 2136 2795 2186 cor,
2812 2125 2956 2191 quod
2976 2123 3133 2179 facile
3150 2122 3391 2183 confrin-

1817 2207 1994 2276 gitur;
2021 2224 2145 2262 nam
2171 2210 2263 2280 qui
2294 2210 2632 2281 spirituaiem
2665 2216 2894 2283 gratiam
2917 2215 3133 2285 accipit,
3169 2215 3392 2270 humilis

1817 2308 1900 2352 est
1921 2310 1975 2354 et
2003 2300 2273 2355 contritus
2316 2304 2499 2357 corde.
2522 2301 2830 2361 Humilibus
2853 2306 2996 2360 enim
3016 2307 3109 2361 dat
3130 2309 3392 2364 Dominus

1814 2392 2068 2457 gratiam.
2088 2393 2186 2456 Qui
2204 2403 2385 2448 autem
2414 2396 2518 2449 scit
2545 2396 2783 2466 seipsum
2800 2412 2919 2452 esse
2942 2408 3145 2453 terram
3161 2409 3215 2456 et
3242 2401 3394 2457 cine-

1818 2492 1956 2541 rem,
1984 2486 2038 2532 et
2066 2480 2193 2532 dicit
2223 2494 2345 2533 cum
2370 2478 2491 2546 Joh,
2511 2500 2529 2532 ι
2563 2481 2634 2535 De
2665 2492 2805 2536 terra
2826 2499 2912 2538 me
2934 2484 3182 2542 formasti
3210 2505 3225 2541 :
3253 2504 3274 2538 ι
3304 2487 3393 2542 ille

1817 2577 1995 2637 portat
2013 2573 2240 2639 gratiam
2260 2571 2495 2641 Spiritus
2525 2575 2575 2625 in
2601 2587 2728 2629 vase
2743 2575 2926 2631 cordis
2949 2578 3052 2643 sui,
3074 2580 3214 2645 quod
3235 2578 3394 2635 facile

1817 2664 2199 2733 compungitur
2227 2675 2280 2718 et
2303 2666 2627 2721 conteritur.
2654 2666 2865 2723 Etcum
2883 2670 3392 2727 assecutifuerimus

1819 2754 1956 2807 hanc
2008 2754 2394 2822 conditionem,
2456 2757 2714 2815 abeamus
2772 2761 2825 2814 iu
2890 2761 3110 2817 domum
3167 2767 3391 2833 mentis,

1817 2846 1973 2915 cujus
1996 2847 2389 2917 paterfamilias
2413 2865 2587 2915 mens,
2616 2854 2940 2909 monstrabit
2961 2856 3117 2911 nobis
3133 2871 3392 2913 caenacu-

1818 2937 1925 2991 lmn
1958 2948 2190 2996 stratum
2222 2958 2497 3011 magnum.
2536 2941 2891 3001 Cmnaculum
2923 2958 3104 3004 autem
3126 2958 3209 3006 est
3229 2951 3396 3006 subii-

1819 3029 1923 3083 mis
1947 3030 2210 3098 ejusmodi
2242 3037 2437 3090 mentis
2462 3038 2758 3107 capacitas,
2780 3039 3113 3108 divinorum,
3147 3043 3392 3114 inquam,

1816 3121 1981 3195 467
2021 3133 2075 3179 ει
2114 3127 2501 3197 spiritualium,
2528 3130 2582 3184 in
2611 3131 2809 3201 quibus
2849 3134 3077 3200 habitat,
3104 3145 3160 3190 et
3190 3137 3243 3191 in
3270 3140 3397 3205 qui-

137 3245 315 3300 ματος
352 3228 511 3297 χάριν
552 3227 612 3279 ἐν
638 3225 719 3297 τῷ
749 3225 1138 3292 εὐκατανύκτῳ
1190 3225 1286 3276 καὶ
1336 3223 1545 3294 εὐκόλῳ
1580 3223 1714 3293 πρὸς

1822 3215 1921 3269 bus
1956 3218 2130 3270 amice
2169 3220 2456 3288 excipitur.
2491 3221 2670 3276 Strata
2699 3235 2884 3279 autem
2914 3237 3043 3280 sunt
3073 3228 3230 3284 haec:
3259 3231 3394 3285 nihil

135 3321 437 3393 συντριὸὴν
464 3317 672 3387 ἀγγείῳ
699 3316 799 3386 τῆς
841 3315 1068 3385 καρδίας
1102 3313 1287 3369 αὐτοῦ.
1333 3312 1715 3366 Ἀκολουθοῦνο

1824 3307 1966 3359 enim
1998 3308 2048 3361 in
2072 3310 2150 3362 eis
2180 3324 2455 3380 asperum,
2481 3315 2576 3367 sed
2607 3325 2663 3369 et
2688 3331 2879 3384 aspera
2904 3317 2956 3370 in
2985 3318 3145 3386 plana
3166 3334 3396 3377 conver-

1824 3408 2009 3454 tuntur
2041 3402 2133 3455 tali
2171 3403 2335 3458 menti
2369 3421 2386 3459 :
2415 3405 2552 3460 sicut
2579 3414 2634 3461 et.
2661 3406 2914 3462 Salomon
2956 3410 3113 3474 dixit,
3157 3429 3177 3463 ι
3198 3410 3394 3467 Omnia

1823 3491 1981 3561 plana
2018 3493 2458 3564 intelligentibus,
2488 3506 2545 3551 et
2602 3507 2749 3552 recta
2784 3500 3181 3558 invenientibus
3218 3505 3400 3561 scien-

1825 3584 1973 3637 tiam.
2001 3602 2020 3635 ι
2053 3585 2110 3639 id
2130 3598 2309 3641 autem
2333 3590 2711 3658 peccatoribus
2729 3608 2832 3647 non
2860 3593 2997 3649 dixit
3022 3610 3037 3648 :
3063 3596 3190 3665 quia
3220 3612 3398 3666 mens,

1822 3674 1950 3730 licet
1980 3692 2115 3746 epus
2143 3680 2415 3734 excellens
2458 3680 2621 3735 faciat
2673 3682 2827 3751 juxta
2864 3672 3045 3739 ‘suam
3097 3686 3395 3745 emeaciam

1825 3782 2016 3838 agens,
2049 3779 2222 3823 strata
2286 3779 2465 3826 tamen
2529 3773 2648 3840 ejus
2696 3776 2923 3829 scientia
2978 3786 3080 3843 est,
3120 3788 3176 3833 et
3223 3784 3399 3836 adhuc

1823 3854 2111 3915 humiliora
2135 3862 2317 3917 habet.
2362 3864 2623 3920 Sublimis
2673 3880 2851 3921 autem
2908 3883 3096 3924 revera
3146 3874 3397 3939 scientia,

1824 3964 1879 4008 et
1908 3968 2069 4023 super
2100 3970 2316 4010 omnem
2343 3956 2758 4024 sublimitatem,
2794 3962 3065 4031 ignoratio
3124 3974 3230 4028 est,
3279 3981 3399 4034 qua:

1825 4060 2058 4103 mentem
2106 4053 2457 4118 transcendit,
2490 4055 2705 4122 quando
2739 4070 2844 4109 nun
2885 4057 2999 4126 jam
3032 4073 3180 4113 meus
3208 4073 3400 4128 Opera-

1826 4152 1938 4205 tur,
1990 4145 2084 4197 sed
2147 4145 2515 4213 operationem
2575 4148 2739 4200 sentit
2771 4163 2834 4203 ac
2893 4151 3114 4218 patitur.
3174 4150 3400 4221 Oportet

127 3432 224 3474 τες
276 3415 334 3467 δὲ
371 3415 437 3483 τῇ
471 3411 703 3484 τοιαύτῃ
751 3409 1102 3470 καταστάσει,
1161 3404 1463 3477 ἀφιξόμεθα
1502 3405 1580 3468 είς
1617 3404 1717 3474 τὴν

126 3505 227 3559 τοῦ
263 3505 359 3558 νοῦ
390 3504 585 3566 οἰκίαν,
615 3497 682 3575 ἧς
709 3504 737 3555 6
760 3500 1144 3570 οἰκοδεσπότης
1172 3498 1295 3562 νοῦς
1321 3499 1559 3566 ἁνὼγεον
1588 3498 1719 3567 ἡμῖν

124 3600 483 3671 ἐστρωμένον
512 3596 783 3661 ὑποδείξει
811 3595 973 3664 μέγα.
1025 3591 1289 3661 Ἀνὼγεον
1324 3591 1423 3661 μὲν
1462 3591 1497 3660 ή
1540 3588 1718 3660 ὑψηλὴ

121 3687 224 3741 τοῦ
259 3687 508 3741 τοιούτου
538 3684 630 3739 νοῦ
664 3684 925 3755 χὼρησις,
951 3684 1020 3735 τὰ
1052 3682 1191 3747 θεῖα,
1216 3684 1381 3753 φημὶ,
1414 3682 1508 3734 καὶ
1530 3680 1715 3751 νοητὰ,

120 3774 207 3843 οἷς
272 3781 627 3847 ὲγκατοικεῖ,
672 3779 766 3830 καὶ
812 3770 892 3839 οἷς
940 3774 1325 3844 ὲμφιλοχωρεῖ.
1368 3772 1719 3842 Ἐστρωμὲνα

116 3872 181 3925 δὲ
214 3870 404 3925 ταῦτά
435 3872 575 3922 εἰσιν
596 3884 610 3897 ·
650 3869 804 3922 οὐδὲν
838 3866 949 3936 γὰρ
996 3867 1179 3928 αὐτοῖς
1223 3865 1418 3935 τραχὺ,
1453 3862 1588 3915 ἀλλὰ
1628 3863 1722 3915 καὶ

110 3964 190 4017 τὰ
227 3962 435 4016 σκολιὰ
465 3963 542 4023 εἰς
568 3957 782 4012 εὐθεῖαν
815 3955 1054 4025 γίνονται
1084 3954 1163 4023 τῷ
1196 3950 1421 4022 τοιούτῳ
1450 3947 1551 4014 νοί,
1580 3948 1723 4001 καθὰ

111 4059 222 4111 καὶ
261 4053 525 4123 Σολομὼν
582 4047 740 4104 εἶπε’
786 4067 806 4100 ι
845 4048 1029 4102 Πάντα
1081 4044 1246 4098 εὐθέα
1290 4045 1402 4106 τοῖς
1455 4040 1720 4106 συνιοῦσι,

106 4150 220 4203 καὶ
265 4127 411 4216 ὀρθά
434 4149 545 4208 τοῖς
569 4127 887 4216 εὑρίσκουσι
916 4140 1139 4208 γνῶσιν.
1177 4156 1197 4189 ι
1231 4137 1344 4190 Οὐκ
1369 4135 1435 4189 ἂν
1460 4135 1515 4188 δὲ
1544 4135 1724 4206 ἁμάρ-

104 4258 241 4304 τοις
278 4241 382 4294 καὶ
419 4236 581 4291 τοῦτο
631 4234 825 4300 εἰπὼν,
857 4235 940 4287 ὅτι
991 4232 1049 4285 Ὀ
1094 4229 1239 4293 νοῦς,
1293 4231 1342 4282 εί
1381 4228 1476 4281 καὶ
1521 4226 1723 4297 ὑψηλὸν

102 4336 376 4405 πρᾶγμα
417 4332 584 4395 ποιεῖ,
621 4329 763 4383 κατὰ
797 4326 896 4398 τὴν
934 4323 1027 4379 τοῦ
1066 4322 1160 4377 νοῦ
1192 4322 1470 4392 ἐνέργειαν
1497 4319 1714 4387 διάγων,

1825 4326 2016 4396 gratia:
2045 4324 2339 4382 Dominicze
2378 4331 2431 4382 in
2465 4330 2623 4385 nobis
2667 4335 3036 4399 operationem
3077 4319 3401 4404 sentiemus,

99 4425 243 4479 ἀλλ’
281 4423 382 4478 οῦν
432 4422 701 4493 ἕστρωται
745 4418 895 4490 αὑτῴ
920 4420 953 4487 ἡ
990 4415 1190 4485 γνῶσις
1222 4414 1325 4478 ἔτι,
1365 4414 1459 4466 καὶ
1509 4410 1714 4482 χθαμα·

1824 4433 1944 4487 qua:
1984 4434 2083 4474 nos
2139 4421 2421 4490 suscipiet,
2488 4423 2631 4478 sicut
2693 4427 3009 4493 prophetas,
3037 4436 3092 4483 et
3144 4443 3242 4486 eos
3303 4433 3399 4501 qui

96 4518 397 4588 λωτέρως
455 4514 588 4586 ἔχει.
639 4511 849 4583 ’Υψηλὴ
892 4510 950 4563 δὲ
988 4510 1066 4581 τῷ
1119 4510 1232 4561 ὄντι
1287 4508 1320 4578 ἡ
1367 4506 1586 4575 γνῶσις,
1625 4504 1714 4557 καὶ

1826 4524 2106 4565 excessum
2142 4513 2445 4583 patiuntur,
2469 4521 2526 4567 et
2575 4517 2723 4570 omni
2785 4521 3021 4575 naturali
3082 4524 3404 4590 operatione

95 4587 414 4679 bnépiniv
447 4606 579 4676 ὕψος
610 4607 642 4676 ἡ
690 4605 827 4674 ὑπὲρ
872 4601 995 4656 νοῦν
1039 4599 1301 4670 ἀγνωσία,
1342 4602 1429 4652 ὅτε
1458 4599 1559 4652 οὐκ
1586 4598 1668 4651 ἔτι
1697 4596 1714 4649 ί

1829 4603 2218 4658 deStituuutur.
2286 4602 2529 4673 Denique
2581 4607 2779 4662 dicitur
2829 4587 3137 4680 Assumptio
3190 4613 3403 4669 Domini

87 4702 251 4764 νοῦς
289 4701 536 4768 ἐνεργεῖ,
569 4694 686 4749 ἀλλ’
716 4697 1044 4765 ἐνεργεῖται.
1071 4694 1162 4744 Δεῖ
1195 4691 1252 4743 δὲ
1290 4691 1555 4761 πρότερον
1582 4689 1714 4760 ἡμᾶς

1828 4693 1881 4747 iu
1912 4697 2171 4763 propheta
2201 4695 2505 4765 hujusmodi
2539 4697 2679 4753 ﬁeri.
2715 4697 2867 4753 Sicut
2918 4701 3083 4769 igitur
3110 4710 3164 4757 et
3193 4705 3248 4757 in
3298 4705 3401 4759 hoc

85 4796 187 4866 τῷ
228 4791 326 4848 νοῒ
362 4792 524 4862 ἡμῶν
564 4792 828 4860 ἐνεργεῖν,
866 4782 966 4840 εἶθ’
1011 4784 1184 4848 οὕτως
1226 4781 1632 4854 ὲνεργησόμεθα
1661 4783 1714 4851 τῇ

1828 4784 2168 4839 εωιιοειιιυιιι
2200 4793 2431 4840 stratum
2452 4788 2603 4842 venit
2621 4785 2779 4844 Jesus
2803 4804 2928 4844 cum
2959 4792 3239 4861 discipulis
3266 4796 3403 4859 suis,

77 4887 205 4941 τοῦ
252 4887 484 4956 Κυρίου
530 4884 736 4955 χάριτι,
791 4879 1160 4951 λαμϐάνοντες
1206 4878 1356 4947 ἡμᾶς
1400 4875 1589 4945 ὥσπερ
1634 4875 1714 4927 κα¹

1825 4884 1878 4929 ει
1904 4876 2160 4946 mysteria
2184 4878 2395 4944 perlicit
2421 4893 2437 4931 :
2466 4878 2540 4932 ita
2564 4882 2707 4933 venit
2738 4883 2805 4935 ad
2823 4896 2942 4944 nos,
2966 4894 3020 4937 et
3035 4898 3189 4938 suam
3215 4896 3400 4941 osten-

73 4983 248 5044 τοὺς
286 4978 605 5049 προφήτας,
631 4976 723 5029 καὶ
752 4973 1071 5040 ὲξιστῶντες
1105 4972 1286 5041 πάσης
1308 4969 1543 5038 φυσικῆς
1573 4970 1714 5038 ἐνερ-

1825 4967 1902 5021 dit
1929 4968 2246 5031 emcaciam,
2280 4970 2372 5025 sed
2400 4986 2507 5026 non
2533 4983 2786 5042 expectat
2813 4984 2872 5028 ut
2901 4989 2999 5031 nos
3022 4977 3306 5033 veniamus
3330 4978 3402 5035 ad

70 5079 308 5147 γεὶας.
356 5071 580 5143 ’Δμέλει
633 5069 851 5136 λέγεται
883 5066 1076 5136 λῆμμα
1117 5064 1323 5134 Κυρίου
1379 5062 1437 5113 ὲν
1483 5060 1620 5131 τῷδε
1648 5057 1714 5129 τᾷ

1825 5075 1971 5114 eum.
2000 5060 2259 5129 Discipuli
2294 5072 2481 5118 autem
2515 5065 2670 5120 Verbi
2703 5067 2797 5121 Dei
2826 5075 2953 5122 sunt
2971 5082 3163 5124 omnes
3195 5084 3406 5125 sermo-

70 5169 401 5240 προφήτῃ
442 5164 716 5233 γενέσθαι.
754 5163 964 5231 Ὠσπερ
1002 5157 1094 5211 οῦν
1127 5154 1406 5242 κάνταῦθα
1447 5153 1541 5206 τοῦ
1576 5154 1714 5205 ἀνω-

1820 5167 1917 5208 nes
1944 5169 2120 5208 rerum
2147 5165 2446 5225 gestarum.
2476 5157 2627 5214 Tunc
2657 5159 2822 5232 igitur
2857 5177 2979 5217 cum
3007 5166 3319 5233 operahitur
3347 5168 3401 5222 in

62 5265 251 5333 γὲου
310 5260 514 5313 τούτου
565 5250 935 5326 ἐστρωμένον,
994 5251 1213 5321 ἔρχεται
1254 5250 1282 5302 6
1342 5246 1548 5317 Ἰησοῦς
1580 5246 1714 5314 μετὰ

1819 5244 1975 5299 nobis
1998 5242 2260 5313 Verbum,
2278 5245 2499 5303 Pascha:
2516 5250 2877 5319 intelligemus
2890 5252 3358 5323 participationem
3383 5271 3402 5308 ς

54 5357 214 5410 τῶν
266 5351 542 5423 μαθητῶν
582 5348 768 5412 αὑτοῦ,
807 5348 900 5400 καὶ
935 5344 1078 5397 τελεῖ
1103 5342 1173 5395 τά
1218 5340 1519 5411 μυστήρια,
1565 5336 1714 5409 ἐρχό-

1817 5341 1902 5392 vel
1941 5339 2119 5409 potius
2157 5341 2470 5396 erudiemur
2510 5343 2564 5397 iu
2610 5345 2952 5401 sermonibus
3002 5360 3180 5402 rerum
3219 5348 3398 5405 facta-

53 5464 289 5519 μενος
327 5445 500 5505 αὐτὸς
527 5443 663 5512 πρὸς
690 5441 859 5510 ἡμᾶς,
892 5439 987 5491 καὶ
1009 5436 1110 5506 τὴν
1137 5435 1342 5489 οἰκείαν
1368 5432 1532 5486 αὑτοῦ
1567 5432 1714 5505 ὲνὲρτ

1828 5448 1947 5489 runt
2003 5431 2158 5500 juxta
2212 5435 2363 5500 illud,
2389 5454 2409 5488 ι
2454 5433 2661 5493 Videbo
2702 5438 2869 5494 caelos
2902 5454 3065 5510 opem
3113 5442 3405 5514 digitorum

47 5559 143 5612 γε
156 5555 283 5593 ιαν
319 5537 613 5608 ἐμφαίνων
636 5537 791 5606 ημῖν,
822 5532 935 5586 ἀλλ’
959 5531 1060 5585 οὐκ
1081 5530 1365 5599 ἀναμένων
1381 5527 1526 5597 ήμᾶς
1548 5525 1723 5578 ἐλθεῖν
1836 5534 2080 5583 tuorum.
2128 5544 2148 5577 ι

44 5636 215 5710 πρὸ
230 5652 261 5698 ;
294 5633 474 5687 αὐτὸν
505 5630 607 5685 ἔτι.
639 5628 898 5697 Μαθηταὶ
930 5626 986 5679 δὲ
1012 5624 1107 5678 τοῦ
1134 5623 1269 5677 Θεοῦ
1301 5624 1500 5690 Λόγου,
1527 5624 1730 5687 πάντες
1792 5619 1844 5672 οἰ
1916 5620 2065 5689 λόγοι
2094 5621 2201 5676 τῶν
2233 5622 2553 5692 γεγονότων.
2604 5622 2740 5676 Τότε
2785 5618 2882 5680 οὖν
2924 5626 3054 5682 ὅταν
3106 5630 3304 5702 ινιργῇ
3349 5632 3412 5684 ἂν

41 5736 253 5810 ἡμῖν
289 5734 322 5786 ὁ
351 5732 555 5798 Λόγος,
577 5727 676 5798 τὴν
699 5725 794 5779 τοῦ
836 5723 1029 5793 Πάσχα
1057 5721 1361 5792 μετάληψιν
1392 5722 1726 5806 συνήσομεν,
1770 5716 1971 5786 μᾶλλον
2031 5717 2090 5771 δὲ
2130 5718 2631 5791 συνετισθησόμεθα
2657 5718 2902 5785 καὶτοὺς
2959 5722 3153 5792 λόγους
3179 5723 3290 5779 τῶν
3311 5740 3408 5794 γε-

41 5830 403 5906 γονάτων,
456 5824 602 5878 κατὰ
638 5821 722 5887 τὸ,
753 5839 771 5872 ι
807 5820 1050 5890 Ὀψομαι
1100 5818 1225 5879 τοὺ,
1269 5818 1554 5889 οὐρανοὺς,
1587 5818 1725 5888 ἔργα
1762 5813 1869 5869 τῶν
1901 5813 2179 5870 δακτωιων
2209 5831 2324 5871 σου.
2360 5834 2379 5867 ι

426 5942 701 6000 Ριτιιοιη
747 5938 862 5995 (ἴα.
894 5933 1169 5995 CXXlIi.

2968 5935 3047 5993 34

1826 4242 2005 4287 autem
2036 4249 2132 4290 nos
2160 4235 2308 4303 prius
2341 4244 2523 4291 mente
2583 4248 2768 4292 nostra
2824 4242 3059 4309 operari,
3091 4251 3145 4297 et
3206 4245 3403 4322 deinde
