3932 6456
518 350 654 414 106Ἰ

470 542 475 553 ’
514 553 785 616 accubuit,
809 566 870 606 ac
901 550 1182 604 duodecim
1203 551 1429 619 apostoli
1466 566 1587 605 cum
1627 566 1713 606 eo.
1747 551 1810 605 Et
1843 556 1917 607 ait
1944 552 2084 606 illis:

514 643 791 699 Desiderio
856 641 1155 696 desideravi
1227 642 1329 696 hoc
1374 643 1573 711 past-ha
1615 643 1902 698 comedere
1939 645 2087 698 vobi-

511 753 658 791 scum
692 745 980 805 antequam
1016 734 1206 805 patiar.
1251 731 1378 786 Dico
1412 735 1556 788 enim
1619 735 1796 797 vobis,
1859 737 2085 806 posthac

514 844 617 884 non
660 829 811 882 edam
848 827 985 881 ultra
1022 842 1085 881 ex
1134 842 1220 891 eo,
1250 827 1422 882 donec
1474 826 1809 896 compleatur
1840 827 1891 880 itt
1921 842 2088 896 regno

516 921 629 975 Dei.
683 921 747 974 Et
776 931 997 990 accepto
1043 919 1234 989 poculo
1260 925 1461 991 gratias
1496 919 1623 990 egit,
1653 934 1714 972 ac
1760 918 1893 971 dixit
1931 935 1945 972 :
1982 918 2087 974 Ac-

514 1012 676 1082 cipite
712 1014 832 1079 hoc,
876 1021 930 1066 et
975 1012 1211 1066 dividite,
1243 1013 1381 1065 inter
1422 1026 1535 1064 vos.
1573 1009 1700 1063 Dico
1729 1010 1871 1064 enim
1911 1011 2089 1073 vobis,

511 1105 653 1173 quod
687 1118 790 1157 non
826 1103 1007 1157 bibam
1041 1104 1105 1157 de
1157 1102 1331 1157 fructu
1359 1103 1504 1169 vitis,
1540 1103 1715 1157 donec
1741 1117 1960 1170 regnum
1993 1102 2088 1157 Dei

520 1195 722 1249 veniat.
747 1194 812 1248 Et
858 1204 1079 1263 accepto
1130 1210 1285 1265 pane,
1348 1209 1468 1248 cum
1498 1193 1698 1260 gratias
1728 1195 1944 1264 egisset,
1975 1192 2093 1248 ire-

515 1288 609 1355 git,
654 1301 715 1341 ac
752 1287 897 1341 dedit
938 1288 1036 1349 eis,
1080 1288 1313 1341 dicens:
1364 1285 1475 1339 Hoc
1515 1295 1594 1339 est
1651 1301 1845 1354 corpus
1890 1300 2089 1350 meum,

512 1379 657 1446 quod
708 1393 806 1445 pro
828 1377 980 1431 Vobis
1026 1376 1206 1431 datur.
1247 1378 1359 1431 lloc
1405 1376 1566 1430 facite
1606 1375 1658 1428 in
1711 1376 1811 1431 mei
1840 1377 2092 1431 recorda-

519 1471 739 1523 tionem.
793 1469 1055 1523 Similiter
1100 1479 1153 1523 et
1197 1471 1442 1538 poculum
1512 1481 1793 1541 postquam
1838 1469 2086 1533 coenavit,

516 1562 694 1613 dicens
729 1577 742 1613 :
782 1559 890 1613 Hoc
918 1560 1167 1629 poculum
1198 1576 1393 1614 novum
1424 1561 1823 1617 Testamentum
1855 1560 1908 1614 in
1967 1575 2093 1617 sau-

514 1650 677 1719 guine
735 1664 878 1713 meo,
935 1650 1025 1718 qui
1092 1665 1189 1713 pro
1237 1652 1392 1705 vobis
1443 1650 1769 1706 cﬂundetur.
1823 1670 1842 1703 ι
1887 1648 2093 1705 Pascha

513 1750 721 1793 stantes
770 1739 1147 1807 tomedebaut,
1197 1743 1467 1811 quomodo
1509 1742 1670 1812 igitur
1710 1743 1968 1797 Dominus
2010 1757 2097 1796 re-

1432 350 2012 411 THEOPUYIACTI
2050 349 2389 409 BULGARI
2403 350 2463 408 xli
2507 348 2863 410 ARCIIIEP.

591 468 750 518 Vsus.
796 461 977 516 14-20.
1016 480 1032 512 ι
1086 460 1147 515 Et
1176 477 1306 516 cum
1344 461 1455 530 iam
1492 473 1637 519 esset
1684 465 2085 532 tempestivum,
2123 476 2159 525 Α

3622 357 3738 422 ιθθ8

2269 480 2290 516 ε
2330 464 2434 516 Καὶ
2461 463 2550 516 ὅτε
2578 462 2796 531 ἐγένετο
2825 464 2859 533 ἠ
2893 461 3033 534 ὥρα,
3075 462 3308 519 ἀνέπεσε
3329 483 3341 496 ο
3382 468 3478 521 καὶ
3499 469 3549 522 ol
3564 469 3748 529 δώδεκα

2190 554 2478 608 ἀπόστολοι
2509 557 2604 608 σὺν
2630 552 2802 625 αὐτῷ.
2847 553 2957 608 Καὶ
3004 550 3125 609 εἷπε
3158 558 3295 627 πρὸς
3350 559 3573 626 αὐτούς⁸
3621 567 3749 620 Ἐπι.

2191 649 2362 719 θυμίᾳ
2393 648 2715 719 ἐπεθύμησα
2745 648 2905 702 τοῦτο
2938 649 2996 702 τὸ
3036 648 3220 722 πάσχα
3251 656 3447 720 φαγεῖν
3472 655 3593 724 μεθ’
3615 659 3747 729 ὑμῶν

2192 743 2299 812 πρὸ
2334 740 2427 793 τοῦ
2469 759 2541 811 με
2587 741 2797 794 παθεῖν.
2858 740 3019 807 Λέγω
3063 742 3173 815 γὰρ
3203 744 3351 814 ὑμῖν,
3408 746 3497 799 ὅτι
3549 749 3646 803 οὐκ
3684 754 3747 807 ἐτι

2193 835 2252 885 οὐ
2289 835 2364 903 μὴ
2400 835 2559 901 φάγω
2624 833 2681 899 ἐξ
2743 832 2930 898 αὐτού,
2984 834 3087 897 ἕως
3138 836 3261 889 ὅτου
3299 836 3563 907 πληρωθῇ
3601 843 3654 892 ὲν
3694 847 3748 914 τῇ

2193 924 2439 995 βασιλεία
2467 923 2558 976 τοῦ
2580 923 2736 979 Θεοῦ.
2769 926 2881 978 Καὶ
2913 924 3203 995 δεξάμενος
3236 928 3520 999 ποτήριον,
3554 932 3749 1001 εὐχαρι-

2194 1018 2397 1089 στήσας
2420 1010 2544 1070 εἷπε
2566 1033 2580 1047 ·
2607 1016 2817 1069 Λάϐετε
2836 1016 3014 1083 τούτο,
3041 1018 3135 1071 καὶ
3162 1018 3520 1090 διαμερίσατε
3543 1024 3749 1089 ἑαυτοῖς.

2192 1110 2352 1176 Λέγω
2382 1108 2489 1177 γὰρ
2523 1110 2673 1177 ὑμῖν,
2711 1109 2795 1161 ὅτι
2825 1111 2885 1161 ού
2921 1110 2995 1180 μὴ
3028 1109 3136 1163 πίω
3166 1112 3275 1163 ἀπὸ
3307 1112 3402 1164 τοῦ
3437 1115 3751 1185 γεννήματος

2192 1196 2287 1265 τῆς
2316 1197 2585 1265 ἀμπέλου,
2609 1195 2714 1258 ἕως
2736 1196 2860 1248 ὅτου
2887 1198 2919 1267 η
2944 1196 3187 1265 βασιλεία
3212 1196 3306 1250 τοῦ
3335 1197 3474 1250 Θεοῦ
3499 1198 3643 1269 ἔλθῃ.
3661 1203 3753 1255 Καὶ

2191 1284 2370 1339 λαϐὼν
2395 1286 2580 1358 ἄρτον,
2606 1287 3009 1356 εὐχαριστήσας
3041 1287 3262 1354 έκλασε,
3318 1289 3415 1342 καὶ
3450 1289 3644 1341 ἔδωκεν
3668 1293 3752 1344 αύ-

2191 1379 2326 1443 τοῖς,
2353 1376 2525 1445 λέγων
2544 1392 2557 1407 ⁸
2592 1376 2762 1431 Τοῦτό
2788 1379 2903 1429 ἐστι
2934 1376 2993 1430 τὸ
3012 1377 3172 1448 σῶμά
3205 1396 3329 1447 μου,
3356 1379 3418 1432 τὸ
3448 1379 3592 1447 ὑπὲρ
3622 1382 3752 1450 ὑμῶν

2193 1469 2486 1538 διδόμενον,
2546 1467 2707 1522 τοῦτο
2762 1472 2966 1523 ποιεῖτε
3015 1470 3097 1534 είς
3120 1469 3218 1541 τὴν
3265 1470 3408 1541 ἐμὴν
3440 1473 3751 1541 ἀνάμνησιν

2190 1559 2454 1624 ὡσαύτως
2490 1559 2668 1614 καὶτὸ
2706 1562 2963 1632 ποτήριον
2988 1562 3128 1630 μετά
3161 1562 3220 1615 τὸ
3248 1561 3750 1632 eumnam.th-

2195 1653 2369 1709 Τοῦτο
2406 1653 2467 1708 τδ
2498 1654 2762 1725 ποτήριον
2795 1655 2828 1725 η
2866 1654 3044 1724 Καινὴ
3076 1653 3324 1726 Διαθήκη
3365 1658 3427 1709 ὲν
3470 1656 3551 1725 τῷ
3579 1657 3754 1726 αἵματί

2199 1760 2324 1814 μου,
2357 1743 2417 1797 τὸ
2448 1742 2591 1814 ὑπὲρ
2621 1743 2777 1811 ὑμῶν
2808 1744 3193 1813 ὲκχυνόμενον.
3226 1764 3244 1797 ι
3281 1746 3355 1799 Τὸ
3387 1747 3583 1814 Πάσχα
3626 1749 3753 1803 ἱστά-

514 1832 768 1887 cumbere
814 1832 1056 1887 dicitur?
1111 1834 1303 1888 Dicunt
1368 1835 1548 1903 itaque
1616 1837 1757 1904 quod
1810 1843 2090 1905 postquam

2201 1812 2350 1906 μενοι
2383 1812 2590 1908 ἤσθιον·
2629 1837 2745 1899 πῶς
2772 1812 2938 1891 οὖνηὸ
2962 1837 3167 1907 Κύριος
3197 1838 3495 1892 ἀναπεσεῖν
3529 1812 3750 1907 λέγεται,

515 1925 748 1977 comedit
811 1924 1003 1992 legale'
1023 1926 1241 1993 pascha,
1301 1926 1667 1981 reettbueruut
1697 1941 1846 1980 more
1885 1927 2089 1996 vulgari

500 2017 857 2071 reotnetlentes
905 2018 1042 2073 alios
1096 2018 1353 2087 quosdam
1395 2018 1565 2074 cibos.
1613 2021 1749 2074 Dicit
1787 2028 1966 2075 autem
2024 2022 2091 2075 ad

516 2110 805 2179 discipulos
843 2128 855 2162 :
901 2109 1179 2165 Desiderio
1228 2111 1527 2165 desideravi
1571 2112 1672 2165 hoc
1707 2112 1905 2183 pascha
1946 2129 2093 2166 tuan-

520 2204 723 2259 ducare
746 2204 1047 2268 vobiStum,
1079 2206 1390 2274 priusquam
1429 2206 1632 2276 patiar;
1661 2207 1814 2277 quasi
1838 2209 2036 2263 diceret
2077 2228 2089 2263 :

508 2296 643 2353 ‘Htcc
693 2309 934 2353 extrema
1000 2313 1151 2354 canta
1183 2314 1296 2353 mea
1349 2311 1432 2353 est
1472 2301 1769 2363 vobiscum,
1806 2300 2005 2355 idcirco
2043 2311 2096 2355 ct

494 2400 670 2462 ‘grata
700 2399 753 2444 et
779 2389 1147 2443 desiderabilis
1173 2405 1189 2457 ;
1220 2404 1342 2442 nam
1379 2391 1514 2443 ultra
1544 2390 1814 2444 vobiscum
1845 2407 1947 2444 non
1977 2406 2093 2445 sum

521 2482 906 2537 couvivalurus
934 2496 950 2536 :
991 2483 1130 2536 sicut
1158 2494 1207 2536 el
1246 2496 1474 2552 peregre
1500 2481 1791 2551 profecturi
1826 2494 2095 2554 postrema

518 2571 782 2641 colloquia
835 2587 958 2626 cum
1013 2572 1247 2626 maxime
1297 2571 1653 2628 familiaribus
1701 2576 1939 2627 suaviter
1996 2574 2096 2627 mi-

521 2673 690 2720 scent.
732 2661 822 2717 Vel
844 2662 1001 2716 aliter
1029 2661 1391 2719 :‘Desideravi
1422 2662 1523 2717 hoc
1545 2665 1743 2733 pascha
1769 2666 2097 2719 manducare

520 2756 823 2820 vobiscum,
880 2769 944 2808 eo
993 2755 1133 2824 quod
1170 2770 1356 2823 magna
1394 2755 1649 2825 mysteria
1698 2755 1751 2809 in
1802 2756 1901 2810 hac
1944 2757 2097 2811 vobis

523 2861 676 2901 ctrna
708 2847 807 2901 sim
836 2846 1148 2909 traditurus,
1172 2845 1547 2918 assuetnpe
1579 2862 1640 2899 ea
1670 2860 1789 2915 quae
1815 2856 1940 2901 sunt
1960 2844 2094 2900 Novi

522 2935 872 2991 Testamcuti.
931 2935 1211 3006 Signiﬁcat
1258 2946 1434 2989 autem
1477 2952 1572 3004 per
1629 2935 1770 3003 haec,
1831 2938 1971 3005 quod
2006 2952 2097 2991 vo-

525 3027 757 3081 luntarie
793 3027 1046 3098 patiatur.
1094 3027 1305 3082 Poterat
1345 3028 1484 3082 enim
1551 3029 1770 3082 omnino
1821 3028 2095 3094 secedere,

523 3120 663 3172 sicut
696 3128 750 3172 et
780 3119 897 3174 aliis
942 3119 1296 3189 temporibus,
1336 3133 1456 3173 cum
1500 3120 1664 3174 sciret
1709 3133 1767 3173 sc
1788 3133 2092 3190 passurum.
2118 3150 2163 3206 ο

508 3209 673 3276 Quod
706 3220 884 3265 autem
920 3211 1070 3275 dicit,
1094 3210 1211 3263 Non
1258 3210 1435 3264 bibam
1460 3210 1632 3276 illum,
1674 3210 1840 3264 donec
1870 3224 2089 3279 regnum

525 3299 617 3352 Dei
659 3302 872 3366 veniat,
915 3302 1131 3371 quidam
1188 3312 1497 3355 sanctorum
1541 3300 1952 3365 intellexerunt,
1991 3298 2092 3352 Do-

526 3406 626 3447 nec
656 3404 957 3463 resurgam.
988 3391 1123 3446 'l‘ost
1163 3394 1609 3447 resurrectionem
1639 3391 1779 3446 enim
1811 3405 2095 3445 conversa-

524 3494 609 3537 tus
631 3494 715 3538 est
740 3498 865 3538 cum
893 3483 1194 3552 discipulis,
1217 3494 1269 3535 et
1295 3484 1548 3546 comedit,
1571 3491 1625 3536 et
1652 3480 1787 3536 bibit
1814 3495 1934 3534 cum
1966 3478 2047 3531 eis
2078 3496 2091 3529 :

514 3574 665 3629 ~siCnI
713 3583 768 3628 et
806 3572 1002 3628 Petrus
1040 3575 1106 3629 ad
1152 3572 1465 3627 Cornelium
1517 3573 1685 3626 dicit:
1725 3590 1744 3623 ι
1776 3569 1875 3636 Qui
1921 3584 2099 3624 come-

525 3667 705 3720 dimus
736 3676 791 3720 et
813 3664 1042 3720 bibimus
1075 3681 1195 3718 eum
1220 3680 1291 3720 eo
1322 3675 1437 3734 post
1466 3663 1916 3718 resurreCtiOnem
1943 3661 2029 3715 "‘.
2071 3681 2089 3711 ι

523 3755 679 3822 Quod
735 3764 914 3809 autem
964 3768 1189 3824 regnum
1241 3754 1332 3808 Dei
1374 3755 1442 3809 sit
1482 3752 1827 3817 resurrectio,
1882 3749 2079 3806 manife

516 3859 669 3901 stum
711 3854 815 3900 est.
851 3844 1197 3901 Resurrectio
1241 3846 1383 3899 enim
1415 3843 1680 3899 destruxit
1715 3854 1982 3900 mortem:
2016 3858 2103 3898 re-

525 3938 709 4009 gnavit
740 3947 918 3991 autem
951 3951 1097 3991 mors
1141 3937 1207 3990 ab
1267 3937 1435 3990 Adam
1477 3950 1649 4004 usque
1676 3933 1742 3989 ad
1786 3934 2099 4000 Christum;

530 4035 657 4082 tunc
694 4039 872 4081 autem
910 4027 1209 4091 destructa,
1244 4026 1517 4082 concessit
1550 4025 1781 4080 Domino
1818 4026 2101 4080 victoriam

518 4126 584 4173 et
617 4132 875 4189 regnum:
907 4120 1360 4188 quemadmodum
1403 4119 1604 4173 dictum
1638 4127 1762 4172 est:
1803 4135 1824 4170 ι
1859 4116 1962 4172 Ubi
1996 4124 2101 4183 est,

522 4224 703 4277 mors,
737 4211 959 4265 tletoria
1002 4218 1091 4264 tua
1131 4209 1212 4263 ιιι
1241 4209 1538 4281 et_David:
1576 4227 1596 4261 ι
1629 4209 1881 4263 Dominus
1922 4224 2109 4279 regna-

482 4342 487 4347 μ
531 4301 642 4366 vit;
685 4319 705 4352 ι
741 4299 941 4355 deinde
1010 4300 1381 4369 interpretans
1438 4299 1706 4369 quomodo
1758 4299 2104 4367 regnaverit;

524 4408 556 4442 4
586 4392 867 4453 Decorem.
892 4390 1085 4459 inquit,
1106 4391 1324 4445 indutus
1334 4398 1440 4457 est,
1458 4406 1478 4442 ι
1497 4386 1953 4454 incorruptionem
1976 4386 2110 4440 acel-

2192 1927 2456 1994 Λέγουσιν
2477 1922 2572 1981 οὖν
2595 1927 2679 1982 ὅτι
2709 1927 2847 1998 μετά
2875 1928 2938 1981 τὸ
2984 1932 3179 1997 φαγεῖν
3207 1929 3269 1981 τὸ
3306 1930 3540 1998 νομικὸν
3569 1931 3750 2002 πάσχα,

2194 2019 2457 2071 ἀνέπεσον
2516 2017 2700 2073 λοιπὸν
2737 2018 2903 2090 κοινῷ
2941 2020 3130 2091 τρόπῳ
3179 2019 3453 2085 ἐσθίοντες
3485 2022 3622 2077 ἄλλα
3654 2024 3751 2078 τινά

2195 2109 2480 2181 βρώματα.
2506 2112 2642 2183 Φησὶ
2669 2112 2723 2165 δὲ
2752 2112 2886 2183 πρὸς
2929 2114 3058 2176 τοὺς
3082 2113 3331 2184 μαθητάς
3356 2129 3370 2145 ·
3413 2132 3433 2165 ι
3478 2115 3751 2187 Ἐπιθυμίᾳ

2195 2202 2515 2275 ἐπεθύμησα
2544 2202 2702 2257 τοῦτο
2757 2205 2817 2257 τὸ
2875 2204 3060 2274 πάσχα
3100 2207 3299 2273 φαγεῖν
3335 2205 3457 2275 μεθ’
3487 2207 3637 2275 ὑμῶν
3665 2208 3750 2277 πρὸ

2192 2291 2290 2346 τοῦ
2323 2310 2392 2363 με
2426 2294 2620 2347 παθεῖν
2641 2310 2655 2323 ·
2690 2312 2707 2346 ι
2736 2292 2939 2356 ὡσανεὶ
2967 2293 3127 2346 τοῦτο
3160 2292 3315 2361 ἔλεγε
3336 2310 3352 2328 ο
3395 2295 3574 2349 Τοῦτό
3595 2313 3676 2366 μοι
3699 2297 3747 2348 τό

2193 2382 2501 2437 τελευταῖον
2525 2382 2741 2436 δεῖπνον
2770 2383 2891 2453 μεθ’
2912 2382 3098 2454 ὑμῶν·
3134 2383 3214 2437 διὸ
3242 2385 3336 2438 καῖ
3373 2386 3654 2458 ἀγαπητόν
3674 2404 3749 2456 μοι

2194 2477 2289 2527 καὶ
2338 2473 2675 2544 ἐπιθυμητὸν
2731 2475 2878 2528 ἐστιν
2902 2490 2914 2504 ’
2963 2472 3149 2526 ἄλλοτε
3187 2474 3298 2544 γάρ
3327 2476 3448 2546 μεθ’
3475 2476 3629 2545 ὑμῶν
3666 2478 3747 2529 οὐκ

2193 2566 2661 2637 ἐστιασθήσομαι·
2693 2564 2882 2636 ὥσπερ
2913 2567 3004 2618 καὶ
3054 2567 3101 2618 οί
3144 2566 3436 2635 μέλλοντες
3487 2569 3747 2639 ἀποδημὴ-

2197 2674 2332 2722 σειν,
2364 2658 2431 2707 τά
2466 2655 2752 2710 τελευταῖα
2786 2657 3240 2727 προσφωνήματα
3270 2659 3386 2721 τοῖς
3429 2660 3649 2723 οἰκείοις
3672 2661 3745 2713 καὶ

2194 2746 2440 2818 γνησίοις
2459 2746 2720 2817 ἡδύτερον
2750 2751 2845 2801 καὶ
2868 2748 3245 2818 ποθεινότερον
3279 2749 3640 2820 προσάγουσι.
3660 2752 3745 2804 Kal

2195 2841 2367 2904 ἄλλως
2401 2840 2457 2892 δέ
2476 2856 2490 2869 ’
2532 2837 2889 2910 Ἐπεθύμησα
2918 2837 3077 2891 τοῦτο
3109 2840 3166 2893 τὸ
3194 2827 3381 2911 πάσχα
3429 2844 3626 2911 φαγεῖν
3651 2844 3745 2912 μεθ’

2195 2932 2369 3002 ὑμῶν,
2399 2930 2535 2984 διότι
2570 2929 2640 2984 τά
2680 2929 2894 2999 μεγάλα
2949 2933 3223 3004 μυστήρια
3278 2935 3338 2987 ἐν
3394 2934 3573 3004 τούτῳ
3601 2935 3747 3005 μέλλω

2197 3022 2532 3095 παραδοῦναι
2554 3023 2703 3090 ὑμῖν,
2736 3022 2802 3074 τά
2838 3023 2933 3092 τῆς
2967 3024 3174 3094 Καινῆς
3203 3024 3507 3097 Διαθήκης.
3542 3027 3747 3098 Δηλοῖδὲ

2194 3116 2283 3170 διὰ
2339 3113 2549 3178 τούτου,
2612 3114 2694 3167 ὅτι
2730 3111 2871 3167 ἑκὼν
2926 3116 3144 3186 πάσχει.
3193 3116 3353 3186 Ἐξῆν
3412 3118 3523 3188 γάρ
3560 3126 3747 3181 πάντως

2196 3208 2365 3277 αὐτῷ,
2386 3205 2573 3275 ἐπειδὴ
2596 3204 2890 3273 ἐγίνωσκεν
2915 3207 2998 3259 ότι
3029 3207 3216 3278 μέλλει
3248 3207 3462 3271 παθεῖν.
3489 3210 3750 3280 ὑπαναχωε

2199 3301 2382 3369 ρῆσαι,
2418 3296 2608 3365 ὥσπερ
2664 3297 2768 3349 κάν
2804 3299 2916 3360 τοῖς
2972 3298 3261 3369 προτέροις
3320 3302 3557 3368 καιροῖς.
3586 3300 3652 3352 τε
3682 3300 3745 3355 δὲ.

2202 3408 2222 3440 ι
2264 3389 2338 3442 Oti
2372 3387 2448 3459 μὴ
2500 3388 2607 3441 πίω
2651 3385 2805 3451 αὐτὸ,
2841 3386 2946 3450 ἕως
2974 3388 3098 3440 ὅτου
3134 3389 3165 3458 ἡ
3202 3387 3455 3457 βασιλεία
3514 3387 3602 3442 τοῦ
3635 3387 3745 3440 Θεοὸ

2198 3480 2349 3552 ἔλθῃ.
2400 3500 2415 3531 ι
2442 3478 2585 3541 τινὲς
2624 3478 2732 3531 τῶν
2766 3479 2937 3547 ἁγίων
2963 3478 3221 3550 ἐνόησαν,
3258 3480 3381 3533 ἀντὶ
3432 3480 3548 3544 τοῦ,
3580 3481 3749 3550 "Axs;

2199 3563 2260 3622 οὗ
2289 3567 2525 3622 ἀναστῶ.
2548 3568 2702 3622 Μετὰ
2733 3568 2841 3638 γὰρ
2865 3568 2963 3638 τὴν
3002 3569 3299 3622 ἀνάστασιν
3334 3570 3748 3639 συναυλιζόμενις

2200 3663 2309 3723 τοῖς
2343 3659 2630 3729 μαθηταῖς,
2680 3660 2775 3712 καὶ
2810 3661 3105 3728 συνέφαγε,
3150 3662 3248 3714 καὶ
3282 3663 3535 3715 συνέπιεν
3564 3662 3747 3724 αὐτοῖς·

2201 3747 2388 3818 ὥσπερ
2420 3749 2512 3800 καὶ
2547 3747 2752 3818 Πέτρος
2782 3750 2916 3819 φησὶ
2949 3751 3083 3819 πρὸς
3127 3751 3429 3821 Κορνήλιον
3450 3768 3462 3781 ·
3506 3770 3524 3803 ι
3566 3752 3748 3814 Οῖτιντς

2205 3839 2579 3910 συνεφάγομεν
2607 3841 2703 3895 καὶ
2734 3839 3056 3911 συνεπίομεν
3077 3840 3224 3912 αὐτῷ
3255 3843 3394 3909 μετὰ
3425 3842 3517 3914 τὴν
3539 3843 3747 3895 ἀνάστεο

2205 3949 2310 3987 σιν.
2354 3951 2375 3984 ι
2420 3931 2541 3985 Ὀτι
2568 3930 2626 3983 δὲ
2660 3930 2907 4001 βασιλεία
2935 3931 3028 3985 τοῦ
3050 3932 3188 3986 θεοῦ
3236 3935 3268 4003 η
3301 3933 3612 3996 ἀνάστασις,
3640 3932 3749 4004 πρό-

2203 4025 2381 4096 δηλον.
2428 4022 2493 4077 'll
2518 4024 2627 4093 γὰρ
2681 4024 3000 4088 ἀνάστασις,
3039 4024 3340 4087 κατάλυσις
3365 4024 3464 4078 τοῦ
3510 4027 3744 4079 θανάτοιν

2200 4115 2523 4170 ἐϐασίλευσε
2567 4115 2624 4168 δὲ
2657 4117 2685 4169 ό
2738 4116 2966 4180 θάνατος
3001 4117 3111 4170 ἀπὸ
3150 4118 3321 4187 Ἀδάμ
3369 4118 3474 4181 ἕως
3503 4116 3745 4189 Χριστοῦ·

2209 4208 2326 4263 τότε
2363 4207 2419 4263 δὲ
2457 4207 2804 4274 καταλυθεὶς,
2844 4208 3206 4281 παρεχώρησε
3240 4210 3316 4279 τῷ
3342 4211 3535 4282 Κυρίῳ
3565 4210 3653 4278 τῆς
3683 4210 3747 4262 νί-

2209 4317 2311 4367 κης
2364 4300 2461 4353 καὶ
2492 4298 2594 4370 τῆς
2649 4300 2929 4370 βασιλείας
2950 4342 2966 4366 ,
3017 4302 3154 4353 καθὸ
3185 4302 3428 4372 εἴρηταν
3459 4319 3480 4354 ι
3522 4300 3620 4356 [Ιοῦ
3654 4318 3743 4362 σου,

2211 4392 2432 4459 θάνατε,
2459 4391 2520 4445 τὸ
2544 4394 2691 4454 νῖκος
2719 4409 2736 4457 ;
2775 4410 2793 4443 ι
2831 4390 2926 4445 καὶ
2959 4394 2988 4445 ό
3023 4392 3206 4459 Δαυῖδ,
3270 4412 3287 4443 ι
3338 4393 3396 4446 ⁸0
3432 4392 3625 4463 Κύριος
3646 4392 3746 4446 ἑϐαο

520 4484 711 4554 piente
744 4496 996 4552 corpore,
1022 4491 1077 4537 et
1095 4481 1352 4539 decorate
1371 4482 1590 4547 deitate,
1622 4478 1860 4535 utlsaias
1889 4480 2063 4549 inquit
2087 4496 2097 4533 :

2210 4483 2455 4537 σίλευσεν
2478 4498 2492 4513 ’
2523 4499 2543 4534 ι
2574 4477 2692 4536 εἷτα
2723 4480 3044 4553 ἑρμηνεύων
3074 4483 3190 4546 πῶς
3213 4482 3585 4549 ἐϐασίλευσεν,
3619 4502 3635 4535 ι
3662 4482 3745 4537 Εύ-

532 4594 557 4627 ι
604 4573 705 4630 Hic
757 4573 1031 4629 [annosus
1079 4573 1134 4628 in
1201 4572 1361 4639 stola,
1400 4570 1654 4626 violentia
1715 4585 1836 4625 cum
1889 4570 2077 4625 fortitu

530 4669 661 4723 dine
718 4668 782 4721 ".
822 4685 841 4720 ι
884 4666 1141 4721 Dominus
1176 4677 1392 4734 quoque
1448 4675 1733 4733 postquam
1791 4663 2106 4729 resurrexit,

536 4758 753 4827 inquit:
796 4774 817 4810 ι
853 4755 985 4811 Data
1008 4765 1095 4811 est
1142 4756 1273 4809 mihi
1324 4754 1504 4808 omnis
1541 4763 1783 4822 potestas
1808 4752 1873 4808 “.
1918 4772 1937 4804 ι
1974 4754 2107 4807 Cum

526 4850 704 4920 igitur
728 4849 965 4905 venisset
1004 4847 1352 4910 resurrectio,
1382 4860 1542 4912 quam
1577 4858 1796 4916 regnum
1822 4844 1912 4899 Dei
1947 4846 2119 4899 ualui-

533 4948 704 5004 uavit,
735 4956 802 4997 eo
841 4943 984 5011 quod
1016 4948 1243 4995 mortem
1269 4938 1552 5001 destruxit,
1588 4938 1779 4991 iterum
1825 4934 1958 4990 bibit
1989 4951 2111 4991 cum

532 5034 841 5105 discipulis,
890 5032 1222 5103 persuadens
1253 5029 1532 5099 discipulis
1590 5045 1693 5083 non
1736 5030 1887 5095 juxta
1952 5043 2115 5099 ερρω-

537 5129 769 5183 tentiam
801 5136 1007 5181 tantum
1035 5124 1416 5180 resurrexisse.
1442 5122 1673 5187 Quidam
1691 5131 1865 5175 autem
1890 5136 2112 5189 regnum

470 5256 475 5285 ς
540 5228 804 5289 putarunt
834 5218 1079 5274 futurum
1119 5225 1319 5272 statqu
1361 5234 1375 5268 :
1417 5214 1600 5269 bibere
1629 5223 1805 5267 autem
1832 5211 2112 5265 Dominum

539 5312 821 5366 nobiscum
851 5308 1130 5373 iuluturo,
1173 5320 1271 5378 pro
1329 5305 1658 5361 revelatione
1704 5298 2110 5373 mysteriorum.

536 5400 845 5457 Ltrtiﬁcans
890 5401 1035 5454 enim
1074 5414 1172 5453 nos
1200 5397 1558 5461 exhilaratur,
1593 5405 1649 5449 et
1672 5409 1908 5465 pascens
1940 5394 2111 5463 pasci-

540 5505 630 5549 tur
674 5493 1003 5557 misericors,
1048 5502 1101 5547 ct
1164 5501 1406 5546 nostrum
1456 5494 1636 5557 potum
1676 5502 1739 5541 ac
1772 5486 2107 5548 alimoniam,

537 5586 639 5642 hoc
708 5595 812 5649 est,
864 5584 1186 5648 doctrinam,
1235 5582 1523 5653 proprium
1584 5577 1762 5633 cibum
1812 5577 2103 5631 existimat.

614 5773 681 5805 "'
728 5773 847 5825 Act.
880 5783 933 5835 κ,
982 5766 1072 5821 ὀί.

1153 5761 1258 5837 ηιι
1290 5762 1417 5821 Cor.
1444 5778 1532 5831 xv,
1568 5763 1663 5819 55.
1741 5766 1779 5798 '7
1814 5764 1914 5818 lsa.
1940 5778 2088 5830 ιιιιι,
2118 5763 2163 5817 ι.

2200 4574 2491 4645 πρέπειαν,
2556 4572 2746 4642 φησιν,
2802 4572 3117 4637 ἐνεδύσατο,
3178 4591 3197 4624 ι
3238 4573 3742 4643 ἀποφθαρτισθέντος

2201 4663 2297 4717 τοῦ
2357 4665 2641 4734 σώματος,
2700 4665 2795 4717 καὶ
2845 4666 2912 4737 τῇ
2988 4664 3203 4736 θεότητι
3258 4666 3639 4736 ὼραῖσθέντος·
3685 4664 3741 4723 ὡς

2216 4755 2447 4819 Ἡσαΐας
2479 4756 2673 4826 φησίν·
2716 4776 2733 4809 ι
2769 4752 2939 4820 Οὗτος
2967 4757 3169 4827 ὡραῖος
3202 4761 3261 4811 ὲν
3307 4758 3493 4831 στολῇ,
3525 4758 3609 4828 βὲα
3637 4756 3743 4827 μετά

2209 4843 2414 4914 ἰσχύος.
2454 4863 2472 4895 ι
2504 4845 2618 4898 Καὶ
2646 4845 2803 4909 αὐτὸς
2829 4846 2885 4899 δὲ
2912 4847 2942 4899 ό
2973 4847 3176 4918 Κύριος
3205 4851 3343 4919 μετὰ
3376 4849 3440 4902 τὸ
3464 4848 3741 4915 ἀναστῆναι,

2214 4935 2409 5004 φησίν⁸
2452 4952 2469 4987 ι
2518 4934 2707 5007 Ἐδόθη
2744 4954 2833 5005 μοι
2861 4939 3011 4990 πᾶσα
3043 4940 3285 5003 ἐξουσία.
3327 4957 3347 4991 ›
3374 4940 3489 5009 Τῆς
3513 4939 3602 4994 οὖν
3641 4940 3742 4990 ἀνι-.-

2214 5025 2455 5088 στάσεως
2476 5025 2758 5096 ἐλθούσης,
2795 5029 2860 5097 ἢν
2887 5028 3166 5097 βασιλείαν
3191 5029 3281 5082 τοῦ
3308 5011 3448 5081 Θεοῦ
3478 5030 3741 5099 ὠνόμασεν,

2211 5116 2287 5179 ὡς
2341 5117 2431 5168 τὸν
2463 5115 2691 5168 θάνατον
2723 5117 3125 5185 καταλύσασαν,
3183 5119 3305 5173 ἔπιε
3351 5120 3517 5173 πάλιν
3550 5122 3639 5173 σὺν
3661 5120 3745 5177 τοῖς

2215 5208 2501 5280 μαθηταῖς,
2560 5211 2921 5280 πιστούμενος
2953 5211 3051 5281 τὴν
3082 5213 3400 5277 ἀνάστασιν,
3434 5213 3508 5274 ὡς
3536 5213 3593 5266 οὐ
3636 5211 3746 5263 κατὰ

2212 5301 2515 5371 φαντασίαν
2553 5302 2693 5356 ἐστί.
2728 5303 2886 5366 Τινὲς
2916 5304 2972 5356 δὲ
3012 5304 3288 5374 βασιλείαν
3342 5304 3439 5359 τοῦ
3478 5303 3624 5370 θεοῦ,
3667 5302 3743 5372 τὴν

2217 5394 2516 5463 μέλλουσαν
2554 5397 2892 5449 κατάστασιν
2922 5397 3203 5464 ἐδέξαντο·
3255 5397 3431 5451 πίνειν
3477 5397 3532 5450 δὲ
3558 5396 3639 5449 τὸν
3664 5393 3741 5447 Κύ-

2217 5500 2330 5554 ριον
2357 5486 2417 5537 ὲν
2443 5484 2519 5554 τῷ
2552 5485 2798 5555 μέλλοντι
2823 5487 2942 5557 μεθ’
2976 5489 3153 5560 ημῶν,
3177 5490 3276 5560 τὴν
3306 5489 3636 5559 ἀποκάλυψιν
3659 5485 3743 5539 τῶν

2217 5576 2532 5646 μυστηρίων
2588 5579 2776 5635 αὐτοῦ.
2838 5579 3158 5652 Εὐφραίνων
3184 5583 3293 5655 γὰρ
3322 5583 3466 5653 ἡμᾶς
3494 5580 3741 5652 εὐφραίνε-

2245 5764 2286 5795 ¹⁸
2310 5763 2496 5819 Matth.
2532 5782 2716 5834 xxvm,
2752 5747 2837 5823 l8.
