3932 6456
249 392 392 464 ξοςθ
982 393 1426 455 ENARRATIO
1465 394 1547 455 IN
1580 394 2082 458 EVANGELIUM
2121 396 2358 459 LUCrE.
2392 424 2455 433 -
2485 401 2642 462 CAP.
2687 402 2885 473 XXII,

200 512 205 527 ¹
247 527 361 573 ται,
403 507 495 562 καί
520 508 735 579 τρέφων
798 506 1064 585 τρέφεται
1093 509 1123 560 6
1167 508 1572 580 φιλάνθρωπος,
1601 514 1695 567 καὶ⁸
1741 515 1836 583 τὴν

1945 513 2102 566 Bibct
2144 513 2312 584 igitur
2373 498 2500 569 iunc
2539 530 2730 571 novam
2765 517 3052 587 quamdam
3100 518 3372 588 potionem
3405 538 3529 583 curn

251 601 534 672 ἡμετέραν
575 602 735 653 πόσιν
787 600 882 653 καὶ
914 602 1145 674 τροφὴν,
1175 601 1297 672 ἦτοι
1336 604 1596 675 μάθησιν,
1634 608 1836 661 οἰκείαν

1948 605 2144 675 dignis,
2199 606 2449 662 revelatis
2482 608 2560 662 eis
2588 624 2804 679 semper
2850 627 2984 666 nova
3034 615 3278 683 quaedam
3330 625 3386 670 et
3440 615 3531 677 in.

198 704 209 713 ‘
247 695 462 765 τροφὴν
496 692 794 762 λογίζεται.
820 693 1013 749 Πίεται
1035 690 1130 747 οὖν
1161 695 1469 765 τηνικαῦτα
1495 700 1691 770 καινήν
1720 718 1836 754 τινα

1945 699 2126 755 solita.
2178 699 2416 756 Duorum
2477 710 2656 757 autem
2711 702 2885 759 Lucas
2944 705 3158 762 videtur
3205 709 3526 771 meminisse

198 798 203 803 '
244 787 408 843 πόσιν
429 788 568 858 μετά
590 788 699 840 τῶν
720 786 909 853 ἀξίων,
930 787 1337 846 ἀποκαλύπτων
1364 790 1552 856 αὐτοῖς
1576 793 1662 845 ἀεὶ
1681 794 1836 853 καινά

1946 792 2282 861 poculorum.
2320 791 2384 852 Et
2435 794 2501 848 de
2537 810 2645 851 uno
2674 796 2887 864 quidem
2921 799 3094 853 dicit:
3132 819 3151 852 ι
3190 800 3433 872 Accipite
3471 812 3529 858 et

242 898 369 935 τινα
414 881 511 934 καὶ
561 880 833 953 ἀσυνήθη.
901 879 1006 934 Δύο
1032 882 1089 934 δὲ
1135 881 1284 937 δοκεῖ
1311 886 1594 955 ποτηρίων
1631 902 1836 957 μνημο-

1949 884 2175 941 dividite
2203 888 2347 941 inter
2387 902 2524 955 vos;
2555 905 2574 941 ι
2615 889 2760 958 quod
2793 887 3005 947 Veteris
3029 890 3363 953 Testamenti
3394 895 3529 966 ﬁgu~

196 978 201 981 '
243 974 426 1033 νεύειν
471 975 500 1026 6
537 974 790 1037 Λουκᾶςο
835 973 931 1027 καὶ
981 973 1039 1028 ἓν
1069 974 1191 1044 μὲν,
1226 975 1383 1045 φησὶ,
1439 993 1458 1026 ι
1485 976 1719 1039 Λάϐετε.
1748 979 1836 1031 καὶ

1948 994 2061 1031 ram
2111 980 2236 1050 quis
2303 995 2426 1043 esse
2481 980 2718 1049 dixerit;
2764 994 2815 1038 et
2858 985 2926 1039 de
2977 985 3151 1042 altero
3191 990 3332 1058 quod
3375 990 3527 1057 illud,

194 1076 199 1081 '
240 1066 606 1139 διαμερίσατε
629 1067 866 1133 ἑαυτοῖς,
893 1087 911 1120 ι
935 1066 963 1121 ὃ
985 1067 1085 1138 τῆς
1107 1068 1358 1132 Παλαιᾶς
1377 1068 1654 1141 Διαθηκης
1675 1070 1836 1125 τύπον

1946 1080 2230 1138 postquam
2276 1069 2436 1140 fregit
2476 1087 2666 1142 panem
2700 1085 2753 1127 et
2778 1074 3076 1144 distribuit,
3108 1076 3223 1147 ipse
3254 1080 3529 1136 distribuit

241 1160 395 1217 εἴποι
447 1159 512 1217 ἄν
567 1177 655 1224 τις
686 1154 859 1213 εἶναι’
902 1158 1093 1235 ἕτερον
1141 1159 1221 1224 δὲ,
1269 1162 1415 1234 μετὰ
1440 1160 1503 1215 τὸ
1531 1162 1730 1216 κλᾶσαι
1752 1164 1836 1218 τὸν

1945 1161 2247 1230 discipulis,
2278 1164 2420 1238 quod
2445 1174 2501 1219 et
2525 1161 2660 1219 Novi
2694 1163 3025 1221 Tcstamenti
3055 1169 3319 1236 nominat,
3350 1183 3404 1227 et
3429 1189 3528 1227 suo

239 1250 413 1319 ἄρτον
458 1251 553 1307 καὶ
588 1250 997 1326 διανείμασθαι,
1062 1252 1226 1317 αὐτὸς
1290 1252 1538 1323 διανέμει
1593 1257 1706 1320 τοῖς
1738 1273 1836 1326 μα-

1942 1254 2204 1323 sangnine
2253 1255 2384 1308 dicit
2412 1256 2518 1315 hoc
2545 1256 2808 1316 innovari.
2833 1256 2890 1312 ln
2919 1254 3101 1313 Veteri
3132 1242 3277 1319 enini
3302 1264 3525 1330 Sanguis

239 1342 461 1417 θηταῖς,
513 1341 542 1395 δ
591 1344 811 1415 καὶτῆς
844 1344 1056 1414 Καινῆς
1103 1343 1382 1417 Διαθηκης
1438 1345 1836 1417 όνομάζει,καὶ

1944 1357 2063 1400 erat
2130 1344 2412 1407 brutorum
2443 1348 2778 1418 animalium,
2811 1365 2933 1405 cum
2981 1350 3066 1405 lex
3099 1351 3306 1421 vigeret
3336 1369 3353 1408 :
3382 1370 3527 1412 nunc

240 1433 306 1485 ὲν
323 1435 402 1503 τῷ
438 1433 606 1493 αὑτοῦ
636 1434 829 1505 αἵματί
871 1454 1004 1508 φησι
1026 1436 1188 1490 τοῦτο
1226 1438 1665 1505 ὲγκαινίξεσθαι.
1716 1439 1836 1494 Ἐπὶ

1942 1450 2120 1493 autem
2172 1455 2292 1496 cum
2323 1440 2555 1501 Verbum
2593 1441 2683 1497 Dei
2717 1442 2876 1499 homo
2918 1442 3119 1499 iactum
3161 1459 3266 1513 est,
3308 1449 3527 1519 sanguis

234 1525 350 1595 μὲν
379 1527 487 1597 γὰρ
514 1527 615 1597 τῆς
646 1527 891 1591 Παλαιᾶς
921 1522 1063 1600 αἷμα
1097 1528 1255 1593 ζώων
1297 1529 1510 1599 ἀλόγων
1554 1528 1645 1604 ἦν,
1673 1533 1761 1591 ὅτε
1811 1534 1836 1586 6

1942 1529 2148 1585 Novum
2175 1530 2580 1587 Testamentum
2605 1534 2760 1593 nobis
2793 1535 3122 1606 obsignavit,
3154 1537 3392 1595 Dicenda
3423 1555 3522 1595 an-

237 1620 410 1689 νόμος
431 1618 602 1690 ’ἐδόθη
625 1636 637 1650 ·
665 1621 761 1675 νῦν
793 1622 853 1676 δὲ
884 1621 979 1676 τοῦ
1001 1623 1138 1676 Θεοῦ
1163 1624 1342 1693 Λόγου
1373 1623 1663 1699 ἀνθρώπου
1695 1643 1836 1696 γενο-

1945 1632 2073 1688 teni,
2109 1639 2128 1674 ι
2165 1620 2316 1691 Quod
2350 1637 2451 1692 pro
2488 1623 2638 1680 vobis
2690 1624 2850 1685 datur
2895 1636 2952 1680 et
3003 1624 3312 1696 effunditur,
3366 1646 3387 1680 ι
3418 1644 3521 1682 non

3323 406 3335 415 ’
3393 404 3534 478 ιιιτο
3632 448 3638 454 -

192 1712 195 1717 ’
240 1712 440 1784 μένου,
475 1716 537 1769 τὸ
564 1712 706 1786 αἷμα
732 1716 832 1788 τὴν
864 1718 1076 1790 Καινὴν
1112 1718 1393 1790 Διαθήκην
1419 1720 1553 1792 ἡμῖν
1573 1722 1839 1797 ἐπισφρα-

236 1804 408 1871 γιζει.
446 1806 631 1863 Εἰπὼν
654 1807 731 1873 δὲ,
780 1827 798 1859 ι
838 1808 911 1862 T6
938 1811 1077 1887 ὑπὲρ
1114 1812 1270 1884 ὑμῶν
1309 1814 1585 1887 διδόμενον
1615 1816 1710 1871 καὶ
1739 1816 1835 1868 έκν

235 1896 566 1972 χυνόμενον,
608 1918 626 1951 ι
683 1900 782 1975 οὐχ
808 1889 1103 1973 ὑπὲρτῶν
1130 1906 1449 1963 ἀποστόλων
1482 1907 1648 1977 μόνον
1696 1906 1835 1965 δεδό-

240 1985 374 2040 σθαι
406 1987 559 2055 δηλοῖ
591 1989 651 2042 τὸ
673 1990 835 2061 σῶμα
867 1991 1055 2057 αὐτοῦ,
1082 1994 1179 2053 καὶ
1206 1996 1266 2050 τὸ
1291 1990 1431 2068 αἷμα
1477 1995 1830 2069 ἑκκεχῦσθαι,

238 2077 363 2135 ἀλλ’
396 2078 539 2150 ὑπὲρ
572 2081 671 2151 τῆς
707 2082 1059 2158 ἀνθρωπίνης
1090 2086 1334 2159 φύσεως.
1371 2089 1541 2142 Ὅταν
1563 2069 1657 2142 οὖν
1678 2088 1831 2159 εἴπῃ,

247 2188 271 2223 ι
314 2169 490 2241 ’Υπὲρ
524 2171 678 2242 ὑμῶν
711 2174 1022 2245 διδόμενον,
1088 2197 1108 2230 a
1166 2179 1289 2233 ἀντὶ
1331 2178 1450 2244 τοῦ,
1515 2178 1690 2252 ’Υπὲρ
1735 2182 1835 2250 τῆς

240 2261 523 2337 ὑμετέρας
550 2262 771 2332 φύσεως
791 2266 901 2320 τῶν
924 2266 1252 2339 ἀνθρώπων,
1308 2269 1441 2331 νόει.
1491 2269 1567 2324 Τὸ
1614 2272 1713 2342 μὲν
1742 2267 1836 2324 οὖν

194 2354 201 2359 ’
241 2353 475 2407 παλαιὸν
497 2362 685 2428 πάσχα
713 2359 807 2412 ἐπὶ
835 2361 900 2431 τῇ
928 2359 1222 2436 ἀπαλλαγῇ
1254 2362 1357 2432 τῆς
1386 2362 1632 2426 δουλείας
1653 2365 1754 2435 τῆς
1776 2364 1834 2416 ὲν

194 2526 201 2529 _
243 2449 511 2519 Αἰγύπτῳ
545 2451 804 2517 ἐτελεῖτο,
838 2454 931 2506 καὶ
958 2454 1017 2505 τὸ
1048 2449 1186 2525 αἷμα
1220 2454 1316 2508 τοῦ
1351 2455 1629 2527 προϐάτου
1653 2456 1749 2509 ἐπὶ
1767 2458 1833 2527 τῇ

243 2545 577 2614 συντηρήσει
623 2544 731 2598 τῶν
767 2546 1130 2617 πρωτοτόκων
1157 2564 1172 2579 ⁸
1208 2549 1269 2609 τὸ
1297 2548 1352 2601 δὲ
1405 2549 1592 2611 καινὸν
1646 2550 1837 2621 Πάσχα

238 2628 341 2687 ἐπὶ
373 2630 567 2700 ἀφέσει
593 2631 901 2706 ἁμαρτιῶν,
937 2637 1031 2696 καὶ
1059 2637 1153 2689 ἐπὶ
1180 2639 1509 2711 συντηρήσει
1533 2639 1643 2693 τῶν
1670 2641 1836 2710 ἡγια-

200 2714 207 2725 ’
244 2725 463 2791 σμένων
493 2724 586 2778 καὶ
606 2725 1006 2798 ἀφωρισμένων
1035 2727 1312 2799 λογισμῶν
1341 2730 1419 2803 τῷ
1441 2730 1581 2801 Θεῷ.
1615 2732 1838 2802 Πρῶτον

240 2811 301 2872 δὲ
332 2816 362 2868 6
389 2815 574 2886 ἄρτος,
602 2811 721 2879 εἶτα
758 2819 820 2872 τὸ
850 2822 1131 2893 ποτήριον.
1166 2823 1414 2894 Προτέρα
1439 2823 1550 2894 γὰρ
1583 2825 1615 2893 ἡ
1640 2823 1838 2877 ἐπίπο-

246 2922 341 2969 νος
365 2907 568 2980 ,πρᾶξις
616 2909 711 2964 καὶ
749 2910 1220 2984 δυσκατέργαστος
1240 2929 1256 2945 ·
1305 2914 1531 2985 ἱδρῶτες
1560 2916 1670 2986 γὰρ
1703 2932 1838 2992 προ-

199 3002 207 3015 ι
245 2999 513 3074 ηγοῦνται
535 3002 634 3072 τῆς
666 3005 865 3075 ἀρετῆς
892 3021 906 3035 '
937 3004 1124 3084 ὥσπερ
1161 3006 1256 3069 οὖν
1286 3007 1380 3061 καὶ
1407 3008 1437 3060 6
1463 3006 1628 3083 ἀρτος
1652 3007 1713 3060 ού
1740 3006 1839 3080 μό-

202 3162 207 3165 _
246 3108 343 3150 νον
362 3093 420 3144 ὲν
452 3093 635 3163 ἱδρῶτι
665 3095 760 3149 τοῦ
789 3097 1083 3167 προσώπου
1108 3100 1460 3172 γεωργεῖται,
1492 3097 1631 3153 ἀλλὰ
1660 3098 1753 3153 καὶ
1782 3099 1840 3151 έν

1943 1726 2039 1779 pro
2071 1711 2200 1767 solis
2229 1712 2490 1783 apostolis
2534 1714 2711 1784 signat
2753 1730 2947 1785 corpus
2987 1715 3104 1787 ejus
3148 1732 3268 1780 esse
3314 1718 3518 1784 datum,

1940 1812 1994 1857 et
2054 1805 2370 1873 sanguinem
2399 1804 2520 1878 ejus
2549 1794 2671 1861 esse
2720 1806 2973 1873 eﬂ‘usum,
3017 1813 3111 1865 sed
3142 1824 3243 1880 pro
3285 1811 3523 1865 humano

1935 1910 2150 1964 genere.
2173 1895 2398 1962 Quando
2419 1898 2581 1967 igitur
2602 1899 2755 1964 dicit,
2778 1917 2797 1951 ι
2823 1901 2975 1966 Quod
2997 1916 3093 1971 pro
3108 1903 3258 1957 vobis
3282 1903 3460 1971 datur,
3496 1922 3516 1955 ι

1937 1984 2200 2056 ἱηιιιιιίεμ,
2234 1985 2341 2046 Pro
2375 1998 2558 2046 vestro
2608 1990 2885 2046 hominum
2932 1970 3148 2063 genere.
3187 1991 3348 2049 Vetus
3373 1970 3519 2057 enim

1938 2082 2134 2149 pascha
2190 2080 2565 2150 perﬁciebatur
2606 2083 2673 2136 ob
2715 2081 3089 2147 liberationem
3142 2087 3418 2141 servitutis
3451 2101 3517 2149 ex

1937 2171 2190 2244 Aigypto,
2227 2184 2282 2228 et
2338 2173 2559 2243 sanguis
2613 2177 2737 2243 agni
2789 2188 3012 2247 propter
3066 2189 3277 2233 servata
3310 2181 3518 2251 primo,

1936 2266 2115 2333 genita
2144 2282 2159 2319 :
2195 2263 2402 2324 Novum
2433 2273 2609 2327 autem
2640 2267 2837 2335 pascha
2883 2278 3102 2338 propter
3142 2270 3516 2331 remissionem

1938 2364 2303 2423 peccatorum,
2353 2365 2406 2410 et
2445 2357 2910 2412 conservationem
2955 2360 3344 2429 cogitationum
3387 2378 3517 2432 san-

1938 2437 2317 2512 étiticatartini,
2351 2454 2407 2502 et
2433 2457 2880 2507 consecratarum
2912 2447 3042 2507 Deo.
3066 2448 3308 2508 Primum
3335 2463 3516 2511 autem

1934 2536 2101 2610 569
2128 2538 2302 2606 panis,
2328 2545 2383 2591 et
2409 2536 2603 2592 deinde
2637 2539 2910 2607 poculum.
2948 2539 3190 2599 Primum
3249 2542 3392 2599 enim
3431 2542 3514 2596 la-

1941 2631 2209 2685 burinsiot‘
2252 2628 2397 2688 actio
2430 2640 2483 2687 et
2515 2624 2815 2700 diiiicilidr;
2862 2634 3091 2694 sudores
3124 2634 3270 2697 enim
3306 2649 3516 2711 praece-

1938 2722 2073 2776 dnnt
2123 2722 2419 2777 virtutem:
2479 2724 2931 2793 quemadmodum
2997 2727 3192 2804 panis.
3249 2741 3355 2791 non
3429 2741 3519 2781 so-

1941 2813 2048 2872 lum
2098 2814 2152 2868 in
2190 2814 2393 2869 sudore
2418 2812 2577 2873 faciei
2625 2815 2911 2881 excolitur,
2955 2817 3049 2870 sed
3089 2824 3143 2869 et
3178 2818 3517 2874 comedenda

1939 2905 2220 2975 Operosior
2260 2914 2346 2961 est
2360 2920 2379 2972 ;
2423 2905 2619 2965 deinde
2662 2913 2783 2975 post
2831 2905 3043 2967 labores
3106 2906 3292 2963 lzctitia
3316 2910 3517 2969 divinae

1940 2998 2149 3067 grati-te,
2178 3012 2299 3067 qua:
2343 2999 2590 3067 signatur
2635 3013 2730 3066 per
2757 2997 3030 3069 poculum.
3058 2997 3349 3069 Postquam
3373 3000 3518 3057 enini

1941 3090 2063 3161 quis
2109 3090 2164 3152 iu
2194 3091 2480 3151 virtutibus
2509 3090 2595 3145 diu
2622 3090 2967 3160 graviterque
3019 3093 3364 3158 laboravcrlt,
3399 3098 3521 3146 tan.

243 3184 329 3254 τῷ
363 3186 642 3239 ὲσθιεσθαι
686 3187 1290 3264 δυσκατεργαστότερός
1338 3191 1510 3256 ἐστιν,
1561 3187 1664 3244 εἷθ’
1695 3189 1836 3244 οὕτω

1941 3185 2064 3240 dem
2116 3185 2310 3254 dignus
2368 3191 2452 3241 est
2481 3185 2660 3246 donis,
2707 3192 2763 3238 et
2824 3183 3126 3240 inebriatur
3167 3179 3381 3243 laudata
3424 3183 3514 3245 illa

244 3278 393 3351 μετὰ
425 3280 548 3342 τοὺς
585 3280 781 3345 πόνους
811 3284 847 3353 ἡ
882 3283 1194 3355 εὐφροσύνη
1241 3284 1342 3355 τῆς
1373 3283 1468 3343 τοῦ
1511 3282 1649 3337 θεοῦ
1677 3284 1833 3359 κάμ’

210 3374 215 3378 ’
243 3383 362 3431 τος,
412 3367 548 3441 ὅπερ
587 3372 704 3424 ιέστ¹ί⁵
733 3372 794 3425 τὸ
845 3374 1125 3449 ποτήριον.
1159 3374 1295 3431 Μεθ’
1317 3374 1347 3426 δ
1407 3376 1517 3445 γάρ
1565 3391 1647 3437 τις
1678 3375 1735 3429 ἐν
1763 3375 1835 3443 τῇ

245 3456 422 3528 ἀρετῇ
452 3462 520 3532 τῇ
571 3461 1034 3539 δυσκατεργάστῳ
1087 3465 1348 3540 κοπιάσῃ.
1375 3466 1496 3521 τότε
1526 3466 1635 3522 τῶν
1680 3483 1837 3537 χαρι-

1937 3279 2200 3335 ebrietate
2233 3291 2336 3346 qua
2371 3276 2583 3335 excedit
2624 3291 2690 3328 ex
2739 3275 2841 3330 hoc
2870 3279 3091 3342 mundo,
3121 3279 3261 3333 sicut
3315 3273 3516 3339 Paulus

1942 3379 1994 3424 ct
2024 3367 2215 3433 David,
2247 3377 2302 3422 et
2336 3378 2393 3421 ut
2424 3366 2712 3425 audentius
2752 3369 3010 3438 quiddam
3057 3371 3254 3437 dicam,
3295 3371 3435 3429 sicut
3459 3381 3515 3421 ct

1945 3462 2085 3516 Deus
2113 3458 2251 3530 apud
2289 3457 2561 3513 Habacuc.

250 3553 475 3623 σμάτων
498 3556 643 3629 ἄξιος
673 3557 904 3626 γίνεται,
927 3561 1023 3614 καὶ
1053 3563 1251 3633 πάσχει
1297 3563 1398 3641 τῂν
1427 3564 1600 3636 καλὴν
1638 3564 1828 3635 μέθην,
1869 3557 2223 3628 ἐξιστάμενος
2289 3553 2383 3617 τοῦ
2414 3554 2622 3624 κόσμου
2688 3570 2905 3620 τουτον,
2935 3553 3010 3619 ὡς
3031 3556 3060 3609 ὁ
3083 3552 3314 3621 Παῦλος.
3368 3554 3460 3608 κπὶ
3482 3553 3516 3613 ὁ

241 3649 415 3710 Δαυῖδ
439 3665 452 3679 ο
480 3648 777 3725 τολμητέον
805 3650 861 3711 δὲ
887 3653 1083 3717 εἰπεῖν,
1112 3656 1207 3713 καὶ
1238 3655 1314 3719 ὡς
1408 3655 1542 3721 Θεὸς
1573 3655 1728 3727 παρὰ
1757 3652 1854 3724 τῷ,
1882 3648 2220 3718 ’Λύϐακούιμ

329 3760 348 3793 ι
380 3741 525 3813 Πλὴν
553 3742 661 3796 ίδοὺ
692 3744 868 3819 ὴχεὶρ
897 3745 993 3798 τοῦ
1026 3746 1412 3816 παραδιδόντος
1435 3765 1526 3820 με,
1553 3748 1670 3819 μετ’
1695 3747 1830 3819 ἐμοῦ

247 3833 347 3894 ἐπὶ
380 3833 479 3903 τῆς
524 3836 828 3905 τραπέζης,
887 3837 999 3889 Καὶ
1037 3838 1065 3891 6
1099 3838 1198 3909 μὲν
1245 3838 1374 3903 Υἱὸς
1404 3838 1500 3893 τοῦ
1539 3838 1831 3911 ἀνθρώπου

217 3922 549 3996 ’πορεύεται
582 3930 725 3982 κατὰ
773 3929 835 3983 τὸ
886 3929 1195 4002 ὡρισμένον
1221 3946 1235 3960 ·
1296 3930 1437 4003 πλὴν
1469 3931 1590 3985 ούαὶ
1635 3930 1714 4001 τῶ
1740 3933 1834 3986 ἀν-

250 4016 459 4090 θρώπῳ
485 4019 696 4091 ἐκείνῳ,
724 4021 793 4079 δι’
810 4013 872 4074 οὗ
896 4023 1272 4094 παραδίδοται.
1293 4025 1402 4077 Καὶ
1424 4023 1581 4077 αὐτοὶ
1599 4021 1834 4094 ἡρξαντο

250 4112 509 4184 συζητεῖν
555 4113 690 4185 πρὸς
740 4114 986 4181 ἑαυτοὺς,
1025 4114 1085 4169 τὸ
1114 4114 1198 4179 τίς
1244 4113 1354 4185 ἄρα
1393 4113 1480 4185 εῖη
1512 4112 1571 4181 ἐξ
1591 4113 1770 4167 αὐτῶν
1806 4113 1836 4165 6

253 4203 473 4274 μέλλων
519 4204 678 4258 τοῦτο
698 4204 983 4281 πράσσειν,
1044 4205 1291 4275 Ἐγένετο
1332 4204 1390 4266 δὲ
1415 4204 1510 4264 καὶ
1546 4204 1844 4280 φιλονεικία

247 4300 311 4352 ἐν
339 4297 545 4360 αὐτοῖς,
602 4298 666 4357 τὸ
714 4297 797 4360 τίς
835 4297 1015 4357 αὐτῶν
1068 4297 1216 4357 δοκεῖ
1267 4291 1408 4359 εἶναι
1434 4297 1658 4372 μείζων.
1696 4293 1756 4350 '0
1785 4295 1842 4349 δὲ

249 4385 407 4448 εἶπεν
440 4389 660 4453 αὐτοῖς·
713 4389 777 4447 οι
831 4389 1073 4460 βασιλεῖς
1108 4390 1219 4447 τῶν
1274 4389 1448 4444 ἐθνῶν
1491 4388 1841 4461 κυριεύουσιν

208 4468 217 4475 ’
248 4477 457 4542 αὐτῶν,
517 4480 611 4533 καὶ
663 4479 714 4532 οἱ
744 4479 1152 4553 ἐξουσιάζοντες
1194 4480 1395 4547 αὐτῶν,
1427 4480 1716 4553 εὐεργέται
1741 4495 1841 4537 κα-
1874 4516 1885 4523 -

2008 3743 2168 3797 Vens.
2195 3739 2388 3799 21-27.
2411 3756 2431 3790 ι
2461 3739 2858 3796 Veruintamem
2888 3752 3013 3793 ecce
3037 3753 3226 3797 manus
3256 3738 3515 3796 tradente

1936 3850 2044 3899 ine,
2064 3848 2274 3888 mecum
2298 3843 2382 3888 est
2413 3833 2465 3885 in
2498 3848 2707 3887 mensa.
2740 3831 2805 3885 Et
2828 3830 2999 3888 Filius
3025 3831 3241 3902 quidem
3277 3832 3515 3895 hominis

1935 3924 2231 3979 secundum
2278 3923 2420 3992 quod
2446 3923 2726 3977 detinitum
2757 3929 2864 3985 est,
2900 3921 3046 3973 vadit
3076 3935 3091 3973 :
3117 3930 3513 3976 verumtamem

1939 4031 2017 4071 va
2049 4015 2251 4072 homini
2284 4014 2362 4070 illi
2411 4027 2506 4085 per
2539 4028 2696 4083 quem
2721 4013 2985 4082 proditur.
3007 4009 3072 4064 Et
3099 4011 3199 4082 ipsi
3230 4021 3517 4080 cmpcrunt

1938 4122 2182 4180 quaerere
2216 4108 2357 4167 inter
2404 4121 2547 4170 sese,
2583 4105 2831 4175 quisnam
2859 4112 3007 4159 esset
3035 4120 3100 4158 ex
3130 4104 3259 4184 ipsis
3292 4105 3385 4183 qui
3416 4104 3517 4156 hoc

1937 4202 2181 4260 facturus
2226 4210 2395 4261 esset.
2444 4197 2605 4253 Facta
2641 4209 2726 4253 est
2770 4205 3028 4259 autemet
3074 4195 3350 4259 contentio
3376 4195 3518 4257 inter

1939 4309 2035 4351 eos
2073 4294 2197 4364 quis
2234 4308 2421 4348 eorum
2463 4292 2741 4353 videretur
2789 4306 2908 4349 esse
2941 4289 3134 4360 major.
3163 4289 3309 4354 Dixit
3336 4299 3516 4367 autem

1937 4390 2019 4445 eis
2047 4405 2061 4453 ;
2095 4385 2269 4457 Reges
2299 4387 2539 4457 gentium
2562 4385 2911 4446 dominantur
2929 4383 3029 4448 eis,
3055 4393 3110 4438 et
3132 4382 3228 4453 qui
3275 4390 3515 4450 potesta-

1941 4490 2049 4533 tem
2096 4478 2296 4533 habent
2334 4492 2498 4547 super
2538 4491 2654 4542 eas,
2686 4475 2914 4539 beneﬁci
2950 4485 3235 4539 vocantur.
3273 4473 3377 4529 Vos
3423 4488 3522 4527 au-

212 4562 491 4628 ’λούνται.
540 4568 728 4639 Ὑμεῖς
777 4569 837 4622 δὲ
899 4569 998 4638 οὐχ
1052 4566 1254 4631 οὕτως·
1309 4568 1424 4631 ἀλλ’
1454 4569 1483 4621 6
1542 4567 1745 4638 μείζων
1774 4569 1832 4620 ὲν

1944 4581 2049 4625 tem
2078 4583 2185 4627 non
2218 4568 2299 4622 sic
2334 4568 2471 4631 ;sed
2499 4569 2589 4636 qui
2628 4565 2799 4633 major
2843 4575 2929 4620 est
2975 4564 3029 4627 in
3056 4562 3231 4625 vobis,
3257 4562 3349 4619 litat
3378 4561 3520 4615 sicut

248 4659 406 4728 ὑμῖν,
435 4658 675 4727 γενέσθω
709 4658 784 4721 ὡς
805 4658 833 4711 6
866 4657 1153 4735 νεῴτερος,
1182 4659 1277 4712 καὶ
1318 4660 1347 4710 6
1373 4656 1674 4731 ἡγούμενος
1702 4657 1778 4720 ὡς
1807 4660 1834 4710 6

1939 4662 2117 4731 iunior
2147 4679 2160 4717 :
2192 4670 2246 4716 et
2294 4662 2384 4730 qui
2418 4661 2669 4731 princeps
2720 4669 2825 4728 est,
2885 4660 3027 4716 sicut
3088 4658 3179 4726 qui
3225 4654 3517 4718 ministrat.

248 4749 536 4803 διακονῶν.
579 4747 675 4814 Τίς
707 4749 817 4822 γὰρ
851 4749 1090 4824 μείζων;
1137 4751 1164 4802 6
1200 4749 1580 4819 ἀνακείμενος,
1612 4748 1697 4819 ἥδ
1718 4749 1836 4809 δια·-

246 4842 464 4910 κονῶνς
506 4843 626 4913 οὐχὶ
648 4844 676 4896 6
707 4842 1106 4913 ἀνακείμενος;
1147 4839 1291 4910 Ἐγὼ
1333 4840 1390 4893 δέ
1421 4841 1537 4910 είμι
1571 4840 1630 4892 ὲν
1686 4840 1836 4910 μέσῳ

218 4932 406 5003 ’ὑμῶν
434 4931 507 4997 ὡς
535 4932 865 4988 όδιακονῶν.
900 4950 920 4984 ι
982 4932 1146 4985 Οὐδὲν
1191 4930 1607 5000 πεπωρωμένης
1658 4928 1837 5005 ψυχῆς

218 5022 603 5096 ἀθλιώτερον.
671 5024 802 5078 Ἰδοὺ
855 5023 987 5093 γοῦν
1015 5025 1043 5076 ὁ
1074 5022 1277 5094 Κύριος
1309 5021 1411 5092 ὅρα
1460 5019 1512 5072 τί
1539 5036 1725 5090 φησιν,
1756 5022 1836 5071 ὅτι

256 5135 277 5168 ι
332 5114 400 5167 Ἠ
430 5114 552 5185 χεὶρ
610 5112 703 5166 τοῦ
756 5112 1145 5184 παραδιδόντος
1199 5128 1289 5184 με,
1318 5113 1411 5163 ἐπὶ
1438 5109 1536 5181 τῆς
1558 5109 1836 5182 τραπέζης

253 5205 378 5280 μετ’
411 5203 585 5278 ἐμοῦ]
621 5223 639 5257 ι
679 5205 774 5259 καὶ
802 5207 832 5264 6
859 5207 1116 5270 activam;
1142 5206 1242 5261 οὐκ
1272 5202 1553 5283 ῃσθάνετο.
1592 5204 1703 5266 Καὶ
1726 5203 1836 5273 γὰρ

155 5320 159 5329 '
249 5307 314 5360 ού
355 5304 537 5374 μόνον,
570 5302 657 5357 ἵνα
683 5301 832 5376 δείξῃ
863 5302 945 5353 ὅτι
975 5301 1076 5354 οὐκ
1101 5301 1285 5371 ἀγνοεῖ
1308 5298 1370 5350 τὸ
1397 5295 1833 5367 συμϐησόμενον,

250 5396 433 5455 ταῦτα
483 5394 633 5464 λέγει
686 5396 716 5450 ὁ
751 5393 981 5464 Κύριος,
1004 5390 1141 5451 ἀλλά
1165 5390 1261 5443 καὶ
1290 5389 1376 5442 ’ίνα
1406 5388 1555 5461 δείξῃ
1578 5390 1712 5459 ἡμῖν
1741 5388 1859 5453 καὶ,

250 5488 355 5560 τὴν
377 5488 587 5541 οἰκείαν
614 5484 952 5557 ἀγαὲότητα,
982 5486 1078 5538 καὶ
1109 5485 1210 5554 τὴν
1246 5481 1340 5537 τοῦ
1368 5482 1626 5553 προδότου
1667 5497 1837 5553 πονη-

252 5579 404 5654 ρίαν,
455 5580 537 5634 ὃτι
594 5579 688 5631 καὶ
723 5578 1004 5641 συνέστιος
1034 5576 1287 5631 γενέσθαι
1335 5575 1437 5629 οὐκ
1481 5573 1834 5647 ἠρυθρίασεν.

255 5669 395 5733 Οὐδὲ
421 5669 581 5723 πάλιν
608 5669 767 5732 αὐτὸς
799 5669 980 5739 ἀφῆκε
1007 5668 1076 5722 τὰ.
1102 5670 1281 5723 οἰκεῖα
1314 5667 1508 5732 ποιῶν,
1546 5667 1639 5719 καὶ
1667 5667 1837 5720 τύπον

257 5763 395 5833 ἡμῖν
424 5760 613 5828 τιθεὶς,
658 5760 743 5816 ἵνα
775 5760 904 5834 ἄχρι
929 5760 1117 5825 τέλους
1153 5758 1547 5831 σπουδάζωμεν
1573 5759 1837 5833 κερδῆσαι

254 5856 385 5928 τοὺς
435 5857 745 5920 πταίοντας.
802 5874 820 5908 ι
861 5856 969 5910 Καὶ
1013 5858 1041 5909 6
1080 5855 1177 5926 μὲν
1216 5854 1344 5919 Yth;
1388 5853 1482 5907 τού
1524 5852 1833 5924 ἀνθρώπου,

1937 4753 2074 4807 Nam
2107 4761 2228 4808 uter
2252 4752 2418 4818 major
2438 4761 2544 4816 est,
2568 4753 2658 4821 qui
2688 4750 2977 4815 accumbit,
3008 4764 3076 4802 an
3099 4749 3190 4818 qui
3212 4746 3521 4801 ministrat?

1938 4864 2117 4905 nonne
2170 4848 2263 4918 qui
2304 4844 2722 4907 accuiubit?At
2773 4860 2873 4914 ego
2933 4844 2985 4897 in
3040 4843 3218 4897 medio
3275 4849 3517 4895 vestrum

1936 4955 2054 4995 sum
2100 4939 2284 5008 utqui
2336 4939 2625 4992 ministrat.
2669 4955 2689 4988 ι
2730 4931 2875 4990 Nihil
2932 4934 3221 4994 excaecatis
3270 4933 3520 4988 miserius

1936 5041 2039 5084 est.
2072 5028 2210 5087 Vide
2262 5031 2403 5091 enim
2441 5030 2570 5103 quid
2599 5028 2859 5083 Dominus
2889 5027 3031 5081 dicat
3059 5042 3075 5081 :
3109 5044 3127 5078 ι
3159 5025 3298 5080 Ecce
3324 5039 3522 5077 manus

1938 5122 2199 5177 tradentis
2230 5136 2336 5188 me,
2371 5134 2578 5175 mecum
2634 5129 2717 5174 est
2776 5121 2830 5173 in
2865 5121 3049 5173 mensa
3081 5135 3096 5173 :
3135 5137 3155 5177 ι
3183 5126 3238 5172 et
3271 5115 3522 5185 stupidus

1939 5227 2042 5266 non
2093 5213 2285 5268 sensit.
2339 5211 2551 5266 Etenim
2603 5211 2861 5272 Dominus
2909 5212 3024 5265 haec
3069 5210 3239 5273 dicit,
3292 5224 3396 5263 non
3426 5223 3519 5263 so-

1936 5306 2047 5366 lum
2079 5316 2141 5365 nt
2166 5312 2419 5361 ostendat
2449 5321 2508 5361 se
2542 5321 2648 5365 non
2685 5304 2934 5375 ignorare
2966 5304 3109 5374 quod
3157 5303 3389 5364 eveniet,
3425 5302 3523 5356 sed

1937 5412 1991 5455 et
2024 5408 2084 5454 ut
2111 5400 2268 5455 nobis
2291 5413 2445 5459 suam
2469 5399 2784 5460 bonitatem,
2821 5406 2878 5450 et
2924 5395 3218 5470 proditoris
3258 5393 3520 5471 malitiam

1936 5492 2207 5556 ostendat,
2244 5491 2335 5558 qui
2378 5504 2482 5544 non
2516 5487 2795 5545 erubuerit
2832 5503 3019 5547 secum
3056 5485 3353 5542 convivari.
3386 5484 3519 5537 Nam

1937 5580 2195 5643 Dominus
2231 5597 2336 5636 non
2370 5581 2551 5637 omisit
2575 5596 2674 5637 sua
2708 5581 2909 5643 facere,
2944 5590 3001 5634 ut
3027 5578 3185 5641 nobis
3212 5576 3518 5645 exemplum

1937 5673 2087 5727 daret
2114 5681 2171 5727 ut
2193 5672 2434 5743 usquein
2457 5673 2616 5725 ﬁnem
2649 5671 2831 5741 lapsos
2860 5670 3056 5733 lucrari
3084 5668 3419 5725 studeauius.
3452 5663 3520 5726 Et

1944 5783 1962 5816 ι
1983 5763 2152 5818 Filius
2182 5764 2395 5833 quidem
2436 5763 2690 5828 hominis,
2724 5762 2919 5839 inquit,
2951 5763 3140 5835 vadit.»
3177 5774 3325 5816 :non
3358 5757 3513 5828 quasi

1941 5872 2044 5913 non
2100 5857 2274 5915 valeat
2326 5874 2385 5914 se
2433 5859 2729 5933 vindicare,
2764 5838 2856 5915 sed
2889 5856 3012 5933 quia
3054 5856 3179 5910 olim
3211 5853 3521 5918 decreverat
