3870 6552
435 372 583 434 .1071

1366 367 1944 428 THEOPttYLtCTI
1996 339 2408 428 sumant-ta
2453 369 2816 431 ARCt—IIEP.

3552 366 3673 433 107?.

448 485 582 538 mori
627 483 678 536 in
722 480 950 535 salutem
1023 476 1317 531 Ιιο.ιιίιιιιιιι.
1354 494 1371 527 ι
1408 473 1781 528 Verumtamen
1819 488 1893 524 var
1931 473 2015 524 lio-

2131 477 2281 544 φησι,
2322 475 2607 545 πορεύεται
2645 491 2657 504 ο
2689 495 2706 526 ι
2754 477 2852 546 ούχ
2883 475 2956 538 ὡς
2995 475 3238 528 ἀσθενῶν
3266 477 3470 547 ἀμῦναι
3506 479 3677 547 ἐαυτῷ.

445 578 575 632 tnini
623 576 696 629 illi
751 589 847 645 per
904 587 1060 640 ιιιιιτιιι
1116 571 1362 623 truditur.
1399 588 1415 618 ι
1451 567 1578 620 Nam
1631 564 2019 634 prmdeliuitunt

441 670 658 739 quidem
716 675 799 722 est
856 675 935 725 ut,
967 663 1198 732 patiatur
1225 680 1237 715 :
1269 662 1359 715 sed
1393 675 1443 712 tu
1489 673 1654 726 quare
1685 657 1937 710 inventus
1965 671 2024 709 es

446 761 637 824 malus,
672 769 724 813 et
763 757 833 810 ita
879 755 946 808 ad
999 755 1352 824 proditionem
1411 752 1683 820 paratus?
1733 748 2020 818 Pmptcrea

446 855 540 906 tibi
574 869 650 905 vae
681 850 1039 919 adjudiratum
1089 857 1190 910 est,
1241 849 1363 916 quia
1411 849 1660 898 inventus
1691 861 1752 899 es
1803 846 2024 898 studens

445 945 770 1017 proditioni;
827 941 949 1010 quia
991 943 1150 993 etiam
1214 954 1435 1005 serpens
1495 937 1806 990 tnaledictus
1839 945 1919 990 est
1961 950 2026 989 eo

443 1037 582 1104 quod
624 1033 846 1088 servivit
887 1030 1082 1086 diaboli
1113 1028 1375 1082 consiliis.
1413 1024 1634 1079 Turbati
1663 1033 1792 1078 sunt
1834 1033 2014 1078 autem

446 1126 687 1197 discipuli
733 1124 930 1178 auditis
957 1123 1059 1187 liis,
1091 1133 1143 1176 et
1181 1120 1282 1174 hoc
1308 1118 1467 1172 latius
1500 1116 1675 1172 disces
1699 1117 1752 1171 in
1777 1116 2023 1185 Evange-

444 1221 517 1275 lio
565 1218 804 1273 Joannis.
833 1213 986 1268 Nunc
1039 1221 1215 1266 autem
1268 1225 1374 1265 non
1406 1210 1469 1264 de
1511 1209 1816 1277 suspicione
1845 1205 2027 1276 prodi-

450 1313 615 1367 tionis
677 1318 886 1363 tantum
926 1307 1232 1368 turbantur,
1303 1303 1394 1356 sed
1449 1316 1511 1355 ex
1579 1301 1884 1354 turbatione
1939 1297 2026 1350 illa

448 1407 514 1458 ad
542 1404 916 1458 contentiones
947 1399 1192 1460 veniunt,
1235 1397 1621 1449 contendentes
1655 1393 1775 1462 quis
1799 1407 1864 1446 ex
1896 1391 2026 1459 ipsis

445 1504 588 1550 esset
614 1493 901 1547 maximus.
938 1488 1242 1542 Incidernnt
1277 1495 1454 1539 autem
1487 1485 1538 1537 in
1567 1485 1707 1538 hanc
1730 1483 1875 1535 litem
1901 1481 2026 1550 quia

441 1586 735 1641 verisimile
773 1592 854 1638 est
909 1580 1052 1651 quod
1093 1580 1231 1633 inter
1274 1593 1333 1632 se
1362 1575 1596 1630 diXerittt
1631 1589 1768 1626 unus
1827 1572 2021 1624 alteri:

442 1680 521 1731 Tu
581 1677 886 1746 proditurus
932 1687 1011 1735 es,
1063 1679 1117 1723 et
1158 1668 1296 1722 alius
1329 1667 1481 1721 alteri
1521 1683 1533 1720 :
1569 1665 1668 1718 Tn.
1704 1663 1770 1718 Et
1802 1662 1926 1716 inde
1960 1677 2024 1716 eo

446 1777 802 1840 pervenerunt
864 1775 921 1818 ut
960 1764 1197 1816 dicereut
1229 1779 1242 1814 :
1277 1760 1386 1830 Ego
1411 1772 1531 1812 sum
1565 1757 1772 1819 melior,
1806 1766 1882 1820 et,
1915 1753 2027 1822 Ego

2127 566 2239 618 ἀλλ’
2273 567 2347 628 ὡς
2377 569 2564 636 ὁρίσας
2597 567 2776 637 ἐαυτῷ
2797 567 2887 620 τὸν
2922 567 3152 621 θάνατον
3193 570 3285 622 ἐπὶ
3320 571 3563 641 σωτηρία⁸
3593 574 3680 624 τῶν

2125 657 2444 729 ἀνθρώπων.
2481 678 2498 710 ι
2545 658 2689 730 Πλὴν
2719 659 2842 712 ούαὶ
2877 660 2954 730 τῷ
2984 660 3258 730 ἀνθρώπῳ
3300 661 3516 730 ἐκείνῳ,
3544 664 3604 715 δι’
3631 659 3682 718 οὗ

2129 747 2496 818 παραδίδοται.
2531 769 2546 799 ι
2580 749 2832 818 Ὣρισται
2869 750 2967 820 μὲν
2988 751 3096 819 γάρ
3128 753 3342 814 παθεῖν,
3370 753 3508 804 ἀλλὰ
3532 754 3588 806 σὺ
3613 755 3683 807 διὰ

2125 842 2178 893 τί
2215 841 2444 911 εὑρέθης
2499 844 2691 906 κακὸς,
2747 841 2888 895 ὥστε
2938 843 3071 916 πρὸς
3142 845 3436 912 προδοσίαν
3494 846 3688 913 ἕτοιμος

2127 929 2304 999 alvei;
2341 935 2437 986 Διά
2467 933 2627 986 τοῦτο
2657 930 2750 988 οῦν
2784 952 2866 988 σοι
2888 933 2950 988 τὸ
2969 935 3092 988 οὐαὶ
3117 935 3597 1004 ἀποκεκλήρωται,
3620 939 3685 988 ὅτι

2128 1026 2358 1096 εὑρέθης
2393 1027 2698 1097 ἐπιτήδειος
2740 1027 2820 1090 είς
2861 1027 3154 1098 προδοσίαν
3177 1045 3189 1056 ·
3233 1028 3358 1080 ἐπεὶ
3391 1029 3488 1079 καὶ
3517 1031 3543 1080 6
3587 1029 3689 1094 διες

2128 1117 2550 1188 ἐπικατάρατος,
2586 1118 2720 1172 διότι
2743 1118 3060 1190 ῦπούργησε
3088 1122 3152 1190 τῇ
3176 1119 3270 1172 τοῦ
3292 1120 3543 1172 διαϐόλου
3577 1138 3690 1188 συμ-

2129 1209 2316 1278 ϐουλῇ.
2383 1209 2826 1280 Ἐθορυὸήθησαν
2873 1210 2931 1263 δὲ
2960 1210 3011 1263 οἱ
3059 1211 3302 1281 μαθηταὶ
3338 1213 3515 1264 ταῦτα
3546 1214 3689 1265 satos.

2131 1318 2354 1365 σαντεςο
2386 1302 2481 1355 καὶ
2535 1301 2692 1356 τοῦτο
2739 1302 3074 1374 πλατύτερον
3110 1304 3333 1373 μαθήσῃ
3385 1306 3444 1354 ἐν
3472 1304 3548 1372 τις»
3571 1307 3694 1356 κατὰ

2142 1389 2410 1461 Ἰωάννην.
2445 1392 2558 1444 Νῦν
2582 1392 2638 1445 δὲ
2672 1393 2733 1445 ού
2771 1393 2899 1464 περὶ
2939 1395 3038 1461 τῆς
3078 1394 3332 1456 ὑπονοίας
3360 1395 3466 1463 τῆς
3519 1396 3692 1462 προδο-

2133 1480 2254 1544 σίας
2284 1480 2636 1552 θορυϐοῦνται
2665 1482 2852 1552 μόνον,
2887 1483 3004 1535 ἀλλ’
3035 1486 3099 1535 ἐκ
3136 1483 3326 1536 τούτου
3357 1483 3452 1535 τοῦ
3485 1483 3691 1552 θορύϐου

2133 1575 2225 1628 καὶ
2258 1577 2336 1635 είς
2371 1575 2484 1646 ἐριν
2512 1575 2783 1644 ἔρχονται,
2815 1575 3246 1642 φιλονεικοῦντες
3301 1578 3382 1637 τίς
3411 1576 3590 1628 αὐτῶν
3623 1577 3692 1648 εἴη

2134 1665 2357 1736 μείζων.
2394 1667 2680 1720 Ἐνέπεσον
2707 1667 2762 1720 δὲ
2787 1669 2865 1731 είς
2883 1667 3086 1737 ταύτην
3115 1667 3212 1736 τὴν
3239 1668 3355 1735 ἔριν
3381 1667 3693 1732 ἀκολούθως.

2145 1757 2298 1810 Ἐπεὶ
2357 1759 2465 1828 γὰρ
2499 1759 2634 1828 πρὸς
2672 1757 2936 1828 ἀλλήλους
2995 1758 3142 1822 είκὺς
3189 1752 3256 1826 ἦν
3289 1758 3491 1824 λέγειν,
3533 1758 3693 1812 ὅτιΣῦ

445 1834 562 1920 sum
589 1859 783 1930 major,
821 1867 872 1911 et
900 1855 1118 1911 similia.
1154 1851 1292 1919 Quid
1336 1851 1496 1919 igitur
1529 1846 1827 1903 Dominus?
1866 1846 2024 1900 Com-

2132 1852 2346 1921 μέλλεις
2391 1851 2731 1921 προδιδόναι·
2784 1852 2879 1904 καὶ
2910 1847 2975 1904 αὖ
3004 1851 3208 1912 ἐκεῖνος
3242 1850 3444 1920 τούτῳ,
3469 1852 3551 1902 ὅτι
3601 1851 3691 1902 Σύ·

443 1955 631 2028 primit
674 1950 956 2006 tumultum
1017 1947 1161 2000 hunc
1193 1943 1399 1998 duobus
1433 1941 1717 2009 exemplis.
1743 1938 1862 1994 Uno
1893 1953 2024 2008 gen-

444 2047 646 2108 tilium,
697 2057 832 2112 quos
882 2037 1330 2093 abominabantur
1364 2052 1379 2092 :
1411 2037 1700 2090 ostendens
1748 2031 1888 2100 quod
1919 2030 2024 2084 illis

445 2132 780 2191 assimilandi
814 2131 944 2194 sint,
978 2129 1019 2182 si
1045 2125 1256 2197 sapiant
1282 2123 1496 2179 similia.
1528 2121 1708 2176 Altero
1741 2118 1905 2190 470
1931 2131 2024 2171 au-

449 2235 556 2278 tem
589 2237 686 2276 suo
711 2219 977 2287 exempto.
1002 2217 1108 2271 Eos
1133 2213 1272 2268 enim
1307 2213 1373 2266 ad
1399 2210 1755 2264 humilitatem
1779 2207 2025 2274 exemplo

447 2332 545 2372 suo
569 2315 735 2379 ducit,
757 2311 1048 2370 ostendens
1080 2306 1224 2378 quod
1258 2306 1370 2374 ipse
1395 2305 1658 2357 ministret
1685 2301 1782 2354 eis.
1813 2300 2023 2354 Etenim

446 2418 596 2475 tunc,
632 2408 774 2462 sicut
817 2405 1020 2458 dictum
1078 2408 1180 2464 est,
1224 2413 1414 2468 panem
1443 2411 1596 2448 suum
1642 2405 1694 2447 et
1718 2402 1903 2464 potum
1941 2390 2024 2445 di-

449 2499 686 2556 stribuit.
745 2493 880 2548 Cum
933 2493 1094 2559 igitur
1121 2504 1242 2560 ego,
1275 2502 1436 2558 quem
1467 2486 1642 2539 omnis
1673 2483 1945 2538 rationalis
1972 2491 2026 2536 et

444 2591 684 2661 angelica
715 2597 963 2643 ereatnra
989 2585 1236 2647 adorant,
1265 2582 1314 2635 in
1351 2579 1528 2634 medio
1555 2577 1714 2631 vestri
1740 2577 1986 2629 ministro
2007 2613 2022 2638 ,

445 2683 716 2756 quomodo
744 2695 836 2732 vos
875 2677 1015 2746 digni
1045 2675 1176 2729 estis
1215 2672 1306 2742 qui
1341 2686 1528 2740 magna
1560 2670 1625 2722 de
1650 2667 1797 2722 vobis
1825 2666 2027 2720 sentia-

448 2775 536 2838 tis,
587 2785 639 2826 et
669 2773 872 2841 primas
903 2776 1082 2836 partes
1130 2763 1356 2834 capiatis
1384 2762 1406 2815 ?
1439 2759 1661 2815 Videtur
1684 2769 1862 2812 autem
1893 2756 2024 2809 mihi

450 2882 552 2919 non
582 2864 753 2917 obiter
787 2860 948 2928 hujus
980 2856 1248 2913 recubitus
1283 2863 1336 2908 et
1370 2850 1652 2906 ministerii
1694 2850 2024 2911 meminisse,

449 2960 544 3014 scd
567 2960 825 3011 reducere
862 2955 941 3007 eis
973 2953 1025 3004 itt
1073 2948 1410 3009 memoriam,
1464 2943 1587 3013 quia
1645 2942 1718 2995 De
1758 2957 1864 2994 uno
1891 2956 2027 3009 pane

449 3046 780 3111 comedistis,
809 3052 864 3098 et
885 3057 949 3096 ex
982 3056 1085 3094 uno
1115 3039 1282 3094 calice
1323 3036 1556 3098 bibistis,
1588 3034 1788 3087 amicos
1817 3042 1870 3085 et
1893 3046 2024 3084 uua-

451 3144 624 3198 nimes
671 3153 776 3192 una
819 3150 1008 3190 mensa
1057 3134 1182 3188 fecit
1222 3148 1235 3186 :
1284 3144 1452 3199 quare
1508 3143 1636 3195 ergo
1677 3127 1864 3195 sapitis
1908 3137 2026 3193 qua:

453 3238 586 3290 tales
611 3248 722 3289 non
754 3234 939 3284 decent
966 3229 988 3281 ?
1034 3227 1097 3281 Et
1133 3239 1307 3293 neque
1333 3238 1429 3293 rgo
1455 3221 1545 3276 uni
1566 3220 1780 3290 quidem
1808 3217 2022 3279 servivi,

453 3327 609 3382 alteri
639 3335 818 3378 autem
855 3336 957 3375 non
1003 3318 1220 3380 servivi,
1259 3316 1351 3369 sed
1382 3329 1446 3368 ex
1479 3327 1630 3381 a-quo
1655 3310 1903 3364 omnibus
1935 3323 2026 3360 vo-

453 3421 570 3475 bis:
603 3430 792 3471 omnes
841 3415 1002 3484 igitur
1051 3425 1213 3464 unum
1244 3418 1297 3461 et
1330 3406 1468 3460 idem
1522 3402 1789 3459 sentiatis.
1825 3400 1902 3454 Tu
1932 3415 2027 3452 au-

455 3523 562 3563 tem
596 3524 662 3564 ex
707 3508 790 3562 his
823 3506 1072 3560 omnibus
1098 3501 1364 3571 intelligas
1399 3497 1538 3568 quod
1570 3493 1821 3564 discipuli
1851 3494 2024 3547 adhuc

453 3601 752 3674 imperfecti
786 3599 1005 3662 fuerint,
1038 3598 1131 3652 sed
1177 3596 1299 3650 vide
1331 3590 1597 3663 quomodo
1641 3598 1695 3644 et
1727 3596 1908 3657 postea
1939 3602 2025 3640 re-

455 3697 722 3751 fulserint.
754 3692 1171 3755 Confundantttr
1199 3683 1500 3749 Maniclitei,
1522 3683 1612 3752 qui
1645 3681 1832 3735 dicunt
1860 3694 2025 3748 quos-

455 3791 574 3842 dam
621 3795 811 3840 natura
865 3797 984 3838 esse
1037 3779 1316 3846 indociles,
1373 3785 1429 3832 et
1481 3771 1864 3842 impossibilem
1905 3785 2026 3827 esse

452 3879 575 3933 vitae
602 3877 976 3933 mutationem.

528 4161 690 4213 Vens.
745 4151 939 4209 εδει.
981 4170 998 4203 ι
1044 4149 1149 4205 Vos
1183 4159 1359 4204 autem
1415 4147 1546 4202 estis
1580 4145 1669 4215 qui
1725 4141 2026 4212 permansi-

451 4249 553 4304 stis
596 4260 802 4301 mecum
860 4245 911 4296 in
945 4240 1328 4297 teutationibus
1375 4239 1510 4293 meis
1544 4254 1558 4290 :
1594 4246 1644 4292 et
1673 4250 1770 4305 ego
1799 4235 2026 4302 dispono

455 4339 627 4401 vobis,
661 4339 802 4390 sicut
843 4335 1106 4401 diSpnsuit
1154 4331 1283 4384 mihi
1329 4330 1485 4384 Pater
1519 4344 1668 4382 tuens
1692 4341 1938 4394 regnum,
1970 4332 2026 4376 ut

457 4431 630 4486 edatis
680 4437 735 4482 et
775 4428 992 4489 bibatis,
1022 4437 1183 4494 super
1222 4438 1460 4478 mensam
1525 4434 1700 4475 meam
1748 4419 1800 4472 in
1859 4429 2026 4486 regno

2124 1946 2188 1997 ἐκ
2248 1944 2437 1998 τούτου
2496 1943 2852 2016 προήχθησαν
2884 1945 2964 2006 είς
3023 1945 3082 1995 τὸ
3127 1941 3344 2010 λέγειν’
3425 1941 3565 2011 Ἐγώ
3592 1944 3694 2013 εἰμι

2125 2039 2408 2110 κρείττων,
2433 2041 2549 2104 καὶ,
2593 2040 2735 2108 Ἐγώ
2761 2042 2873 2110 εἰμι
2901 2039 3122 2110 μείζων,
3151 2040 3245 2091 καὶ
3279 2039 3349 2092 τὰ
3374 2039 3612 2092 τοιαῦτα.
3638 2040 3694 2091 Τί

2123 2129 2216 2187 οὖν
2241 2137 2268 2188 6
2291 2134 2527 2204 Κύριος;
2557 2134 2924 2188 Καταστέλλει
2951 2133 3040 2186 τὸν
3071 2133 3300 2203 θόρυϐον
3331 2133 3542 2183 τούτων
3561 2132 3695 2186 δυσὶν

2112 2225 2541 2295 ¹ὑποδείγμασιν,
2578 2227 2658 2279 ἐνὶ
2693 2226 2790 2296 μέν
2836 2225 2915 2296 τῷ
2937 2225 3047 2278 τῶν
3084 2224 3336 2285 ἐθνικῶν,
3386 2223 3481 2284 οὓς
3531 2223 3695 2292 βδελυ-

2124 2317 2287 2380 κτοὺς
2305 2311 2469 2385 εἶχον,
2497 2315 2756 2369 δεικνύων
2781 2316 2861 2368 ὃτι
2893 2315 3104 2374 τούτοις
3131 2313 3372 2376 ἐοικότες
3404 2313 3630 2377 ἔσονται,
3653 2314 3695 2365 εἰ

2123 2407 2347 2461 τοιαῦτα
2383 2408 2671 2478 φρονοῦσιν
2695 2424 2708 2436 ·
2741 2408 2913 2477 ἑτέρῳ
2951 2407 3006 2460 δὲ
3030 2407 3106 2478 τῷ
3142 2406 3373 2473 ἑαυτοῦ·
3408 2407 3477 2459 δι’
3518 2406 3694 2458 ἐαυτοῦ

2123 2499 2232 2567 γὰρ
2267 2500 2345 2560 είς
2368 2496 2871 2566 ταπεινοφροσύνην
2901 2497 3044 2562 ἀγει,
3069 2496 3284 2558 δεικνὺς
3316 2496 3512 2546 ἑαυτὸν
3539 2495 3695 2547 διακο-

2124 2590 2318 2643 νοῦντα
2377 2589 2580 2650 αὐτοῖς.
2621 2589 2728 2641 Καὶ
2783 2587 2890 2656 γὰρ
2920 2587 2984 2657 δὴ
3016 2588 3156 2648 τότε,
3187 2587 3332 2638 καθά
3356 2586 3592 2656 εἴρηται,
3619 2587 3694 2639 τὸν

2125 2681 2286 2750 ἄρτον
2306 2682 2489 2743 αὐτοῖς
2520 2680 2614 2732 καί⁸
2647 2679 2706 2732 τδ
2734 2682 2992 2748 ποτήριον
3021 2679 3308 2747 διένειμεν.
3353 2678 3510 2730 Ἐπεὶ
3534 2680 3693 2731 τοίνυν

2127 2770 2237 2838 ἐγὼ
2268 2772 2296 2822 6
2345 2771 2448 2822 ὑπὸ
2505 2773 2684 2838 πάσης
2739 2770 3036 2839 ἀγγελικῆς
3091 2771 3181 2821 καὶ
3227 2769 3458 2840 λογικῆς
3503 2773 3693 2839 φύσεως

2128 2864 2624 2934 προσκυνούμενος,
2663 2865 2718 2912 ἐν
2749 2863 2899 2932 μέσῳ
2931 2861 3084 2931 ὑμῶν
3121 2863 3378 2923 διακονῶ,
3413 2866 3478 2914 πιέ
3503 2880 3530 2926 ς
3557 2865 3696 2931 tigni;

2128 2955 2266 3020 ἄξιοί
2289 2957 2409 3006 ἐστε
2435 2953 2880 3024 μεγαλοφρονεῖν,
2903 2953 3142 3022 καὶπερὶ
3168 2955 3456 3023 πρωτείων
3486 2955 3695 3023 ἐρίζεινς

2129 3048 2284 3097 Δοκεῖ
2310 3044 2367 3096 δέ
2403 3060 2492 3114 μοι
2529 3044 2661 3114 μηδέ
2690 3043 2981 3113 παρέργως
3027 3042 3171 3094 οῦτω
3211 3043 3584 3113 μνημονεῦσαι
3611 3048 3697 3113 τῆς

2131 3135 2467 3198 ἀνακλίσεως
2494 3135 2698 3205 ταύτης
2744 3134 2960 3203 καὶτῆς
2988 3133 3284 3196 διακονίας,
3345 3135 3464 3186 ἀλλ’
3518 3137 3698 3203 ἀναμι-

2133 3232 2386 3298 μνήσκων
2415 3228 2632 3291 αὐτοὺς,
2664 3230 2743 3280 ὁτι
2778 3228 2835 3279 Et
2888 3227 2948 3290 ἐξ
2986 3228 3102 3289 ἐνὸς
3135 3227 3302 3296 ἄρτου
3334 3227 3589 3295 ἐφάγετε,
3614 3227 3699 3278 καὶ

2127 3321 2186 3384 ἐξ
2211 3320 2328 3380 ἐνὸς
2357 3320 2614 3390 ποτηρίου
2648 3319 2856 3381 ἐπίετε,
2887 3319 3070 3386 φίλους
3106 3321 3248 3386 ὑμᾶς
3273 3325 3366 3371 καὶ
3397 3321 3698 3388 ἡνωμένους

2128 3419 2160 3488 ή
2191 3417 2290 3488 μία
2321 3416 2567 3486 τράπεζα
2623 3419 2786 3479 ποιεῖς
2839 3416 2981 3467 διατί
3013 3417 3186 3468 τοίνυν
3216 3416 3451 3479 ἀναξίως
3505 3416 3698 3468 τούτων

2128 3513 2372 3580 φρονεῖτε
2396 3525 2409 3574 ;
2454 3509 2592 3560 Ἀλλ’
2609 3508 2716 3560 οὐδ’
2749 3507 2859 3576 ἐγὼ
2880 3509 3053 3578 τούτῳ
3075 3509 3171 3578 μὲν
3198 3508 3518 3578 διηκόνησα,
3537 3508 3699 3578 τούτῳ

2126 3604 2170 3654 δ’
2196 3602 2279 3667 οὒ,
2309 3603 2443 3655 ἀλλὰ
2474 3603 2641 3654 πᾶσιν
2673 3602 2801 3670 ὑμῖν
2832 3603 3056 3672 ἐπίσης
3084 3603 3284 3663 πάντες
3327 3598 3418 3653 οὖν
3449 3601 3507 3652 ἓν
3534 3603 3626 3653 καὶ
3647 3604 3700 3652 τὸ

2084 3719 2088 3723 τ
2128 3696 2261 3747 αὐτὸ
2305 3697 2568 3766 φρονεῖτε.
2600 3695 2670 3746 Σὺ
2701 3695 2758 3747 δέ
2793 3711 2880 3762 μοι
2914 3696 2976 3746 ἐκ
3010 3694 3223 3747 πάντων
3257 3694 3464 3746 τούτων
3516 3695 3698 3756 ἐννόει,

2129 3787 2244 3849 πῶς
2272 3787 2480 3848 ἀτελεῖς
2504 3781 2644 3856 ἦσαν
2672 3788 2750 3838 ἑτι
2776 3787 2822 3837 οι
2855 3786 3090 3857 μαθηταί
3116 3803 3130 3817 ο
3160 3786 3276 3838 ἀλλ’
3309 3787 3383 3838 ἴδε
3413 3786 3525 3844 πῶς
3552 3787 3702 3837 ﬁna-

2132 3896 2221 3948 ρον
2254 3878 2522 3948 έλαμψαν.
2569 3878 3050 3950 Ἐντρεπέσθωσαν
3089 3880 3384 3947 Μανιχαῖοι
3429 3878 3696 3944 λέγοντες,

2127 3973 2206 4024 ὅτι
2241 3975 2305 4024 ἐκ
2329 3972 2543 4040 φύσεώς
2581 3971 2686 4023 είσί
2717 3988 2860 4033 τινες
2902 3970 3157 4040 ἀμαθεῖς,
3195 3970 3572 4024 καὶάδύνατον
3608 3985 3700 4039 με-

2127 4064 2420 4133 τατεθῆναι
2455 4067 2694 4128 τούτους.

2204 4177 2222 4209 ι
2271 4157 2457 4228 Ὑμεῖς
2489 4158 2543 4209 δέ
2575 4160 2696 4208 ἐστε
2724 4157 2773 4209 oi
2821 4156 3287 4228 διαμεμενηκότες
3327 4155 3447 4224 μετ’
3482 4153 3617 4223 ἐμοῦ
3651 4153 3705 4204 ἐν

2127 4249 2240 4309 τοῖς
2270 4249 2595 4316 πειρασμοῖς
2634 4263 2756 4315 μου,
2805 4246 2962 4313 κάγὼ
3002 4246 3312 4313 διατίθεμαι
3343 4246 3492 4312 ὑμῖν,
3526 4244 3705 4303 καθὼς

2126 4338 2329 4390 διέθετό
2353 4353 2441 4406 μοι
2475 4339 2503 4388 6
2527 4339 2717 4407 Πατήρ
2749 4355 2848 4407 μου
2893 4338 3193 4408 βασιλείαν,
3232 4337 3317 4388 ἵνα
3348 4337 3569 4405 ἐσθίητε
3621 4338 3708 4385 καὶ

2130 4431 2319 4499 πίνητε
2354 4430 2447 4482 ἐπὶ
2505 4429 2603 4499 τῆς
2653 4431 2934 4499 τραπέζης
2973 4446 3094 4498 μου,
3127 4429 3219 4481 καὶ
3261 4427 3574 4496 καθέζησθε
3625 4427 3709 4478 ἐπὶ

460 4542 599 4589 meo,
653 4534 710 4579 et
744 4521 976 4577 sedcatis
1022 4534 1183 4589 super
1222 4517 1464 4579 thronos,
1497 4513 1803 4582 iudicantes
1825 4509 2024 4562 duode-

2132 4525 2337 4595 θρόνων
2377 4525 2654 4594 κρίνοντες
2705 4525 2806 4584 τὰς
2835 4523 3045 4575 δώδεκα
3083 4523 3256 4590 φυλὰς
3317 4521 3413 4574 τοῦ
3475 4520 3705 4591 Ἰσραὴλ.

451 4621 556 4674 cini
625 4618 794 4670 tribus
845 4611 1030 4666 Israel.
1094 4611 1181 4664 Ait
1227 4618 1404 4661 autem
1466 4605 1763 4659 Dominus:
1812 4601 2020 4666 Simon,

451 4713 662 4774 Simon,
712 4722 858 4771 ecce,
919 4704 1144 4760 Satanas
1199 4701 1454 4770 espetivit
1514 4712 1625 4761 vos,
1670 4703 1725 4748 nt
1761 4695 2024 4749 cribraret

452 4809 589 4859 sicut
639 4804 875 4855 triticum
912 4799 1041 4852 :sed
1091 4811 1190 4864 ego
1249 4794 1427 4862 rogavi
1473 4806 1568 4860 pro
1604 4800 1674 4855 te,
1717 4804 1783 4844 ne
1810 4788 2024 4842 deliciat

453 4898 584 4951 tides
625 4904 739 4948 tua.
771 4890 834 4943 Et
862 4903 915 4943 tu
948 4888 1234 4957 aliquando
1275 4898 1567 4938 conversus
1619 4883 1877 4936 contirma
1913 4878 2023 4932 fra-

452 5001 561 5047 tres
603 4999 744 5043 tuos.
777 4985 845 5037 At
875 4983 962 5036 ille
1003 4980 1138 5034 dixit
1169 4979 1216 5032 ei
1247 4993 1261 5032 :
1293 4975 1540 5038 Domine,
1581 4982 1755 5027 tecum
1801 4980 2022 5040 paratus

451 5103 570 5141 sum
604 5095 658 5138 et
689 5083 740 5136 in
777 5092 1046 5136 carcerem
1075 5081 1129 5128 et
1159 5073 1210 5126 in
1249 5083 1473 5124 mortem
1501 5072 1595 5121 ire.
1629 5067 1694 5119 At
1726 5067 1814 5119 ille
1845 5066 1978 5118 dixit
2005 5080 2019 5117 :

453 5175 586 5233 Dieo’
611 5177 727 5239 tibi,
774 5173 950 5236 Petre,
987 5185 1090 5224 non
1122 5175 1278 5221 canet
1309 5162 1464 5217 hodie
1493 5160 1662 5230 gallus
1708 5159 2020 5228 priusquam

451 5279 535 5326 ter
582 5269 817 5336 abneges
857 5275 1012 5317 nosse
1047 5274 1152 5314 me.
1199 5275 1217 5309 ι
1253 5254 1540 5322 Postquam
1604 5251 1738 5305 dixit
1778 5248 2024 5302 traditori

451 5378 554 5426 vae,
583 5372 634 5413 et
673 5360 725 5412 in
757 5357 928 5410 medio
957 5351 1139 5408 docuit
1166 5363 1258 5404 eos
1291 5346 1546 5426 humiles
1571 5359 1690 5399 esse
1713 5361 1726 5397 :
1753 5344 1890 5396 sicut
1916 5353 2026 5394 tra-

452 5421 611 5508 ditori
668 5466 743 5502 va:
775 5443 1118 5518 adiudicavit,
1175 5441 1248 5495 ita
1295 5455 1326 5493 e
1377 5421 1610 5501 diverso,
1662 5435 1833 5506 inquit
1873 5430 2026 5486 :Vos

453 5547 586 5600 estis
611 5545 699 5613 qui
725 5539 996 5596 mansistis
1022 5549 1230 5590 mecum
1255 5533 1307 5586 in
1329 5531 1708 5586 tentationibns
1733 5530 1885 5590 meis,
1907 5526 2026 5579 ideo

453 5650 508 5693 et
557 5637 860 5689 mercedem
903 5631 1052 5686 vobis
1082 5629 1334 5698 dispono,
1373 5627 1474 5677 hoc
1507 5633 1608 5688 est,
1652 5625 1893 5690 paciscor
1927 5634 2027 5674 vo-

453 5736 658 5788 biscum
703 5739 779 5793 ut,
837 5741 958 5779 cum
1007 5724 1160 5776 Pater
1190 5735 1340 5775 meus
1390 5719 1714 5786 dispowerit
1745 5717 1897 5782 mihi,
1926 5718 2027 5769 hoc

450 5837 554 5890 est,
605 5818 969 5892 segregaverit
1025 5813 1153 5868 mihi
1211 5825 1476 5879 regnum,
1522 5809 1694 5864 citatis
1747 5821 1797 5862 et
1831 5809 2027 5861 bibatis

2132 4611 2264 4667 Εἷπε
2289 4615 2343 4667 δὲ
2393 4616 2421 4666 6
2475 4617 2713 4684 Κύριος⁶
2748 4616 2949 4681 Σίμων,
2981 4615 3184 4683 Σίμων,
3234 4614 3346 4666 ἰδοὺ
3390 4617 3415 4667 6
3469 4615 3712 4675 Σατανὶς

2129 4701 2429 4775 ἐξῃτήσατο
2456 4703 2597 4772 ὑμᾶς
2629 4702 2721 4756 τοῦ
2767 4705 3016 4756 συνιάσαι
3055 4703 3128 4765 ὡς
3174 4702 3266 4756 τὸν
3302 4707 3448 4755 σῖτον
3471 4719 3486 4732 α
3511 4705 3626 4771 ἐγὼ

2130 4797 2357 4867 ἐδεήθην
2393 4797 2520 4866 περὶ
2562 4795 2680 4859 σοῦ,
2706 4796 2793 4848 ἴνα
2820 4796 2895 4867 μὴ
2931 4796 3156 4866 ἐκλείπῃ
3190 4797 3220 4864 ή
3251 4797 3434 4859 πίστις
3464 4814 3584 4850 σου.
3614 4798 3720 4846 Καὶ

2133 4890 2196 4943 σύ
2231 4905 2358 4942 ποτε
2389 4889 2743 4959 ἐπιστρέψας,
2765 4888 3111 4958 ἐπιστήριξον
3135 4889 3262 4950 τοὺς
3294 4889 3566 4955 ἀδελφούς
3603 4905 3718 4940 σου.

2141 4982 2198 5034 ὐ
2223 4981 2277 5033 δὲ
2308 4976 2460 5033 εἶπεν
2487 4979 2634 5048 αὑτῷ
2657 4993 2672 5009 °
2707 4978 2900 5050 Κύριε,
2939 4983 3075 5048 μετὰ
3100 4980 3194 5032 σοῦ
3225 4980 3441 5049 ἕτοιμός
3473 4985 3596 5051 εἰμι
3629 4982 3722 5032 καὶ

2130 5075 2209 5135 εἰς
2244 5072 2491 5143 φυλακὴν
2519 5073 2614 5125 καὶ
2636 5073 2715 5135 είς
2739 5071 2967 5124 θάνατον
3000 5071 3354 5142 πορεύεσθαι.
3391 5072 3454 5124 Ὀ
3483 5073 3542 5123 δὲ
3575 5069 3719 5123 εἷπε·

2131 5166 2288 5233 Λέγω
2318 5182 2418 5231 σοι,
2459 5164 2653 5233 Πέτρε,
2690 5163 2752 5216 οὗ
2792 5163 2866 5232 μὴ
2894 5165 3133 5232 φωνήσει
3163 5163 3407 5233 σήμερον
3441 5163 3720 5228 ἀλέκτωρ,

2132 5255 2321 5326 πρὶνῆ
2379 5259 2497 5324 τρὶς
2549 5256 2842 5324 ἀπαρνήσῃ
2905 5253 2980 5323 μή
3033 5253 3229 5305 εἰδέναι
3291 5270 3430 5320 με.)
3495 5251 3723 5317 Ἐπειδή

2133 5345 2305 5412 εἶπεν,
2339 5351 2418 5398 ὅτι
2453 5347 2542 5414 Τῷ
2586 5346 2933 5418 παραδιδόντι
2961 5363 3027 5415 με
3049 5346 3192 5406 οὐαὶ,
3242 5349 3335 5396 καὶ
3364 5344 3533 5414 ἐν,
3576 5345 3725 5412 μέσῳ

2132 5435 2369 5499 ἐδίδαξεν
2417 5435 2636 5498 αὐτοὺς,
2683 5435 2765 5486 ὅτι
2810 5433 2892 5485 δεῖ
2930 5435 3383 5502 μετριοφρονεῖν·
3421 5431 3626 5496 ὥσπερ
3652 5429 3726 5496 τῷ

2136 5529 2481 5600 παραδιδόντι
2507 5527 2570 5580 τὸ
2603 5527 2725 5579 οὐαὶ
2750 5528 3311 5597 προσαπεκλήρωσεν,
3335 5525 3512 5586 οὕτως
3531 5525 3724 5582 αὐτ-οξ

2140 5627 2202 5676 ἐκ
2235 5623 2328 5675 τοῦ
2355 5621 2596 5675 ἐναντίου
2627 5622 2812 5692 φησὶν,
2847 5621 2930 5671 ὅτι
2979 5620 3168 5689 Ὑμεῖς
3195 5620 3250 5672 δέ
3282 5622 3406 5671 ἐστε
3445 5619 3494 5668 οἱ
3543 5632 3727 5683 παρα·

2139 5715 2506 5788 μεμενηκότες
2539 5715 2655 5782 μετ’
2683 5713 2818 5783 ἐμοῦ
2851 5716 2906 5766 ἐν
2933 5716 3043 5776 τοῖς
3077 5715 3408 5783 πειρασμοῖς
3465 5729 3580 5780 μου
3609 5726 3623 5738 ·
3655 5707 3724 5758 διέ

2137 5808 2488 5879 καὶβμοιὸἀς
2521 5808 2648 5879 ὑμῖν
2696 5807 3039 5876 διατίθεμςι,
3097 5807 3366 5871 τουτέστι,
3430 5805 3652 5872 regem
3681 5798 3722 5848 ὦ
