3870 6550
172 410 290 477 10¹13

849 411 1298 473 ΕΝΑιιιιΑτιο
1343 412 1420 473 lN
1461 364 1967 475 musteum
2004 411 2239 473 Luce.
2281 436 2350 445 —
2388 412 2548 474 CAP.
2574 412 2768 473 xxu.

3273 407 3407 471 1074
3418 413 3433 453 ’-

162 521 282 593 πρὸς
306 521 469 591 ὑμᾶς,
499 518 588 575 ἵνα
620 520 741 574 ἐπεὶ
763 520 791 573 ὁ
823 521 1011 592 Πατήρ
1048 539 1149 592 μου
1175 521 1379 576 διέθετό
1414 542 1523 593 μοι,
1558 523 1726 593 ἤγουν

1838 538 1993 590 inpcr
2036 538 2281 601 incusant
2336 538 2531 578 meam.
2576 522 2869 578 Comedere
2922 530 3100 576 autem
3143 529 3195 576 et
3222 518 3409 576 bibere

159 613 386 683 ἀφώρισέ
433 629 522 683 μοι
575 612 874 683 βασιλείαν,
905 613 1122 685 ἐσθίητε
1154 616 1246 667 καὶ
1277 616 1468 683 πίνητε
1498 618 1589 670 ἐπὶ
1624 618 1720 685 τῆς

161 708 425 779 τραπέζης
457 725 580 777 μου.
619 708 716 760 -Τδ
765 707 821 761 δὲ
850 707 1050 762 ἐσθίειν
1077 709 1170 763 καὶ
1216 708 1391 762 πίνειν
1420 708 1591 773 εἶπεν,
1624 711 1721 780 οὐχ

157 800 226 863 ὡς
254 801 562 868 ἐδεσμάτων
616 802 795 854 ἐκεῖσε
858 801 1152 869 ἐσομένων,
1194 802 1314 856 οὐδὲ
1348 801 1424 867 ὡς
1457 802 1721 873 αἰσθητῆς

156 892 309 964 οὔσης
343 892 438 960 τῆς
476 891 748 962 βασιλείας
797 893 984 947 αὐτοῦ.
1017 895 1188 959 Αὐτός
1232 913 1290 947 τε
1345 896 1452 964 γὰρ
1483 895 1722 962 ἐδίδαξεν

155 978 231 1047 οἷς
260 986 390 1055 πρὸς
418 986 541 1047 τοὺς
573 985 961 1050 Σαδδουκαίους
988 983 1162 1050 εἷπεν,
1186 986 1261 1050 ὡς
1280 987 1544 1058 ἀγγελική
1576 989 1723 1041 ἔστιν

154 1078 378 1148 ηὲκεῖσε
411 1077 678 1149 διαγωγὴ,
713 1080 807 1132 καὶ
840 1082 868 1134 ὁ
896 1081 1106 1145 Παῦλος
1133 1082 1191 1135 δὲ
1223 1081 1467 1136 διδάσκει
1493 1080 1590 1153 τὴν
1623 1081 1722 1152 βα-

154 1168 351 1223 σιλείαν
374 1169 467 1224 τοῦ
498 1171 630 1225 Θεοῦ
661 1175 737 1243 μὴ
760 1170 898 1227 εἶναι
934 1174 1136 1245 βρῶσιν
1172 1176 1266 1230 καὶ
1300 1177 1480 1232 πόσιν.
1519 1178 1609 1247 Μή
1639 1193 1724 1240 τις

149 1257 242 1315 οὖν
274 1262 566 1318 πλανᾶσθω
619 1266 832 1320 ἀκούων
889 1268 1126 1323 ἐνταῦθα
1171 1269 1251 1333 τό,
1298 1289 1315 1321 ι
1354 1269 1472 1324 Ἵνα
1501 1270 1721 1337 ἐσθίητε

149 1353 242 1405 καὶ
266 1354 471 1424 πίνητε·
492 1356 587 1408 ἐπὶ
611 1359 710 1427 τῆς
737 1357 1017 1428 τραπέζης
1054 1378 1154 1431 μου
1176 1376 1190 1391 θ
1231 1380 1251 1413 ι
1274 1360 1408 1415 ἀλλὰ
1430 1361 1617 1415 νοείτω
1639 1362 1722 1415 ὅτι

145 1443 212 1496 ὲκ
236 1449 543 1516 μεταφορᾶς
595 1450 705 1502 τῶν
732 1451 884 1522 παρὰ
910 1453 1022 1509 τοῖς
1067 1452 1160 1506 τοῦ
1205 1454 1409 1524 κόσμου
1441 1453 1720 1525 βασιλεῦσι

144 1539 468 1605 τιμωμένων
496 1541 654 1594 τοῦτο
677 1542 910 1613 εἴρηται.
945 1546 1008 1598 Ui
1033 1546 1141 1617 γὰρ
1171 1547 1474 1603 σύνδειπνοι
1503 1548 1597 1603 τοῦ
1627 1550 1721 1621 βα-

145 1632 338 1695 σιλέως
352 1632 568 1687 δοκοῦσι
595 1637 812 1691 πάντων
825 1639 1147 1710 πρωτεύειν.
1170 1640 1343 1695 Τοῦτο
1363 1638 1453 1698 οὖν
1482 1643 1722 1714 καὶπερὶ

143 1723 254 1779 τῶν
270 1726 580 1780 ἀποστόλων
616 1731 802 1799 φησὶν,
821 1732 903 1785 ὅτι
925 1732 1141 1787 πάντων
1168 1736 1548 1809 προτιμότεροι
1571 1736 1693 1792 έσον
1708 1763 1723 1782 ι

142 1831 237 1867 ται
271 1819 399 1889 παρ’
429 1818 599 1890 αύτῷ.
648 1820 801 1875 Ἐπεὶ
828 1824 921 1878 καὶ
952 1825 1156 1897 θρόνων
1183 1828 1449 1899 καθέδρας
1481 1831 1715 1895 ἀκούων,

148 1906 227 1977 μὴ
251 1907 469 1977 θρόνους
495 1913 626 1978 νόει,
665 1914 799 1968 ἀλλὰ
836 1892 1001 1988 τιμὴν
1038 1920 1130 1971 καὶ
1163 1892 1570 1984 saansaan;
1616 1892 1724 1994 γὰρ
1756 1892 1796 1946 Β

142 1998 257 2051 τῶν
287 2002 516 2055 κτιστῶν
538 2004 634 2057 καὶ
660 2009 928 2078 γενητῶν,
958 2011 1076 2064 ἐκεῖ
1104 2011 1433 2067 καθεδεῖταιο
1464 2013 1600 2068 ἀλλὰ
1630 2015 1728 2084 τῆς

147 2089 314 2157 ἁγίας
340 2092 590 2164 Τριάδος,
627 2096 721 2151 τοῦ
757 2099 1016 2154 ἀκτίστου
1055 2102 1149 2156 καὶ
1177 2103 1440 2175 βασιλέως
1467 2105 1575 2158 τῶν
1592 2105 1728 2160 ὅλων

145 2180 308 2245 Θεοῦ,
332 2184 497 2256 μόνης
519 2188 636 2241 ἐστὶ
652 2189 711 2242 τὸ
746 2191 1094 2255 καθέζεσθαι·
1145 2197 1245 2266 τῆς
1269 2196 1323 2249 δὲ
1345 2201 1599 2263 κτίσεως,
1654 2198 1729 2261 ὠς

146 2272 363 2343 δοᾶλης,
404 2277 465 2329 τὸ
493 2277 763 2336 ἵστασθαι.
800 2283 906 2336 Καὶ
935 2284 1107 2338 ταῦτα
1134 2286 1189 2340 δὲ
1226 2288 1552 2377 σιηματικῶς
1578 2289 1728 2356 λέγο-

149 2380 277 2435 μεν,
307 2367 368 2420 τὸ
396 2369 665 2441 καθῆσθαι
701 2374 795 2429 καὶ
828 2376 887 2429 τὺ
922 2377 1193 2433 ἵστασθαι.
1233 2367 1306 2434 Tit
1326 2380 1403 2447 δὲ,
1442 2399 1460 2433 ι
1501 2378 1728 2454 Κρίνον·

143 2475 266 2523 τες,
304 2481 323 2513 ι
358 2466 624 2532 τουτέστι,
646 2472 1071 2540 κατακρίνοντες
1128 2474 1194 2526 ὲκ
1225 2474 1335 2527 τῶν
1368 2475 1575 2529 δώδεκα
1624 2493 1728 2545 φυ-

147 2551 263 2605 λῶν
292 2555 414 2618 τοὺς
461 2557 890 2629 ἀπιστήσαντας.
927 2565 1002 2618 Ού
1055 2565 1228 2637 μικρὰ
1259 2567 1367 2637 γὰρ
1402 2568 1730 2638 κατάκρισις

144 2645 266 2708 τοῖς
296 2645 354 2712 ἐξ
389 2648 607 2721 Ἰσραὴλ
637 2653 1006 2725 ἀπιστήσασιν
1044 2659 1092 2710 οί
1125 2658 1415 2713 ἀπόστολοι
1446 2662 1605 2724 εἰσιν,
1654 2661 1731 2726 ὡς

162 2735 494 2810 Ἰσραηλῖται
546 2744 698 2810 ὄντες
745 2748 839 2801 καὶ
892 2749 1066 2815 αὐτοὶ,
1120 2751 1271 2822 ὅμως
1318 2752 1727 2816 πιστεύσαντες.

50 2886 59 2889 _
164 2828 325 2885 Ἐπεὶ
358 2833 535 2888 τοίνυν
557 2837 636 2909 τῷ
668 2841 766 2911 μὲν
796 2843 1030 2915 προδότῃ
1060 2842 1122 2897 τὸ
1148 2843 1270 2896 ούαὶ
1306 2845 1579 2910 ἀπέδωκε,
1604 2844 1728 2898 τού-

143 2939 266 2989 τοις
297 2924 356 2980 δὲ
381 2929 493 2990 τοῖς
526 2932 929 3001 παραμείνασιν
954 2935 1010 2987 ὲν
1038 2938 1104 3006 τῇ
1139 2934 1275 3006 πρὸς
1302 2934 1466 2989 αὑτὸν
1505 2938 1733 3007 στοργῇ,

144 3013 421 3085 τοσαύτην
454 3020 619 3090 τιμὴν
637 3025 897 3092 προεῖπεν
921 3024 1160 3088 ἔσεσθαι,
1189 3025 1279 3081 ἵνα
1308 3026 1384 3098 μὴ
1410 3027 1727 3098 ὲπαρθῶσιν

142 3102 228 3169 ὡς
250 3105 395 3175 μέγα
434 3125 484 3161 τι
508 3110 946 3181 κατορθωκότες,
978 3116 1069 3170 καὶ
1093 3118 1539 3189 παραμείναντες
1576 3119 1634 3170 ἐν
1663 3120 1726 3187 τῇ

140 3194 344 3268 ἀγάπῃ
396 3197 587 3264 αὐτοῦ,
625 3203 719 3255 καὶ
782 3205 859 3276 μὴ
908 3208 1218 3278 προδόντες,
1270 3231 1288 3262 ι
1366 3211 1424 3266 ’0
1463 3213 1726 3280 Σατανᾶς,

147 3289 345 3359 φησιν,
374 3292 614 3363 ᾐτήσατο
641 3294 786 3366 ὑμᾶς
815 3298 1075 3367 σινιάσαι,
1113 3320 1129 3354 ι
1170 3304 1440 3370 τουτέστι,
1473 3305 1729 3376 ταράξαι,

150 3380 381 3452 βλάψαι,
414 3386 696 3458 πειρᾶσαι*
723 3407 742 3441 ‹
793 3389 935 3445 Ἀλλ’
964 3391 1074 3460 ἐγὼ
1108 3394 1357 3467 ἐδεήθην.
1401 3416 1420 3450 ι
1446 3397 1538 3470 Μὴ
1571 3400 1728 3469 νομί-

150 3492 312 3545 σητε,
350 3479 538 3548 φησιν,
572 3480 655 3534 ὅτι.
686 3481 952 3555 ὑμέτερόν
988 3485 1104 3539 ἐστι
1138 3488 1203 3541 τὸ
1256 3490 1366 3544 πᾶν
1399 3491 1731 3561 κατόρθωμα

141 3569 346 3621 τοῦτο·
379 3572 407 3623 6
435 3571 543 3641 γὰρ
589 3574 837 3640 διάϐολος
880 3577 1045 3642 πολὺς
1089 3579 1342 3635 ἐπέκειτο
1372 3580 1552 3652 ζητῶν
1588 3584 1730 3653 ὑμᾶς

144 3661 408 3715 ἐκϐαλεῖν
438 3667 536 3735 τῇς
570 3666 711 3737 ἐμῆς
731 3668 991 3739 στοργῆς,
1022 3672 1117 3724 καὶ
1140 3673 1406 3743 προδότας
1429 3673 1730 3741 ἀποδεῖξαι.

146 3756 303 3825 Πρὸς
340 3756 396 3809 δὲ
424 3758 515 3811 τὸν
554 3759 761 3831 Πέτρον
816 3761 988 3816 ταῦτα
1045 3764 1411 3830 ἀποτείνεται,
1445 3765 1581 3821 διότι
1640 3769 1736 3822 καὶ

142 3846 489 3916 θρασύτερος
512 3850 620 3904 τῶν
648 3851 823 3907 ἄλλων
855 3849 945 3926 ἦν,
976 3856 1073 3909 καὶ
1112 3859 1261 3923 εἰκὸς
1294 3858 1457 3913 αὑτὸν
1494 3862 1731 3933 μεγαλοις

142 3938 430 4007 φρονῆσαι
457 3941 540 4008 ἐφ’
570 3937 649 4008 οἷς
686 3946 1055 4014 ἐπηγγείλατο
1080 3948 1108 4001 ὀ
1138 3949 1395 4019 Χριστός.
1434 3953 1526 4007 Διὸ
1560 3972 1731 4010 κατα-

142 4029 394 4084 στέλλων
429 4032 615 4098 αὐτὸν,
644 4037 831 4106 φησιν,
868 4037 949 4091 ὅτι
981 4037 1074 4109 Τῷ
1135 4041 1236 4110 μὲν
1294 4043 1513 4117 Σατανᾷ
1566 4046 1735 4120 πολλὴ

141 4124 371 4195 σπουδὴ
400 4127 591 4195 γέγονε
629 4129 751 4181 καθ’
788 4131 941 4201 ὑμῶν
970 4146 983 4160 ·
1020 4131 1130 4201 ἐγὼ
1170 4134 1229 4189 δὲ
1260 4137 1554 4210 ᾐτησάμην
1610 4141 1739 4210 περὶ

137 4212 275 4268 σοῦ.
314 4214 487 4269 Ίόύτο
516 4217 658 4271 κατὰ
682 4219 742 4274 τὸ
769 4221 1108 4292 ἀνθρώπινον
1148 4224 1252 4296 ἔφη
1276 4244 1289 4257 ·
1326 4227 1403 4292 ὡς
1444 4230 1553 4301 γὰρ
1583 4230 1735 4298 Θεὸς,

137 4305 200 4360 τί
246 4308 423 4361 ἐδεῖτο
462 4310 555 4363 τοῦ
581 4312 945 4381 αίτήσασθαι;
991 4335 1007 4368 ι
1063 4318 1323 4390 Ἐδεήθην
1379 4316 1494 4387 οὖν,
1551 4325 1738 4394 φησὶν,

138 4402 243 4453 ἵνα
283 4401 358 4472 μὴ
378 4400 602 4476 ἐκλείπῃ
632 4403 869 4476 ήπίστις
899 4425 1014 4463 σου.
1048 4428 1066 4462 ι
1102 4410 1163 4464 Ei
1222 4412 1331 4485 γὰρ
1359 4415 1453 4468 καὶ
1488 4415 1623 4484 πρὸς
1648 4433 1741 4486 μι-

133 4494 292 4566 κρὸν
326 4495 544 4564 μέλλεις
571 4498 917 4570 σαλευθῆναι,
972 4502 1087 4556 ἀλλ’
1121 4503 1267 4575 ἔχεις
1334 4508 1739 4578 ὲναποκείμενα

1830 614 1986 677 dixit,
2017 630 2120 670 non
2143 616 2296 685 quasi
2347 616 2523 670 edulia
2558 616 2665 672 illic
2693 616 2800 671 sint
2829 613 3019 685 posita,
3052 627 3224 681 neque
3255 614 3408 684 quasi

1831 707 2084 763 sensibile
2139 706 2409 777 quoddam
2470 722 2690 777 regnum
2744 706 2834 763 sit.
2869 707 2986 778 Ipse
3012 707 3157 762 enim
3205 722 3301 776 per
3344 723 3406 761 ea

1831 814 1948 869 qnte
1977 799 2288 857 Saddnca-is
2312 800 2520 857 locutus
2556 810 2661 867 est,
2703 801 2853 858 doce!
2883 788 3025 873 quod
3066 803 3408 858 conversatio

1831 906 1950 961 quae
1985 891 2111 959 illic,
2154 894 2396 963 angelica
2436 895 2527 959 sit,
2561 903 2613 947 et
2639 892 2841 949 Paulus
2872 895 3281 964 docetrregnum
3315 893 3404 947 Dei

1831 998 1936 1037 non
1972 999 2090 1038 esse
2115 985 2290 1039 t-ihuut
2320 996 2373 1039 et
2403 998 2584 1057 putum
2617 987 2681 1044 ¹⁹.
2708 985 2782 1042 Ne
2809 987 2927 1056 quis
2961 987 3119 1065 igitur
3147 998 3292 1043 erret
3316 1004 3408 1040 nu-

1831 1077 1983 1131 diens
2014 1078 2119 1142 hic,
2154 1097 2170 1129 ι
2213 1079 2395 1134 Edatis
2417 1088 2466 1132 et
2490 1079 2683 1133 bibatis
2702 1094 2863 1147 super
2887 1093 3123 1133 mensam
3149 1095 3347 1143 meam,
3384 1097 3402 1130 ι

1831 1171 1922 1223 sed
1954 1171 2148 1239 cogitet
2182 1172 2322 1238 quod
2377 1172 2577 1225 dictum
2625 1174 2693 1226 sit
2744 1186 2810 1226 ex
2854 1173 3165 1240 metaphora
3218 1189 3406 1227 eorum

1830 1260 1919 1330 qni
1979 1276 2007 1313 a
2064 1262 2276 1330 regibus
2331 1261 2682 1315 honorantur.
2733 1259 2866 1314 Nam
2899 1261 2989 1329 qui
3031 1276 3152 1316 cum
3196 1263 3411 1329 regibus

1829 1363 2067 1411 cmnant.
2098 1353 2347 1407 videntur
2371 1353 2571 1421 primos
2605 1353 2837 1406 honores
2868 1351 3072 1407 sortiri.
3103 1348 3217 1404 Hoc
3251 1351 3413 1420 igitur

1829 1454 1885 1501 et
1941 1445 2010 1499 de
2077 1445 2335 1514 apostolis
2377 1443 2526 1507 dit-it,
2572 1443 2714 1513 quod
2762 1445 2903 1513 apud
2936 1459 2992 1498 se
3017 1444 3266 1497 omnibus
3292 1442 3411 1497 aliis

1830 1538 2203 1608 praeferantur.
2245 1538 2312 1591 At
2344 1537 2430 1591 ubi
2463 1534 2686 1592 thronos
2716 1546 2771 1592 et
2793 1537 2955 1592 sedes
3008 1537 3263 1604 audieris,
3298 1552 3425 1592 non.

1832 1636 2053 1690 thronos
2101 1633 2355 1704 intellige,
2414 1636 2508 1688 scd
2561 1633 2784 1704 gloriam
2846 1643 2902 1687 et
2953 1632 3235 1689 honorem.
3296 1631 3412 1689 Non

1828 1731 1971 1783 enim
2019 1740 2282 1782 creaturae
2335 1736 2415 1781 est
2440 1728 2646 1787 sedere.
2703 1725 2795 1779 scd
2851 1738 3055 1781 sanctae
3102 1724 3409 1791 Trinitatis,

1831 1816 2059 1870 t‘ncreati
2099 1825 2153 1870 et
2206 1813 2346 1882 regis
2409 1814 2645 1866 omnium
2682 1812 2771 1867 Dei
2813 1833 2826 1868 :
2883 1826 3146 1870 creaturae
3190 1826 3409 1880 autent,

1831 1920 2088 1975 tanquam
2164 1903 2405 1968 ancillae,
2456 1914 2538 1959 est
2599 1914 2778 1969 stare,
2833 1904 2994 1974 idque
3055 1905 3413 1975 corporaliter

1829 2001 1988 2074 471
2020 1999 2252 2055 dicimus
2279 1998 2469 2052 sedere
2504 2006 2556 2050 et
2580 2006 2747 2051 stare.
2777 1993 3090 2053 Iudicantes
3122 2013 3273 2065 vero,
3304 1999 3411 2054 hu:

1830 2091 2398 2158 est,condemnantes
2421 2101 2514 2143 eos
2574 2085 2665 2155 qui
2703 2100 2769 2141 ex
2824 2086 3104 2143 duodecim
3163 2088 3410 2144 tribubus

1832 2193 1963 2239 sunt
1996 2178 2258 2236 increduli
2283 2177 2605 2234 futuri.Non
2629 2192 2793 2247 parva
2819 2187 3003 2233 autem
3030 2181 3411 2236 condemnatio

1830 2272 2092 2329 lsraelitis
2116 2272 2300 2337 fuerit.
2328 2272 2468 2342 quod
2496 2272 2725 2342 apostoli
2760 2272 2851 2340 qui
2882 2273 3047 2327 etiam
3093 2272 3194 2343 ipsi
3224 2289 3291 2329 ex
3330 2274 3412 2330 ls-

1830 2368 2036 2424 raclitis
2089 2377 2246 2423 erant
2274 2369 2642 2433 crediderunt,
2671 2376 2721 2421 et
2754 2367 2846 2422 alii
2888 2382 2991 2422 non
3035 2368 3408 2424 crediderunt.

1831 2464 2019 2534 itaque
2044 2463 2171 2534 quia
2201 2461 2461 2535 proditori
2491 2477 2569 2517 va:
2619 2462 2991 2531 adiudicatum
3026 2471 3132 2525 est.
3192 2461 3411 2518 illorum

1833 2571 2012 2615 autem
2041 2561 2133 2630 qui
2160 2569 2578 2631 permanserunt
2612 2559 2663 2614 in
2694 2574 2880 2614 amore
2907 2573 3033 2630 erga
3079 2557 3250 2626 illum,
3290 2569 3411 2615 latt-

1838 2659 1946 2705 tum
1977 2649 2230 2720 praedixit
2257 2650 2374 2705 fore
2405 2651 2688 2718 honorem,
2719 2661 2778 2706 ut
2805 2666 2871 2706 ne
2900 2652 3230 2707 extollantur
3256 2652 3410 2722 quasi

1836 2758 2087 2813 magnum
2116 2743 2373 2813 quiddam
2413 2740 2693 2809 fecissent,
2752 2752 2809 2799 et
2864 2744 3293 2813 permansissent
3351 2745 3406 2799 itt

1833 2835 2121 2899 charitate,
2162 2850 2228 2890 ac
2282 2849 2388 2890 non
2454 2835 2824 2907 prodidissent
2867 2851 2883 2889 :
2942 2856 2961 2889 ι
3022 2834 3254 2893 Satanas
3290 2854 3407 2903 vos,

1834 2928 2030 2999 inquit,
2087 2928 2280 2999 petivit
2315 2930 2578 2994 cribrare,
2627 2946 2646 2980 ι
2698 2929 2802 2985 hoc
2858 2940 2961 2993 est,
3021 2930 3262 2994 turbare,
3314 2946 3412 2985 no-

1833 3037 1978 3086 cere,
2024 3030 2273 3087 tentare;
2324 3041 2344 3075 ι
2378 3023 2471 3079 sed
2516 3037 2618 3090 ego
2647 3024 2855 3093 rogavi.
2898 3044 2916 3076 ι
2954 3025 3033 3080 Ne
3083 3026 3404 3082 existimetis

1836 3114 2056 3188 (inquit)
2088 3118 2233 3187 quod
2269 3128 2505 3171 vestrum
2536 3115 2610 3172 sit
2664 3126 2837 3173 totum
2876 3119 2976 3173 hoc
3006 3119 3204 3173 bonum
3250 3136 3407 3190 opus.

1839 3210 2100 3267 Diabolus
2125 3209 2271 3267 enim
2311 3210 2467 3267 valde
2500 3219 2676 3281 urget,
2708 3212 2752 3267 si
2788 3213 2955 3283 possit
2988 3227 3083 3268 vos
3106 3213 3173 3266 ab
3223 3228 3412 3269 amore

1844 3303 1947 3358 mei
1976 3302 2265 3371 depellere,
2299 3312 2353 3359 et
2384 3301 2675 3358 ostendere
2699 3303 3025 3373 proditores.
3070 3305 3150 3358 Ad
3189 3302 3410 3361 Petrum

1836 3405 2015 3448 autem
2050 3394 2214 3449 verba
2249 3393 2361 3450 hiec
2383 3394 2584 3462 dirigit,
2613 3393 2702 3463 qui
2730 3393 2953 3460 reliquis
3000 3395 3412 3460 attdaciorerat,

1833 3495 1886 3539 et
1922 3484 2198 3554 probabile
2228 3492 2311 3539 est
2357 3482 2668 3553 superbisse
2730 3482 2784 3537 in
2841 3482 2906 3537 iis
2952 3498 3072 3550 qua:
3122 3500 3150 3538 a
3191 3483 3414 3540 Christo

1836 3580 2101 3648 promissa
2137 3586 2332 3642 erant;
2367 3576 2568 3631 idcirco
2597 3584 2654 3632 et
2696 3575 2940 3645 reprimit
2982 3592 3129 3643 eum,
3174 3580 3359 3634 dicens
3398 3595 3411 3631 :

1843 3671 2061 3727 Satanae
2090 3672 2307 3740 quidem
2338 3669 2442 3725 fuit
2491 3670 2717 3726 multum
2760 3670 2997 3725 studium
3056 3681 3249 3728 contra
3282 3688 3415 3738 vos;

1836 3783 1936 3839 ego
1973 3779 2151 3823 autem
2180 3767 2331 3824 oravi
2373 3783 2469 3838 pro
2503 3776 2571 3822 te.
2616 3767 2683 3821 Et
2724 3768 2827 3823 hoc
2866 3767 3103 3823 humano
3150 3781 3301 3822 more
3341 3769 3421 3822 di-

1838 3863 1989 3915 cebat
2018 3877 2032 3925 ;
2072 3876 2219 3927 nam,
2253 3871 2315 3915 ut
2367 3861 2531 3926 Deus,
2565 3877 2672 3917 non
2706 3874 2840 3930 opus
2871 3859 3105 3915 habebat
3131 3875 3290 3914 orare
3319 3859 3419 3914 ali-

1838 3963 2072 4024 quem?‘
2108 3954 2311 4023 Rogavi
2351 3956 2534 4024 igitur,
2580 3953 2735 4018 dicit,
2775 3962 2834 4009 ut
2880 3968 2985 4008 non
3014 3954 3228 4009 deﬁciat
3283 3952 3417 4012 ﬁdes

1842 4056 1953 4100 tua.
1994 4065 2013 4097 ι
2047 4046 2307 4113 Quamvis
2340 4046 2485 4101 enim
2539 4045 2691 4100 brevi
2753 4055 2995 4114 tempore
3027 4043 3417 4099 concutiendus

1839 4140 1937 4199 sis.
1969 4139 2136 4195 habes
2167 4150 2345 4195 tamen
2382 4138 2657 4195 recondita
2685 4138 2894 4194 semina
2921 4136 3066 4204 tidei,
3098 4137 3337 4191 utetiam
3370 4136 3418 4191 si

1840 4231 1966 4286 fulizt
1994 4229 2253 4301 abiecerit
2272 4229 2494 4300 spiritus
2515 4228 2846 4294 invadentis,
2864 4227 3014 4283 radix
3042 4236 3221 4282 tamen
3248 4226 3413 4291 vivet,

1840 4336 1896 4380 et
1934 4341 2039 4378 non
2073 4322 2289 4379 deficiet
2319 4322 2453 4378 ﬁdes
2503 4332 2616 4377 tua.
2657 4320 2737 4376 Tu
2777 4335 2906 4376 vero
2961 4334 3255 4376 conversus
3282 4335 3417 4375 eon-

1842 4419 1994 4473 tirma
2030 4418 2228 4473 fratres
2267 4425 2409 4475 tuos.
2449 4415 2648 4474 Planus
2679 4414 2837 4485 hujus
2869 4414 3176 4470 intellectus
3202 4412 3248 4469 is
3282 4422 3365 4469 est
3393 4430 3413 4473 :

1842 4511 1977 4579 Quia
2013 4521 2063 4567 te
2089 4510 2260 4567 habeo
2290 4519 2347 4564 ut
2367 4509 2667 4581 principem
2693 4507 3103 4579 discipulorum,
3134 4514 3418 4575 postquam

130 4588 219 4643 τὰ
263 4588 561 4660 σπέρματα
596 4594 693 4662 τῆς
717 4594 969 4658 πίστεως.
1008 4595 1127 4650 Κᾶν
1150 4596 1220 4650 τὰ
1254 4597 1429 4666 φύλλα
1459 4601 1649 4672 ἔρριψε
1679 4603 1728 4657 τὶ

1848 4614 2043 4675 negato
2097 4618 2184 4658 me
2252 4602 2465 4658 ﬂeveris
2512 4610 2569 4657 et
2622 4600 2688 4654 ad
2746 4598 3121 4671 paenitentiam
3180 4598 3419 4661 veneris,

133 4680 386 4752 πνεῦμα
416 4683 508 4737 τοῦ
544 4685 963 4755 ὲπηρεάζοντος,
996 4687 1112 4741 ἀλλ’
1140 4690 1173 4759 ἡ
1213 4689 1338 4760 ῥίζα
1386 4692 1475 4762 ζῇ,
1504 4694 1598 4745 καὶ
1639 4694 1728 4747 οὐκ

1850 4697 2111 4754 conﬁrma
2146 4704 2393 4752 caeteros.
2427 4692 2541 4748 Hoc
2587 4692 2734 4748 enim
2770 4700 2825 4747 te
2855 4691 3031 4753 decet,
3063 4688 3154 4759 qui
3186 4698 3306 4759 post
3335 4705 3423 4744 me

134 4775 407 4844 ἐκλείψει
452 4777 485 4849 ἠ
522 4777 702 4841 πίστις
741 4795 855 4833 σου.
888 4780 960 4834 Σὺ
996 4780 1051 4833 δὲ
1095 4782 1452 4853 ἐπιστρέψας,
1488 4786 1739 4856 στήριξον

136 4870 290 4932 τοὺς
320 4869 586 4934 ἀδελφούς
621 4887 737 4923 σου.
767 4870 841 4926 Τὸ
873 4872 971 4941 μὲν
1005 4874 1296 4945 πρόχειρον
1332 4877 1541 4945 νοῆσαι,
1593 4879 1738 4931 τοῦτ’

135 4959 336 5020 ἔστιν,
367 4960 449 5013 ὄτι
486 4961 705 5033 Ἐπειδή
752 4979 810 5015 σε
865 4963 974 5016 τῶν
1009 4964 1269 5036 μαθητῶν
1322 4968 1552 5039 ἔξαρχον
1607 4969 1739 5040 ἔχω,

143 5052 355 5128 μεθ’,ὂ
379 5054 759 5125 ἀρνησάμενός
783 5072 875 5126 με,
912 5057 1192 5122 κλαύσεις,
1219 5060 1311 5112 καὶ
1341 5061 1421 5123 εἰς
1449 5061 1740 5127 μετάνοιαν

136 5146 355 5225 ἔλθῃς,
391 5145 641 5219 στήριξον
692 5150 818 5212 τοὺς
850 5148 1095 5212 λοιπούς.
1134 5151 1307 5205 Τοῦτο
1338 5152 1446 5224 γὰρ
1475 5155 1742 5225 προσήκει

135 5223 378 5301 σοι’ὠς
420 5239 538 5311 μετ’
595 5240 697 5312 ἐμὲ
753 5242 869 5296 ὄντι
902 5245 1001 5312 τῆς
1051 5244 1378 5314 Ἐκκλησὶας
1414 5246 1593 5319 πέτρα
1640 5223 1742 5302 *καὶ

129 5334 531 5406 στηρίγματι.
555 5335 786 5405 Νοὴσειε
817 5338 862 5391 δ’
893 5338 959 5392 ἄν
1007 5356 1091 5401 τις
1122 5338 1281 5393 τοῦτο
1301 5340 1363 5395 οὐ
1413 5342 1573 5412 μόνον
1614 5341 1745 5408 περὶ

126 5430 278 5484 τῶν
316 5429 443 5483 τότε
467 5429 783 5485 ἀποστόλων
817 5432 1090 5501 εἰρῆσθαι.
1134 5434 1210 5498 ὡς
1245 5433 1312 5489 ἂν
1335 5432 1746 5505 ὑποστηριχθῶ-

125 5541 245 5580 σιν
294 5524 408 5577 ὑπὸ
432 5526 526 5578 τοῦ
558 5526 784 5597 Πέτρου,
814 5528 951 5582 ἀλλὰ
978 5526 1072 5582 καὶ
1090 5528 1220 5599 περὶ
1248 5530 1468 5583 πάντων
1484 5528 1594 5581 τῶν
1615 5527 1745 5599 ἄχρι

116 5618 261 5687 τῆς
289 5617 608 5681 συντελείας
631 5618 724 5674 τοῦ
757 5620 954 5685 αἰῶνος
985 5621 1212 5676 πιστῶν.
1233 5622 1305 5676 Σὺ
1333 5622 1463 5692 γὰρ,
1492 5614 1743 5691 ὧΠέτρε,

114 5715 245 5767 ἔπι
258 5711 534 5782 στρέψας,
578 5714 742 5767 καλὸν
770 5714 1076 5785 ὑπόδειγμα
1101 5716 1307 5785 γενήσῃ
1343 5716 1508 5769 πᾶσιν
1539 5714 1618 5777 ei;
1646 5729 1746 5783 με·

224 5895 283 5929 ι’
314 5894 480 5951 Rom.
527 5911 635 5961 nr,
674 5894 753 5948 l7.

1851 4791 2104 4846 Ecclesiae
2130 4799 2281 4859 petra
2317 4802 2377 4844 es
2400 4796 2453 4843 et
2493 4788 2912 4840 ﬁrmamentum.
2950 4781 3281 4838 Intellexerit
3329 4795 3428 4839 an.

1853 4894 1958 4938 tem
1996 4882 2120 4952 quis
2145 4896 2250 4937 non
2276 4880 2450 4936 solum
2477 4879 2543 4932 de
2566 4877 2826 4947 apostolis
2854 4876 3059 4931 dictum
3100 4876 3243 4944 quod
3295 4890 3429 4930 con-

1850 4974 2050 5030 ﬁrmati
2083 4972 2284 5029 fuerint
2317 4986 2347 5024 a
2380 4970 2560 5034 Petro,
2594 4970 2689 5025 sed
2724 4970 2793 5024 de
2833 4968 3087 5023 omnibus
3119 4968 3210 5036 qui
3260 4982 3428 5036 usque

1856 5070 1922 5125 ad
1952 5066 2483 5124 consummationem
2513 5061 2698 5119 saeculi
2726 5061 2893 5118 futuri
2927 5074 3059 5117 sunt
3105 5061 3313 5117 ﬁdeles.
3346 5058 3427 5116 τιι

1853 5163 2019 5227 enim,
2053 5159 2229 5227 Petre,
2267 5170 2584 5222 conversus,
2640 5156 2836 5209 bonum
2890 5152 3194 5223 exemplum
3249 5154 3427 5222 poeni-

1854 5250 2033 5305 tentize
2082 5249 2193 5305 eris
2222 5248 2493 5313 omnibus,
2548 5253 2610 5301 ut
2657 5243 2841 5300 nullus
2870 5243 3209 5298 credentium
3263 5241 3316 5296 in
3376 5251 3429 5299 te

1855 5342 2150 5411 respiciens
2178 5340 2473 5409 desperet:
2506 5338 2600 5408 qui
2654 5352 2777 5392 cum
2833 5336 3110 5407 apostolus
3154 5334 3321 5391 lueris
3371 5343 3430 5389 et

1857 5432 2161 5504 negaveris,
2189 5432 2382 5487 iterum
2436 5442 2614 5488 tamen
2648 5430 2917 5500 receperis
2959 5428 3255 5499 primatum
3307 5440 3432 5481 om-

1858 5524 2029 5589 nium,
2062 5531 2118 5577 et
2145 5522 2526 5590 praefecturam
2558 5520 2708 5573 orbis
2739 5533 2834 5588 per
2880 5516 3278 5588 paenitentiam.
3320 5513 3430 5567 Ex-

1857 5614 2049 5686 petivit
2091 5613 2276 5682 itaque
2321 5608 2554 5665 Satanas
2581 5607 2826 5664 cribrare
2868 5615 2921 5664 te
2975 5615 3032 5665 et
3063 5604 3255 5663 laedere
3286 5603 3435 5687 sicut

1858 5707 2097 5765 triticum
2162 5718 2354 5776 purum
2386 5699 2677 5773 injicienda
2706 5700 3067 5768 sordidantis,
3109 5705 3294 5768 utpote
3344 5693 3428 5749 in-
