  <div class='ocr_page' id='page_1' title='image "/cluster/home/n/w/nwhite01/storage/ocr_20150623/123/hvd.32044019208198/547.png"; bbox 0 0 3932 6456; ppageno 0'>
   <div class='ocr_carea' id='block_1_1' title="bbox 422 347 561 423">
    <p class='ocr_par' dir='ltr' id='par_1_1' title="bbox 422 347 561 423">
     <span class='ocr_line' id='line_1_1' title="bbox 422 347 561 423; baseline 0.007 -1"><span class='ocrx_word' id='word_1_1' title='bbox 422 347 561 423; x_wconf 72' lang='grc'><strong>1675</strong></span> 
     </span>
    </p>
   </div>
   <div class='ocr_carea' id='block_1_2' title="bbox 1335 347 2771 420">
    <p class='ocr_par' dir='ltr' id='par_1_2' title="bbox 1335 347 2771 420">
     <span class='ocr_line' id='line_1_2' title="bbox 1335 347 2771 420; baseline -0.001 -3"><span class='ocrx_word' id='word_1_2' title='bbox 1335 356 1918 418; x_wconf 73' lang='lat' dir='ltr'><strong>THEOPHYLACTI</strong></span> <span class='ocrx_word' id='word_1_3' title='bbox 1956 358 2368 420; x_wconf 66' lang='lat' dir='ltr'><strong>BULGARLE</strong></span> <span class='ocrx_word' id='word_1_4' title='bbox 2411 347 2771 417; x_wconf 73' lang='lat' dir='ltr'><strong>AllCillEP.</strong></span> 
     </span>
    </p>
   </div>
   <div class='ocr_carea' id='block_1_3' title="bbox 3522 350 3683 414">
    <p class='ocr_par' dir='ltr' id='par_1_3' title="bbox 3522 350 3683 414">
     <span class='ocr_line' id='line_1_3' title="bbox 3522 350 3683 414; baseline 0.006 -1"><span class='ocrx_word' id='word_1_5' title='bbox 3522 350 3683 414; x_wconf 65' lang='grc' dir='ltr'>ιοτθι</span> 
     </span>
    </p>
   </div>
   <div class='ocr_carea' id='block_1_4' title="bbox 416 464 1994 535">
    <p class='ocr_par' dir='ltr' id='par_1_4' title="bbox 416 464 1993 532">
     <span class='ocr_line' id='line_1_4' title="bbox 416 464 1993 532; baseline -0.001 -7"><span class='ocrx_word' id='word_1_6' title='bbox 416 471 611 528; x_wconf 82' lang='lat' dir='ltr'><strong>videns</strong></span> <span class='ocrx_word' id='word_1_7' title='bbox 660 469 825 525; x_wconf 87' lang='lat' dir='ltr'><strong>amori</strong></span> <span class='ocrx_word' id='word_1_8' title='bbox 855 478 947 523; x_wconf 82' lang='lat' dir='ltr'><strong>tuo</strong></span> <span class='ocrx_word' id='word_1_9' title='bbox 995 466 1049 522; x_wconf 81' lang='lat' dir='ltr'><strong>in</strong></span> <span class='ocrx_word' id='word_1_10' title='bbox 1077 482 1183 532; x_wconf 85' lang='lat' dir='ltr'><strong>me,</strong></span> <span class='ocrx_word' id='word_1_11' title='bbox 1210 466 1349 521; x_wconf 88' lang='lat' dir='ltr'><strong>sicut</strong></span> <span class='ocrx_word' id='word_1_12' title='bbox 1396 468 1444 520; x_wconf 86' lang='lat' dir='ltr'><strong>ei</strong></span> <span class='ocrx_word' id='word_1_13' title='bbox 1473 481 1587 522; x_wconf 86' lang='lat' dir='ltr'><strong>mos</strong></span> <span class='ocrx_word' id='word_1_14' title='bbox 1615 475 1718 521; x_wconf 88' lang='lat' dir='ltr'><strong>est.</strong></span> <span class='ocrx_word' id='word_1_15' title='bbox 1751 464 1885 523; x_wconf 80' lang='lat' dir='ltr'><strong>Nam</strong></span> <span class='ocrx_word' id='word_1_16' title='bbox 1916 467 1993 523; x_wconf 86' lang='lat' dir='ltr'><strong>sic</strong></span> 
     </span>
    </p>
   </div>
   <div class='ocr_carea' id='block_1_5' title="bbox 2103 464 3695 535">
    <p class='ocr_par' dir='ltr' id='par_1_5' title="bbox 2103 465 3695 535">
     <span class='ocr_line' id='line_1_5' title="bbox 2103 465 3695 535; baseline -0.002 -13"><span class='ocrx_word' id='word_1_17' title='bbox 2103 471 2342 535; x_wconf 75' lang='grc' dir='ltr'>τάνοιαν,</span> <span class='ocrx_word' id='word_1_18' title='bbox 2374 469 2471 523; x_wconf 77' lang='grc' dir='ltr'>καὶ</span> <span class='ocrx_word' id='word_1_19' title='bbox 2507 468 2682 531; x_wconf 67' lang='grc' dir='ltr'>οὐδεὶς</span> <span class='ocrx_word' id='word_1_20' title='bbox 2716 466 2826 521; x_wconf 84' lang='grc' dir='ltr'>τῶν</span> <span class='ocrx_word' id='word_1_21' title='bbox 2850 465 3214 520; x_wconf 75' lang='grc' dir='ltr'><strong>πιστευόντων</strong></span> <span class='ocrx_word' id='word_1_22' title='bbox 3262 467 3345 525; x_wconf 71' lang='grc' dir='ltr'>εἰς</span> <span class='ocrx_word' id='word_1_23' title='bbox 3392 465 3492 533; x_wconf 74' lang='grc' dir='ltr'>ἐμὲ</span> <span class='ocrx_word' id='word_1_24' title='bbox 3530 467 3655 519; x_wconf 74' lang='grc' dir='ltr'>ἀποο</span> <span class='ocrx_word' id='word_1_25' title='bbox 3690 516 3695 519; x_wconf 79' lang='lat'><strong>.</strong></span> 
     </span>
    </p>
   </div>
   <div class='ocr_carea' id='block_1_6' title="bbox 420 558 1989 630">
    <p class='ocr_par' dir='ltr' id='par_1_6' title="bbox 420 558 1989 630">
     <span class='ocr_line' id='line_1_6' title="bbox 420 558 1989 630; baseline -0.004 -10"><span class='ocrx_word' id='word_1_26' title='bbox 420 567 583 620; x_wconf 85' lang='lat' dir='ltr'><strong>etiam</strong></span> <span class='ocrx_word' id='word_1_27' title='bbox 609 562 710 618; x_wconf 78' lang='lat' dir='ltr'><strong>Job</strong></span> <span class='ocrx_word' id='word_1_28' title='bbox 739 561 956 617; x_wconf 80' lang='lat' dir='ltr'><strong>invasit.</strong></span> <span class='ocrx_word' id='word_1_29' title='bbox 1009 559 1204 615; x_wconf 83' lang='lat' dir='ltr'><strong>Verum</strong></span> <span class='ocrx_word' id='word_1_30' title='bbox 1236 573 1338 630; x_wconf 65' lang='lat' dir='ltr'><strong>ego</strong></span> <span class='ocrx_word' id='word_1_31' title='bbox 1367 572 1469 614; x_wconf 93' lang='lat' dir='ltr'><strong>non</strong></span> <span class='ocrx_word' id='word_1_32' title='bbox 1504 559 1722 614; x_wconf 86' lang='lat' dir='ltr'><strong>omnino</strong></span> <span class='ocrx_word' id='word_1_33' title='bbox 1751 568 1802 614; x_wconf 74' lang='lat' dir='ltr'><strong>te</strong></span> <span class='ocrx_word' id='word_1_34' title='bbox 1832 558 1989 614; x_wconf 80' lang='lat' dir='ltr'><strong>derc-</strong></span> 
     </span>
    </p>
   </div>
   <div class='ocr_carea' id='block_1_7' title="bbox 418 646 1985 727">
    <p class='ocr_par' dir='ltr' id='par_1_7' title="bbox 418 646 1985 727">
     <span class='ocr_line' id='line_1_7' title="bbox 418 646 1985 727; baseline -0.004 -15"><span class='ocrx_word' id='word_1_35' title='bbox 418 658 680 727; x_wconf 83' lang='lat' dir='ltr'><strong>linquant,</strong></span> <span class='ocrx_word' id='word_1_36' title='bbox 707 666 767 710; x_wconf 87' lang='lat' dir='ltr'><strong>ut</strong></span> <span class='ocrx_word' id='word_1_37' title='bbox 790 654 1005 709; x_wconf 88' lang='lat' dir='ltr'><strong>deficiat</strong></span> <span class='ocrx_word' id='word_1_38' title='bbox 1036 653 1089 708; x_wconf 91' lang='lat' dir='ltr'><strong>in</strong></span> <span class='ocrx_word' id='word_1_39' title='bbox 1118 646 1430 707; x_wconf 89' lang='lat' dir='ltr'><strong>universum</strong></span> <span class='ocrx_word' id='word_1_40' title='bbox 1473 652 1605 707; x_wconf 79' lang='lat' dir='ltr'><strong>fides</strong></span> <span class='ocrx_word' id='word_1_41' title='bbox 1635 663 1741 706; x_wconf 88' lang='lat' dir='ltr'><strong>tua.</strong></span> <span class='ocrx_word' id='word_1_42' title='bbox 1785 650 1985 719; x_wconf 84' lang='lat' dir='ltr'><strong>Quam-</strong></span> 
     </span>
    </p>
   </div>
   <div class='ocr_carea' id='block_1_8' title="bbox 416 746 1991 818">
    <p class='ocr_par' dir='ltr' id='par_1_8' title="bbox 416 746 1991 818">
     <span class='ocr_line' id='line_1_8' title="bbox 416 746 1991 818; baseline 0 -20"><span class='ocrx_word' id='word_1_43' title='bbox 416 750 503 804; x_wconf 77' lang='lat' dir='ltr'><strong>vis</strong></span> <span class='ocrx_word' id='word_1_44' title='bbox 533 758 711 802; x_wconf 88' lang='lat' dir='ltr'><strong>autem</strong></span> <span class='ocrx_word' id='word_1_45' title='bbox 738 762 838 818; x_wconf 84' lang='lat' dir='ltr'><strong>ego</strong></span> <span class='ocrx_word' id='word_1_46' title='bbox 873 746 1177 816; x_wconf 76' lang='lat' dir='ltr'><strong>rogaverim</strong></span> <span class='ocrx_word' id='word_1_47' title='bbox 1209 759 1305 812; x_wconf 91' lang='lat' dir='ltr'><strong>pro</strong></span> <span class='ocrx_word' id='word_1_48' title='bbox 1340 757 1410 809; x_wconf 88' lang='lat' dir='ltr'><strong>te,</strong></span> <span class='ocrx_word' id='word_1_49' title='bbox 1437 753 1677 799; x_wconf 75' lang='lat' dir='ltr'><strong>attamen</strong></span> <span class='ocrx_word' id='word_1_50' title='bbox 1714 752 1767 797; x_wconf 92' lang='lat' dir='ltr'><strong>tu</strong></span> <span class='ocrx_word' id='word_1_51' title='bbox 1800 759 1866 798; x_wconf 91' lang='lat' dir='ltr'><strong>ne</strong></span> <span class='ocrx_word' id='word_1_52' title='bbox 1906 758 1991 798; x_wconf 86' lang='lat' dir='ltr'><strong>re-</strong></span> 
     </span>
    </p>
   </div>
   <div class='ocr_carea' id='block_1_9' title="bbox 417 836 1986 905">
    <p class='ocr_par' dir='ltr' id='par_1_9' title="bbox 417 836 1986 905">
     <span class='ocr_line' id='line_1_9' title="bbox 417 836 1986 905; baseline -0.002 -11"><span class='ocrx_word' id='word_1_53' title='bbox 417 839 640 901; x_wconf 85' lang='lat' dir='ltr'><strong>cideris,</strong></span> <span class='ocrx_word' id='word_1_54' title='bbox 673 837 769 893; x_wconf 86' lang='lat' dir='ltr'><strong>sed</strong></span> <span class='ocrx_word' id='word_1_55' title='bbox 792 852 1112 898; x_wconf 86' lang='lat' dir='ltr'><strong>conversus,</strong></span> <span class='ocrx_word' id='word_1_56' title='bbox 1135 837 1238 891; x_wconf 91' lang='lat' dir='ltr'><strong>hoc</strong></span> <span class='ocrx_word' id='word_1_57' title='bbox 1269 845 1373 902; x_wconf 88' lang='lat' dir='ltr'><strong>est,</strong></span> <span class='ocrx_word' id='word_1_58' title='bbox 1404 836 1773 905; x_wconf 61' lang='lat' dir='ltr'><strong>paenitentiam</strong></span> <span class='ocrx_word' id='word_1_59' title='bbox 1801 851 1986 905; x_wconf 80' lang='lat' dir='ltr'><strong>agens,</strong></span> 
     </span>
    </p>
   </div>
   <div class='ocr_carea' id='block_1_10' title="bbox 416 925 1986 999">
    <p class='ocr_par' dir='ltr' id='par_1_10' title="bbox 416 925 1986 999">
     <span class='ocr_line' id='line_1_10' title="bbox 416 925 1986 999; baseline -0.003 -16"><span class='ocrx_word' id='word_1_60' title='bbox 416 932 472 985; x_wconf 88' lang='lat' dir='ltr'><strong>et</strong></span> <span class='ocrx_word' id='word_1_61' title='bbox 505 929 775 999; x_wconf 82' lang='lat' dir='ltr'><strong>lacrymas</strong></span> <span class='ocrx_word' id='word_1_62' title='bbox 812 925 1164 998; x_wconf 89' lang='lat' dir='ltr'><strong>profundens.</strong></span> <span class='ocrx_word' id='word_1_63' title='bbox 1213 936 1268 982; x_wconf 92' lang='lat' dir='ltr'><strong>et</strong></span> <span class='ocrx_word' id='word_1_64' title='bbox 1317 940 1347 979; x_wconf 87' lang='lat' dir='ltr'><strong>a</strong></span> <span class='ocrx_word' id='word_1_65' title='bbox 1381 926 1664 992; x_wconf 80' lang='lat' dir='ltr'><strong>negatione</strong></span> <span class='ocrx_word' id='word_1_66' title='bbox 1721 926 1986 989; x_wconf 82' lang='lat' dir='ltr'><strong>resiliens,</strong></span> 
     </span>
    </p>
   </div>
   <div class='ocr_carea' id='block_1_11' title="bbox 414 1018 1985 1090">
    <p class='ocr_par' dir='ltr' id='par_1_11' title="bbox 414 1018 1985 1090">
     <span class='ocr_line' id='line_1_11' title="bbox 414 1018 1985 1090; baseline -0.002 -14"><span class='ocrx_word' id='word_1_67' title='bbox 414 1032 533 1078; x_wconf 90' lang='lat' dir='ltr'><strong>esto</strong></span> <span class='ocrx_word' id='word_1_68' title='bbox 557 1023 718 1078; x_wconf 90' lang='lat' dir='ltr'><strong>etiam</strong></span> <span class='ocrx_word' id='word_1_69' title='bbox 739 1021 859 1076; x_wconf 83' lang='lat' dir='ltr'><strong>aliis</strong></span> <span class='ocrx_word' id='word_1_70' title='bbox 888 1020 1218 1090; x_wconf 63' lang='lat' dir='ltr'><strong>poenitentia</strong></span> <span class='ocrx_word' id='word_1_71' title='bbox 1249 1018 1547 1089; x_wconf 80' lang='lat' dir='ltr'><strong>exemplar,</strong></span> <span class='ocrx_word' id='word_1_72' title='bbox 1580 1033 1646 1075; x_wconf 90' lang='lat' dir='ltr'><strong>ue</strong></span> <span class='ocrx_word' id='word_1_73' title='bbox 1676 1020 1985 1090; x_wconf 89' lang='lat' dir='ltr'><strong>desperent.</strong></span> 
     </span>
    </p>
   </div>
   <div class='ocr_carea' id='block_1_12' title="bbox 417 1106 1986 1183">
    <p class='ocr_par' dir='ltr' id='par_1_12' title="bbox 417 1106 1986 1183">
     <span class='ocr_line' id='line_1_12' title="bbox 417 1106 1986 1183; baseline -0.001 -18"><span class='ocrx_word' id='word_1_74' title='bbox 417 1106 554 1180; x_wconf 83' lang='lat' dir='ltr'><strong>Quid</strong></span> <span class='ocrx_word' id='word_1_75' title='bbox 578 1115 741 1183; x_wconf 77' lang='lat' dir='ltr'><strong>igitur</strong></span> <span class='ocrx_word' id='word_1_76' title='bbox 773 1110 1001 1167; x_wconf 72' lang='lat' dir='ltr'><strong>Petrus“!</strong></span> <span class='ocrx_word' id='word_1_77' title='bbox 1023 1111 1184 1167; x_wconf 81' lang='lat' dir='ltr'><strong>Multa</strong></span> <span class='ocrx_word' id='word_1_78' title='bbox 1215 1111 1456 1166; x_wconf 88' lang='lat' dir='ltr'><strong>eharitas</strong></span> <span class='ocrx_word' id='word_1_79' title='bbox 1514 1112 1819 1166; x_wconf 89' lang='lat' dir='ltr'><strong>animosum</strong></span> <span class='ocrx_word' id='word_1_80' title='bbox 1864 1128 1986 1164; x_wconf 86' lang='lat' dir='ltr'><strong>eum</strong></span> 
     </span>
    </p>
   </div>
   <div class='ocr_carea' id='block_1_13' title="bbox 416 1202 1987 1273">
    <p class='ocr_par' dir='ltr' id='par_1_13' title="bbox 416 1202 1987 1273">
     <span class='ocr_line' id='line_1_13' title="bbox 416 1202 1987 1273; baseline -0.001 -15"><span class='ocrx_word' id='word_1_81' title='bbox 416 1207 673 1271; x_wconf 78' lang='lat' dir='ltr'><strong>reddidit,</strong></span> <span class='ocrx_word' id='word_1_82' title='bbox 707 1214 765 1260; x_wconf 89' lang='lat' dir='ltr'><strong>ut</strong></span> <span class='ocrx_word' id='word_1_83' title='bbox 804 1206 1126 1272; x_wconf 88' lang='lat' dir='ltr'><strong>polliceatur</strong></span> <span class='ocrx_word' id='word_1_84' title='bbox 1163 1220 1283 1273; x_wconf 62' lang='lat' dir='ltr'><strong>qua:</strong></span> <span class='ocrx_word' id='word_1_85' title='bbox 1312 1203 1416 1259; x_wconf 84' lang='lat' dir='ltr'><strong>sibi</strong></span> <span class='ocrx_word' id='word_1_86' title='bbox 1451 1213 1576 1258; x_wconf 88' lang='lat' dir='ltr'><strong>tunc</strong></span> <span class='ocrx_word' id='word_1_87' title='bbox 1600 1202 1987 1273; x_wconf 85' lang='lat' dir='ltr'><strong>impossibilia;</strong></span> 
     </span>
    </p>
   </div>
   <div class='ocr_carea' id='block_1_14' title="bbox 416 1286 1985 1366">
    <p class='ocr_par' dir='ltr' id='par_1_14' title="bbox 416 1286 1985 1366">
     <span class='ocr_line' id='line_1_14' title="bbox 416 1286 1985 1366; baseline -0.003 -13"><span class='ocrx_word' id='word_1_88' title='bbox 416 1289 680 1353; x_wconf 76' lang='lat' dir='ltr'><strong>Dominus</strong></span> <span class='ocrx_word' id='word_1_89' title='bbox 731 1307 909 1353; x_wconf 89' lang='lat' dir='ltr'><strong>autem</strong></span> <span class='ocrx_word' id='word_1_90' title='bbox 983 1286 1071 1352; x_wconf 87' lang='lat' dir='ltr'><strong>ubi</strong></span> <span class='ocrx_word' id='word_1_91' title='bbox 1149 1296 1284 1350; x_wconf 82' lang='lat' dir='ltr'><strong>vidit</strong></span> <span class='ocrx_word' id='word_1_92' title='bbox 1337 1310 1458 1349; x_wconf 89' lang='lat' dir='ltr'><strong>enm</strong></span> <span class='ocrx_word' id='word_1_93' title='bbox 1512 1297 1804 1350; x_wconf 81' lang='lat' dir='ltr'><strong>temeraria</strong></span> <span class='ocrx_word' id='word_1_94' title='bbox 1841 1296 1985 1366; x_wconf 88' lang='lat' dir='ltr'><strong>loqui</strong></span> 
     </span>
    </p>
   </div>
   <div class='ocr_carea' id='block_1_15' title="bbox 418 1387 1987 1460">
    <p class='ocr_par' dir='ltr' id='par_1_15' title="bbox 418 1387 1987 1460">
     <span class='ocr_line' id='line_1_15' title="bbox 418 1387 1987 1460; baseline -0.001 -17"><span class='ocrx_word' id='word_1_95' title='bbox 418 1390 729 1460; x_wconf 82' lang='lat' dir='ltr'><strong>(oportebat</strong></span> <span class='ocrx_word' id='word_1_96' title='bbox 756 1390 898 1445; x_wconf 85' lang='lat' dir='ltr'><strong>enim</strong></span> <span class='ocrx_word' id='word_1_97' title='bbox 925 1389 1090 1443; x_wconf 84' lang='lat' dir='ltr'><strong>semel</strong></span> <span class='ocrx_word' id='word_1_98' title='bbox 1138 1389 1318 1443; x_wconf 89' lang='lat' dir='ltr'><strong>audita</strong></span> <span class='ocrx_word' id='word_1_99' title='bbox 1349 1387 1609 1453; x_wconf 81' lang='lat' dir='ltr'><strong>veritate,</strong></span> <span class='ocrx_word' id='word_1_100' title='bbox 1657 1402 1776 1457; x_wconf 62' lang='lat' dir='ltr'><strong>quae</strong></span> <span class='ocrx_word' id='word_1_101' title='bbox 1807 1390 1858 1442; x_wconf 91' lang='lat' dir='ltr'><strong>ei</strong></span> <span class='ocrx_word' id='word_1_102' title='bbox 1912 1389 1987 1441; x_wconf 82' lang='lat' dir='ltr'><strong>di-</strong></span> 
     </span>
    </p>
   </div>
   <div class='ocr_carea' id='block_1_16' title="bbox 418 1480 1988 1553">
    <p class='ocr_par' dir='ltr' id='par_1_16' title="bbox 418 1480 1988 1553">
     <span class='ocr_line' id='line_1_16' title="bbox 418 1480 1988 1553; baseline -0.003 -18"><span class='ocrx_word' id='word_1_103' title='bbox 418 1484 575 1537; x_wconf 85' lang='lat' dir='ltr'><strong>cebat</strong></span> <span class='ocrx_word' id='word_1_104' title='bbox 605 1484 748 1553; x_wconf 83' lang='lat' dir='ltr'><strong>quod</strong></span> <span class='ocrx_word' id='word_1_105' title='bbox 769 1485 1057 1538; x_wconf 83' lang='lat' dir='ltr'><strong>lentandus</strong></span> <span class='ocrx_word' id='word_1_106' title='bbox 1074 1492 1239 1546; x_wconf 84' lang='lat' dir='ltr'><strong>esset,</strong></span> <span class='ocrx_word' id='word_1_107' title='bbox 1261 1498 1363 1535; x_wconf 81' lang='lat' dir='ltr'><strong>nou</strong></span> <span class='ocrx_word' id='word_1_108' title='bbox 1388 1480 1664 1550; x_wconf 72' lang='lat' dir='ltr'><strong>reluctari)</strong></span> <span class='ocrx_word' id='word_1_109' title='bbox 1684 1480 1988 1535; x_wconf 80' lang='lat' dir='ltr'><strong>manifestat</strong></span> 
     </span>
    </p>
   </div>
   <div class='ocr_carea' id='block_1_17' title="bbox 415 1573 1984 1646">
    <p class='ocr_par' dir='ltr' id='par_1_17' title="bbox 415 1573 1984 1646">
     <span class='ocr_line' id='line_1_17' title="bbox 415 1573 1984 1646; baseline -0.003 -17"><span class='ocrx_word' id='word_1_110' title='bbox 415 1575 464 1629; x_wconf 87' lang='lat' dir='ltr'><strong>ei</strong></span> <span class='ocrx_word' id='word_1_111' title='bbox 502 1574 815 1630; x_wconf 81' lang='lat' dir='ltr'><strong>tentatienis</strong></span> <span class='ocrx_word' id='word_1_112' title='bbox 849 1575 1110 1641; x_wconf 87' lang='lat' dir='ltr'><strong>speciem,</strong></span> <span class='ocrx_word' id='word_1_113' title='bbox 1163 1589 1361 1644; x_wconf 86' lang='lat' dir='ltr'><strong>nempe</strong></span> <span class='ocrx_word' id='word_1_114' title='bbox 1392 1573 1558 1646; x_wconf 66' lang='grc'><strong>472</strong></span> <span class='ocrx_word' id='word_1_115' title='bbox 1618 1573 1984 1643; x_wconf 74' lang='lat' dir='ltr'><strong>negationem.</strong></span> 
     </span>
    </p>
   </div>
   <div class='ocr_carea' id='block_1_18' title="bbox 415 1652 1986 1735">
    <p class='ocr_par' dir='ltr' id='par_1_18' title="bbox 415 1652 1986 1735">
     <span class='ocr_line' id='line_1_18' title="bbox 415 1652 1986 1735; baseline 0 -16"><span class='ocrx_word' id='word_1_116' title='bbox 415 1652 531 1721; x_wconf 74' lang='lat' dir='ltr'><strong>Hoc</strong></span> <span class='ocrx_word' id='word_1_117' title='bbox 560 1675 738 1719; x_wconf 91' lang='lat' dir='ltr'><strong>autem</strong></span> <span class='ocrx_word' id='word_1_118' title='bbox 761 1666 878 1721; x_wconf 85' lang='lat' dir='ltr'><strong>loco</strong></span> <span class='ocrx_word' id='word_1_119' title='bbox 901 1665 1162 1721; x_wconf 87' lang='lat' dir='ltr'><strong>discimus</strong></span> <span class='ocrx_word' id='word_1_120' title='bbox 1197 1680 1446 1735; x_wconf 86' lang='lat' dir='ltr'><strong>magnam</strong></span> <span class='ocrx_word' id='word_1_121' title='bbox 1484 1665 1814 1725; x_wconf 85' lang='lat' dir='ltr'><strong>doctrinam,</strong></span> <span class='ocrx_word' id='word_1_122' title='bbox 1842 1665 1986 1735; x_wconf 88' lang='lat' dir='ltr'><strong>quod</strong></span> 
     </span>
    </p>
   </div>
   <div class='ocr_carea' id='block_1_19' title="bbox 415 1754 1989 1825">
    <p class='ocr_par' dir='ltr' id='par_1_19' title="bbox 415 1754 1989 1825">
     <span class='ocr_line' id='line_1_19' title="bbox 415 1754 1989 1825; baseline 0 -16"><span class='ocrx_word' id='word_1_123' title='bbox 415 1772 524 1812; x_wconf 87' lang='lat' dir='ltr'><strong>non</strong></span> <span class='ocrx_word' id='word_1_124' title='bbox 558 1754 788 1812; x_wconf 73' lang='lat' dir='ltr'><strong>suﬂiciat</strong></span> <span class='ocrx_word' id='word_1_125' title='bbox 841 1757 1171 1825; x_wconf 90' lang='lat' dir='ltr'><strong>propositum</strong></span> <span class='ocrx_word' id='word_1_126' title='bbox 1202 1755 1439 1810; x_wconf 83' lang='lat' dir='ltr'><strong>hominis</strong></span> <span class='ocrx_word' id='word_1_127' title='bbox 1494 1757 1698 1824; x_wconf 81' lang='lat' dir='ltr'><strong>absque</strong></span> <span class='ocrx_word' id='word_1_128' title='bbox 1750 1755 1989 1810; x_wconf 90' lang='lat' dir='ltr'><strong>subsidio</strong></span> 
     </span>
    </p>
   </div>
   <div class='ocr_carea' id='block_1_20' title="bbox 2100 555 3657 630">
    <p class='ocr_par' dir='ltr' id='par_1_20' title="bbox 2100 555 3657 630">
     <span class='ocr_line' id='line_1_20' title="bbox 2100 555 3657 630; baseline -0.001 -18"><span class='ocrx_word' id='word_1_129' title='bbox 2100 561 2371 629; x_wconf 82' lang='grc' dir='ltr'>γνώσεται</span> <span class='ocrx_word' id='word_1_130' title='bbox 2395 560 2724 615; x_wconf 74' lang='grc' dir='ltr'>ἀποϐλέπων</span> <span class='ocrx_word' id='word_1_131' title='bbox 2767 558 2904 630; x_wconf 78' lang='grc' dir='ltr'>πρὸς</span> <span class='ocrx_word' id='word_1_132' title='bbox 2957 558 3017 612; x_wconf 65' lang='lat' dir='ltr'><strong>at</strong></span> <span class='ocrx_word' id='word_1_133' title='bbox 3068 557 3161 612; x_wconf 70' lang='grc' dir='ltr'><strong>τὸν</strong></span> <span class='ocrx_word' id='word_1_134' title='bbox 3215 555 3517 612; x_wconf 73' lang='grc' dir='ltr'><strong>ἀπόστολον</strong></span> <span class='ocrx_word' id='word_1_135' title='bbox 3564 558 3657 626; x_wconf 72' lang='grc' dir='ltr'>μὲν</span> 
     </span>
    </p>
   </div>
   <div class='ocr_carea' id='block_1_21' title="bbox 2097 649 3658 726">
    <p class='ocr_par' dir='ltr' id='par_1_21' title="bbox 2097 649 3658 726">
     <span class='ocr_line' id='line_1_21' title="bbox 2097 649 3658 726; baseline -0.004 -17"><span class='ocrx_word' id='word_1_136' title='bbox 2097 656 2247 718; x_wconf 76' lang='grc' dir='ltr'>ὄντα,</span> <span class='ocrx_word' id='word_1_137' title='bbox 2284 656 2658 726; x_wconf 84' lang='grc' dir='ltr'>ἀρνησάμενον</span> <span class='ocrx_word' id='word_1_138' title='bbox 2684 653 2762 718; x_wconf 80' lang='grc' dir='ltr'>δὲ,</span> <span class='ocrx_word' id='word_1_139' title='bbox 2788 652 2886 705; x_wconf 74' lang='grc' dir='ltr'>καὶ</span> <span class='ocrx_word' id='word_1_140' title='bbox 2919 650 3076 704; x_wconf 82' lang='grc' dir='ltr'>πάλιν</span> <span class='ocrx_word' id='word_1_141' title='bbox 3098 651 3167 704; x_wconf 88' lang='grc' dir='ltr'><strong>τά</strong></span> <span class='ocrx_word' id='word_1_142' title='bbox 3187 651 3429 720; x_wconf 82' lang='grc' dir='ltr'>πρωτεῖα</span> <span class='ocrx_word' id='word_1_143' title='bbox 3449 649 3658 703; x_wconf 69' lang='grc' dir='ltr'>πάντων</span> 
     </span>
    </p>
   </div>
   <div class='ocr_carea' id='block_1_22' title="bbox 2097 742 3657 820">
    <p class='ocr_par' dir='ltr' id='par_1_22' title="bbox 2097 742 3657 820">
     <span class='ocr_line' id='line_1_22' title="bbox 2097 742 3657 820; baseline -0.004 -17"><span class='ocrx_word' id='word_1_144' title='bbox 2097 751 2192 804; x_wconf 78' lang='grc' dir='ltr'>καὶ</span> <span class='ocrx_word' id='word_1_145' title='bbox 2234 748 2333 820; x_wconf 77' lang='grc' dir='ltr'>τὴν</span> <span class='ocrx_word' id='word_1_146' title='bbox 2360 748 2456 817; x_wconf 85' lang='grc' dir='ltr'>τῆς</span> <span class='ocrx_word' id='word_1_147' title='bbox 2476 746 2805 817; x_wconf 78' lang='grc' dir='ltr'><strong>οἰκουμένης</strong></span> <span class='ocrx_word' id='word_1_148' title='bbox 2838 744 3162 798; x_wconf 73' lang='grc' dir='ltr'><strong>ἐπιστασίαν</strong></span> <span class='ocrx_word' id='word_1_149' title='bbox 3191 742 3426 798; x_wconf 78' lang='grc' dir='ltr'>λαϐόντα</span> <span class='ocrx_word' id='word_1_150' title='bbox 3452 743 3539 797; x_wconf 83' lang='grc' dir='ltr'>διὰ</span> <span class='ocrx_word' id='word_1_151' title='bbox 3564 745 3657 811; x_wconf 73' lang='grc' dir='ltr'>τῆς</span> 
     </span>
    </p>
   </div>
   <div class='ocr_carea' id='block_1_23' title="bbox 2099 834 3657 911">
    <p class='ocr_par' dir='ltr' id='par_1_23' title="bbox 2099 834 3657 911">
     <span class='ocr_line' id='line_1_23' title="bbox 2099 834 3657 911; baseline -0.006 -15"><span class='ocrx_word' id='word_1_152' title='bbox 2099 840 2409 911; x_wconf 72' lang='grc' dir='ltr'><strong>μετανοίας.</strong></span> <span class='ocrx_word' id='word_1_153' title='bbox 2444 840 2712 911; x_wconf 78' lang='grc' dir='ltr'>ᾙτήσατο</span> <span class='ocrx_word' id='word_1_154' title='bbox 2737 834 2832 891; x_wconf 77' lang='grc' dir='ltr'>οὖν</span> <span class='ocrx_word' id='word_1_155' title='bbox 2862 838 2891 889; x_wconf 99' lang='lat'><strong>6</strong></span> <span class='ocrx_word' id='word_1_156' title='bbox 2916 836 3161 898; x_wconf 79' lang='grc' dir='ltr'>Σατανᾶς</span> <span class='ocrx_word' id='word_1_157' title='bbox 3196 836 3436 890; x_wconf 79' lang='grc' dir='ltr'><strong>σινιάσαι</strong></span> <span class='ocrx_word' id='word_1_158' title='bbox 3461 851 3541 897; x_wconf 88' lang='grc' dir='ltr'><strong>σε,</strong></span> <span class='ocrx_word' id='word_1_159' title='bbox 3570 836 3657 887; x_wconf 73' lang='grc' dir='ltr'>καὶ</span> 
     </span>
    </p>
   </div>
   <div class='ocr_carea' id='block_1_24' title="bbox 2099 928 3657 1004">
    <p class='ocr_par' dir='ltr' id='par_1_24' title="bbox 2099 928 3657 1004">
     <span class='ocr_line' id='line_1_24' title="bbox 2099 928 3657 1004; baseline -0.004 -16"><span class='ocrx_word' id='word_1_160' title='bbox 2099 934 2298 1004; x_wconf 81' lang='grc' dir='ltr'><strong>βλάψαι</strong></span> <span class='ocrx_word' id='word_1_161' title='bbox 2326 932 2518 1003; x_wconf 81' lang='grc' dir='ltr'>ὥσπερ</span> <span class='ocrx_word' id='word_1_162' title='bbox 2541 930 2686 985; x_wconf 80' lang='grc' dir='ltr'>σῖτον</span> <span class='ocrx_word' id='word_1_163' title='bbox 2725 929 2988 998; x_wconf 76' lang='grc' dir='ltr'>καθαρὸν,</span> <span class='ocrx_word' id='word_1_164' title='bbox 3018 928 3419 998; x_wconf 76' lang='grc' dir='ltr'>παρεμϐάλλων</span> <span class='ocrx_word' id='word_1_165' title='bbox 3455 929 3522 981; x_wconf 76' lang='grc' dir='ltr'><strong>τά</strong></span> <span class='ocrx_word' id='word_1_166' title='bbox 3565 930 3657 998; x_wconf 80' lang='grc' dir='ltr'><strong>ῥυ-</strong></span> 
     </span>
    </p>
   </div>
   <div class='ocr_carea' id='block_1_25' title="bbox 2099 1020 3654 1096">
    <p class='ocr_par' dir='ltr' id='par_1_25' title="bbox 2099 1020 3654 1096">
     <span class='ocr_line' id='line_1_25' title="bbox 2099 1020 3654 1096; baseline -0.003 -16"><span class='ocrx_word' id='word_1_167' title='bbox 2099 1027 2381 1088; x_wconf 88' lang='grc' dir='ltr'>παίνοντα,</span> <span class='ocrx_word' id='word_1_168' title='bbox 2414 1021 2502 1080; x_wconf 73' lang='grc' dir='ltr'><strong>οἷα</strong></span> <span class='ocrx_word' id='word_1_169' title='bbox 2521 1025 2587 1096; x_wconf 77' lang='grc' dir='ltr'>δὴ</span> <span class='ocrx_word' id='word_1_170' title='bbox 2617 1024 2827 1094; x_wconf 79' lang='grc' dir='ltr'>φθονῶν</span> <span class='ocrx_word' id='word_1_171' title='bbox 2860 1040 2944 1076; x_wconf 89' lang='grc' dir='ltr'><strong>σοι</strong></span> <span class='ocrx_word' id='word_1_172' title='bbox 2980 1022 3081 1092; x_wconf 75' lang='grc' dir='ltr'>τῆς</span> <span class='ocrx_word' id='word_1_173' title='bbox 3109 1022 3246 1091; x_wconf 78' lang='grc' dir='ltr'>πρδς</span> <span class='ocrx_word' id='word_1_174' title='bbox 3278 1021 3377 1091; x_wconf 71' lang='grc' dir='ltr'>ἐμὲ</span> <span class='ocrx_word' id='word_1_175' title='bbox 3419 1020 3654 1090; x_wconf 78' lang='grc' dir='ltr'>ἀγάπης,</span> 
     </span>
    </p>
   </div>
   <div class='ocr_carea' id='block_1_26' title="bbox 2105 1112 3658 1190">
    <p class='ocr_par' dir='ltr' id='par_1_26' title="bbox 2105 1112 3658 1190">
     <span class='ocr_line' id='line_1_26' title="bbox 2105 1112 3658 1190; baseline -0.006 -17"><span class='ocrx_word' id='word_1_176' title='bbox 2105 1119 2286 1190; x_wconf 68' lang='grc' dir='ltr'>ὥσπερ</span> <span class='ocrx_word' id='word_1_177' title='bbox 2317 1118 2438 1182; x_wconf 75' lang='grc' dir='ltr'>ῐθος</span> <span class='ocrx_word' id='word_1_178' title='bbox 2461 1117 2633 1188; x_wconf 83' lang='grc' dir='ltr'>αὐτῷ.</span> <span class='ocrx_word' id='word_1_179' title='bbox 2666 1115 2824 1170; x_wconf 78' lang='grc' dir='ltr'>Οὕτω</span> <span class='ocrx_word' id='word_1_180' title='bbox 2854 1114 2963 1185; x_wconf 77' lang='grc' dir='ltr'><strong>γὰρ</strong></span> <span class='ocrx_word' id='word_1_181' title='bbox 3018 1116 3115 1167; x_wconf 70' lang='grc' dir='ltr'>καὶ</span> <span class='ocrx_word' id='word_1_182' title='bbox 3149 1113 3228 1183; x_wconf 83' lang='grc' dir='ltr'>τῷ</span> <span class='ocrx_word' id='word_1_183' title='bbox 3296 1112 3418 1166; x_wconf 81' lang='grc' dir='ltr'><strong>’1ὼὸ</strong></span> <span class='ocrx_word' id='word_1_184' title='bbox 3459 1113 3658 1165; x_wconf 62' lang='grc' dir='ltr'>ἐπεδεὲα</span> 
     </span>
    </p>
   </div>
   <div class='ocr_carea' id='block_1_27' title="bbox 2098 1202 3656 1278">
    <p class='ocr_par' dir='ltr' id='par_1_27' title="bbox 2098 1202 3656 1278">
     <span class='ocr_line' id='line_1_27' title="bbox 2098 1202 3656 1278; baseline -0.007 -13"><span class='ocrx_word' id='word_1_185' title='bbox 2098 1218 2228 1277; x_wconf 80' lang='grc' dir='ltr'>ξατο</span> <span class='ocrx_word' id='word_1_186' title='bbox 2256 1227 2267 1241; x_wconf 91' lang='grc'><strong>·</strong></span> <span class='ocrx_word' id='word_1_187' title='bbox 2302 1210 2418 1264; x_wconf 80' lang='grc' dir='ltr'>ἀλλ’</span> <span class='ocrx_word' id='word_1_188' title='bbox 2446 1208 2555 1277; x_wconf 83' lang='grc' dir='ltr'>ἐγὼ</span> <span class='ocrx_word' id='word_1_189' title='bbox 2574 1209 2638 1262; x_wconf 81' lang='grc' dir='ltr'>οὐ</span> <span class='ocrx_word' id='word_1_190' title='bbox 2678 1208 2856 1278; x_wconf 78' lang='grc' dir='ltr'>πάντη</span> <span class='ocrx_word' id='word_1_191' title='bbox 2910 1222 2970 1260; x_wconf 83' lang='grc' dir='ltr'><strong>σε</strong></span> <span class='ocrx_word' id='word_1_192' title='bbox 3022 1205 3406 1274; x_wconf 70' lang='grc' dir='ltr'>ἐγκατέλιπον,</span> <span class='ocrx_word' id='word_1_193' title='bbox 3467 1202 3553 1256; x_wconf 70' lang='grc' dir='ltr'><strong>ἵνα</strong></span> <span class='ocrx_word' id='word_1_194' title='bbox 3586 1204 3656 1273; x_wconf 75' lang='grc' dir='ltr'><strong>μή</strong></span> 
     </span>
    </p>
   </div>
   <div class='ocr_carea' id='block_1_28' title="bbox 2098 1295 3659 1377">
    <p class='ocr_par' dir='ltr' id='par_1_28' title="bbox 2098 1295 3659 1377">
     <span class='ocr_line' id='line_1_28' title="bbox 2098 1295 3659 1377; baseline -0.006 -20"><span class='ocrx_word' id='word_1_195' title='bbox 2098 1304 2330 1377; x_wconf 77' lang='grc' dir='ltr'><strong>ἐκλείπῃ</strong></span> <span class='ocrx_word' id='word_1_196' title='bbox 2350 1305 2383 1373; x_wconf 87' lang='grc' dir='ltr'><strong>ή</strong></span> <span class='ocrx_word' id='word_1_197' title='bbox 2407 1303 2592 1366; x_wconf 78' lang='grc' dir='ltr'><strong>πίστις</strong></span> <span class='ocrx_word' id='word_1_198' title='bbox 2613 1318 2708 1355; x_wconf 90' lang='grc' dir='ltr'><strong>σου</strong></span> <span class='ocrx_word' id='word_1_199' title='bbox 2737 1302 2814 1364; x_wconf 85' lang='grc' dir='ltr'><strong>είς</strong></span> <span class='ocrx_word' id='word_1_200' title='bbox 2833 1300 2893 1354; x_wconf 84' lang='grc' dir='ltr'><strong>τδ</strong></span> <span class='ocrx_word' id='word_1_201' title='bbox 2924 1298 3203 1360; x_wconf 76' lang='grc' dir='ltr'>παντελές.</span> <span class='ocrx_word' id='word_1_202' title='bbox 3239 1297 3299 1349; x_wconf 79' lang='lat' dir='ltr'><strong>El</strong></span> <span class='ocrx_word' id='word_1_203' title='bbox 3318 1295 3413 1350; x_wconf 78' lang='grc' dir='ltr'>καὶ</span> <span class='ocrx_word' id='word_1_204' title='bbox 3443 1295 3659 1364; x_wconf 76' lang='grc' dir='ltr'>ἐδεήθην</span> 
     </span>
    </p>
   </div>
   <div class='ocr_carea' id='block_1_29' title="bbox 2096 1378 3658 1463">
    <p class='ocr_par' dir='ltr' id='par_1_29' title="bbox 2096 1378 3658 1463">
     <span class='ocr_line' id='line_1_29' title="bbox 2096 1378 3658 1463; baseline -0.008 -14"><span class='ocrx_word' id='word_1_205' title='bbox 2096 1386 2151 1449; x_wconf 84' lang='grc' dir='ltr'><strong>δέ</strong></span> <span class='ocrx_word' id='word_1_206' title='bbox 2177 1392 2289 1463; x_wconf 84' lang='grc' dir='ltr'>ἐγὼ</span> <span class='ocrx_word' id='word_1_207' title='bbox 2326 1393 2486 1457; x_wconf 74' lang='grc' dir='ltr'>αὐτὸς</span> <span class='ocrx_word' id='word_1_208' title='bbox 2520 1393 2649 1462; x_wconf 72' lang='grc' dir='ltr'>περὶ</span> <span class='ocrx_word' id='word_1_209' title='bbox 2670 1391 2786 1455; x_wconf 78' lang='grc' dir='ltr'>σοῦ,</span> <span class='ocrx_word' id='word_1_210' title='bbox 2821 1393 2971 1461; x_wconf 80' lang='grc' dir='ltr'>ὅμως</span> <span class='ocrx_word' id='word_1_211' title='bbox 3002 1389 3067 1442; x_wconf 70' lang='grc' dir='ltr'>σὺ</span> <span class='ocrx_word' id='word_1_212' title='bbox 3097 1389 3174 1460; x_wconf 77' lang='grc' dir='ltr'>μὴ</span> <span class='ocrx_word' id='word_1_213' title='bbox 3219 1388 3518 1457; x_wconf 78' lang='grc' dir='ltr'>ἁναπέσης,</span> <span class='ocrx_word' id='word_1_214' title='bbox 3549 1378 3658 1441; x_wconf 80' lang='grc' dir='ltr'>ἀλλ⁴</span> 
     </span>
    </p>
   </div>
   <div class='ocr_carea' id='block_1_30' title="bbox 2097 1479 3658 1560">
    <p class='ocr_par' dir='ltr' id='par_1_30' title="bbox 2097 1479 3658 1560">
     <span class='ocr_line' id='line_1_30' title="bbox 2097 1479 3658 1560; baseline -0.009 -17"><span class='ocrx_word' id='word_1_215' title='bbox 2097 1487 2452 1560; x_wconf 78' lang='grc' dir='ltr'>ἐπιστρέψας,</span> <span class='ocrx_word' id='word_1_216' title='bbox 2513 1487 2784 1550; x_wconf 79' lang='grc' dir='ltr'><strong>τουτέστι,</strong></span> <span class='ocrx_word' id='word_1_217' title='bbox 2841 1484 3180 1555; x_wconf 76' lang='grc' dir='ltr'>μετανοήσας</span> <span class='ocrx_word' id='word_1_218' title='bbox 3222 1480 3321 1535; x_wconf 77' lang='grc' dir='ltr'>καὶ</span> <span class='ocrx_word' id='word_1_219' title='bbox 3368 1479 3658 1551; x_wconf 77' lang='grc' dir='ltr'>δακρύσας,</span> 
     </span>
    </p>
   </div>
   <div class='ocr_carea' id='block_1_31' title="bbox 2098 1562 3661 1646">
    <p class='ocr_par' dir='ltr' id='par_1_31' title="bbox 2098 1562 3661 1646">
     <span class='ocr_line' id='line_1_31' title="bbox 2098 1562 3661 1646; baseline -0.007 -14"><span class='ocrx_word' id='word_1_220' title='bbox 2098 1577 2193 1633; x_wconf 82' lang='grc' dir='ltr'>καὶ</span> <span class='ocrx_word' id='word_1_221' title='bbox 2223 1578 2331 1631; x_wconf 75' lang='grc' dir='ltr'>ἀπὸ</span> <span class='ocrx_word' id='word_1_222' title='bbox 2368 1581 2464 1646; x_wconf 85' lang='grc' dir='ltr'>τῆς</span> <span class='ocrx_word' id='word_1_223' title='bbox 2501 1577 2783 1646; x_wconf 83' lang='grc' dir='ltr'><strong>ἀρνήσεως</strong></span> <span class='ocrx_word' id='word_1_224' title='bbox 2819 1562 3044 1644; x_wconf 75' lang='grc' dir='ltr'>φυγὼν,</span> <span class='ocrx_word' id='word_1_225' title='bbox 3098 1571 3256 1641; x_wconf 82' lang='grc' dir='ltr'>γενοῦ</span> <span class='ocrx_word' id='word_1_226' title='bbox 3291 1569 3387 1623; x_wconf 77' lang='grc' dir='ltr'>καὶ</span> <span class='ocrx_word' id='word_1_227' title='bbox 3422 1573 3529 1632; x_wconf 84' lang='grc' dir='ltr'>τοῖς</span> <span class='ocrx_word' id='word_1_228' title='bbox 3568 1570 3661 1623; x_wconf 77' lang='grc' dir='ltr'><strong>ἆλ-</strong></span> 
     </span>
    </p>
   </div>
   <div class='ocr_carea' id='block_1_32' title="bbox 2097 1661 3657 1738">
    <p class='ocr_par' dir='ltr' id='par_1_32' title="bbox 2097 1661 3657 1738">
     <span class='ocr_line' id='line_1_32' title="bbox 2097 1661 3657 1738; baseline -0.007 -14"><span class='ocrx_word' id='word_1_229' title='bbox 2097 1673 2208 1736; x_wconf 85' lang='grc' dir='ltr'>λοις</span> <span class='ocrx_word' id='word_1_230' title='bbox 2248 1672 2456 1731; x_wconf 81' lang='grc' dir='ltr'>πιστοῖς</span> <span class='ocrx_word' id='word_1_231' title='bbox 2482 1669 2650 1732; x_wconf 88' lang='grc' dir='ltr'>τύπος</span> <span class='ocrx_word' id='word_1_232' title='bbox 2680 1667 2771 1722; x_wconf 87' lang='grc' dir='ltr'><strong>τοῦ</strong></span> <span class='ocrx_word' id='word_1_233' title='bbox 2804 1668 3110 1738; x_wconf 74' lang='grc' dir='ltr'>μετανοεῖν,</span> <span class='ocrx_word' id='word_1_234' title='bbox 3134 1664 3230 1718; x_wconf 68' lang='grc' dir='ltr'><strong>καὶ</strong></span> <span class='ocrx_word' id='word_1_235' title='bbox 3268 1664 3345 1733; x_wconf 75' lang='grc' dir='ltr'>μὴ</span> <span class='ocrx_word' id='word_1_236' title='bbox 3384 1661 3657 1730; x_wconf 71' lang='grc' dir='ltr'>ἀπογινώ-</span> 
     </span>
    </p>
   </div>
   <div class='ocr_carea' id='block_1_33' title="bbox 2099 1747 3663 1830">
    <p class='ocr_par' dir='ltr' id='par_1_33' title="bbox 2099 1747 3663 1830">
     <span class='ocr_line' id='line_1_33' title="bbox 2099 1747 3663 1830; baseline -0.007 -14"><span class='ocrx_word' id='word_1_237' title='bbox 2099 1779 2270 1816; x_wconf 89' lang='grc' dir='ltr'>σκειν.</span> <span class='ocrx_word' id='word_1_238' title='bbox 2301 1761 2366 1813; x_wconf 85' lang='grc' dir='ltr'>Τί</span> <span class='ocrx_word' id='word_1_239' title='bbox 2403 1754 2497 1814; x_wconf 75' lang='grc' dir='ltr'>οὖν</span> <span class='ocrx_word' id='word_1_240' title='bbox 2523 1761 2552 1813; x_wconf 92' lang='lat'><strong>6</strong></span> <span class='ocrx_word' id='word_1_241' title='bbox 2603 1759 2846 1830; x_wconf 73' lang='grc' dir='ltr'>Πέτροςς</span> <span class='ocrx_word' id='word_1_242' title='bbox 2890 1757 2983 1810; x_wconf 81' lang='grc' dir='ltr'>Ἕκ</span> <span class='ocrx_word' id='word_1_243' title='bbox 3013 1747 3215 1825; x_wconf 84' lang='grc' dir='ltr'>πολλῆς</span> <span class='ocrx_word' id='word_1_244' title='bbox 3264 1754 3482 1824; x_wconf 80' lang='grc' dir='ltr'><strong>ἀγάπης</strong></span> <span class='ocrx_word' id='word_1_245' title='bbox 3530 1754 3663 1824; x_wconf 82' lang='grc' dir='ltr'>θρα-</span> 
     </span>
    </p>
   </div>
   <div class='ocr_carea' id='block_1_34' title="bbox 415 1836 1994 1920">
    <p class='ocr_par' dir='ltr' id='par_1_34' title="bbox 415 1836 1989 1919">
     <span class='ocr_line' id='line_1_34' title="bbox 415 1836 1989 1919; baseline 0 -17"><span class='ocrx_word' id='word_1_246' title='bbox 415 1836 515 1903; x_wconf 67' lang='lat' dir='ltr'><strong>Dei</strong></span> <span class='ocrx_word' id='word_1_247' title='bbox 553 1850 1051 1919; x_wconf 85' lang='lat' dir='ltr'><strong>:qnemadmodum</strong></span> <span class='ocrx_word' id='word_1_248' title='bbox 1092 1860 1147 1904; x_wconf 91' lang='lat' dir='ltr'><strong>et</strong></span> <span class='ocrx_word' id='word_1_249' title='bbox 1190 1846 1387 1906; x_wconf 81' lang='lat' dir='ltr'><strong>Petrus</strong></span> <span class='ocrx_word' id='word_1_250' title='bbox 1434 1864 1624 1919; x_wconf 88' lang='lat' dir='ltr'><strong>parum</strong></span> <span class='ocrx_word' id='word_1_251' title='bbox 1672 1848 1989 1912; x_wconf 89' lang='lat' dir='ltr'><strong>derelictus,</strong></span> 
     </span>
    </p>
   </div>
   <div class='ocr_carea' id='block_1_35' title="bbox 2103 1836 3659 1920">
    <p class='ocr_par' dir='ltr' id='par_1_35' title="bbox 2103 1837 3659 1920">
     <span class='ocr_line' id='line_1_35' title="bbox 2103 1837 3659 1920; baseline -0.004 -15"><span class='ocrx_word' id='word_1_252' title='bbox 2103 1852 2335 1918; x_wconf 87' lang='grc' dir='ltr'>σύνεται,</span> <span class='ocrx_word' id='word_1_253' title='bbox 2376 1850 2471 1905; x_wconf 78' lang='grc' dir='ltr'>καὶ</span> <span class='ocrx_word' id='word_1_254' title='bbox 2507 1850 2849 1920; x_wconf 82' lang='grc' dir='ltr'>ὑπισχνεῖται</span> <span class='ocrx_word' id='word_1_255' title='bbox 2895 1844 2964 1902; x_wconf 79' lang='grc' dir='ltr'>τὰ</span> <span class='ocrx_word' id='word_1_256' title='bbox 3000 1847 3138 1909; x_wconf 81' lang='grc' dir='ltr'>τέως</span> <span class='ocrx_word' id='word_1_257' title='bbox 3210 1837 3362 1916; x_wconf 76' lang='grc' dir='ltr'>αύτῷ</span> <span class='ocrx_word' id='word_1_258' title='bbox 3410 1842 3659 1898; x_wconf 78' lang='grc' dir='ltr'>ἀδύνατα.</span> 
     </span>
    </p>
   </div>
   <div class='ocr_carea' id='block_1_36' title="bbox 416 1938 1992 2001">
    <p class='ocr_par' dir='ltr' id='par_1_36' title="bbox 416 1938 1992 2001">
     <span class='ocr_line' id='line_1_36' title="bbox 416 1938 1992 2001; baseline 0.001 -10"><span class='ocrx_word' id='word_1_259' title='bbox 416 1940 627 1994; x_wconf 88' lang='lat' dir='ltr'><strong>tametsi</strong></span> <span class='ocrx_word' id='word_1_260' title='bbox 667 1940 994 1995; x_wconf 84' lang='lat' dir='ltr'><strong>charitatem</strong></span> <span class='ocrx_word' id='word_1_261' title='bbox 1020 1955 1084 1996; x_wconf 85' lang='lat' dir='ltr'><strong>ae</strong></span> <span class='ocrx_word' id='word_1_262' title='bbox 1130 1940 1399 1996; x_wconf 79' lang='lat' dir='ltr'><strong>fervorem</strong></span> <span class='ocrx_word' id='word_1_263' title='bbox 1433 1940 1635 1995; x_wconf 87' lang='lat' dir='ltr'><strong>habere</strong></span> <span class='ocrx_word' id='word_1_264' title='bbox 1693 1938 1992 2001; x_wconf 85' lang='lat' dir='ltr'><strong>videretur,</strong></span> 
     </span>
    </p>
   </div>
   <div class='ocr_carea' id='block_1_37' title="bbox 417 2021 2012 2100">
    <p class='ocr_par' dir='ltr' id='par_1_37' title="bbox 417 2021 2012 2100">
     <span class='ocr_line' id='line_1_37' title="bbox 417 2021 2012 2100; baseline 0 -16"><span class='ocrx_word' id='word_1_265' title='bbox 417 2021 509 2085; x_wconf 85' lang='lat' dir='ltr'><strong>ubi</strong></span> <span class='ocrx_word' id='word_1_266' title='bbox 562 2031 780 2100; x_wconf 79' lang='lat' dir='ltr'><strong>reliquit</strong></span> <span class='ocrx_word' id='word_1_267' title='bbox 824 2047 945 2088; x_wconf 90' lang='lat' dir='ltr'><strong>eum</strong></span> <span class='ocrx_word' id='word_1_268' title='bbox 988 2033 1150 2096; x_wconf 85' lang='lat' dir='ltr'><strong>Deus,</strong></span> <span class='ocrx_word' id='word_1_269' title='bbox 1208 2031 1581 2100; x_wconf 85' lang='lat' dir='ltr'><strong>supplantatus</strong></span> <span class='ocrx_word' id='word_1_270' title='bbox 1622 2041 1706 2087; x_wconf 87' lang='lat' dir='ltr'><strong>est</strong></span> <span class='ocrx_word' id='word_1_271' title='bbox 1760 2033 1828 2086; x_wconf 80' lang='lat' dir='ltr'><strong>ab</strong></span> <span class='ocrx_word' id='word_1_272' title='bbox 1886 2030 2012 2085; x_wconf 39' lang='lat' dir='ltr'><strong>init</strong></span> 
     </span>
    </p>
   </div>
   <div class='ocr_carea' id='block_1_38' title="bbox 417 2120 1993 2186">
    <p class='ocr_par' dir='ltr' id='par_1_38' title="bbox 417 2120 1993 2186">
     <span class='ocr_line' id='line_1_38' title="bbox 417 2120 1993 2186; baseline 0 -11"><span class='ocrx_word' id='word_1_273' title='bbox 417 2121 580 2176; x_wconf 86' lang='lat' dir='ltr'><strong>mico.</strong></span> <span class='ocrx_word' id='word_1_274' title='bbox 617 2120 680 2175; x_wconf 85' lang='lat' dir='ltr'><strong>Et</strong></span> <span class='ocrx_word' id='word_1_275' title='bbox 711 2121 904 2177; x_wconf 89' lang='lat' dir='ltr'><strong>iterum</strong></span> <span class='ocrx_word' id='word_1_276' title='bbox 935 2137 1041 2177; x_wconf 91' lang='lat' dir='ltr'><strong>non</strong></span> <span class='ocrx_word' id='word_1_277' title='bbox 1070 2122 1269 2178; x_wconf 83' lang='lat' dir='ltr'><strong>sullicit</strong></span> <span class='ocrx_word' id='word_1_278' title='bbox 1305 2123 1396 2177; x_wconf 90' lang='lat' dir='ltr'><strong>Dei</strong></span> <span class='ocrx_word' id='word_1_279' title='bbox 1430 2122 1759 2186; x_wconf 86' lang='lat' dir='ltr'><strong>subsidium,</strong></span> <span class='ocrx_word' id='word_1_280' title='bbox 1802 2122 1847 2176; x_wconf 86' lang='lat' dir='ltr'><strong>si</strong></span> <span class='ocrx_word' id='word_1_281' title='bbox 1890 2136 1993 2176; x_wconf 91' lang='lat' dir='ltr'><strong>non</strong></span> 
     </span>
    </p>
   </div>
   <div class='ocr_carea' id='block_1_39' title="bbox 422 2202 1990 2282">
    <p class='ocr_par' dir='ltr' id='par_1_39' title="bbox 422 2202 1990 2282">
     <span class='ocr_line' id='line_1_39' title="bbox 422 2202 1990 2282; baseline 0.002 -20"><span class='ocrx_word' id='word_1_282' title='bbox 422 2202 642 2266; x_wconf 71' lang='lat' dir='ltr'><strong>affuerit</strong></span> <span class='ocrx_word' id='word_1_283' title='bbox 671 2222 725 2266; x_wconf 89' lang='lat' dir='ltr'><strong>et</strong></span> <span class='ocrx_word' id='word_1_284' title='bbox 754 2211 1048 2267; x_wconf 87' lang='lat' dir='ltr'><strong>humanum</strong></span> <span class='ocrx_word' id='word_1_285' title='bbox 1076 2212 1412 2281; x_wconf 89' lang='lat' dir='ltr'><strong>propositum</strong></span> <span class='ocrx_word' id='word_1_286' title='bbox 1454 2230 1467 2265; x_wconf 91' lang='lat'>:</span> <span class='ocrx_word' id='word_1_287' title='bbox 1534 2212 1990 2282; x_wconf 84' lang='lat' dir='ltr'><strong>quemadmodum</strong></span> 
     </span>
    </p>
   </div>
   <div class='ocr_carea' id='block_1_40' title="bbox 418 2288 1996 2373">
    <p class='ocr_par' dir='ltr' id='par_1_40' title="bbox 418 2288 1996 2373">
     <span class='ocr_line' id='line_1_40' title="bbox 418 2288 1996 2373; baseline 0 -16"><span class='ocrx_word' id='word_1_288' title='bbox 418 2313 475 2357; x_wconf 90' lang='lat' dir='ltr'><strong>et</strong></span> <span class='ocrx_word' id='word_1_289' title='bbox 502 2291 676 2367; x_wconf 66' lang='lat' dir='ltr'><strong>Iudae,</strong></span> <span class='ocrx_word' id='word_1_290' title='bbox 726 2303 858 2357; x_wconf 88' lang='lat' dir='ltr'><strong>nihil</strong></span> <span class='ocrx_word' id='word_1_291' title='bbox 906 2303 1108 2370; x_wconf 87' lang='lat' dir='ltr'><strong>profuit</strong></span> <span class='ocrx_word' id='word_1_292' title='bbox 1138 2305 1386 2373; x_wconf 79' lang='lat' dir='ltr'><strong>quamvis</strong></span> <span class='ocrx_word' id='word_1_293' title='bbox 1418 2288 1597 2359; x_wconf 85' lang='lat' dir='ltr'><strong>omnia</strong></span> <span class='ocrx_word' id='word_1_294' title='bbox 1653 2303 1855 2358; x_wconf 87' lang='lat' dir='ltr'><strong>faceret</strong></span> <span class='ocrx_word' id='word_1_295' title='bbox 1893 2304 1996 2357; x_wconf 86' lang='lat' dir='ltr'><strong>Do-</strong></span> 
     </span>
    </p>
   </div>
   <div class='ocr_carea' id='block_1_41' title="bbox 417 2392 1994 2458">
    <p class='ocr_par' dir='ltr' id='par_1_41' title="bbox 417 2392 1994 2458">
     <span class='ocr_line' id='line_1_41' title="bbox 417 2392 1994 2458; baseline 0.001 -10"><span class='ocrx_word' id='word_1_296' title='bbox 417 2394 601 2448; x_wconf 86' lang='lat' dir='ltr'><strong>minus</strong></span> <span class='ocrx_word' id='word_1_297' title='bbox 642 2404 698 2447; x_wconf 90' lang='lat' dir='ltr'><strong>ut</strong></span> <span class='ocrx_word' id='word_1_298' title='bbox 754 2392 1101 2450; x_wconf 87' lang='lat' dir='ltr'><strong>lucrifaceret</strong></span> <span class='ocrx_word' id='word_1_299' title='bbox 1130 2411 1277 2458; x_wconf 90' lang='lat' dir='ltr'><strong>eum,</strong></span> <span class='ocrx_word' id='word_1_300' title='bbox 1339 2410 1461 2449; x_wconf 88' lang='lat' dir='ltr'><strong>cum</strong></span> <span class='ocrx_word' id='word_1_301' title='bbox 1495 2394 1711 2451; x_wconf 89' lang='lat' dir='ltr'><strong>abesset</strong></span> <span class='ocrx_word' id='word_1_302' title='bbox 1740 2396 1789 2451; x_wconf 92' lang='lat' dir='ltr'><strong>ei</strong></span> <span class='ocrx_word' id='word_1_303' title='bbox 1854 2396 1994 2451; x_wconf 85' lang='lat' dir='ltr'><strong>bona</strong></span> 
     </span>
    </p>
   </div>
   <div class='ocr_carea' id='block_1_42' title="bbox 417 2487 1994 2557">
    <p class='ocr_par' dir='ltr' id='par_1_42' title="bbox 417 2487 1994 2557">
     <span class='ocr_line' id='line_1_42' title="bbox 417 2487 1994 2557; baseline 0.001 -16"><span class='ocrx_word' id='word_1_304' title='bbox 417 2489 692 2543; x_wconf 76' lang='lat' dir='ltr'><strong>voluntas.</strong></span> <span class='ocrx_word' id='word_1_305' title='bbox 722 2487 1053 2542; x_wconf 88' lang='lat' dir='ltr'><strong>llorrcamus</strong></span> <span class='ocrx_word' id='word_1_306' title='bbox 1077 2499 1256 2543; x_wconf 87' lang='lat' dir='ltr'><strong>autem</strong></span> <span class='ocrx_word' id='word_1_307' title='bbox 1279 2488 1712 2551; x_wconf 86' lang='lat' dir='ltr'><strong>considerantes,</strong></span> <span class='ocrx_word' id='word_1_308' title='bbox 1731 2498 1994 2557; x_wconf 87' lang='lat' dir='ltr'><strong>quantum</strong></span> 
     </span>
    </p>
   </div>
   <div class='ocr_carea' id='block_1_43' title="bbox 419 2574 1997 2636">
    <p class='ocr_par' dir='ltr' id='par_1_43' title="bbox 419 2574 1997 2636">
     <span class='ocr_line' id='line_1_43' title="bbox 419 2574 1997 2636; baseline 0.001 -2"><span class='ocrx_word' id='word_1_309' title='bbox 419 2589 606 2634; x_wconf 83' lang='lat' dir='ltr'><strong>contra</strong></span> <span class='ocrx_word' id='word_1_310' title='bbox 637 2579 894 2634; x_wconf 82' lang='lat' dir='ltr'><strong>remissos</strong></span> <span class='ocrx_word' id='word_1_311' title='bbox 930 2581 1146 2635; x_wconf 82' lang='lat' dir='ltr'><strong>valeant</strong></span> <span class='ocrx_word' id='word_1_312' title='bbox 1173 2580 1380 2635; x_wconf 77' lang='lat' dir='ltr'><strong>insidia:</strong></span> <span class='ocrx_word' id='word_1_313' title='bbox 1404 2579 1625 2634; x_wconf 90' lang='lat' dir='ltr'><strong>diaboli.</strong></span> <span class='ocrx_word' id='word_1_314' title='bbox 1664 2574 1805 2635; x_wconf 82' lang='lat' dir='ltr'><strong>Ecce</strong></span> <span class='ocrx_word' id='word_1_315' title='bbox 1847 2581 1997 2636; x_wconf 87' lang='lat' dir='ltr'><strong>enim</strong></span> 
     </span>
    </p>
   </div>
   <div class='ocr_carea' id='block_1_44' title="bbox 418 2667 1994 2741">
    <p class='ocr_par' dir='ltr' id='par_1_44' title="bbox 418 2667 1994 2741">
     <span class='ocr_line' id='line_1_44' title="bbox 418 2667 1994 2741; baseline -0.001 -15"><span class='ocrx_word' id='word_1_316' title='bbox 418 2679 476 2726; x_wconf 92' lang='lat' dir='ltr'><strong>et</strong></span> <span class='ocrx_word' id='word_1_317' title='bbox 505 2670 607 2725; x_wconf 90' lang='lat' dir='ltr'><strong>hoc</strong></span> <span class='ocrx_word' id='word_1_318' title='bbox 647 2670 769 2725; x_wconf 91' lang='lat' dir='ltr'><strong>loco</strong></span> <span class='ocrx_word' id='word_1_319' title='bbox 818 2667 1037 2732; x_wconf 84' lang='lat' dir='ltr'><strong>Petrus.</strong></span> <span class='ocrx_word' id='word_1_320' title='bbox 1067 2672 1319 2741; x_wconf 85' lang='lat' dir='ltr'><strong>quamvis</strong></span> <span class='ocrx_word' id='word_1_321' title='bbox 1352 2688 1381 2727; x_wconf 93' lang='lat' dir='ltr'><strong>a</strong></span> <span class='ocrx_word' id='word_1_322' title='bbox 1415 2669 1525 2728; x_wconf 85' lang='lat' dir='ltr'><strong>Deo</strong></span> <span class='ocrx_word' id='word_1_323' title='bbox 1553 2683 1994 2737; x_wconf 87' lang='lat' dir='ltr'><strong>conservaretur,</strong></span> 
     </span>
    </p>
   </div>
   <div class='ocr_carea' id='block_1_45' title="bbox 419 2762 1997 2834">
    <p class='ocr_par' dir='ltr' id='par_1_45' title="bbox 419 2762 1997 2834">
     <span class='ocr_line' id='line_1_45' title="bbox 419 2762 1997 2834; baseline 0.003 -19"><span class='ocrx_word' id='word_1_324' title='bbox 419 2762 547 2830; x_wconf 91' lang='lat' dir='ltr'><strong>quia</strong></span> <span class='ocrx_word' id='word_1_325' title='bbox 570 2772 749 2833; x_wconf 61' lang='lat' dir='ltr'><strong>,parvo</strong></span> <span class='ocrx_word' id='word_1_326' title='bbox 784 2774 1028 2833; x_wconf 90' lang='lat' dir='ltr'><strong>tempore</strong></span> <span class='ocrx_word' id='word_1_327' title='bbox 1057 2778 1154 2831; x_wconf 91' lang='lat' dir='ltr'><strong>per</strong></span> <span class='ocrx_word' id='word_1_328' title='bbox 1205 2764 1668 2834; x_wconf 82' lang='lat' dir='ltr'><strong>dispensationem</strong></span> <span class='ocrx_word' id='word_1_329' title='bbox 1703 2764 1997 2819; x_wconf 88' lang='lat' dir='ltr'><strong>derelictus</strong></span> 
     </span>
    </p>
   </div>
   <div class='ocr_carea' id='block_1_46' title="bbox 420 2848 1995 2925">
    <p class='ocr_par' dir='ltr' id='par_1_46' title="bbox 420 2848 1995 2925">
     <span class='ocr_line' id='line_1_46' title="bbox 420 2848 1995 2925; baseline -0.001 -16"><span class='ocrx_word' id='word_1_330' title='bbox 420 2863 527 2921; x_wconf 86' lang='lat' dir='ltr'><strong>est,</strong></span> <span class='ocrx_word' id='word_1_331' title='bbox 582 2867 648 2907; x_wconf 86' lang='lat' dir='ltr'><strong>eo</strong></span> <span class='ocrx_word' id='word_1_332' title='bbox 682 2854 928 2923; x_wconf 83' lang='lat' dir='ltr'><strong>pervenit</strong></span> <span class='ocrx_word' id='word_1_333' title='bbox 961 2863 1020 2908; x_wconf 90' lang='lat' dir='ltr'><strong>ut</strong></span> <span class='ocrx_word' id='word_1_334' title='bbox 1057 2865 1280 2923; x_wconf 77' lang='lat' dir='ltr'><strong>negaret</strong></span> <span class='ocrx_word' id='word_1_335' title='bbox 1322 2868 1336 2908; x_wconf 84' lang='lat'><strong>:</strong></span> <span class='ocrx_word' id='word_1_336' title='bbox 1377 2866 1427 2909; x_wconf 91' lang='lat' dir='ltr'><strong>et</strong></span> <span class='ocrx_word' id='word_1_337' title='bbox 1466 2854 1569 2909; x_wconf 75' lang='lat' dir='ltr'><strong>nisi</strong></span> <span class='ocrx_word' id='word_1_338' title='bbox 1606 2871 1634 2908; x_wconf 87' lang='lat' dir='ltr'><strong>a</strong></span> <span class='ocrx_word' id='word_1_339' title='bbox 1682 2848 1790 2909; x_wconf 81' lang='lat' dir='ltr'><strong>Deo</strong></span> <span class='ocrx_word' id='word_1_340' title='bbox 1833 2871 1995 2925; x_wconf 76' lang='lat' dir='ltr'><strong>parva</strong></span> 
     </span>
    </p>
   </div>
   <div class='ocr_carea' id='block_1_47' title="bbox 418 2940 1995 3016">
    <p class='ocr_par' dir='ltr' id='par_1_47' title="bbox 418 2940 1995 3016">
     <span class='ocr_line' id='line_1_47' title="bbox 418 2940 1995 3016; baseline -0.001 -16"><span class='ocrx_word' id='word_1_341' title='bbox 418 2948 666 3013; x_wconf 45' lang='lat' dir='ltr'><strong>quaedam</strong></span> <span class='ocrx_word' id='word_1_342' title='bbox 703 2947 973 3001; x_wconf 80' lang='lat' dir='ltr'><strong>custodita</strong></span> <span class='ocrx_word' id='word_1_343' title='bbox 1027 2940 1260 3001; x_wconf 79' lang='lat' dir='ltr'><strong>fuissent</strong></span> <span class='ocrx_word' id='word_1_344' title='bbox 1298 2952 1419 3016; x_wconf 77' lang='lat' dir='ltr'><strong>quae.</strong></span> <span class='ocrx_word' id='word_1_345' title='bbox 1477 2948 1531 3001; x_wconf 87' lang='lat' dir='ltr'><strong>in</strong></span> <span class='ocrx_word' id='word_1_346' title='bbox 1573 2945 1666 3000; x_wconf 88' lang='lat' dir='ltr'><strong>illo</strong></span> <span class='ocrx_word' id='word_1_347' title='bbox 1720 2940 1995 3002; x_wconf 87' lang='lat' dir='ltr'><strong>recondita</strong></span> 
     </span>
    </p>
   </div>
   <div class='ocr_carea' id='block_1_48' title="bbox 426 3034 1996 3108">
    <p class='ocr_par' dir='ltr' id='par_1_48' title="bbox 426 3034 1996 3108">
     <span class='ocr_line' id='line_1_48' title="bbox 426 3034 1996 3108; baseline -0.003 -13"><span class='ocrx_word' id='word_1_348' title='bbox 426 3048 587 3095; x_wconf 88' lang='lat' dir='ltr'><strong>erant</strong></span> <span class='ocrx_word' id='word_1_349' title='bbox 616 3038 848 3104; x_wconf 87' lang='lat' dir='ltr'><strong>semina,</strong></span> <span class='ocrx_word' id='word_1_350' title='bbox 885 3040 1017 3108; x_wconf 82' lang='lat' dir='ltr'><strong>quid</strong></span> <span class='ocrx_word' id='word_1_351' title='bbox 1067 3048 1169 3095; x_wconf 83' lang='lat' dir='ltr'><strong>non</strong></span> <span class='ocrx_word' id='word_1_352' title='bbox 1202 3055 1396 3108; x_wconf 88' lang='lat' dir='ltr'><strong>passus</strong></span> <span class='ocrx_word' id='word_1_353' title='bbox 1450 3034 1679 3095; x_wconf 70' lang='lat' dir='ltr'><strong>fuisset?</strong></span> <span class='ocrx_word' id='word_1_354' title='bbox 1729 3039 1805 3095; x_wconf 86' lang='lat' dir='ltr'><strong>Eo</strong></span> <span class='ocrx_word' id='word_1_355' title='bbox 1852 3041 1996 3094; x_wconf 90' lang='lat' dir='ltr'><strong>enim</strong></span> 
     </span>
    </p>
   </div>
   <div class='ocr_carea' id='block_1_49' title="bbox 421 3130 1988 3203">
    <p class='ocr_par' dir='ltr' id='par_1_49' title="bbox 421 3130 1988 3203">
     <span class='ocr_line' id='line_1_49' title="bbox 421 3130 1988 3203; baseline -0.003 -16"><span class='ocrx_word' id='word_1_356' title='bbox 421 3134 702 3202; x_wconf 80' lang='lat' dir='ltr'><strong>spectabat</strong></span> <span class='ocrx_word' id='word_1_357' title='bbox 736 3132 1005 3193; x_wconf 82' lang='lat' dir='ltr'><strong>diabolus,</strong></span> <span class='ocrx_word' id='word_1_358' title='bbox 1031 3141 1091 3187; x_wconf 87' lang='lat' dir='ltr'><strong>ut</strong></span> <span class='ocrx_word' id='word_1_359' title='bbox 1116 3136 1171 3187; x_wconf 84' lang='lat' dir='ltr'><strong>et</strong></span> <span class='ocrx_word' id='word_1_360' title='bbox 1194 3133 1370 3203; x_wconf 89' lang='lat' dir='ltr'><strong>ipsum</strong></span> <span class='ocrx_word' id='word_1_361' title='bbox 1415 3131 1483 3186; x_wconf 87' lang='lat' dir='ltr'><strong>ad</strong></span> <span class='ocrx_word' id='word_1_362' title='bbox 1509 3132 1872 3201; x_wconf 88' lang='lat' dir='ltr'><strong>proditionem</strong></span> <span class='ocrx_word' id='word_1_363' title='bbox 1903 3130 1988 3184; x_wconf 86' lang='lat' dir='ltr'><strong>in-</strong></span> 
     </span>
    </p>
   </div>
   <div class='ocr_carea' id='block_1_50' title="bbox 2108 1937 3659 2015">
    <p class='ocr_par' dir='ltr' id='par_1_50' title="bbox 2108 1937 3659 2015">
     <span class='ocr_line' id='line_1_50' title="bbox 2108 1937 3659 2015; baseline -0.009 -14"><span class='ocrx_word' id='word_1_364' title='bbox 2108 1946 2168 2001; x_wconf 82' lang='lat'><strong>&#39;0</strong></span> <span class='ocrx_word' id='word_1_365' title='bbox 2219 1946 2277 2000; x_wconf 79' lang='grc' dir='ltr'>δὲ</span> <span class='ocrx_word' id='word_1_366' title='bbox 2329 1945 2556 2015; x_wconf 83' lang='grc' dir='ltr'>Κύριος,</span> <span class='ocrx_word' id='word_1_367' title='bbox 2591 1944 2717 1997; x_wconf 78' lang='grc' dir='ltr'>ἐπεὶ</span> <span class='ocrx_word' id='word_1_368' title='bbox 2768 1939 2910 1995; x_wconf 82' lang='grc' dir='ltr'>εἶδεν</span> <span class='ocrx_word' id='word_1_369' title='bbox 2965 1940 3128 1995; x_wconf 75' lang='grc' dir='ltr'>αὐτὸν</span> <span class='ocrx_word' id='word_1_370' title='bbox 3188 1937 3298 1991; x_wconf 78' lang='grc' dir='ltr'>ἀπὸ</span> <span class='ocrx_word' id='word_1_371' title='bbox 3333 1938 3659 2008; x_wconf 72' lang='grc' dir='ltr'>προπετεία,</span> 
     </span>
    </p>
   </div>
   <div class='ocr_carea' id='block_1_51' title="bbox 2096 2028 3663 2108">
    <p class='ocr_par' dir='ltr' id='par_1_51' title="bbox 2096 2028 3663 2108">
     <span class='ocr_line' id='line_1_51' title="bbox 2096 2028 3663 2108; baseline -0.008 -17"><span class='ocrx_word' id='word_1_372' title='bbox 2096 2036 2465 2107; x_wconf 80' lang='grc' dir='ltr'>φθεγγόμενον</span> <span class='ocrx_word' id='word_1_373' title='bbox 2494 2034 2623 2108; x_wconf 71' lang='grc' dir='ltr'>(ἔδει</span> <span class='ocrx_word' id='word_1_374' title='bbox 2658 2033 2767 2106; x_wconf 86' lang='grc' dir='ltr'><strong>γάρ</strong></span> <span class='ocrx_word' id='word_1_375' title='bbox 2794 2031 2941 2097; x_wconf 72' lang='grc' dir='ltr'>ἅπαξ</span> <span class='ocrx_word' id='word_1_376' title='bbox 2965 2030 3272 2085; x_wconf 85' lang='grc' dir='ltr'>ἀκούσαντα</span> <span class='ocrx_word' id='word_1_377' title='bbox 3356 2029 3459 2097; x_wconf 80' lang='grc' dir='ltr'>τῆς</span> <span class='ocrx_word' id='word_1_378' title='bbox 3499 2028 3663 2080; x_wconf 80' lang='grc' dir='ltr'>αύτο-</span> 
     </span>
    </p>
   </div>
   <div class='ocr_carea' id='block_1_52' title="bbox 2096 2120 3662 2202">
    <p class='ocr_par' dir='ltr' id='par_1_52' title="bbox 2096 2120 3662 2202">
     <span class='ocr_line' id='line_1_52' title="bbox 2096 2120 3662 2202; baseline -0.01 -16"><span class='ocrx_word' id='word_1_379' title='bbox 2096 2130 2364 2202; x_wconf 81' lang='grc' dir='ltr'>αληθείας</span> <span class='ocrx_word' id='word_1_380' title='bbox 2387 2130 2647 2199; x_wconf 79' lang='grc' dir='ltr'>εἰπούσης</span> <span class='ocrx_word' id='word_1_381' title='bbox 2688 2126 2857 2198; x_wconf 75' lang='grc' dir='ltr'>αὐτῷ,</span> <span class='ocrx_word' id='word_1_382' title='bbox 2890 2127 2972 2179; x_wconf 84' lang='grc' dir='ltr'>ὅτι</span> <span class='ocrx_word' id='word_1_383' title='bbox 2996 2122 3448 2194; x_wconf 85' lang='grc' dir='ltr'>πειρασθήσεται,</span> <span class='ocrx_word' id='word_1_384' title='bbox 3476 2120 3662 2189; x_wconf 78' lang='grc' dir='ltr'>μηκέτι</span> 
     </span>
    </p>
   </div>
   <div class='ocr_carea' id='block_1_53' title="bbox 2096 2208 3661 2290">
    <p class='ocr_par' dir='ltr' id='par_1_53' title="bbox 2096 2208 3661 2290">
     <span class='ocr_line' id='line_1_53' title="bbox 2096 2208 3661 2290; baseline -0.009 -15"><span class='ocrx_word' id='word_1_385' title='bbox 2096 2222 2436 2283; x_wconf 86' lang='grc' dir='ltr'>ἀντιτείνειν,</span> <span class='ocrx_word' id='word_1_386' title='bbox 2473 2220 2763 2290; x_wconf 80' lang='grc' dir='ltr'>ἀναφαίνει</span> <span class='ocrx_word' id='word_1_387' title='bbox 2795 2215 2945 2287; x_wconf 76' lang='grc' dir='ltr'>αὐτῷ</span> <span class='ocrx_word' id='word_1_388' title='bbox 2980 2216 3075 2270; x_wconf 75' lang='grc' dir='ltr'>καὶ</span> <span class='ocrx_word' id='word_1_389' title='bbox 3092 2215 3153 2267; x_wconf 80' lang='grc' dir='ltr'>τὸ</span> <span class='ocrx_word' id='word_1_390' title='bbox 3183 2208 3325 2276; x_wconf 74' lang='grc' dir='ltr'>εἶδος</span> <span class='ocrx_word' id='word_1_391' title='bbox 3351 2212 3448 2265; x_wconf 86' lang='grc' dir='ltr'><strong>τοῦ</strong></span> <span class='ocrx_word' id='word_1_392' title='bbox 3475 2227 3661 2281; x_wconf 63' lang='grc' dir='ltr'>πειραέ</span> 
     </span>
    </p>
   </div>
   <div class='ocr_carea' id='block_1_54' title="bbox 2099 2302 3659 2382">
    <p class='ocr_par' dir='ltr' id='par_1_54' title="bbox 2099 2302 3659 2382">
     <span class='ocr_line' id='line_1_54' title="bbox 2099 2302 3659 2382; baseline -0.008 -17"><span class='ocrx_word' id='word_1_393' title='bbox 2099 2312 2262 2382; x_wconf 88' lang='grc' dir='ltr'>σμοῦ,</span> <span class='ocrx_word' id='word_1_394' title='bbox 2292 2313 2374 2365; x_wconf 81' lang='grc' dir='ltr'>ὅτι</span> <span class='ocrx_word' id='word_1_395' title='bbox 2423 2310 2655 2382; x_wconf 78' lang='grc' dir='ltr'>ἄρνησις</span> <span class='ocrx_word' id='word_1_396' title='bbox 2702 2310 2878 2363; x_wconf 79' lang='grc' dir='ltr'>ἔσται.</span> <span class='ocrx_word' id='word_1_397' title='bbox 2926 2305 3210 2361; x_wconf 81' lang='grc' dir='ltr'>Ἐντεῦθεν</span> <span class='ocrx_word' id='word_1_398' title='bbox 3238 2304 3293 2357; x_wconf 80' lang='grc' dir='ltr'>δὲ</span> <span class='ocrx_word' id='word_1_399' title='bbox 3328 2302 3659 2372; x_wconf 55' lang='grc' dir='ltr'>μανθάνομεν</span> 
     </span>
    </p>
   </div>
   <div class='ocr_carea' id='block_1_55' title="bbox 2096 2392 3660 2471">
    <p class='ocr_par' dir='ltr' id='par_1_55' title="bbox 2096 2392 3660 2471">
     <span class='ocr_line' id='line_1_55' title="bbox 2096 2392 3660 2471; baseline -0.002 -15"><span class='ocrx_word' id='word_1_400' title='bbox 2096 2403 2295 2471; x_wconf 83' lang='grc' dir='ltr'>δόγμα,</span> <span class='ocrx_word' id='word_1_401' title='bbox 2323 2396 2404 2455; x_wconf 83' lang='grc' dir='ltr'>ὅτι</span> <span class='ocrx_word' id='word_1_402' title='bbox 2435 2401 2535 2454; x_wconf 81' lang='grc' dir='ltr'>οὐκ</span> <span class='ocrx_word' id='word_1_403' title='bbox 2565 2398 2726 2466; x_wconf 82' lang='grc' dir='ltr'>ἀρκεῖ</span> <span class='ocrx_word' id='word_1_404' title='bbox 2750 2397 3009 2468; x_wconf 83' lang='grc' dir='ltr'>πρόθεσις</span> <span class='ocrx_word' id='word_1_405' title='bbox 3046 2394 3336 2467; x_wconf 84' lang='grc' dir='ltr'>ἀνθρώπου</span> <span class='ocrx_word' id='word_1_406' title='bbox 3370 2411 3539 2463; x_wconf 74' lang='grc' dir='ltr'>χωρις</span> <span class='ocrx_word' id='word_1_407' title='bbox 3569 2392 3660 2463; x_wconf 78' lang='grc' dir='ltr'>τῆς</span> 
     </span>
    </p>
   </div>
   <div class='ocr_carea' id='block_1_56' title="bbox 2096 2478 3657 2563">
    <p class='ocr_par' dir='ltr' id='par_1_56' title="bbox 2096 2478 3657 2563">
     <span class='ocr_line' id='line_1_56' title="bbox 2096 2478 3657 2563; baseline -0.009 -16"><span class='ocrx_word' id='word_1_408' title='bbox 2096 2493 2191 2547; x_wconf 89' lang='grc' dir='ltr'><strong>τοῦ</strong></span> <span class='ocrx_word' id='word_1_409' title='bbox 2224 2490 2360 2546; x_wconf 89' lang='grc' dir='ltr'>Θεοῦ</span> <span class='ocrx_word' id='word_1_410' title='bbox 2389 2488 2709 2563; x_wconf 74' lang='grc' dir='ltr'>ἐπικουρίας</span> <span class='ocrx_word' id='word_1_411' title='bbox 2741 2505 2755 2519; x_wconf 92' lang='grc'><strong>·</strong></span> <span class='ocrx_word' id='word_1_412' title='bbox 2788 2478 2977 2559; x_wconf 79' lang='grc' dir='ltr'>ὥσπερ</span> <span class='ocrx_word' id='word_1_413' title='bbox 3013 2480 3107 2540; x_wconf 76' lang='grc' dir='ltr'>οὖν</span> <span class='ocrx_word' id='word_1_414' title='bbox 3138 2487 3235 2539; x_wconf 71' lang='grc' dir='ltr'>καὶ</span> <span class='ocrx_word' id='word_1_415' title='bbox 3263 2487 3292 2539; x_wconf 89' lang='lat'><strong>6</strong></span> <span class='ocrx_word' id='word_1_416' title='bbox 3340 2478 3544 2553; x_wconf 79' lang='grc' dir='ltr'>Πέτρος</span> <span class='ocrx_word' id='word_1_417' title='bbox 3572 2484 3657 2550; x_wconf 83' lang='grc' dir='ltr'>ἐγ-</span> 
     </span>
    </p>
   </div>
   <div class='ocr_carea' id='block_1_57' title="bbox 2100 2572 3659 2652">
    <p class='ocr_par' dir='ltr' id='par_1_57' title="bbox 2100 2572 3659 2652">
     <span class='ocr_line' id='line_1_57' title="bbox 2100 2572 3659 2652; baseline -0.009 -13"><span class='ocrx_word' id='word_1_418' title='bbox 2100 2582 2487 2652; x_wconf 71' lang='grc' dir='ltr'>καταλειφθεὶς</span> <span class='ocrx_word' id='word_1_419' title='bbox 2542 2582 2679 2652; x_wconf 70' lang='grc' dir='ltr'>πρὸς</span> <span class='ocrx_word' id='word_1_420' title='bbox 2733 2579 2948 2649; x_wconf 77' lang='grc' dir='ltr'>μικρὸν,</span> <span class='ocrx_word' id='word_1_421' title='bbox 2991 2579 3039 2629; x_wconf 78' lang='grc' dir='ltr'>εἰ</span> <span class='ocrx_word' id='word_1_422' title='bbox 3080 2578 3175 2630; x_wconf 67' lang='grc' dir='ltr'>καὶ</span> <span class='ocrx_word' id='word_1_423' title='bbox 3223 2572 3399 2629; x_wconf 79' lang='grc' dir='ltr'>ἐδόκει</span> <span class='ocrx_word' id='word_1_424' title='bbox 3429 2575 3659 2643; x_wconf 74' lang='grc' dir='ltr'>ἀγαπᾷν,</span> 
     </span>
    </p>
   </div>
   <div class='ocr_carea' id='block_1_58' title="bbox 2099 2665 3659 2746">
    <p class='ocr_par' dir='ltr' id='par_1_58' title="bbox 2099 2665 3659 2746">
     <span class='ocr_line' id='line_1_58' title="bbox 2099 2665 3659 2746; baseline -0.01 -17"><span class='ocrx_word' id='word_1_425' title='bbox 2099 2675 2410 2746; x_wconf 80' lang='grc' dir='ltr'>θερμότητα</span> <span class='ocrx_word' id='word_1_426' title='bbox 2449 2672 2613 2743; x_wconf 77' lang='grc' dir='ltr'>ἔχειν,</span> <span class='ocrx_word' id='word_1_427' title='bbox 2644 2670 2758 2724; x_wconf 87' lang='grc' dir='ltr'>ἀλλ’</span> <span class='ocrx_word' id='word_1_428' title='bbox 2792 2671 2941 2740; x_wconf 81' lang='grc' dir='ltr'>ὅμως</span> <span class='ocrx_word' id='word_1_429' title='bbox 2964 2667 3057 2721; x_wconf 86' lang='grc' dir='ltr'><strong>τοῦ</strong></span> <span class='ocrx_word' id='word_1_430' title='bbox 3082 2665 3217 2721; x_wconf 88' lang='grc' dir='ltr'>Θεοῦ</span> <span class='ocrx_word' id='word_1_431' title='bbox 3249 2667 3498 2736; x_wconf 73' lang='grc' dir='ltr'>ἀφέντος.</span> <span class='ocrx_word' id='word_1_432' title='bbox 3564 2665 3659 2715; x_wconf 73' lang='grc' dir='ltr'><strong>ῦπ-</strong></span> 
     </span>
    </p>
   </div>
   <div class='ocr_carea' id='block_1_59' title="bbox 2099 2747 3658 2835">
    <p class='ocr_par' dir='ltr' id='par_1_59' title="bbox 2099 2747 3658 2835">
     <span class='ocr_line' id='line_1_59' title="bbox 2099 2747 3658 2835; baseline -0.009 -15"><span class='ocrx_word' id='word_1_433' title='bbox 2099 2765 2395 2835; x_wconf 84' lang='grc' dir='ltr'>εσκελίσθη</span> <span class='ocrx_word' id='word_1_434' title='bbox 2432 2764 2511 2834; x_wconf 79' lang='grc' dir='ltr'><strong>τῷ</strong></span> <span class='ocrx_word' id='word_1_435' title='bbox 2535 2762 2733 2833; x_wconf 77' lang='grc' dir='ltr'>ἐχθρῷ.</span> <span class='ocrx_word' id='word_1_436' title='bbox 2773 2763 2884 2814; x_wconf 71' lang='grc' dir='ltr'><strong>Καὶ</strong></span> <span class='ocrx_word' id='word_1_437' title='bbox 2924 2756 2991 2813; x_wconf 74' lang='grc' dir='ltr'>αὖ</span> <span class='ocrx_word' id='word_1_438' title='bbox 3020 2760 3118 2813; x_wconf 78' lang='grc' dir='ltr'>οὐκ</span> <span class='ocrx_word' id='word_1_439' title='bbox 3144 2759 3305 2829; x_wconf 83' lang='grc' dir='ltr'>ἀρκεῖ</span> <span class='ocrx_word' id='word_1_440' title='bbox 3336 2758 3371 2828; x_wconf 85' lang='grc' dir='ltr'><strong>ή</strong></span> <span class='ocrx_word' id='word_1_441' title='bbox 3415 2755 3508 2809; x_wconf 86' lang='grc' dir='ltr'><strong>τοῦ</strong></span> <span class='ocrx_word' id='word_1_442' title='bbox 3536 2747 3658 2808; x_wconf 80' lang='grc' dir='ltr'>Θεοῦ</span> 
     </span>
    </p>
   </div>
   <div class='ocr_carea' id='block_1_60' title="bbox 2100 2848 3649 2928">
    <p class='ocr_par' dir='ltr' id='par_1_60' title="bbox 2100 2848 3649 2928">
     <span class='ocr_line' id='line_1_60' title="bbox 2100 2848 3649 2928; baseline -0.008 -17"><span class='ocrx_word' id='word_1_443' title='bbox 2100 2854 2417 2928; x_wconf 73' lang='grc' dir='ltr'>ἐπικουρία,</span> <span class='ocrx_word' id='word_1_444' title='bbox 2463 2856 2537 2927; x_wconf 73' lang='grc' dir='ltr'>μὴ</span> <span class='ocrx_word' id='word_1_445' title='bbox 2578 2856 2672 2908; x_wconf 72' lang='grc' dir='ltr'>καὶ</span> <span class='ocrx_word' id='word_1_446' title='bbox 2702 2852 3014 2926; x_wconf 81' lang='grc' dir='ltr'>προθέσεως</span> <span class='ocrx_word' id='word_1_447' title='bbox 3070 2851 3422 2923; x_wconf 78' lang='grc' dir='ltr'>ἀνθρωπίνης</span> <span class='ocrx_word' id='word_1_448' title='bbox 3450 2848 3609 2916; x_wconf 78' lang='grc' dir='ltr'>οὔσης</span> <span class='ocrx_word' id='word_1_449' title='bbox 3634 2860 3649 2878; x_wconf 86' lang='grc'>⁶</span> 
     </span>
    </p>
   </div>
   <div class='ocr_carea' id='block_1_61' title="bbox 2100 2938 3658 3019">
    <p class='ocr_par' dir='ltr' id='par_1_61' title="bbox 2100 2938 3658 3019">
     <span class='ocr_line' id='line_1_61' title="bbox 2100 2938 3658 3019; baseline -0.009 -16"><span class='ocrx_word' id='word_1_450' title='bbox 2100 2949 2289 3019; x_wconf 82' lang='grc' dir='ltr'>ὥσπερ</span> <span class='ocrx_word' id='word_1_451' title='bbox 2310 2943 2405 3001; x_wconf 74' lang='grc' dir='ltr'>οὖν</span> <span class='ocrx_word' id='word_1_452' title='bbox 2437 2947 2532 3000; x_wconf 70' lang='grc' dir='ltr'>καὶ</span> <span class='ocrx_word' id='word_1_453' title='bbox 2565 2945 2766 3009; x_wconf 83' lang='grc' dir='ltr'>Ἰούδας</span> <span class='ocrx_word' id='word_1_454' title='bbox 2801 2940 2954 2998; x_wconf 72' lang='grc' dir='ltr'>οὐδὲν</span> <span class='ocrx_word' id='word_1_455' title='bbox 2984 2938 3262 3013; x_wconf 76' lang='grc' dir='ltr'>ὠφελήθη,</span> <span class='ocrx_word' id='word_1_456' title='bbox 3297 2941 3477 2994; x_wconf 86' lang='grc' dir='ltr'>καίτοι</span> <span class='ocrx_word' id='word_1_457' title='bbox 3497 2939 3658 2992; x_wconf 81' lang='grc' dir='ltr'>πάντα</span> 
     </span>
    </p>
   </div>
   <div class='ocr_carea' id='block_1_62' title="bbox 2101 3029 3657 3111">
    <p class='ocr_par' dir='ltr' id='par_1_62' title="bbox 2101 3029 3657 3111">
     <span class='ocr_line' id='line_1_62' title="bbox 2101 3029 3657 3111; baseline -0.01 -15"><span class='ocrx_word' id='word_1_458' title='bbox 2101 3042 2385 3104; x_wconf 78' lang='grc' dir='ltr'>ποιοῦντος</span> <span class='ocrx_word' id='word_1_459' title='bbox 2404 3039 2499 3093; x_wconf 87' lang='grc' dir='ltr'><strong>τοῦ</strong></span> <span class='ocrx_word' id='word_1_460' title='bbox 2525 3040 2734 3111; x_wconf 80' lang='grc' dir='ltr'>Κυρίου</span> <span class='ocrx_word' id='word_1_461' title='bbox 2764 3038 2845 3098; x_wconf 80' lang='grc' dir='ltr'>εἰς</span> <span class='ocrx_word' id='word_1_462' title='bbox 2870 3037 2932 3089; x_wconf 80' lang='grc' dir='ltr'>τὸ</span> <span class='ocrx_word' id='word_1_463' title='bbox 2966 3035 3230 3107; x_wconf 79' lang='grc' dir='ltr'>κερδῆσαι</span> <span class='ocrx_word' id='word_1_464' title='bbox 3254 3034 3414 3088; x_wconf 79' lang='grc' dir='ltr'>αὐτόν</span> <span class='ocrx_word' id='word_1_465' title='bbox 3435 3046 3449 3061; x_wconf 77' lang='grc' dir='ltr'><strong><em>ο</em></strong></span> <span class='ocrx_word' id='word_1_466' title='bbox 3478 3029 3657 3100; x_wconf 80' lang='grc' dir='ltr'>προαί-</span> 
     </span>
    </p>
   </div>
   <div class='ocr_carea' id='block_1_63' title="bbox 2104 3114 3655 3207">
    <p class='ocr_par' dir='ltr' id='par_1_63' title="bbox 2104 3114 3655 3207">
     <span class='ocr_line' id='line_1_63' title="bbox 2104 3114 3655 3207; baseline -0.009 -20"><span class='ocrx_word' id='word_1_467' title='bbox 2104 3151 2251 3207; x_wconf 82' lang='grc' dir='ltr'>ρεσις</span> <span class='ocrx_word' id='word_1_468' title='bbox 2285 3132 2392 3203; x_wconf 80' lang='grc' dir='ltr'><strong>γὰρ</strong></span> <span class='ocrx_word' id='word_1_469' title='bbox 2417 3132 2564 3201; x_wconf 79' lang='grc' dir='ltr'>ἀπῆν</span> <span class='ocrx_word' id='word_1_470' title='bbox 2586 3129 2784 3199; x_wconf 81' lang='grc' dir='ltr'>ἀγαθή.</span> <span class='ocrx_word' id='word_1_471' title='bbox 2816 3129 3099 3199; x_wconf 80' lang='grc' dir='ltr'>Φρίξωμεν</span> <span class='ocrx_word' id='word_1_472' title='bbox 3129 3123 3221 3180; x_wconf 71' lang='grc' dir='ltr'>οὖν</span> <span class='ocrx_word' id='word_1_473' title='bbox 3241 3123 3546 3185; x_wconf 73' lang='grc' dir='ltr'>ἐννοοῦντες</span> <span class='ocrx_word' id='word_1_474' title='bbox 3569 3114 3655 3175; x_wconf 73' lang='grc' dir='ltr'><strong>τοῦ</strong></span> 
     </span>
    </p>
   </div>
   <div class='ocr_carea' id='block_1_64' title="bbox 421 3190 1994 3294">
    <p class='ocr_par' dir='ltr' id='par_1_64' title="bbox 421 3190 1993 3294">
     <span class='ocr_line' id='line_1_64' title="bbox 421 3190 1993 3294; baseline 0.001 -17"><span class='ocrx_word' id='word_1_475' title='bbox 421 3190 683 3278; x_wconf 58' lang='lat' dir='ltr'><strong>tiuderet.</strong></span> <span class='ocrx_word' id='word_1_476' title='bbox 724 3243 743 3277; x_wconf 80' lang='grc' dir='ltr'><strong>ι</strong></span> <span class='ocrx_word' id='word_1_477' title='bbox 772 3223 922 3280; x_wconf 79' lang='lat' dir='ltr'><strong>Esca:</strong></span> <span class='ocrx_word' id='word_1_478' title='bbox 942 3190 1084 3280; x_wconf 82' lang='lat' dir='ltr'><strong>enim</strong></span> <span class='ocrx_word' id='word_1_479' title='bbox 1107 3190 1342 3289; x_wconf 76' lang='lat' dir='ltr'><strong>diabolo,</strong></span> <span class='ocrx_word' id='word_1_480' title='bbox 1362 3190 1533 3294; x_wconf 73' lang='lat' dir='ltr'><strong>inquit</strong></span> <span class='ocrx_word' id='word_1_481' title='bbox 1552 3224 1836 3294; x_wconf 85' lang='lat' dir='ltr'><strong>prepbeta,</strong></span> <span class='ocrx_word' id='word_1_482' title='bbox 1853 3222 1993 3279; x_wconf 70' lang='lat' dir='ltr'><strong>elec-</strong></span> 
     </span>
    </p>
   </div>
   <div class='ocr_carea' id='block_1_65' title="bbox 2103 3190 3658 3294">
    <p class='ocr_par' dir='ltr' id='par_1_65' title="bbox 2104 3190 3658 3291">
     <span class='ocr_line' id='line_1_65' title="bbox 2104 3190 3658 3291; baseline -0.011 -9"><span class='ocrx_word' id='word_1_483' title='bbox 2104 3190 2481 3291; x_wconf 50' lang='grc' dir='ltr'>διαόόλουπάς</span> <span class='ocrx_word' id='word_1_484' title='bbox 2512 3190 2825 3286; x_wconf 63' lang='grc' dir='ltr'>ἐπιόουλέις,</span> <span class='ocrx_word' id='word_1_485' title='bbox 2851 3190 2946 3285; x_wconf 38' lang='grc' dir='ltr'>οὓς-</span> <span class='ocrx_word' id='word_1_486' title='bbox 2962 3190 3206 3291; x_wconf 75' lang='grc' dir='ltr'>ἰσχύουσι</span> <span class='ocrx_word' id='word_1_487' title='bbox 3231 3216 3375 3273; x_wconf 86' lang='grc' dir='ltr'><strong>κατά</strong></span> <span class='ocrx_word' id='word_1_488' title='bbox 3404 3216 3513 3268; x_wconf 73' lang='grc' dir='ltr'>τῶν</span> <span class='ocrx_word' id='word_1_489' title='bbox 3539 3218 3658 3286; x_wconf 69' lang='grc' dir='ltr'><strong>χει-3ο</strong></span> 
     </span>
    </p>
   </div>
   <div class='ocr_carea' id='block_1_66' title="bbox 420 3316 1997 3389">
    <p class='ocr_par' dir='ltr' id='par_1_66' title="bbox 420 3316 1997 3389">
     <span class='ocr_line' id='line_1_66' title="bbox 420 3316 1997 3389; baseline 0.001 -19"><span class='ocrx_word' id='word_1_490' title='bbox 420 3328 512 3372; x_wconf 64' lang='lat' dir='ltr'><strong>ta‘e.</strong></span> <span class='ocrx_word' id='word_1_491' title='bbox 542 3336 561 3369; x_wconf 75' lang='grc' dir='ltr'><strong>ι</strong></span> <span class='ocrx_word' id='word_1_492' title='bbox 596 3319 704 3373; x_wconf 86' lang='lat' dir='ltr'><strong>Deo</strong></span> <span class='ocrx_word' id='word_1_493' title='bbox 724 3327 906 3374; x_wconf 90' lang='lat' dir='ltr'><strong>autem</strong></span> <span class='ocrx_word' id='word_1_494' title='bbox 930 3319 1208 3389; x_wconf 85' lang='lat' dir='ltr'><strong>sitgratia,</strong></span> <span class='ocrx_word' id='word_1_495' title='bbox 1237 3318 1452 3387; x_wconf 89' lang='lat' dir='ltr'><strong>quiuon</strong></span> <span class='ocrx_word' id='word_1_496' title='bbox 1475 3316 1799 3386; x_wconf 86' lang='lat' dir='ltr'><strong>derelinquit</strong></span> <span class='ocrx_word' id='word_1_497' title='bbox 1835 3331 1997 3372; x_wconf 83' lang='lat' dir='ltr'><strong>sanc-</strong></span> 
     </span>
    </p>
   </div>
   <div class='ocr_carea' id='block_1_67' title="bbox 421 3409 1998 3481">
    <p class='ocr_par' dir='ltr' id='par_1_67' title="bbox 421 3409 1998 3481">
     <span class='ocr_line' id='line_1_67' title="bbox 421 3409 1998 3481; baseline 0 -18"><span class='ocrx_word' id='word_1_498' title='bbox 421 3416 508 3465; x_wconf 84' lang='lat' dir='ltr'><strong>tos</strong></span> <span class='ocrx_word' id='word_1_499' title='bbox 532 3422 587 3465; x_wconf 90' lang='lat' dir='ltr'><strong>et</strong></span> <span class='ocrx_word' id='word_1_500' title='bbox 631 3411 807 3481; x_wconf 78' lang='lat' dir='ltr'><strong>justas</strong></span> <span class='ocrx_word' id='word_1_501' title='bbox 836 3422 890 3466; x_wconf 91' lang='lat' dir='ltr'><strong>et</strong></span> <span class='ocrx_word' id='word_1_502' title='bbox 923 3413 1095 3467; x_wconf 87' lang='lat' dir='ltr'><strong>bonos</strong></span> <span class='ocrx_word' id='word_1_503' title='bbox 1139 3412 1306 3467; x_wconf 89' lang='lat' dir='ltr'><strong>corde</strong></span> <span class='ocrx_word' id='word_1_504' title='bbox 1352 3428 1365 3464; x_wconf 90' lang='lat'><strong>:</strong></span> <span class='ocrx_word' id='word_1_505' title='bbox 1426 3411 1601 3481; x_wconf 86' lang='lat' dir='ltr'><strong>qualis</strong></span> <span class='ocrx_word' id='word_1_506' title='bbox 1636 3422 1751 3466; x_wconf 91' lang='lat' dir='ltr'><strong>erat</strong></span> <span class='ocrx_word' id='word_1_507' title='bbox 1787 3409 1998 3475; x_wconf 83' lang='lat' dir='ltr'><strong>Petrus,</strong></span> 
     </span>
    </p>
   </div>
   <div class='ocr_carea' id='block_1_68' title="bbox 420 3502 1995 3575">
    <p class='ocr_par' dir='ltr' id='par_1_68' title="bbox 420 3502 1995 3575">
     <span class='ocr_line' id='line_1_68' title="bbox 420 3502 1995 3575; baseline 0.003 -23"><span class='ocrx_word' id='word_1_508' title='bbox 420 3502 577 3556; x_wconf 76' lang='lat' dir='ltr'><strong>valde</strong></span> <span class='ocrx_word' id='word_1_509' title='bbox 606 3509 821 3568; x_wconf 81' lang='lat' dir='ltr'><strong>amans,</strong></span> <span class='ocrx_word' id='word_1_510' title='bbox 847 3510 902 3559; x_wconf 90' lang='lat' dir='ltr'><strong>et</strong></span> <span class='ocrx_word' id='word_1_511' title='bbox 945 3502 1156 3560; x_wconf 87' lang='lat' dir='ltr'><strong>alienus</strong></span> <span class='ocrx_word' id='word_1_512' title='bbox 1187 3519 1217 3559; x_wconf 88' lang='lat' dir='ltr'><strong>a</strong></span> <span class='ocrx_word' id='word_1_513' title='bbox 1283 3502 1441 3558; x_wconf 85' lang='lat' dir='ltr'><strong>malis</strong></span> <span class='ocrx_word' id='word_1_514' title='bbox 1491 3518 1619 3575; x_wconf 86' lang='lat' dir='ltr'><strong>erga</strong></span> <span class='ocrx_word' id='word_1_515' title='bbox 1678 3502 1995 3573; x_wconf 59' lang='lat' dir='ltr'><strong>Magistrum</strong></span> 
     </span>
    </p>
   </div>
   <div class='ocr_carea' id='block_1_69' title="bbox 425 3598 849 3667">
    <p class='ocr_par' dir='ltr' id='par_1_69' title="bbox 425 3598 849 3667">
     <span class='ocr_line' id='line_1_69' title="bbox 425 3598 849 3667; baseline 0.012 -19"><span class='ocrx_word' id='word_1_516' title='bbox 425 3598 849 3667; x_wconf 75' lang='lat' dir='ltr'><strong>suspicionibus.</strong></span> 
     </span>
    </p>
   </div>
   <div class='ocr_carea' id='block_1_70' title="bbox 2100 3298 3657 3389">
    <p class='ocr_par' dir='ltr' id='par_1_70' title="bbox 2100 3298 3657 3389">
     <span class='ocr_line' id='line_1_70' title="bbox 2100 3298 3657 3389; baseline -0.011 -16"><span class='ocrx_word' id='word_1_517' title='bbox 2100 3320 2356 3389; x_wconf 77' lang='grc' dir='ltr'>νοτέρων.</span> <span class='ocrx_word' id='word_1_518' title='bbox 2402 3308 2535 3368; x_wconf 64' lang='grc' dir='ltr'>’ἰδοῦ</span> <span class='ocrx_word' id='word_1_519' title='bbox 2584 3314 2696 3386; x_wconf 75' lang='grc' dir='ltr'><strong>γὰρ</strong></span> <span class='ocrx_word' id='word_1_520' title='bbox 2726 3310 2958 3367; x_wconf 78' lang='grc' dir='ltr'>ἐνταῦθα</span> <span class='ocrx_word' id='word_1_521' title='bbox 2997 3309 3024 3361; x_wconf 91' lang='lat'><strong>6</strong></span> <span class='ocrx_word' id='word_1_522' title='bbox 3062 3308 3296 3379; x_wconf 82' lang='grc' dir='ltr'>Πέτρος,</span> <span class='ocrx_word' id='word_1_523' title='bbox 3355 3303 3529 3360; x_wconf 81' lang='grc' dir='ltr'>καίτοι</span> <span class='ocrx_word' id='word_1_524' title='bbox 3562 3298 3657 3357; x_wconf 67' lang='lat'><strong>61:6</strong></span> 
     </span>
    </p>
   </div>
   <div class='ocr_carea' id='block_1_71' title="bbox 2100 3400 3657 3480">
    <p class='ocr_par' dir='ltr' id='par_1_71' title="bbox 2100 3400 3657 3480">
     <span class='ocr_line' id='line_1_71' title="bbox 2100 3400 3657 3480; baseline -0.009 -15"><span class='ocrx_word' id='word_1_525' title='bbox 2100 3412 2236 3465; x_wconf 83' lang='grc' dir='ltr'>Θεοῦ</span> <span class='ocrx_word' id='word_1_526' title='bbox 2287 3408 2595 3480; x_wconf 84' lang='grc' dir='ltr'>συγκρατού</span> <span class='ocrx_word' id='word_1_527' title='bbox 2607 3423 2791 3477; x_wconf 83' lang='grc' dir='ltr'>μενος,</span> <span class='ocrx_word' id='word_1_528' title='bbox 2820 3406 2967 3475; x_wconf 73' lang='grc' dir='ltr'>ὅμως</span> <span class='ocrx_word' id='word_1_529' title='bbox 2999 3402 3133 3456; x_wconf 84' lang='grc' dir='ltr'>διότι</span> <span class='ocrx_word' id='word_1_530' title='bbox 3159 3401 3354 3472; x_wconf 79' lang='grc' dir='ltr'>μικρὸν</span> <span class='ocrx_word' id='word_1_531' title='bbox 3404 3400 3657 3467; x_wconf 76' lang='grc' dir='ltr'>οἰκονομι-</span> 
     </span>
    </p>
   </div>
   <div class='ocr_carea' id='block_1_72' title="bbox 2098 3493 3658 3573">
    <p class='ocr_par' dir='ltr' id='par_1_72' title="bbox 2098 3493 3658 3573">
     <span class='ocr_line' id='line_1_72' title="bbox 2098 3493 3658 3573; baseline -0.01 -14"><span class='ocrx_word' id='word_1_532' title='bbox 2098 3506 2213 3568; x_wconf 82' lang='grc' dir='ltr'>κῶς</span> <span class='ocrx_word' id='word_1_533' title='bbox 2242 3501 2662 3573; x_wconf 79' lang='grc' dir='ltr'>ἐγκατελείφθη,</span> <span class='ocrx_word' id='word_1_534' title='bbox 2694 3502 2773 3559; x_wconf 84' lang='grc' dir='ltr'><strong>είς</strong></span> <span class='ocrx_word' id='word_1_535' title='bbox 2798 3499 3027 3571; x_wconf 82' lang='grc' dir='ltr'>ἄρνησιν</span> <span class='ocrx_word' id='word_1_536' title='bbox 3057 3494 3341 3569; x_wconf 60' lang='grc' dir='ltr'>ἀπηνέχθη</span> <span class='ocrx_word' id='word_1_537' title='bbox 3367 3511 3383 3526; x_wconf 76' lang='grc'><em>’</em></span> <span class='ocrx_word' id='word_1_538' title='bbox 3424 3497 3471 3547; x_wconf 82' lang='grc' dir='ltr'><strong>εἰ</strong></span> <span class='ocrx_word' id='word_1_539' title='bbox 3493 3493 3658 3546; x_wconf 76' lang='grc' dir='ltr'>τοῖνυν</span> 
     </span>
    </p>
   </div>
   <div class='ocr_carea' id='block_1_73' title="bbox 2104 3585 3658 3667">
    <p class='ocr_par' dir='ltr' id='par_1_73' title="bbox 2104 3585 3658 3667">
     <span class='ocr_line' id='line_1_73' title="bbox 2104 3585 3658 3667; baseline -0.009 -18"><span class='ocrx_word' id='word_1_540' title='bbox 2104 3596 2179 3667; x_wconf 80' lang='grc' dir='ltr'>μὴ</span> <span class='ocrx_word' id='word_1_541' title='bbox 2206 3595 2458 3665; x_wconf 81' lang='grc' dir='ltr'>ἐτηρεῖτο</span> <span class='ocrx_word' id='word_1_542' title='bbox 2488 3593 2594 3645; x_wconf 73' lang='grc' dir='ltr'>ὑπὸ</span> <span class='ocrx_word' id='word_1_543' title='bbox 2622 3590 2905 3654; x_wconf 75' lang='grc' dir='ltr'>Θεοῦ,’καἰ</span> <span class='ocrx_word' id='word_1_544' title='bbox 2935 3588 3230 3660; x_wconf 78' lang='grc' dir='ltr'>σπέρματα</span> <span class='ocrx_word' id='word_1_545' title='bbox 3259 3590 3317 3640; x_wconf 82' lang='grc' dir='ltr'><strong>ἐν</strong></span> <span class='ocrx_word' id='word_1_546' title='bbox 3367 3585 3510 3655; x_wconf 78' lang='grc' dir='ltr'>αὐτῷ</span> <span class='ocrx_word' id='word_1_547' title='bbox 3536 3585 3658 3637; x_wconf 65' lang='grc' dir='ltr'>ἁποέ</span> 
     </span>
    </p>
   </div>
   <div class='ocr_carea' id='block_1_74' title="bbox 421 3676 3657 3761">
    <p class='ocr_par' dir='ltr' id='par_1_74' title="bbox 421 3676 3657 3761">
     <span class='ocr_line' id='line_1_74' title="bbox 421 3676 3657 3761; baseline -0.005 -18"><span class='ocrx_word' id='word_1_548' title='bbox 421 3690 648 3759; x_wconf 80' lang='grc' dir='ltr'>κείμενα</span> <span class='ocrx_word' id='word_1_549' title='bbox 776 3682 974 3758; x_wconf 78' lang='grc' dir='ltr'>ἀγαθὰ,</span> <span class='ocrx_word' id='word_1_550' title='bbox 1009 3690 1062 3742; x_wconf 83' lang='grc' dir='ltr'><strong>τί</strong></span> <span class='ocrx_word' id='word_1_551' title='bbox 1086 3690 1186 3744; x_wconf 84' lang='grc' dir='ltr'>οὐκ</span> <span class='ocrx_word' id='word_1_552' title='bbox 1211 3691 1277 3745; x_wconf 82' lang='grc' dir='ltr'>ἂν</span> <span class='ocrx_word' id='word_1_553' title='bbox 1310 3680 1539 3755; x_wconf 75' lang='grc' dir='ltr'>ἐπαθενς</span> <span class='ocrx_word' id='word_1_554' title='bbox 1580 3690 1639 3745; x_wconf 89' lang='grc' dir='ltr'><strong>Ὅ</strong></span> <span class='ocrx_word' id='word_1_555' title='bbox 1668 3691 1777 3761; x_wconf 81' lang='grc' dir='ltr'>γὰρ</span> <span class='ocrx_word' id='word_1_556' title='bbox 1801 3689 2000 3753; x_wconf 69' lang='grc' dir='ltr'>σκοπὸς</span> <span class='ocrx_word' id='word_1_557' title='bbox 2039 3687 2115 3757; x_wconf 85' lang='grc' dir='ltr'>τῷ</span> <span class='ocrx_word' id='word_1_558' title='bbox 2172 3686 2404 3756; x_wconf 75' lang='grc' dir='ltr'>διαϐόλῳ</span> <span class='ocrx_word' id='word_1_559' title='bbox 2429 3681 2515 3756; x_wconf 76' lang='grc' dir='ltr'>ἦν,</span> <span class='ocrx_word' id='word_1_560' title='bbox 2571 3685 2666 3737; x_wconf 70' lang='grc' dir='ltr'>καὶ</span> <span class='ocrx_word' id='word_1_561' title='bbox 2693 3682 2883 3736; x_wconf 86' lang='grc' dir='ltr'>τοῦτον</span> <span class='ocrx_word' id='word_1_562' title='bbox 2920 3683 2998 3746; x_wconf 79' lang='grc' dir='ltr'>εἰς</span> <span class='ocrx_word' id='word_1_563' title='bbox 3029 3681 3321 3752; x_wconf 79' lang='grc' dir='ltr'>προδοσίαν</span> <span class='ocrx_word' id='word_1_564' title='bbox 3349 3677 3515 3751; x_wconf 79' lang='grc' dir='ltr'>ῥίψαι.</span> <span class='ocrx_word' id='word_1_565' title='bbox 3544 3697 3561 3727; x_wconf 83' lang='grc' dir='ltr'><strong>ι</strong></span> <span class='ocrx_word' id='word_1_566' title='bbox 3584 3676 3657 3728; x_wconf 72' lang='lat' dir='ltr'><strong>Ti</strong></span> 
     </span>
    </p>
   </div>
   <div class='ocr_carea' id='block_1_75' title="bbox 422 3769 3656 3856">
    <p class='ocr_par' dir='ltr' id='par_1_75' title="bbox 422 3769 3656 3856">
     <span class='ocr_line' id='line_1_75' title="bbox 422 3769 3656 3856; baseline -0.005 -18"><span class='ocrx_word' id='word_1_567' title='bbox 422 3784 533 3854; x_wconf 77' lang='grc' dir='ltr'><strong>γάρ</strong></span> <span class='ocrx_word' id='word_1_568' title='bbox 567 3780 836 3855; x_wconf 82' lang='grc' dir='ltr'>βρώματα</span> <span class='ocrx_word' id='word_1_569' title='bbox 863 3782 1220 3855; x_wconf 80' lang='grc' dir='ltr'>τῷδιαὸόλῳ,</span> <span class='ocrx_word' id='word_1_570' title='bbox 1247 3785 1415 3854; x_wconf 66' lang='grc' dir='ltr'>φησιν</span> <span class='ocrx_word' id='word_1_571' title='bbox 1458 3787 1487 3838; x_wconf 87' lang='lat'><strong>6</strong></span> <span class='ocrx_word' id='word_1_572' title='bbox 1546 3785 1851 3856; x_wconf 74' lang='grc' dir='ltr'>προφήτης,</span> <span class='ocrx_word' id='word_1_573' title='bbox 1922 3778 2153 3836; x_wconf 83' lang='grc' dir='ltr'>ἐκλεκτά</span> <span class='ocrx_word' id='word_1_574' title='bbox 2245 3800 2261 3831; x_wconf 85' lang='grc' dir='ltr'><strong>ι</strong></span> <span class='ocrx_word' id='word_1_575' title='bbox 2332 3781 2507 3848; x_wconf 77' lang='grc' dir='ltr'>Χάρις</span> <span class='ocrx_word' id='word_1_576' title='bbox 2557 3777 2614 3830; x_wconf 82' lang='grc' dir='ltr'><strong>δέ</strong></span> <span class='ocrx_word' id='word_1_577' title='bbox 2651 3776 2769 3847; x_wconf 82' lang='grc' dir='ltr'><strong>Θεῷ</strong></span> <span class='ocrx_word' id='word_1_578' title='bbox 2806 3776 2884 3848; x_wconf 79' lang='grc' dir='ltr'>τῷ</span> <span class='ocrx_word' id='word_1_579' title='bbox 2911 3778 3012 3828; x_wconf 73' lang='grc' dir='ltr'>οὐκ</span> <span class='ocrx_word' id='word_1_580' title='bbox 3058 3772 3501 3842; x_wconf 80' lang='grc' dir='ltr'>ἐγκαταλείποντι</span> <span class='ocrx_word' id='word_1_581' title='bbox 3543 3769 3656 3825; x_wconf 67' lang='grc' dir='ltr'>τοὺς</span> 
     </span>
    </p>
   </div>
   <div class='ocr_carea' id='block_1_76' title="bbox 421 3865 3658 3950">
    <p class='ocr_par' dir='ltr' id='par_1_76' title="bbox 421 3865 3658 3950">
     <span class='ocr_line' id='line_1_76' title="bbox 421 3865 3658 3950; baseline -0.005 -21"><span class='ocrx_word' id='word_1_582' title='bbox 421 3876 624 3941; x_wconf 77' lang='grc' dir='ltr'>ὁσίους,</span> <span class='ocrx_word' id='word_1_583' title='bbox 657 3875 753 3931; x_wconf 69' lang='grc' dir='ltr'>καὶ</span> <span class='ocrx_word' id='word_1_584' title='bbox 780 3876 1045 3942; x_wconf 85' lang='grc' dir='ltr'>δικαίους,</span> <span class='ocrx_word' id='word_1_585' title='bbox 1101 3877 1197 3931; x_wconf 73' lang='grc' dir='ltr'>καὶ</span> <span class='ocrx_word' id='word_1_586' title='bbox 1241 3877 1483 3946; x_wconf 77' lang='grc' dir='ltr'>ἀγαθοὺς</span> <span class='ocrx_word' id='word_1_587' title='bbox 1524 3880 1592 3947; x_wconf 78' lang='grc' dir='ltr'>τῇ</span> <span class='ocrx_word' id='word_1_588' title='bbox 1624 3876 1839 3950; x_wconf 79' lang='grc' dir='ltr'>καρδίᾳ,</span> <span class='ocrx_word' id='word_1_589' title='bbox 1876 3868 1988 3938; x_wconf 66' lang='grc' dir='ltr'>οἷος</span> <span class='ocrx_word' id='word_1_590' title='bbox 2048 3870 2115 3945; x_wconf 80' lang='grc' dir='ltr'>ἦν</span> <span class='ocrx_word' id='word_1_591' title='bbox 2146 3874 2175 3927; x_wconf 97' lang='lat'><strong>6</strong></span> <span class='ocrx_word' id='word_1_592' title='bbox 2225 3871 2451 3944; x_wconf 80' lang='grc' dir='ltr'>Πέτρος,</span> <span class='ocrx_word' id='word_1_593' title='bbox 2495 3870 2872 3942; x_wconf 75' lang='grc' dir='ltr'>φιλόστοργος,</span> <span class='ocrx_word' id='word_1_594' title='bbox 2905 3868 3000 3923; x_wconf 75' lang='grc' dir='ltr'>καὶ</span> <span class='ocrx_word' id='word_1_595' title='bbox 3061 3867 3191 3939; x_wconf 77' lang='grc' dir='ltr'>περὶ</span> <span class='ocrx_word' id='word_1_596' title='bbox 3218 3865 3311 3920; x_wconf 75' lang='grc' dir='ltr'><strong>τὸν</strong></span> <span class='ocrx_word' id='word_1_597' title='bbox 3347 3865 3658 3919; x_wconf 75' lang='grc' dir='ltr'>Διδάσκαλον</span> 
     </span>
    </p>
   </div>
   <div class='ocr_carea' id='block_1_77' title="bbox 423 3968 1499 4041">
    <p class='ocr_par' dir='ltr' id='par_1_77' title="bbox 423 3968 1499 4041">
     <span class='ocr_line' id='line_1_77' title="bbox 423 3968 1499 4041; baseline 0 -18"><span class='ocrx_word' id='word_1_598' title='bbox 423 3971 607 4041; x_wconf 84' lang='grc' dir='ltr'>πάσης</span> <span class='ocrx_word' id='word_1_599' title='bbox 645 3970 886 4039; x_wconf 76' lang='grc' dir='ltr'>πονηρᾶς</span> <span class='ocrx_word' id='word_1_600' title='bbox 923 3968 1178 4032; x_wconf 75' lang='grc' dir='ltr'>ὑπονοίας</span> <span class='ocrx_word' id='word_1_601' title='bbox 1201 3968 1499 4040; x_wconf 79' lang='grc' dir='ltr'>ἀλλότριος.</span> 
     </span>
    </p>
   </div>
   <div class='ocr_carea' id='block_1_78' title="bbox 495 4060 2006 4131">
    <p class='ocr_par' dir='ltr' id='par_1_78' title="bbox 495 4060 2006 4131">
     <span class='ocr_line' id='line_1_78' title="bbox 495 4060 2006 4131; baseline 0.001 -13"><span class='ocrx_word' id='word_1_602' title='bbox 495 4064 663 4120; x_wconf 70' lang='lat' dir='ltr'><strong>Vens.</strong></span> <span class='ocrx_word' id='word_1_603' title='bbox 697 4065 890 4122; x_wconf 76' lang='lat'><strong>55-58.</strong></span> <span class='ocrx_word' id='word_1_604' title='bbox 928 4084 950 4116; x_wconf 81' lang='grc' dir='ltr'><strong>ι</strong></span> <span class='ocrx_word' id='word_1_605' title='bbox 996 4060 1059 4118; x_wconf 86' lang='lat' dir='ltr'><strong>Et</strong></span> <span class='ocrx_word' id='word_1_606' title='bbox 1111 4065 1397 4119; x_wconf 62' lang='lat' dir='ltr'><strong>dixiteis:</strong></span> <span class='ocrx_word' id='word_1_607' title='bbox 1450 4060 1677 4131; x_wconf 86' lang='lat' dir='ltr'><strong>Quando</strong></span> <span class='ocrx_word' id='word_1_608' title='bbox 1737 4065 1859 4119; x_wconf 89' lang='lat' dir='ltr'><strong>misi</strong></span> <span class='ocrx_word' id='word_1_609' title='bbox 1911 4081 2006 4119; x_wconf 84' lang='lat' dir='ltr'><strong>vos</strong></span> 
     </span>
    </p>
   </div>
   <div class='ocr_carea' id='block_1_79' title="bbox 425 4155 2004 4226">
    <p class='ocr_par' dir='ltr' id='par_1_79' title="bbox 425 4155 2004 4226">
     <span class='ocr_line' id='line_1_79' title="bbox 425 4155 2004 4226; baseline -0.002 -14"><span class='ocrx_word' id='word_1_610' title='bbox 425 4158 543 4213; x_wconf 89' lang='lat' dir='ltr'><strong>sine</strong></span> <span class='ocrx_word' id='word_1_611' title='bbox 578 4156 798 4212; x_wconf 82' lang='lat' dir='ltr'><strong>sacculo</strong></span> <span class='ocrx_word' id='word_1_612' title='bbox 825 4167 879 4210; x_wconf 88' lang='lat' dir='ltr'><strong>et</strong></span> <span class='ocrx_word' id='word_1_613' title='bbox 904 4172 1030 4226; x_wconf 87' lang='lat' dir='ltr'><strong>pera</strong></span> <span class='ocrx_word' id='word_1_614' title='bbox 1062 4165 1115 4212; x_wconf 92' lang='lat' dir='ltr'><strong>et</strong></span> <span class='ocrx_word' id='word_1_615' title='bbox 1145 4157 1550 4221; x_wconf 73' lang='lat' dir='ltr'><strong>calceamentis,</strong></span> <span class='ocrx_word' id='word_1_616' title='bbox 1584 4172 1710 4211; x_wconf 89' lang='lat' dir='ltr'><strong>nttm</strong></span> <span class='ocrx_word' id='word_1_617' title='bbox 1749 4156 1874 4224; x_wconf 91' lang='lat' dir='ltr'><strong>quid</strong></span> <span class='ocrx_word' id='word_1_618' title='bbox 1905 4155 2004 4209; x_wconf 88' lang='lat' dir='ltr'><strong>de-</strong></span> 
     </span>
    </p>
   </div>
   <div class='ocr_carea' id='block_1_80' title="bbox 425 4238 2001 4317">
    <p class='ocr_par' dir='ltr' id='par_1_80' title="bbox 425 4238 2001 4317">
     <span class='ocr_line' id='line_1_80' title="bbox 425 4238 2001 4317; baseline -0.003 -14"><span class='ocrx_word' id='word_1_619' title='bbox 425 4250 528 4304; x_wconf 84' lang='lat' dir='ltr'><strong>fuit</strong></span> <span class='ocrx_word' id='word_1_620' title='bbox 553 4245 740 4303; x_wconf 79' lang='lat' dir='ltr'><strong>vobis?</strong></span> <span class='ocrx_word' id='word_1_621' title='bbox 765 4249 836 4302; x_wconf 80' lang='lat' dir='ltr'><strong>At</strong></span> <span class='ocrx_word' id='word_1_622' title='bbox 876 4248 951 4301; x_wconf 89' lang='lat' dir='ltr'><strong>illi</strong></span> <span class='ocrx_word' id='word_1_623' title='bbox 991 4249 1245 4303; x_wconf 79' lang='lat' dir='ltr'><strong>dixerunt</strong></span> <span class='ocrx_word' id='word_1_624' title='bbox 1280 4265 1293 4301; x_wconf 91' lang='lat'><strong>:</strong></span> <span class='ocrx_word' id='word_1_625' title='bbox 1327 4238 1490 4303; x_wconf 83' lang='lat' dir='ltr'><strong>Nihil.</strong></span> <span class='ocrx_word' id='word_1_626' title='bbox 1535 4249 1680 4303; x_wconf 81' lang='lat' dir='ltr'><strong>Dixit</strong></span> <span class='ocrx_word' id='word_1_627' title='bbox 1733 4264 1860 4317; x_wconf 85' lang='lat' dir='ltr'><strong>ergo</strong></span> <span class='ocrx_word' id='word_1_628' title='bbox 1887 4248 2001 4302; x_wconf 86' lang='lat' dir='ltr'><strong>eis:</strong></span> 
     </span>
    </p>
   </div>
   <div class='ocr_carea' id='block_1_81' title="bbox 427 4332 2004 4410">
    <p class='ocr_par' dir='ltr' id='par_1_81' title="bbox 427 4332 2004 4410">
     <span class='ocr_line' id='line_1_81' title="bbox 427 4332 2004 4410; baseline -0.002 -14"><span class='ocrx_word' id='word_1_629' title='bbox 427 4332 535 4396; x_wconf 81' lang='lat' dir='ltr'><strong>Sed</strong></span> <span class='ocrx_word' id='word_1_630' title='bbox 587 4355 729 4395; x_wconf 90' lang='lat' dir='ltr'><strong>nunc</strong></span> <span class='ocrx_word' id='word_1_631' title='bbox 759 4341 847 4410; x_wconf 87' lang='lat' dir='ltr'><strong>qui</strong></span> <span class='ocrx_word' id='word_1_632' title='bbox 885 4334 1043 4395; x_wconf 82' lang='lat' dir='ltr'><strong>habet</strong></span> <span class='ocrx_word' id='word_1_633' title='bbox 1109 4340 1407 4409; x_wconf 72' lang='lat' dir='ltr'><strong>sacculum,</strong></span> <span class='ocrx_word' id='word_1_634' title='bbox 1448 4341 1598 4396; x_wconf 82' lang='lat' dir='ltr'><strong>tollat</strong></span> <span class='ocrx_word' id='word_1_635' title='bbox 1657 4332 1908 4395; x_wconf 86' lang='lat' dir='ltr'><strong>similiter</strong></span> <span class='ocrx_word' id='word_1_636' title='bbox 1951 4350 2004 4395; x_wconf 85' lang='lat' dir='ltr'><strong>et</strong></span> 
     </span>
    </p>
   </div>
   <div class='ocr_carea' id='block_1_82' title="bbox 423 4431 2003 4503">
    <p class='ocr_par' dir='ltr' id='par_1_82' title="bbox 423 4431 2003 4503">
     <span class='ocr_line' id='line_1_82' title="bbox 423 4431 2003 4503; baseline -0.001 -17"><span class='ocrx_word' id='word_1_637' title='bbox 423 4439 654 4503; x_wconf 80' lang='lat' dir='ltr'><strong>peram:</strong></span> <span class='ocrx_word' id='word_1_638' title='bbox 712 4441 764 4485; x_wconf 92' lang='lat' dir='ltr'><strong>et</strong></span> <span class='ocrx_word' id='word_1_639' title='bbox 800 4431 889 4501; x_wconf 91' lang='lat' dir='ltr'><strong>qui</strong></span> <span class='ocrx_word' id='word_1_640' title='bbox 928 4446 1031 4485; x_wconf 88' lang='lat' dir='ltr'><strong>non</strong></span> <span class='ocrx_word' id='word_1_641' title='bbox 1078 4432 1258 4498; x_wconf 83' lang='lat' dir='ltr'><strong>habet,</strong></span> <span class='ocrx_word' id='word_1_642' title='bbox 1299 4434 1496 4488; x_wconf 76' lang='lat' dir='ltr'><strong>vendat</strong></span> <span class='ocrx_word' id='word_1_643' title='bbox 1546 4433 1782 4487; x_wconf 88' lang='lat' dir='ltr'><strong>tunicam</strong></span> <span class='ocrx_word' id='word_1_644' title='bbox 1827 4447 2003 4499; x_wconf 87' lang='lat' dir='ltr'><strong>suam,</strong></span> 
     </span>
    </p>
   </div>
   <div class='ocr_carea' id='block_1_83' title="bbox 427 4514 1995 4595">
    <p class='ocr_par' dir='ltr' id='par_1_83' title="bbox 427 4514 1995 4595">
     <span class='ocr_line' id='line_1_83' title="bbox 427 4514 1995 4595; baseline 0 -17"><span class='ocrx_word' id='word_1_645' title='bbox 427 4535 483 4578; x_wconf 86' lang='lat' dir='ltr'><strong>et</strong></span> <span class='ocrx_word' id='word_1_646' title='bbox 511 4531 655 4578; x_wconf 75' lang='lat' dir='ltr'><strong>eruat</strong></span> <span class='ocrx_word' id='word_1_647' title='bbox 683 4514 939 4595; x_wconf 77' lang='lat' dir='ltr'><strong>gladium.</strong></span> <span class='ocrx_word' id='word_1_648' title='bbox 973 4521 1265 4577; x_wconf 76' lang='lat' dir='ltr'><strong>Dicoeniut</strong></span> <span class='ocrx_word' id='word_1_649' title='bbox 1298 4526 1471 4584; x_wconf 71' lang='lat' dir='ltr'><strong>vobis.</strong></span> <span class='ocrx_word' id='word_1_650' title='bbox 1500 4525 1755 4594; x_wconf 88' lang='lat' dir='ltr'><strong>quoniam</strong></span> <span class='ocrx_word' id='word_1_651' title='bbox 1818 4523 1995 4578; x_wconf 90' lang='lat' dir='ltr'><strong>adhuc</strong></span> 
     </span>
    </p>
   </div>
   <div class='ocr_carea' id='block_1_84' title="bbox 426 4613 1999 4684">
    <p class='ocr_par' dir='ltr' id='par_1_84' title="bbox 426 4613 1999 4684">
     <span class='ocr_line' id='line_1_84' title="bbox 426 4613 1999 4684; baseline -0.001 -15"><span class='ocrx_word' id='word_1_652' title='bbox 426 4615 531 4669; x_wconf 83' lang='lat' dir='ltr'><strong>hoc</strong></span> <span class='ocrx_word' id='word_1_653' title='bbox 567 4614 707 4684; x_wconf 86' lang='lat' dir='ltr'><strong>quod</strong></span> <span class='ocrx_word' id='word_1_654' title='bbox 765 4613 1027 4683; x_wconf 85' lang='lat' dir='ltr'><strong>scriptum</strong></span> <span class='ocrx_word' id='word_1_655' title='bbox 1068 4622 1150 4668; x_wconf 85' lang='lat' dir='ltr'><strong>est</strong></span> <span class='ocrx_word' id='word_1_656' title='bbox 1215 4622 1425 4682; x_wconf 70' lang='lat' dir='ltr'><strong>oportet</strong></span> <span class='ocrx_word' id='word_1_657' title='bbox 1474 4613 1660 4684; x_wconf 83' lang='lat' dir='ltr'><strong>perﬁci</strong></span> <span class='ocrx_word' id='word_1_658' title='bbox 1700 4615 1752 4667; x_wconf 90' lang='lat' dir='ltr'><strong>in</strong></span> <span class='ocrx_word' id='word_1_659' title='bbox 1789 4628 1893 4681; x_wconf 88' lang='lat' dir='ltr'><strong>me,</strong></span> <span class='ocrx_word' id='word_1_660' title='bbox 1932 4613 1999 4668; x_wconf 85' lang='lat' dir='ltr'><strong>Et</strong></span> 
     </span>
    </p>
   </div>
   <div class='ocr_carea' id='block_1_85' title="bbox 427 4700 1999 4778">
    <p class='ocr_par' dir='ltr' id='par_1_85' title="bbox 427 4700 1999 4778">
     <span class='ocr_line' id='line_1_85' title="bbox 427 4700 1999 4778; baseline -0.003 -16"><span class='ocrx_word' id='word_1_661' title='bbox 427 4724 553 4762; x_wconf 91' lang='lat' dir='ltr'><strong>eum</strong></span> <span class='ocrx_word' id='word_1_662' title='bbox 589 4700 789 4774; x_wconf 87' lang='lat' dir='ltr'><strong>iniquis</strong></span> <span class='ocrx_word' id='word_1_663' title='bbox 836 4710 1125 4778; x_wconf 81' lang='lat' dir='ltr'><strong>deputatus</strong></span> <span class='ocrx_word' id='word_1_664' title='bbox 1169 4710 1251 4761; x_wconf 85' lang='lat' dir='ltr'><strong>est</strong></span> <span class='ocrx_word' id='word_1_665' title='bbox 1273 4703 1338 4761; x_wconf 75' lang='lat'><strong>&quot;.</strong></span> <span class='ocrx_word' id='word_1_666' title='bbox 1379 4706 1589 4761; x_wconf 84' lang='lat' dir='ltr'><strong>Etenim</strong></span> <span class='ocrx_word' id='word_1_667' title='bbox 1629 4722 1688 4761; x_wconf 82' lang='lat' dir='ltr'><strong>ea</strong></span> <span class='ocrx_word' id='word_1_668' title='bbox 1725 4721 1844 4772; x_wconf 68' lang='lat' dir='ltr'><strong>qua:</strong></span> <span class='ocrx_word' id='word_1_669' title='bbox 1878 4715 1999 4759; x_wconf 87' lang='lat' dir='ltr'><strong>sunt</strong></span> 
     </span>
    </p>
   </div>
   <div class='ocr_carea' id='block_1_86' title="bbox 427 4795 1989 4860">
    <p class='ocr_par' dir='ltr' id='par_1_86' title="bbox 427 4795 1989 4860">
     <span class='ocr_line' id='line_1_86' title="bbox 427 4795 1989 4860; baseline -0.002 -9"><span class='ocrx_word' id='word_1_670' title='bbox 427 4796 494 4852; x_wconf 87' lang='lat' dir='ltr'><strong>de</strong></span> <span class='ocrx_word' id='word_1_671' title='bbox 525 4806 629 4860; x_wconf 90' lang='lat' dir='ltr'><strong>me,</strong></span> <span class='ocrx_word' id='word_1_672' title='bbox 672 4797 833 4851; x_wconf 80' lang='lat' dir='ltr'><strong>finem</strong></span> <span class='ocrx_word' id='word_1_673' title='bbox 870 4797 1091 4851; x_wconf 86' lang='lat' dir='ltr'><strong>habent.</strong></span> <span class='ocrx_word' id='word_1_674' title='bbox 1154 4797 1222 4851; x_wconf 78' lang='lat' dir='ltr'><strong>At</strong></span> <span class='ocrx_word' id='word_1_675' title='bbox 1251 4797 1326 4852; x_wconf 90' lang='lat' dir='ltr'><strong>illi</strong></span> <span class='ocrx_word' id='word_1_676' title='bbox 1381 4799 1631 4853; x_wconf 83' lang='lat' dir='ltr'><strong>dixerunt</strong></span> <span class='ocrx_word' id='word_1_677' title='bbox 1683 4814 1696 4850; x_wconf 87' lang='lat'><strong>:</strong></span> <span class='ocrx_word' id='word_1_678' title='bbox 1744 4795 1989 4856; x_wconf 87' lang='lat' dir='ltr'><strong>Domine,</strong></span> 
     </span>
    </p>
   </div>
   <div class='ocr_carea' id='block_1_87' title="bbox 426 4880 1990 4959">
    <p class='ocr_par' dir='ltr' id='par_1_87' title="bbox 426 4880 1990 4959">
     <span class='ocr_line' id='line_1_87' title="bbox 426 4880 1990 4959; baseline -0.003 -18"><span class='ocrx_word' id='word_1_679' title='bbox 426 4903 553 4945; x_wconf 87' lang='lat' dir='ltr'><strong>ecce</strong></span> <span class='ocrx_word' id='word_1_680' title='bbox 582 4890 687 4943; x_wconf 89' lang='lat' dir='ltr'><strong>duo</strong></span> <span class='ocrx_word' id='word_1_681' title='bbox 713 4880 872 4959; x_wconf 80' lang='lat' dir='ltr'><strong>gladii</strong></span> <span class='ocrx_word' id='word_1_682' title='bbox 904 4889 1011 4943; x_wconf 88' lang='lat' dir='ltr'><strong>hic.</strong></span> <span class='ocrx_word' id='word_1_683' title='bbox 1056 4891 1120 4941; x_wconf 79' lang='lat' dir='ltr'><strong>At</strong></span> <span class='ocrx_word' id='word_1_684' title='bbox 1160 4884 1251 4944; x_wconf 92' lang='lat' dir='ltr'><strong>ille</strong></span> <span class='ocrx_word' id='word_1_685' title='bbox 1280 4890 1418 4944; x_wconf 81' lang='lat' dir='ltr'><strong>dixit</strong></span> <span class='ocrx_word' id='word_1_686' title='bbox 1457 4890 1536 4943; x_wconf 86' lang='lat' dir='ltr'><strong>eis</strong></span> <span class='ocrx_word' id='word_1_687' title='bbox 1577 4905 1591 4942; x_wconf 77' lang='grc' dir='ltr'><strong>τ</strong></span> <span class='ocrx_word' id='word_1_688' title='bbox 1641 4888 1787 4942; x_wconf 86' lang='lat' dir='ltr'><strong>Satis</strong></span> <span class='ocrx_word' id='word_1_689' title='bbox 1831 4897 1933 4941; x_wconf 90' lang='lat' dir='ltr'><strong>est.</strong></span> <span class='ocrx_word' id='word_1_690' title='bbox 1972 4906 1990 4937; x_wconf 74' lang='grc' dir='ltr'><strong>ι</strong></span> 
     </span>
    </p>
   </div>
   <div class='ocr_carea' id='block_1_88' title="bbox 428 4976 2002 5052">
    <p class='ocr_par' dir='ltr' id='par_1_88' title="bbox 428 4976 2002 5052">
     <span class='ocr_line' id='line_1_88' title="bbox 428 4976 2002 5052; baseline -0.003 -16"><span class='ocrx_word' id='word_1_691' title='bbox 428 4984 485 5037; x_wconf 91' lang='lat' dir='ltr'><strong>lo</strong></span> <span class='ocrx_word' id='word_1_692' title='bbox 508 4981 773 5052; x_wconf 88' lang='lat' dir='ltr'><strong>principio</strong></span> <span class='ocrx_word' id='word_1_693' title='bbox 797 4981 1012 5051; x_wconf 86' lang='lat' dir='ltr'><strong>quidem</strong></span> <span class='ocrx_word' id='word_1_694' title='bbox 1043 4982 1436 5051; x_wconf 74' lang='lat' dir='ltr'><strong>prmdicationis</strong></span> <span class='ocrx_word' id='word_1_695' title='bbox 1467 4982 1685 5034; x_wconf 87' lang='lat' dir='ltr'><strong>mittens</strong></span> <span class='ocrx_word' id='word_1_696' title='bbox 1707 4976 2002 5048; x_wconf 86' lang='lat' dir='ltr'><strong>discipulos</strong></span> 
     </span>
    </p>
   </div>
   <div class='ocr_carea' id='block_1_89' title="bbox 430 5067 2003 5138">
    <p class='ocr_par' dir='ltr' id='par_1_89' title="bbox 430 5067 2003 5138">
     <span class='ocr_line' id='line_1_89' title="bbox 430 5067 2003 5138; baseline -0.004 -11"><span class='ocrx_word' id='word_1_697' title='bbox 430 5072 692 5127; x_wconf 87' lang='lat' dir='ltr'><strong>Dominus</strong></span> <span class='ocrx_word' id='word_1_698' title='bbox 722 5072 773 5125; x_wconf 91' lang='lat' dir='ltr'><strong>in</strong></span> <span class='ocrx_word' id='word_1_699' title='bbox 800 5071 1013 5126; x_wconf 85' lang='lat' dir='ltr'><strong>castella</strong></span> <span class='ocrx_word' id='word_1_700' title='bbox 1058 5076 1114 5124; x_wconf 91' lang='lat' dir='ltr'><strong>et</strong></span> <span class='ocrx_word' id='word_1_701' title='bbox 1138 5068 1408 5135; x_wconf 79' lang='lat' dir='ltr'><strong>civitates,</strong></span> <span class='ocrx_word' id='word_1_702' title='bbox 1443 5072 1646 5138; x_wconf 82' lang='lat' dir='ltr'><strong>absque</strong></span> <span class='ocrx_word' id='word_1_703' title='bbox 1676 5067 2003 5122; x_wconf 82' lang='lat' dir='ltr'><strong>necessariis</strong></span> 
     </span>
    </p>
   </div>
   <div class='ocr_carea' id='block_1_90' title="bbox 430 5160 2006 5229">
    <p class='ocr_par' dir='ltr' id='par_1_90' title="bbox 430 5160 2006 5229">
     <span class='ocr_line' id='line_1_90' title="bbox 430 5160 2006 5229; baseline -0.002 -18"><span class='ocrx_word' id='word_1_704' title='bbox 430 5161 659 5223; x_wconf 86' lang='lat' dir='ltr'><strong>dimisit,</strong></span> <span class='ocrx_word' id='word_1_705' title='bbox 693 5176 865 5229; x_wconf 86' lang='lat' dir='ltr'><strong>neque</strong></span> <span class='ocrx_word' id='word_1_706' title='bbox 895 5161 1044 5214; x_wconf 82' lang='lat' dir='ltr'><strong>dedit</strong></span> <span class='ocrx_word' id='word_1_707' title='bbox 1072 5161 1269 5227; x_wconf 86' lang='lat' dir='ltr'><strong>quibus</strong></span> <span class='ocrx_word' id='word_1_708' title='bbox 1329 5160 1599 5213; x_wconf 87' lang='lat' dir='ltr'><strong>habebant</strong></span> <span class='ocrx_word' id='word_1_709' title='bbox 1626 5173 1779 5227; x_wconf 84' lang='lat' dir='ltr'><strong>opus,</strong></span> <span class='ocrx_word' id='word_1_710' title='bbox 1834 5170 2006 5225; x_wconf 86' lang='lat' dir='ltr'><strong>neque</strong></span> 
     </span>
    </p>
   </div>
   <div class='ocr_carea' id='block_1_91' title="bbox 433 5250 2006 5321">
    <p class='ocr_par' dir='ltr' id='par_1_91' title="bbox 433 5250 2006 5321">
     <span class='ocr_line' id='line_1_91' title="bbox 433 5250 2006 5321; baseline 0 -20"><span class='ocrx_word' id='word_1_711' title='bbox 433 5265 621 5303; x_wconf 80' lang='lat' dir='ltr'><strong>curam</strong></span> <span class='ocrx_word' id='word_1_712' title='bbox 645 5266 834 5321; x_wconf 81' lang='lat' dir='ltr'><strong>gerere</strong></span> <span class='ocrx_word' id='word_1_713' title='bbox 861 5252 1093 5305; x_wconf 77' lang='lat' dir='ltr'><strong>volebat.</strong></span> <span class='ocrx_word' id='word_1_714' title='bbox 1126 5250 1274 5321; x_wconf 90' lang='lat' dir='ltr'><strong>Ipsos</strong></span> <span class='ocrx_word' id='word_1_715' title='bbox 1301 5251 1444 5305; x_wconf 88' lang='lat' dir='ltr'><strong>enim</strong></span> <span class='ocrx_word' id='word_1_716' title='bbox 1468 5252 1627 5304; x_wconf 83' lang='lat' dir='ltr'><strong>etiam</strong></span> <span class='ocrx_word' id='word_1_717' title='bbox 1652 5250 1707 5304; x_wconf 84' lang='lat' dir='ltr'><strong>in</strong></span> <span class='ocrx_word' id='word_1_718' title='bbox 1728 5253 1812 5304; x_wconf 83' lang='lat' dir='ltr'><strong>his</strong></span> <span class='ocrx_word' id='word_1_719' title='bbox 1844 5266 2006 5318; x_wconf 82' lang='lat' dir='ltr'><strong>opor-</strong></span> 
     </span>
    </p>
   </div>
   <div class='ocr_carea' id='block_1_92' title="bbox 436 5343 2001 5411">
    <p class='ocr_par' dir='ltr' id='par_1_92' title="bbox 436 5343 2001 5411">
     <span class='ocr_line' id='line_1_92' title="bbox 436 5343 2001 5411; baseline 0 -16"><span class='ocrx_word' id='word_1_720' title='bbox 436 5344 582 5396; x_wconf 85' lang='lat' dir='ltr'><strong>tebat</strong></span> <span class='ocrx_word' id='word_1_721' title='bbox 617 5344 828 5398; x_wconf 90' lang='lat' dir='ltr'><strong>discere</strong></span> <span class='ocrx_word' id='word_1_722' title='bbox 856 5343 970 5411; x_wconf 84' lang='lat' dir='ltr'><strong>ejus</strong></span> <span class='ocrx_word' id='word_1_723' title='bbox 1021 5345 1297 5398; x_wconf 81' lang='lat' dir='ltr'><strong>virtutem.</strong></span> <span class='ocrx_word' id='word_1_724' title='bbox 1354 5343 1568 5397; x_wconf 90' lang='lat' dir='ltr'><strong>Illorum</strong></span> <span class='ocrx_word' id='word_1_725' title='bbox 1611 5344 1757 5396; x_wconf 90' lang='lat' dir='ltr'><strong>enim</strong></span> <span class='ocrx_word' id='word_1_726' title='bbox 1813 5358 2001 5396; x_wconf 83' lang='lat' dir='ltr'><strong>curam</strong></span> 
     </span>
    </p>
   </div>
   <div class='ocr_carea' id='block_1_93' title="bbox 434 5434 2002 5503">
    <p class='ocr_par' dir='ltr' id='par_1_93' title="bbox 434 5434 2002 5503">
     <span class='ocr_line' id='line_1_93' title="bbox 434 5434 2002 5503; baseline -0.003 -14"><span class='ocrx_word' id='word_1_727' title='bbox 434 5435 646 5489; x_wconf 82' lang='lat' dir='ltr'><strong>habens</strong></span> <span class='ocrx_word' id='word_1_728' title='bbox 685 5444 938 5503; x_wconf 85' lang='lat' dir='ltr'><strong>tanquam</strong></span> <span class='ocrx_word' id='word_1_729' title='bbox 990 5434 1348 5499; x_wconf 79' lang='lat' dir='ltr'><strong>infirmorum,</strong></span> <span class='ocrx_word' id='word_1_730' title='bbox 1420 5434 1654 5489; x_wconf 78' lang='lat' dir='ltr'><strong>faciebat</strong></span> <span class='ocrx_word' id='word_1_731' title='bbox 1703 5434 1781 5487; x_wconf 83' lang='lat' dir='ltr'><strong>eis</strong></span> <span class='ocrx_word' id='word_1_732' title='bbox 1825 5435 2002 5487; x_wconf 85' lang='lat' dir='ltr'><strong>omnia</strong></span> 
     </span>
    </p>
   </div>
   <div class='ocr_carea' id='block_1_94' title="bbox 434 5525 2000 5597">
    <p class='ocr_par' dir='ltr' id='par_1_94' title="bbox 434 5525 2000 5597">
     <span class='ocr_line' id='line_1_94' title="bbox 434 5525 2000 5597; baseline -0.003 -17"><span class='ocrx_word' id='word_1_733' title='bbox 434 5529 744 5581; x_wconf 76' lang='lat' dir='ltr'><strong>necessaria</strong></span> <span class='ocrx_word' id='word_1_734' title='bbox 784 5525 1003 5582; x_wconf 77' lang='lat' dir='ltr'><strong>affluere</strong></span> <span class='ocrx_word' id='word_1_735' title='bbox 1055 5528 1263 5581; x_wconf 84' lang='lat' dir='ltr'><strong>abunde</strong></span> <span class='ocrx_word' id='word_1_736' title='bbox 1306 5527 1439 5582; x_wconf 78' lang='lat' dir='ltr'><strong>citra</strong></span> <span class='ocrx_word' id='word_1_737' title='bbox 1496 5528 1736 5597; x_wconf 87' lang='lat' dir='ltr'><strong>ipsorum</strong></span> <span class='ocrx_word' id='word_1_738' title='bbox 1794 5541 2000 5578; x_wconf 79' lang='lat' dir='ltr'><strong>curam.</strong></span> 
     </span>
    </p>
   </div>
   <div class='ocr_carea' id='block_1_95' title="bbox 434 5605 2005 5689">
    <p class='ocr_par' dir='ltr' id='par_1_95' title="bbox 434 5605 2005 5689">
     <span class='ocr_line' id='line_1_95' title="bbox 434 5605 2005 5689; baseline -0.001 -16"><span class='ocrx_word' id='word_1_739' title='bbox 434 5605 589 5673; x_wconf 78' lang='lat' dir='ltr'><strong>Nunc</strong></span> <span class='ocrx_word' id='word_1_740' title='bbox 642 5628 821 5672; x_wconf 87' lang='lat' dir='ltr'><strong>autem</strong></span> <span class='ocrx_word' id='word_1_741' title='bbox 879 5621 1150 5672; x_wconf 83' lang='lat' dir='ltr'><strong>contraria</strong></span> <span class='ocrx_word' id='word_1_742' title='bbox 1210 5619 1473 5689; x_wconf 68' lang='lat' dir='ltr'><strong>pra&#39;cipit,</strong></span> <span class='ocrx_word' id='word_1_743' title='bbox 1527 5632 1632 5673; x_wconf 92' lang='lat' dir='ltr'><strong>non</strong></span> <span class='ocrx_word' id='word_1_744' title='bbox 1698 5618 2005 5673; x_wconf 82' lang='lat' dir='ltr'><strong>contrarius</strong></span> 
     </span>
    </p>
   </div>
   <div class='ocr_carea' id='block_1_96' title="bbox 512 5786 974 5862">
    <p class='ocr_par' dir='ltr' id='par_1_96' title="bbox 512 5786 974 5862">
     <span class='ocr_line' id='line_1_96' title="bbox 512 5786 974 5862; baseline -0.013 -9"><span class='ocrx_word' id='word_1_745' title='bbox 512 5786 558 5827; x_wconf 74' lang='lat'>”</span> <span class='ocrx_word' id='word_1_746' title='bbox 587 5788 692 5852; x_wconf 74' lang='lat' dir='ltr'><strong>ise.</strong></span> <span class='ocrx_word' id='word_1_747' title='bbox 734 5810 847 5862; x_wconf 72' lang='lat' dir='ltr'><strong>Litt,</strong></span> <span class='ocrx_word' id='word_1_748' title='bbox 892 5795 974 5849; x_wconf 68' lang='grc' dir='ltr'>ιιι.</span> 
     </span>
    </p>
   </div>
   <div class='ocr_carea' id='block_1_97' title="bbox 2179 4044 3659 4115">
    <p class='ocr_par' dir='ltr' id='par_1_97' title="bbox 2179 4044 3659 4115">
     <span class='ocr_line' id='line_1_97' title="bbox 2179 4044 3659 4115; baseline -0.01 -4"><span class='ocrx_word' id='word_1_749' title='bbox 2179 4078 2197 4111; x_wconf 79' lang='grc' dir='ltr'><strong>ι</strong></span> <span class='ocrx_word' id='word_1_750' title='bbox 2232 4056 2340 4113; x_wconf 75' lang='grc' dir='ltr'><strong>Καὶ</strong></span> <span class='ocrx_word' id='word_1_751' title='bbox 2369 4051 2523 4109; x_wconf 76' lang='grc' dir='ltr'>εἶπεν</span> <span class='ocrx_word' id='word_1_752' title='bbox 2556 4048 2741 4115; x_wconf 79' lang='grc' dir='ltr'>αὐτοῖς</span> <span class='ocrx_word' id='word_1_753' title='bbox 2766 4068 2781 4081; x_wconf 88' lang='grc'><strong>·</strong></span> <span class='ocrx_word' id='word_1_754' title='bbox 2830 4044 2960 4102; x_wconf 82' lang='grc' dir='ltr'>Ὅτε</span> <span class='ocrx_word' id='word_1_755' title='bbox 3010 4044 3307 4101; x_wconf 80' lang='grc' dir='ltr'>ἀπέστειλα</span> <span class='ocrx_word' id='word_1_756' title='bbox 3358 4045 3498 4115; x_wconf 78' lang='grc' dir='ltr'>ὑμᾶς</span> <span class='ocrx_word' id='word_1_757' title='bbox 3538 4045 3659 4112; x_wconf 72' lang='grc' dir='ltr'>ἄτερ</span> 
     </span>
    </p>
   </div>
   <div class='ocr_carea' id='block_1_98' title="bbox 2105 4137 3657 4223">
    <p class='ocr_par' dir='ltr' id='par_1_98' title="bbox 2105 4137 3657 4223">
     <span class='ocr_line' id='line_1_98' title="bbox 2105 4137 3657 4223; baseline -0.012 -17"><span class='ocrx_word' id='word_1_758' title='bbox 2105 4148 2412 4223; x_wconf 82' lang='grc' dir='ltr'>βαλαντίου,</span> <span class='ocrx_word' id='word_1_759' title='bbox 2452 4145 2547 4199; x_wconf 70' lang='grc' dir='ltr'><strong>καλ⁵</strong></span> <span class='ocrx_word' id='word_1_760' title='bbox 2578 4144 2781 4213; x_wconf 85' lang='grc' dir='ltr'>πήρας,</span> <span class='ocrx_word' id='word_1_761' title='bbox 2832 4141 2926 4193; x_wconf 73' lang='grc' dir='ltr'>καὶ</span> <span class='ocrx_word' id='word_1_762' title='bbox 2968 4139 3358 4208; x_wconf 79' lang='grc' dir='ltr'>ὑποδημάτων,</span> <span class='ocrx_word' id='word_1_763' title='bbox 3416 4137 3487 4208; x_wconf 86' lang='grc' dir='ltr'><strong>μή</strong></span> <span class='ocrx_word' id='word_1_764' title='bbox 3527 4150 3657 4198; x_wconf 83' lang='grc' dir='ltr'>τινος</span> 
     </span>
    </p>
   </div>
   <div class='ocr_carea' id='block_1_99' title="bbox 2103 4224 3657 4312">
    <p class='ocr_par' dir='ltr' id='par_1_99' title="bbox 2103 4224 3657 4312">
     <span class='ocr_line' id='line_1_99' title="bbox 2103 4224 3657 4312; baseline -0.012 -16"><span class='ocrx_word' id='word_1_765' title='bbox 2103 4241 2472 4312; x_wconf 72' lang='grc' dir='ltr'>ὑστερήσατες</span> <span class='ocrx_word' id='word_1_766' title='bbox 2506 4236 2569 4288; x_wconf 86' lang='grc' dir='ltr'><strong>Οἱ</strong></span> <span class='ocrx_word' id='word_1_767' title='bbox 2606 4233 2662 4286; x_wconf 75' lang='grc' dir='ltr'>δὲ</span> <span class='ocrx_word' id='word_1_768' title='bbox 2698 4228 2850 4285; x_wconf 73' lang='grc' dir='ltr'>εἷπον</span> <span class='ocrx_word' id='word_1_769' title='bbox 2890 4247 2905 4262; x_wconf 90' lang='grc'><strong>·</strong></span> <span class='ocrx_word' id='word_1_770' title='bbox 2945 4229 3197 4290; x_wconf 76' lang='grc' dir='ltr'>Οὐδενός.</span> <span class='ocrx_word' id='word_1_771' title='bbox 3235 4225 3403 4281; x_wconf 76' lang='grc' dir='ltr'>Εἶπεν</span> <span class='ocrx_word' id='word_1_772' title='bbox 3453 4224 3541 4281; x_wconf 78' lang='grc' dir='ltr'><strong>οὖν</strong></span> <span class='ocrx_word' id='word_1_773' title='bbox 3568 4226 3657 4278; x_wconf 80' lang='grc' dir='ltr'>αύ-</span> 
     </span>
    </p>
   </div>
   <div class='ocr_carea' id='block_1_100' title="bbox 2103 4318 3655 4396">
    <p class='ocr_par' dir='ltr' id='par_1_100' title="bbox 2103 4318 3655 4396">
     <span class='ocr_line' id='line_1_100' title="bbox 2103 4318 3655 4396; baseline -0.011 -9"><span class='ocrx_word' id='word_1_774' title='bbox 2103 4337 2250 4396; x_wconf 75' lang='grc' dir='ltr'>τοῖςο</span> <span class='ocrx_word' id='word_1_775' title='bbox 2304 4326 2468 4383; x_wconf 72' lang='grc' dir='ltr'>Ἀλλὰ</span> <span class='ocrx_word' id='word_1_776' title='bbox 2509 4325 2606 4381; x_wconf 88' lang='grc' dir='ltr'><strong>νῦν</strong></span> <span class='ocrx_word' id='word_1_777' title='bbox 2652 4326 2681 4379; x_wconf 90' lang='lat'><strong>6</strong></span> <span class='ocrx_word' id='word_1_778' title='bbox 2718 4325 2859 4394; x_wconf 75' lang='grc' dir='ltr'>ἔχων</span> <span class='ocrx_word' id='word_1_779' title='bbox 2910 4321 3217 4392; x_wconf 82' lang='grc' dir='ltr'>βαλάντιον,</span> <span class='ocrx_word' id='word_1_780' title='bbox 3257 4321 3445 4392; x_wconf 83' lang='grc' dir='ltr'>ἀράτω</span> <span class='ocrx_word' id='word_1_781' title='bbox 3473 4318 3655 4389; x_wconf 79' lang='grc' dir='ltr'>ὁμοίως</span> 
     </span>
    </p>
   </div>
   <div class='ocr_carea' id='block_1_101' title="bbox 2110 4410 3659 4493">
    <p class='ocr_par' dir='ltr' id='par_1_101' title="bbox 2110 4410 3659 4493">
     <span class='ocr_line' id='line_1_101' title="bbox 2110 4410 3659 4493; baseline -0.012 -15"><span class='ocrx_word' id='word_1_782' title='bbox 2110 4426 2204 4478; x_wconf 76' lang='grc' dir='ltr'>καὶ</span> <span class='ocrx_word' id='word_1_783' title='bbox 2230 4419 2415 4493; x_wconf 80' lang='grc' dir='ltr'>πήραν</span> <span class='ocrx_word' id='word_1_784' title='bbox 2445 4435 2459 4449; x_wconf 83' lang='grc'><em>’</em></span> <span class='ocrx_word' id='word_1_785' title='bbox 2502 4419 2597 4473; x_wconf 68' lang='grc' dir='ltr'>καὶ</span> <span class='ocrx_word' id='word_1_786' title='bbox 2626 4420 2654 4471; x_wconf 92' lang='lat'><strong>6</strong></span> <span class='ocrx_word' id='word_1_787' title='bbox 2688 4417 2763 4487; x_wconf 82' lang='grc' dir='ltr'>μὴ</span> <span class='ocrx_word' id='word_1_788' title='bbox 2792 4410 2954 4486; x_wconf 75' lang='grc' dir='ltr'>ἔχων,</span> <span class='ocrx_word' id='word_1_789' title='bbox 3012 4412 3322 4484; x_wconf 77' lang='grc' dir='ltr'>πωλησάτω</span> <span class='ocrx_word' id='word_1_790' title='bbox 3348 4412 3410 4464; x_wconf 82' lang='grc' dir='ltr'>τὸ</span> <span class='ocrx_word' id='word_1_791' title='bbox 3465 4412 3659 4482; x_wconf 76' lang='grc' dir='ltr'>ἱμάτιον</span> 
     </span>
    </p>
   </div>
   <div class='ocr_carea' id='block_1_102' title="bbox 2107 4504 3656 4580">
    <p class='ocr_par' dir='ltr' id='par_1_102' title="bbox 2107 4504 3656 4580">
     <span class='ocr_line' id='line_1_102' title="bbox 2107 4504 3656 4580; baseline -0.011 -10"><span class='ocrx_word' id='word_1_792' title='bbox 2107 4514 2294 4579; x_wconf 79' lang='grc' dir='ltr'>αὐτοῦ,</span> <span class='ocrx_word' id='word_1_793' title='bbox 2331 4512 2426 4565; x_wconf 78' lang='grc' dir='ltr'>καὶ</span> <span class='ocrx_word' id='word_1_794' title='bbox 2463 4509 2791 4580; x_wconf 82' lang='grc' dir='ltr'>ἀγορασάτω</span> <span class='ocrx_word' id='word_1_795' title='bbox 2826 4506 3119 4577; x_wconf 81' lang='grc' dir='ltr'>μάχαιραν.</span> <span class='ocrx_word' id='word_1_796' title='bbox 3174 4505 3333 4573; x_wconf 80' lang='grc' dir='ltr'>Λέγω</span> <span class='ocrx_word' id='word_1_797' title='bbox 3380 4504 3487 4574; x_wconf 87' lang='grc' dir='ltr'>γὰρ</span> <span class='ocrx_word' id='word_1_798' title='bbox 3523 4504 3656 4572; x_wconf 76' lang='grc' dir='ltr'>ὑμῖν,</span> 
     </span>
    </p>
   </div>
   <div class='ocr_carea' id='block_1_103' title="bbox 2104 4596 3657 4669">
    <p class='ocr_par' dir='ltr' id='par_1_103' title="bbox 2104 4596 3657 4669">
     <span class='ocr_line' id='line_1_103' title="bbox 2104 4596 3657 4669; baseline -0.012 -8"><span class='ocrx_word' id='word_1_799' title='bbox 2104 4609 2187 4662; x_wconf 84' lang='grc' dir='ltr'>ὅτι</span> <span class='ocrx_word' id='word_1_800' title='bbox 2217 4606 2297 4659; x_wconf 75' lang='grc' dir='ltr'>ἔτι</span> <span class='ocrx_word' id='word_1_801' title='bbox 2345 4603 2507 4658; x_wconf 81' lang='grc' dir='ltr'>τοῦτο</span> <span class='ocrx_word' id='word_1_802' title='bbox 2553 4603 2615 4655; x_wconf 76' lang='grc' dir='ltr'><strong>τὸ</strong></span> <span class='ocrx_word' id='word_1_803' title='bbox 2682 4597 3077 4669; x_wconf 84' lang='grc' dir='ltr'>γεγραμμένον</span> <span class='ocrx_word' id='word_1_804' title='bbox 3117 4596 3199 4649; x_wconf 86' lang='grc' dir='ltr'><strong>δεῖ</strong></span> <span class='ocrx_word' id='word_1_805' title='bbox 3243 4596 3563 4663; x_wconf 75' lang='grc' dir='ltr'>τελεσθῆναι</span> <span class='ocrx_word' id='word_1_806' title='bbox 3607 4596 3657 4645; x_wconf 80' lang='grc' dir='ltr'><strong>ἐν</strong></span> 
     </span>
    </p>
   </div>
   <div class='ocr_carea' id='block_1_104' title="bbox 2109 4683 3659 4772">
    <p class='ocr_par' dir='ltr' id='par_1_104' title="bbox 2109 4683 3659 4772">
     <span class='ocr_line' id='line_1_104' title="bbox 2109 4683 3659 4772; baseline -0.012 -18"><span class='ocrx_word' id='word_1_807' title='bbox 2109 4701 2253 4772; x_wconf 73' lang='grc' dir='ltr'>ἐμοὶ,</span> <span class='ocrx_word' id='word_1_808' title='bbox 2296 4697 2378 4760; x_wconf 82' lang='grc' dir='ltr'>τὸ,</span> <span class='ocrx_word' id='word_1_809' title='bbox 2410 4696 2521 4750; x_wconf 72' lang='grc' dir='ltr'><strong>Καὶ</strong></span> <span class='ocrx_word' id='word_1_810' title='bbox 2558 4693 2697 4765; x_wconf 80' lang='grc' dir='ltr'>μετᾶ</span> <span class='ocrx_word' id='word_1_811' title='bbox 2748 4692 2969 4761; x_wconf 84' lang='grc' dir='ltr'>ἀνόμων</span> <span class='ocrx_word' id='word_1_812' title='bbox 3001 4688 3255 4757; x_wconf 84' lang='grc' dir='ltr'>ἐλογίσθη</span> <span class='ocrx_word' id='word_1_813' title='bbox 3276 4703 3290 4717; x_wconf 84' lang='grc'><strong>·</strong></span> <span class='ocrx_word' id='word_1_814' title='bbox 3346 4687 3442 4740; x_wconf 68' lang='grc' dir='ltr'>καὶ</span> <span class='ocrx_word' id='word_1_815' title='bbox 3470 4683 3659 4772; x_wconf 29' lang='grc' dir='ltr'>γὰρῌτά</span> 
     </span>
    </p>
   </div>
   <div class='ocr_carea' id='block_1_105' title="bbox 2107 4768 3657 4863">
    <p class='ocr_par' dir='ltr' id='par_1_105' title="bbox 2107 4768 3657 4863">
     <span class='ocr_line' id='line_1_105' title="bbox 2107 4768 3657 4863; baseline -0.012 -16"><span class='ocrx_word' id='word_1_816' title='bbox 2107 4768 2174 4847; x_wconf 82' lang='grc' dir='ltr'><strong>πε</strong></span> <span class='ocrx_word' id='word_1_817' title='bbox 2186 4793 2239 4863; x_wconf 69' lang='grc' dir='ltr'>ρὶ</span> <span class='ocrx_word' id='word_1_818' title='bbox 2277 4789 2411 4859; x_wconf 73' lang='grc' dir='ltr'>ἐμοῦ</span> <span class='ocrx_word' id='word_1_819' title='bbox 2444 4787 2594 4850; x_wconf 80' lang='grc' dir='ltr'>τέλος</span> <span class='ocrx_word' id='word_1_820' title='bbox 2624 4785 2756 4856; x_wconf 85' lang='grc' dir='ltr'>ἐχει.</span> <span class='ocrx_word' id='word_1_821' title='bbox 2787 4786 2858 4837; x_wconf 68' lang='grc' dir='ltr'><strong>Οί</strong></span> <span class='ocrx_word' id='word_1_822' title='bbox 2880 4783 2937 4835; x_wconf 82' lang='grc' dir='ltr'><strong>δέ</strong></span> <span class='ocrx_word' id='word_1_823' title='bbox 2967 4776 3119 4834; x_wconf 75' lang='grc' dir='ltr'>εἷπον</span> <span class='ocrx_word' id='word_1_824' title='bbox 3143 4796 3156 4809; x_wconf 90' lang='grc'><strong>·</strong></span> <span class='ocrx_word' id='word_1_825' title='bbox 3192 4777 3390 4849; x_wconf 74' lang='grc' dir='ltr'>Κύριε,</span> <span class='ocrx_word' id='word_1_826' title='bbox 3439 4777 3545 4831; x_wconf 70' lang='grc' dir='ltr'>ίδιί)</span> <span class='ocrx_word' id='word_1_827' title='bbox 3568 4768 3657 4828; x_wconf 78' lang='grc' dir='ltr'><strong>ὧδε</strong></span> 
     </span>
    </p>
   </div>
   <div class='ocr_carea' id='block_1_106' title="bbox 2113 4869 3655 4954">
    <p class='ocr_par' dir='ltr' id='par_1_106' title="bbox 2113 4869 3655 4954">
     <span class='ocr_line' id='line_1_106' title="bbox 2113 4869 3655 4954; baseline -0.014 -17"><span class='ocrx_word' id='word_1_828' title='bbox 2113 4884 2379 4954; x_wconf 85' lang='grc' dir='ltr'>μάχαιραι</span> <span class='ocrx_word' id='word_1_829' title='bbox 2402 4879 2517 4932; x_wconf 86' lang='grc' dir='ltr'>δύο.</span> <span class='ocrx_word' id='word_1_830' title='bbox 2548 4879 2609 4931; x_wconf 88' lang='grc' dir='ltr'>Ὀ</span> <span class='ocrx_word' id='word_1_831' title='bbox 2633 4877 2690 4931; x_wconf 84' lang='grc' dir='ltr'>δὲ</span> <span class='ocrx_word' id='word_1_832' title='bbox 2715 4872 2869 4928; x_wconf 83' lang='grc' dir='ltr'>εἶπεν</span> <span class='ocrx_word' id='word_1_833' title='bbox 2919 4873 3102 4935; x_wconf 83' lang='grc' dir='ltr'>αὐτοῖς</span> <span class='ocrx_word' id='word_1_834' title='bbox 3151 4887 3166 4901; x_wconf 89' lang='grc'><strong>·</strong></span> <span class='ocrx_word' id='word_1_835' title='bbox 3206 4869 3414 4923; x_wconf 83' lang='grc' dir='ltr'>Ἱκανόν</span> <span class='ocrx_word' id='word_1_836' title='bbox 3452 4873 3610 4921; x_wconf 80' lang='grc' dir='ltr'>ἐστιν.</span> <span class='ocrx_word' id='word_1_837' title='bbox 3638 4880 3655 4914; x_wconf 79' lang='grc' dir='ltr'><strong>ι</strong></span> 
     </span>
    </p>
   </div>
   <div class='ocr_carea' id='block_1_107' title="bbox 2105 4957 3661 5045">
    <p class='ocr_par' dir='ltr' id='par_1_107' title="bbox 2105 4957 3661 5045">
     <span class='ocr_line' id='line_1_107' title="bbox 2105 4957 3661 5045; baseline -0.013 -16"><span class='ocrx_word' id='word_1_838' title='bbox 2105 4975 2197 5029; x_wconf 86' lang='grc' dir='ltr'>Ἐν</span> <span class='ocrx_word' id='word_1_839' title='bbox 2226 4974 2369 5045; x_wconf 78' lang='grc' dir='ltr'>ἀρχῇ</span> <span class='ocrx_word' id='word_1_840' title='bbox 2396 4970 2497 5042; x_wconf 88' lang='grc' dir='ltr'><strong>μέν</strong></span> <span class='ocrx_word' id='word_1_841' title='bbox 2528 4968 2621 5022; x_wconf 85' lang='grc' dir='ltr'><strong>τοῦ</strong></span> <span class='ocrx_word' id='word_1_842' title='bbox 2646 4965 3023 5038; x_wconf 83' lang='grc' dir='ltr'>κηρύγματος,</span> <span class='ocrx_word' id='word_1_843' title='bbox 3067 4961 3301 5016; x_wconf 77' lang='grc' dir='ltr'>στέλλων</span> <span class='ocrx_word' id='word_1_844' title='bbox 3320 4962 3450 5021; x_wconf 66' lang='grc' dir='ltr'>τοὺς</span> <span class='ocrx_word' id='word_1_845' title='bbox 3498 4957 3661 5028; x_wconf 81' lang='grc' dir='ltr'>μαθηο</span> 
     </span>
    </p>
   </div>
   <div class='ocr_carea' id='block_1_108' title="bbox 2104 5055 3653 5134">
    <p class='ocr_par' dir='ltr' id='par_1_108' title="bbox 2104 5055 3653 5134">
     <span class='ocr_line' id='line_1_108' title="bbox 2104 5055 3653 5134; baseline -0.012 -13"><span class='ocrx_word' id='word_1_846' title='bbox 2104 5066 2202 5121; x_wconf 70' lang='grc' dir='ltr'><strong>τὰς</strong></span> <span class='ocrx_word' id='word_1_847' title='bbox 2224 5068 2251 5118; x_wconf 82' lang='grc' dir='ltr'><strong>ό</strong></span> <span class='ocrx_word' id='word_1_848' title='bbox 2281 5064 2483 5134; x_wconf 79' lang='grc' dir='ltr'>Κύριος</span> <span class='ocrx_word' id='word_1_849' title='bbox 2509 5062 2599 5115; x_wconf 77' lang='grc' dir='ltr'>ἐπὶ</span> <span class='ocrx_word' id='word_1_850' title='bbox 2627 5061 2725 5123; x_wconf 69' lang='grc' dir='ltr'><strong>τὰς</strong></span> <span class='ocrx_word' id='word_1_851' title='bbox 2752 5058 2944 5126; x_wconf 80' lang='grc' dir='ltr'>κώμας</span> <span class='ocrx_word' id='word_1_852' title='bbox 2978 5057 3074 5109; x_wconf 69' lang='grc' dir='ltr'>καὶ</span> <span class='ocrx_word' id='word_1_853' title='bbox 3111 5055 3316 5120; x_wconf 63' lang='grc' dir='ltr'>πελεις,</span> <span class='ocrx_word' id='word_1_854' title='bbox 3342 5055 3653 5125; x_wconf 74' lang='grc' dir='ltr'>ἀπερῖττους</span> 
     </span>
    </p>
   </div>
   <div class='ocr_carea' id='block_1_109' title="bbox 2108 5142 3661 5225">
    <p class='ocr_par' dir='ltr' id='par_1_109' title="bbox 2108 5142 3661 5225">
     <span class='ocr_line' id='line_1_109' title="bbox 2108 5142 3661 5225; baseline -0.01 -14"><span class='ocrx_word' id='word_1_855' title='bbox 2108 5155 2432 5219; x_wconf 76' lang='grc' dir='ltr'>ἀπέστελλε,</span> <span class='ocrx_word' id='word_1_856' title='bbox 2486 5152 2654 5225; x_wconf 78' lang='grc' dir='ltr'>μηδὲν</span> <span class='ocrx_word' id='word_1_857' title='bbox 2697 5151 3075 5220; x_wconf 78' lang='grc' dir='ltr'>ἐπαγομένους</span> <span class='ocrx_word' id='word_1_858' title='bbox 3117 5146 3401 5218; x_wconf 85' lang='grc' dir='ltr'>χρειῶδες,</span> <span class='ocrx_word' id='word_1_859' title='bbox 3455 5142 3661 5215; x_wconf 69' lang='grc' dir='ltr'>μηδενὸς</span> 
     </span>
    </p>
   </div>
   <div class='ocr_carea' id='block_1_110' title="bbox 2108 5231 3661 5320">
    <p class='ocr_par' dir='ltr' id='par_1_110' title="bbox 2108 5231 3661 5320">
     <span class='ocr_line' id='line_1_110' title="bbox 2108 5231 3661 5320; baseline -0.012 -16"><span class='ocrx_word' id='word_1_860' title='bbox 2108 5247 2515 5320; x_wconf 77' lang='grc' dir='ltr'>φροντίζοντας.</span> <span class='ocrx_word' id='word_1_861' title='bbox 2557 5238 2706 5297; x_wconf 80' lang='grc' dir='ltr'>Ἔδει</span> <span class='ocrx_word' id='word_1_862' title='bbox 2740 5244 2849 5312; x_wconf 80' lang='grc' dir='ltr'>γὰρ</span> <span class='ocrx_word' id='word_1_863' title='bbox 2878 5240 3075 5303; x_wconf 78' lang='grc' dir='ltr'>αὐτοὺς</span> <span class='ocrx_word' id='word_1_864' title='bbox 3130 5237 3322 5308; x_wconf 84' lang='grc' dir='ltr'>μαθεῖν</span> <span class='ocrx_word' id='word_1_865' title='bbox 3356 5239 3457 5307; x_wconf 69' lang='grc' dir='ltr'>τὴν</span> <span class='ocrx_word' id='word_1_866' title='bbox 3508 5231 3661 5288; x_wconf 73' lang='grc' dir='ltr'>αὑτοῦ</span> 
     </span>
    </p>
   </div>
   <div class='ocr_carea' id='block_1_111' title="bbox 2110 5326 3663 5409">
    <p class='ocr_par' dir='ltr' id='par_1_111' title="bbox 2110 5326 3663 5409">
     <span class='ocr_line' id='line_1_111' title="bbox 2110 5326 3663 5409; baseline -0.011 -17"><span class='ocrx_word' id='word_1_867' title='bbox 2110 5339 2342 5409; x_wconf 82' lang='grc' dir='ltr'>δύναμιν</span> <span class='ocrx_word' id='word_1_868' title='bbox 2370 5338 2465 5391; x_wconf 72' lang='grc' dir='ltr'>καὶ</span> <span class='ocrx_word' id='word_1_869' title='bbox 2493 5336 2552 5389; x_wconf 86' lang='grc' dir='ltr'><strong>ἐν</strong></span> <span class='ocrx_word' id='word_1_870' title='bbox 2576 5336 2689 5398; x_wconf 84' lang='grc' dir='ltr'>τοῖς</span> <span class='ocrx_word' id='word_1_871' title='bbox 2710 5333 2995 5394; x_wconf 85' lang='grc' dir='ltr'>τοιούτοις.</span> <span class='ocrx_word' id='word_1_872' title='bbox 3030 5329 3203 5391; x_wconf 79' lang='grc' dir='ltr'>Αὐτὸς</span> <span class='ocrx_word' id='word_1_873' title='bbox 3245 5327 3359 5397; x_wconf 79' lang='grc' dir='ltr'><strong>γὰρ</strong></span> <span class='ocrx_word' id='word_1_874' title='bbox 3385 5326 3663 5396; x_wconf 82' lang='grc' dir='ltr'>κηδόμενος</span> 
     </span>
    </p>
   </div>
   <div class='ocr_carea' id='block_1_112' title="bbox 2112 5414 3659 5494">
    <p class='ocr_par' dir='ltr' id='par_1_112' title="bbox 2112 5414 3659 5494">
     <span class='ocr_line' id='line_1_112' title="bbox 2112 5414 3659 5494; baseline -0.012 -7"><span class='ocrx_word' id='word_1_875' title='bbox 2112 5432 2292 5488; x_wconf 69' lang='grc' dir='ltr'>αὐτῶν</span> <span class='ocrx_word' id='word_1_876' title='bbox 2314 5430 2389 5492; x_wconf 85' lang='grc' dir='ltr'>ὡς</span> <span class='ocrx_word' id='word_1_877' title='bbox 2408 5426 2668 5490; x_wconf 83' lang='grc' dir='ltr'>ἀσθενῶν,</span> <span class='ocrx_word' id='word_1_878' title='bbox 2691 5426 2937 5494; x_wconf 85' lang='grc' dir='ltr'>ἀφθόνως</span> <span class='ocrx_word' id='word_1_879' title='bbox 2959 5422 3132 5476; x_wconf 85' lang='grc' dir='ltr'>ἐποίει</span> <span class='ocrx_word' id='word_1_880' title='bbox 3149 5422 3334 5482; x_wconf 77' lang='grc' dir='ltr'>αὐτοῖς</span> <span class='ocrx_word' id='word_1_881' title='bbox 3360 5420 3430 5472; x_wconf 86' lang='grc' dir='ltr'><strong>τά</strong></span> <span class='ocrx_word' id='word_1_882' title='bbox 3448 5414 3659 5489; x_wconf 78' lang='grc' dir='ltr'>χρειώδη</span> 
     </span>
    </p>
   </div>
   <div class='ocr_carea' id='block_1_113' title="bbox 2112 5506 3658 5593">
    <p class='ocr_par' dir='ltr' id='par_1_113' title="bbox 2112 5506 3658 5593">
     <span class='ocr_line' id='line_1_113' title="bbox 2112 5506 3658 5593; baseline -0.013 -17"><span class='ocrx_word' id='word_1_883' title='bbox 2112 5524 2359 5593; x_wconf 66' lang='grc' dir='ltr'>ἐπιρρεῖν</span> <span class='ocrx_word' id='word_1_884' title='bbox 2389 5522 2481 5572; x_wconf 65' lang='grc' dir='ltr'>καὶ</span> <span class='ocrx_word' id='word_1_885' title='bbox 2511 5515 2905 5587; x_wconf 74' lang='grc' dir='ltr'>ἀφροντίστως.</span> <span class='ocrx_word' id='word_1_886' title='bbox 2928 5512 3044 5565; x_wconf 81' lang='grc' dir='ltr'>Νῦν</span> <span class='ocrx_word' id='word_1_887' title='bbox 3075 5511 3130 5564; x_wconf 79' lang='grc' dir='ltr'><strong>δέ</strong></span> <span class='ocrx_word' id='word_1_888' title='bbox 3154 5509 3223 5563; x_wconf 87' lang='grc' dir='ltr'><strong>τά</strong></span> <span class='ocrx_word' id='word_1_889' title='bbox 3256 5507 3477 5563; x_wconf 77' lang='grc' dir='ltr'>ἐναντία</span> <span class='ocrx_word' id='word_1_890' title='bbox 3494 5506 3658 5559; x_wconf 75' lang='grc' dir='ltr'>διακεο</span> 
     </span>
    </p>
   </div>
   <div class='ocr_carea' id='block_1_114' title="bbox 2111 5594 3657 5676">
    <p class='ocr_par' dir='ltr' id='par_1_114' title="bbox 2111 5594 3657 5676">
     <span class='ocr_line' id='line_1_114' title="bbox 2111 5594 3657 5676; baseline -0.012 -10"><span class='ocrx_word' id='word_1_891' title='bbox 2111 5613 2350 5675; x_wconf 79' lang='grc' dir='ltr'>λεύεται,</span> <span class='ocrx_word' id='word_1_892' title='bbox 2383 5610 2482 5662; x_wconf 80' lang='grc' dir='ltr'>οὐκ</span> <span class='ocrx_word' id='word_1_893' title='bbox 2515 5604 2922 5676; x_wconf 73' lang='grc' dir='ltr'>ἐναντιούμενος</span> <span class='ocrx_word' id='word_1_894' title='bbox 2955 5600 3150 5672; x_wconf 79' lang='grc' dir='ltr'>ἐαυτῷ,</span> <span class='ocrx_word' id='word_1_895' title='bbox 3171 5600 3306 5654; x_wconf 75' lang='grc' dir='ltr'>ἀλλὰ</span> <span class='ocrx_word' id='word_1_896' title='bbox 3333 5599 3542 5659; x_wconf 66' lang='grc' dir='ltr'>δεικνῦς</span> <span class='ocrx_word' id='word_1_897' title='bbox 3568 5594 3657 5650; x_wconf 62' lang='lat' dir='ltr'><strong>cf»</strong></span> 
     </span>
    </p>
   </div>
  </div>
