3932 6456
202 361 344 424 1077

892 349 1340 425 ENARRATIO
1375 366 1455 427 ΙΝ
1498 368 1993 430 EVANGELIUM
2035 371 2269 434 LUCAE.
2293 399 2359 407 —
2385 374 2545 436 CAP.
2580 373 2776 434 XXII.

3319 374 3459 438 ιι)τὸ

200 483 317 542 τοῖς
350 479 429 532 ὅτι
466 477 623 550 μέχρι
658 479 757 548 μὲν
794 480 890 534 νῦν
932 481 1007 545 ὡς
1040 483 1228 538 παιδία
1287 485 1636 552 διεϐάσταζε,
1689 489 1787 540 καὶ

1908 489 1989 543 sibi
2018 490 2139 558 ipsi,
2168 491 2258 546 sed
2287 494 2579 548 ostendens
2607 497 2689 549 eis
2725 496 2868 564 quod
2901 511 3070 566 usque
3100 497 3164 550 ad
3198 495 3458 552 hoetetn-
3491 521 3494 524 η

199 570 419 632 οὐδενὸς
452 571 648 635 αὐτοὺς
675 571 845 625 ἑποίει
879 575 1207 643 φροντίζειν.
1236 577 1343 630 ἀπὸ
1371 578 1464 630 τοῦ
1487 579 1582 632 νῦν
1602 579 1659 631 δὲ
1678 579 1784 650 χρὴ

205 665 308 717 καὶ
351 663 551 726 αὐτοὺς
582 663 650 717 τά
679 665 787 717 τῶν
827 665 1036 734 ἀνδρῶν
1060 670 1276 736 φρονεῖν
1307 669 1402 722 καὶ
1440 670 1783 740 προνοεῖσθαι

203 755 442 810 ἑαυτῶν,
485 753 626 823 Ἐγὼ
652 755 782 825 γὰρ,
807 758 991 824 φησιν,
1015 759 1042 810 ὀ
1069 758 1251 826 πατὴρ
1273 759 1426 828 ὑμῶν
1447 763 1472 814 ὁ
1492 762 1786 830 κηδόμενος

206 847 313 916 ἥδη
347 845 660 915 ἀπέρχομαι
684 861 696 874 '
726 846 832 898 ἀπὸ
863 846 958 899 τοῦ
983 846 1078 902 νῦν
1123 849 1413 902 ἐνδύσασθε
1438 852 1573 921 πρὸς
1603 853 1662 904 τὸ
1691 853 1786 906 καὶ

204 935 367 988 αὐτοὶ
390 933 698 1005 φροντίζειν
725 937 835 989 τῶν
863 939 1101 1005 οἰκείων,
1131 941 1225 992 καὶ
1250 941 1324 1012 μὴ
1354 942 1532 996 πάντα
1567 943 1788 1015 θαρρεῖν

205 1026 357 1095 ἐμοί.
390 1027 527 1080 Οὐδὲ
548 1028 658 1098 γάρ
699 1029 926 1081 τοιαῦτα
960 1030 1090 1100 ὑμῖν
1119 1031 1336 1087 ἔσονται
1358 1034 1426 1086 τά
1458 1035 1786 1106 πράγματα,

211 1119 334 1190 ῥᾴω
363 1133 423 1171 τε
452 1120 546 1171 καὶ
572 1120 770 1183 ἄπονοι,
801 1120 937 1173 ἀλλά
969 1122 1063 1174 και⁵
1114 1124 1295 1196 πείνῃ,
1350 1125 1446 1179 καὶ
1494 1125 1642 1199 δίψῃ,
1696 1127 1790 1178 καὶ

205 1212 614 1283 ἀντικειμένοις
645 1213 856 1277 πολλοῖς
889 1218 1291 1284 περιπεσεῖσθε.
1329 1219 1514 1274 Ταῦτα
1555 1221 1663 1292 γὰρ
1702 1224 1788 1276 ai-

207 1303 461 1356 νίττεται
489 1305 574 1357 6:5:
605 1305 697 1356 τοῦ
725 1304 1032 1374 βαλαντίου,
1065 1309 1160 1361 καὶ
1199 1309 1297 1379 τῆς
1337 1313 1540 1382 πήρας,
1573 1314 1666 1366 καὶ
1694 1314 1793 1383 τῆς

213 1393 516 1463 μαχαίρας.
552 1395 644 1447 Διδ
696 1397 990 1467 ἀνάστητε,
1046 1398 1122 1461 ὡς
1164 1401 1259 1453 καὶ
1294 1405 1663 1474 πεινήσοντες,
1698 1405 1793 1458 καὶ

208 1484 558 1578 δεησόμενοι
590 1486 896 1578 βρωμάτων
933 1504 946 1518 ο
1007 1488 1036 1541 ὂ
1091 1489 1180 1544 διὰ
1227 1494 1326 1562 τῆς
1372 1496 1554 1565 πήρας
1624 1497 1795 1549 αἰνίτ-

210 1572 396 1628 τεται.
465 1577 574 1630 Καὶ
636 1577 977 1646 ἀνδρίζεσθε,
1049 1580 1123 1644 ὡς
1187 1583 1587 1655 ἀντικειμένοις
1663 1589 1793 1642 πολ-

210 1667 331 1731 λοῖς
366 1669 854 1741 περιπεσούμενοι·
893 1672 922 1726 δ
958 1673 1047 1728 διὰ
1087 1677 1185 1745 τῆς
1246 1678 1518 1750 μαχαίρας
1571 1683 1773 1752 ἐμφαί-

216 1777 323 1814 νει.
350 1762 534 1815 Ταῦτα
566 1763 621 1815 δὲ
649 1764 818 1832 λέγει,
849 1767 946 1836 οὐχ
979 1767 1064 1820 ἴνα
1097 1769 1318 1832 πάντως
1353 1774 1626 1843 μαχαίρας
1675 1778 1794 1828 ἑπιο

1891 597 1988 650 pus
2014 592 2266 651 tanquam
2299 586 2550 651 parvulos
2575 587 2815 654 gestarit,
2841 597 2895 641 et
2921 605 3024 642 non
3053 587 3243 642 fecerit
3264 602 3357 642 eos
3392 591 3457 639 de

1889 693 2157 747 quoquam
2201 676 2484 732 sollicitos.
2520 677 2675 732 Nunc
2724 691 2903 733 autem
2959 695 3095 749 opus
3129 689 3214 734 est
3264 680 3345 734 eis
3404 690 3462 732 ut

1890 779 2084 824 curent
2124 785 2185 824 ea
2243 785 2362 838 qum
2392 769 2638 822 virorum
2689 778 2835 835 sunt,
2874 780 2926 824 et
2987 772 3309 840 provideant
3360 771 3464 825 sibi

1892 860 2045 928 ipsis.
2075 860 2184 928 Ego
2217 860 2384 922 enirn,
2422 859 2621 927 inquit,
2649 872 2803 929 pater
2848 871 3051 927 vester,
3079 863 3243 916 vestri
3276 877 3461 915 curam

1892 965 2084 1018 gerens
2116 949 2220 1019 iam
2251 951 2404 1003 aheo.
2447 953 2522 1003 Er
2569 953 2671 1006 hoc
2712 962 2952 1020 tempore
2976 954 3147 1021 parati
3185 961 3380 1016 estote,
3411 962 3467 1003 ct

1895 1041 1993 1110 ipsi
2026 1057 2204 1097 rerum
2241 1047 2581 1116 propriarum
2616 1059 2800 1098 curam
2828 1045 3020 1114 gerite,
3072 1053 3127 1098 et
3157 1046 3321 1098 nolite
3345 1059 3462 1098 om-

1900 1150 2022 1188 nem
2065 1151 2250 1190 curam
2292 1139 2343 1193 in
2377 1155 2462 1194 me
2479 1138 2724 1208 rejicere.
2747 1137 2922 1206 Opera
2951 1138 3094 1191 enim
3133 1148 3308 1191 vestra
3360 1152 3462 1189 non

1895 1236 2055 1281 erunt
2074 1237 2180 1282 tam
2200 1229 2402 1297 facilia,
2429 1240 2480 1285 et
2512 1245 2538 1282 a
2557 1231 2740 1286 lahore
2763 1230 2936 1284 aliena
2961 1246 2974 1283 :
3003 1229 3094 1282 sed
3111 1229 3329 1282 obnoxii
3357 1229 3465 1281 eri-

1897 1319 1964 1372 lis
1987 1317 2178 1375 famiet
2195 1321 2304 1384 siti,
2326 1331 2379 1376 et
2399 1322 2580 1376 multis
2595 1323 2858 1377 adversis.
2884 1321 3009 1376 Haec
3028 1321 3466 1375 eniminsinuan-

1894 1418 1983 1465 tur
2010 1428 2106 1480 per
2132 1415 2406 1468 sacculum
2454 1424 2507 1468 et
2529 1430 2710 1482 peram
2747 1430 2809 1469 ac
2841 1412 3096 1484 gladium.
3125 1412 3358 1466 Proinde
3401 1427 3469 1465 ne

1896 1505 2016 1559 sitis
2049 1505 2225 1576 ignavi
2270 1525 2283 1561 :
2318 1507 2443 1575 quia
2470 1515 2521 1560 et
2545 1507 2743 1562 famem
2777 1508 3049 1575 experturi
3075 1506 3227 1573 estis,
3249 1514 3304 1559 et
3331 1519 3468 1573 opus

1898 1598 2168 1652 habebitis
2206 1599 2422 1664 eduliis,
2457 1614 2575 1666 qure
2604 1615 2699 1667 per
2748 1590 2932 1670 peram
2963 1600 3249 1669 significat.
3290 1596 3358 1650 Et
3389 1598 3467 1649 vi-

1901 1686 2025 1741 riles
2053 1685 2217 1758 473
2240 1697 2430 1754 estote,
2462 1689 2586 1758 quia
2623 1690 2677 1743 in
2713 1690 2878 1744 multa
2909 1695 3138 1744 adversa
3169 1687 3420 1741 invidetis
3447 1703 3461 1739 :

1899 1784 2041 1852 quod
2071 1799 2166 1853 per
2190 1778 2678 1853 gladium'indicat.
2719 1782 2844 1836 Hinc
2880 1791 3057 1835 autem
3095 1779 3247 1844 dicit,
3272 1793 3378 1832 non
3407 1785 3466 1831 ut

219 1851 520 1922 σύρωνται,
546 1854 684 1917 ἀλλ’,
719 1855 792 1918 ὡς
827 1857 982 1926 ἔφην,
1013 1863 1138 1923 τοὺς
1184 1862 1455 1932 πολέμους
1489 1867 1796 1936 οιίνιττόμε-

1908 1878 2121 1929 omnino
2154 1874 2349 1944 gladiis
2389 1874 2498 1928 sint
2546 1875 2812 1939 accincti,
2854 1873 2970 1936 sed,
3005 1880 3061 1925 ut
3084 1870 3216 1935 dixi,
3257 1867 3466 1936 signiti-

217 1960 316 2007 νος
349 1945 443 1997 καὶ
472 1947 599 2008 τοὺς
627 1948 927 2013 κινδύνους,
965 1953 1054 2003 καὶ
1081 1954 1216 2024 πρὸς
1249 1957 1424 2009 πάντα
1451 1976 1798 2028 παρεσκευα-

220 2035 458 2104 σμένους
492 2035 630 2090 εἶναι
666 2041 1080 2110 εἰσηγούμενος.
1116 2044 1234 2098 Ἵνα
1263 2047 1370 2118 γάρ
1405 2050 1478 2118 μὴ
1505 2050 1799 2120 νομίσωσιν

218 2128 273 2179 οἱ
311 2129 627 2196 μετέπειτα,
656 2130 736 2184 δτι
762 2132 913 2185 οὐδὲν
944 2137 1073 2202 παρ’
1098 2137 1307 2190 ἑαυτῶν
1330 2139 1376 2190 οἱ
1411 2141 1695 2196 ἀπόστολοι
1721 2147 1799 2207 είς

219 2217 328 2287 τήν
371 2219 575 2290 ἀρετὴν
626 2225 1070 2293 συνεισήνεγκαν,
1109 2227 1244 2281 ἀλλά
1277 2231 1337 2282 τὸ
1373 2233 1480 2285 πᾶν
1519 2233 1614 2286 τοῦ
1663 2235 1799 2288 Θεοῦ

220 2303 318 2375 ἦν,
377 2310 454 2361 Οὐ
506 2309 688 2374 τοῦτο,
749 2315 932 2380 φησιν,
987 2315 1137 2369 ἔσται
1192 2317 1385 2381 οὕτως.
1419 2322 1554 2374 Οὐδὲ
1579 2323 1686 2394 γὰρ
1725 2323 1801 2388 ὡς

221 2399 457 2470 ἀψύχοις
478 2402 733 2472 ὀργάνοις
761 2403 1021 2474 βούλομαι
1047 2410 1158 2472 τοῖς
1181 2410 1335 2478 ἐμοῖς
1368 2413 1633 2482 μαθηταῖς
1663 2416 1802 2486 χρῆ-

226 2490 378 2556 σθαι,
414 2492 549 2546 ἀλλά
575 2495 669 2548 καὶ
702 2495 770 2547 τά
795 2497 922 2566 παρ’
950 2499 1160 2552 ἑαυτῶν
1185 2502 1429 2571 ἐπιζητῶ
1469 2507 1803 2577 προσφέρειν

225 2583 450 2646 αὐτούς.
478 2585 704 2654 ,Ἀμέλει
739 2589 832 2640 καὶ
866 2589 1123 2660 εὑρήσεις
1153 2594 1282 2656 τοὺς
1312 2595 1664 2662 ἀποστόλους,
1706 2601 1800 2652 καὶ

230 2674 470 2742 μάλιστα
505 2677 718 2731 Παῦλον
748 2680 918 2734 πολλὰ
942 2685 1034 2735 καὶ
1062 2683 1120 2747 ἐξ
1147 2686 1398 2738 ἐπινοιῶν
1443 2688 1800 2761 ἀνθρωπίνων

226 2765 603 2835 κατορθοῦντα
635 2769 752 2839 (καὶ
781 2771 1055 2839 ἀνάγνωθι
1111 2775 1209 2838 τὰς
1254 2777 1540 2850 Πράξεις)⁶
1577 2781 1717 2852 πλὴν
1744 2785 1802 2834 ἑν

226 2858 458 2920 ταύταις
485 2860 586 2913 οὐκ
613 2862 761 2932 ἀπῆν
796 2866 827 2932 ή
861 2863 954 2918 τοῦ
993 2866 1128 2920 Θεοῦ
1173 2870 1394 2938 βοήθεια
1414 2887 1430 2902 ο
1463 2871 1578 2942 ἅμα
1619 2875 1677 2928 δὲ
1708 2877 1802 2928 καὶ

227 2949 538 3019 ὠφελοῦντο
574 2955 623 3007 οἱ
653 2955 940 3009 ἀπόστολοι
973 2958 1052 3019 είς
1105 2958 1166 3010 τὸ
1213 2959 1416 3029 ἄτυφον
1469 2964 1533 3015 ἑκ
1587 2965 1798 3022 τούτου.

230 3039 296 3092 Et
329 3041 436 3111 γάρ
463 3044 557 3096 καὶ
583 3044 736 3097 αὐτοὶ
763 3045 990 3114 μηδενὸς
1021 3047 1418 3117 φροντίζοντες,
1455 3052 1630 3106 πάντα
1653 3058 1802 3126 παρά

226 3133 328 3186 τοῦ
361 3134 496 3188 Θεοῦ
539 3137 822 3206 ἀνέμενον,
858 3143 951 3192 καὶ
983 3141 1222 3207 ἐγίνοντο
1281 3144 1482 3210 αὐτοῖς,
1518 3146 1801 3220 ὲτυφώθή-

228 3245 333 3281 σαν
392 3230 481 3295 ἂν,
545 3231 620 3296 ὡς
676 3234 898 3301 μείζονα
958 3234 991 3304 ἢ
1049 3235 1191 3288 κατά
1243 3236 1590 3308 ἀνθρωπίνην
1648 3244 1806 3308 φύσιν

231 3320 510 3390 λαχόντες.
547 3324 652 3375 Καὶ
669 3323 840 3387 ἄλλως
862 3324 937 3389 δὲ,
963 3325 1128 3394 ἀργία
1148 3325 1359 3393 φύσεως
1391 3329 1482 3379 καὶ
1515 3329 1804 3403 διαφθορά,

230 3413 300 3462 τὸ
365 3412 530 3481 μηδὲν
580 3413 676 3482 ἀφ’
716 3415 926 3468 ἑαυτῶν
978 3415 1332 3482 ἐπινοεῖσθαι,
1391 3418 1530 3472 ἀλλά
1601 3423 1804 3487 πάντα,

227 3500 394 3555 τοῦτο
429 3503 495 3570 δὴ
513 3504 572 3556 τὸ
600 3504 693 3556 τοῦ
739 3505 920 3574 λόγου,
973 3505 1314 3577 ἀληλεσμένα
1345 3511 1672 3580 προσδοκᾷν.
1711 3515 1807 3568 Διά

234 3592 400 3644 τοῦτό
427 3611 590 3664 φησιν
620 3597 827 3662 αὐτοῖς,
880 3598 962 3650 ὅτι
1007 3598 1140 3651 Ἀπὸ
1193 3599 1287 3652 τοῦ
1347 3601 1442 3654 νῦν
1483 3604 1574 3653 καὶ
1628 3607 1808 3674 πήρας

234 3681 535 3753 βαστάζετε
560 3729 575 3752 ,
605 3690 906 3754 τουτέστιν,
967 3690 1123 3744 υῦτω
1165 3691 1461 3756 διάκεισθε,
1503 3695 1596 3746 καὶ
1643 3712 1807 3766 φρον-

230 3778 436 3843 τίζετε,
471 3779 547 3842 ὡς
576 3781 924 3851 πεινήσοντες
949 3800 962 3815 ·
1008 3785 1102 3836 καὶ
1129 3785 1405 3854 μαχαίρας
1453 3786 1760 3857 ἀγοράσατε
1791 3831 1805 3855 ,

231 3871 375 3940 ὅπερ
408 3871 574 3938 ἐστὶν,
611 3872 770 3926 Οὕτω
793 3874 1106 3944 προνοεῖσθε
1156 3875 1383 3939 ἑαυτῶν,
1418 3876 1492 3940 ὼς
1545 3878 1808 3942 κινδύνοις

234 3964 336 4016 κοιλ⁵
363 3963 616 4032 πολέμοις
647 3966 1138 4037 προσκρούσοντες.
1176 3969 1284 4021 Καὶ
1321 3969 1495 4032 ἄλλως
1528 3969 1584 4022 δὲ
1620 3970 1808 4034 eam.

235 4056 398 4110 σοντὸ
419 4075 563 4121 τινες
600 4059 661 4110 τὸ
709 4060 974 4128 ἀγοράσαι
1008 4061 1306 4131 μάχαιραν.
1338 4063 1640 4116 Λίνίττεται
1679 4066 1808 4135 γὰρ,

236 4151 395 4219 φασὶ,
428 4150 528 4220 τὴν
567 4149 754 4218 ἔφοδον
781 4152 1024 4222 τήννκατ’
1051 4151 1218 4206 αὑτοῦ
1246 4153 1369 4206 ὅσον
1398 4153 1552 4207 οῦπω
1581 4173 1807 4226 γενησο-

240 4241 436 4312 μένην,
473 4242 567 4294 καὶ
599 4244 679 4294 ὅτι
717 4243 1000 4313 μέλλουσιν
1052 4243 1214 4297 αὑτὸν
1257 4244 1656 4315 συλλαμϐάνειν
1713 4265 1810 4316 φο-

236 4335 356 4397 νεῖς
394 4333 691 4404 ἄνθρωποι.
749 4335 902 4389 Ἐπεὶ
953 4336 1060 4406 γὰρ
1117 4339 1313 4390 ἑκεῖνοι
1367 4340 1494 4409 περὶ
1533 4339 1813 4408 πρωτείων

237 4423 487 4493 ἔφθησαν
521 4425 658 4494 πρὸς
705 4425 968 4497 ἀλλήλους
1009 4427 1506 4498 φιλονεικήσαντες,
1545 4431 1660 4483 υύκ
1695 4431 1812 4484 ἔστι

238 4515 455 4584 καιρὸς.
478 4518 633 4586 φησὶ.
661 4517 1080 4587 φιλοπρωτείας,
1111 4520 1246 4572 ἀλλά
1267 4520 1530 4574 κινδύνων
1553 4525 1648 4576 καὶ
1675 4540 1811 4591 σφα-
1848 4510 1888 4565 D

238 4604 376 4672 γῶν.
410 4607 520 4659 Καὶ
548 4605 658 4676 γὰρ
691 4606 802 4672 ἑγὼ
833 4609 861 4660 ὁ
912 4606 1229 4672 διδάσκαλος
1260 4608 1416 4679 ὑμῶν
1467 4612 1546 4672 είς
1579 4609 1811 4664 θάνατον

237 4697 550 4766 ἀπάγομαι,
584 4699 677 4750 καὶ
702 4699 821 4752 οὐδὲ
845 4699 1064 4770 ἔντιμον
1095 4699 1326 4754 θάνατον
1346 4719 1360 4734 ·
1381 4701 1518 4756 ἀλλά
1546 4701 1812 4756 καὶτοῦτο

239 4789 664 4858 πληρωθήσεται
699 4793 784 4844 ἐπ’
812 4793 956 4862 ἐμοὶ,
989 4793 1069 4857 τὸ,
1106 4811 1124 4844 t
1160 4793 1268 4846 Καὶ
1297 4796 1434 4861 μετά
1466 4795 1684 4864 ἀνόμων
1708 4795 1814 4848 ἑλο-

240 4880 429 4950 γίσθη.
471 4899 489 4932 ι
527 4881 637 4952 Τήν
666 4883 854 4951 ἔφοδον
883 4885 977 4938 οὖν
1008 4884 1106 4955 τὴν
1141 4885 1438 4956 λῃστρικὴν
1481 4885 1814 4938 αἰνίττεσθαι

242 4971 588 5042 βουλόμενος,
647 4976 891 5046 ἐμνήσθη
931 4978 1244 5047 μαχαίρας·
1294 4977 1390 5030 καὶ
1445 4975 1571 5030 οὔτε
1631 4977 1866 5030 τέλεον(

239 5062 618 5131 ἀπεκάλυψεν,
655 5064 742 5117 ἵνα
789 5063 866 5134 μὴ
917 5065 1088 5136 δειλίᾳ
1119 5067 1227 5118 τινὶ
1259 5065 1612 5136 ταραχθῶσιν
1642 5081 1656 5096 ο
1689 5065 1814 5120 οὔτε

237 5154 424 5208 τέλεον
451 5154 876 5235 ἀπεσιώπησεν,
924 5156 1008 5209 ἵνα
1045 5157 1120 5228 μὴ
1153 5159 1219 5227 τῇ
1269 5157 1444 5229 ἀθρόᾳ
1474 5157 1654 5228 ἐφόδῳ
1685 5174 1818 5226 συγ-

240 5245 488 5316 χυθῶσν
524 5246 724 5315 μᾶλλον
773 5246 828 5299 δὲ
858 5247 944 5299 ἵνα
985 5247 1122 5316 μετᾶ
1175 5246 1348 5300 ταῦτα
1393 5250 1814 5320 ἀναμιμνησκό-

244 5353 424 5407 μενοι,
465 5335 824 5406 θαυμάζωσιν
884 5339 1044 5392 αύτδν
1093 5339 1168 5402 ὡς
1221 5340 1686 5412 προγινώσκοντα,
1723 5344 1818 5396 καὶ

240 5431 680 5500 ἐκπλήττωνται,
715 5431 831 5494 πῶς
863 5432 1056 5484 ἑαυτὸν
1087 5431 1322 5497 ἐξεδίδου
1360 5432 1495 5503 πρὸς
1542 5435 1604 5487 τὸ
1643 5436 1814 5500 πάθος

243 5527 390 5595 ὑπὲρ
435 5525 712 5598 σωτηρίας
758 5525 868 5578 τῶν
918 5525 1246 5596 ἀνθρώπων,
1280 5529 1374 5580 καὶ
1420 5527 1508 5579 6:5:
1538 5527 1697 5580 τοῦτο
1725 5533 1818 5582 καὶ

243 5618 402 5670 at‘no‘:
448 5618 613 5687 μηδὲν
663 5617 772 5672 τῶν
809 5617 1076 5687 ἀλγεινῶν
1133 5616 1518 5687 ὑποφεύγωσιν
1551 5618 1691 5688 ὑπὲρ
1723 5619 1817 5670 τοῦ

246 5709 422 5763 σῶσαί
474 5728 645 5775 τινας.
682 5711 868 5764 Ταῦτα
901 5711 1032 5782 γὰρ,
1081 5706 1258 5781 οἶμαι,
1292 5711 1360 5764 τά
1401 5710 1777 5781 αίνιγματώδη
1799 5725 1812 5738 °

243 5803 333 5858 διά
365 5804 521 5858 τοῦτο
541 5805 747 5873 ἔλεγεν,
774 5804 860 5858 ίνα
897 5804 1033 5874 μετά
1061 5803 1229 5858 ταῦτα
1275 5803 1814 5875 ἀναμιμνησκόμενοι

1901 1981 2032 2020 caus
2068 1965 2205 2020 bella
2238 1975 2290 2019 et
2311 1965 2587 2034 pericula,
2621 1964 2898 2018 etdoccns
2926 1974 2981 2015 ιιι
3018 1963 3098 2016 ad-
3119 1963 3297 2014 omnia
3330 1975 3471 2029 prte-

1904 2057 2075 2127 parati
2142 2058 2270 2111 sint.
2317 2058 2448 2110 Nam
2489 2073 2554 2110 ne
2593 2056 2904 2110 existiment
2951 2054 3278 2122 posteriores
3330 2050 3474 2120 quod

1905 2148 2132 2218 apostoli
2172 2163 2236 2202 et
2294 2162 2351 2202 se
2397 2147 2526 2200 nihil
2574 2149 2640 2200 ad
2683 2148 2939 2200 virtutem
2997 2144 3344 2208 contulerint,
3380 2141 3477 2196 sed

1905 2249 2072 2295 totum
2105 2239 2194 2293 Dei
2231 2238 2390 2292 fuerit
2432 2256 2445 2291 :
2490 2236 2605 2291 Non
2634 2240 2734 2292 hoc
2758 2238 2882 2301 erit,
2925 2237 3120 2306 inquit,
3157 2237 3254 2290 sic.
3293 2233 3476 2302 Neque

1904 2332 2046 2386 enim
2080 2331 2338 2400 apostolis
2379 2330 2514 2382 meis
2544 2329 2618 2382 uti
2651 2330 2770 2382 volo
2801 2338 2856 2382 ιιι
2893 2328 3269 2383 instrumentis
3300 2326 3478 2380 inani-

1905 2425 2102 2479 matis:
2137 2425 2230 2477 sed
2263 2432 2316 2476 et
2343 2437 2462 2491 qum
2496 2421 2563 2473 ab
2605 2421 2736 2489 ipsis
2788 2430 2910 2474 sunt
2953 2422 3098 2488 ipsos
3144 2419 3357 2472 adferre
3381 2433 3470 2486 po-

1903 2515 2063 2570 Stult).
2102 2514 2340 2582 Denique
2376 2512 2620 2566 invenies
2649 2511 2943 2581 apostolos,
2975 2520 3028 2563 et
3063 2511 3294 2562 maxime
3321 2508 3466 2560 Pau-

1907 2607 2036 2666 lum,
2071 2607 2234 2658 multa
2263 2606 2425 2658 etiam
2451 2618 2514 2657 ex
2543 2603 2795 2656 humanis
2826 2602 3102 2655 industriis
3125 2609 3274 2654 recte
3298 2600 3475 2652 facere
3553 2613 3558 2617 '

1910 2697 2048 2768 [lege
2077 2692 2259 2766 Acta],
2287 2692 2536 2762 quamvis
2559 2703 2614 2747 et
2645 2693 2695 2745 in
2734 2693 2820 2745 his
2837 2707 2942 2744 non
2961 2690 3197 2752 abfuerit
3227 2691 3482 2742 divinum~

1905 2788 2222 2843 subsidium.
2251 2785 2456 2840 lntcrca
2490 2794 2668 2837 autem
2697 2792 2749 2838 et
2801 2782 3059 2850 apostolis
3095 2781 3304 2833 accedit
3331 2779 3478 2832 utili-

1909 2891 2008 2944 tas,
2044 2895 2110 2933 nc
2139 2879 2278 2933 fastu
2332 2877 2576 2931 ittﬂenttlt
2634 2890 2697 2928 ex
2751 2875 2874 2928 hoc.
2902 2873 2958 2927 Si
3007 2871 3148 2924 enim
3209 2871 3307 2938 ipsi
3347 2867 3476 2922 nihil

1905 2978 2209 3034 curassent,
2267 2978 2318 3021 et
2353 2983 2380 3019 a
2443 2967 2550 3020 Deo
2599 2965 2784 3020 omnia
2847 2969 3252 3030 expectassent,
3314 2969 3475 3023 atque

1907 3065 2038 3132 ipsis
2076 3063 2404 3122 evenissent,
2435 3057 2603 3111 inﬂati
2639 3057 2886 3118 fuissent,
2920 3053 3073 3121 quasi
3124 3049 3294 3115 majus
3317 3049 3480 3119 quid-

1829 3176 1872 3232 ρ
1908 3157 2028 3207 dam
2055 3166 2216 3221 super
2254 3152 2395 3206 vires
2439 3151 2701 3203 humanas
2752 3147 2952 3201 sortiti.
2991 3145 3052 3198 Et
3087 3143 3326 3210 alioquin
3385 3155 3481 3194 na-

1915 3257 2048 3299 tura;
2069 3252 2217 3298 esset
2265 3242 2474 3312 ignavia
2509 3248 2561 3292 et
2594 3238 2891 3306 corruptio,
2927 3235 3060 3289 nihil
3095 3250 3124 3287 a
3160 3248 3222 3287 se
3262 3231 3481 3300 excogi-

1914 3347 2046 3400 tare,
2070 3335 2162 3389 sed
2204 3334 2406 3393 omnia.
2446 3341 2505 3384 ut
2555 3332 2658 3384 dici
2709 3330 2870 3392 solet,
2925 3328 3107 3381 molita
3139 3334 3476 3394 exspectare.

1911 3429 2195 3497 Propterea
2226 3427 2356 3481 dicit
2397 3426 2475 3480 eis
2514 3445 2528 3478 :
2563 3423 2641 3478 Ex
2677 3427 2780 3477 hoc
2813 3431 3055 3491 tempore
3085 3429 3137 3472 et
3189 3432 3346 3488 peras
3381 3430 3478 3485 ge-

1910 3531 2069 3584 state,
2105 3521 2204 3573 hoc
2237 3529 2336 3580 est.
2385 3518 2466 3572 sic
2505 3516 2680 3569 affecti
2720 3524 2915 3576 estote,
2942 3523 2993 3564 et
3041 3526 3221 3565 curam
3261 3509 3477 3570 habete,

1912 3625 1968 3668 ut
1993 3614 2226 3667 esuriem
2263 3611 2519 3666 habituri.
2547 3609 2608 3662 Et
2639 3607 2870 3678 gladiuzn
2907 3604 3100 3667 emite,
3177 3601 3323 3670 quod
3371 3608 3478 3658 est,

1911 3704 1988 3758 sic
2027 3700 2309 3772 providete
2335 3699 2488 3752 vobis
2535 3697 2685 3765 ipsis,
2743 3707 2998 3762 tanquam
3033 3691 3083 3744 hi
3127 3688 3218 3757 qui
3251 3686 3304 3738 in
3343 3683 3480 3738 bella

1911 3803 1963 3849 et
1995 3793 2172 3862 praelia
2202 3792 2364 3846 multa
2399 3789 2656 3843 incident.
2693 3787 2756 3840 Et
2779 3786 2934 3836 aliter
2960 3785 3327 3850 exposuerunt
3354 3775 3480 3844 qni-

1911 3887 2035 3940 dam
2080 3884 2248 3938 Emito
2303 3882 2570 3952 gladium.
2627 3877 2909 3945 Signiﬁcat
2968 3873 3136 3935 enim,
3194 3868 3482 3938 inquiunt,

1911 3976 2061 4032 brevi
2093 3985 2269 4028 tantas
2290 3974 2550 4026 adversus
2577 3970 2750 4037 ipsutn
2781 3966 2992 4021 futuras
3019 3962 3270 4023 insidias,
3300 3956 3486 4027 quales

1915 4083 2183 4138 nunquam
2219 4066 2459 4127 luerunt,
2485 4072 2539 4117 et
2563 4063 2703 4132 quod
2749 4057 2990 4114 invasuri
3023 4057 3133 4110 sint
3180 4054 3357 4121 ipsum
3387 4050 3483 4102 viri

1914 4157 2243 4229 sangttinarii
2266 4175 2278 4210 :
2301 4155 2435 4210 Nam
2465 4155 2588 4224 quia
2613 4152 2687 4206 illi
2720 4151 2869 4220 prius
2891 4150 3034 4203 inter
3057 4161 3114 4201 sc
3144 4145 3212 4198 de
3242 4145 3476 4212 primatu

1914 4252 2322 4306 contenderant.
2358 4247 2470 4300 Non
2503 4255 2606 4306 est.
2643 4244 2839 4312 inquit.
2874 4251 3102 4310 tempus.
3140 4235 3482 4294 ambitionis,

1915 4345 2007 4400 sed
2035 4343 2402 4412 periculorum
2455 4349 2508 4395 et
2547 4339 2798 4394 caedium.
2836 4335 2968 4389 Nam
3001 4343 3058 4388 et
3102 4329 3487 4402 egomagister

1918 4441 2097 4488 vester
2140 4433 2204 4484 ad
2239 4441 2461 4484 mortem
2513 4429 2774 4489 abducar,
2842 4439 3014 4494 neque
3078 4423 3144 4475 ad
3196 4421 3484 4485 gloriosam

1918 4535 2166 4580 mortem.
2193 4523 2574 4576 Verumtamen
2604 4519 2913 4588 implehitur
2939 4517 2989 4570 in
3025 4529 3128 4579 me,
3169 4533 3185 4563 ι
3215 4512 3349 4566 Cum
3385 4511 3488 4560 ini-

1917 4615 2039 4685 quis
2070 4614 2358 4681 depntatus
2389 4619 2490 4665 esti.
2535 4629 2554 4662 ι
2596 4609 2825 4662 Insidias
2854 4607 3030 4673 igitur
3057 4600 3489 4656 latrocinatm'ias

1917 4707 2341 4774 signiﬁcaturus,
2369 4701 2614 4756 meminit
2636 4701 2802 4768 gladii
2833 4708 2924 4751 :et
2959 4711 3130 4763 neque
3151 4693 3372 4746 omnino
3406 4705 3492 4740 rc-

1918 4796 2132 4856 velavil,
2192 4805 2250 4849 ut
2307 4811 2374 4847 ne
2424 4804 2567 4845 metu
2614 4792 2845 4860 quodam
2884 4796 3190 4841 terreantur
3245 4801 3256 4837 :
3316 4798 3490 4848 neque

1917 4889 2137 4945 omnino
2169 4888 2334 4949 siluit,
2368 4895 2426 4939 ut
2457 4901 2522 4938 ne
2556 4883 2855 4952 repentinis
2900 4879 3110 4934 insidiis
3152 4875 3487 4930 confundan-

1919 4990 2006 5036 tur
2039 4998 2052 5033 :
2081 4979 2189 5033 imo
2224 4989 2284 5032 ut
2316 4989 2436 5046 post
2467 4976 2580 5030 haec
2622 4974 2970 5028 recordantes
2993 4969 3331 5022 admirentur
3359 4980 3484 5019 eum

1920 5087 2174 5143 tauqua
2203 5071 2608 5140 prascientcm,
2639 5076 2690 5121 et
2712 5072 3024 5134 stupescant
3047 5058 3318 5131 qttomodo
3347 5056 3490 5124 seip-

1918 5182 2034 5222 Sutn
2068 5181 2164 5234 pro
2190 5165 2362 5220 salute
2398 5162 2675 5217 hominum
2711 5160 2775 5210 ad
2829 5167 3056 5209 mortem
3100 5151 3404 5212 tradiderit,
3435 5159 3491 5202 et

1919 5267 2201 5326 propterea
2230 5255 2394 5308 etiam
2429 5252 2528 5320 ipsi
2578 5249 2711 5304 nihil
2767 5247 3050 5300 molestum
3093 5241 3490 5309 subterfugiant

1919 5359 1977 5403 ut
2008 5349 2285 5403 salventur
2315 5345 2501 5412 aliqui.
2543 5342 2664 5396 llaec
2711 5341 2854 5394 cnim
2894 5337 3090 5406 opinor
3145 5333 3489 5398 mniqmatice

1921 5449 2201 5510 propterea
2234 5435 2468 5496 dicebat,
2504 5442 2560 5484 ut
2601 5441 2786 5500 postea
2823 5426 3174 5482 recordantes
3200 5435 3253 5479 et
3289 5422 3484 5477 intelli-

1919 5539 2124 5601 gentes,
2166 5526 2452 5580 utilitatem
2516 5528 2817 5589 caperent:
2867 5518 3123 5587 quoniam
3169 5524 3296 5568 tunc
3351 5514 3486 5566 adeo

1921 5621 2238 5690 insipientes
2259 5624 2436 5679 erant,
2480 5623 2538 5667 ut
2587 5613 2867 5668 dicereut:
2908 5629 2925 5661 ι
2968 5609 3214 5671 Domine,
3241 5619 3366 5659 ecce
3400 5604 3489 5656 hic

1920 5711 2076 5781 gladii
2104 5710 2229 5764 duo.
2265 5725 2282 5756 ι
2318 5704 2383 5758 At
2424 5705 2536 5774 ipse
2562 5704 2686 5774 quia
2723 5703 2851 5756 vidit
2880 5716 2974 5757 eos
2998 5715 3102 5754 non
3133 5696 3484 5753 intellexisse,
3573 5733 3590 5745 .

1924 5802 2094 5870 inquit
2135 5819 2148 5856 :
2193 5819 2210 5851 ‹
2249 5795 2396 5852 Satis
2437 5805 2517 5851 cst
2554 5811 2567 5853 :
2631 5814 2648 5847 ι
2689 5795 2898 5850 tametsi
2948 5802 3291 5860 nequaquam
3322 5784 3487 5837 salic-
