3870 6552
411 367 581 431 Ῑῦἷθ,

1256 360 1843 421 THEOPHYLACI‘I
1887 353 2295 416 BULC-Alildi
2328 347 2688 409 ARCHIEP.

3500 345 3620 409 10δο

407 486 613 539 eissent
642 498 657 537 :
698 482 741 534 si
770 480 1006 534 humano
1040 476 1242 531 auxilio
1280 482 1474 531 contra
1508 473 1807 531 homicidas
1857 473 1975 526 illus

2095 470 2170 524 ιαί
2213 464 2487 527 συνιέντες
2534 458 2857 530 ὠφελῶνται
2883 473 2895 487 ·
2954 456 3249 523 ὲπείτοιγε
3304 459 3425 511 τότε
3472 460 3625 526 sim;

408 574 487 629 uti
509 572 856 643 oportuisset,
889 584 1062 638 neque
1083 575 1298 623 centum
1341 566 1501 635 gladii
1532 564 1891 619 suﬂ'ecissent.
1919 563 1973 616 Si

409 676 589 719 autem
634 664 737 717 hoc
790 659 1030 724 nolebat,
1084 660 1177 713 sed
1231 656 1498 710 diviniore
1552 654 1797 709 subsidio
1841 669 1976 723 opus

407 765 545 818 erat.
579 751 833 824 superflui
857 760 1014 806 erant
1046 760 1097 803 et
1125 751 1272 805 duo:
1312 756 1681 825 verumtamen
1721 746 1976 800 Dominus

418 847 585 904 noluit
610 862 704 903 eos
724 860 978 914 arguere,
1033 853 1219 913 utpote
1277 841 1407 896 nihil
1448 839 1840 907 intelligentes;
1882 839 1974 892 sed

406 939 588 995 dixit:
628 958 646 989 ι
685 937 830 991 Satis
864 948 968 999 est,
1008 955 1027 988 ι
1062 950 1126 989 ac
1168 932 1457 1003 processit.
1497 928 1587 983 Sic
1610 930 1773 998 igitur
1815 930 1975 980 etiam

405 1047 509 1095 nos
574 1028 793 1097 quando
845 1043 968 1081 cum
1024 1024 1259 1093 quodam
1312 1029 1696 1076 conversantes
1733 1020 1979 1073 videmus

407 1139 532 1179 eum
566 1119 732 1193 474
762 1136 866 1179 non
894 1117 1226 1172 intellexisse
1253 1113 1393 1184 quod
1426 1113 1686 1175 diximus,
1726 1111 1976 1167 dicimus.

408 1214 573 1278 Bene,
611 1212 823 1266 dimitte
861 1227 877 1266 :
936 1208 1184 1276 quamvis
1235 1221 1340 1259 non
1388 1205 1459 1259 sit
1512 1204 1734 1257 bonum.
1767 1201 1871 1256 Sed
1912 1217 1979 1255 ne

407 1308 819 1368 conturbemus,
844 1302 1190 1357 remittimus.
1218 1299 1371 1354 Facit
1412 1308 1594 1353 autem
1642 1299 1744 1353 hoc
1797 1298 1978 1352 Domi-

410 1415 539 1466 nus,
562 1398 780 1467 quando
804 1395 951 1452 videt
975 1393 1266 1463 discipulos
1283 1408 1388 1447 non
1412 1392 1711 1463 intelligere
1733 1393 1934 1447 dictum
1959 1407 1977 1450 :

414 1490 628 1556 transit,
656 1498 712 1544 et
759 1497 1011 1541 eventum
1060 1501 1245 1540 rerum
1295 1484 1560 1553 permittit
1594 1483 1865 1552 explicare
1894 1484 1979 1536 di-

410 1589 619 1636 ctorum
652 1578 1084 1647 intelligentiam,
1118 1577 1258 1630 sicut
1284 1584 1338 1629 et
1357 1575 1572 1645 quando
1595 1574 1770 1630 dixit:
1803 1592 1823 1626 ι
1855 1572 1979 1627 Sol-

2078 560 2318 627 ὰνοήτως
2352 555 2632 616 διέκειντο,
2687 547 2827 600 ὥστε
2866 547 3038 600 εἰπεῖν
3060 562 3073 577 ·
3120 563 3139 596 ι
3177 544 3373 614 Κύριε,
3405 546 3512 602 ἰδοὺ
3534 543 3626 603 ὦδε

2082 655 2347 724 μάχαιραι
2371 648 2487 704 δύο.
2536 667 2554 700 ι
2603 647 2660 699 ὐ
2686 644 2744 697 δὲ
2778 644 2900 697 ἐπεὶ
2946 636 3086 695 εἶδεν
3138 641 3338 703 αὐτοὺς
3397 641 3472 712 μὴ
3519 658 3630 694 σνν-

2079 746 2302 817 ηκότας,
2342 741 2506 814 φησίν
2534 756 2548 771 ·
2595 758 2613 790 ι
2657 737 2860 790 Ἱκανόν
2896 736 3033 789 ἐστι.
3075 753 3095 784 ι
3128 733 3323 787 Καίτοι
3351 750 3416 800 γε
3453 735 3548 786 οὐκ
3570 730 3629 805 ἦν

2082 837 2286 892 ἰκανόν.
2320 835 2384 888 Εἰ
2418 834 2518 904 μὲν
2551 831 2661 902 γὰρ
2684 827 3002 899 ἀνθρωπίνῃ
3032 825 3254 897 βοηθείᾳ
3289 826 3395 878 ἔδει
3445 826 3633 895 κεχρῆ-

2081 930 2204 983 σθαι
2237 927 2379 981 κατὰ
2429 925 2538 978 τῶν
2589 920 2898 995 λῃστρικῶς
2945 921 3229 980 ἐπιόντων,
3281 917 3405 969 οὐδὲ
3457 916 3633 969 ἑκατὸν

2082 1022 2346 1091 μάχαιραι
2382 1017 2566 1071 ἰκαναί
2593 1011 2733 1086 ἦσαν
2756 1031 2769 1044 ·
2808 1016 2857 1066 εἰ
2887 1013 2943 1066 δὲ
2980 1012 3054 1081 μὴ
3085 1010 3265 1073 τοῦτο,
3317 1007 3456 1061 ἀλλά
3508 1007 3637 1060 θειο-

2078 1117 2241 1186 τέρας
2276 1115 2382 1166 έδει
2428 1109 2769 1181 συνεργείας,
2809 1107 3064 1178 περιτταὶ
3101 1104 3195 1157 καὶ
3246 1105 3303 1155 αἰ
3348 1101 3464 1155 δύο.
3508 1101 3636 1154 Ἀλλ’

2078 1209 2226 1278 ὅμως
2277 1209 2306 1260 ὁ
2354 1204 2558 1274 Κύριος
2601 1203 2702 1255 οὐκ
2755 1199 3021 1271 ἠθέλησεν
3075 1197 3294 1264 ἐλέγξαι
3324 1197 3546 1257 αὐτοὺς,
3574 1193 3641 1257 ὡς

2084 1301 2159 1370 μὴ
2187 1301 2504 1368 νοὴσαντας,
2533 1292 2647 1346 ἀλλ’
2679 1290 2870 1351 εἰπὼν,
2927 1309 2944 1338 ι
2991 1287 3201 1340 Ἱκανόν
3256 1288 3406 1347 ἐστι,
3452 1302 3470 1335 ι
3512 1300 3642 1354 παρ-

2082 1393 2312 1462 έδραμεν
2336 1406 2349 1419 ·
2390 1389 2578 1457 ὥσπερ
2611 1382 2703 1439 οὖν
2734 1385 2830 1438 καὶ
2859 1384 3042 1452 ἡμεῖς,
3078 1379 3296 1433 ἐπειδὰν
3348 1377 3488 1448 πρός
3531 1392 3643 1428 τινα

2080 1485 2391 1555 ὁμιλοῦντες
2455 1484 2654 1553 ἴδωμεν
2707 1480 2868 1535 αὑτὸν
2922 1478 2998 1549 μὴ
3032 1477 3283 1531 συνιέντα
3336 1475 3369 1528 ὃ
3401 1475 3641 1541 εἰπομεν,

2080 1580 2332 1647 λέγομεν,
2392 1576 2592 1637 Καλὸν,
2628 1573 2787 1642 ἄφες,
2842 1571 3022 1625 καίτοι
3064 1587 3126 1638 γε
3158 1569 3260 1623 οὐκ
3290 1567 3408 1621 ἔστι
3459 1565 3641 1618 καλόνο

409 1672 521 1726 vite
552 1670 806 1738 templum
844 1671 945 1724 hoc
1003 1670 1069 1722 “.
1112 1688 1131 1719 ι
1184 1666 1318 1721 Nam
1370 1677 1557 1736 postea
1609 1675 1981 1737 cognoverunt

2095 1672 2195 1725 ἰιλλ’
2217 1667 2312 1725 οὖν
2344 1669 2433 1723 ἶνα
2464 1667 2538 1739 μὴ
2570 1665 2901 1736 ἐνοχλῶμεν,
2943 1663 3198 1731 ἀφίεμεν.
3236 1662 3391 1713 Ποιεῖ
3410 1659 3468 1712 δὲ
3502 1657 3645 1710 τοῦτο

411 1764 514 1819 hoc
538 1762 786 1831 discipuli
809 1761 928 1830 ejus
961 1770 1081 1826 post
1110 1759 1589 1814 resurrectionem.
1624 1755 1857 1822 Quidam
1885 1770 1981 1810 au-

2095 1762 2361 1833 ΒΚύριος,
2402 1760 2621 1814 ἐπειδὰν
2646 1758 2731 1830 ἴδῃ
2749 1758 2874 1820 τοὺς
2908 1754 3174 1824 μαθητὰς,
3212 1752 3289 1821 μὴ
3336 1755 3633 1819 νοήσαντας

413 1866 518 1911 tem
557 1870 655 1923 per
678 1853 906 1908 ironiam
938 1853 1197 1906 dixerunt
1228 1852 1431 1905 dictum
1461 1864 1488 1903 a
1526 1848 1745 1903 Christo
1767 1888 1782 1913 ,
1830 1867 1849 1899 ι
1882 1848 1981 1901 Sa.

2450 1814 2792 1922 Παρατρέχει
3002 1814 3096 1900 καὶ
3135 1814 3372 1911 ⁷ἀιρξινξσι,
3423 1814 3500 1911 τῇ
3546 1840 3646 1893 τῶν

413 1949 483 2002 lis
512 1957 618 2003 est.
661 1966 680 2000 ι
719 1946 852 2001 Nam
886 1962 1008 2001 cum
1034 1945 1298 1998 dixissent
1338 1940 1612 2011 discipuli,
1651 1959 1671 1993 t
1712 1939 1852 1995 Ecce
1879 1941 1986 1995 duo

2095 1947 2427 2018 πραγμάτων
2456 1944 2678 1997 ἐκϐάσει
2705 1941 2805 2012 τὴν
2859 1938 3188 2006 κατανόησιν
3227 1935 3340 1987 τῶν
3383 1933 3648 2003 ῥηθέντων

413 2040 576 2111 gladii
611 2040 717 2106 hic,
770 2058 790 2091 ι
840 2038 1103 2093 Dominus
1148 2035 1372 2096 ironice,
1405 2024 1601 2098 aiunt,’
1625 2033 1761 2088 dixit
1795 2051 1808 2086 :
1852 2032 1986 2099 Quia

2095 2039 2429 2108 ἐπιτρέπων·
2476 2033 2665 2103 ὥσπερ
2709 2032 2802 2085 καί⁸
2857 2030 2987 2083 ὅταν
3037 2023 3193 2079 εἶτ-,ε’
3234 2045 3253 2076 ι
3295 2023 3513 2079 Λύσατε
3566 2021 3649 2073 τὸν

413 2134 522 2188 duo
558 2142 707 2196 sunt,
757 2133 980 2187 omnino
1036 2130 1191 2185 multi
1217 2136 1369 2191 sunt,
1421 2137 1476 2181 et
1506 2125 1780 2181 suﬂiciunt
1829 2126 1987 2182 nobis

2095 2129 2211 2185 ναδν
2242 2126 2466 2181 τοῦτον·
2505 2145 2523 2178 ι
2575 2124 2802 2192 ὕστερον
2838 2119 2947 2190 γὰρ
2978 2118 3222 2186 ἔγνωσαν
3264 2114 3426 2167 τοῦτο
3467 2113 3518 2165 οἰ
3556 2128 3650 2179 μα-

413 2236 605 2279 contra
640 2223 1045 2279 multitudinem
1079 2235 1200 2291 qua
1231 2220 1377 2273 venit
1404 2232 1565 2288 super
1591 2232 1709 2274 nos.

2087 2220 2249 2291 θηταὶ
2276 2216 2441 2273 αὐτοῦ
2483 2215 2623 2287 μετά
2668 2211 2766 2283 τὴν
2816 2211 3136 2265 ἀνάστασιν.
3164 2205 3318 2267 Τινὲς
3342 2204 3403 2258 δὲ
3431 2204 3552 2256 κατ’
3577 2203 3647 2253 εἰς

415 2320 646 2389 ρωνείαν
694 2318 905 2388 ἔφασαν
952 2316 1129 2369 εἰπεῖν
1183 2316 1276 2369 τδν
1329 2315 1536 2388 Κύριον
1585 2317 1669 2380 τὸ,
1715 2334 1735 2368 ι
1787 2314 1990 2371 Ἱκανόν
2049 2316 2219 2371 ἐστιν.
2260 2335 2281 2370 ι
2318 2315 2598 2368 Εἰπόντων
2648 2314 2758 2382 γὰρ
2810 2310 2919 2365 τῶν
2961 2309 3241 2380 μαθητῶν,
3285 2326 3306 2358 ι
3363 2305 3497 2359 Ἰδοὺ
3558 2295 3650 2353 ᾆδε

414 2409 686 2479 μάχαιραι
721 2405 836 2471 δύο,
886 2425 905 2457 ι
931 2407 957 2458 ὁ
999 2404 1203 2474 Κύριος
1231 2404 1553 2474 εἰρωνικῶς,
1600 2405 1788 2473 φασιν,
1865 2404 2121 2475 εἴρηκεν·
2168 2406 2319 2458 Ἐπεὶ
2351 2406 2444 2458 δύο
2506 2404 2631 2464 εἰσὶ,
2666 2400 2857 2455 πολλαί
2885 2402 2992 2452 εἰσι
3052 2398 3291 2460 πάντως,
3338 2397 3434 2449 καὶ
3464 2393 3657 2464 ἀρκοῦ-

413 2522 500 2559 σιν
528 2504 660 2574 ἡμῖν
695 2499 833 2569 πρὸς
870 2498 1074 2570 πλῆθος
1097 2497 1354 2551 τοσοῦτον
1374 2497 1802 2568 ὲπελευσόμενον
1825 2500 1978 2569 ἡμῖν.

483 2593 652 2650 Vsus.
682 2591 873 2648 39—46.
913 2611 933 2644 ι
990 2590 1055 2645 Ει
1103 2605 1356 2660 egressus
1380 2590 1490 2645 ibat
1514 2590 1597 2659 (ut
1622 2598 1740 2644 erat
1774 2591 1986 2658 solitus)

413 2688 470 2740 in
495 2694 733 2740 montem
766 2682 1044 2739 Olivarum
1075 2700 1090 2738 :
1122 2681 1292 2736 secuti
1345 2691 1473 2736 sunt
1503 2691 1681 2736 autem
1729 2680 1879 2735 illum
1932 2689 1990 2736 et

414 2776 688 2846 discipuli.
724 2776 788 2828 Et
817 2789 937 2829 cum
972 2772 1308 2842 pervenisset
1344 2773 1409 2827 ad
1436 2775 1635 2839 locum,
1659 2772 1797 2827 dixit
1828 2772 1931 2826 illis
1968 2788 1982 2826 :

415 2868 602 2931 Orate.
641 2883 710 2923 ne
750 2867 966 2924 intretis
1012 2868 1064 2921 in
1103 2866 1477 2922 tentationem.
1507 2864 1575 2922 Et
1604 2866 1718 2933 ipse
1766 2865 1986 2920 avulsus

417 2970 502 3017 est
529 2961 598 3015 ab
625 2961 706 3015 eis
732 2959 903 3015 ferme
933 2959 1000 3013 ad
1024 2959 1228 3029 jactum
1257 2956 1473 3025 lapidis,
1502 2957 1806 3028 positisque
1838 2957 1988 3028 geni-

417 3055 520 3106 hus
545 3050 757 3111 orabat.
788 3051 978 3105 dicens
1012 3066 1026 3104 :
1054 3048 1237 3117 Pater,
1260 3049 1305 3105 si
1338 3050 1439 3113 vis,
1472 3049 1705 3105 transfer
1733 3049 1985 3119 poculum

420 3144 573 3198 hoca
604 3156 731 3210 me;
759 3152 1128 3197 verumtamen
1162 3156 1269 3195 non
1298 3155 1416 3196 mea
1446 3139 1717 3205 voluntas,
1755 3139 1852 3195 sed
1898 3149 1986 3194 tua

2173 2606 2192 2639 ι
2234 2584 2341 2640 Καὶ
2369 2582 2602 2650 ἐξελθὼν
2626 2582 2896 2653 ἐπορεύθη
2929 2581 3070 2633 κατὰ
3096 2578 3157 2633 τὸ
3180 2575 3301 2635 ἔθος
3344 2575 3433 2649 εἰς
3456 2573 3519 2625 sb
3540 2571 3653 2640 ὅρος

2094 2679 2202 2734 τῶν
2241 2677 2470 2730 Ἐλαιῶν
2496 2693 2510 2708 ο
2550 2674 2927 2746 ἠκολούθησαν
2958 2673 3017 2727 δὲ
3048 2670 3197 2739 αύτῷ
3224 2668 3322 2721 καὶ
3348 2668 3399 2719 οί
3426 2663 3653 2734 μαθηταί

2093 2767 2279 2822 αὑτοῦ.
2315 2766 2613 2835 Γενόμενος
2652 2766 2710 2820 δὲ
2749 2767 2843 2817 ἐπὶ
2875 2764 2971 2817 τοῦ
3011 2763 3198 2822 τόπου,
3229 2755 3387 2812 εἶπεν
3433 2756 3610 2815 αὐτοῖς
3633 2770 3647 2789 ν

2095 2858 2466 2930 Προσεύχεσθε
2498 2858 2572 2928 μὴ
2602 2856 2865 2911 εἰσελθεῖν
2893 2858 2975 2919 εἰς
3012 2851 3344 2924 πειρασμὸν,
3383 2849 3482 2902 καὶ
3506 2848 3653 2908 αὖτις

2094 2949 2424 3021 ἀπεσπάσθη
2455 2948 2550 3003 ἀπ’
2585 2948 2763 3004 αὐτῶν
2817 2947 2952 3000 ὼσεί
2995 2944 3143 2998 λίθου
3192 2942 3359 3012 βολήν
3384 2957 3396 2969 ·
3433 2940 3529 2991 καὶ
3553 2937 3655 2994 θεὶς

2095 3042 2163 3097 τά
2185 3044 2411 3112 γόνατα,
2453 3040 2796 3111 προσηύχετο
2849 3037 3062 3106 λέγων·
3107 3035 3311 3103 Πάτερ,
3373 3033 3423 3082 εἰ
3485 3028 3655 3097 βούλει

2096 3135 2455 3207 παρενεγκεῖν
2487 3133 2546 3186 τὸ
2573 3132 2832 3202 ποτήριον
2858 3127 3016 3182 τοῦτο
3066 3125 3161 3179 ἀπ’
3212 3122 3350 3193 ἐμοῦ
3370 3140 3383 3152 ·
3420 3122 3558 3189 πλὴν
3587 3117 3657 3187 μὴ

426 3237 544 3291 fiat.
573 3235 835 3307 Apparuit
865 3243 1043 3290 autem
1085 3235 1159 3289 illi
1202 3234 1427 3303 angelus
1471 3234 1537 3290 de
1584 3235 1722 3290 caelo
1766 3233 1985 3289 confor-

2095 3230 2153 3284 τὸ
2206 3226 2416 3299 θέλημά
2476 3242 2601 3297 μου,
2647 3223 2784 3279 ἀλλά
2820 3222 2882 3276 τὸ
2933 3220 3026 3274 σὺν
3073 3216 3337 3286 γενέσθω.
3393 3213 3571 3307 Ὠφθη
3605 3210 3656 3262 δδ

423 3339 547 3384 tans
573 3344 696 3383 cum
740 3344 756 3387 :
807 3336 863 3383 et
907 3336 1191 3397 correptus
1234 3342 1438 3396 angore
1484 3326 1747 3397 prolixius
1779 3327 1989 3381 orabat.

423 3421 490 3474 Et
511 3430 632 3475 erat
655 3419 821 3475 sudor
845 3417 966 3487 ejus
996 3417 1138 3471 sicut
1168 3427 1336 3487 guttae
1365 3417 1653 3486 sanguinis
1699 3417 1995 3471 decurren-

428 3512 584 3567 tesin
622 3518 846 3565 terram.
879 3509 945 3564 Et
978 3524 1102 3563 cum
1133 3509 1464 3563 surrexisset
1504 3524 1533 3562 a
1586 3508 1994 3578 deprecatione,

425 3603 784 3671 venissetque
838 3602 907 3656 ad
974 3599 1272 3668 discipulos
1322 3614 1471 3664 suos,
1518 3598 1719 3667 reperit
1754 3612 1849 3653 eos
1874 3598 1998 3651 dor—

427 3693 656 3749 mientes
686 3708 797 3762 pra:
838 3693 1232 3759 mestitudine,
1272 3701 1328 3745 et
1347 3692 1425 3745 ait
1459 3689 1585 3754 illis,
1616 3690 1753 3757 Quid
1786 3690 1993 3745 dormi-

428 3783 544 3838 tis!
574 3781 788 3853 Surgite
815 3792 871 3838 et
910 3792 1084 3849 orate,
1125 3797 1193 3836 ne
1232 3781 1445 3837 intretis
1476 3781 1529 3835 in
1559 3781 1934 3837 tentationem.
1970 3800 1990 3833 ι

425 3873 558 3930 Post
579 3889 787 3933 cumam
815 3889 920 3930 non
939 3874 1144 3930 desidia
1167 3884 1221 3929 et
1239 3872 1347 3931 ludi
1371 3883 1428 3928 et
1461 3887 1683 3928 somnus
1711 3871 1995 3927 Dominum

425 3967 791 4039 excipiebant,
812 3967 906 4023 sed
936 3967 1162 4024 docebat
1189 3975 1244 4022 et
1267 3965 1480 4031 orabat,
1509 3966 1728 4035 propter
1753 3979 1853 4018 nos
1881 3963 1998 4020 haec

426 4059 667 4127 flgtirans
694 4066 750 4112 et
773 4059 1175 4115 demonstrans.
1209 4055 1302 4113 Vae
1334 4058 1499 4127 igitur
1523 4058 1588 4112 iis
1616 4056 1705 4126 qui
1734 4065 1855 4127 post
1886 4070 1997 4111 caa-

429 4167 552 4204 ram
586 4149 749 4207 fmdis
779 4150 1204 4206 scortationibus
1232 4159 1444 4206 vacant.
1480 4150 1696 4204 Secedit
1726 4159 1906 4203 autem
1943 4149 1995 4202 iu

427 4252 668 4299 montem
703 4243 977 4299 Olivarum
1008 4252 1289 4312 postquam
1340 4243 1464 4298 talia
1523 4242 1797 4298 docuisset
1842 4239 1999 4296 disci-

432 4334 606 4404 pulos,
635 4343 696 4389 ut
735 4343 940 4390 oraret.
990 4332 1361 4389 Consueverat
1404 4332 1552 4388 enim
1608 4347 1856 4388 seorsum
1896 4331 1998 4386 hoc

434 4425 616 4481 facere
665 4425 876 4480 Idcirco
903 4433 959 4480 et
989 4440 1018 4478 a
1041 4424 1321 4494 discipulis
1363 4424 1637 4479 avellitur.
1663 4422 1782 4479 Non
1807 4437 1998 4480 omnes

431 4526 613 4571 autem
649 4515 963 4585 discipulos,
985 4515 1079 4570 sed
1118 4524 1227 4570 tres
1267 4523 1474 4570 tantum
1512 4515 1763 4581 assumit,
1813 4516 1989 4586 quiet

430 4605 616 4675 gloriae
643 4621 756 4662 suae
783 4605 835 4660 in
866 4614 1047 4660 monte
1070 4613 1403 4674 spectatores
1425 4604 1658 4660 fuerant.
1685 4604 1821 4672 Quia
1844 4604 1988 4659 enim

429 4712 485 4754 ιιι
519 4699 572 4754 in
600 4713 772 4770 agone
812 4706 1067 4753 oraturus
1099 4704 1243 4762 erat,
1298 4705 1357 4752 ut
1392 4713 1459 4752 ne
1503 4697 1751 4751 videatur
1792 4695 1997 4751 timidi-

433 4794 562 4848 talis
594 4807 718 4850 esse
745 4791 1024 4858 indicium,
1059 4798 1343 4861 propterea
1379 4790 1609 4846 assumit
1641 4802 1734 4844 eos
1779 4788 1868 4858 qui
1912 4789 1999 4843 di-

426 4889 570 4942 vime
597 4885 782 4956 glorias
841 4893 896 4942 et
948 4883 1168 4954 superni
1228 4882 1519 4939 testimonii
1567 4890 1906 4950 spectatores
1947 4890 2003 4934 et

429 4982 704 5037 auditores
729 4979 965 5044 fuerant,
1001 4987 1062 5033 ut
1086 4993 1208 5033 cum
1240 4977 1476 5031 viderint
1505 4976 1863 5039 laborantem,
1894 4974 1997 5028 hoc

428 5073 681 5128 humanae
710 5081 915 5126 natura:
964 5083 1085 5125 esse
1133 5067 1335 5124 dicant.
1373 5066 1447 5123 Ut
1483 5066 1627 5121 enim
1680 5066 1997 5121 crederetur

428 5177 592 5219 verus
613 5164 776 5219 homo
811 5177 955 5228 esse,
1005 5169 1207 5214 natura:
1248 5159 1393 5228 quod
1439 5172 1597 5212 suum
1654 5166 1771 5210 erat
1822 5156 1999 5210 facere

428 5256 694 5327 permisit,
733 5264 789 5310 et
816 5254 980 5310 vitam
1011 5251 1217 5323 appetit
1243 5248 1407 5304 etiam
1434 5249 1549 5318 ipse
1574 5259 1631 5302 ut
1658 5247 1841 5312 homo,
1874 5260 1996 5316 pre-

428 5356 693 5416 caturque
721 5356 780 5400 ut
811 5353 1051 5401 transeat
1095 5342 1262 5400 calix.
1322 5339 1457 5394 Nam
1510 5341 1635 5395 vitae
1682 5355 1872 5392 amans
1910 5346 1993 5392 est

431 5440 616 5496 homo.
648 5439 763 5507 Quo
791 5438 1141 5492 confutantur
1162 5437 1399 5491 haereses
1443 5448 1564 5503 qua:
1598 5432 1787 5487 dicunt
1823 5431 1992 5500 phan-

434 5532 683 5585 tasticum
741 5527 909 5585 fuisse
940 5528 1241 5584 hominem.
1290 5527 1504 5583 Etenim
1545 5541 1667 5583 cum
1710 5524 1822 5581 haec
1854 5524 1992 5577 facta

432 5621 565 5686 sint,
594 5628 648 5676 et
672 5619 978 5675 habuerunt
1005 5620 1145 5676 unde
1169 5618 1431 5689 ejusmodi
1457 5626 1788 5688 uagarentur
1818 5632 1833 5672 :
1866 5614 1993 5686 quid

510 5800 550 5830 ”
586 5797 740 5854 Jonn.
775 5814 850 5863 ιι,
888 5798 971 5853 19.

2094 3320 2242 3390 αὐτῷ
2273 3317 2501 3388 ἄγγελος
2528 3317 2622 3370 ἀπ’
2651 3310 2885 3384 ούρανοῦ
2918 3307 3184 3378 ἐνισχύων
3215 3304 3396 3359 αὐτόν.
3434 3301 3545 3355 Καὶ
3574 3315 3660 3390 γε·

2094 3389 2319 3483 νόμενος
2353 3411 2412 3465 ὲν
2441 3408 2651 3477 ἀγωνίᾳ
2679 3404 3062 3472 ἐκτενέστερον
3100 3399 3470 3468 προσηύχετο.
3513 3389 3657 3457 Ἐγέο

2094 3523 2215 3559 νετο
2233 3504 2290 3559 δὲ
2312 3506 2342 3559 ὁ
2377 3501 2539 3573 ἱδρὼς
2562 3500 2728 3554 αὑτοῦ
2768 3498 2904 3551 ὡσεὶ
2950 3492 3180 3564 θρόμϐοι
3229 3491 3465 3557 αἵματος
3495 3500 3662 3538 κατα-

2097 3598 2371 3658 ϐαίνοντες
2395 3597 2478 3659 εἰς
2507 3595 2607 3664 τὴν
2635 3595 2759 3663 γῆν.
2790 3589 2902 3645 Καὶ
2940 3587 3183 3650 ἀναστὰς
3214 3584 3325 3639 ἀπὸ
3362 3585 3462 3650 τῆς
3499 3594 3662 3664 προσο

2096 3691 2299 3759 ευχῆς,
2348 3686 2518 3741 ἐλθὼν
2563 3663 2715 3755 ίπρδς
2781 3683 2909 3745 τοὺς
2958 3678 3208 3750 μαθητὰς
3259 3673 3448 3734 αὑτοῦ,
3507 3663 3662 3737 εὗρεν

2096 3782 2295 3844 αὐτοὺς
2325 3778 2706 3847 κοιμωμένους
2728 3775 2838 3829 ἀπὸ
2873 3774 2975 3842 τῆς
3003 3771 3208 3841 λύπης.
3241 3767 3352 3822 Καὶ
3393 3762 3546 3818 εἶπεν
3572 3762 3663 3815 αὑ-

2096 3877 2209 3937 τοῖς
2233 3889 2248 3905 ο
2282 3872 2347 3926 Τί
2379 3869 2711 3935 καθεύδετες
2760 3866 3124 3926 Ἀναστάντες
3158 3857 3555 3931 προσεύχεσθε,
3579 3854 3663 3904 ἵνα

2102 3967 2178 4037 μὴ
2206 3963 2485 4035 εἰσέλθητε
2511 3962 2592 4023 είς
2623 3957 2952 4027 πειρασμόν.
2998 3975 3018 4008 ο
3051 3952 3208 4008 Μετά
3240 3952 3301 4005 τὸ
3336 3942 3663 4037 δεῖπνον.ᾎοῦ

2100 4035 2362 4129 ῥᾳθυμία,
2393 4053 2487 4108 καὶ
2526 4050 2774 4118 παίγνια,
2808 4050 2902 4102 καὶ
2928 4047 3093 4108 ὕπνος
3124 4044 3220 4096 τον
3246 4040 3458 4129 Κύριον
3493 4035 3664 4088 διαδέ-

2099 4127 2307 4217 χονται,
2345 4142 2482 4198 ἀλλὰ
2528 4139 2871 4202 διδασκαλία,
2924 4138 3019 4190 καὶ
3059 4130 3364 4206 προσευχὴ,
3425 4127 3492 4181 δι’
3523 4127 3669 4193 ἡμᾶς

2098 4238 2269 4293 ταῦτα
2291 4232 2568 4289 τυποῦντα
2594 4233 2689 4286 καὶ
2729 4227 3138 4284 ὑποδεικνύντα.
3178 4224 3317 4278 Οὐαὶ
3346 4220 3532 4274 λοιπον
3562 4219 3672 4278 τοῖς

2098 4327 2196 4398 τῆς
2230 4324 2426 4396 ἀτίμου
2460 4322 2722 4395 πορνείας
2744 4321 2926 4392 ἔργοις
2954 4317 3095 4389 μετά
3137 4315 3203 4369 τὰ
3236 4315 3430 4368 δεῖπνα
3468 4313 3671 4398 ἐπιχει-

2100 4397 2306 4491 ροῦσιν.
2344 4415 2729 4485 Ὑπαναχωρεί
2755 4411 2887 4481 γοῦν
2919 4412 3001 4474 εἰς
3028 4410 3088 4462 τὸ
3128 4408 3254 4474 ὅρος
3303 4404 3415 4457 τῶν
3449 4397 3675 4454 Ἐλαιῶν

2103 4508 2243 4581 μετὰ
2268 4507 2328 4561 τδ
2355 4506 2577 4560 τοιαῦτα
2596 4503 2800 4571 διδάξαι
2830 4503 2957 4565 τοὺς
2989 4499 3258 4570 μαθητὰς,
3293 4495 3370 4560 ὡς
3401 4497 3467 4548 iv
3501 4509 3675 4562 προσ-

2097 4598 2341 4669 εὔξηται.
2379 4596 2577 4652 Εἰώθει
2628 4596 2740 4665 γὰρ
2773 4594 2914 4648 κατά
2946 4593 3116 4663 μόνας
3150 4587 3315 4642 τοῦτο
3348 4588 3521 4639 ποιεῖν
3548 4602 3565 4615 ο
3597 4582 3676 4635 διὸ

2099 4693 2193 4746 καὶ
2217 4691 2327 4746 ἀπδ
2379 4690 2489 4745 τῶν
2541 4687 2800 4760 μαθητῶν
2841 4685 3179 4741 ἀποσπᾶται.
3244 4683 3324 4735 οὐ
3369 4680 3585 4738 πάντας
3625 4676 3675 4728 ἃ

2098 4785 2226 4848 τοὺς
2256 4782 2528 4854 μαθητὰς,
2562 4778 2697 4835 ἀλλὰ
2731 4779 2926 4849 μόνους
2969 4777 3095 4839 τοὺς
3130 4775 3281 4844 τρεῖς
3308 4767 3681 4840 παραλαμϐα-

2101 4893 2204 4942 νει,
2234 4874 2361 4937 τοὺς
2391 4874 2488 4928 καὶ
2513 4872 2612 4942 τῆς
2636 4869 2795 4940 δόξης
2834 4866 2999 4922 αὐτοῦ
3039 4868 3098 4919 ἐν
3125 4863 3202 4933 τῷ
3236 4856 3359 4932 δρεί
3407 4857 3681 4925 θεωρούς.

2114 4966 2332 5037 Ἐπειδὴ
2355 4967 2464 5035 γὰρ
2492 4965 2704 5033 ἀγωνιᾷ
2727 4962 2819 5016 καὶ
2860 4956 3248 5028 προσεύχεται,
3270 4955 3358 5006 ἵνα
3382 4955 3459 5021 μὴ
3479 4951 3685 5015 δόξωσι

2100 5060 2304 5123 δειλίας
2342 5058 2505 5113 ταῦτα
2540 5053 2703 5118 εἶναι,
2738 5052 2829 5108 διὰ
2879 5050 3038 5104 τοῦτο
3087 5049 3312 5102 τούτους
3343 5047 3443 5113 τῆς
3486 5041 3689 5109 θεῖκῆς

2102 5153 2268 5207 αὐτοῦ
2296 5152 2453 5222 δόξης
2503 5148 2600 5203 καὶ
2638 5149 2737 5218 τῆς
2767 5145 2976 5199 ἀνωθεν
3038 5139 3347 5212 μαρτυρίας
3399 5135 3689 5194 αὐτόπτας

2105 5244 2200 5299 καὶ
2223 5243 2497 5304 ἅκουστάς
2525 5234 2951 5311 παραλαμᾶάνιι
2972 5249 2986 5265 ·
3022 5232 3269 5286 ἴνα-ὅταν
3298 5227 3503 5295 ὁρῶσιν
3532 5225 3691 5290 ἀγω-

2102 5336 2322 5397 νιῶντα,
2353 5333 2454 5403 τῆς
2500 5330 2853 5401 ἀνθρωπίνης
2883 5326 3101 5396 φύσεως
3133 5322 3294 5376 τοῦτο
3341 5314 3481 5372 εἶναι
3528 5310 3689 5379 λογί-

2101 5445 2324 5483 σωνται.
2356 5424 2457 5480 Διὰ
2496 5422 2607 5494 γὰρ
2637 5421 2698 5474 τὸ
2749 5416 3146 5481 πιστώσασθαι,
3198 5415 3281 5467 ὅτι
3335 5409 3556 5478 ἀληθῶς
3591 5406 3688 5458 ἄν·

2099 5521 2319 5591 θρωπος
2348 5518 2560 5587 γέγονε,
2591 5513 2850 5569 assam
2878 5514 2943 5582 τῇ
2966 5509 3126 5580 φύσει
3144 5507 3205 5561 τὸ
3229 5503 3430 5574 ἑαυτῆς
3458 5499 3684 5591 ποιεῖνς

2104 5585 2195 5668 καὶ
2225 5585 2486 5680 ἒπιθύμῗιϊ
2545 5604 2692 5675 ζωῆς
2749 5604 2843 5661 καὶ
2897 5600 3058 5663 αὐτὸς
3108 5598 3185 5661 ὡς
3236 5596 3555 5664 ἄνθρωπος,
3590 5585 3685 5640 καὶ
