3932 6456
130 366 282 432 1085

851 367 1297 430 ENARRATIO
1339 372 1420 431 ΙΝ
1464 368 1956 432 EVANGELIUM
2001 368 2234 430 LUCE.
2260 394 2327 406 -
2347 369 2505 432 CAP.
2537 369 2729 430 XXII.

3265 365 3404 434 1086

115 480 334 547 ἔλεγεν,
357 478 484 546 ἄχρι
509 477 605 546 τῆς
626 477 860 546 ἐσχάτης
883 477 1032 549 ὥρας
1070 480 1488 549 περικαιόμενος
1518 479 1704 533 αὐτοῦ.

1834 477 2090 530 :tidcirco
2123 490 2226 529 non
2268 485 2588 544 prosecutus
2625 485 2707 530 est
2731 474 3001 538 convitiis,
3027 489 3200 544 neque
3223 476 3390 535 dixit.

112 569 216 623 Διὸ
253 570 346 623 καὶ
375 567 495 620 ούδέ
518 567 760 638 ὕϐρισεν,
791 567 910 620 οὐδὲ
957 565 1111 622 εἶπεν
1132 587 1145 600 ·
1206 570 1562 640 Ἀπάνθρωπε
1613 573 1710 624 καὶ

114 662 598 731 ἀγνωμονέστατε,
653 659 791 725 ἀλλ’,
853 679 872 712 ι
909 659 1106 726 Ἰούδα,
1137 681 1156 713 ι
1219 661 1296 732 τῷ
1319 664 1493 733 κυρίῳ
1545 663 1710 717 αὐτοῦ

113 753 353 824 ὀνῧματι
381 751 814 823 ἀνακαλούμενος
846 746 1030 808 αὐτόν.
1049 755 1158 808 Καὶ
1185 755 1293 808 οὐδ’
1323 755 1390 809 ἂν
1418 757 1712 824 προσωνεί-

114 845 297 906 δισεν,
330 846 380 897 εἰ
414 846 486 914 μὴ
509 847 600 898 καὶ
627 845 783 898 τοῦτο
818 849 897 909 εἰς
929 847 1212 916 βελτίωσιν
1242 846 1409 900 αὑτοῦ
1440 843 1528 917 ἦν,
1553 847 1711 918 εἰπερ

115 936 402 990 ἐϐούλετο.
442 937 556 989 Ἰνα
581 939 688 1006 γὰρ
722 939 796 1009 μὴ
820 939 945 1012 δόξῃ
973 939 1176 1005 λαθεῖν,
1201 939 1312 993 ἀλλ’
1330 940 1584 1006 ἐπιγνοὺς
1610 940 1711 993 κᾶν

114 1029 248 1080 τότε
277 1029 369 1081 τὸν
412 1030 711 1098 Δ,εσπότην,
732 1031 808 1092 ὼς
843 1031 1021 1084 πάντα
1053 1031 1252 1095 εἰδότα,
1285 1031 1594 1102 προσπέσῃ.
1619 1033 1714 1084 καὶ

121 1121 409 1190 μεταγνῷ,
442 1122 632 1174 τούτου
657 1123 844 1175 ’ένεκεν
868 1124 962 1176 καὶ
995 1125 1151 1178 τοῦτο
1177 1125 1424 1194 ἐποίησε,
1462 1126 1555 1177 καὶ
1577 1125 1716 1176 ὀνει-

115 1210 299 1272 δίζειν
334 1212 530 1275 ἔδοξεν.
567 1213 722 1283 ’ᾘδει
752 1213 851 1280 μὲν
906 1214 1015 1284 γὰρ
1061 1214 1242 1277 αὑτὸν,
1277 1215 1358 1266 ὅτι
1389 1215 1714 1284 ἀδιόρθωτός

117 1295 299 1362 ἑστιν,
333 1299 450 1351 ἀλλ’
477 1295 569 1353 οὖν
618 1301 678 1352 τὸ
718 1301 912 1354 ἑαυτοῦ
945 1302 1120 1354 ἐποίει
1142 1319 1157 1335 ·
1205 1303 1395 1372 ὥσπερ
1425 1303 1517 1356 οὖν
1561 1304 1655 1357 καὶ
1685 1306 1714 1356 ὁ

119 1386 326 1456 Πατὴρ
361 1388 526 1441 αὑτοῦ
561 1390 618 1441 ἐν
670 1393 738 1460 τῇ
772 1390 982 1462 Παλαιᾷ
1029 1395 1209 1444 ποιεῖ’
1261 1393 1414 1456 εἰδὼς
1445 1395 1520 1464 μὴ
1549 1395 1716 1447 ἀκού-

119 1494 324 1539 σοντας
355 1481 483 1542 τοὺς
519 1480 827 1550 Ἐϐραίους,
876 1483 1027 1552 ὅμως
1067 1485 1389 1538 ἀποστόλλει
1419 1487 1545 1550 τοὺς
1577 1478 1715 1555 προξ-

119 1574 312 1641 φήτας
333 1589 347 1604 ·
379 1574 496 1644 ἅμα
528 1575 586 1627 δὲ
634 1577 728 1628 καὶ
781 1575 930 1646 ἡμᾶς
959 1577 1117 1630 τοῦτο
1147 1579 1281 1631 αὐτὸ
1307 1579 1597 1642 διδάσκων,
1627 1580 1714 1632 ἴνα

123 1665 206 1734 μὴ
241 1667 569 1736 ἐκκακῶμεν
587 1667 712 1731 τοὺς
745 1668 1040 1729 πταίοντας
1067 1666 1458 1740 διορθούμενοι.
1482 1670 1715 1740 Ζηλοῦσι

119 1755 181 1808 δέ
211 1757 263 1808 οἰ
292 1756 553 1827 μαθηταὶ,
588 1759 680 1811 καὶ
740 1761 1020 1829 μαχαίρας
1046 1764 1431 1835 ἀνασύρονται.
1468 1765 1636 1817 Πόθεν
1658 1764 1716 1816 δὲ

1819 569 1982 640 477
2025 567 2068 622 Ο
2109 568 2402 621 inhumane
2431 575 2482 621 et
2549 566 2930 636 ingratissime,
2980 567 3097 631 sed,
3141 585 3160 618 ι
3189 564 3347 629 .Iuda,
3375 583 3394 616 ι

1825 663 2047 732 proprio
2099 676 2222 715 cum
2259 659 2479 713 nomine
2532 659 2909 727 compellans:
2963 674 3136 728 neque
3185 659 3402 730 gravius

1819 754 1977 808 simul
2019 753 2306 822 arguissel,
2345 751 2445 805 nisi
2476 760 2530 804 et
2569 750 2671 804 hoc
2722 751 2770 803 ei
2807 752 3064 805 cessisset
3096 752 3147 803 in
3187 750 3398 811 melius,

1819 845 1862 897 si
1891 843 2106 912 quidem
2145 842 2423 896 voluisset.
2457 841 2662 894 Etenim
2703 856 2767 892 ne
2809 852 3022 908 putaret
3053 857 3172 896 esse
3209 841 3397 895 occul-

1827 944 1961 996 tum,
2019 933 2111 988 sed
2149 942 2335 987 notum
2397 931 2644 994 Domino,
2679 938 2734 984 et
2779 930 2856 981 vel
2893 937 3020 984 tunc
3061 941 3186 986 ante
3221 932 3405 984 omnia

1821 1028 2081 1080 scientem
2117 1022 2497 1094 procumberet
2556 1033 2610 1078 et
2660 1023 2968 1092 pwniteret,
3023 1024 3122 1078 hoc
3177 1024 3320 1085 fecit,
3353 1032 3409 1077 et

1822 1122 1971 1174 visus
1990 1129 2069 1173 est
2099 1133 2220 1171 eum
2252 1115 2602 1171 confundere.
2646 1117 2711 1170 Et
2736 1115 2942 1172 sciebat
2979 1119 3194 1185 quidem
3247 1116 3404 1183 illum

1811 1211 2298 1273 inemendabilem,
2331 1209 2563 1265 faciebat
2603 1220 2782 1266 tamen
2811 1211 3026 1264 interim
3053 1211 3194 1278 quod
3222 1223 3406 1275 suum,

1821 1305 2273 1374 quemadmodum
2333 1312 2389 1357 et
2437 1303 2599 1360 Pater
2645 1302 2765 1370 ejus
2813 1303 2866 1356 in
2923 1299 3102 1356 Veteri
3144 1301 3408 1365 faciebat;

1831 1397 2012 1452 sciens
2049 1396 2194 1448 enim
2230 1393 2447 1449 Iudaeos
2493 1410 2600 1448 non
2652 1395 2956 1456 audituros,
2995 1392 3245 1447 mittebat
3284 1407 3410 1461 pros

1822 1491 2037 1558 phetas.
2069 1487 2276 1541 Interea
2306 1497 2360 1541 et
2399 1502 2496 1541 nos
2534 1487 2673 1541 idem
2702 1489 2878 1551 docet,
2913 1496 2970 1539 ut
3005 1502 3070 1540 ne
3101 1484 3410 1540 correctum"

1822 1582 2024 1650 lapsos,
2065 1581 2380 1635 deﬁciamus
2412 1589 2467 1634 et
2499 1578 2776 1634 laboribus
2813 1578 3092 1633 cedamus.
3125 1576 3296 1631 Porro
3328 1576 3412 1629 di-

1822 1675 2014 1744 scipnli
2042 1673 2159 1728 zelo
2191 1671 2506 1744 ﬂagrantes,
2532 1671 2696 1725 etiam
2712 1670 2925 1738 gladios
2950 1671 3217 1726 eximunt.
3253 1668 3414 1723 Unde

1824 1778 2002 1820 autem
2065 1765 2185 1819 illos
2243 1763 2556 1820 habebant?
2601 1763 2814 1831 Agnum
2878 1762 3245 1825 imtnolarant,
3293 1771 3346 1816 et
3380 1776 3412 1814 a

121 1847 338 1908 ταύτας
366 1843 539 1917 εἶχον;
573 1850 645 1901 Τὸ
669 1851 852 1919 ἀρνίον
872 1850 1157 1916 θύσαντες,
1179 1855 1271 1906 καὶ
1307 1856 1414 1910 ἀπὸ
1443 1854 1720 1923 τραπέζης

1834 1870 2009 1908 mensa
2043 1855 2308 1907 exierant.
2335 1853 2402 1906 At
2439 1851 2685 1922 arguitur
2710 1849 2924 1915 Petrus,
2946 1851 3038 1920 qui
3067 1859 3260 1918 praeter
3291 1864 3413 1903 sco-

124 1937 531 2008 ἐξεληλυθότες,
567 1943 790 2004 εἰκότως
824 1943 973 2011 εἶχον
1011 1945 1234 2007 ταύτας.
1275 1945 1628 2014 Ἐπιτιμᾶται
1660 1945 1716 1998 δέ

132 2030 162 2078 ὁ
201 2027 408 2098 θερμὸς
447 2031 673 2100 Πέτρος,
707 2032 782 2092 ὼς
829 2033 978 2102 παρά
1023 2035 1112 2087 τὸν
1147 2035 1350 2088 σκοπὸν
1380 2035 1474 2088 τοῦ
1510 2035 1716 2104 Κυρίου

125 2117 284 2188 ζήλῳ
318 2121 683 2190 χρησάμενος.
719 2123 780 2174 Οἱ
817 2122 916 2190 μὲν
942 2124 1050 2194 γάρ
1079 2125 1226 2179 ἄλλοι
1257 2125 1566 2196 ἐρωτῶσιν·
1611 2143 1628 2174 ι
1656 2123 1717 2176 Εἰ

127 2208 489 2278 πατάξομεν;
521 2211 684 2272 αὐτὸς
724 2211 780 2264 δὲ
828 2213 889 2264 οὐ
925 2214 1211 2283 περιμένει
1248 2214 1598 2284 προτροπήνο
1627 2207 1717 2264 οὔ·

128 2317 213 2352 τω
244 2301 520 2370 πανταχοῦ
557 2301 694 2364 ζέων
722 2296 788 2371 ἦν
811 2303 950 2372 ὑπὲρ
977 2303 1072 2356 τοῦ
1108 2302 1467 2358 Διδασκάλου.
1504 2301 1714 2356 Harac-

131 2410 222 2444 σει
255 2391 312 2444 δέ
337 2392 427 2444 τὸν
452 2391 636 2446 δοῦλον
679 2389 772 2445 τοῦ
802 2395 1124 2465 ἀρχιερέως,
1176 2395 1270 2448 καὶ
1307 2395 1529 2464 ἀφαιρεῖ
1552 2388 1717 2446 αὑτοῦ

125 2481 194 2532 τὸ
223 2480 317 2544 οὓς
335 2481 396 2534 τὸ
425 2481 616 2548 δεξιόν.
656 2482 730 2535 Ού
767 2484 1005 2553 τυχαίως
1044 2483 1224 2549 τοῦτο,
1280 2484 1416 2537 ἀλλά
1449 2480 1718 2552 σύμϐολον

127 2571 194 2626 ὂν
217 2573 311 2625 τοῦ
339 2575 461 2637 τοὺς
490 2574 608 2626 τότε
635 2575 910 2646 ἀρχιερεῖς
935 2576 1180 2639 ἅπαντας
1200 2577 1420 2640 δούλους
1444 2575 1718 2644 γενέσθαι,

131 2667 236 2718 καὶ
267 2661 533 2719 ἀπολέσαι
553 2667 650 2738 τὴν
676 2667 856 2734 δεξιὰν
886 2671 1073 2734 ἀκοήν.
1122 2670 1184 2722 Εἰ
1209 2669 1314 2739 γὰρ
1356 2670 1551 2739 ἢκουον
1595 2668 1724 2722 Moa-

133 2758 308 2820 σέως,
359 2757 458 2809 οὐκ
499 2757 565 2811 ἀν
615 2757 707 2810 τὸν
743 2758 945 2828 Κύριον
989 2759 1085 2827 τῆς
1132 2760 1290 2828 δόξης
1341 2758 1716 2828 ἐσταύρωσαν.

143 2839 358 2918 Ἰησοῦς
386 2851 441 2904 δέ
473 2852 535 2905 τὸ
591 2853 752 2906 ὠτίον
801 2853 1232 2923 ἀποκαθίστησι·
1265 2853 1466 2923 πρέπει
1491 2853 1600 2922 γὰρ
1653 2853 1720 2923 τῇ

140 2942 359 3013 μεγάλῃ
405 2942 499 2996 τοῦ
529 2945 701 3012 Λόγου
747 2944 976 3011 δυνάμει
1012 2945 1083 3014 τὸ,
1125 2944 1250 3003 τοὺς
1308 2939 1724 3012 παρακούοντας

136 3033 350 3096 ἰᾶσθαι,
379 3035 472 3086 καὶ
499 3035 848 3104 προστιθέναι
882 3037 1066 3098 αὐτοῖς
1093 3031 1251 3088 ὠτίον
1287 3036 1365 3098 εἰς
1392 3033 1453 3088 τὸ
1483 3034 1722 3090 ἀκούειν.

137 3124 568 3194 Θαυματουργεῖ
611 3127 792 3178 τοίνυν
824 3127 852 3180 ὁ
887 3125 1116 3193 Ἰησοῦς,
1146 3125 1235 3179 διὰ
1264 3125 1359 3178 τοῦ
1391 3126 1722 3195 φαινομένου

1822 1961 1949 2016 pnnt
1980 1947 2188 2000 Domini
2214 1947 2331 2001 zelo
2355 1962 2482 2000 usus
2513 1955 2678 2001 esset.
2706 1943 3027 1997 Aliietenim
3054 1943 3412 2010 interrogant,

1837 2035 2021 2090 «Num
2083 2036 2485 2105 percutit-mus?
2523 2055 2541 2088 ι
2585 2034 2702 2104 Ipse
2762 2043 2941 2088 autem
3004 2048 3109 2086 non
3161 2040 3416 2097 expectat

1823 2140 2176 2201 praeceptum.
2212 2129 2287 2182 lla
2315 2144 2526 2198 semper
2559 2127 2803 2182 fervebat
2844 2140 2940 2196 pro
2973 2125 3251 2194 Magistro.
3287 2123 3413 2178 Per-

1830 2221 1968 2276 cutit
2001 2229 2184 2274 autem
2231 2235 2446 2274 servum
2488 2218 2782 2287 pontiﬁcis,
2823 2227 2880 2272 et
2929 2225 3176 2284 amputat
3227 2228 3415 2269 aurem

1823 2311 1939 2379 ejus
1977 2313 2244 2366 dextram.
2277 2309 2458 2380 Neque
2491 2311 2593 2365 hoc
2621 2310 2846 2365 fortuito
2888 2309 3142 2379 contigit,
3181 2308 3274 2362 sed
3301 2307 3412 2378 sig-

1823 2419 1950 2458 num
1976 2404 2078 2458 hoc
2104 2413 2238 2470 erat,
2271 2403 2557 2458 Pentitices
2577 2404 2666 2471 qui
2693 2416 2820 2457 tunc
2855 2413 3028 2467 erant,
3049 2417 3208 2456 omne
3227 2415 3255 2456 ε
3288 2410 3418 2456 utu-

1828 2507 1917 2546 ros
1950 2506 2161 2558 servos,
2193 2501 2248 2546 ct
2273 2494 2575 2560 perdituros
2593 2492 2886 2546 auriculam
2906 2493 3176 2547 dextram.
3193 2489 3414 2546 Etenim

1824 2585 1867 2638 si
1901 2581 2086 2637 Mosen
2153 2584 2504 2650 audivissent,
2556 2584 2838 2638 Dominum
2885 2585 3068 2654 gloriae
3125 2596 3415 2651 numquam

1824 2675 2240 2729 erui-luxissent.
2299 2672 2493 2728 Verum
2560 2674 2717 2729 Jesus
2768 2675 3064 2730 auriculam
3161 2673 3416 2728 restituit.

1828 2768 1992 2823 Decet
2027 2769 2173 2822 enim
2224 2767 2478 2820 virtutem
2522 2766 2681 2822 Verbi
2715 2783 2910 2822 sanare
2941 2767 3332 2829 inohcdientes,
3365 2775 3422 2820 et

1837 2875 2113 2929 apponere
2162 2861 2241 2916 eis
2287 2860 2586 2914 auriculam
2623 2873 2680 2914 ut
2731 2862 2974 2915 audiant.
3036 2859 3195 2914 Jesns
3231 2861 3418 2926 itaque

1841 2953 2192 3006 manifestum
2235 2953 2554 3008 miraculum
2586 2952 2737 3017 facit,
2771 2963 2826 3007 et
2871 2951 3171 3007 amiculam
3198 2966 3420 3014 sanans,

1836 3044 2102 3098 miraculo
2132 3045 2448 3114 patientiam
2484 3044 2638 3100 suam
2668 3045 2990 3111 ostendens,
3025 3054 3080 3099 et
3107 3057 3201 3113 per
3251 3042 3422 3096 mira-

1830 3138 2008 3191 culum
2060 3137 2323 3192 inducens
2365 3152 2462 3192 eos
2501 3147 2558 3191 nt
2596 3137 2664 3190 ab
2695 3137 2904 3191 insania
2937 3137 3224 3191 ahsistant.
3284 3133 3422 3190 Dicit

135 3216 338 3268 τούτου
371 3216 464 3270 ἐπὶ
486 3217 562 3287 τῷ
589 3212 735 3287 ὠτίῳ
758 3215 1031 3288 θαύματος
1056 3216 1154 3288 τὴν
1183 3215 1534 3282 ἀνεξικακίαν
1556 3214 1722 3268 αὑτοῦ

1834 3240 2009 3282 autem
2042 3229 2106 3281 ad
2135 3229 2407 3296 principes
2458 3229 2826 3294 sacerdotum,
2865 3237 2918 3281 et
2947 3229 3014 3281 ad
3071 3227 3424 3296 magistratus

139 3307 430 3373 δεικνύων,
455 3311 548 3362 καὶ
575 3309 663 3362 διὰ
692 3307 823 3377 γοῦν
848 3308 939 3362 τοῦ
975 3306 1253 3378 θαύματος
1289 3306 1501 3375 ἐναγων
1526 3306 1723 3368 αὐτοὺς

139 3402 225 3462 εἰς
251 3401 313 3452 τὸ
343 3401 643 3470 ἀπέχεσθαι
663 3401 763 3469 τῆς
818 3401 1035 3468 μανίας.
1092 3399 1255 3467 Λέγει
1305 3399 1359 3452 δὲ
1410 3397 1545 3468 πρὸς
1599 3399 1724 3461 τοὺς

139 3493 425 3564 ἀρχιερεῖς
461 3494 556 3545 καὶ
605 3494 947 3562 στρατηγοὺς
975 3493 1068 3545 τοῦ
1111 3492 1279 3564 ἱεροῦ,
1309 3494 1576 3559 τουτέστι,
1598 3492 1725 3555 τοὺς

140 3584 451 3648 ταξεὼτας,
497 3587 622 3648 τοὺς
649 3587 745 3639 ἐπὶ
773 3585 850 3655 τῷ
879 3587 1166 3639 ἐκτάσσειν
1216 3588 1584 3656 τεταγμένους
1630 3587 1728 3650 τὰς

144 3676 432 3747 ἱερατικὰς
461 3678 807 3748 ἀπαιτήσεις,
833 3676 865 3745 ἢ
904 3677 993 3730 καὶ
1023 3679 1144 3741 τοὺς
1176 3679 1639 3747 πεπιστευμένους
1663 3677 1731 3731 τά

141 3769 248 3837 τῆς
275 3768 634 3838 ἐποικοδομῆς
661 3768 754 3823 τοῦ
773 3769 918 3838 ἱεροῦ
934 3770 1026 3822 καὶ
1050 3769 1352 3838 ἐπισκευῆς
1365 3769 1504 3840 ἔργα
1526 3786 1729 3839 στρατ-

145 3860 319 3928 ηγοὺς
354 3860 626 3930 ὀνομάζει.
667 3862 834 3932 Φησ“ιν
863 3860 954 3914 οὖν
986 3862 1122 3932 πρὸς
1179 3861 1432 3924 τούτους·
1475 3863 1734 3933 Καθημέ-

149 3967 254 4020 ραν
288 3954 347 4004 ἐν
393 3951 470 4022 τῷ
507 3952 637 4022 ἱερῷ
685 3953 982 4019 ἐδίδασκον,
1019 3953 1114 4006 καὶ
1168 3951 1268 4008 οὐκ
1318 3953 1624 4026 ἡθελήσατέ
1666 3973 1734 4026 με

151 4043 463 4106 συλλαϐεῖν,
489 4048 581 4098 καὶ
613 4045 707 4098 νῦν
730 4046 1039 4117 λῃστρικῶς
1070 4047 1357 4118 ἐπήλθετε.
1397 4047 1537 4100 Ἀλλ’
1564 4047 1735 4112 ὅντως

1833 3319 2039 3388 templi.
2091 3316 2396 3390 Στρατηγοὶ
2431 3333 2486 3373 et
2521 3320 2706 3374 aediles
2752 3317 3108 3384 dicebantur,
3154 3319 3246 3386 qui
3291 3331 3423 3371 con-

1831 3410 2002 3464 stituti
2052 3423 2208 3465 erant
2245 3417 2310 3464 aet
2339 3412 2669 3479 exquirenda
2700 3426 2762 3467 ea
2791 3426 2911 3480 qua:
2940 3411 3006 3464 ad
3041 3409 3228 3478 templi
3259 3423 3418 3463 usum

1833 3500 2210 3571 exigebantur,
2245 3504 2326 3558 vel
2353 3504 2444 3573 qui
2482 3504 2723 3571 prafecti
2761 3513 2916 3558 erant
2951 3501 3180 3556 aedilicio
3209 3509 3263 3554 et
3293 3515 3425 3554 con-

1835 3595 2125 3649 structioni
2149 3595 2352 3664 templi.
2385 3596 2461 3648 Ad
2498 3595 2595 3648 hos
2629 3595 2792 3664 igitur
2823 3593 2954 3648 dicit
2988 3611 3002 3648 :
3047 3591 3299 3658 Quotidie
3329 3591 3425 3645 do-

1836 3683 2023 3740 cebam
2063 3684 2118 3737 in
2171 3685 2391 3752 templo,
2427 3694 2484 3737 et
2521 3683 2770 3739 noluistis
2805 3699 2891 3739 me
2931 3682 3420 3753 comprehendere,

1839 3785 1890 3829 ct
1939 3789 2084 3828 nunc
2116 3775 2272 3846 quasi
2304 3775 2544 3830 latrones
2579 3777 2833 3831 invaditis
2858 3795 2872 3830 :
2897 3777 2989 3830 sed
3026 3789 3212 3829 revera
3247 3771 3426 3826 noctis

1841 3867 2120 3922 attentalis
2142 3883 2331 3938 opera,
2362 3877 2414 3921 et
2445 3876 2688 3937 potestas
2721 3876 2900 3922 vestra
2934 3867 3286 3921 tenebrarum
3306 3872 3420 3917 est:

1843 3969 2008 4029 atque
2040 3960 2246 4014 idcirco
2287 3961 2425 4014 hanc
2449 3963 2638 4014 horam
2663 3960 2992 4024 observatis,
3021 3973 3142 4028 qua:
3166 3955 3424 4011 convenit

1845 4053 2000 4106 vobis
2041 4065 2096 4106 et
2125 4055 2302 4122 operi,
2337 4068 2446 4122 qun
2475 4070 2560 4106 me
2595 4054 2868 4106 invaditis.

148 4139 351 4198 νυκτὸς
395 4139 578 4209 ἔργοις
607 4141 962 4212 ἐπιχειρεῖτε,
1015 4142 1110 4193 καὶ
1139 4143 1172 4209 ὴ
1203 4140 1420 4206 ἐξουσία
1455 4139 1610 4210 ὑμῶν
1641 4139 1735 4194 τοῦ
1776 4145 2002 4208 σκότους
2063 4144 2180 4197 ἐστί
2201 4139 2343 4198 "ml
2363 4143 2450 4198 διὰ
2475 4145 2631 4198 τοῦτο
2663 4144 2920 4214 τοιαύτην
2973 4141 3122 4211 ὣραν
3150 4143 3428 4212 ἐπετηρὴ-

150 4249 283 4286 σατε
309 4231 518 4286 οἰκείαν
546 4233 694 4302 ὑμῖν,
735 4236 828 4286 καὶ
857 4233 932 4299 τῷ
973 4232 1116 4303 ἔργῳ
1143 4226 1189 4300 ᾧ
1217 4231 1601 4286 ἐπεϐάλλεσθε.

227 4344 246 4376 ι
277 4323 640 4387 Συλλαὸὀντες
673 4324 730 4378 δέ
755 4323 916 4377 αὑτὸν
950 4313 1176 4394 ἤγαγον,
1211 4325 1306 4377 καὶ
1333 4326 1627 4396 εἰσήγαγον
1655 4326 1736 4389 εἰς

149 4417 251 4487 τὴν
283 4418 465 4473 οἰκίαν
492 4417 585 4470 τοῦ
620 4419 942 4489 ἀρχιερέως.
981 4418 1046 4471 '0
1094 4419 1152 4471 δὲ
1197 4419 1405 4488 Πέτρος
1449 4418 1736 4489 ἠκολούθει

1913 4321 2078 4378 Vens.
2118 4321 2285 4378 δαί-62
2337 4343 2355 4374 ι
2385 4323 2848 4392 Comprehensum
2887 4330 3068 4378 autem
3095 4338 3218 4376 eum
3254 4323 3426 4378 duxe-

1847 4427 1992 4482 runt,
2014 4427 2070 4473 et
2105 4418 2438 4474 induxerunt
2466 4419 2756 4472 indomum
2779 4418 3040 4489 principis
3062 4417 3427 4474 sacerdotum.

153 4509 454 4580 μακρόθεν.
489 4511 766 4578 Ἀψάντων
798 4509 854 4562 δὲ
886 4509 996 4580 πῦρ
1027 4512 1086 4564 ἐν
1123 4509 1275 4581 μέσῳ
1304 4511 1405 4578 τῆς
1433 4511 1724 4581 αὐλῆς,καί

1839 4511 2029 4567 Petrus
2052 4524 2182 4565 vero
2203 4510 2527 4580 sequebatur
2553 4515 2792 4566 eminus.
2837 4509 2977 4566 Cum
3009 4520 3190 4566 autem
3230 4523 3428 4565 accen-

151 4598 602 4666 συγκαιθισάντων
652 4597 854 4664 αὐτῶν,
910 4599 1145 4670 ἐκάθητο
1195 4602 1222 4654 ὁ
1257 4600 1461 4670 Πέτρος
1495 4602 1552 4655 ἐν
1587 4601 1738 4672 μέσῳ

148 4690 355 4744 αὐτῶν.
411 4689 616 4744 ’ἰδοῦσα
649 4691 706 4743 δὲ
761 4690 924 4744 αὑτὸν
979 4692 1240 4759 παιδίσκη
1289 4708 1373 4752 τις
1429 4691 1738 4762 καθήμενον

148 4781 291 4852 πρὸς
323 4780 384 4834 τὸ
415 4780 552 4850 φῶς,
622 4781 720 4836 καὶ
749 4783 1054 4836 ἀτενίσασα
1101 4781 1272 4851 αὐτῷ,
1307 4776 1462 4833 εἴπεο
1505 4782 1615 4834 Καὶ
1645 4773 1738 4835 οὗ·

145 4891 245 4936 τος
279 4874 376 4927 σὺν
414 4872 564 4944 αὐτῷ
603 4869 690 4944 ἦν.
737 4872 796 4927 '0
849 4873 906 4926 δὲ
961 4873 1243 4943 ἠρνήσατο
1301 4872 1465 4926 αὑτὸν
1520 4871 1734 4941 λέγων·

145 4967 343 5033 Γύναι,
381 4968 483 5020 οὐκ
521 4963 638 5021 οἶδα
661 4966 844 5019 αὐτόν.
871 4965 977 5018 Καὶ
1013 4967 1150 5036 μετά
1172 4965 1346 5035 βραχὺ
1378 4966 1566 5034 ἕτερος
1608 4965 1736 5019 ἰδὼν

145 5060 319 5113 αὑτὸν
352 5058 487 5128 ἔφη·
526 5059 638 5110 Καὶ
662 5058 727 5110 σὺ
753 5057 812 5120 ἐξ
828 5055 1007 5110 αὐτῶν
1035 5051 1103 5108 εἷ.
1146 5055 1204 5108 '0
1231 5057 1286 5109 δὲ
1314 5056 1519 5126 Πέτρος
1548 5052 1702 5110 εἶπεν
1721 5072 1734 5084 ·

151 5149 584 5218 Ἀνθρωπε,ξούκ
611 5148 747 5217 εἰμί.
776 5147 883 5200 Ka‘t
910 5146 1206 5217 διαστάσης
1231 5147 1364 5200 ὡσεὶ
1395 5148 1549 5219 ὥρας
1584 5151 1735 5219 μιᾶς,

147 5245 317 5304 ἄλλος
345 5259 427 5304 τις
456 5240 819 5310 διισχυρίζετο
845 5238 1019 5307 λέγων
1045 5255 1058 5268 ο
1078 5238 1196 5291 Ἐπ’
1216 5239 1495 5310 ἀληθείας,
1527 5243 1620 5294 καὶ
1648 5235 1740 5294 οὗ-

149 5355 249 5402 τος
286 5338 405 5408 μετ’
443 5336 610 5390 αὑτοῦ
641 5331 739 5406 ἦν·
777 5336 872 5389 καὶ
917 5334 1027 5405 γὰρ
1061 5332 1340 5398 Γαλιλαῖός
1398 5335 1568 5388 ἐστιν.
1602 5331 1737 5389 Εἷπε

149 5433 214 5486 δὲ
242 5435 272 5485 ὁ
302 5430 504 5501 Πέτρος
525 5446 541 5462 ο
578 5429 889 5498 Ἄνθρωπε,
921 5427 1021 5480 οὐκ
1046 5421 1166 5480 οἶδα
1201 5427 1228 5480 ὃ
1259 5427 1458 5495 λέγεις.
1489 5430 1599 5484 Καὶ
1632 5447 1739 5483 πα-

156 5529 420 5597 ραχρῆμα
447 5524 527 5578 ἐτι
559 5523 844 5587 λαλοῦντος
877 5523 1066 5589 αὑτοῦ,
1093 5521 1376 5594 ἐφώνησεν
1399 5527 1427 5578 ὁ
1464 5525 1732 5596 ἀλέκτωρ.

155 5619 271 5672 Καὶ
294 5619 556 5688 στραφεὶς
581 5617 610 5668 ὁ
640 5615 844 5686 Κύριος
873 5615 1129 5684 testes:
1154 5615 1232 5686 τῷ
1261 5615 1476 5687 Πέτρῳ,
1511 5617 1606 5670 καὶ
1630 5618 1733 5669 ὐπ-

156 5707 406 5778 εμνήσθη
437 5711 465 5760 6
498 5709 702 5778 Πέτρος
745 5706 839 5760 τοῦ
869 5707 1026 5774 λόγου
1057 5706 1146 5759 τοῦ
1177 5707 1403 5776 Κυρίου,
1457 5707 1533 5769 ὡς
1581 5705 1736 5760 εἶπεν

157 5801 327 5870 αὐτῷ,
360 5803 440 5854 ὅτι
471 5801 606 5870 Πρὶν
649 5799 912 5870 ἀλέκτορα
948 5799 1216 5869 φωνῆσαι,
1254 5800 1466 5870 ἀρνήσῃ
1497 5815 1562 5867 με
1594 5799 1730 5868 τρί;.

1848 4604 2055 4658 dissent
2086 4603 2266 4673 ignem
2302 4603 2354 4656 in
2388 4603 2568 4658 medio
2605 4603 2766 4665 aulze,
2801 4612 2967 4671 atque
2999 4618 3105 4657 una
3140 4602 3426 4656 consedis-

1846 4702 1989 4751 sent.
2019 4692 2160 4746 sedit
2185 4701 2240 4745 et
2269 4691 2462 4745 Petrus
2489 4694 2628 4747 inter
2655 4694 2797 4748 illos.
2835 4691 3008 4758 Quem
3047 4707 3170 4748 cum
3204 4692 3432 4746 vidisset

1846 4783 2037 4836 ancilla
2062 4784 2305 4852 quaadam
2339 4785 2618 4839 sedentem
2655 4785 2722 4840 ad
2753 4785 2955 4850 lumen,
2981 4783 3171 4838 deﬁxis
3195 4784 3247 4837 in
3279 4783 3429 4838 illum

1845 4875 2042 4940 oculis,
2085 4875 2224 4930 dixit
2260 4893 2272 4929 :
2305 4876 2369 4930 Et
2397 4876 2481 4930 hic
2503 4891 2624 4931 cum
2648 4876 2738 4931 illo
2765 4886 2901 4932 erat.
2928 4879 2997 4930 At
3026 4877 3115 4929 ille
3142 4876 3432 4946 abnegavit

1845 4979 1993 5030 eum,
2025 4967 2214 5022 dicens
2246 4985 2260 5021 :
2294 4966 2504 5033 Mulier,
2539 4981 2644 5021 non
2671 4967 2794 5021 novi
2824 4965 2999 5020 illum.
3024 4965 3091 5019 Et
3113 4975 3231 5036 post
3261 4966 3434 5036 pusil-

1850 5059 1958 5112 lum
1993 5059 2134 5112 alius
2164 5061 2357 5116 videns
2389 5076 2512 5116 cum
2538 5061 2693 5126 dixit,
2725 5060 2791 5116 Et
2815 5071 2867 5115 tu
2898 5065 2965 5116 de
2996 5061 3101 5116 illis
3126 5076 3205 5115 es.
3235 5059 3432 5115 Petrus

1849 5165 1980 5204 vero
2009 5151 2084 5204 ait
2118 5170 2130 5204 :
2173 5151 2369 5210 Homo.
2414 5167 2519 5206 non
2552 5168 2695 5208 sum.
2728 5153 2794 5208 Et
2826 5154 3112 5207 intervallo
3141 5151 3428 5223 interiecto

1847 5240 1958 5296 fere
1982 5242 2130 5298 hora:
2155 5244 2335 5311 unius,
2376 5246 2514 5300 alius
2561 5247 2779 5315 quidam
2821 5245 3142 5310 allirmabat,
3188 5245 3422 5300 dicens:

1850 5332 1985 5388 Vere
2014 5345 2067 5389 et
2098 5336 2185 5390 hic
2211 5351 2335 5392 cum
2382 5337 2470 5392 illo
2504 5344 2642 5398 erat,
2676 5354 2798 5390 nam
2836 5347 2891 5392 et
2921 5337 3174 5392 Galilazus
3214 5347 3317 5391 est.
3350 5337 3420 5391 Et

1845 5427 1919 5480 ait
1950 5425 2141 5483 Petrus
2180 5447 2192 5481 :
2233 5429 2423 5493 llomo,
2473 5431 2656 5484 nescio
2687 5433 2813 5496 quid
2855 5433 3024 5484 dicas.
3060 5429 3124 5484 Et
3169 5430 3428 5484 continuo

1843 5519 2026 5576 adlmc
2075 5521 2166 5575 illo
2218 5521 2468 5589 loquente
2523 5522 2723 5575 cecinit
2781 5523 2972 5590 gallus.
3017 5522 3081 5576 Et
3131 5536 3429 5576 conversus

1851 5615 2107 5670 Dominus
2155 5613 2384 5668 intuitus
2413 5622 2496 5667 est
2522 5611 2764 5676 Petrum,
2815 5614 2982 5686 478
3028 5627 3082 5668 ct
3117 5612 3430 5667 ncordatns

1843 5719 1925 5763 est
1985 5707 2176 5762 Petrus
2237 5706 2384 5760 verbi
2430 5705 2679 5771 Domini,
2733 5713 3004 5776 quomolo
3042 5707 3254 5762 dixerat
3297 5702 3423 5772 ipsi,

1846 5797 2170 5867 Priusquam
2231 5796 2403 5864 gallus
2454 5797 2737 5862 cecinerit,
2799 5812 2880 5855 ter
2912 5815 2994 5854 me
3062 5795 3300 5865 negabis.
3361 5791 3428 5850 Et.
