3932 6456
553 358 686 424 1091

1392 357 1970 423 THEOPHYLACTI
2016 361 2425 424 BULGARHE
2464 367 2504 422 Α
2520 363 2826 424 RCHIEP.

3641 363 3761 428 109?.

549 484 764 533 cusare,
800 466 1039 521 dicentes
1069 483 1082 520 :
1124 463 1277 520 llnnc
1305 466 1756 534 deprehendimus
1787 480 2117 523 evertentem

2228 472 2390 526 αὐτοῦ
2447 471 2724 540 λέγοντεςο
2773 469 2976 522 Τοῦτον
3026 468 3258 539 εὕρομεν
3315 470 3775 542 διαστρέψαντατδ

554 573 787 630 gentem,
817 575 879 610 ac
907 568 1172 613 vetantem
1208 559 1411 613 tributa
1444 561 1573 613 dare
1604 559 1826 624 Ca-sari,
1855 562 2120 614 dicentem

548 670 607 710 se
632 654 904 708 Christum
940 667 1118 720 regem
1143 666 1284 705 esse.
1316 649 1527 704 Pilatus
1557 661 1737 704 autem
1771 650 2126 719 interregavit

548 756 694 804 eum,
741 741 924 795 dicens
969 757 982 793 :
1031 739 1111 793 Tu
1147 755 1208 794 es
1257 739 1344 792 ille
1386 756 1474 793 rex
1525 738 1876 794 Iudaeorum?
1925 741 2118 795 Atille

526 832 886 902 -respondens
918 831 1016 896 illi,
1047 832 1122 885 ait
1154 849 1167 885 :
1197 830 1276 884 Tu
1303 832 1460 884 dicis.
1493 832 1581 885 Ait
1612 842 1792 885 autem
1820 831 2021 886 Pilatus
2055 835 2119 884 ad

548 925 820 992 principes
849 924 1187 976 sacerdotum
1219 933 1270 975 et
1300 925 1482 975 turbas
1513 940 1527 976 :
1558 921 1699 976 Nihil
1736 924 1952 976 iﬂVt‘lliO
1976 938 2126 975 noxa:

551 1015 604 1066 in
671 1014 774 1068 hoc
825 1014 1066 1066 homine.
1120 1014 1186 1066 At
1246 1013 1318 1066 illi
1373 1013 1777 1067 invalescebant
1835 1016 2122 1068 dicentes:

550 1106 868 1159 Commovet
899 1106 1153 1173 pupulum
1183 1105 1382 1159 docens
1408 1121 1503 1174 per
1525 1107 1827 1161 universam
1860 1105 2122 1172 Indicam,

554 1215 785 1252 exorsus
817 1216 846 1250 a
886 1197 1103 1251 Galilzea
1152 1213 1321 1265 usque
1352 1200 1417 1250 ad
1461 1198 1604 1252 hunc
1651 1199 1848 1252 locum.
1899 1219 1916 1249 ι
1954 1199 2124 1252 Mani-

552 1289 687 1344 l‘este
720 1291 932 1344 veritati
965 1292 1339 1343 adversantur.
1369 1290 1468 1344 Ubi
1501 1291 1644 1343 enim
1669 1291 1943 1359 prohibuit
1969 1289 2127 1345 Iesus

554 1379 754 1433 ti'tbuta
801 1380 940 1439 dari,
979 1380 1066 1445 qui
1114 1388 1169 1432 ut
1201 1380 1382 1434 debita
1430 1381 1608 1449 potius
1653 1382 1801 1434 reddi
1848 1383 2123 1452 praecepit,

554 1472 633 1526 sic
663 1474 870 1537 dicens,
912 1490 930 1522 ι
977 1471 1205 1525 Reddite
1238 1469 1437 1526 (ἐωθοτί
1476 1487 1593 1540 qua:
1633 1472 1863 1527 Caesaris
1901 1474 2070 1527 sunt?
2103 1493 2122 1526 ι

552 1565 833 1630 Quomodo
884 1572 1063 1616 autem
1112 1574 1416 1617 commovet
1461 1564 1717 1617 tui-bam?
1767 1566 2025 1632 numquid
2072 1577 2128 1620 ut

554 1670 716 1723 tegna
755 1654 1054 1707 invadens?
1087 1652 1191 1708 Sed
1225 1654 1539 1708 incredibile
1571 1655 1672 1708 hoc
1692 1657 1962 1721 omnibus,
1997 1672 2120 1710 nam

555 1763 680 1799 tum
717 1746 1028 1815 agnovisset
1055 1747 1198 1816 quod
1262 1747 1488 1816 pepulus
1521 1748 1675 1801 vellet
1723 1748 1895 1816 ipsum
1948 1759 2124 1817 regem

2227 561 2396 624 ἔθνος,
2433 563 2526 613 καὶ
2549 559 2821 613 κωλύοντα
2850 559 3090 629 Καίσαρι
3113 561 3312 629 φόρους
3329 559 3552 621 διδόναι,
3573 560 3778 628 λέγοντα

2227 653 2419 706 ἑαυτὸν
2467 653 2701 720 Χριστὸν
2743 651 2966 719 βασιλέα
3015 646 3178 704 εἶναι.
3240 651 3299 702 Ὀ
3332 651 3391 703 δὲ
3429 652 3658 713 Πιλᾶτος
3693 657 3778 706 tt:-

2227 745 2512 816 ηρώτησεν
2547 745 2713 797 αὐτὸν
2748 744 2921 811 λέγων
2951 760 2965 784 '-
2992 743 3063 795 Σὺ
3098 739 3149 795 εἷ
3170 745 3199 796 ὁ
3232 742 3484 812 βασιλεὺς
3514 745 3623 795 τῶν
3673 746 3778 798 ἰοοο

2226 837 2427 900 δαίων;
2473 837 2530 888 '0
2566 837 2620 890 δὲ
2663 835 2983 905 ἀποκριθεὶς
3029 835 3178 905 αὐτῷ
3211 835 3314 904 ἔτη
3340 852 3353 864 ’
3388 836 3460 888 Σὺ

2228 928 2282 981 δὲ
2317 929 2542 989 Πιλᾶτος
2563 925 2683 981 εἷπε
2706 930 2840 999 πρὸς
2868 931 2993 992 τοὺς
3020 931 3294 999 ἀρχιερεῖς
3319 931 3412 981 καὶ
3441 931 3569 991 τοὺς
3592 929 3774 997 ὕχλους·

2228 1021 2394 1072 Οὐδὲν
2424 1021 2676 1090 εὑρίσκω
2711 1020 2883 1073 αῐτιον
2917 1023 2974 1072 ὲν
3002 1021 3077 1091 τῷ
3109 1019 3383 1090 ἀνθρώπῳ
3421 1021 3619 1089 τούτῳ.
3656 1025 3712 1074 Ui
3735 1024 3780 1076 δὲ

2229 1109 2487 1176 ἐπίσχυον
2523 1111 2796 1176 λέγοντες,
2817 1110 2910 1162 ’ὃτι
2951 1109 3220 1162 Ἀνασείει
3249 1109 3341 1160 τὸν
3386 1107 3518 1159 λαὸν
3543 1107 3780 1159 διδάσκων

2230 1200 2352 1252 καθ’
2404 1201 2532 1270 ὅλης
2577 1199 2677 1266 τῆς
2719 1199 2980 1262 Ἰουδαίας
3010 1199 3319 1268 ἀρξάμενος
3363 1197 3475 1250 ἀπὸ
3517 1198 3617 1265 τῆς
3652 1198 3781 1250 1‘21:-

2226 1291 2386 1353 λαίας
2427 1291 2532 1350 ἓως
2573 1283 2694 1343 ὦδε.
2766 1308 2784 1339 ι
2837 1290 3135 1359 Προφανῶς
3168 1291 3548 1342 ἐναντιοῦνται
3580 1292 3643 1357 τῇ
3673 1289 3780 1357 ἁλη-

2229 1383 2367 1453 θεῖᾳ.
2406 1383 2513 1435 Ποῦ
2547 1383 2655 1452 γὰρ
2703 1381 2976 1435 ἐκώλυσεν
3025 1385 3052 1433 6
3095 1380 3300 1446 Ἰησοῦς
3332 1379 3541 1450 φόρους
3588 1378 3778 1445 διδόναι,

2228 1475 2366 1527 ὅπου
2409 1490 2474 1541 γε
2547 1473 2750 1543 μᾶλλον
2795 1473 2871 1534 ὡς
2918 1473 3081 1543 χρέος
3133 1471 3446 1524 ἀποδιδόναι
3499 1469 3779 1532 ἐκέλευσεν,

2228 1565 2400 1628 οὕτως
2429 1563 2617 1628 εἰπὼν,
2671 1583 2688 1615 ι
2747 1563 3002 1616 Ἀπόδοτε
3033 1563 3100 1616 τὰ
3150 1563 3430 1632 Καίσαρος
3466 1562 3731 1632 Καίσαρες
3762 1582 3776 1612 ι

2232 1655 2356 1718 Πῶς
2391 1655 2448 1707 δὲ
2481 1654 2722 1707 ἀνασείει
2747 1654 2836 1706 τὸν
2865 1653 3052 1723 δχλονς
3085 1648 3210 1723 Ἀρ⁸
3239 1652 3313 1714 ὡς
3341 1651 3600 1721 βασιλείᾳ
3627 1655 3779 1720 ἔγχει·

2233 1747 2374 1817 ρῶν;
2429 1745 2570 1799 Ἀλλ’
2614 1745 2880 1798 ἀπίθανον
2905 1744 3067 1798 τοῦτο
3099 1745 3415 1796 παντάπασι
3438 1760 3452 1772 ·
3493 1743 3593 1795 καὶ
3622 1745 3779 1813 βουλο-

3503 836 3695 902 λέγεις.
3733 838 3778 890 '0

556 1838 756 1904 facere,
783 1839 1010 1892 secessit
1042 1855 1057 1895 :
1092 1839 1230 1893 unde
1263 1849 1315 1892 et
1344 1837 1552 1891 Pilatus
1578 1839 1980 1907 deprehendens
2009 1841 2126 1895 illo-

2233 1839 2398 1908 μένου
2452 1839 2557 1909 γὰρ
2613 1839 2774 1890 αὑτὸν
2818 1837 2912 1890 τοῦ
2979 1837 3218 1905 πλήθους
3273 1837 3503 1906 βασιλέα
3563 1841 3777 1906 ποιῆσαι,

554 1943 676 1982 rum
741 1929 1181 1998 syt-Ophantiam,
1243 1929 1442 1982 fatetur
1493 1947 1507 1983 :
1571 1948 1588 1980 ι
1648 1927 1858 1983 Nullam
1915 1932 2128 1985 invenio

556 2035 748 2072 noxam
800 2022 851 2072 in
899 2022 1118 2074 homine
1154 2023 1276 2076 hoc.
1315 2041 1332 2071 ι
1381 2019 1603 2074 Videtur
1648 2033 1828 2076 autem
1867 2023 1996 2077 mihi
2027 2024 2127 2078 ista

557 2111 984 2179 interrogatione
1028 2127 1188 2178 quam
1239 2112 1368 2166 facit
1420 2129 1548 2182 erga
1604 2114 1906 2178 Christum,
1955 2116 2130 2170 ridere

561 2202 907 2254 calumniam.
953 2201 1084 2255 Item
1131 2206 1274 2256 enitn
1313 2204 1487 2274 ipsam
1524 2206 1842 2271 euhsannat,
1889 2209 2076 2262 dicens
2111 2226 2124 2262 :

572 2313 592 2334 ο
617 2292 697 2346 Tu
732 2309 791 2348 es
824 2309 916 2347 rex
944 2293 1306 2350 Judaorum?
1342 2315 1359 2346 ι
1408 2300 1562 2367 quasi
1591 2301 1668 2353 sic
1701 2300 1845 2353 dicat
1882 2317 1896 2355 :
1931 2299 2008 2354 Tu
2033 2301 2129 2371 qui

557 2396 667 2440 tam
706 2402 928 2455 pauper,
961 2397 1066 2441 tam
1110 2388 1249 2452 vilis,
1284 2397 1392 2442 tam
1425 2392 1712 2446 destitutus
1751 2393 1985 2458 auxilio,
2021 2404 2128 2448 tam

558 2481 734 2532 nudus
766 2495 859 2543 es,
909 2482 1188 2535 accusat-is
1229 2497 1450 2550 regnum
1502 2484 1749 2538 ambire?
1801 2484 1912 2539 Hoc
1947 2497 2127 2541 autem

559 2570 855 2625 deridentis
887 2583 986 2636 est,
1023 2582 1080 2624 ut
1124 2573 1381 2639 diximus,
1415 2588 1509 2628 eos
1551 2575 1640 2644 qui
1681 2575 1732 2629 in
1781 2578 1866 2632 his
1903 2593 2130 2632 accusa-

573 2663 701 2716 bant
748 2662 956 2726 Jesun-,
993 2668 1132 2732 quod
1183 2665 1388 2735 fingant
1426 2666 1580 2720 talem
1622 2684 1731 2722 rem
1779 2672 2031 2724 attentari
2061 2672 2130 2726 ab

557 2755 774 2809 homine
817 2765 920 2808 tam
975 2759 1114 2810 nudo
1145 2768 1308 2826 atque
1348 2759 1458 2820 vili,
1498 2759 1562 2811 ad
1606 2775 1767 2822 uitam
1813 2767 1897 2813 tot
1928 2761 2130 2815 divitiis

555 2854 715 2914 atque
749 2848 1012 2915 praesidiis
1047 2864 1182 2916 opus
1211 2858 1314 2902 est.
1353 2847 1548 2903 Verum
1585 2850 1637 2903 hi
1669 2865 1792 2904 cum
1826 2851 1960 2904 nihil
1985 2851 2129 2905 aliud

555 2935 813 2992 haberent
854 2941 918 2991 ad
946 2941 1351 3008 sycophantiam
1389 2941 1840 3005 conﬁt-matulam,
1873 2943 2130 2997 clamoris

554 3037 777 3079 utuntur
815 3029 1037 3091 auxilio,
1085 3040 1138 3082 et
1169 3030 1538 3085 clamaverunt
1571 3043 1758 3086 contra
1796 3033 1961 3087 Deum
1998 3033 2128 3088 Ver-

557 3120 701 3171 bum.
735 3118 1052 3174 Commovet
1092 3122 1256 3184 enim,
1291 3123 1562 3192 inquiunt,
1611 3126 1710 3178 hoc
1755 3135 1857 3190 est,
1897 3125 2123 3180 seditio-

553 3228 674 3263 squ
713 3211 837 3266 facit
877 3217 1126 3283 populum
1173 3231 1188 3269 :
1238 3225 1290 3269 et
1337 3233 1444 3270 non
1489 3217 1539 3270 in
1591 3234 1694 3272 una
1741 3229 1912 3288 parte,
1958 3220 2052 3273 sed
2098 3236 2126 3272 a

551 3301 772 3356 Galilea
812 3306 1043 3372 incepit,
1074 3315 1128 3358 et
1159 3308 1400 3372 perm-nit
1439 3309 1736 3376 hucusque,
1771 3327 1865 3380 per
1899 3312 2128 3365 inediam

552 3393 789 3448 Judzeam
821 3398 1108 3450 transiens.
1137 3397 1251 3450 Non
1295 3399 1614 3468 simpliciter
1664 3414 1842 3456 autem
1878 3404 2006 3456 mihi
2047 3407 2124 3456 ιι-

555 3488 751 3540 dentur
780 3488 1088 3544 meminisse
1112 3488 1365 3555 Galilazte,
1387 3493 1477 3545 sed
1505 3491 1557 3544 in
1589 3502 1854 3547 terrorem
1880 3493 2036 3548 Pilati
2058 3496 2125 3546 ".

557 3575 687 3630 Nam
720 3577 922 3634 G-ilila’i
954 3595 1170 3650 semper
1213 3583 1480 3646 seditiosi,
1517 3599 1809 3653 rerumque
1849 3598 2130 3640 novatores

559 3671 729 3732 fuere,
767 3669 941 3739 qualis
972 3681 1089 3726 erat
1109 3683 1161 3726 et
1188 3672 1354 3726 Judas
1376 3673 1648 3738 Galilaeus,
1677 3676 1829 3742 cujus
1852 3678 2128 3731 recordari

556 3762 756 3816 faciunt
787 3762 1034 3830 Pilatum,
1067 3766 1224 3834 quasi
1251 3766 1318 3818 ita
1343 3768 1582 3822 dicentes
1613 3785 1626 3824 :
1663 3767 1869 3838 Cogita,
1906 3785 2129 3836 prteses,

556 3853 748 3907 ludam
782 3853 1086 3917 Galilamin,
1127 3855 1218 3925 qui
1265 3855 1488 3908 multum
1524 3858 1724 3924 negotii
1777 3857 1903 3911 fecit
1938 3856 2132 3912 Rom-

553 3947 658 4011 nis,
693 3944 830 4000 facta
868 3961 972 4000 non
1009 3962 1172 4015 parva
1221 3947 1488 4001 seditione
1528 3949 1711 4017 populi
1750 3964 1766 4003 :
1803 3949 1924 4003 talis
1953 3959 2007 4003 et
2043 3948 2129 4005 hic

550 4047 656 4100 est,
691 4052 848 4104 quem
873 4048 1088 4104 oportet
1125 4053 1156 4091 e
1184 4038 1362 4092 medio
1387 4038 1593 4092 tollere.

2229 1933 2390 1999 γνούς
2424 1929 2794 2001 ἀνεχώρησεν.
2829 1930 2990 1983 Ὅθεν
3019 1931 3112 1982 καὶ
3142 1930 3371 1992 Πιλάτος
3409 1931 3468 1981 ἐν
3505 1929 3780 1999 καταλήψει

2227 2024 2327 2092 τῆς
2367 2024 2734 2091 συκοφαντίας
2764 2025 3077 2092 γενόμενος,
3107 2022 3362 2091 ὁμολογεῖ
3389 2062 3405 2083 ,
3450 2023 3540 2075 ὅτι
3583 2039 3604 2071 ι
3642 2022 3780 2074 Οὐδὲν

2229 2117 2469 2184 εὑρίσκω
2507 2116 2677 2167 αἴτιον
2714 2117 2769 2166 ὲν
2807 2113 2884 2184 τῷ
2924 2113 3199 2183 ἀνθρώπῳ
3227 2114 3423 2180 τούτῳ.
3481 2133 3502 2164 ι
3552 2116 3700 2166 Δοκεῖ
3735 2115 3779 2166 δέ

2235 2223 2324 2274 μοι
2351 2207 2444 2256 καὶ
2475 2204 2613 2275 αὕτη
2638 2207 2670 2274 ἡ
2702 2203 2992 2273 ἐρώτησις,
3032 2206 3099 2274 ἣν
3129 2205 3362 2256 ποιεῖται
3396 2205 3539 2274 πρὸς
3569 2205 3655 2257 τὸν
3678 2205 3779 2273 Χρι-

2233 2297 2376 2360 στὸν,
2414 2298 2504 2348 ἐπὶ
2538 2296 2876 2364 καταγέλωτι
2929 2297 3027 2364 τῆς
3059 2296 3430 2364 συκοφαντίας
3482 2291 3648 2348 εἶναι.
3681 2297 3778 2349 hi;-

2231 2389 2484 2461 κτηρίςει
2516 2390 2625 2460 γὰρ
2656 2390 2720 2442 τὸ
2747 2391 2982 2460 πρᾶγμα
3011 2389 3184 2456 λέγων
3205 2403 3219 2418 ⁸
3259 2407 3277 2439 ι
3313 2388 3387 2440 Σὺ
3414 2383 3465 2440 εἷ
3495 2391 3525 2441 6
3561 2389 3778 2458 βασιλεὶς

2230 2483 2338 2536 τῶν
2387 2482 2694 2546 Ἰουδαίωνς
2755 2500 2772 2533 ι
2836 2483 3121 2551 μονονουχὶ
3186 2479 3345 2535 τοῦτο
3401 2480 3616 2548 λέγων’
3669 2481 3776 2534 Σειό

2233 2575 2426 2644 πένης,
2458 2577 2486 2627 6
2511 2574 2753 2644 εὐτελὴς,
2787 2575 2814 2626 ὁ
2847 2574 3071 2643 γυμνὸς,
3120 2575 3146 2626 6
3182 2572 3488 2643 ἀϐοήθητος
3526 2577 3773 2642 κατηγορῇ

2233 2664 2325 2716 ἐπὶ
2363 2663 2441 2734 τῷ
2475 2663 2748 2733 βασιλείας
2787 2662 3068 2730 ἑφίεσθαις
3105 2661 3281 2714 Τοῦτο
3309 2663 3365 2723 δὲ
3396 2662 3773 2729 καταγελῶντος

2233 2755 2404 2816 ἐστιν,
2434 2754 2510 2818 ὠς
2555 2754 2786 2824 ἔφημεν,
2830 2753 2940 2805 τών
2984 2754 3159 2806 ταῦτα
3202 2753 3656 2822 κατηγορούντων
3700 2751 3772 2806 τοῦ

2233 2846 2431 2916 Ἰησοῦ,
2462 2848 2543 2899 ὅτι
2590 2847 2682 2898 τὸν
2724 2845 2895 2908 οὕτως
2940 2845 3154 2914 εὐτελῆ,
3194 2846 3288 2897 καὶ
3317 2846 3548 2913 γυμνὸν,
3581 2844 3774 2912 τοιούτῳ

2233 2941 2521 3008 πράγματι
2577 2941 2872 3007 ἐπιχειρεῖν
2923 2938 3269 2998 πλάττονται,
3324 2937 3543 2990 πολλῶν
3570 2937 3774 3006 δεομὲκᾱμ

2233 3030 2328 3080 καὶ
2361 3030 2665 3100 χρημάτων
2700 3028 2796 3101 καλ.
2828 3028 3160 3097 ἐπικούρων.
3192 3029 3254 3080 Οί
3284 3029 3339 3080 δὲ
3393 3029 3565 3098 μηδὲν
3597 3030 3775 3098 ἔχοντες

2232 3119 2360 3172 ἄλλο
2390 3119 2525 3189 πρὸς
2563 3119 2661 3188 τὴν
2710 3119 3072 3188 συκοφαντίαν
3112 3118 3394 3189 βοήθημα,
3435 3123 3558 3181 ταῖς
3603 3123 3776 3188 comi;

2230 3211 2468 3280 χρῶνται
2498 3211 2633 3278 πρὸς
2665 3211 2979 3280 συνεργίαν.
3031 3212 3128 3264 καὶ
3179 3213 3490 3280 κεκράγασι
3522 3213 3658 3266 κατά
3701 3209 3776 3266 τοῦ

2226 3303 2362 3355 Θεοῦ
2404 3304 2597 3370 Λόγου.
2643 3302 2910 3356 Ἀνασείει
2942 3303 3071 3373 γὰρ,
3123 3308 3278 3374 φησι,
3318 3305 3621 3366 τουτέστιν,
3667 3306 3776 3357 ἁνα-

2232 3396 2422 3446 στατεί
2447 3395 2538 3446 τὸν
2564 3394 2711 3456 λαὸν,
2750 3395 2840 3446 καὶ
2873 3394 2974 3446 ούκ
3004 3397 3062 3446 ὲν
3094 3395 3174 3446 ἐνὶ
3213 3397 3390 3466 μέρει,
3426 3396 3542 3448 ἀλλ’
3565 3397 3668 3449 ἀπὸ
3697 3395 3776 3465 μὲν

2228 3491 2326 3560 τῆς
2363 3487 2651 3549 Γαλιλαίας
2682 3487 2909 3558 ἤρξατο,
2962 3486 3163 3554 ἔφθασε
3195 3487 3252 3540 δὲ
3281 3487 3389 3550 ἓως
3423 3481 3548 3551 ὦδε,
3588 3489 3674 3541 διὰ
3700 3489 3766 3557 μέ-

2233 3598 2329 3650 σης
2362 3582 2460 3648 τῆς
2521 3579 2780 3639 Ἰουδαίας
2819 3578 3061 3631 διελθών.
3091 3578 3204 3647 Ούχ
3234 3579 3422 3642 ἁπλῶς
3465 3579 3522 3631 δέ
3580 3598 3668 3648 μοι
3702 3579 3769 3632 δο-

2230 3674 2385 3725 κοῦσι
2417 3671 2728 3742 μεμνῆσθαι
2762 3673 2858 3740 τῆς
2893 3671 3203 3733 Γαλιλαίας,
3237 3670 3350 3723 ἀλλ’
3386 3674 3466 3734 εἰς
3498 3672 3658 3739 φοϐον
3698 3674 3770 3722 τῖν

2230 3765 2459 3818 Πιλάτον
2493 3764 2813 3826 ἐνσείοντες.
2851 3763 2960 3816 Κοι1⁸
3006 3763 3115 3832 γὰρ
3165 3765 3214 3816 οί
3252 3762 3524 3816 Γαλιλαῖοι
3565 3761 3773 3816 τοιοῦτοι

2226 3859 2332 3920 ἀεὶ,
2370 3856 2713 3919 στασιασταὶ,
2764 3857 2857 3908 καὶ
2907 3856 3296 3924 νεωτερισμοῖς
3345 3855 3768 3925 ἐπιχειροῦντεςο

2225 3943 2336 4010 οἷος
2364 3949 2459 4000 καὶ
2506 3947 2711 4010 Ἰούδας
2761 3949 2788 4000 ὁ
2841 3946 3161 4008 Γαλιλαῖος·
3196 3939 3259 4002 οὗ
3305 3948 3399 3999 καὶ
3437 3951 3516 4009 εἰς
3577 3952 3770 4015 μνήμην

2225 4040 2487 4109 ἐμϐαλεῖν
2520 4040 2731 4092 ἐοίκασι
2769 4039 2858 4092 τον
2893 4039 3144 4103 Πιλᾶτον,
3181 4041 3463 4108 μονονουχὶ
3511 4040 3660 4093 τοῦτο
3696 4039 3770 4091 λέ-

549 4142 770 4196 γοντες⁶
825 4127 1191 4194 Ἀναλόγισαι,
1245 4128 1490 4199 ἡγεμὼν,
1535 4129 1629 4181 τὸν
1661 4130 1944 4184 Γαλιλαῖον
1993 4131 2215 4194 Ἰούδαν,
2285 4132 2343 4194 ὂς
2372 4131 2543 4184 πολλά
2573 4131 2876 4198 πράγματα
2917 4129 3210 4196 Ῥωμαίοις
3281 4131 3597 4201 παρέσχεν,
3657 4133 3767 4184 ἀνα-

555 4216 838 4280 στατώσας
866 4219 968 4271 οὐκ
1003 4220 1184 4288 ὀλίγον
1220 4220 1384 4290 μέρος
1413 4221 1508 4273 τοῦ
1549 4221 1702 4275 λαοῦ.
1731 4222 1986 4286 Τοιοῦτος
2028 4226 2121 4276 καὶ
2160 4219 2335 4289 οὗτος,
2361 4223 2419 4275 ὃν
2451 4222 2532 4274 δεῖ
2559 4222 2623 4273 ὲκ
2657 4222 2834 4274 ποδῶν
2865 4219 3156 4275 ποιεῖσθαι.

630 4308 796 4363 Vsus.
849 4309 1003 4364 6—27.
1062 4330 1080 4361 ι
1137 4311 1342 4366 Pilatus
1394 4327 1576 4368 autem
1629 4317 1805 4367 audita
1856 4317 2127 4370 mentione
2162 4325 2203 4378 Ι)

548 4399 805 4466 (ἱειΙίΙίοεν,
853 4403 1211 4470 interrogavit
1267 4420 1392 4456 num
1449 4406 1610 4459 homo
1659 4404 1912 4459 Galilaeus
1955 4405 2115 4478 481

549 4501 700 4548 esset
740 4508 756 4550 :
799 4502 856 4547 et
898 4504 955 4547 ut
999 4496 1250 4562 cognovit
1290 4495 1435 4564 quod
1481 4497 1547 4550 ad
1591 4496 1818 4552 Herodis
1867 4497 2124 4552 ditionem

549 4585 867 4656 pertineret,
910 4588 1120 4641 remisit
1157 4603 1280 4641 eum
1321 4590 1387 4642 ad
1428 4589 1718 4655 Herodem,
1766 4590 1855 4658 qui
1901 4600 1962 4644 et
2015 4591 2127 4659 ipse

552 4677 943 4749 Hierosolymis
996 4691 1114 4732 erat
1163 4695 1257 4748 per
1288 4680 1338 4734 id
1379 4692 1608 4749 tempus.
1654 4681 1890 4736 llerodes
1944 4692 2122 4735 autem

553 4771 669 4825 viso
699 4768 824 4824 Jesu
863 4770 1084 4840 gavisus
1113 4781 1196 4826 est
1235 4772 1406 4826 valde.
1445 4772 1753 4827 Tenebatur
1788 4775 1931 4829 enim
1958 4773 2126 4828 multo

545 4862 656 4929 jam
707 4871 951 4933 tempore
1002 4865 1296 4934 cupiditate
1353 4867 1567 4920 videndi
1619 4867 1812 4931 illum,
1870 4881 1936 4921 eo
1983 4865 2122 4934 quod

548 4955 762 5010 audiret
827 4955 992 5009 multa
1045 4957 1110 5012 de
1175 4972 1277 5020 eo,
1344 4967 1400 5012 et
1464 4960 1719 5026 sperabat
1783 4974 1844 5012 se
1906 4963 2120 5028 signum

550 5046 764 5116 aliquod
821 5048 1062 5102 visurum
1115 5047 1184 5102 ab
1217 5063 1283 5102 eo
1329 5049 1465 5103 ﬁeri.
1520 5048 1890 5120 luterrOgabat
1941 5059 2119 5103 autem

546 5154 670 5192 eum
706 5141 890 5196 multis
939 5143 1283 5196 sermonibus
1318 5159 1336 5199 :
1367 5152 1421 5194 at
1465 5143 1578 5212 ipse
1606 5144 1736 5196 nihil
1768 5143 1839 5197 illi
1897 5156 2123 5211 respon—

549 5231 736 5286 debat.
804 5233 1035 5286 Stabant
1097 5244 1276 5288 autem
1346 5235 1615 5303 principes
1679 5237 2015 5290 sacerdotum
2069 5245 2124 5288 et

553 5324 758 5380 Scriba:
811 5328 1011 5382 acriter
1055 5340 1372 5384 accusantes
1410 5344 1558 5383 eum.
1594 5327 1808 5398 Sprevit
1844 5340 2023 5382 autem
2057 5328 2121 5381 il-

551 5417 659 5472 lum
698 5417 934 5472 Herodes
973 5437 1095 5474 cum
1141 5424 1471 5477 exercitibus
1506 5425 1620 5477 suis
1663 5438 1678 5480 :
1723 5438 1954 5491 cumque.
2002 5419 2121 5474 illu-

548 5509 728 5573 sisset,
762 5509 1002 5564 indutum
1029 5523 1179 5568 veste
1201 5513 1476 5584 splendida
1508 5514 1710 5569 remisit
1739 5515 1804 5568 ad
1829 5513 2061 5568 Pilatuut
2101 5531 2116 5571 :

545 5611 600 5653 et
631 5600 759 5658 lacti
791 5613 910 5656 sunt
947 5589 1107 5658 aniici
1145 5605 1286 5662 inter
1323 5622 1442 5664 sese
1475 5605 1678 5662 Pilatus
1705 5615 1760 5660 et
1792 5605 2034 5661 Herodes
2060 5605 2116 5662 in

625 5783 668 5816 ³⁸
693 5782 811 5834 Aet.
844 5795 895 5844 v,
923 5779 1010 5836 57.

2311 4332 2330 4367 ι
2369 4315 2428 4368 Ὀ
2457 4313 2552 4366 οὖν
2574 4313 2802 4375 Πιλᾶτος
2833 4311 3074 4375 ἀκούσας
3106 4313 3420 4380 Γαλιλαίαν,
3446 4317 3764 4388 ἐπηρώτησεν

2236 4409 2283 4459 εξ
2317 4409 2343 4459 ὁ
2372 4407 2659 4476 ἄνθρωπος
2708 4404 2990 4468 Γαλιλαῖός
3030 4407 3169 4469 ἐστι,
3207 4407 3302 4459 καὶ
3337 4407 3592 4475 ἐπιγνοὺς
3616 4409 3686 4460 δτι
3715 4409 3763 4458 ἐκ

2229 4497 2328 4565 τῆς
2358 4495 2605 4560 ἐξουσίας
2639 4495 2879 4566 Ἡρώδου
2907 4495 3077 4561 ἐστὶν,
3123 4497 3440 4566 ἀνέπεμψεν
3474 4499 3630 4551 αὑτὸν
3658 4497 3762 4563 πρὸς

2239 4590 2507 4660 Ἡρώδην,
2561 4591 2692 4642 ὄντα
2722 4591 2818 4643 καὶ
2863 4591 3024 4642 αὑτὸν
3057 4593 3114 4645 ὲν
3154 4590 3553 4662 Ἰεροσολύμοις
3582 4595 3634 4645 ὲν
3659 4591 3759 4644 ταύ-

2226 4698 2347 4745 ταις
2377 4685 2493 4744 ταίς
2527 4682 2785 4752 ἡμέραις.
2832 4681 2896 4736 ’0
2915 4681 2971 4734 δὲ
3010 4681 3254 4752 Ἡρώδης
3290 4682 3415 4735 ίδὼν
3440 4684 3532 4737 τδν
3574 4683 3756 4753 Ἰησοῦν,
3791 4727 3802 4734 ,

2225 4775 2398 4844 ἐχάρη
2433 4775 2577 4828 λίαν.
2623 4771 2730 4826 Ἦν
2761 4774 2872 4845 γὰρ
2900 4773 3070 4827 θέλων
3107 4775 3168 4840 ἐξ
3204 4775 3393 4832 ἱκανοῦ
3449 4775 3579 4828 ίδεῖν
3605 4774 3754 4834 αὑτὸν,

2224 4867 2315 4921 δςιά
2373 4867 2434 4920 τὸ
2485 4867 2704 4921 ἀκούειν
2747 4866 2919 4920 πολλὰ
2967 4867 3098 4936 περὶ
3149 4866 3336 4931 αὑτοῦ,
3373 4868 3469 4920 καὶ
3501 4867 3687 4938 ἤλπιξέ
3723 4881 3758 4914 τι

2227 4963 2457 5030 σημεῖον
2513 4959 2642 5012 ίδείν
2675 4958 2765 5011 ὑπ’
2828 4957 2992 5011 αὐτοῦ
3029 4960 3334 5028 γινόμενον.
3407 4959 3688 5028 Ἐπηρώτα
3719 4956 3758 5009 δὲ

2227 5052 2391 5104 αὑτὸν
2419 5053 2477 5104 ὲν
2510 5051 2692 5118 λύγοις
2724 5052 2932 5114 ἱκανοῖς
2957 5067 2971 5082 ·
3005 5053 3164 5112 αὐτὸς
3191 5051 3248 5104 δὲ
3275 5051 3432 5104 οὐδὲν
3463 5051 3759 5119 ἀπεκρίνατο

2220 5143 2390 5211 αύτῷ.
2445 5144 2801 5213 Εἱστήκεισαν
2827 5142 2883 5195 δὲ
2916 5143 2964 5194 οἱ
3005 5142 3285 5211 ἀρχιερεῖς
3314 5143 3411 5193 καὶ
3448 5142 3496 5192 οἱ
3533 5140 3759 5208 Γραμμμ·

2223 5239 2332 5298 τεῐς
2384 5235 2612 5297 εὐτόνως
2661 5232 3096 5302 κατηγοροῦντες
3147 5229 3340 5285 αὐτοῦ.
3409 5229 3756 5297 Ἑξουθενήσας

2221 5327 2277 5380 δὲ
2308 5328 2474 5379 αὑτὸν
2513 5326 2545 5378 6
2588 5323 2835 5396 Ἡρώδης
2870 5325 2966 5377 σὺν
3011 5326 3119 5384 τοῖς
3157 5321 3560 5392 στρατεύμασιν
3599 5317 3756 5381 αὐτοῦ,

2223 5422 2318 5474 καὶ
2345 5418 2653 5488 ἐμπαίξας,
2699 5414 3014 5486 περιϐαλὼν
3057 5414 3206 5485 αὐτῷ
3259 5416 3465 5486 ἐσθῆτα
3511 5414 3754 5484 λαμπρᾰν.

2222 5509 2533 5579 ἀνέπεμψεν
2579 5509 2741 5563 αὑτὸν
2780 5508 2859 5576 τῷ
2887 5507 3122 5577 Πιλάτῳ.
3167 5507 3444 5575 Ἐγένοντο
3487 5506 3542 5559 δὲ
3580 5501 3756 5575 φίλοιδ

2223 5601 2540 5667 tantum;
2582 5600 2722 5654 καὶό
2761 5598 3008 5669 Ἡρώδης
3059 5599 3116 5651 ὲν
3148 5599 3284 5669 αὐτῇ
3332 5601 3397 5668 τῇ
3445 5599 3617 5669 ἡμέρα
3658 5589 3751 5664 μετ’
