3932 6456
200 364 343 432 1093

798 328 801 329 ν
870 368 1312 432 ENABRATIO
1347 371 1428 433 IN
1470 373 1973 436 EVANGELIUM
2005 378 2239 439 LUC/E.
2282 400 2344 414 ν
2379 381 2537 445 CAP.
2576 385 2802 449 XXIII.

3316 380 3453 449 10M

195 482 485 553 ἀλλήλων·
533 481 893 552 προϋπῆρχον
944 483 1055 552 γὰρ
1104 486 1162 537 ἐν
1211 485 1380 558 ἔχθρᾳ
1436 474 1590 551 ὅντες
1641 488 1774 558 πρὸς

1885 490 2071 546 eodem
2102 491 2208 549 die.
2241 489 2374 548 Nam
2409 505 2571 552 antea
2606 496 2855 552 simultas
2882 496 3025 553 inter
3065 509 3161 554 eos
3193 495 3452 554 interces-

196 571 453 634 ἑαυτούς.
486 571 718 635 Πιλᾶτος
742 572 799 626 δὲ
825 573 1308 643 συγκαλεσάμενος
1329 576 1455 638 τοὺς
1477 577 1774 647 ἀρχιερεῖς,

194 664 300 717 καὶ
326 664 453 726 τοὺς
484 662 777 731 ἄρχοντας,
808 666 904 718 καλ⁵
937 664 1029 717 τὸν
1051 665 1202 733 λαὸν,
1226 660 1348 719 εἷπε
1371 668 1509 738 πρὸς
1536 669 1734 733 αὐτούς
1758 687 1772 701 ⁸

197 753 624 825 Προσηνέγκατέ
657 772 748 824 μοι
788 756 880 807 τὸν
920 756 1209 826 ἄνθρωπον
1252 760 1463 823 τοῦτον,
1511 759 1587 822 ὡς
1638 762 1771 812 ἀπο-

195 846 507 915 στρέφοντα
558 846 652 899 τὸν
701 845 870 899 λαόν·
919 848 1015 901 καλ¹
1065 848 1173 902 ίδοὺ
1220 847 1329 917 ἐγὼ
1361 850 1591 903 ἐνώπιον
1625 851 1779 921 ὑμῶν

194 937 528 1006 ἀνακρίνας,
560 936 711 990 οὐδὲν
748 931 907 1008 εὗρον
941 940 999 989 ὲν
1028 937 1107 1008 τῷ
1152 937 1430 1009 ἀνθρώπῳ
1476 938 1650 1009 τούτῳ
1690 939 1778 990 ai-

188 1045 335 1093 τιον,
369 1022 444 1081 ὧν
475 1032 832 1098 κατηγορεῖτε
863 1028 984 1082 κατ’
1037 1030 1204 1082 αὐτοῦ
1228 1047 1240 1059 ·
1289 1029 1405 1083 ἀλλ’
1431 1029 1552 1082 οὐδὲ
1600 1028 1776 1099 Ἠρώ-

187 1123 297 1189 δης
321 1137 335 1150 ·
369 1122 661 1192 ἀνέπεμψα
684 1121 793 1192 γὰρ
824 1123 968 1193 ὑμᾶς
990 1123 1130 1193 πρὸς
1156 1122 1340 1185 αὐτὸν,
1372 1121 1465 1174 καὶ
1491 1122 1600 1175 ἰδοὺ
1625 1122 1778 1175 οὐδὲν

186 1214 350 1279 ἄξιον
376 1213 605 1268 θανάτου
640 1216 788 1268 ἐστὶν
824 1217 880 1267 ἐν
917 1214 1068 1285 αὐτῷ
1098 1214 1506 1283 πεπραγμένον.
1548 1214 1779 1267 Παιδεύ-

189 1319 302 1365 σας
348 1298 442 1357 οὖν
496 1302 772 1356 ἀπολύσω.
820 1303 1093 1372 Ἀνάγκην
1154 1304 1208 1357 δὲ
1287 1299 1440 1373 εἶχον
1517 1303 1778 1357 ἀπολύειν

189 1394 413 1456 ἑαυτοῖς
444 1394 587 1447 κατά
617 1395 812 1464 ἑορτὴν
840 1395 958 1446 ἕνα.
1008 1394 1340 1465 ’Δνέκραξαν
1365 1396 1422 1448 δὲ
1455 1395 1778 1465 παμπληθεῖ

187 1486 479 1552 λέγοντες·
515 1482 647 1558 Αἶρε
677 1485 890 1551 τοῦτον,
917 1486 1192 1540 ἀπόλυσον
1220 1487 1273 1539 δὲ
1294 1489 1425 1558 ἡμῖν
1452 1488 1740 1558 Βαραϐϐᾶν
1759 1504 1772 1517 ·

186 1580 348 1643 ὅστις
376 1574 446 1649 ἦν
483 1578 571 1631 διὰ
603 1579 796 1633 στάσιν
823 1578 947 1632 τινὰ
974 1579 1278 1649 γενομένην
1309 1582 1366 1633 ὲν
1387 1582 1451 1650 τῇ
1478 1580 1652 1643 πόλει,
1681 1580 1777 1634 καὶ

189 1671 384 1739 φόνον,
424 1669 754 1740 βεϐλημένος
776 1672 855 1732 είς
879 1670 1147 1741 φυλακήν.
1179 1671 1346 1723 Πάλιν
1366 1667 1459 1725 οὖν
1488 1673 1518 1725 ὁ
1547 1671 1778 1736 Πιλᾶτος

190 1761 618 1833 προσεφώνησε,
678 1759 849 1814 Θέλων
888 1761 1157 1815 ἀπολῦσαι
1211 1763 1301 1815 τὸν
1360 1761 1591 1834 Ἰησοῦν.
1629 1767 1691 1818 Ol
1719 1765 1776 1818 δὲ

1879 594 2043 639 serat.
2074 583 2274 641 Pilatus
2312 594 2520 651 autem,
2562 590 2872 644 convocatis
2902 590 3233 660 principibus
3274 605 3454 646 sacer-

1877 675 2064 731 dotum
2131 685 2184 731 et
2232 677 2638 744 magistratibus
2677 694 2740 736 ac
2783 681 2958 750 plebe,
3003 682 3139 736 dixit
3172 683 3238 736 ad
3283 682 3448 743 illos;

1878 766 2162 823 Obtulistls
2213 770 2344 823 mihi
2392 770 2538 825 hunc
2593 771 2862 824 hominem
2907 774 3061 841 quasi
3114 782 3450 828 avertentem

1881 858 2157 925 pupulum,
2212 867 2270 912 et
2319 873 2445 912 erce
2496 873 2597 929 ego
2646 873 2828 914 coram
2880 860 3032 915 vobis
3082 844 3449 931 interrogans,

1879 948 2078 1002 nullum
2100 949 2307 1004 crimen
2341 950 2555 1005 invenio
2584 952 2634 1004 in
2670 952 2886 1005 homine
2920 952 3021 1004 isto
3042 967 3106 1005 ex
3134 953 3199 1006 iis
3225 953 3290 1007 de
3319 954 3444 1020 qui-

1879 1039 1980 1093 bus
2007 1042 2278 1095 accusatis
2321 1057 2463 1106 eum,
2500 1043 2591 1097 sed
2628 1058 2693 1097 ne
2728 1042 2968 1096 llerodcs
3012 1043 3226 1110 quidem
3271 1061 3284 1096 :
3320 1060 3446 1098 nam

1879 1132 2061 1185 remisi
2116 1147 2209 1185 vos
2252 1132 2319 1186 ad
2375 1132 2546 1198 illmn,
2582 1141 2637 1186 et
2681 1145 2809 1187 ecce
2851 1132 2986 1186 nihil
3025 1133 3240 1202 dignum
3273 1146 3449 1188 morte

1878 1231 2056 1275 actum
2117 1229 2202 1275 est
2248 1222 2336 1285 ei;
2387 1223 2707 1292 castigatum
2775 1235 2906 1290 ergo
2961 1222 3107 1275 illnnt
3162 1222 3450 1277 dimittam.

1881 1310 2113 1367 Necesse
2145 1320 2320 1366 autem
2357 1311 2590 1366 habebat
2619 1312 2893 1367 dimittere
2915 1312 2997 1367 eis
3022 1313 3073 1365 in
3106 1311 3241 1367 festo
3264 1328 3449 1372 unum.

1879 1402 2217 1457 Exclamavit
2264 1413 2442 1458 autem
2496 1404 2652 1459 simul
2690 1406 2942 1460 universa
2979 1408 3172 1468 turba,
3217 1404 3449 1464 dict-ns:

1879 1491 2032 1546 Tolle
2067 1494 2231 1559 hunc,
2261 1502 2315 1548 et
2348 1495 2557 1548 dimitte
2583 1494 2735 1549 nobis
2765 1493 3065 1550 Barabbam
3091 1494 3203 1565 (qui
3235 1506 3455 1564 propter

1878 1587 2198 1641 seditionem
2243 1588 2530 1656 quamdam
2573 1586 2772 1641 factam
2814 1588 3116 1642 incivitate
3158 1596 3212 1642 et
3277 1585 3447 1641 homi-

1877 1677 2077 1732 cidium
2118 1677 2173 1731 in
2230 1692 2503 1733 carcerem
2534 1679 2811 1747 conjectus
2846 1679 3008 1747 erat).
3039 1677 3238 1732 lterum
3271 1686 3451 1732 autem

1880 1767 2083 1822 Pilatus
2115 1768 2331 1823 locutus
2363 1777 2447 1821 est
2476 1767 2541 1820 ad
2574 1782 2689 1833 eos,
2717 1766 2904 1822 volens
2934 1766 3205 1821 dimittere
3241 1765 3449 1825 Jesnm.

189 1850 518 1921 ἐπεφώνουν
541 1850 793 1919 λέγοντες
820 1868 836 1884 ο
869 1852 1213 1922 Σταύρωσον,
1245 1852 1561 1924 σταύρωσον
1588 1855 1770 1910 αὐτόν.

1880 1864 1949 1914 At
1979 1859 2053 1914 illi
2077 1859 2382 1913 clamabant
2405 1858 2645 1913 dicentes
2669 1875 2686 1917 ;
2708 1857 2998 1927 Crucillge,
3025 1857 3280 1926 erucillge
3300 1873 3449 1915 eum.

204 1943 273 1997 ’0
301 1942 361 1996 δὲ
390 1941 576 2013 τρίτον
603 1936 724 1995 εἷπε
753 1941 889 2013 πρὸς
912 1941 1110 2006 αὐτούς
1133 1958 1148 1972 ο
1173 1943 1240 1996 Τί
1258 1944 1365 2014 γὰρ
1391 1945 1560 1998 κακὸν
1590 1945 1771 2014 tuaiq-

193 2050 294 2094 σεν
321 2028 522 2097 οὗτος;
573 2032 725 2086 οὐδὲν
776 2032 951 2085 αἴτιον
1012 2032 1245 2087 θανάτου
1282 2027 1441 2104 εὖρον
1493 2037 1552 2087 ὲν
1604 2034 1771 2105 αύτῷ.

189 2125 505 2188 Παιδεύσας
560 2119 653 2178 οὖν
710 2122 876 2179 αὐτὸν
928 2123 1208 2178 ἀπολύσω.
1264 2126 1327 2178 Οί
1378 2125 1436 2178 δὲ
1493 2126 1776 2180 ἐπέκειντο

190 2219 409 2282 φωναῖς
442 2215 734 2286 μεγάλαις,
773 2213 1091 2284 αἰτούμενοι
1135 2215 1299 2270 αὐτὸν
1352 2216 1771 2287 σταυρωθῆναι·

190 2312 295 2364 καὶ
326 2309 620 2379 κατίσχυον
639 2312 694 2363 αί
724 2308 901 2377 φωναὶ
946 2307 1126 2362 αὐτῶν
1159 2310 1251 2362 καὶ
1302 2309 1413 2363 τῶν
1450 2309 1771 2380 ἀρχιερέων.

202 2405 272 2458 '0
302 2405 361 2458 δὲ
406 2406 638 2469 Πιλάτος
667 2390 1210 2475 ἐπέκρινεν-γενέσθαι
1241 2403 1300 2457 τὸ
1326 2405 1538 2475 αἴτημα
1570 2402 1769 2456 αὐτῶν.

124 2567 131 2571 ᾳ
204 2499 476 2552 Ἀπέλυσε
519 2498 576 2551 δὲ
612 2498 720 2551 τὸν
773 2497 863 2551 διά
899 2498 1091 2552 στάσιν
1118 2498 1210 2551 καί⁸
1237 2496 1398 2567 φόνον
1443 2494 1775 2566 βεϐλημένον

192 2594 282 2654 εἰς
316 2591 418 2662 τὴν
449 2588 719 2659 φυλακὴν,
767 2588 826 2641 ὃν
855 2587 1115 2659 ᾐτοῦντο’
1148 2588 1237 2640 τὸν
1282 2588 1340 2641 δὲ
1387 2586 1597 2657 Ἰησοῦν
1634 2602 1774 2656 παρ·

191 2682 372 2736 ἐδωκε
401 2682 479 2752 τῷ
509 2681 776 2751 θελήματι
799 2682 998 2734 αὐτῶν.
1032 2681 1144 2734 Καὶ⁸
1173 2679 1249 2743 ὡς
1279 2680 1566 2750 ἀπήγαγον
1589 2678 1771 2741 αύτὶν,

194 2772 591 2841 ἐπιλαϐόμενοι
663 2772 906 2842 Σίμωνός
933 2787 1076 2834 τινος
1106 2770 1200 2823 τοῦ
1253 2770 1567 2841 Κυρηναίου
1615 2769 1774 2837 ἐρχο-

197 2865 369 2934 μένου
393 2866 487 2919 ἀπ*
511 2864 711 2935 ἀγροῦ,
741 2864 1018 2934 ἐπέθηκαν
1039 2862 1187 2931 αὐτῷ
1219 2862 1309 2916 τὸν
1333 2861 1564 2929 σταυρὸν
1586 2861 1774 2930 φέρειν

196 2956 383 3011 ὀπίσω
421 2956 515 3010 τοῦ
555 2955 756 3025 Ἰησοῦ.
806 2953 1121 3008 Ἠκολούθει
1147 2954 1203 3007 δὲ
1229 2953 1378 3023 αὐτῷ
1409 2952 1540 3006 πολὺ
1574 2953 1776 3021 πλῆθος

192 3046 295 3100 τοῦ
327 3045 459 3101 λαοῦ
508 3044 926 3115 καὶγυναικῶν,
955 3044 1011 3098 αἳ
1044 3045 1357 3107 ἐκόπτοντο,
1388 3045 1483 3096 καὶ
1514 3033 1777 3115 ἐθρήνᾌυν

194 3138 385 3192 αὐτόν.
420 3156 439 3188 ι
483 3135 785 3207 Ῥωμαῖκῷ
809 3136 960 3206 νόμῳ
1002 3135 1264 3206 ἑπόμενος
1294 3136 1323 3188 ὁ
1349 3134 1601 3196 Πιλάτος,
1636 3133 1778 3203 πέμ-

194 3247 295 3283 πει
320 3227 411 3280 τὸν
451 3227 657 3297 Κύριον
698 3227 831 3298 πρὸς
871 3226 1144 3297 Ἡρώδην,
1183 3226 1261 3296 τῷ
1310 3226 1609 3290 κελεύοντι,
1638 3226 1768 3279 Exa-

194 3329 327 3375 στον
358 3321 506 3392 παρὰ
535 3318 631 3373 τοῦ
674 3320 933 3391 ἄρχοντος
984 3319 1082 3389 τῆς
1125 3320 1389 3391 ἐπαρχίας
1431 3318 1598 3373 αὐτοῦ
1649 3318 1775 3388 κρί-

196 3412 415 3467 νεσθαι.
465 3411 558 3465 Διὸ
580 3413 673 3467 καὶ
702 3412 778 3476 ὡς
807 3412 1095 3465 Γαλιλαῖον
1123 3411 1215 3464 τὸν
1250 3411 1425 3480 Ἰησοῦ
1456 3412 1669 3481 πέμπει
1695 3410 1773 3480 τῷ

194 3506 303 3574 τῆς
356 3502 644 3565 Γαλιλαίας
693 3504 1015 3574 ὲπάρχοντι.
1056 3501 1302 3573 Ἡρώδης
1358 3503 1416 3556 δὲ
1462 3503 1632 3573 ἐχάρη
1682 3502 1776 3554 ἐπὶ

192 3593 395 3660 τούτῳ,
431 3593 529 3662 οὐχ
561 3593 637 3656 ὡς
679 3576 899 3662 μέλλων
934 3592 1191 3662 κερδᾶναί
1246 3608 1298 3644 τι
1348 3591 1672 3661 ψυχωφελὲς
1713 3595 1776 3644 ὲκ

196 3682 304 3751 τῆς
330 3681 463 3745 θέας
485 3679 582 3733 τοῦ
624 3680 824 3750 Ἰησοῦ,
858 3680 973 3734 ἀλλ’
999 3680 1186 3752 ἐπειδὴ
1229 3681 1396 3751 ἧκουε
1426 3684 1555 3751 περὶ
1584 3682 1772 3747 αὐτοῦ,

195 3776 286 3829 ὅτι
317 3772 475 3842 σοφός
497 3773 634 3837 ἐστι,
672 3771 768 3825 καὶ
790 3773 1181 3843 τερατουργὸς,
1220 3769 1367 3844 εἶχεν
1396 3773 1623 3843 ἀνόητον
1655 3777 1778 3828 επι-

199 3865 428 3936 θυμίαν,
472 3863 534 3918 τὸ
571 3862 886 3933 φιλόκαινον
920 3863 1091 3918 νοσῶν
1124 3864 1218 3919 καὶ
1254 3864 1438 3930 αὐτὸς,
1473 3865 1613 3918 ὥστε
1649 3866 1774 3919 ίδεῖν

192 3954 391 4010 τοῦτον
417 3953 511 4008 τὸν
539 3952 830 4008 ἀλλόκοτον
855 3951 1168 4023 ἄνθρωπον,
1200 3954 1294 4008 καὶ
1327 3953 1559 4008 ἀκοῦσαι
1584 3954 1771 4020 αὐτοῦ,

192 4049 250 4102 τί
275 4047 450 4116 λέγει.
490 4048 560 4099 Ἢ
596 4046 717 4116 οὐχὶ
742 4044 972 4099 τοιαῦτα
1003 4046 1098 4097 καὶ
1123 4044 1221 4098 νῦν
1252 4045 1517 4117 νοσοῦμεν
1550 4046 1771 4111 πολλοῖς

207 4139 511 4210 Ἐπεθύμει
550 4134 645 4192 οὖν
688 4139 783 4192 καὶ
813 4138 979 4202 αὐτὸς
1028 4137 1157 4191 ίδεῖν
1211 4139 1435 4207 σημεῖόν
1464 4155 1517 4192 τι
1568 4141 1634 4192 ἐκ
1679 4139 1772 4192 τοῦ

206 4229 415 4299 Ἰησοῦ,
452 4230 552 4299 ούχ
612 4228 699 4283 ἵνα
732 4228 1025 4299 πιστεύσῃ,
1069 4227 1188 4281 ἀλλ’
1227 4228 1376 4293 ὅπως
1405 4230 1630 4301 ἐστιάσῃ
1675 4230 1774 4300 τὴν

190 4318 356 4387 δψιψ
396 4318 589 4388 ὥσπερ
619 4319 678 4370 ἐν
709 4319 822 4380 τοῖς
854 4316 1107 4388 θεάτροις
1141 4317 1360 4389 ὁρῶμεν
1402 4320 1528 4382 τοὺς
1559 4320 1775 4388 θαυμα-

193 4405 473 4470 τοποιοὺς,
504 4405 660 4475 δφεις
690 4404 1013 4459 καταπίνειν
1048 4408 1446 4477 φαντάζοντας,
1494 4414 1587 4463 καὶ
1619 4408 1769 4480 ξίφη,

1875 1949 1969 2005 Ille
1991 1959 2170 2004 autem
2202 1949 2362 2003 tertio
2388 1948 2524 2002 dixit
2559 1948 2626 2001 ad
2666 1948 2832 2005 illos:
2866 1946 3003 2014 Quid
3038 1948 3182 2002 enim
3218 1947 3343 2001 mali
3381 1946 3455 2000 it-

1874 2042 1948 2095 cit
1992 2040 2125 2095 hic?
2169 2038 2383 2093 Nullum
2419 2042 2624 2094 crimen
2667 2039 2895 2108 capitale
2944 2039 3225 2108 comperio
3268 2040 3437 2093 ineo.

1832 2154 1839 2157 -
1874 2130 2211 2202 Castigatum
2252 2143 2382 2198 ergo
2430 2129 2698 2184 dimittam
2741 2128 2909 2184 illum.
2945 2128 3016 2181 At
3059 2126 3134 2181 illi
3179 2129 3452 2183 instabant

1874 2223 2098 2278 vocibus
2153 2222 2366 2289 magnis
2412 2221 2746 2291 postulantes
2793 2229 2853 2274 ut
2893 2220 3342 2290 cruciﬁgeretur,
3389 2227 3448 2275 et

1875 2314 2282 2370 invalescebant
2320 2328 2480 2369 voces
2510 2329 2696 2368 eorum
2731 2326 2794 2367 ac
2822 2326 3157 2366 summorum
3193 2309 3451 2367 sacerdo-

1873 2414 2009 2459 tum.
2040 2404 2102 2460 Et
2125 2403 2331 2460 Pilatus
2355 2403 2682 2472 adiudicavit
2713 2412 2771 2456 ιιι
2800 2403 2955 2457 iteret
2989 2402 3129 2471 quod
3159 2400 3233 2455 illi
3267 2411 3453 2471 postu-

1873 2498 2076 2551 labant.
2111 2497 2328 2551 Dimisit
2373 2508 2553 2550 autem
2599 2496 2705 2549 illis
2739 2510 2860 2548 eum
2908 2494 2998 2564 qui
3045 2501 3263 2563 propter
3304 2494 3451 2548 sedi-

1877 2590 2074 2644 tionem
2098 2600 2150 2644 et
2176 2589 2526 2644 homicidium
2554 2586 2829 2654 conjectus
2862 2585 3037 2640 fuerat
3065 2584 3120 2638 in
3148 2598 3447 2648 carcerem,

1876 2695 2039 2749 quem
2070 2680 2496 2748 poposcerunt:
2544 2676 2727 2732 Jesum
2776 2690 2904 2730 vero
2954 2674 3172 2729 tradidit
3220 2673 3449 2729 arbitrio

1875 2786 2087 2827 eorum.
2126 2771 2190 2825 Et
2219 2785 2341 2824 cum
2373 2770 2728 2835 abducerent,
2763 2765 3240 2837 apprehenderqu
3270 2765 3450 2819 Simo-

1878 2878 1998 2917 nem
2043 2863 2332 2933 quemdam
2370 2859 2756 2931 Cyrenensem,
2794 2857 3103 2912 venientem
3135 2871 3166 2909 c
3193 2871 3318 2910 rure
3349 2872 3365 2911 :
3393 2864 3450 2910 et

1878 2956 2249 3023 imposuerunt
2290 2943 2365 3007 illi
2401 2966 2643 3018 crucem,
2680 2958 2739 3003 ιιι
2781 2958 3022 3018 portaret
3074 2957 3196 3018 post
3237 2946 3445 3003 Jesunt.

1881 3044 2218 3113 Sequebatur
2265 3055 2445 3096 autem
2496 3040 2647 3095 illum
2701 3039 2869 3094 multa
2933 3040 3087 3093 turba
3144 3038 3346 3108 populi,
3393 3046 3450 3092 ct

1884 3137 2171 3190 mulierum
2205 3150 2323 3203 quae
2348 3134 2670 3203 plangebant
2697 3140 2750 3185 et
2776 3131 3214 3187 lamentabantur
3243 3148 3385 3186 eum.
3423 3150 3442 3184 ι

1880 3228 2241 3282 Romanorum
2280 3220 2445 3296 legem
2490 3238 2723 3292 sequens
2778 3222 3002 3288 Pilatus,
3049 3223 3212 3278 mittit
3266 3223 3449 3279 Domi-

1879 3333 2005 3372 num
2034 3320 2101 3371 ad
2151 3316 2441 3372 llerodem.
2485 3316 2579 3371 Illa
2612 3316 2755 3371 enim
2787 3325 2941 3370 cavet
2979 3325 3035 3368 ut
3081 3316 3449 3384 unusquisque

1878 3427 1905 3463 a
1935 3409 2177 3479 principe
2201 3422 2314 3463 sua:
2344 3408 2579 3479 regionis
2606 3407 2919 3479 iudicetur:
2951 3407 3072 3461 ideo
3109 3416 3160 3460 et
3191 3416 3446 3477 tanquam

1875 3501 2153 3557 Galilzeum
2203 3500 2381 3556 Jesum
2428 3501 2595 3555 mittit
2643 3500 2869 3570 principi
2904 3498 3161 3554 Galilaeze.
3208 3497 3448 3553 Herodes

1875 3602 2052 3648 autem
2084 3596 2381 3666 gaudebat,
2424 3610 2526 3647 non
2575 3602 2632 3647 ut
2681 3594 2874 3648 anima:
2900 3608 3011 3647 suae
3044 3593 3176 3647 utile
3209 3592 3334 3661 quid
3365 3591 3449 3644 lu-

1876 3698 2119 3741 craretur
2147 3702 2211 3741 ex
2251 3686 2566 3757 spectaculo
2598 3683 2730 3740 Jesu
2767 3685 2923 3751 :_‘,sed
2949 3685 3076 3754 quia
3107 3686 3351 3739 audierat
3382 3684 3449 3738 de

1875 3796 1940 3834 eo
1974 3781 2115 3849 quod
2148 3780 2365 3849 sapiens
2411 3789 2578 3841 esset,
2618 3787 2671 3832 et
2703 3779 2837 3831 mira
2869 3792 3226 3845 operaretur,
3261 3776 3450 3830 habuit

1875 3877 2097 3927 Stultum
2163 3873 2515 3936 desiderium,
2563 3871 2818 3925 laborans
2868 3870 3205 3926 curiositatis
3255 3871 3447 3923 morbo

1873 3965 2035 4020 etiam
2072 3966 2188 4032 ipse
2212 3973 2269 4016 ut
2307 3964 2518 4017 videret
2546 3963 2782 4017 alienum
2815 3963 3113 4025 hominem,
3141 3968 3195 4015 et
3229 3960 3446 4013 audiret

1873 4056 2002 4125 quid
2032 4054 2122 4108 ille
2163 4054 2384 4109 diceret.
2419 4057 2611 4109 Annon
2658 4055 2820 4110 etiam
2869 4053 3027 4108 hodie
3070 4052 3225 4107 multi
3259 4052 3448 4105 morbo

1873 4146 1965 4200 illo
2013 4146 2305 4201 laborant?
2360 4145 2715 4201 Desiderabat
2765 4145 2907 4201 enim
2966 4154 3019 4197 et
3066 4144 3179 4213 ipse
3231 4142 3444 4213 signum
3485 4209 3489 4212 ν

1873 4237 2142 4305 quoddam
2184 4235 2370 4292 videre
2399 4251 2428 4289 ιι
2456 4235 2608 4301 Jesu,
2643 4252 2747 4291 non
2777 4247 2832 4289 ut
2860 4234 3024 4307 482
3051 4233 3319 4298 crederet,
3351 4233 3445 4288 sed

1874 4339 1935 4384 ut
1964 4328 2148 4384 oculos
2180 4328 2476 4383 oblectaret
2507 4340 2522 4381 :
2563 4331 2704 4382 sicut
2745 4329 2795 4380 in
2833 4325 3157 4396 Spectaculis
3199 4327 3447 4380 videmus

1873 4421 2297 4491 pt‘testigiatores
2329 4433 2592 4489 apparere
2638 4418 2728 4486 qui
2774 4417 3032 4471 devorent
3073 4425 3357 4484 serpentes
3390 4423 3449 4468 et

195 4497 295 4549 καὶ
330 4494 579 4558 τοιαῦτα,
612 4496 706 4548 καὶ⁵
734 4494 1110 4567 θαυμάζομεν.
1155 4496 1351 4567 Σχεδὸν
1385 4500 1493 4571 γὰρ
1525 4500 1772 4570 ἑνόμιζον

1879 4511 2104 4580 gladios,
2136 4526 2200 4564 ac
2248 4510 2440 4565 similis
2471 4546 2485 4572 ,
2544 4518 2599 4563 et
2654 4508 3008 4561 admiramur.
3058 4503 3242 4559 Talem
3298 4505 3446 4560 enim

198 4586 294 4640 τὸν
331 4585 544 4652 Ἰησοῦν
582 4581 990 4640 εἶναιτοιοῦτον
1024 4604 1164 4643 τινα.
1214 4589 1507 4659 Ἐπηρώτα
1529 4591 1586 4643 δὲ
1614 4593 1777 4645 αὐτὸν

198 4680 263 4731 εν
294 4676 473 4744 λόγοις
509 4678 739 4743 ἱκανοῖς,
772 4676 915 4730 οὕτω
945 4693 1061 4741 πως
1100 4681 1405 4750 εἰρωνικῶς
1433 4681 1570 4751 πρὸς
1613 4684 1777 4737 αὑτὸν

196 4766 570 4837 διακείμενος,
605 4771 700 4820 καὶ
727 4768 790 4821 τὸ
819 4768 942 4823 ὅλον
973 4768 1330 4843 μυκτηρίζων
1355 4771 1541 4827 αὐτόν.
1572 4774 1663 4825 Διὸ
1684 4778 1779 4827 καὶ

192 4858 228 4911 ὁ
265 4856 478 4927 Ἰησοῦς
533 4857 692 4911 οὐδὲν
741 4859 1119 4929 ἀποκρίνεται.
1184 4860 1307 4917 υίδι
1353 4866 1463 4934 γὰρ
1519 4863 1649 4917 πότε
1699 4865 1780 4918 δεῖ

195 4950 623 5019 ἀποκρίνασθαι,
646 4950 676 5003 δ
708 4951 887 5008 πάντα
914 4955 972 5007 ὲν
998 4953 1143 5023 λόγῳ
1175 4955 1426 5026 ποιήσας,
1450 4955 1544 5009 καὶ
1571 4973 1777 5027 μαρτυ-

199 5042 396 5113 mea;
439 5044 544 5097 ὑπὸ
570 5044 752 5112 Δαυῖδ,
802 5046 887 5101 ὅτι
935 5066 955 5100 ι
1012 5050 1373 5120 Οίκονομήσει
1417 5051 1547 5113 τοὺς
1588 5050 1779 5118 λόγους

199 5134 371 5189 αὐτοῦ
401 5138 460 5188 ὲν
488 5138 691 5208 κρίσει.
739 5157 759 5189 ι
798 5137 865 5192 Τί
891 5137 1000 5212 γὰρ
1029 5140 1112 5194 δεῖ
1154 5142 1545 5214 ἀποκρίνεσθαι
1590 5142 1668 5212 τῷ
1701 5142 1777 5213 μὴ

201 5227 484 5298 ἐρωτῶντι
504 5228 596 5283 διὰ
611 5231 672 5282 τὸ
697 5231 887 5300 μαθεῖν
913 5247 929 5297 ;
950 5230 1077 5286 τίδὲ
1096 5230 1177 5285 δεῖ
1198 5232 1413 5303 βάλλειν
1425 5234 1547 5297 τοὺς
1564 5249 1780 5304 μαργα-

202 5319 360 5389 ρίτας
389 5318 703 5390 ἔμπροσθεν
730 5322 839 5375 τῶν
870 5325 1107 5395 χοίρων;
1154 5324 1373 5380 Μᾶλλον
1422 5326 1519 5395 μὲν
1547 5322 1665 5393 οὖν,
1700 5325 1780 5388 ὡς

201 5411 302 5464 καὶ
328 5409 588 5482 ἀνωτέρω
602 5413 927 5483 εἰρήκαμεν,
957 5413 1367 5487 φιλανθρωπίας
1390 5416 1510 5469 ἐστὶ
1526 5417 1586 5469 τὸ
1614 5403 1775 5488 σιγᾷν

200 5504 261 5556 δν
314 5504 426 5565 τοῖς
452 5503 736 5567 τοιούτοις.
796 5504 855 5558 ὐ
906 5506 1017 5578 γὰρ
1069 5507 1253 5579 ῥηθεὶς
1293 5508 1448 5579 λόγος
1503 5511 1639 5583 πρὸς
1694 5509 1771 5577 τῷ

202 5593 374 5665 μηδὲν
405 5594 708 5667 ὠφελῆσαι,
738 5597 818 5652 ἔτι
849 5600 941 5654 καὶ
972 5601 1348 5674 κατακρίσεως
1374 5604 1627 5676 πρόξενος
1652 5607 1770 5658 ἐστι

273 5774 320 5806 ’⁸
345 5773 487 5829 l’sal.
520 5789 630 5841 cxi,
659 5776 712 5830 5.
993 5809 1009 5841 ,

1874 4601 2046 4655 ferme
2074 4596 2261 4653 Iesum
2293 4613 2415 4653 esse
2446 4599 2690 4667 putabat.
2717 4595 3285 4664 lnterrogahatautem
3318 4604 3443 4644 eum

1872 4690 2211 4746 sermonibus
2266 4689 2470 4752 multis,
2525 4698 2578 4741 et
2628 4687 2905 4741 illudeutis
2954 4697 3105 4737 more
3156 4680 3443 4744 tractabat,

1872 4793 2036 4850 atque
2080 4780 2134 4833 in
2167 4794 2377 4834 summa
2408 4779 2583 4847 ipsutn
2619 4778 3016 4842 subsannabat;
3052 4775 3172 4828 ideo
3195 4781 3250 4828 et
3280 4769 3445 4827 Iesus

1872 4873 2003 4927 nihil
2035 4872 2336 4939 respondit.
2369 4870 2539 4925 Scivit
2566 4870 2714 4925 enim
2745 4870 2962 4939 quando
2990 4862 3441 4934 respondendum,

1872 4963 2163 5031 omniaque
2208 4964 2423 5018 ratione
2474 4960 2632 5025 fecit,
2661 4971 2718 5016 et
2761 4960 3126 5016 testimonium
3161 4955 3371 5023 accepit
3412 4969 3445 5009 a

1878 5055 2047 5110 David
2098 5055 2241 5126 quod
2273 5056 2543 5124 dispenset
2576 5066 2855 5107 sermones
2881 5064 3007 5105 suos
3052 5048 3105 5103 in
3136 5046 3342 5118 judicio
3372 5047 3444 5099 “.

1877 5148 2013 5214 Quid
2045 5148 2191 5201 enim
2226 5145 2654 5215 respondendum
2683 5143 2756 5196 illi
2785 5143 2877 5211 qui
2919 5155 3024 5194 non
3060 5140 3356 5205 interrogat
3389 5143 3448 5190 ut

1879 5238 2097 5296 discat?
2143 5239 2281 5306 Quid
2321 5239 2448 5293 item
2490 5236 2797 5306 margaritae
2834 5232 3105 5287 mittendae
3150 5240 3278 5286 ante
3318 5243 3447 5300 por-

1879 5332 2014 5388 cos?
2046 5331 2162 5386 lmo
2208 5330 2454 5400 majoris,
2487 5326 2938 5398 quemadmodum
2983 5338 3146 5393 supra
3181 5322 3442 5389 diximus,

1881 5422 2267 5478 misericordia:
2313 5430 2397 5476 est
2442 5430 2623 5474 tacere
2664 5416 2804 5471 inter
2848 5414 3005 5471 tales.
3053 5414 3245 5468 Sermo
3296 5410 3443 5467 enim

1880 5516 2059 5571 dictus
2089 5525 2449 5584 praeterquam
2491 5510 2633 5580 quod
2667 5508 2799 5563 nihil
2849 5504 3086 5577 prodest,
3121 5507 3299 5561 adhuc
3329 5518 3444 5558 tua-

1878 5609 2010 5679 ioris
2050 5601 2515 5663 condemnationls
2547 5615 2709 5658 causa
2751 5613 2833 5656 est
2868 5601 2946 5655 eis
2992 5601 3083 5669 qui
3114 5613 3220 5653 non
3260 5606 3438 5682 atteno
