3932 6456
541 331 683 400 1095

1387 335 1964 397 ΤΠΕΟΡΠΥΙΛΟΤΙ
2015 338 2212 397 BUU‘.
2238 339 2423 398 \RI.E
2469 341 2820 402 ARCIIIEP.

3627 349 3746 414 itliil'i

537 461 693 502 itu-nt.
749 445 918 501 Pilato
973 460 1106 502 sane
1160 447 1459 515 respondit,
1513 449 1768 516 quoniam
1831 450 2106 516 aliquanto

2216 449 2462 518 μείζονος
2488 453 2599 512 τοῖς
2633 450 2708 521 μὴ
2734 448 3162 520 προσχοῦσιῧΐῷ
3192 450 3379 521 μέντοι
3405 454 3570 508 uase
3653 461 3756 516 ἐπεὶ

549 541 869 610 prudentior
917 549 1031 592 erat
1099 536 1328 598 "Cl'tltit‘,
1394 539 1602 592 etiamsi
1665 554 1770 592 non
1821 541 2106 593 admodum

537 641 741 698 aperte.
782 630 916 685 Cum
963 629 1107 685 enim
1141 631 1529 700 interrogasset
1563 630 1672 695 ille,
1736 649 1753 682 ι
1793 631 1870 683 'I'u
1916 647 1974 682 es
2020 646 2107 682 rex

533 722 890 778 Jutheorum?
939 743 957 775 ι
1008 725 1136 792 quid
1189 723 1318 777 dicit
1366 723 1658 777 Dominus?
1689 742 1706 773 ι
1745 722 1824 776 Tu
1873 724 2028 776 dicis.
2088 742 2106 774 ι

537 813 649 867 Iloc
687 824 864 866 autem
915 813 1147 868 nit-dium
1197 813 1594 882 quodatmnodo
1649 828 1866 867 sensum
1927 814 2110 865 habet.

536 903 722 958 Potest
761 904 903 957 enim
961 902 1210 964 intelligi.
1254 901 1388 956 Vi-re
1439 916 1536 968 ego
1569 917 1708 962 smn,
1759 910 1810 954 tu
1843 899 2025 953 dixisti
2061 900 2108 952 id

533 999 676 1066 quod
716 1007 834 1062 est;
881 1003 935 1048 et
971 994 1126 1046 aliter
1177 994 1396 1061 intelligi
1433 1003 1630 1060 potest,
1671 993 1778 1060 Ego
1816 1009 1918 1044 non
1967 992 2112 1054 dico,

535 1098 590 1141 tu
619 1087 773 1151 dicis,
800 1095 1118 1154 potestatem
1153 1085 1315 1137 habes
1340 1096 1392 1137 et
1430 1083 1564 1136 dicis
1587 1085 1685 1150 (a).
1710 1081 1903 1136 Herodi
1932 1093 2112 1134 autem

540 1195 763 1248 prorsus
796 1178 923 1230 nihil
956 1178 1251 1244 respondit,
1282 1177 1717 1245 quandoquidem
1754 1177 1938 1230 illusor
1971 1185 2110 1228 erat.

536 1271 600 1325 Et
635 1286 755 1322 vere
785 1269 1078 1323 secundum
1115 1267 1304 1322 Isaiam
1332 1268 1522 1321 semini
1552 1267 1712 1327 malo,
1745 1267 1865 1320 [iliis
1895 1267 2112 1334 iniquis,

544 1363 625 1414 his
652 1361 743 1430 qui
783 1371 909 1414 tunc
937 1369 1114 1424 erant,
1149 1359 1386 1430 inquam,
1409 1356 1612 1413 Judmis
1635 1360 1798 1413 etiam
1826 1369 2114 1413 exactores

538 1462 712 1514 t't‘ttlll,
749 1451 1115 1520 oppritnentes
1160 1465 1286 1512 eos,
1325 1459 1379 1503 et
1412 1447 1658 1503 illusores
1701 1449 2116 1502 dominabantur

539 1563 567 1596 (ι
593 1560 636 1598 s.
679 1545 808 1596 Nam
849 1540 1088 1595 iri‘isoria
1125 1552 1304 1594 mente
1338 1551 1390 1595 et
1431 1539 1655 1594 ridicttla
1694 1539 1994 1592 intentione
2029 1537 2116 1592 Je-

541 1653 657 1688 Slllll
693 1638 875 1688 videre
899 1634 1334 1701 concupiscebat,
1353 1643 1406 1686 ct
1433 1633 1644 1702 signqu
1671 1632 1737 1684 ab
1759 1645 1824 1684 eo
1841 1642 2114 1700 spectare.

541 1725 606 1779 Et
647 1728 747 1780 hoc
780 1726 962 1778 animo
995 1723 1342 1790 interrogavit
1375 1736 1518 1788 eum,
1568 1732 1730 1791 atque
1761 1720 1862 1776 hoc
1898 1723 2112 1774 tandem

2215 542 2722 611 εὐγνωμονέστερος
2755 537 2822 612 ἦν
2865 541 3129 610 Ἡρώδου,
3163 545 3541 610 άποκρί-.εται,
3577 548 3669 598 κᾶν
3694 555 3754 620 μὴ

2215 633 2355 682 πάνυ
2391 632 2598 700 σαφῶς.
2646 632 3050 699 Ἐρωτήσαντος
3083 633 3195 701 γὰρ
3230 637 3464 697 ἐκείνου,
3512 656 3531 688 ι
3584 640 3651 691 Σὺ
3677 638 3760 695 aia

2216 721 2469 791 βασιλεὺς
2518 722 2626 774 τῶν
2672 722 2985 789 Ἰουδαίωνς
3045 744 3062 774 ι
3126 726 3179 775 τί
3245 743 3411 794 φησιν
3463 731 3490 780 ὁ
3546 729 3758 800 Κύριοςς

2219 829 2237 861 t
2277 811 2348 864 Σὺ
2373 811 2431 863 λὲ
2448 829 2575 878 ἵεις.
2603 831 2619 862 ι
2650 811 2830 864 Τοῦτο
2859 813 2913 865 δὲ
2939 814 3112 883 μέσην
3135 832 3250 878 πως
3267 815 3382 885 ἔχει
3404 818 3500 886 τὴν
3526 819 3757 874 διάνοιαν.

2214 906 2448 960 Δύναται
2484 909 2593 977 γὰρ
2623 910 2878 978 νοηθῆναι
2931 910 3046 971 καὶ,
3087 910 3170 962 ὅτι
3217 911 3457 979 Ἀληθῶς
3497 913 3608 978 ἐγὼ
3646 918 3760 981 είμι,

2218 1001 2282 1053 σὺ
2319 1001 2378 1055 to
2409 1002 2470 1055 ὃν
2499 998 2657 1061 εἴπας
2681 1019 2696 1032 ·
2728 1003 2954 1055 δύναται
2980 1003 3035 1055 δὲ
3063 1002 3158 1056 καὶ
3187 1002 3389 1064 ἄλλως.
3421 1005 3503 1056 ὅτι
3549 1005 3684 1070 Ἐγὼ
3714 1010 3761 1059 οὐ

2216 1091 2381 1160 λέγω,
2413 1094 2476 1146 σὺ
2501 1095 2703 1160 λέγεις,
2737 1093 2987 1157 ἐξουσίαν
3030 1097 3170 1165 ἔχεις
3201 1098 3292 1149 καὶ
3321 1097 3522 1159 λέγεις.
3576 1097 3761 1169 Ἡρώδῃ

2216 1181 2273 1232 δὲ
2300 1182 2407 1234 οὐδ’
2434 1184 2683 1235 ὁπωσοῦν
2716 1185 3093 1252 ἀποκρίνεται,
3137 1181 3224 1240 οἷα
3251 1188 3313 1239 τὸ
3351 1188 3474 1240 ὅλον
3513 1190 3765 1262 ὲμπαίπιτη

2215 1271 2349 1326 δντι.
2388 1273 2496 1325 Καὶ
2535 1274 2642 1341 γὰρ
2673 1275 2867 1354 ὅντως,
2901 1277 3046 1328 κατὰ
3093 1277 3188 1330 τὸν
3229 1278 3477 1344 Ἡσαΐαν,
3510 1279 3589 1348 τῷ
3628 1282 3769 1351 σπέρο

2221 1378 2351 1430 ματι
2377 1363 2453 1432 τῷ
2483 1364 2731 1433 πονηρῷ,
2760 1367 2870 1426 τοῖς
2901 1367 3037 1428 υἱοῖς
3068 1371 3181 1430 τοῖς
3216 1369 3461 1438 ἀνόμοις,
3493 1373 3607 1430 τοῖς
3644 1373 3764 1432 τότε,

2217 1451 2380 1520 λέγω,
2429 1451 2702 1517 Ἰουδαίοις
2735 1457 2828 1509 καὶ
2862 1458 3173 1528 πράκτορες
3217 1455 3358 1529 ἦσαν
3404 1460 3768 1528 καλαμὼμενοι

2218 1542 2437 1605 αὐτοὺς,
2485 1543 2581 1595 καί
2627 1545 2930 1613 ἐμπαῖκται
2964 1545 3312 1615 κυριεύοντες
3355 1550 3560 1603 αὐτῶν.
3589 1550 3767 1605 Ὀτιδέ

2219 1631 2312 1684 καὶ
2332 1631 2562 1703 τοιούτῳ
2595 1633 2783 1705 σκοπῷ
2806 1637 3081 1706 παικτικῷ
3111 1641 3203 1690 καὶ
3230 1639 3510 1705 γελοιιὲιδει
3532 1642 3767 1713 ἐπθὺμει

2223 1723 2352 1776 ίδεῖν
2386 1723 2476 1776 τδν
2516 1722 2745 1794 Ἰησοῦν,
2780 1725 2874 1777 καὶ
2911 1729 3138 1795 σημεῖον
3169 1728 3230 1792 ἐξ
3276 1728 3443 1781 αὑτοῦ
3473 1729 3765 1796 θεάσασθαι,

537 1839 817 1897 indicavit,
851 1837 995 1890 illum
1029 1844 1399 1901 contemptura
1433 1839 1488 1886 et
1525 1831 1743 1887 irrisum
1777 1831 2058 1887 dimittens
2095 1870 2111 1896 ,

2219 1815 2312 1868 καὶ
2343 1788 2799 1888 τοιαύτηγνώμῃ
3078 1788 3261 1884 αὑτὸν,
3303 1820 3474 1884 ἔδειξε
3519 1820 3580 1872 τὸ
3621 1788 3766 1880 τέλοῖξ

535 1939 588 1984 et
617 1945 720 1981 non
747 1929 860 1996 ipse
891 1925 1089 1989 solum,
1125 1925 1217 1979 sed
1247 1925 1409 1979 etiam
1432 1924 1610 1978 omnis
1643 1923 1918 1977 exercitus
1946 1922 2064 1992 ejus
2097 1941 2111 1977 :

539 2021 630 2088 qui
676 2031 868 2087 pra-ter
907 2025 1099 2072 cratera
1138 2016 1372 2071 convitia
1413 2014 1588 2068 induit
1629 2030 1751 2068 eum
1789 2023 1937 2068 veste
1985 2030 2115 2068 can-

535 2109 682 2167 dida,
718 2107 1031 2174 remisitque
1071 2107 1136 2160 ad
1185 2104 1436 2158 Pilatum.
1475 2103 1553 2156 Tu
1596 2114 1776 2158 autem
1813 2104 1932 2158 vide
1978 2120 2114 2173 quo-

541 2201 699 2254 modo
727 2213 817 2266 per
841 2198 1020 2252 omnia
1048 2212 1166 2265 qua-
1199 2196 1348 2259 facit,
1377 2196 1621 2250 diabolus
1645 2197 1888 2250 irretitur
1907 2208 1956 2252 et
1987 2215 2114 2252 con-

539 2293 842 2357 stringitur.
887 2288 1100 2341 Excitat
1135 2288 1277 2342 enim
1308 2287 1600 2356 opprobria
1633 2297 1688 2341 et
1711 2291 1946 2342 convitia
1979 2304 2114 2344 con-

535 2392 616 2436 tra
669 2381 979 2440 Christum,
1030 2389 1085 2432 et
1140 2377 1262 2430 inde
1315 2378 1514 2430 veritas
1555 2379 1726 2447 magis
1783 2379 2108 2433 declaratur.

536 2473 672 2529 Nam
717 2475 866 2527 hisce
904 2469 1245 2524 irrisionibus
1285 2469 1628 2522 manifestius
1667 2479 1934 2524 testantur
1971 2475 2112 2540 quo-.i

536 2566 800 2621 Daminus
827 2579 930 2618 non
970 2564 1130 2616 fuerit
1163 2561 1456 2618 seditiosus
1491 2562 1572 2616 vel
1607 2562 1839 2616 rebellis.
1875 2563 1931 2616 Si
1964 2566 2109 2618 cnim

540 2656 662 2710 talis
701 2656 913 2716 fuisset,
959 2655 1269 2719 neutiquam
1311 2653 1458 2706 hisce
1505 2650 1758 2705 ludibriis
1794 2653 2108 2718 illusissent,

535 2748 773 2803 excitato
800 2754 944 2799 tanto
987 2745 1244 2810 periculo,
1283 2755 1336 2796 et
1392 2743 1662 2797 seditione
1701 2745 1867 2796 totius
1907 2747 2110 2814 gentis,

537 2839 836 2910 praesertim
868 2846 1030 2890 tant-.e
1086 2847 1140 2890 et
1180 2846 1285 2888 tam
1317 2846 1603 2903 suspecta»,
1638 2844 1690 2887 ct
1722 2845 1924 2887 tantum
1965 2837 2114 2888 novi-

536 2945 645 2987 tate
677 2948 854 2985 rerum
882 2929 1186 3000 gand-ntis.
1219 2926 1366 2981 Facti
1399 2937 1522 2980 sunt
1555 2937 1733 2979 autem
1768 2928 1924 2979 amici
1963 2927 2109 2979 Pila-

539 3034 625 3078 tus
655 3033 707 3077 t-t
747 3023 1004 3075 llcrodes.
1036 3019 1230 3074 llerodi
1265 3021 1410 3072 enim
1447 3029 1824 3086 argmnentunt
1859 3019 2112 3072 amicitia:

538 3114 638 3168 fuit
671 3125 725 3167 et
761 3113 995 3171 initium,
1031 3112 1170 3179 quod
1212 3128 1237 3161 a
1278 3107 1450 3162 l’ilato
1487 3110 1551 3161 ad
1602 3124 1660 3161 se
1708 3109 1904 3162 inisSns
1945 3120 2108 3171 esset,
2142 3133 2182 3186 ρ

539 3209 690 3276 quasi
737 3206 938 3258 Pilatus
984 3221 1086 3256 non
1135 3203 1435 3257 vindiearet
1483 3201 1586 3256 sibi
1617 3203 1794 3270 aliqua
1839 3201 2111 3269 privilegia

543 3299 603 3352 llo
626 3298 791 3352 rudis.
819 3296 1199 3350 Verumtamen
1242 3296 1366 3348 vide
1400 3309 1560 3363 quam
1592 3295 1953 3363 discrepantia
1981 3310 2110 3348 con-

541 3399 726 3457 gregat
765 3387 1031 3448 diabolus,
1067 3386 1239 3439 solum
1288 3393 1344 3438 ut
1375 3383 1598 3438 Christo
1635 3395 1863 3437 mortem
1905 3399 2113 3453 praspa-

541 3490 642 3532 ret.
679 3479 731 3532 In
771 3492 929 3532 unam
974 3478 1116 3530 enim
1153 3475 1609 3546 conspirationem
1644 3475 1859 3542 copulat
1897 3489 1950 3529 et
1981 3492 2113 3530 con-

539 3571 690 3623 ciliat
758 3568 1028 3621 inimicos.
1101 3567 1214 3619 Non
1279 3565 1668 3619 confundimur
1735 3565 1901 3634 igitur
1971 3580 2111 3626 nos,

534 3661 796 3730 siquidem
831 3660 918 3714 ille
941 3660 1186 3712 inimicos
1219 3658 1469 3726 pacilicat
1493 3666 1548 3708 ut
1580 3656 1851 3709 Christum
1882 3659 2111 3723 occidat,

543 3768 643 3807 nos
683 3760 905 3821 propter
953 3751 1182 3803 salutem
1219 3759 1456 3802 nostram
1497 3764 1667 3816 neque
1709 3747 1874 3820 483
1911 3752 2115 3805 amicos

536 3859 816 3899 servamus
858 3845 912 3896 in
964 3842 1174 3906 oﬂicio;
1243 3841 1530 3907 Postquam
1565 3852 1742 3893 autem
1794 3845 1991 3895 missus
2033 3856 2114 3894 est

537 3936 730 3996 Pilato.
769 3935 891 3988 vide
947 3933 1217 4002 quomodo
1283 3933 1476 3985 iterum
1539 3930 1797 4000 refulgeat
1848 3934 2105 3986 veritas:

535 4025 822 4080 Obtulistis
878 4026 1042 4088 mihi,
1109 4025 1281 4093 inquit
1331 4021 1572 4088 Pilatus,
1649 4023 1918 4078 hominem
1974 4027 2114 4081 hunc

537 4127 593 4172 ut
657 4120 1056 4171 subvertentem
1135 4115 1410 4186 populum,
1469 4127 1523 4168 et
1584 4115 1713 4169 nihil
1787 4127 1959 4170 nzorte
2033 4117 2115 4170 di-

535 4224 698 4276 gnum
749 4209 800 4262 in
859 4224 924 4262 eo
969 4209 1184 4263 invenio
1217 4225 1232 4261 :
1264 4209 1376 4264 .sed
1422 4222 1595 4275 neque
1641 4205 1898 4264 llerodes.
1950 4206 2114 4264 Vides

534 4303 758 4354 duorum
789 4300 1086 4365 hominum,
1111 4316 1342 4370 quorum
1387 4300 1524 4354 alter
1564 4316 1786 4369 praeses,
1812 4301 1948 4356 alter
1990 4317 2106 4367 rex,

538 4391 902 4444 testimonium
963 4393 1184 4446 omnino
1243 4392 1464 4445 verum?
1493 4391 1678 4460 Neque
1741 4407 1860 4461 ego,
1910 4395 2107 4464 inquit,

2230 1905 2622 1978 Ἐξουθενήσας
2672 1908 2778 1978 γάρ
2810 1908 2998 1973 αὑτὸν,
3045 1912 3138 1962 καὶ
3168 1912 3469 1980 ἐμπαίξας,
3515 1912 3766 1966 ἀπέλυσε·

2217 1999 2314 2049 καὶ
2371 1997 2471 2050 οὐκ
2510 2000 2672 2061 αὐτὸς
2725 2000 2908 2066 μόνος,
2962 2000 3098 2054 ἀλλά
3137 2007 3230 2056 καὶ
3280 2003 3352 2056 τὰ
3405 2003 3769 2074 στρατεύματα

2216 2091 2406 2156 αὑτοῦ,
2457 2090 2486 2142 ὃ
2542 2091 2721 2160 πάσης
2781 2091 2994 2162 ὕϐρεως
3048 2093 3335 2146 ἐπέκειναο
3395 2093 3768 2161 περιδαλὼνδὲ

2216 2184 2419 2252 ἐσθῆτα
2457 2183 2738 2253 λαμπρὰν,
2771 2183 3020 2253 ἔπεμψεν
3047 2184 3208 2238 αὐτὸν
3235 2185 3313 2254 τῷ
3353 2185 3589 2255 Πιλάτῳ.
3631 2185 3695 2237 Σὺ
3721 2186 3765 2237 δέ

2219 2293 2310 2345 μοι
2341 2276 2442 2345 ὅρα
2475 2275 2750 2345 πανταχοῦ
2783 2275 2853 2328 δι’
2886 2270 2960 2329 ὦν
2997 2279 3159 2338 ποιεῖ,
3200 2276 3667 2345 συμποδιζδμενον
3692 2278 3766 2330 τὸν

2214 2368 2480 2423 διάϐολον.
2519 2370 2668 2421 Ποιεῖ
2694 2369 2803 2438 γὰρ
2834 2370 2959 2432 τοὺς
2989 2371 3338 2440 ὲμπαιγμοὺς
3360 2373 3456 2424 καὶ
3485 2371 3578 2435 τὰς
3607 2372 3767 2442 ὕϐρεις

2215 2460 2419 2522 ταύτας
2450 2461 2591 2512 κατά
2617 2460 2881 2531 Χριστοῦ,
2911 2460 3189 2514 δείκνυται
3222 2461 3280 2514 δὲ
3318 2463 3519 2530 μᾶλλον
3545 2463 3764 2517 ἐντεῦθεν

2217 2554 2249 2621 ἡ
2281 2553 2524 2621 ἀλήθεια.
2555 2554 2632 2605 Δι’
2659 2547 2734 2606 ὧν
2771 2556 2879 2623 γὰρ
2914 2553 3219 2617 παίζουσιν,
3253 2555 3614 2624 ἀριδηλότατα
3644 2574 3759 2624 μαρ-

2215 2644 2489 2714 τυροῦσιν,
2517 2645 2592 2708 ὡς
2617 2644 2678 2697 οὐ
2710 2645 3042 2716 στασιαστὴς
3069 2645 3164 2698 καὶ
3194 2647 3468 2715 άντάρτης
3510 2649 3540 2699 ὀ
3567 2650 3760 2717 Κύριος.

2217 2736 2276 2787 Εἰ
2310 2736 2420 2806 γὰρ
2482 2735 2720 2798 τοιοῦτος
2767 2732 2855 2806 ἦν,
2903 2739 3005 2790 οὐκ
3053 2737 3118 2790 ἂν
3173 2737 3422 2803 ἔπαιζον,
3475 2739 3760 2808 τηλικοῦτον

2214 2828 2600 2896 ἐπηρτημένου
2649 2827 2916 2892 κινδύνου,
2951 2829 3046 2882 καὶ
3077 2831 3499 2892 ἐπαναστάσεως
3546 2834 3662 2884 ὅλου
3689 2833 3760 2884 τοῦ

2215 2917 2403 2981 ἔθνους
2427 2919 2900 2990 ὑποπτευομένης,
2919 2921 3016 2974 καὶ
3036 2921 3210 2974 ταῦτα
3234 2922 3559 2992 τηλικούτου
3579 2925 3760 2985 ἑθνοκ.

2215 3010 2310 3061 καὶ
2339 3008 2483 3062 οὕτω
2524 3013 2642 3071 ταῖς
2688 3012 3062 3080 καινοτομίαις
3094 3014 3398 3083 χαίροντος.
3440 3033 3458 3064 t
3520 3015 3762 3080 Ἐγένοντο

2216 3101 2294 3164 δὲ,
2333 3103 2489 3169 φησὶ,
2535 3102 2676 3169 φίλοι
2725 3103 2752 3155 ὃ
2786 3120 2842 3155 τε
2897 3104 3125 3165 Πιλάτος
3158 3107 3250 3157 καὶ
3279 3107 3308 3157 ὁ
3352 3104 3620 3176 Ἡρώδης.
3655 3128 3669 3156 υ
3705 3109 3761 3159 Τὸ

2220 3197 2327 3265 γὰρ
2357 3195 2445 3246 τὸν
2502 3193 2863 3262 ὑποκείμενον
2924 3195 3000 3265 τῷ
3060 3195 3275 3266 Ἡρώδῃ
3322 3196 3634 3266 πεμτρθῆναι
3679 3198 3763 3248 ὑπὸ

2220 3287 2452 3340 Πιλάτου
2499 3287 2635 3354 πρὸς
2685 3285 2868 3346 αὐτὸν,
2920 3287 3062 3358 ἀρχὴ
3121 3289 3304 3356 φιλίας
3357 3289 3558 3352 ἔδοξεν,
3605 3289 3672 3348 ὡς
3701 3293 3760 3356 μὴ

2220 3377 2675 3448 σφετεριζομένου
2697 3379 2790 3430 τοῦ
2833 3380 3064 3431 Πιλάτου
3089 3381 3158 3431 τά
3188 3380 3460 3448 προνόμια
3490 3381 3575 3432 τοῦ
3614 3380 3763 3450 Ἡρώ-

2217 3471 2329 3523 δου.
2368 3470 2511 3538 Πλὴν
2535 3471 2634 3536 δρα
2659 3470 2938 3540 πανταχοῦ
2969 3473 3064 3524 καὶ
3085 3473 3153 3525 τά
3178 3473 3446 3527 διεστῶτα
3488 3474 3756 3540 συνάγοντα

2215 3561 2308 3614 τὸν
2339 3562 2608 3620 διάϐολον,
2645 3563 2730 3614 ἵνα
2762 3563 2924 3630 μόνον
2947 3564 3022 3633 τῷ
3063 3565 3284 3634 Χριστῷ
3318 3568 3559 3637 σκευάσῃ
3579 3568 3660 3619 τὸν
3679 3567 3757 3618 01'-

2218 3670 2398 3715 νατον,
2452 3653 2544 3706 καὶ
2587 3652 2717 3720 μίαν
2751 3653 3060 3721 σύμπνοιαν
3089 3657 3511 3724 συγκροτοῦντα,
3542 3661 3627 3710 καὶ
3656 3660 3759 3719 τοὺς

2218 3743 2445 3813 ἐχθροὺς
2484 3742 2786 3812 φιλιοῦντα.
2839 3747 2951 3797 Οὐκ
3014 3746 3385 3816 αἰσχυνόμεθα
3459 3745 3551 3802 οῦν
3603 3752 3756 3818 ἡμεῖς,

2216 3837 2332 3902 εἴγε
2351 3838 2536 3889 τούτου
2553 3837 2782 3897 καὶτοὺς
2800 3837 3027 3906 ἐχθροὺς
3041 3840 3435 3909 εἰρηνεύοντος,
3456 3842 3542 3894 ῖνα
3557 3843 3759 3912 Χριστὸν

2217 3927 2535 3998 ἀποκτείνῃ,
2571 3931 2733 3998 ἡμεῖς
2770 3929 2868 3981 διὰ
2906 3929 3001 3998 τὴν
3027 3930 3184 3999 ἡμῶν
3219 3933 3513 4002 σωτηρίαν,
3539 3935 3650 3986 οὐδὲ
3676 3935 3759 3985 κᾶν

2215 4021 2340 4083 τοὺς
2394 4021 2580 4089 φίλους
2622 4023 2680 4072 ἐν
2733 4025 2797 4091 τῇ
2840 4021 2974 4091 πρὸς
3017 4024 3179 4091 ’ἡμᾶς
3230 4023 3384 4094 φιλία
3443 4029 3755 4094 τηρήσομεν;

2229 4114 2383 4167 Ἐπεὶ
2437 4113 2493 4166 δὲ
2555 4114 2880 4184 ἀνεπέμφθη
2939 4114 3103 4168 πάλιν
3153 4116 3232 4186 τῷ
3282 4115 3540 4186 Πιλάτῳ,
3596 4117 3755 4168 σκόπει

2218 4207 2384 4260 πάλιν
2456 4207 2554 4277 τὴν
2611 4207 2872 4276 ἀλήθειαν
2947 4206 3290 4275 λάμπουσαν.
3373 4209 3753 4280 Προσηνέγκατέ

2221 4317 2333 4369 μοι,
2367 4299 2533 4367 φησὶν
2595 4300 2624 4351 δ
2681 4298 2932 4363 Πιλᾶτος,
2986 4300 3077 4352 τὸν
3130 4299 3416 4369 ἄνθρωπον
3468 4302 3646 4354 τοῦτον
3694 4301 3754 4358 ὡς

2216 4389 2612 4458 διαστρέφοντα
2659 4391 2749 4442 τὸν
2811 4391 2960 4454 λαὸν,
2989 4392 3083 4445 καὶ
3108 4391 3261 4445 οὐδὲν
3289 4391 3442 4455 ἀξιον
3472 4393 3683 4447 θανάτου
3705 4395 3750 4442 ἐν

532 4497 711 4552 neque
743 4497 832 4536 rex
871 4481 1107 4537 Herodes
1136 4483 1440 4537 invenimus
1479 4483 1640 4537 ullam
1685 4499 1902 4538 causam
1937 4485 1988 4538 in
2015 4499 2099 4541 eo.

2216 4481 2387 4552 τούτῳ
2441 4483 2716 4550 εὑρίσκω’
2782 4481 2896 4534 ἀλλ’
2934 4482 3056 4534 οὐδὲ
3111 4481 3375 4552 Ἡρώδης.
3439 4483 3633 4553 Ὀρᾷςς
3676 4483 3745 4534 δύο

533 4575 672 4642 Quid
691 4575 870 4630 dicent
889 4573 954 4628 ad
975 4576 1086 4630 hac
1100 4574 1305 4629 Judaei?
1326 4573 1541 4629 Judices
1560 4576 1660 4644 ipsi
1683 4585 1946 4630 testantur
1965 4577 2110 4646 quod

534 4667 688 4734 culpa
707 4675 890 4720 careat
914 4668 1094 4730 homo,
1121 4677 1171 4722 et
1202 4682 1299 4722 vos
1320 4681 1641 4721 accusantes
1667 4668 1866 4720 nullum
1889 4669 2113 4723 adduci.

535 4759 605 4813 tis
631 4759 1021 4813 testimonimu.
1042 4761 1248 4826 Quibus
1276 4761 1644 4816 credendum?
1671 4758 1743 4813 Pa
1754 4776 1832 4828 pa:
1853 4761 1866 4814 Ι
1885 4777 2111 4827 quatuo-

533 4851 604 4905 do
641 4851 807 4903 vincit
835 4851 1064 4904 veritas?
1092 4851 1254 4904 Tacet
1293 4850 1470 4911 .It-sus.
1506 4863 1561 4906 et
1602 4852 1969 4904 testiﬁcantur
2013 4867 2108 4919 pro

535 4957 600 4997 co
625 4942 849 4996 inimici.
895 4943 1144 4998 Clamant
1193 4941 1386 5008 Juda'i,
1427 4956 1482 4996 ct
1539 4960 1696 4998 nemo
1751 4941 2110 5011 adstipulatur

535 5050 720 5089 corum
771 5035 1119 5090 clamoribus.
1171 5034 1358 5089 Molior
1418 5047 1596 5089 autem
1647 5045 1762 5089 erat
1812 5033 2033 5097 Pilatus,
2063 5045 2116 5088 ct

539 5127 757 5182 minime
783 5143 881 5196 pro
904 5127 1131 5180 veritate
1156 5139 1432 5182 constans.
1455 5127 1701 5180 Tinichat
1732 5127 1874 5179 enim
1905 5127 2117 5179 calum-

537 5219 704 5284 niam,
752 5235 818 5273 ne
871 5231 1214 5274 accusaretur
1266 5219 1407 5287 quod
1460 5218 1716 5272 rebellem
1762 5216 2112 5272 absolvissrt.

534 5307 650 5362 Non
680 5312 825 5364 enim
854 5312 1042 5366 didicit
1067 5329 1080 5365 :
1111 5311 1398 5365 Terrorem
1425 5320 1666 5364 Vestrum
1698 5324 1763 5362 ne
1792 5310 2099 5370 timeamus,

535 5403 630 5457 sed
676 5401 934 5458 Dominus
982 5405 1095 5472 ipse
1148 5403 1279 5457 mihi
1318 5402 1422 5456 erit
1471 5403 1651 5455 timor.
1700 5419 1718 5452 t
1755 5399 2110 5467 Castigatuin,

536 5499 728 5568 inquit,
750 5497 1039 5562 dimittam,
1071 5518 1088 5549 ι
1128 5498 1230 5552 hoc
1258 5509 1364 5562 est,
1387 5497 1728 5552 emendatqu
1761 5511 1856 5565 per
1878 5495 2106 5566 ﬂagella.

537 5591 767 5645 Necesse
799 5601 981 5643 autem
1019 5590 1287 5645 habebant
1326 5590 1553 5644 Romani
1585 5603 1678 5660 per
1718 5587 1859 5643 diem
1911 5587 2107 5642 festum

2217 4572 2542 4643 ἀνθρώπων,
2593 4573 2688 4626 καὶ
2744 4571 2918 4626 ταῦτα
2976 4573 3069 4626 τοῦ
3121 4574 3219 4643 μὲν
3268 4574 3556 4642 ἡγεμόνος,
3587 4572 3668 4626 τοῦ
3705 4573 3748 4624 δὲ

2216 4669 2500 4740 βασιλέως,
2541 4671 2572 4739 ἡ
2613 4672 2891 4740 μαρτυρία
2941 4669 3162 4732 πάντως
3209 4669 3436 4740 ἀληθής.
3480 4669 3599 4721 οὕτ⁸
3642 4668 3744 4733 ἐγὼ,

2217 4761 2403 4832 φησὶν,
2451 4761 2575 4814 οῦτε
2620 4764 2648 4815 ὁ
2679 4760 2932 4831 βασιλεὺς
2969 4761 3214 4831 Ἡρώδης
3263 4761 3498 4831 εὕρομεν
3531 4763 3683 4813 αἴτιόν
3709 4777 3748 4810 ιι

2216 4857 2273 4908 ἐν
2306 4853 2474 4923 αὐτῷ.
2505 4853 2572 4906 Τί
2602 4855 2833 4924 φήσουσι
2887 4853 3022 4923 πρὸς
3062 4862 3236 4909 ταῦτα
3283 4856 3332 4907 οί
3376 4855 3653 4919 Ἰουδαίοις
3699 4853 3745 4904 0i

2214 4945 2398 5016 κριταὶ
2427 4945 2581 4998 αὐτοὶ
2615 4945 3005 5015 μαρτυροῦσιν,
3041 4946 3121 4998 ὃτι
3156 4945 3439 5020 ἀναίτιοςὸ
3470 4945 3748 5016 ἄνθρωπος’

2211 5036 2367 5106 ὑμεῖς
2413 5037 2950 5105 οἱκατηγοροῦντες,
2977 5036 3171 5089 οὐδένα
3218 5037 3476 5107 μάρτυρα
3530 5038 3745 5106 παρηγά-

2212 5144 2372 5196 γετε’
2408 5129 2517 5180 τίσι
2545 5127 2626 5180 δεῖ
2674 5126 2984 5192 πιστεύεινς
3011 5127 3216 5182 Βαὸαίί
3247 5129 3361 5191 πῶς
3402 5131 3528 5198 νικᾷ
3571 5131 3600 5198 η
3642 5127 3748 5193 ἀλή-

2213 5220 2332 5273 θεια
2360 5220 2374 5275 ί
2411 5221 2601 5290 Σιωπᾴ
2667 5217 2890 5289 Ἰησοῦς,
2927 5220 3021 5272 καὶ
3054 5220 3422 5292 μαρτυροῦσιν
3449 5222 3582 5289 ὑπὲρ
3610 5214 3744 5271 αὑτοῦ

2211 5311 2263 5364 οί
2317 5311 2550 5381 ἐχθροί·
2599 5309 2793 5380 βοῶσιν
2833 5312 2882 5363 ot
2950 5311 3214 5373 Ἰουδαῖοι,
3244 5313 3338 5365 καὶ
3382 5313 3550 5372 οὐδεὶς
3587 5314 3613 5363 ὀ
3651 5313 3744 5369 ταῖς

2211 5397 2361 5468 βοαῖς
2399 5398 2810 5469 ἐπιμαρτυρῶν.
2835 5399 3092 5463 Μαλακὸς
3122 5401 3178 5452 δέ
3217 5416 3302 5465 τις
3331 5405 3360 5454 δ
3404 5403 3637 5463 Πιλᾶτος,
3669 5400 3744 5450 καὶ

2208 5489 2408 5559 ἥκιστα
2455 5489 2597 5561 ὑπὲρ
2634 5491 2892 5562 ἀληθείας
2937 5493 3274 5556 ἐνστατικος.
3332 5495 3603 5547 Ἐδεδοίκει
3649 5493 3736 5556 γὰρ

2208 5583 2306 5654 τὴν
2341 5583 2733 5652 συκοφαντίαν,
2768 5583 2964 5652 μήπως
2990 5584 3273 5656 διαϐληθῇ,
3301 5587 3376 5650 ὡς
3396 5589 3484 5639 τὸν
3510 5588 3741 5652 magna

602 5772 679 5836 (τι)
727 5770 779 5822 In
827 5771 946 5824 Ed'rt
1009 5767 1128 5826 Lut.
1185 5771 1398 5837 desunt,
1459 5779 1766 5841 potestatem
1818 5771 1994 5832 habes,
2046 5777 2096 5820 et
2132 5769 2288 5822 dicis.
