3870 6558
267 405 405 472 ιιι]

908 401 1349 464 ΕΝΑΒΒΑΤΙΟ
1392 401 1473 462 ΙΝ
1513 397 1843 462 EVANGEI

1950 399 2018 461 ’Μ
2059 401 2296 462 ΙΛΙΟᾸΞ.
2339 427 2406 437 -
2438 398 2596 461 CAP.
2637 397 2865 462 XXIII.

3379 397 3517 467 “02

256 516 627 587 ἀναιρεθῆναι.
662 516 771 570 Καὶ
819 514 912 569 ὅτε
956 513 1194 585 ἐπῆλθον
1245 513 1336 565 ἐπὶ
1391 512 1482 565 τὸν
1525 511 1690 573 τόπον
1745 511 1837 565 τὸν

1950 513 2126 568 norosi
2180 530 2299 567 cum
2335 527 2419 575 eo,
2447 523 2498 566 ut
2533 513 2966 567 interficerentur
2994 524 3007 568 :
3034 519 3086 565 et
3111 520 3392 583 postquam
3425 533 3515 567 vu—

257 611 553 681 λεγόμενον
610 607 880 678 Κρανίον,
935 609 1053 660 ἐκεῖ
1097 605 1451 675 ἐσταύρωσαν
1509 605 1694 669 αὑτὸν,
1743 605 1837 658 καὶ

264 704 382 766 τοὺς
429 700 795 771 κακούργους,
819 700 879 753 ὅν
918 700 1016 770 μὲν
1067 702 1132 754 ἐκ
1172 698 1263 764 δεξ
1287 699 1386 757 ῶν.
1427 697 1487 751 δν
1517 698 1572 752 δὲ
1607 699 1667 762 ἐξ
1705 699 1830 769 ἀρι-

261 793 488 864 στερῶν.
528 792 586 846 Ὀ
632 792 690 845 δὲ
728 791 941 863 Ἰησοῦς
985 792 1173 859 ἔλεγε·
1212 792 1414 862 Πάτερ,
1443 791 1579 858 ἄφες
1612 790 1794 854 αὐτοῖς
1818 805 1832 819 ο

257 887 317 957 ού
345 883 649 957 γάροίδασι
679 885 732 936 τί
758 883 989 937 ποιοῦσι.
1029 881 1480 953 Διαμεριζόμενοι
1510 881 1567 935 δέ
1613 881 1681 935 τά
1708 882 1841 951 ἱμά-

258 997 347 1033 τια
398 977 589 1040 αὐτοῦ,
626 977 821 1032 ἔϐαλον
877 975 1135 1047 κλήρους.
1171 976 1279 1029 Καὶ
1332 974 1575 1043 εἱστήκει
1628 973 1656 1026 6
1712 973 1839 1037 λαὸς

263 1069 507 1140 θεωρῶν.
566 1067 1028 1138 Ἐξεμυκτήριςον
1084 1066 1141 1119 δὲ
1191 1066 1287 1121 καὶ
1343 1064 1393 1117 οἱ
1441 1064 1700 1136 ἄρχοντες
1743 1063 1840 1117 σὺν

264 1162 450 1224 αὐτοῖς
476 1159 751 1227 λέγοντες’
784 1157 1014 1220 ’Δλλους
1066 1157 1257 1219 ἔσωσε,
1286 1155 1515 1210 σωσάτω
1547 1155 1761 1219 ἐαυτὸν,
1792 1156 1841 1208 εἰ

258 1243 415 1313 οὗτός
448 1251 596 1302 ἐστιν
622 1248 650 1300 6
684 1246 916 1318 Χριστὸς
951 1248 979 1300 6
1009 1247 1099 1301 τοῦ
1126 1246 1262 1300 Θεοῦ
1286 1246 1565 1310 ἐκλεκτός.
1592 1247 1841 1300 Ἐνέπαι-

259 1340 352 1405 ζον
387 1340 445 1392 δὲ
479 1337 627 1409 αὑτῷ
657 1339 751 1392 καὶ
795 1337 845 1391 oi
901 1337 1232 1409 στρατιῶται
1265 1337 1715 1409 προσερχόμενοι,
1745 1339 1841 1392 καὶ

258 1432 381 1497 ὅξος
439 1430 843 1502 προσφέροντες
902 1430 1071 1500 αὐτῷ,
1101 1431 1196 1484 καὶ
1244 1429 1517 1497 λέγοντες·
1550 1431 1611 1483 Ei
1643 1430 1708 1483 σὺ
1742 1426 1792 1484 εἴ
1813 1433 1841 1485 6

262 1521 517 1591 βασιλεὺς
544 1521 652 1574 τῶν
682 1520 981 1586 Ἰουδαίων,
1013 1521 1186 1574 σῶσον
1240 1520 1486 1577 σεαυτόν.
1515 1515 1626 1576 Ἦν
1658 1521 1715 1575 δὲ
1746 1524 1841 1576 καὶ

260 1615 293 1684 ὴ
324 1612 608 1685 ἐπιγραφὴ
626 1613 988 1685 γεγραμμένη
1012 1613 1099 1666 ἐπ’
1126 1612 1275 1684 αύτῷ
1294 1613 1616 1684 γράμμασιν
1652 1614 1842 1684 Ἐλλη-

259 1708 431 1769 νικοῖς
456 1746 473 1770 ,
533 1706 627 1759 καὶ
700 1704 1050 1776 Ῥωμαϊκοῖς,
1107 1707 1200 1760 καὶ
1256 1706 1602 1777 Ἐϐραῖκοῖςο
1671 1701 1839 1773 Οὗτός

261 1803 410 1854 ἐστιν
458 1800 486 1851 6
535 1800 786 1869 βασιλεὺς
841 1799 950 1853 τῶν
978 1800 1270 1856 Ἰουδαίων.
1317 1819 1335 1853 ι
1377 1801 1628 1872 Πονηράν
1683 1801 1840 1869 δόξαν

1940 616 2135 661 nerunt
2171 605 2222 659 in
2256 604 2432 658 locum
2473 606 2564 673 qui
2600 604 3200 672 vocsturCalvaria,ibi
3233 607 3520 664 crm'ilite-

1943 707 2065 752 runt
2094 713 2215 753 eum
2269 708 2323 750 et
2371 696 2728 758 facinorosos.
2768 712 2932 752 unum
2960 712 2988 749 a
3023 699 3249 764 dextris,
3286 700 3514 753 alterum

1939 807 1966 843 a
1999 788 2426 846 sinistris..lcsus
2451 798 2630 842 autem
2658 788 2871 843 dicebat
2891 807 2905 843 :
2924 788 3105 855 Pater,
3134 790 3346 845 remitte
3386 792 3514 857 illis,

1940 881 2191 937 nesciunt
2231 882 2376 935 enim
2420 879 2546 950 quid
2589 880 2812 945 faciunt.
2842 882 3151 939 Divideutes
3180 899 3311 940 vero
3349 887 3514 941 Vesti-

1941 984 2121 1029 menta
2150 974 2286 1045 ejus.
2306 975 2568 1028 miserunt
2601 983 2823 1029 sortem.
2849 974 2917 1029 Et
2940 975 3114 1030 Stabat
3138 975 3363 1046 populus
3388 994 3515 1048 spec

1942 1078 2116 1131 etans,
2158 1076 2211 1121 et
2240 1065 2554 1122 deridebant
2583 1080 2703 1121 eum
2737 1066 3009 1138 principes
3038 1084 3156 1121 cum
3190 1069 3290 1135 eis,
3326 1070 3515 1125 dicen-

1944 1169 2024 1216 tes
2053 1176 2067 1215 :
2092 1160 2241 1216 Alios
2299 1159 2556 1227 servavit,
2612 1169 2791 1215 servet
2836 1160 3094 1229 seipsum,
3118 1160 3161 1216 si
3194 1160 3282 1215 hic
3317 1171 3401 1216 est
3432 1161 3518 1216 ille

1942 1251 2208 1318 Christus,
2254 1252 2344 1307 ille
2391 1252 2484 1306 Dei
2535 1251 2764 1307 electus.
2806 1250 3109 1306 Illudebant
3156 1261 3335 1307 autem
3384 1254 3434 1308 ei
3463 1262 3518 1309 et

1944 1343 2160 1407 milites,
2192 1345 2509 1400 accedentes
2536 1354 2586 1399 et
2618 1354 2827 1399 acetum
2852 1343 3140 1400 offerentes
3165 1344 3517 1408 ei,dicenteso

1942 1434 2175 1505 que:Si
2225 1447 2278 1490 tu
2329 1451 2387 1492 es
2444 1435 2531 1492 ille
2587 1451 2677 1490 rex
2728 1434 3060 1499 Judworum,
3087 1436 3294 1491 salvum
3329 1446 3380 1491 te
3407 1436 3515 1493 fac.

1941 1526 2070 1581 Erat
2100 1535 2276 1580 autem
2309 1535 2363 1581 et
2392 1526 2668 1595 inscriptio
2700 1529 2901 1597 scripta
2951 1544 3115 1597 super
3142 1545 3264 1584 eum
3322 1530 3520 1585 litteris

1940 1617 2218 1682 Grrccis,et
2249 1616 2475 1683 Latinis,
2499 1625 2553 1673 et
2579 1612 2865 1675 llebraicis
2897 1635 2910 1673 :
2947 1617 3042 1674 llic
3074 1630 3156 1675 est
3182 1637 3271 1676 rex
3304 1619 3522 1677 Jutlmo-

1941 1727 2132 1768 rum.»
2191 1709 2448 1767 Diabolus
2482 1711 2666 1766 volens
2715 1711 3000 1768 Dominum
3052 1730 3245 1784 magna
3297 1714 3517 1771 infamia

1945 1813 2253 1876 aspergere.
2299 1804 2431 1861 facit
2484 1805 2726 1879 crucifigi
2782 1822 2903 1862 cum
2933 1824 2998 1864 eo
3028 1820 3083 1865 et
3113 1810 3348 1867 latrones
3379 1830 3393 1866 :
3424 1813 3517 1868 sed

264 1891 698 1956 κατασκευάζειν
742 1891 943 1945 ἐθέλων
979 1890 1074 1946 τοῦ
1132 1891 1336 1961 Κυρίου
1373 1895 1401 1945 6
1445 1870 1712 1956 διάϐολος,
1746 1894 1841 1946 καὶ

1950 1896 2069 1950 vide
2108 1898 2377 1964 quomodo
2411 1907 2462 1952 et
2500 1913 2605 1952 uno
2634 1897 2875 1969 privatus
2907 1898 2999 1964 sit,
3020 1908 3074 1954 et
3103 1900 3205 1955 hoc
3241 1901 3307 1955 ad
3345 1900 3518 1970 majo-

264 1985 469 2059 λῃστάς
497 1985 672 2038 ἐποίει
710 1983 1334 2055 συσταυροῦσθαιαύτῷ.
1370 1984 1511 2039 Ἀλλ’
1560 1986 1663 2057 ὅρα
1720 1985 1839 2048 πῶς

263 2081 357 2131 καὶ
383 2078 473 2131 τὸν
505 2078 600 2131 ἕνα
647 2076 919 2152 ἀφῃρέθη,
956 2077 1050 2128 καὶ
1087 2078 1288 2147 μᾶλλον
1318 2077 1453 2149 πρὸς
1485 2077 1641 2143 δόξαν
1675 2077 1842 2132 πλείω

262 2171 358 2224 τοῦ
404 2171 609 2241 Κυρίου
655 2171 813 2223 τοῦτο
848 2169 1059 2238 γέγονε.
1087 2169 1209 2222 Τῶν
1255 2171 1355 2241 μὲν
1405 2170 1513 2243 γὰρ
1541 2173 1589 2225 οἱ
1618 2174 1841 2241 σταυροὶ

263 2264 388 2317 οὖδέ
422 2262 793 2334 ἐζητήθησαν,
821 2262 913 2316 τοῦ
943 2262 1001 2315 δὲ
1034 2263 1140 2327 πᾶς
1175 2263 1202 2315 6
1229 2261 1431 2333 κόσμος
1463 2260 1802 2333 ἐκκρέμαται
1826 2278 1838 2291 ·

264 2357 365 2410 καὶ
416 2356 704 2428 προδήλως
761 2354 1015 2410 ἐντεῦθεν
1075 2354 1373 2418 δείκνυται,
1407 2355 1466 2408 τὸ
1514 2356 1590 2425 μὴ
1642 2355 1840 2425 ἄνομον

264 2446 408 2505 εἶναι
466 2450 558 2504 τὸν
610 2450 836 2520 Κύριον,
862 2449 939 2513 ὡς
990 2450 1040 2502 οἱ
1098 2449 1316 2520 λῃσταὶ,
1348 2447 1483 2502 ἀλλὰ
1539 2446 1717 2519 πάσης
1764 2449 1842 2501 διο

263 2543 560 2614 καιοσύνης
585 2543 851 2615 ἀρχηγόν.
885 2544 1113 2611 Ἀγουσι
1145 2541 1202 2595 δὲ
1236 2540 1400 2596 αὐτὸν
1428 2542 1524 2594 ἐπὶ
1558 2542 1649 2595 τὸν
1675 2541 1839 2595 τόπον

263 2634 360 2688 τοῦ
390 2632 654 2704 Κρανίου,
695 2632 823 2685 ἔνθα
858 2631 993 2701 φασὶ
1037 2631 1129 2685 τὸν
1163 2630 1489 2702 προπάτορα
1524 2631 1797 2701 τεθάφθαι
1821 2647 1835 2661 ’

267 2725 358 2779 ἵνα
380 2726 513 2778 ὅπου
544 2724 631 2777 διὰ
652 2723 810 2790 ξύλου
846 2723 1066 2793 πτῶμα,
1086 2724 1204 2777 ἐκεῖ
1223 2723 1314 2777 καὶ
1340 2723 1374 2787 ἡ
1402 2722 1489 2776 διὰ
1520 2722 1613 2776 τοῦ
1680 2722 1839 2790 ξύλου

273 2817 493 2888 ἔγερσις
531 2815 777 2887 γένηται.
811 2815 1020 2886 Ἰησοῦς
1067 2815 1123 2869 δὲ
1173 2814 1480 2885 ὑπερϐολὴν
1538 2817 1841 2887 πραότητος

268 2908 702 2979 ἐνδεικνύμενος,
744 2907 886 2979 ὑπὲρ
915 2907 1096 2961 αὐτῶν
1128 2906 1371 2978 εῦχεται,
1407 2928 1425 2961 ι
1469 2908 1671 2979 Πάτερ,
1706 2908 1842 2980 ἄφες

265 3001 477 3068 αὐτοῖς,
506 3001 679 3070 λέγων
712 3016 727 3032 ’
779 3001 842 3054 οὐ
897 3000 1006 3070 γὰρ
1054 3000 1231 3055 οἴδασι
1285 3001 1337 3054 τί
1385 3001 1618 3056 ποιοῦσι.
1662 3021 1682 3055 ι
1734 3002 1842 3056 Καὶ

271 3093 457 3165 μέντοι
506 3092 683 3163 ἀφέθη
725 3092 791 3147 ἂν
810 3092 995 3154 αὐτοῖς
1040 3092 1100 3145 τὸ
1141 3092 1467 3165 ἁμάρτημα,
1496 3094 1544 3147 εί
1587 3094 1663 3166 μὴ
1706 3097 1841 3165 μετὰ

1946 2003 2054 2041 rem
2091 1987 2317 2056 gloriam
2364 1988 2576 2043 Domini
2614 1991 2862 2046 cesserit.
2890 1989 3024 2044 Nant
3058 1990 3287 2047 aliorum
3327 2008 3520 2049 cruces

1943 2095 2103 2135 nemo
2156 2080 2405 2148 reiuirit.
2438 2090 2582 2136 totus
2634 2093 2814 2137 autem
2872 2084 3104 2139 mundus
3142 2099 3171 2138 a
3205 2101 3366 2141 cruce
3418 2087 3518 2141 ista

1942 2174 2160 2244 pendet.
2188 2172 2250 2226 Et
2281 2172 2568 2229 manifeste
2603 2174 2690 2230 hic
2723 2174 3026 2229 ostenditur
3071 2175 3355 2237 Dominum
3413 2195 3517 2233 non

1944 2278 2064 2318 csse
2115 2264 2355 2333 iniquum
2415 2265 2557 2320 sicut
2609 2264 2870 2329 latrones,
2920 2268 3013 2321 sed
3069 2268 3246 2322 onmis
3297 2267 3518 2336 iustitia:

1945 2356 2260 2425 principem.
2309 2353 2523 2411 Ducttnt
2576 2368 2753 2411 autem
2809 2374 2932 2413 eum
2965 2358 3030 2414 ad
3078 2358 3254 2415 locum
3311 2358 3517 2426 Cranii,

1946 2447 2034 2500 ubi
2087 2446 2276 2502 dicunt
2328 2448 2561 2517 primum
2618 2459 2897 2518 parentem
2947 2458 3189 2505 nostrum
3244 2452 3515 2523 sepultum

1943 2553 2063 2594 csse
2095 2557 2108 2593 :
2144 2548 2200 2593 ut
2234 2538 2323 2595 ubi
2361 2554 2454 2609 per
2483 2538 2682 2610 lignum
2715 2555 2892 2606 casus,
2936 2540 3046 2596 illic
3079 2551 3133 2597 et
3174 2556 3269 2612 per
3313 2543 3517 2613 lignum

1945 2630 2276 2685 resurrectio
2306 2631 2419 2686 fiat.
2457 2629 2618 2688 Jesus
2655 2643 2781 2687 tero
2829 2632 3085 2688 eximiam
3141 2637 3514 2690 mansuetudi-

1945 2736 2065 2777 nem
2081 2722 2379 2790 declarans,
2401 2738 2497 2793 pro
2514 2723 2618 2778 illis
2638 2732 2887 2792 precatur
2907 2743 2919 2780 :
2940 2743 2958 2777 ι
2986 2724 3167 2791 Pater,
3186 2728 3403 2782 remitte
3414 2727 3519 2793 eis,

1942 2813 2169 2869 dicens:
2201 2815 2452 2868 nesciunt
2505 2816 2649 2870 enim
2698 2818 2825 2885 quid
2885 2816 3108 2872 faciunt.
3162 2836 3181 2870 ι
3218 2819 3282 2874 Et
3336 2819 3521 2889 utique

1942 2902 2221 2957 dimissum
2253 2903 2438 2960 fuisset
2490 2907 2571 2960 eis
2596 2917 2901 2976 peccatmn,
2929 2907 3030 2964 nisi
3066 2909 3322 2979 deinceps
3350 2908 3404 2964 in
3437 2913 3519 2964 in-

1942 2995 2261 3051 ciedulitate
2312 2998 2652 3052 mansissent.
2683 2999 2994 3055 Diviserunt
3043 3016 3169 3055 vero
3228 3003 3524 3059 vestimen-

1947 3095 1996 3138 ta
2032 3085 2164 3152 ejus.
2197 3086 2364 3157 Cujus
2392 3088 2601 3157 gratia?
2627 3088 2876 3145 Forsitan
2909 3104 2962 3145 et
2996 3091 3144 3145 multi
3202 3092 3334 3162 ipsis
3382 3093 3522 3149 indi-

269 3184 528 3255 ταῦτατῇ
558 3184 789 3256 ἀπιστίᾳ
820 3184 1126 3254 ἐνέμειναν.
1160 3184 1315 3249 Τίνος
1350 3184 1407 3238 δὲ
1437 3185 1624 3239 ἕνεκεν
1652 3186 1841 3256 διαμε-

1950 3178 2163 3249 gebaut,
2200 3178 2449 3236 fortassis
2507 3190 2714 3246 autem,
2759 3182 2900 3251 quod
2931 3192 2986 3237 et
3039 3185 3236 3252 verius,
3288 3184 3401 3241 haec
3454 3185 3523 3240 ad

275 3276 517 3348 ρίζονται
540 3278 608 3330 τά
643 3276 832 3345 ἱμάτια
864 3274 1028 3329 αὑτοῦ
1055 3294 1069 3342 ;
1109 3277 1270 3340 Ἴσως
1303 3276 1403 3347 μὲν
1432 3277 1526 3331 καὶ
1551 3277 1843 3348 χρῄζοντες

272 3371 326 3423 οἱ
364 3368 549 3423 πολλοὶ
580 3368 780 3434 αὐτῶν,
806 3368 944 3439 τάχα
963 3368 1040 3435 δὲ,
1067 3367 1094 3421 ὃ
1116 3369 1429 3441 καὶμᾶλλον
1457 3370 1839 3444 ἀληθέστερον,

274 3460 435 3533 ὕϐρει
467 3460 627 3515 τοῦτο
675 3462 770 3514 καὶ
805 3460 1073 3533 ἀκολασίᾳ
1114 3459 1395 3525 ποιοῦντες
1428 3477 1443 3491 ο
1476 3464 1528 3514 τί
1581 3464 1688 3532 γὰρ
1744 3481 1842 3517 πο-

271 3555 493 3619 λυτελὲς
524 3555 710 3625 ἐώρων
740 3555 798 3606 ἐν
842 3555 951 3617 τοῖς
981 3553 1220 3625 ἱματίοις
1250 3571 1266 3622 ;
1303 3554 1341 3607 Γ
1344 3554 1573 3619 ελῶντες
1628 3552 1719 3609 οὖν
1752 3558 1845 3610 καὶ

277 3647 592 3719 ὑϐρίζοντες
625 3688 639 3711 ,
697 3646 926 3700 τοιαῦτα
983 3643 1323 3718 εἰργάζοντο.
1392 3647 1563 3701 Ὅπου
1622 3648 1730 3720 γὰρ
1795 3649 1845 3701 οἱ

273 3742 551 3815 ὄρχοντες
610 3742 977 3812 ἐμυκτήριζον
1008 3785 1023 3807 ,
1077 3742 1128 3795 τί
1183 3740 1286 3813 χρὴ
1336 3744 1463 3814 περὶ
1510 3743 1604 3797 τοῦ
1660 3743 1844 3799 κοινοῦ

272 3835 516 3906 πλήθους
544 3833 852 3903 λογίζεσθαι
883 3850 896 3900 ;
939 3853 956 3885 ι
990 3833 1217 3897 ’Δλλους
1239 3834 1433 3899 ἔσωσε,
1462 3836 1691 3889 σωσάτω
1722 3838 1847 3890 ἐαυ-

271 3926 390 3992 τὸν,
417 3926 466 3980 εί
492 3919 645 3988 οὗτός
676 3927 822 3978 ἐστιν
846 3925 873 3977 6
902 3925 946 3976 Χ
958 3923 1138 3993 ριστός
1168 3925 1195 3977 6
1225 3923 1318 3977 τοῦ
1345 3923 1479 3977 Θεοῦ
1513 3925 1785 3988 ἐκλεκτός.
1822 3945 1840 3979 ι

274 4016 453 4071 Τοῦτο
480 4016 645 4085 ’ἔλεγε
677 4015 746 4069 δι’
786 4016 968 4069 αὐτῶν
1005 4016 1033 4067 6
1071 4014 1337 4079 διάϐολος.
1371 4016 1579 4088 ’Ὠσπερ
1617 4016 1723 4089 γὰρ
1755 4019 1847 4072 ἐπὶ

273 4108 370 4164 τοῦ
426 4108 726 4180 πτερυγιου
758 4107 852 4160 τοῦ
908 4106 1079 4178 ἱεροῦ,
1114 4106 1257 4161 οὕτω
1301 4107 1580 4163 κάνταῦθα
1622 4111 1849 4166 τοιαῦτά

275 4217 413 4271 φησι
441 4216 459 4234 ⁸
490 4200 800 4271 βασκαίνων
838 4203 904 4271 τῇ
935 4200 1024 4255 διὰ
1066 4200 1159 4254 τοῦ
1189 4202 1422 4273 σταυροῦ
1458 4202 1728 4276 σωτηρίᾳ,
1752 4206 1847 4259 καὶ

272 4293 571 4365 περικόψαι
638 4292 961 4363 βουλόμενος
1014 4292 1219 4363 ταύτην
1278 4293 1502 4359 πάσαις,
1558 4295 1633 4358 ὠς
1695 4297 1847 4367 ἐνῆν,

281 4387 581 4457 μηχαναῖς.
649 4376 808 4452 Ὄξος
871 4384 926 4437 δὲ
989 4383 1326 4455 προσέφερον
1375 4384 1425 4437 οἱ
1474 4387 1844 4458 στρατιῶται,

274 4477 354 4541 ὡς
409 4477 622 4548 βασιλεί
668 4477 828 4546 δῆθεν
878 4476 1320 4548 ὑπηρετοῦντες,
1377 4477 1512 4548 πρὸς
1568 4478 1629 4531 τὸ
1674 4483 1838 4535 πιεῖν.

1956 3270 2212 3339 majorem
2285 3271 2668 3326 contumeliam
2746 3287 2845 3343 per
2909 3274 3185 3330 lasciviam
3255 3276 3518 3332 fecerunt.

1951 3361 2117 3435 486
2139 3361 2277 3429 Quid
2298 3363 2439 3418 enim
2465 3364 2759 3435 ριόιίοδιιιιι
2786 3366 3039 3422 videbant
3064 3368 3115 3421 in
3142 3368 3226 3423 his
3248 3369 3522 3426 vestibus?

1954 3454 2213 3511 Ritleutcs
2247 3457 2409 3528 igitur
2461 3467 2516 3512 et
2555 3461 2880 3514 contumelia
2928 3459 3243 3526 adicientes,
3278 3461 3406 3517 talia
3442 3461 3521 3519 fc-

1952 3559 2163 3607 ccrunt.
2202 3550 2300 3607 Ubi
2337 3551 2480 3607 enim
2513 3552 2563 3606 ei
2627 3552 2903 3623 principes
2937 3554 3367 3622 subsannabant,
3394 3557 3524 3627 quid

1955 3658 2060 3696 nun
2093 3643 2157 3697 de
2192 3642 2397 3713 reliquo
2427 3642 2583 3715 vulgo
2610 3644 3003 3715 cogitandum?
3033 3664 3051 3697 ι
3075 3644 3224 3701 Alios
3261 3646 3521 3712 servavit,

1954 3746 2131 3801 servet
2165 3737 2428 3807 seipsum,
2462 3738 2507 3792 si
2536 3736 2626 3793 hic
2652 3744 2735 3792 est
2768 3736 2859 3791 ille
2884 3736 3157 3804 Christus,
3184 3737 3272 3793 ille
3297 3738 3387 3794 Dei
3413 3738 3525 3795 ele-

1953 3839 2092 3887 ειυς.
2126 3849 2143 3881 ο
2168 3828 2279 3884 lloc
2309 3828 2519 3885 dicebat
2550 3845 2647 3900 per
2677 3830 2801 3886 illos
2830 3830 3094 3886 diabolus.
3121 3830 3274 3886 Sicut
3302 3832 3445 3886 enim
3471 3832 3523 3887 itt

1955 3912 2118 3991 pinna
2152 3921 2354 3991 templi,
2384 3921 2455 3974 ita
2490 3932 2545 3974 et
2592 3921 2693 3976 hoc
2739 3921 2857 3977 loco
2898 3920 3048 3989 dicit,
3076 3922 3322 3978 invidens
3365 3923 3524 3997 saluti

1957 4021 2153 4067 nostra:
2197 4028 2292 4081 per
2329 4027 2566 4076 crucem,
2591 4027 2750 4082 quam
2786 4011 2976 4069 volens
3033 4013 3302 4084 impedire
3336 4028 3527 4068 omnes

1956 4105 2206 4159 movebat
2239 4103 2535 4160 machinas.
2556 4105 2780 4158 Acetum
2815 4118 2942 4158 vero
2975 4103 3274 4159 oil'erebant
3302 4103 3525 4173 milites,

1954 4198 2109 4267 quasi
2163 4197 2272 4264 regi
2320 4198 2716 4268 quodammodo
2759 4197 3130 4253 ministrantes
3185 4206 3244 4252 ut
3293 4197 3524 4254 biberet.

1961 4289 2091 4343 Vitlc
2121 4300 2299 4344 autem
2334 4300 2387 4344 et
2414 4288 2572 4343 aliam
2606 4288 2913 4344 machinam
2961 4288 3179 4355 diaboli,
3206 4306 3324 4360 qua:
3357 4288 3407 4343 in
3443 4289 3526 4359 ip-

1956 4394 2073 4434 sum
2109 4379 2355 4433 vertitur.
2417 4378 2517 4446 Qui
2547 4378 2691 4434 enim
2716 4378 2891 4435 tribus
2918 4378 3216 4434 litterarum
3243 4379 3528 4436 characte-

1956 4471 2110 4526 ribus
2164 4470 2511 4525 rebellionem
2561 4469 2691 4526 Jesu
2753 4471 3062 4541 invulgarat
3107 4471 3525 4543 quodannnodo,

277 4569 419 4641 Ὀρα
458 4569 516 4622 δὲ
555 4569 651 4623 καὶ
697 4569 892 4641 ἑτέραν
952 4570 1203 4641 μηχανὴν
1260 4569 1355 4623 τοῦ
1405 4569 1679 4638 διαϐόλου,
1726 4574 1843 4627 κατ’

1956 4573 2014 4617 ιιι
2064 4562 2333 4617 neminem
2381 4562 2824 4632 praetereuntium
2864 4563 3080 4629 lateret,
3112 4564 3263 4632 quasi
3307 4574 3526 4635 propter

274 4660 442 4715 αὑτοῦ
502 4661 996 4733 περιτρεπομένην.
1050 4660 1111 4713 ⁸0
1164 4660 1263 4731 μὲν
1302 4659 1412 4732 γὰρ
1463 4664 1610 4732 τρισὶ
1673 4681 1850 4735 χαρα-

281 4752 483 4824 κτῆρσι
538 4753 881 4824 γραμμάτων
934 4753 1275 4823 ἐξεπόμπευε
1326 4752 1487 4823 δῆθεν
1524 4753 1625 4824 τὴν
1653 4755 1853 4826 ἀνταρο

287 4844 409 4898 σίαν
445 4843 539 4898 τοῦ
581 4844 781 4914 Ἰησοῦ,
842 4845 931 4899 ἵνα
970 4845 1172 4915 μηδένα
1197 4844 1452 4899 λανθάνοι
1481 4847 1587 4898 τῶν
1620 4846 1843 4916 παριόν-

282 4953 414 5000 των,
443 4936 519 5000 ὡς
549 4936 639 4989 διὰ
688 4935 845 4989 τοῦτο
887 4935 1181 5008 κρέμαται,
1208 4935 1341 4989 διότι
1387 4934 1607 5006 βασιλέα
1663 4935 1854 4989 ἑαυτὸν

280 5026 492 5080 ἐποίει’
527 5027 591 5080 τὸ
635 5027 713 5090 δὲ,
746 5028 850 5081 κᾶν
905 5027 978 5097 μὴ
1035 5028 1063 5080 6
1116 5026 1276 5096 σοφὸς
1335 5025 1428 5079 τοῦ
1492 5027 1855 5095 κακοποιῆσαι

285 5118 501 5185 συνίει,
564 5118 831 5189 σύμϐολον
891 5114 958 5190 ἦν
1006 5117 1101 5171 τοῦ
1157 5110 1426 5188 κράτιστα
1486 5118 1594 5171 τῶν
1644 5118 1853 5183 ἐθνῶν,

284 5213 525 5266 ὁποῖοιοί
573 5212 854 5281 Ῥωμαῖοι,
889 5211 981 5264 καὶ
1007 5210 1330 5280 σοφώτατοι,
1363 5212 1539 5264 ὁποῖοι
1573 5209 1853 5280 Ἕλληνες,

1952 4658 2056 4714 hoc
2094 4671 2389 4727 suspensus
2435 4667 2598 4724 esset,
2622 4659 2764 4730 quod
2817 4673 2995 4728 regem
3022 4673 3081 4714 se
3125 4655 3343 4713 fecisset
3375 4674 3389 4711 :
3421 4658 3526 4713 hoc

1952 4751 2080 4823 iam.
2120 4750 2331 4806 etiamsi
2385 4764 2496 4804 non
2551 4764 2582 4805 e
2628 4761 2809 4806 mente
2858 4750 3171 4816 scribentis,
3221 4750 3521 4822 symbolum

1954 4843 2152 4896 factum
2192 4850 2274 4895 est
2304 4843 2446 4911 quod
2487 4842 2847 4912 potentissimi
2881 4844 3146 4914 gentium,
3188 4843 3372 4912 quales
3419 4843 3525 4898 Rov

1954 4934 2099 4988 mani
2135 4950 2148 4986 :
2177 4942 2232 4987 et
2260 4920 3069 5005 sapientissimi,qualesGrteci
3104 4953 3118 4989 :
3152 4944 3205 4989 et
3245 4933 3528 5004 religiosis-

1958 5026 2103 5089 simi,
2126 5023 2314 5094 qualcs
2337 5023 2563 5093 Hebraei,
2583 5024 2783 5081 Christi
2808 5042 2972 5095 regno
2990 5026 3304 5099 subjiciendi
3322 5034 3526 5091 essent,

1959 5125 2013 5172 et
2042 5116 2212 5184 ipsum
2244 5116 2538 5186 praedicare
2563 5118 2819 5172 debeant.
2846 5116 2920 5172 De
2950 5120 3050 5174 hoc
3080 5128 3257 5172 autem
3295 5118 3447 5187 plura
3468 5127 3528 5173 et

1962 5206 2275 5262 sublimiora
2309 5208 2360 5261 in
2394 5206 2684 5278 Evangelio
2712 5209 2934 5265 Joannis
2960 5210 3213 5263 diximus.

291 5307 848 5371 καὶθεοσεϐἐστατοι,
897 5308 1080 5361 ὁποῖον
1113 5307 1171 5359 τὸ
1206 5306 1361 5375 γένος
1411 5305 1523 5359 τῶν
1571 5303 1867 5377 Ἐϐραίων,
1909 5302 2012 5356 ὑπὸ
2072 5305 2136 5375 τῇ
2196 5303 2440 5375 βασιλείᾳ
2464 5303 2751 5375 τοῦηῚησοῦ
2799 5304 3147 5375 τεθήσεσθαι,
3179 5302 3275 5358 καὶ
3320 5303 3523 5373 ἀνακη-

288 5406 468 5477 ρύξειν
496 5404 680 5458 αὐτόν.
721 5403 959 5473 Εἴπομεν
998 5402 1055 5454 δὲ
1092 5403 1219 5472 περὶ
1260 5401 1467 5454 τούτων
1518 5403 1612 5454 καὶ
1661 5403 1719 5453 ἐν
1767 5398 1843 5468 τῷ
1892 5400 2036 5453 κατὰ
2071 5400 2327 5469 Ἰωάννην
2388 5399 2556 5453 πλείω
2615 5400 2708 5453 καὶ
2772 5400 3096 5471 ὑψηλότερα.

362 5518 380 5551 ι
422 5492 512 5561 Εἷς
534 5498 590 5550 δὲ
615 5495 724 5549 τῶν
754 5494 1174 5565 κρεμασθέντων
1203 5492 1525 5562 κακούργων
1566 5490 1839 5562 ἐϐλασφή-

290 5608 383 5662 μει
414 5588 578 5644 αὐτὸν
606 5587 780 5652 λέγων
804 5600 818 5613 ’
846 5583 908 5637 Εἰ
940 5584 1002 5636 σὺ
1030 5580 1080 5636 εἴ
1109 5585 1137 5635 6
1168 5584 1423 5653 Χριστος,
1463 5584 1635 5635 σῶσον
1690 5599 1850 5635 σεαυ-

286 5686 377 5735 τὸν
433 5681 530 5733 καὶ
591 5679 763 5748 ἡμᾶς.
822 5674 1173 5744 Ἀποκριθεὶς
1220 5675 1278 5727 δὲ
1317 5676 1344 5726 6
1393 5674 1578 5744 ἕτερος
1626 5674 1858 5743 ἐπετίμα

285 5774 455 5843 αὐτῷ,
487 5774 695 5842 λέγων’
734 5771 868 5825 Οὐδὲ
917 5770 1057 5840 φοϐῇ
1113 5771 1175 5822 σὺ
1208 5769 1299 5821 τὸν
1341 5767 1493 5832 Θεὸν,
1536 5768 1616 5820 ὅτι
1672 5770 1729 5819 ἐν
1780 5768 1857 5835 τῷ

288 5865 437 5936 αῦτῷ
470 5864 699 5937 κρίματι
730 5862 812 5932 si;
839 5863 1109 5934 καὶὴμεῖς
1145 5860 1244 5930 μὲν
1277 5858 1498 5923 δικαίως
1526 5873 1542 5888 °
1574 5856 1699 5925 ἄξια
1750 5859 1857 5930 γὰρ

2039 5488 2199 5545 Vens.
2229 5490 2407 5546 59-43.
2440 5509 2459 5542 ι
2499 5489 2646 5545 Unus
2671 5501 2851 5547 autem
2882 5495 2947 5547 de
2990 5493 3074 5547 bis
3102 5493 3193 5562 qui
3227 5492 3529 5562 pendebant

1963 5582 2306 5647 facinorosis,
2371 5584 2612 5637 convicia
2669 5584 2875 5638 dicebat
2925 5584 2979 5637 in
3021 5600 3165 5651 eum,
3226 5585 3528 5640 dicens:Si

1964 5685 2019 5728 tu
2069 5690 2126 5729 es
2175 5674 2446 5741 Christus,
2488 5691 2644 5729 serva
2680 5676 2904 5744 teipsum
2928 5685 2982 5730 et
3014 5691 3128 5730 nos.
3179 5677 3526 5745 Respondeas

1965 5776 2146 5820 autem
2182 5766 2319 5820 alter
2348 5767 2661 5835 increpabat
2686 5785 2833 5835 eum,
2861 5768 3043 5823 dicens
3067 5784 3083 5823 :
3112 5767 3189 5822 Ne
3220 5768 3375 5828 times
3400 5768 3523 5837 qui-

1965 5859 2085 5915 dem
2117 5866 2173 5913 tu
2201 5857 2369 5918 Deum
2396 5863 2539 5930 quod
2567 5860 2621 5919 in
2649 5864 2836 5921 eadem
2863 5862 3211 5920 damnatione
3236 5858 3332 5919 es?
3354 5871 3405 5917 ct
3430 5874 3528 5917 nos
