  <div class='ocr_page' id='page_1' title='image "/cluster/home/n/w/nwhite01/storage/ocr_20150623/123/hvd.32044019208198/561.png"; bbox 0 0 3932 6456; ppageno 0'>
   <div class='ocr_carea' id='block_1_1' title="bbox 401 402 540 474">
    <p class='ocr_par' dir='ltr' id='par_1_1' title="bbox 401 402 540 474">
     <span class='ocr_line' id='line_1_1' title="bbox 401 402 540 474; baseline 0 -1"><span class='ocrx_word' id='word_1_1' title='bbox 401 402 540 474; x_wconf 70' lang='grc'><strong>1103</strong></span> 
     </span>
    </p>
   </div>
   <div class='ocr_carea' id='block_1_2' title="bbox 1279 405 2732 475">
    <p class='ocr_par' dir='ltr' id='par_1_2' title="bbox 1279 405 2732 475">
     <span class='ocr_line' id='line_1_2' title="bbox 1279 405 2732 475; baseline 0.002 -3"><span class='ocrx_word' id='word_1_2' title='bbox 1279 405 1868 472; x_wconf 77' lang='lat' dir='ltr'><strong>THEOPHYLACTI</strong></span> <span class='ocrx_word' id='word_1_3' title='bbox 1911 407 2328 471; x_wconf 64' lang='lat' dir='ltr'><strong>BULGARMZ</strong></span> <span class='ocrx_word' id='word_1_4' title='bbox 2368 409 2732 475; x_wconf 79' lang='lat' dir='ltr'><strong>ARClIlEP.</strong></span> 
     </span>
    </p>
   </div>
   <div class='ocr_carea' id='block_1_3' title="bbox 3491 409 3612 475">
    <p class='ocr_par' dir='ltr' id='par_1_3' title="bbox 3491 409 3612 475">
     <span class='ocr_line' id='line_1_3' title="bbox 3491 409 3612 475; baseline 0.008 -1"><span class='ocrx_word' id='word_1_5' title='bbox 3491 409 3612 475; x_wconf 70' lang='lat'><strong>1101</strong></span> 
     </span>
    </p>
   </div>
   <div class='ocr_carea' id='block_1_4' title="bbox 396 505 1977 593">
    <p class='ocr_par' dir='ltr' id='par_1_4' title="bbox 396 514 1973 593">
     <span class='ocr_line' id='line_1_4' title="bbox 396 514 1973 593; baseline -0.004 -18"><span class='ocrx_word' id='word_1_6' title='bbox 396 521 612 593; x_wconf 77' lang='lat' dir='ltr'><strong>quidem</strong></span> <span class='ocrx_word' id='word_1_7' title='bbox 635 518 819 589; x_wconf 81' lang='lat' dir='ltr'><strong>juste:</strong></span> <span class='ocrx_word' id='word_1_8' title='bbox 849 530 972 573; x_wconf 87' lang='lat' dir='ltr'><strong>nam</strong></span> <span class='ocrx_word' id='word_1_9' title='bbox 1000 514 1158 589; x_wconf 82' lang='lat' dir='ltr'><strong>digna</strong></span> <span class='ocrx_word' id='word_1_10' title='bbox 1187 514 1349 572; x_wconf 80' lang='lat' dir='ltr'><strong>factis</strong></span> <span class='ocrx_word' id='word_1_11' title='bbox 1368 515 1661 587; x_wconf 95' lang='lat' dir='ltr'><strong>recipimus</strong></span> <span class='ocrx_word' id='word_1_12' title='bbox 1686 533 1700 568; x_wconf 74' lang='grc' dir='ltr'>ι</span> <span class='ocrx_word' id='word_1_13' title='bbox 1730 514 1818 570; x_wconf 90' lang='lat' dir='ltr'><strong>hic</strong></span> <span class='ocrx_word' id='word_1_14' title='bbox 1843 528 1973 569; x_wconf 89' lang='lat' dir='ltr'><strong>vero</strong></span> 
     </span>
    </p>
   </div>
   <div class='ocr_carea' id='block_1_5' title="bbox 2081 505 3618 593">
    <p class='ocr_par' dir='ltr' id='par_1_5' title="bbox 2081 505 3618 589">
     <span class='ocr_line' id='line_1_5' title="bbox 2081 505 3618 589; baseline 0.008 -22"><span class='ocrx_word' id='word_1_15' title='bbox 2081 505 2154 589; x_wconf 73' lang='grc' dir='ltr'>ὧν</span> <span class='ocrx_word' id='word_1_16' title='bbox 2226 516 2548 589; x_wconf 80' lang='grc' dir='ltr'><strong>ἐπράξαμεν</strong></span> <span class='ocrx_word' id='word_1_17' title='bbox 2609 517 3113 588; x_wconf 71' lang='grc' dir='ltr'><strong>ἀπολαμϐάνομεν·</strong></span> <span class='ocrx_word' id='word_1_18' title='bbox 3175 515 3326 585; x_wconf 69' lang='grc' dir='ltr'>οὗτος</span> <span class='ocrx_word' id='word_1_19' title='bbox 3382 520 3440 575; x_wconf 77' lang='grc' dir='ltr'>δὲ</span> <span class='ocrx_word' id='word_1_20' title='bbox 3486 523 3618 580; x_wconf 65' lang='grc' dir='ltr'>οῦδὲν</span> 
     </span>
    </p>
   </div>
   <div class='ocr_carea' id='block_1_6' title="bbox 400 605 1972 682">
    <p class='ocr_par' dir='ltr' id='par_1_6' title="bbox 400 605 1972 682">
     <span class='ocr_line' id='line_1_6' title="bbox 400 605 1972 682; baseline -0.004 -15"><span class='ocrx_word' id='word_1_21' title='bbox 400 611 532 667; x_wconf 80' lang='lat' dir='ltr'><strong>nihil</strong></span> <span class='ocrx_word' id='word_1_22' title='bbox 562 610 687 667; x_wconf 89' lang='lat' dir='ltr'><strong>mali</strong></span> <span class='ocrx_word' id='word_1_23' title='bbox 718 610 905 682; x_wconf 84' lang='lat' dir='ltr'><strong>gessit.</strong></span> <span class='ocrx_word' id='word_1_24' title='bbox 931 608 994 663; x_wconf 86' lang='lat' dir='ltr'><strong>Et</strong></span> <span class='ocrx_word' id='word_1_25' title='bbox 1018 608 1237 664; x_wconf 79' lang='lat' dir='ltr'><strong>diccdat</strong></span> <span class='ocrx_word' id='word_1_26' title='bbox 1260 607 1327 663; x_wconf 91' lang='lat' dir='ltr'><strong>ad</strong></span> <span class='ocrx_word' id='word_1_27' title='bbox 1347 605 1529 663; x_wconf 85' lang='lat' dir='ltr'><strong>.lesmu</strong></span> <span class='ocrx_word' id='word_1_28' title='bbox 1556 605 1972 669; x_wconf 73' lang='lat' dir='ltr'><strong>:Donrine,me-</strong></span> 
     </span>
    </p>
   </div>
   <div class='ocr_carea' id='block_1_7' title="bbox 398 694 1973 770">
    <p class='ocr_par' dir='ltr' id='par_1_7' title="bbox 398 694 1973 770">
     <span class='ocr_line' id='line_1_7' title="bbox 398 694 1973 770; baseline -0.006 -11"><span class='ocrx_word' id='word_1_29' title='bbox 398 714 581 760; x_wconf 90' lang='lat' dir='ltr'><strong>mento</strong></span> <span class='ocrx_word' id='word_1_30' title='bbox 612 703 718 760; x_wconf 90' lang='lat' dir='ltr'><strong>mei</strong></span> <span class='ocrx_word' id='word_1_31' title='bbox 752 717 872 758; x_wconf 90' lang='lat' dir='ltr'><strong>cum</strong></span> <span class='ocrx_word' id='word_1_32' title='bbox 923 699 1139 756; x_wconf 76' lang='lat' dir='ltr'><strong>veneris</strong></span> <span class='ocrx_word' id='word_1_33' title='bbox 1167 699 1219 755; x_wconf 92' lang='lat' dir='ltr'><strong>in</strong></span> <span class='ocrx_word' id='word_1_34' title='bbox 1260 713 1486 770; x_wconf 87' lang='lat' dir='ltr'><strong>regnum</strong></span> <span class='ocrx_word' id='word_1_35' title='bbox 1521 706 1692 754; x_wconf 91' lang='lat' dir='ltr'><strong>tuum.</strong></span> <span class='ocrx_word' id='word_1_36' title='bbox 1732 694 1797 750; x_wconf 82' lang='lat' dir='ltr'><strong>Et</strong></span> <span class='ocrx_word' id='word_1_37' title='bbox 1836 695 1973 751; x_wconf 76' lang='lat' dir='ltr'><strong>dixit</strong></span> 
     </span>
    </p>
   </div>
   <div class='ocr_carea' id='block_1_8' title="bbox 396 786 1971 856">
    <p class='ocr_par' dir='ltr' id='par_1_8' title="bbox 396 786 1971 856">
     <span class='ocr_line' id='line_1_8' title="bbox 396 786 1971 856; baseline -0.008 -4"><span class='ocrx_word' id='word_1_38' title='bbox 396 796 470 852; x_wconf 90' lang='lat' dir='ltr'><strong>illi</strong></span> <span class='ocrx_word' id='word_1_39' title='bbox 523 793 683 851; x_wconf 84' lang='lat' dir='ltr'><strong>.lcsus</strong></span> <span class='ocrx_word' id='word_1_40' title='bbox 715 813 728 849; x_wconf 91' lang='lat'><strong>:</strong></span> <span class='ocrx_word' id='word_1_41' title='bbox 762 793 928 848; x_wconf 81' lang='lat' dir='ltr'><strong>Amen</strong></span> <span class='ocrx_word' id='word_1_42' title='bbox 980 792 1101 847; x_wconf 87' lang='lat' dir='ltr'><strong>dico</strong></span> <span class='ocrx_word' id='word_1_43' title='bbox 1152 789 1270 856; x_wconf 92' lang='lat' dir='ltr'><strong>tibi,</strong></span> <span class='ocrx_word' id='word_1_44' title='bbox 1301 789 1459 845; x_wconf 83' lang='lat' dir='ltr'><strong>hodie</strong></span> <span class='ocrx_word' id='word_1_45' title='bbox 1493 803 1702 843; x_wconf 92' lang='lat' dir='ltr'><strong>mecum</strong></span> <span class='ocrx_word' id='word_1_46' title='bbox 1756 788 1866 841; x_wconf 90' lang='lat' dir='ltr'><strong>eris</strong></span> <span class='ocrx_word' id='word_1_47' title='bbox 1917 786 1971 840; x_wconf 93' lang='lat' dir='ltr'><strong>iu</strong></span> 
     </span>
    </p>
   </div>
   <div class='ocr_carea' id='block_1_9' title="bbox 397 878 1969 956">
    <p class='ocr_par' dir='ltr' id='par_1_9' title="bbox 397 878 1969 956">
     <span class='ocr_line' id='line_1_9' title="bbox 397 878 1969 956; baseline -0.005 -17"><span class='ocrx_word' id='word_1_48' title='bbox 397 885 668 956; x_wconf 78' lang='lat' dir='ltr'><strong>paradiso.</strong></span> <span class='ocrx_word' id='word_1_49' title='bbox 703 902 724 937; x_wconf 82' lang='grc' dir='ltr'><strong>ι</strong></span> <span class='ocrx_word' id='word_1_50' title='bbox 781 881 1062 950; x_wconf 83' lang='lat' dir='ltr'><strong>Quomodo</strong></span> <span class='ocrx_word' id='word_1_51' title='bbox 1101 881 1266 951; x_wconf 89' lang='lat' dir='ltr'><strong>igitur</strong></span> <span class='ocrx_word' id='word_1_52' title='bbox 1313 878 1405 935; x_wconf 83' lang='lat' dir='ltr'><strong>alii</strong></span> <span class='ocrx_word' id='word_1_53' title='bbox 1448 878 1792 946; x_wconf 71' lang='lat' dir='ltr'><strong>evangelista:</strong></span> <span class='ocrx_word' id='word_1_54' title='bbox 1834 878 1969 931; x_wconf 87' lang='lat' dir='ltr'><strong>duos</strong></span> 
     </span>
    </p>
   </div>
   <div class='ocr_carea' id='block_1_10' title="bbox 396 967 1975 1042">
    <p class='ocr_par' dir='ltr' id='par_1_10' title="bbox 396 967 1975 1042">
     <span class='ocr_line' id='line_1_10' title="bbox 396 967 1975 1042; baseline -0.006 -9"><span class='ocrx_word' id='word_1_55' title='bbox 396 980 633 1034; x_wconf 74' lang='lat' dir='ltr'><strong>latrones</strong></span> <span class='ocrx_word' id='word_1_56' title='bbox 662 977 849 1034; x_wconf 86' lang='lat' dir='ltr'><strong>dicunt</strong></span> <span class='ocrx_word' id='word_1_57' title='bbox 900 975 1135 1031; x_wconf 79' lang='lat' dir='ltr'><strong>convitia</strong></span> <span class='ocrx_word' id='word_1_58' title='bbox 1165 973 1217 1029; x_wconf 90' lang='lat' dir='ltr'><strong>in</strong></span> <span class='ocrx_word' id='word_1_59' title='bbox 1243 987 1366 1029; x_wconf 90' lang='lat' dir='ltr'><strong>eum</strong></span> <span class='ocrx_word' id='word_1_60' title='bbox 1402 970 1635 1042; x_wconf 76' lang='lat' dir='ltr'><strong>iecisse?</strong></span> <span class='ocrx_word' id='word_1_61' title='bbox 1668 967 1975 1024; x_wconf 73' lang='lat' dir='ltr'><strong>Verisimile</strong></span> 
     </span>
    </p>
   </div>
   <div class='ocr_carea' id='block_1_11' title="bbox 396 1059 1972 1139">
    <p class='ocr_par' dir='ltr' id='par_1_11' title="bbox 396 1059 1972 1139">
     <span class='ocr_line' id='line_1_11' title="bbox 396 1059 1972 1139; baseline -0.007 -14"><span class='ocrx_word' id='word_1_62' title='bbox 396 1081 576 1125; x_wconf 89' lang='lat' dir='ltr'><strong>autem</strong></span> <span class='ocrx_word' id='word_1_63' title='bbox 607 1079 691 1125; x_wconf 86' lang='lat' dir='ltr'><strong>est</strong></span> <span class='ocrx_word' id='word_1_64' title='bbox 717 1068 862 1139; x_wconf 89' lang='lat' dir='ltr'><strong>quod</strong></span> <span class='ocrx_word' id='word_1_65' title='bbox 895 1068 1129 1139; x_wconf 84' lang='lat' dir='ltr'><strong>primum</strong></span> <span class='ocrx_word' id='word_1_66' title='bbox 1160 1064 1376 1137; x_wconf 87' lang='lat' dir='ltr'><strong>quidem</strong></span> <span class='ocrx_word' id='word_1_67' title='bbox 1406 1064 1514 1120; x_wconf 89' lang='lat' dir='ltr'><strong>duo</strong></span> <span class='ocrx_word' id='word_1_68' title='bbox 1538 1078 1659 1119; x_wconf 90' lang='lat' dir='ltr'><strong>eum</strong></span> <span class='ocrx_word' id='word_1_69' title='bbox 1692 1059 1972 1116; x_wconf 73' lang='lat' dir='ltr'><strong>comitiali</strong></span> 
     </span>
    </p>
   </div>
   <div class='ocr_carea' id='block_1_12' title="bbox 396 1153 1974 1230">
    <p class='ocr_par' dir='ltr' id='par_1_12' title="bbox 396 1153 1974 1230">
     <span class='ocr_line' id='line_1_12' title="bbox 396 1153 1974 1230; baseline -0.008 -14"><span class='ocrx_word' id='word_1_70' title='bbox 396 1164 527 1230; x_wconf 75' lang='lat' dir='ltr'><strong>sint,</strong></span> <span class='ocrx_word' id='word_1_71' title='bbox 544 1163 737 1218; x_wconf 84' lang='lat' dir='ltr'><strong>deinde</strong></span> <span class='ocrx_word' id='word_1_72' title='bbox 760 1176 897 1215; x_wconf 89' lang='lat' dir='ltr'><strong>unus</strong></span> <span class='ocrx_word' id='word_1_73' title='bbox 917 1172 1107 1215; x_wconf 91' lang='lat' dir='ltr'><strong>eorum</strong></span> <span class='ocrx_word' id='word_1_74' title='bbox 1130 1157 1405 1214; x_wconf 90' lang='lat' dir='ltr'><strong>cordatior</strong></span> <span class='ocrx_word' id='word_1_75' title='bbox 1426 1168 1729 1226; x_wconf 78' lang='lat' dir='ltr'><strong>agnoscens</strong></span> <span class='ocrx_word' id='word_1_76' title='bbox 1770 1153 1974 1209; x_wconf 90' lang='lat' dir='ltr'><strong>bonita-</strong></span> 
     </span>
    </p>
   </div>
   <div class='ocr_carea' id='block_1_13' title="bbox 402 1245 1975 1317">
    <p class='ocr_par' dir='ltr' id='par_1_13' title="bbox 402 1245 1975 1317">
     <span class='ocr_line' id='line_1_13' title="bbox 402 1245 1975 1317; baseline -0.007 -8"><span class='ocrx_word' id='word_1_77' title='bbox 402 1267 508 1310; x_wconf 86' lang='lat' dir='ltr'><strong>Iern</strong></span> <span class='ocrx_word' id='word_1_78' title='bbox 549 1266 603 1311; x_wconf 89' lang='lat' dir='ltr'><strong>et</strong></span> <span class='ocrx_word' id='word_1_79' title='bbox 649 1254 987 1308; x_wconf 84' lang='lat' dir='ltr'><strong>divinitatem</strong></span> <span class='ocrx_word' id='word_1_80' title='bbox 1020 1251 1147 1307; x_wconf 75' lang='lat' dir='ltr'><strong>Jesu</strong></span> <span class='ocrx_word' id='word_1_81' title='bbox 1189 1261 1256 1305; x_wconf 81' lang='lat' dir='ltr'><strong>ex</strong></span> <span class='ocrx_word' id='word_1_82' title='bbox 1311 1264 1443 1304; x_wconf 89' lang='lat' dir='ltr'><strong>voce</strong></span> <span class='ocrx_word' id='word_1_83' title='bbox 1489 1262 1650 1317; x_wconf 91' lang='lat' dir='ltr'><strong>quam</strong></span> <span class='ocrx_word' id='word_1_84' title='bbox 1702 1245 1828 1301; x_wconf 82' lang='lat' dir='ltr'><strong>fecit</strong></span> <span class='ocrx_word' id='word_1_85' title='bbox 1876 1257 1975 1314; x_wconf 90' lang='lat' dir='ltr'><strong>pro</strong></span> 
     </span>
    </p>
   </div>
   <div class='ocr_carea' id='block_1_14' title="bbox 397 1337 1973 1416">
    <p class='ocr_par' dir='ltr' id='par_1_14' title="bbox 397 1337 1973 1416">
     <span class='ocr_line' id='line_1_14' title="bbox 397 1337 1973 1416; baseline -0.008 -15"><span class='ocrx_word' id='word_1_86' title='bbox 397 1346 842 1416; x_wconf 70' lang='lat' dir='ltr'><strong>crucifigentibus</strong></span> <span class='ocrx_word' id='word_1_87' title='bbox 874 1360 888 1399; x_wconf 93' lang='lat'><strong>:</strong></span> <span class='ocrx_word' id='word_1_88' title='bbox 924 1360 943 1395; x_wconf 81' lang='grc' dir='ltr'>ι</span> <span class='ocrx_word' id='word_1_89' title='bbox 973 1340 1154 1407; x_wconf 83' lang='lat' dir='ltr'><strong>Pater,</strong></span> <span class='ocrx_word' id='word_1_90' title='bbox 1177 1341 1385 1404; x_wconf 87' lang='lat' dir='ltr'><strong>dicens,</strong></span> <span class='ocrx_word' id='word_1_91' title='bbox 1410 1338 1624 1393; x_wconf 82' lang='lat' dir='ltr'><strong>remitte</strong></span> <span class='ocrx_word' id='word_1_92' title='bbox 1649 1337 1759 1404; x_wconf 88' lang='lat' dir='ltr'><strong>eis;</strong></span> <span class='ocrx_word' id='word_1_93' title='bbox 1790 1354 1809 1387; x_wconf 90' lang='grc' dir='ltr'><strong>ι</strong></span> <span class='ocrx_word' id='word_1_94' title='bbox 1846 1349 1973 1407; x_wconf 73' lang='lat' dir='ltr'><strong>qua:</strong></span> 
     </span>
    </p>
   </div>
   <div class='ocr_carea' id='block_1_15' title="bbox 399 1428 1977 1499">
    <p class='ocr_par' dir='ltr' id='par_1_15' title="bbox 399 1428 1977 1499">
     <span class='ocr_line' id='line_1_15' title="bbox 399 1428 1977 1499; baseline -0.004 -9"><span class='ocrx_word' id='word_1_95' title='bbox 399 1454 500 1494; x_wconf 80' lang='lat' dir='ltr'><strong>vox</strong></span> <span class='ocrx_word' id='word_1_96' title='bbox 549 1454 654 1494; x_wconf 91' lang='lat' dir='ltr'><strong>non</strong></span> <span class='ocrx_word' id='word_1_97' title='bbox 685 1435 857 1491; x_wconf 91' lang='lat' dir='ltr'><strong>solum</strong></span> <span class='ocrx_word' id='word_1_98' title='bbox 889 1434 1038 1490; x_wconf 89' lang='lat' dir='ltr'><strong>omni</strong></span> <span class='ocrx_word' id='word_1_99' title='bbox 1077 1431 1447 1487; x_wconf 87' lang='lat' dir='ltr'><strong>misericordia</strong></span> <span class='ocrx_word' id='word_1_100' title='bbox 1479 1430 1633 1499; x_wconf 82' lang='lat' dir='ltr'><strong>plena</strong></span> <span class='ocrx_word' id='word_1_101' title='bbox 1667 1439 1773 1494; x_wconf 90' lang='lat' dir='ltr'><strong>est,</strong></span> <span class='ocrx_word' id='word_1_102' title='bbox 1800 1428 1892 1483; x_wconf 87' lang='lat' dir='ltr'><strong>sed</strong></span> <span class='ocrx_word' id='word_1_103' title='bbox 1921 1435 1977 1484; x_wconf 87' lang='lat' dir='ltr'><strong>ct</strong></span> 
     </span>
    </p>
   </div>
   <div class='ocr_carea' id='block_1_16' title="bbox 401 1518 1973 1598">
    <p class='ocr_par' dir='ltr' id='par_1_16' title="bbox 401 1518 1973 1598">
     <span class='ocr_line' id='line_1_16' title="bbox 401 1518 1973 1598; baseline -0.006 -16"><span class='ocrx_word' id='word_1_104' title='bbox 401 1545 647 1598; x_wconf 84' lang='lat' dir='ltr'><strong>magnam</strong></span> <span class='ocrx_word' id='word_1_105' title='bbox 694 1522 1068 1583; x_wconf 72' lang='lat' dir='ltr'><strong>auctoritatem</strong></span> <span class='ocrx_word' id='word_1_106' title='bbox 1100 1540 1208 1595; x_wconf 81' lang='lat' dir='ltr'><strong>pra:</strong></span> <span class='ocrx_word' id='word_1_107' title='bbox 1234 1539 1291 1579; x_wconf 91' lang='lat' dir='ltr'><strong>se</strong></span> <span class='ocrx_word' id='word_1_108' title='bbox 1322 1522 1449 1577; x_wconf 76' lang='lat' dir='ltr'><strong>fert.</strong></span> <span class='ocrx_word' id='word_1_109' title='bbox 1482 1520 1596 1576; x_wconf 84' lang='lat' dir='ltr'><strong>Non</strong></span> <span class='ocrx_word' id='word_1_110' title='bbox 1625 1522 1768 1576; x_wconf 83' lang='lat' dir='ltr'><strong>enim</strong></span> <span class='ocrx_word' id='word_1_111' title='bbox 1800 1518 1973 1573; x_wconf 75' lang='lat' dir='ltr'><strong>dixit:</strong></span> 
     </span>
    </p>
   </div>
   <div class='ocr_carea' id='block_1_17' title="bbox 402 1613 1977 1688">
    <p class='ocr_par' dir='ltr' id='par_1_17' title="bbox 402 1613 1977 1688">
     <span class='ocr_line' id='line_1_17' title="bbox 402 1613 1977 1688; baseline -0.008 -12"><span class='ocrx_word' id='word_1_112' title='bbox 402 1622 647 1688; x_wconf 78' lang='lat' dir='ltr'><strong>Domine,</strong></span> <span class='ocrx_word' id='word_1_113' title='bbox 670 1635 787 1686; x_wconf 90' lang='lat' dir='ltr'><strong>oro,</strong></span> <span class='ocrx_word' id='word_1_114' title='bbox 814 1618 1025 1673; x_wconf 90' lang='lat' dir='ltr'><strong>dimitte</strong></span> <span class='ocrx_word' id='word_1_115' title='bbox 1057 1617 1158 1682; x_wconf 87' lang='lat' dir='ltr'><strong>eis,</strong></span> <span class='ocrx_word' id='word_1_116' title='bbox 1184 1616 1276 1671; x_wconf 90' lang='lat' dir='ltr'><strong>sed</strong></span> <span class='ocrx_word' id='word_1_117' title='bbox 1328 1613 1646 1683; x_wconf 73' lang='lat' dir='ltr'><strong>simpliciter</strong></span> <span class='ocrx_word' id='word_1_118' title='bbox 1674 1613 1752 1667; x_wconf 88' lang='lat' dir='ltr'><strong>sic</strong></span> <span class='ocrx_word' id='word_1_119' title='bbox 1783 1624 1977 1680; x_wconf 86' lang='lat' dir='ltr'><strong>magna</strong></span> 
     </span>
    </p>
   </div>
   <div class='ocr_carea' id='block_1_18' title="bbox 401 1703 1977 1785">
    <p class='ocr_par' dir='ltr' id='par_1_18' title="bbox 401 1703 1977 1785">
     <span class='ocr_line' id='line_1_18' title="bbox 401 1703 1977 1785; baseline -0.008 -16"><span class='ocrx_word' id='word_1_120' title='bbox 401 1725 665 1785; x_wconf 70' lang='lat' dir='ltr'><strong>potestate</strong></span> <span class='ocrx_word' id='word_1_121' title='bbox 692 1731 705 1767; x_wconf 91' lang='lat'><strong>:</strong></span> <span class='ocrx_word' id='word_1_122' title='bbox 742 1731 762 1765; x_wconf 74' lang='grc' dir='ltr'>ι</span> <span class='ocrx_word' id='word_1_123' title='bbox 796 1710 977 1777; x_wconf 82' lang='lat' dir='ltr'><strong>Pater,</strong></span> <span class='ocrx_word' id='word_1_124' title='bbox 1000 1709 1217 1764; x_wconf 86' lang='lat' dir='ltr'><strong>remitte</strong></span> <span class='ocrx_word' id='word_1_125' title='bbox 1241 1707 1341 1762; x_wconf 87' lang='lat' dir='ltr'><strong>eis.</strong></span> <span class='ocrx_word' id='word_1_126' title='bbox 1371 1726 1389 1759; x_wconf 79' lang='grc' dir='ltr'><strong>ι</strong></span> <span class='ocrx_word' id='word_1_127' title='bbox 1418 1703 1495 1759; x_wconf 76' lang='lat' dir='ltr'><strong>Ex</strong></span> <span class='ocrx_word' id='word_1_128' title='bbox 1522 1707 1621 1759; x_wconf 87' lang='lat' dir='ltr'><strong>hac</strong></span> <span class='ocrx_word' id='word_1_129' title='bbox 1660 1703 1822 1774; x_wconf 79' lang='lat' dir='ltr'><strong>igitur</strong></span> <span class='ocrx_word' id='word_1_130' title='bbox 1847 1718 1977 1757; x_wconf 84' lang='lat' dir='ltr'><strong>voce</strong></span> 
     </span>
    </p>
   </div>
   <div class='ocr_carea' id='block_1_19' title="bbox 2074 606 3621 682">
    <p class='ocr_par' dir='ltr' id='par_1_19' title="bbox 2074 606 3621 682">
     <span class='ocr_line' id='line_1_19' title="bbox 2074 606 3621 682; baseline 0.003 -21"><span class='ocrx_word' id='word_1_131' title='bbox 2074 606 2274 661; x_wconf 77' lang='grc' dir='ltr'>ἄτοπον</span> <span class='ocrx_word' id='word_1_132' title='bbox 2322 608 2545 680; x_wconf 81' lang='grc' dir='ltr'>ἔπραξε.</span> <span class='ocrx_word' id='word_1_133' title='bbox 2595 609 2703 662; x_wconf 74' lang='grc' dir='ltr'>Καὶ</span> <span class='ocrx_word' id='word_1_134' title='bbox 2753 610 2910 678; x_wconf 77' lang='grc' dir='ltr'>ἔλεγε</span> <span class='ocrx_word' id='word_1_135' title='bbox 2968 609 3046 680; x_wconf 77' lang='grc' dir='ltr'>τῷ</span> <span class='ocrx_word' id='word_1_136' title='bbox 3095 609 3310 679; x_wconf 74' lang='grc' dir='ltr'>Ἰησοῦ·</span> <span class='ocrx_word' id='word_1_137' title='bbox 3360 612 3621 682; x_wconf 75' lang='grc' dir='ltr'>Μνήσθητί</span> 
     </span>
    </p>
   </div>
   <div class='ocr_carea' id='block_1_20' title="bbox 2079 700 3625 774">
    <p class='ocr_par' dir='ltr' id='par_1_20' title="bbox 2079 700 3625 774">
     <span class='ocr_line' id='line_1_20' title="bbox 2079 700 3625 774; baseline 0.002 -21"><span class='ocrx_word' id='word_1_138' title='bbox 2079 717 2203 771; x_wconf 88' lang='grc' dir='ltr'>μου,</span> <span class='ocrx_word' id='word_1_139' title='bbox 2240 700 2433 771; x_wconf 74' lang='grc' dir='ltr'>Κύριε,</span> <span class='ocrx_word' id='word_1_140' title='bbox 2471 704 2599 755; x_wconf 79' lang='grc' dir='ltr'>ὅταν</span> <span class='ocrx_word' id='word_1_141' title='bbox 2653 700 2813 771; x_wconf 72' lang='grc' dir='ltr'>ἔλθῃς</span> <span class='ocrx_word' id='word_1_142' title='bbox 2864 702 2923 754; x_wconf 78' lang='grc' dir='ltr'><strong>ὲν</strong></span> <span class='ocrx_word' id='word_1_143' title='bbox 2965 704 3033 771; x_wconf 76' lang='grc' dir='ltr'>τῇ</span> <span class='ocrx_word' id='word_1_144' title='bbox 3090 700 3335 774; x_wconf 69' lang='grc' dir='ltr'>βασιλεία</span> <span class='ocrx_word' id='word_1_145' title='bbox 3388 718 3497 755; x_wconf 75' lang='grc' dir='ltr'>σου.</span> <span class='ocrx_word' id='word_1_146' title='bbox 3529 704 3625 756; x_wconf 72' lang='grc' dir='ltr'>Καὶ</span> 
     </span>
    </p>
   </div>
   <div class='ocr_carea' id='block_1_21' title="bbox 2075 788 3624 864">
    <p class='ocr_par' dir='ltr' id='par_1_21' title="bbox 2075 788 3624 864">
     <span class='ocr_line' id='line_1_21' title="bbox 2075 788 3624 864; baseline 0.001 -19"><span class='ocrx_word' id='word_1_147' title='bbox 2075 788 2231 845; x_wconf 72' lang='grc' dir='ltr'>εἶπεν</span> <span class='ocrx_word' id='word_1_148' title='bbox 2257 792 2404 863; x_wconf 76' lang='grc' dir='ltr'>αὐτῷ</span> <span class='ocrx_word' id='word_1_149' title='bbox 2429 795 2457 846; x_wconf 81' lang='grc' dir='ltr'>ὁ</span> <span class='ocrx_word' id='word_1_150' title='bbox 2487 792 2716 864; x_wconf 63' lang='grc' dir='ltr'>Ἰησοῦν</span> <span class='ocrx_word' id='word_1_151' title='bbox 2738 793 2911 863; x_wconf 75' lang='grc' dir='ltr'>’Λμὴν</span> <span class='ocrx_word' id='word_1_152' title='bbox 2950 792 3094 862; x_wconf 70' lang='grc' dir='ltr'><strong>λέγω</strong></span> <span class='ocrx_word' id='word_1_153' title='bbox 3125 807 3227 854; x_wconf 84' lang='grc' dir='ltr'>σοι,</span> <span class='ocrx_word' id='word_1_154' title='bbox 3267 794 3499 864; x_wconf 73' lang='grc' dir='ltr'>σήμερον</span> <span class='ocrx_word' id='word_1_155' title='bbox 3522 795 3624 862; x_wconf 73' lang='grc' dir='ltr'>μετ’</span> 
     </span>
    </p>
   </div>
   <div class='ocr_carea' id='block_1_22' title="bbox 2077 881 3627 957">
    <p class='ocr_par' dir='ltr' id='par_1_22' title="bbox 2077 881 3627 957">
     <span class='ocr_line' id='line_1_22' title="bbox 2077 881 3627 957; baseline 0.002 -19"><span class='ocrx_word' id='word_1_156' title='bbox 2077 885 2211 952; x_wconf 86' lang='grc' dir='ltr'>ἐμοῦ</span> <span class='ocrx_word' id='word_1_157' title='bbox 2240 884 2337 957; x_wconf 77' lang='grc' dir='ltr'><strong>ἔσῃ</strong></span> <span class='ocrx_word' id='word_1_158' title='bbox 2373 887 2428 937; x_wconf 77' lang='grc' dir='ltr'><strong>ἐν</strong></span> <span class='ocrx_word' id='word_1_159' title='bbox 2492 887 2566 956; x_wconf 71' lang='grc' dir='ltr'><strong>τῷ</strong></span> <span class='ocrx_word' id='word_1_160' title='bbox 2599 884 2937 956; x_wconf 74' lang='grc' dir='ltr'>παραδείσῳ.</span> <span class='ocrx_word' id='word_1_161' title='bbox 2985 905 3002 936; x_wconf 83' lang='grc' dir='ltr'><strong>ι</strong></span> <span class='ocrx_word' id='word_1_162' title='bbox 3067 886 3188 948; x_wconf 83' lang='grc' dir='ltr'><strong>Πῶς</strong></span> <span class='ocrx_word' id='word_1_163' title='bbox 3237 881 3328 939; x_wconf 75' lang='grc' dir='ltr'>οῦν</span> <span class='ocrx_word' id='word_1_164' title='bbox 3366 886 3416 939; x_wconf 81' lang='lat' dir='ltr'><strong>oi</strong></span> <span class='ocrx_word' id='word_1_165' title='bbox 3470 886 3627 955; x_wconf 83' lang='grc' dir='ltr'>ἐτεροι</span> 
     </span>
    </p>
   </div>
   <div class='ocr_carea' id='block_1_23' title="bbox 2080 975 3630 1050">
    <p class='ocr_par' dir='ltr' id='par_1_23' title="bbox 2080 975 3630 1050">
     <span class='ocr_line' id='line_1_23' title="bbox 2080 975 3630 1050; baseline 0.002 -22"><span class='ocrx_word' id='word_1_166' title='bbox 2080 975 2469 1044; x_wconf 74' lang='grc' dir='ltr'>εὖαγγελισταὶ</span> <span class='ocrx_word' id='word_1_167' title='bbox 2498 979 2621 1041; x_wconf 81' lang='grc' dir='ltr'>τοὺς</span> <span class='ocrx_word' id='word_1_168' title='bbox 2667 976 2761 1031; x_wconf 79' lang='grc' dir='ltr'><strong>δύο</strong></span> <span class='ocrx_word' id='word_1_169' title='bbox 2787 976 2986 1050; x_wconf 75' lang='grc' dir='ltr'>λῃστάς</span> <span class='ocrx_word' id='word_1_170' title='bbox 3022 994 3153 1046; x_wconf 73' lang='grc' dir='ltr'>φασι</span> <span class='ocrx_word' id='word_1_171' title='bbox 3197 981 3515 1047; x_wconf 73' lang='grc' dir='ltr'>κατηγορεῖν</span> <span class='ocrx_word' id='word_1_172' title='bbox 3543 979 3630 1031; x_wconf 75' lang='grc' dir='ltr'><strong>αὖ·</strong></span> 
     </span>
    </p>
   </div>
   <div class='ocr_carea' id='block_1_24' title="bbox 2077 1064 3627 1138">
    <p class='ocr_par' dir='ltr' id='par_1_24' title="bbox 2077 1064 3627 1138">
     <span class='ocr_line' id='line_1_24' title="bbox 2077 1064 3627 1138; baseline 0.014 -42"><span class='ocrx_word' id='word_1_173' title='bbox 2077 1064 2206 1132; x_wconf 45' lang='grc' dir='ltr'>τοίη</span> <span class='ocrx_word' id='word_1_174' title='bbox 2240 1065 2329 1119; x_wconf 72' lang='grc' dir='ltr'><strong>»εν</strong></span> <span class='ocrx_word' id='word_1_175' title='bbox 2354 1068 2495 1138; x_wconf 78' lang='grc' dir='ltr'><strong>ἀρχῇ</strong></span> <span class='ocrx_word' id='word_1_176' title='bbox 2540 1067 2639 1138; x_wconf 68' lang='grc' dir='ltr'><strong>μὲν</strong></span> <span class='ocrx_word' id='word_1_177' title='bbox 2665 1067 2811 1130; x_wconf 71' lang='grc' dir='ltr'>εἶκδὶ</span> <span class='ocrx_word' id='word_1_178' title='bbox 2838 1067 2963 1130; x_wconf 74' lang='grc' dir='ltr'><strong>τοὺς</strong></span> <span class='ocrx_word' id='word_1_179' title='bbox 2990 1066 3083 1119; x_wconf 69' lang='grc' dir='ltr'><strong>δύο</strong></span> <span class='ocrx_word' id='word_1_180' title='bbox 3116 1069 3441 1136; x_wconf 72' lang='grc' dir='ltr'><strong>κατηγορεῖν</strong></span> <span class='ocrx_word' id='word_1_181' title='bbox 3462 1067 3627 1133; x_wconf 73' lang='grc' dir='ltr'>αὐτοῦ,</span> 
     </span>
    </p>
   </div>
   <div class='ocr_carea' id='block_1_25' title="bbox 2076 1153 3630 1229">
    <p class='ocr_par' dir='ltr' id='par_1_25' title="bbox 2076 1153 3630 1229">
     <span class='ocr_line' id='line_1_25' title="bbox 2076 1153 3630 1229; baseline 0.003 -18"><span class='ocrx_word' id='word_1_182' title='bbox 2076 1153 2194 1212; x_wconf 75' lang='grc' dir='ltr'>εἶτα</span> <span class='ocrx_word' id='word_1_183' title='bbox 2232 1159 2323 1211; x_wconf 63' lang='grc' dir='ltr'><strong>τὸν</strong></span> <span class='ocrx_word' id='word_1_184' title='bbox 2369 1159 2559 1229; x_wconf 83' lang='grc' dir='ltr'>ἐτερον</span> <span class='ocrx_word' id='word_1_185' title='bbox 2598 1161 2778 1213; x_wconf 65' lang='grc' dir='ltr'>αὐτῶν</span> <span class='ocrx_word' id='word_1_186' title='bbox 2834 1159 3096 1228; x_wconf 80' lang='grc' dir='ltr'>ἀγχίνουν</span> <span class='ocrx_word' id='word_1_187' title='bbox 3156 1159 3308 1222; x_wconf 75' lang='grc' dir='ltr'>ὅντα,</span> <span class='ocrx_word' id='word_1_188' title='bbox 3357 1161 3630 1227; x_wconf 66' lang='grc' dir='ltr'>ἐπιγνῶναι</span> 
     </span>
    </p>
   </div>
   <div class='ocr_carea' id='block_1_26' title="bbox 2076 1251 3632 1322">
    <p class='ocr_par' dir='ltr' id='par_1_26' title="bbox 2076 1251 3632 1322">
     <span class='ocr_line' id='line_1_26' title="bbox 2076 1251 3632 1322; baseline 0.001 -19"><span class='ocrx_word' id='word_1_189' title='bbox 2076 1252 2175 1321; x_wconf 78' lang='grc' dir='ltr'><strong>τὴν</strong></span> <span class='ocrx_word' id='word_1_190' title='bbox 2218 1251 2392 1322; x_wconf 83' lang='grc' dir='ltr'>Ἰησοῦ</span> <span class='ocrx_word' id='word_1_191' title='bbox 2441 1252 2751 1322; x_wconf 74' lang='grc' dir='ltr'>ἁγαοότητα</span> <span class='ocrx_word' id='word_1_192' title='bbox 2785 1252 2878 1307; x_wconf 51' lang='grc' dir='ltr'><strong>καὶ⁸</strong></span> <span class='ocrx_word' id='word_1_193' title='bbox 2927 1252 3159 1320; x_wconf 75' lang='grc' dir='ltr'>θεότητα</span> <span class='ocrx_word' id='word_1_194' title='bbox 3208 1254 3272 1305; x_wconf 80' lang='grc' dir='ltr'><strong>ἐκ</strong></span> <span class='ocrx_word' id='word_1_195' title='bbox 3302 1251 3398 1321; x_wconf 75' lang='grc' dir='ltr'>τῆς</span> <span class='ocrx_word' id='word_1_196' title='bbox 3445 1252 3632 1320; x_wconf 68' lang='grc' dir='ltr'>φωνῆς,</span> 
     </span>
    </p>
   </div>
   <div class='ocr_carea' id='block_1_27' title="bbox 2076 1335 3630 1414">
    <p class='ocr_par' dir='ltr' id='par_1_27' title="bbox 2076 1335 3630 1414">
     <span class='ocr_line' id='line_1_27' title="bbox 2076 1335 3630 1414; baseline 0.001 -20"><span class='ocrx_word' id='word_1_197' title='bbox 2076 1335 2144 1414; x_wconf 76' lang='grc' dir='ltr'>ἧς</span> <span class='ocrx_word' id='word_1_198' title='bbox 2179 1343 2420 1396; x_wconf 78' lang='grc' dir='ltr'>ἐποιεῖτο</span> <span class='ocrx_word' id='word_1_199' title='bbox 2451 1343 2589 1412; x_wconf 79' lang='grc' dir='ltr'>ὑπὲρ</span> <span class='ocrx_word' id='word_1_200' title='bbox 2611 1343 2719 1397; x_wconf 81' lang='grc' dir='ltr'>τῶν</span> <span class='ocrx_word' id='word_1_201' title='bbox 2749 1342 3147 1413; x_wconf 76' lang='grc' dir='ltr'>σταυροῦντων,</span> <span class='ocrx_word' id='word_1_202' title='bbox 3181 1361 3199 1393; x_wconf 80' lang='grc' dir='ltr'>ι</span> <span class='ocrx_word' id='word_1_203' title='bbox 3234 1342 3436 1412; x_wconf 70' lang='grc' dir='ltr'>Πάτερ,</span> <span class='ocrx_word' id='word_1_204' title='bbox 3457 1342 3630 1410; x_wconf 75' lang='grc' dir='ltr'>λέγων,</span> 
     </span>
    </p>
   </div>
   <div class='ocr_carea' id='block_1_28' title="bbox 2077 1435 3632 1507">
    <p class='ocr_par' dir='ltr' id='par_1_28' title="bbox 2077 1435 3632 1507">
     <span class='ocr_line' id='line_1_28' title="bbox 2077 1435 3632 1507; baseline -0.001 -17"><span class='ocrx_word' id='word_1_205' title='bbox 2077 1436 2213 1503; x_wconf 54' lang='grc' dir='ltr'>ἄσες</span> <span class='ocrx_word' id='word_1_206' title='bbox 2246 1437 2452 1499; x_wconf 70' lang='grc' dir='ltr'>αὐτοῖς.</span> <span class='ocrx_word' id='word_1_207' title='bbox 2487 1455 2505 1488; x_wconf 86' lang='grc' dir='ltr'><strong>ι</strong></span> <span class='ocrx_word' id='word_1_208' title='bbox 2550 1436 2626 1489; x_wconf 67' lang='lat' dir='ltr'><strong>Oti</strong></span> <span class='ocrx_word' id='word_1_209' title='bbox 2663 1436 2827 1506; x_wconf 81' lang='grc' dir='ltr'>μόνον</span> <span class='ocrx_word' id='word_1_210' title='bbox 2857 1436 2968 1507; x_wconf 75' lang='grc' dir='ltr'>γὰρ</span> <span class='ocrx_word' id='word_1_211' title='bbox 2999 1436 3180 1507; x_wconf 77' lang='grc' dir='ltr'>πάσης</span> <span class='ocrx_word' id='word_1_212' title='bbox 3241 1435 3632 1505; x_wconf 66' lang='grc' dir='ltr'>φιλανθρωπίας</span> 
     </span>
    </p>
   </div>
   <div class='ocr_carea' id='block_1_29' title="bbox 2079 1526 3631 1600">
    <p class='ocr_par' dir='ltr' id='par_1_29' title="bbox 2079 1526 3631 1600">
     <span class='ocr_line' id='line_1_29' title="bbox 2079 1526 3631 1600; baseline -0.001 -19"><span class='ocrx_word' id='word_1_213' title='bbox 2079 1527 2266 1599; x_wconf 80' lang='grc' dir='ltr'>γέμει,</span> <span class='ocrx_word' id='word_1_214' title='bbox 2293 1526 2433 1583; x_wconf 72' lang='grc' dir='ltr'><strong>ἀλλὰ</strong></span> <span class='ocrx_word' id='word_1_215' title='bbox 2487 1527 2582 1581; x_wconf 81' lang='grc' dir='ltr'>καὶ</span> <span class='ocrx_word' id='word_1_216' title='bbox 2628 1528 2921 1583; x_wconf 79' lang='grc' dir='ltr'>αὐθεντίαν</span> <span class='ocrx_word' id='word_1_217' title='bbox 2974 1528 3175 1600; x_wconf 71' lang='grc' dir='ltr'>πολλὴν</span> <span class='ocrx_word' id='word_1_218' title='bbox 3227 1528 3553 1581; x_wconf 73' lang='grc' dir='ltr'><strong>ἐνδείκνυται</strong></span> <span class='ocrx_word' id='word_1_219' title='bbox 3601 1530 3631 1598; x_wconf 76' lang='grc' dir='ltr'><strong>ἡ</strong></span> 
     </span>
    </p>
   </div>
   <div class='ocr_carea' id='block_1_30' title="bbox 2080 1615 3632 1691">
    <p class='ocr_par' dir='ltr' id='par_1_30' title="bbox 2080 1615 3632 1691">
     <span class='ocr_line' id='line_1_30' title="bbox 2080 1615 3632 1691; baseline 0.001 -19"><span class='ocrx_word' id='word_1_220' title='bbox 2080 1622 2252 1689; x_wconf 70' lang='grc' dir='ltr'>φωνή.</span> <span class='ocrx_word' id='word_1_221' title='bbox 2287 1620 2361 1674; x_wconf 75' lang='grc' dir='ltr'><strong>Οὐ</strong></span> <span class='ocrx_word' id='word_1_222' title='bbox 2385 1620 2495 1691; x_wconf 75' lang='grc' dir='ltr'>γὰρ</span> <span class='ocrx_word' id='word_1_223' title='bbox 2525 1615 2668 1684; x_wconf 84' lang='grc' dir='ltr'>εἷπε,</span> <span class='ocrx_word' id='word_1_224' title='bbox 2711 1619 2904 1690; x_wconf 81' lang='grc' dir='ltr'>Κύριε,</span> <span class='ocrx_word' id='word_1_225' title='bbox 2936 1620 3260 1689; x_wconf 75' lang='grc' dir='ltr'>παρακαλῶ,</span> <span class='ocrx_word' id='word_1_226' title='bbox 3292 1622 3425 1689; x_wconf 54' lang='grc' dir='ltr'>ἄφες</span> <span class='ocrx_word' id='word_1_227' title='bbox 3449 1621 3632 1685; x_wconf 68' lang='grc' dir='ltr'>αὐτοῖς,</span> 
     </span>
    </p>
   </div>
   <div class='ocr_carea' id='block_1_31' title="bbox 2080 1709 3633 1782">
    <p class='ocr_par' dir='ltr' id='par_1_31' title="bbox 2080 1709 3633 1782">
     <span class='ocr_line' id='line_1_31' title="bbox 2080 1709 3633 1782; baseline 0 -18"><span class='ocrx_word' id='word_1_228' title='bbox 2080 1710 2197 1764; x_wconf 78' lang='grc' dir='ltr'><strong>ἀλλ’</strong></span> <span class='ocrx_word' id='word_1_229' title='bbox 2255 1710 2445 1773; x_wconf 74' lang='grc' dir='ltr'>ἁπλῶς</span> <span class='ocrx_word' id='word_1_230' title='bbox 2501 1709 2675 1773; x_wconf 86' lang='grc' dir='ltr'>οῦτως</span> <span class='ocrx_word' id='word_1_231' title='bbox 2736 1712 2829 1764; x_wconf 79' lang='grc' dir='ltr'>καὶ</span> <span class='ocrx_word' id='word_1_232' title='bbox 2877 1711 3322 1776; x_wconf 77' lang='grc' dir='ltr'>ἐξουσιαστικῶς,</span> <span class='ocrx_word' id='word_1_233' title='bbox 3380 1729 3399 1762; x_wconf 78' lang='grc' dir='ltr'>ι</span> <span class='ocrx_word' id='word_1_234' title='bbox 3449 1712 3633 1782; x_wconf 74' lang='grc' dir='ltr'>Πατερ,</span> 
     </span>
    </p>
   </div>
   <div class='ocr_carea' id='block_1_32' title="bbox 399 1794 1977 1876">
    <p class='ocr_par' dir='ltr' id='par_1_32' title="bbox 399 1794 1972 1876">
     <span class='ocr_line' id='line_1_32' title="bbox 399 1794 1972 1876; baseline -0.008 -16"><span class='ocrx_word' id='word_1_235' title='bbox 399 1820 724 1876; x_wconf 77' lang='lat' dir='ltr'><strong>agnoscens,</strong></span> <span class='ocrx_word' id='word_1_236' title='bbox 757 1804 845 1873; x_wconf 90' lang='lat' dir='ltr'><strong>qui</strong></span> <span class='ocrx_word' id='word_1_237' title='bbox 876 1802 1028 1872; x_wconf 89' lang='lat' dir='ltr'><strong>prius</strong></span> <span class='ocrx_word' id='word_1_238' title='bbox 1043 1800 1550 1868; x_wconf 75' lang='lat' dir='ltr'><strong>eratblaSphcmus,</strong></span> <span class='ocrx_word' id='word_1_239' title='bbox 1572 1794 1756 1852; x_wconf 63' lang='lat' dir='ltr'><strong>desum</strong></span> <span class='ocrx_word' id='word_1_240' title='bbox 1787 1810 1972 1851; x_wconf 84' lang='lat' dir='ltr'><strong>verum</strong></span> 
     </span>
    </p>
   </div>
   <div class='ocr_carea' id='block_1_33' title="bbox 2081 1794 3635 1876">
    <p class='ocr_par' dir='ltr' id='par_1_33' title="bbox 2081 1799 3635 1874">
     <span class='ocr_line' id='line_1_33' title="bbox 2081 1799 3635 1874; baseline -0.001 -18"><span class='ocrx_word' id='word_1_241' title='bbox 2081 1802 2216 1870; x_wconf 77' lang='grc' dir='ltr'>ἄφες</span> <span class='ocrx_word' id='word_1_242' title='bbox 2250 1803 2454 1866; x_wconf 77' lang='grc' dir='ltr'>αὐτοῖς.</span> <span class='ocrx_word' id='word_1_243' title='bbox 2498 1822 2516 1854; x_wconf 83' lang='grc' dir='ltr'><strong>ι</strong></span> <span class='ocrx_word' id='word_1_244' title='bbox 2559 1803 2656 1856; x_wconf 78' lang='grc' dir='ltr'>Ἐκ</span> <span class='ocrx_word' id='word_1_245' title='bbox 2680 1804 2887 1874; x_wconf 78' lang='grc' dir='ltr'><strong>ταύτης</strong></span> <span class='ocrx_word' id='word_1_246' title='bbox 2926 1799 3017 1857; x_wconf 80' lang='grc' dir='ltr'><strong>οῦν</strong></span> <span class='ocrx_word' id='word_1_247' title='bbox 3051 1805 3151 1872; x_wconf 71' lang='grc' dir='ltr'>τῆς</span> <span class='ocrx_word' id='word_1_248' title='bbox 3184 1801 3372 1871; x_wconf 72' lang='grc' dir='ltr'>φωνῆς</span> <span class='ocrx_word' id='word_1_249' title='bbox 3398 1804 3635 1871; x_wconf 63' lang='grc' dir='ltr'>ἐπιγνοὺς</span> 
     </span>
    </p>
   </div>
   <div class='ocr_carea' id='block_1_34' title="bbox 402 1867 1977 1968">
    <p class='ocr_par' dir='ltr' id='par_1_34' title="bbox 402 1867 1968 1968">
     <span class='ocr_line' id='line_1_34' title="bbox 402 1867 1968 1968; baseline -0.008 -17"><span class='ocrx_word' id='word_1_250' title='bbox 402 1867 603 1968; x_wconf 50' lang='lat' dir='ltr'><strong>riam...</strong></span> <span class='ocrx_word' id='word_1_251' title='bbox 624 1867 942 1950; x_wconf 38' lang='lat' dir='ltr'><strong>confutat‘et</strong></span> <span class='ocrx_word' id='word_1_252' title='bbox 968 1892 1200 1947; x_wconf 89' lang='lat' dir='ltr'><strong>alterum</strong></span> <span class='ocrx_word' id='word_1_253' title='bbox 1222 1867 1507 1953; x_wconf 80' lang='lat' dir='ltr'><strong>latronem,</strong></span> <span class='ocrx_word' id='word_1_254' title='bbox 1523 1886 1659 1941; x_wconf 87' lang='lat' dir='ltr'><strong>etad</strong></span> <span class='ocrx_word' id='word_1_255' title='bbox 1682 1884 1865 1941; x_wconf 81' lang='lat' dir='ltr'><strong>Jesum</strong></span> <span class='ocrx_word' id='word_1_256' title='bbox 1894 1886 1968 1940; x_wconf 89' lang='lat' dir='ltr'><strong>di-</strong></span> 
     </span>
    </p>
   </div>
   <div class='ocr_carea' id='block_1_35' title="bbox 2081 1867 3633 1968">
    <p class='ocr_par' dir='ltr' id='par_1_35' title="bbox 2081 1867 3633 1967">
     <span class='ocr_line' id='line_1_35' title="bbox 2081 1867 3633 1967; baseline 0 -19"><span class='ocrx_word' id='word_1_257' title='bbox 2081 1897 2109 1948; x_wconf 85' lang='grc' dir='ltr'>ὁ</span> <span class='ocrx_word' id='word_1_258' title='bbox 2139 1896 2403 1967; x_wconf 78' lang='grc' dir='ltr'>πρότερον</span> <span class='ocrx_word' id='word_1_259' title='bbox 2436 1896 2775 1967; x_wconf 67' lang='grc' dir='ltr'>βλάσφημος,</span> <span class='ocrx_word' id='word_1_260' title='bbox 2802 1897 2892 1949; x_wconf 71' lang='grc' dir='ltr'>τὸν</span> <span class='ocrx_word' id='word_1_261' title='bbox 2926 1894 3137 1965; x_wconf 76' lang='grc' dir='ltr'>Ἰησοῦν</span> <span class='ocrx_word' id='word_1_262' title='bbox 3191 1895 3449 1965; x_wconf 67' lang='grc' dir='ltr'>ἀληθινδν</span> <span class='ocrx_word' id='word_1_263' title='bbox 3495 1867 3633 1964; x_wconf 61' lang='grc' dir='ltr'>βασι-</span> 
     </span>
    </p>
   </div>
   <div class='ocr_carea' id='block_1_36' title="bbox 399 1977 1973 2053">
    <p class='ocr_par' dir='ltr' id='par_1_36' title="bbox 399 1977 1973 2053">
     <span class='ocr_line' id='line_1_36' title="bbox 399 1977 1973 2053; baseline -0.008 -9"><span class='ocrx_word' id='word_1_264' title='bbox 399 1990 505 2044; x_wconf 87' lang='lat' dir='ltr'><strong>cit:</strong></span> <span class='ocrx_word' id='word_1_265' title='bbox 531 2005 550 2039; x_wconf 82' lang='grc' dir='ltr'><strong>ι</strong></span> <span class='ocrx_word' id='word_1_266' title='bbox 574 1985 845 2041; x_wconf 78' lang='lat' dir='ltr'><strong>Memento</strong></span> <span class='ocrx_word' id='word_1_267' title='bbox 869 1984 972 2039; x_wconf 88' lang='lat' dir='ltr'><strong>mei</strong></span> <span class='ocrx_word' id='word_1_268' title='bbox 997 1983 1049 2038; x_wconf 91' lang='lat' dir='ltr'><strong>in</strong></span> <span class='ocrx_word' id='word_1_269' title='bbox 1076 1998 1238 2053; x_wconf 82' lang='lat' dir='ltr'><strong>regno</strong></span> <span class='ocrx_word' id='word_1_270' title='bbox 1255 1990 1366 2035; x_wconf 89' lang='lat' dir='ltr'><strong>tuo.</strong></span> <span class='ocrx_word' id='word_1_271' title='bbox 1396 1998 1415 2031; x_wconf 88' lang='grc' dir='ltr'><strong>ι</strong></span> <span class='ocrx_word' id='word_1_272' title='bbox 1442 1979 1577 2048; x_wconf 87' lang='lat' dir='ltr'><strong>Quid</strong></span> <span class='ocrx_word' id='word_1_273' title='bbox 1604 1978 1764 2048; x_wconf 84' lang='lat' dir='ltr'><strong>igitur</strong></span> <span class='ocrx_word' id='word_1_274' title='bbox 1790 1977 1973 2032; x_wconf 85' lang='lat' dir='ltr'><strong>Domi-</strong></span> 
     </span>
    </p>
   </div>
   <div class='ocr_carea' id='block_1_37' title="bbox 400 2070 1975 2142">
    <p class='ocr_par' dir='ltr' id='par_1_37' title="bbox 400 2070 1975 2142">
     <span class='ocr_line' id='line_1_37' title="bbox 400 2070 1975 2142; baseline -0.008 -6"><span class='ocrx_word' id='word_1_275' title='bbox 400 2081 543 2136; x_wconf 86' lang='lat' dir='ltr'><strong>nus?</strong></span> <span class='ocrx_word' id='word_1_276' title='bbox 568 2099 586 2131; x_wconf 80' lang='grc' dir='ltr'>ι</span> <span class='ocrx_word' id='word_1_277' title='bbox 615 2076 784 2132; x_wconf 87' lang='lat' dir='ltr'><strong>llodie</strong></span> <span class='ocrx_word' id='word_1_278' title='bbox 814 2090 1020 2131; x_wconf 89' lang='lat' dir='ltr'><strong>mecum</strong></span> <span class='ocrx_word' id='word_1_279' title='bbox 1054 2075 1164 2129; x_wconf 86' lang='lat' dir='ltr'><strong>eris</strong></span> <span class='ocrx_word' id='word_1_280' title='bbox 1200 2074 1252 2128; x_wconf 92' lang='lat' dir='ltr'><strong>in</strong></span> <span class='ocrx_word' id='word_1_281' title='bbox 1293 2071 1564 2142; x_wconf 81' lang='lat' dir='ltr'><strong>paradiso.</strong></span> <span class='ocrx_word' id='word_1_282' title='bbox 1588 2090 1607 2123; x_wconf 86' lang='grc' dir='ltr'><strong>ι</strong></span> <span class='ocrx_word' id='word_1_283' title='bbox 1631 2070 1785 2125; x_wconf 85' lang='lat' dir='ltr'><strong>Sicut</strong></span> <span class='ocrx_word' id='word_1_284' title='bbox 1815 2071 1975 2124; x_wconf 90' lang='lat' dir='ltr'><strong>homo</strong></span> 
     </span>
    </p>
   </div>
   <div class='ocr_carea' id='block_1_38' title="bbox 400 2144 1977 2241">
    <p class='ocr_par' dir='ltr' id='par_1_38' title="bbox 400 2144 1977 2241">
     <span class='ocr_line' id='line_1_38' title="bbox 400 2144 1977 2241; baseline -0.006 -17"><span class='ocrx_word' id='word_1_285' title='bbox 400 2172 613 2241; x_wconf 82' lang='lat' dir='ltr'><strong>quidem</strong></span> <span class='ocrx_word' id='word_1_286' title='bbox 633 2170 688 2225; x_wconf 89' lang='lat' dir='ltr'><strong>in</strong></span> <span class='ocrx_word' id='word_1_287' title='bbox 700 2182 882 2235; x_wconf 89' lang='lat' dir='ltr'><strong>cruce,</strong></span> <span class='ocrx_word' id='word_1_288' title='bbox 899 2166 1039 2221; x_wconf 85' lang='lat' dir='ltr'><strong>Deus</strong></span> <span class='ocrx_word' id='word_1_289' title='bbox 1051 2175 1228 2220; x_wconf 89' lang='lat' dir='ltr'><strong>autem</strong></span> <span class='ocrx_word' id='word_1_290' title='bbox 1246 2144 1529 2232; x_wconf 80' lang='lat' dir='ltr'><strong>ubique,et</strong></span> <span class='ocrx_word' id='word_1_291' title='bbox 1543 2163 1670 2222; x_wconf 90' lang='lat' dir='ltr'><strong>illic.</strong></span> <span class='ocrx_word' id='word_1_292' title='bbox 1688 2171 1741 2217; x_wconf 91' lang='lat' dir='ltr'><strong>et</strong></span> <span class='ocrx_word' id='word_1_293' title='bbox 1758 2163 1808 2216; x_wconf 90' lang='lat' dir='ltr'><strong>in</strong></span> <span class='ocrx_word' id='word_1_294' title='bbox 1828 2176 1977 2230; x_wconf 82' lang='lat' dir='ltr'><strong>para-</strong></span> 
     </span>
    </p>
   </div>
   <div class='ocr_carea' id='block_1_39' title="bbox 401 2255 1977 2333">
    <p class='ocr_par' dir='ltr' id='par_1_39' title="bbox 401 2255 1977 2333">
     <span class='ocr_line' id='line_1_39' title="bbox 401 2255 1977 2333; baseline -0.008 -16"><span class='ocrx_word' id='word_1_295' title='bbox 401 2259 975 2333; x_wconf 88' lang='lat' dir='ltr'><strong>disoimplensomnia,</strong></span> <span class='ocrx_word' id='word_1_296' title='bbox 1001 2267 1055 2315; x_wconf 89' lang='lat' dir='ltr'><strong>et</strong></span> <span class='ocrx_word' id='word_1_297' title='bbox 1085 2271 1349 2328; x_wconf 83' lang='lat' dir='ltr'><strong>nusquam</strong></span> <span class='ocrx_word' id='word_1_298' title='bbox 1376 2255 1861 2321; x_wconf 79' lang='lat' dir='ltr'><strong>absens.Qu:erunt</strong></span> <span class='ocrx_word' id='word_1_299' title='bbox 1890 2269 1977 2306; x_wconf 84' lang='lat' dir='ltr'><strong>au-</strong></span> 
     </span>
    </p>
   </div>
   <div class='ocr_carea' id='block_1_40' title="bbox 402 2344 1979 2426">
    <p class='ocr_par' dir='ltr' id='par_1_40' title="bbox 402 2344 1979 2426">
     <span class='ocr_line' id='line_1_40' title="bbox 402 2344 1979 2426; baseline -0.009 -14"><span class='ocrx_word' id='word_1_300' title='bbox 402 2369 509 2412; x_wconf 91' lang='lat' dir='ltr'><strong>tem</strong></span> <span class='ocrx_word' id='word_1_301' title='bbox 528 2355 771 2426; x_wconf 89' lang='lat' dir='ltr'><strong>quidam,</strong></span> <span class='ocrx_word' id='word_1_302' title='bbox 792 2351 1066 2423; x_wconf 93' lang='lat' dir='ltr'><strong>quomodo</strong></span> <span class='ocrx_word' id='word_1_303' title='bbox 1088 2350 1302 2406; x_wconf 80' lang='lat' dir='ltr'><strong>dicente</strong></span> <span class='ocrx_word' id='word_1_304' title='bbox 1330 2346 1557 2404; x_wconf 89' lang='lat' dir='ltr'><strong>Domino</strong></span> <span class='ocrx_word' id='word_1_305' title='bbox 1581 2345 1775 2402; x_wconf 89' lang='lat' dir='ltr'><strong>latroni</strong></span> <span class='ocrx_word' id='word_1_306' title='bbox 1800 2365 1814 2403; x_wconf 88' lang='lat'><strong>:</strong></span> <span class='ocrx_word' id='word_1_307' title='bbox 1837 2364 1855 2397; x_wconf 79' lang='grc' dir='ltr'>ι</span> <span class='ocrx_word' id='word_1_308' title='bbox 1877 2344 1979 2398; x_wconf 83' lang='lat' dir='ltr'><strong>llu-</strong></span> 
     </span>
    </p>
   </div>
   <div class='ocr_carea' id='block_1_41' title="bbox 401 2443 1977 2519">
    <p class='ocr_par' dir='ltr' id='par_1_41' title="bbox 401 2443 1977 2519">
     <span class='ocr_line' id='line_1_41' title="bbox 401 2443 1977 2519; baseline -0.007 -12"><span class='ocrx_word' id='word_1_309' title='bbox 401 2454 489 2508; x_wconf 88' lang='lat' dir='ltr'><strong>die</strong></span> <span class='ocrx_word' id='word_1_310' title='bbox 517 2465 727 2508; x_wconf 88' lang='lat' dir='ltr'><strong>mecum</strong></span> <span class='ocrx_word' id='word_1_311' title='bbox 747 2449 857 2506; x_wconf 87' lang='lat' dir='ltr'><strong>eris</strong></span> <span class='ocrx_word' id='word_1_312' title='bbox 872 2449 926 2504; x_wconf 92' lang='lat' dir='ltr'><strong>in</strong></span> <span class='ocrx_word' id='word_1_313' title='bbox 944 2446 1216 2519; x_wconf 82' lang='lat' dir='ltr'><strong>paradiso,</strong></span> <span class='ocrx_word' id='word_1_314' title='bbox 1237 2464 1257 2500; x_wconf 83' lang='grc' dir='ltr'><strong>ι</strong></span> <span class='ocrx_word' id='word_1_315' title='bbox 1274 2443 1473 2501; x_wconf 85' lang='lat' dir='ltr'><strong>Paulus</strong></span> <span class='ocrx_word' id='word_1_316' title='bbox 1491 2444 1780 2514; x_wconf 79' lang='lat' dir='ltr'><strong>dixitquod</strong></span> <span class='ocrx_word' id='word_1_317' title='bbox 1799 2443 1977 2497; x_wconf 81' lang='lat' dir='ltr'><strong>nullus</strong></span> 
     </span>
    </p>
   </div>
   <div class='ocr_carea' id='block_1_42' title="bbox 401 2535 1973 2613">
    <p class='ocr_par' dir='ltr' id='par_1_42' title="bbox 401 2535 1973 2613">
     <span class='ocr_line' id='line_1_42' title="bbox 401 2535 1973 2613; baseline -0.008 -13"><span class='ocrx_word' id='word_1_318' title='bbox 401 2552 711 2601; x_wconf 86' lang='lat' dir='ltr'><strong>sanctorum</strong></span> <span class='ocrx_word' id='word_1_319' title='bbox 742 2543 1005 2613; x_wconf 86' lang='lat' dir='ltr'><strong>receperit</strong></span> <span class='ocrx_word' id='word_1_320' title='bbox 1028 2538 1441 2612; x_wconf 84' lang='lat' dir='ltr'><strong>promissionem</strong></span> <span class='ocrx_word' id='word_1_321' title='bbox 1460 2537 1545 2593; x_wconf 72' lang='grc' dir='ltr'><strong>ιιι</strong></span> <span class='ocrx_word' id='word_1_322' title='bbox 1565 2535 1633 2593; x_wconf 85' lang='lat' dir='ltr'><strong>Et</strong></span> <span class='ocrx_word' id='word_1_323' title='bbox 1656 2536 1870 2607; x_wconf 84' lang='lat' dir='ltr'><strong>quidam</strong></span> <span class='ocrx_word' id='word_1_324' title='bbox 1892 2536 1973 2588; x_wconf 86' lang='lat' dir='ltr'><strong>di-</strong></span> 
     </span>
    </p>
   </div>
   <div class='ocr_carea' id='block_1_43' title="bbox 399 2628 1979 2704">
    <p class='ocr_par' dir='ltr' id='par_1_43' title="bbox 399 2628 1979 2704">
     <span class='ocr_line' id='line_1_43' title="bbox 399 2628 1979 2704; baseline -0.009 -13"><span class='ocrx_word' id='word_1_325' title='bbox 399 2645 533 2691; x_wconf 87' lang='lat' dir='ltr'><strong>cunt</strong></span> <span class='ocrx_word' id='word_1_326' title='bbox 560 2634 702 2704; x_wconf 89' lang='lat' dir='ltr'><strong>quod</strong></span> <span class='ocrx_word' id='word_1_327' title='bbox 737 2632 1029 2704; x_wconf 84' lang='lat' dir='ltr'><strong>Apostolus</strong></span> <span class='ocrx_word' id='word_1_328' title='bbox 1067 2645 1174 2687; x_wconf 90' lang='lat' dir='ltr'><strong>non</strong></span> <span class='ocrx_word' id='word_1_329' title='bbox 1209 2630 1275 2686; x_wconf 86' lang='lat' dir='ltr'><strong>de</strong></span> <span class='ocrx_word' id='word_1_330' title='bbox 1304 2628 1558 2686; x_wconf 89' lang='lat' dir='ltr'><strong>omnibus</strong></span> <span class='ocrx_word' id='word_1_331' title='bbox 1599 2628 1801 2684; x_wconf 87' lang='lat' dir='ltr'><strong>sanctis</strong></span> <span class='ocrx_word' id='word_1_332' title='bbox 1832 2641 1979 2682; x_wconf 81' lang='lat' dir='ltr'><strong>asse-</strong></span> 
     </span>
    </p>
   </div>
   <div class='ocr_carea' id='block_1_44' title="bbox 404 2719 1973 2798">
    <p class='ocr_par' dir='ltr' id='par_1_44' title="bbox 404 2719 1973 2798">
     <span class='ocr_line' id='line_1_44' title="bbox 404 2719 1973 2798; baseline -0.006 -16"><span class='ocrx_word' id='word_1_333' title='bbox 404 2736 489 2782; x_wconf 86' lang='lat' dir='ltr'><strong>rat</strong></span> <span class='ocrx_word' id='word_1_334' title='bbox 550 2729 695 2798; x_wconf 85' lang='lat' dir='ltr'><strong>quod</strong></span> <span class='ocrx_word' id='word_1_335' title='bbox 764 2740 873 2781; x_wconf 89' lang='lat' dir='ltr'><strong>non</strong></span> <span class='ocrx_word' id='word_1_336' title='bbox 942 2724 1248 2794; x_wconf 88' lang='lat' dir='ltr'><strong>receperint</strong></span> <span class='ocrx_word' id='word_1_337' title='bbox 1307 2720 1822 2791; x_wconf 90' lang='lat' dir='ltr'><strong>repromissiouem,</strong></span> <span class='ocrx_word' id='word_1_338' title='bbox 1878 2719 1973 2773; x_wconf 72' lang='lat' dir='ltr'><strong>sed</strong></span> 
     </span>
    </p>
   </div>
   <div class='ocr_carea' id='block_1_45' title="bbox 403 2814 1979 2893">
    <p class='ocr_par' dir='ltr' id='par_1_45' title="bbox 403 2814 1979 2893">
     <span class='ocr_line' id='line_1_45' title="bbox 403 2814 1979 2893; baseline -0.008 -18"><span class='ocrx_word' id='word_1_339' title='bbox 403 2827 471 2880; x_wconf 71' lang='lat' dir='ltr'><strong>de</strong></span> <span class='ocrx_word' id='word_1_340' title='bbox 517 2823 603 2879; x_wconf 87' lang='lat' dir='ltr'><strong>bis</strong></span> <span class='ocrx_word' id='word_1_341' title='bbox 636 2836 774 2893; x_wconf 89' lang='lat' dir='ltr'><strong>quos</strong></span> <span class='ocrx_word' id='word_1_342' title='bbox 817 2820 935 2892; x_wconf 89' lang='lat' dir='ltr'><strong>ipse</strong></span> <span class='ocrx_word' id='word_1_343' title='bbox 985 2819 1163 2875; x_wconf 88' lang='lat' dir='ltr'><strong>solum</strong></span> <span class='ocrx_word' id='word_1_344' title='bbox 1207 2818 1565 2873; x_wconf 86' lang='lat' dir='ltr'><strong>enumeravit.</strong></span> <span class='ocrx_word' id='word_1_345' title='bbox 1624 2814 1979 2869; x_wconf 83' lang='lat' dir='ltr'><strong>Enumeravit</strong></span> 
     </span>
    </p>
   </div>
   <div class='ocr_carea' id='block_1_46' title="bbox 402 2905 1979 2990">
    <p class='ocr_par' dir='ltr' id='par_1_46' title="bbox 402 2905 1979 2990">
     <span class='ocr_line' id='line_1_46' title="bbox 402 2905 1979 2990; baseline -0.009 -18"><span class='ocrx_word' id='word_1_346' title='bbox 402 2917 568 2990; x_wconf 67' lang='grc'><strong>487</strong></span> <span class='ocrx_word' id='word_1_347' title='bbox 629 2924 808 2970; x_wconf 87' lang='lat' dir='ltr'><strong>autem</strong></span> <span class='ocrx_word' id='word_1_348' title='bbox 867 2913 1008 2969; x_wconf 89' lang='lat' dir='ltr'><strong>alios</strong></span> <span class='ocrx_word' id='word_1_349' title='bbox 1065 2913 1281 2982; x_wconf 82' lang='lat' dir='ltr'><strong>quidem</strong></span> <span class='ocrx_word' id='word_1_350' title='bbox 1329 2910 1550 2981; x_wconf 78' lang='lat' dir='ltr'><strong>multos,</strong></span> <span class='ocrx_word' id='word_1_351' title='bbox 1602 2905 1828 2963; x_wconf 79' lang='lat' dir='ltr'><strong>latronis</strong></span> <span class='ocrx_word' id='word_1_352' title='bbox 1888 2920 1979 2959; x_wconf 89' lang='lat' dir='ltr'><strong>au-</strong></span> 
     </span>
    </p>
   </div>
   <div class='ocr_carea' id='block_1_47' title="bbox 407 3000 1976 3073">
    <p class='ocr_par' dir='ltr' id='par_1_47' title="bbox 407 3000 1976 3073">
     <span class='ocr_line' id='line_1_47' title="bbox 407 3000 1976 3073; baseline -0.006 -11"><span class='ocrx_word' id='word_1_353' title='bbox 407 3024 511 3065; x_wconf 85' lang='lat' dir='ltr'><strong>tem</strong></span> <span class='ocrx_word' id='word_1_354' title='bbox 536 3024 640 3064; x_wconf 92' lang='lat' dir='ltr'><strong>nou</strong></span> <span class='ocrx_word' id='word_1_355' title='bbox 671 3006 938 3064; x_wconf 88' lang='lat' dir='ltr'><strong>meminit.</strong></span> <span class='ocrx_word' id='word_1_356' title='bbox 969 3006 1105 3059; x_wconf 80' lang='lat' dir='ltr'><strong>Audi</strong></span> <span class='ocrx_word' id='word_1_357' title='bbox 1138 3004 1280 3057; x_wconf 90' lang='lat' dir='ltr'><strong>enim</strong></span> <span class='ocrx_word' id='word_1_358' title='bbox 1312 3001 1440 3073; x_wconf 93' lang='lat' dir='ltr'><strong>quid</strong></span> <span class='ocrx_word' id='word_1_359' title='bbox 1475 3001 1638 3065; x_wconf 88' lang='lat' dir='ltr'><strong>dicat,</strong></span> <span class='ocrx_word' id='word_1_360' title='bbox 1673 3000 1726 3055; x_wconf 88' lang='lat' dir='ltr'><strong>bi</strong></span> <span class='ocrx_word' id='word_1_361' title='bbox 1762 3013 1976 3062; x_wconf 87' lang='lat' dir='ltr'><strong>omnes,</strong></span> 
     </span>
    </p>
   </div>
   <div class='ocr_carea' id='block_1_48' title="bbox 405 3090 1977 3168">
    <p class='ocr_par' dir='ltr' id='par_1_48' title="bbox 405 3090 1977 3168">
     <span class='ocr_line' id='line_1_48' title="bbox 405 3090 1977 3168; baseline -0.01 -9"><span class='ocrx_word' id='word_1_362' title='bbox 405 3101 826 3159; x_wconf 75' lang='lat' dir='ltr'><strong>demonstrando</strong></span> <span class='ocrx_word' id='word_1_363' title='bbox 849 3113 941 3153; x_wconf 88' lang='lat' dir='ltr'><strong>eos</strong></span> <span class='ocrx_word' id='word_1_364' title='bbox 969 3114 1106 3168; x_wconf 88' lang='lat' dir='ltr'><strong>quos</strong></span> <span class='ocrx_word' id='word_1_365' title='bbox 1133 3110 1313 3151; x_wconf 84' lang='lat' dir='ltr'><strong>sermo</strong></span> <span class='ocrx_word' id='word_1_366' title='bbox 1340 3102 1647 3163; x_wconf 86' lang='lat' dir='ltr'><strong>euumcrat,</strong></span> <span class='ocrx_word' id='word_1_367' title='bbox 1672 3091 1869 3162; x_wconf 84' lang='lat' dir='ltr'><strong>quibus</strong></span> <span class='ocrx_word' id='word_1_368' title='bbox 1895 3090 1977 3144; x_wconf 84' lang='lat' dir='ltr'><strong>la-</strong></span> 
     </span>
    </p>
   </div>
   <div class='ocr_carea' id='block_1_49' title="bbox 407 3184 2050 3288">
    <p class='ocr_par' dir='ltr' id='par_1_49' title="bbox 407 3184 2050 3288">
     <span class='ocr_line' id='line_1_49' title="bbox 407 3184 2050 3288; baseline -0.009 -37"><span class='ocrx_word' id='word_1_369' title='bbox 407 3211 493 3251; x_wconf 89' lang='lat' dir='ltr'><strong>tro</strong></span> <span class='ocrx_word' id='word_1_370' title='bbox 553 3202 970 3250; x_wconf 54' lang='lat' dir='ltr'><strong>connumeratus</strong></span> <span class='ocrx_word' id='word_1_371' title='bbox 1020 3205 1125 3244; x_wconf 92' lang='lat' dir='ltr'><strong>nou</strong></span> <span class='ocrx_word' id='word_1_372' title='bbox 1182 3198 1284 3244; x_wconf 87' lang='lat' dir='ltr'><strong>est.</strong></span> <span class='ocrx_word' id='word_1_373' title='bbox 1336 3187 1437 3241; x_wconf 80' lang='lat' dir='ltr'><strong>Alii</strong></span> <span class='ocrx_word' id='word_1_374' title='bbox 1485 3197 1664 3240; x_wconf 86' lang='lat' dir='ltr'><strong>autem</strong></span> <span class='ocrx_word' id='word_1_375' title='bbox 1719 3184 2050 3288; x_wconf 68' lang='lat' dir='ltr'><strong>dixeruntC</strong></span> 
     </span>
    </p>
   </div>
   <div class='ocr_carea' id='block_1_50' title="bbox 405 3279 1979 3360">
    <p class='ocr_par' dir='ltr' id='par_1_50' title="bbox 405 3279 1979 3360">
     <span class='ocr_line' id='line_1_50' title="bbox 405 3279 1979 3360; baseline -0.008 -16"><span class='ocrx_word' id='word_1_376' title='bbox 405 3289 548 3360; x_wconf 88' lang='lat' dir='ltr'><strong>quod</strong></span> <span class='ocrx_word' id='word_1_377' title='bbox 580 3289 721 3343; x_wconf 92' lang='lat' dir='ltr'><strong>latro</strong></span> <span class='ocrx_word' id='word_1_378' title='bbox 764 3284 1002 3341; x_wconf 90' lang='lat' dir='ltr'><strong>nondum</strong></span> <span class='ocrx_word' id='word_1_379' title='bbox 1036 3281 1259 3339; x_wconf 87' lang='lat' dir='ltr'><strong>sortitus</strong></span> <span class='ocrx_word' id='word_1_380' title='bbox 1293 3281 1367 3335; x_wconf 89' lang='lat' dir='ltr'><strong>sit</strong></span> <span class='ocrx_word' id='word_1_381' title='bbox 1396 3280 1446 3334; x_wconf 91' lang='lat' dir='ltr'><strong>iu</strong></span> <span class='ocrx_word' id='word_1_382' title='bbox 1469 3279 1718 3350; x_wconf 86' lang='lat' dir='ltr'><strong>paradiso</strong></span> <span class='ocrx_word' id='word_1_383' title='bbox 1748 3293 1979 3333; x_wconf 88' lang='lat' dir='ltr'><strong>conver-</strong></span> 
     </span>
    </p>
   </div>
   <div class='ocr_carea' id='block_1_51' title="bbox 403 3369 1967 3444">
    <p class='ocr_par' dir='ltr' id='par_1_51' title="bbox 403 3369 1967 3444">
     <span class='ocr_line' id='line_1_51' title="bbox 403 3369 1967 3444; baseline -0.01 -5"><span class='ocrx_word' id='word_1_384' title='bbox 403 3383 668 3439; x_wconf 65' lang='lat' dir='ltr'><strong>Sationcm</strong></span> <span class='ocrx_word' id='word_1_385' title='bbox 702 3395 716 3431; x_wconf 89' lang='lat'><strong>:</strong></span> <span class='ocrx_word' id='word_1_386' title='bbox 749 3377 842 3433; x_wconf 90' lang='lat' dir='ltr'><strong>sed</strong></span> <span class='ocrx_word' id='word_1_387' title='bbox 899 3379 1023 3444; x_wconf 84' lang='lat' dir='ltr'><strong>quia</strong></span> <span class='ocrx_word' id='word_1_388' title='bbox 1067 3371 1398 3427; x_wconf 85' lang='lat' dir='ltr'><strong>iuvariabilis</strong></span> <span class='ocrx_word' id='word_1_389' title='bbox 1427 3372 1498 3425; x_wconf 89' lang='lat' dir='ltr'><strong>sit</strong></span> <span class='ocrx_word' id='word_1_390' title='bbox 1530 3378 1585 3423; x_wconf 90' lang='lat' dir='ltr'><strong>et</strong></span> <span class='ocrx_word' id='word_1_391' title='bbox 1614 3369 1830 3424; x_wconf 86' lang='lat' dir='ltr'><strong>mentiri</strong></span> <span class='ocrx_word' id='word_1_392' title='bbox 1883 3382 1967 3424; x_wconf 89' lang='lat' dir='ltr'><strong>ue-</strong></span> 
     </span>
    </p>
   </div>
   <div class='ocr_carea' id='block_1_52' title="bbox 405 3457 1976 3538">
    <p class='ocr_par' dir='ltr' id='par_1_52' title="bbox 405 3457 1976 3538">
     <span class='ocr_line' id='line_1_52' title="bbox 405 3457 1976 3538; baseline -0.006 -14"><span class='ocrx_word' id='word_1_393' title='bbox 405 3479 568 3538; x_wconf 79' lang='lat' dir='ltr'><strong>queat</strong></span> <span class='ocrx_word' id='word_1_394' title='bbox 596 3466 807 3522; x_wconf 88' lang='lat' dir='ltr'><strong>Domini</strong></span> <span class='ocrx_word' id='word_1_395' title='bbox 861 3463 1169 3534; x_wconf 80' lang='lat' dir='ltr'><strong>promissio,</strong></span> <span class='ocrx_word' id='word_1_396' title='bbox 1194 3461 1316 3516; x_wconf 86' lang='lat' dir='ltr'><strong>ideo</strong></span> <span class='ocrx_word' id='word_1_397' title='bbox 1345 3461 1549 3515; x_wconf 87' lang='lat' dir='ltr'><strong>dictum</strong></span> <span class='ocrx_word' id='word_1_398' title='bbox 1572 3473 1713 3524; x_wconf 90' lang='lat' dir='ltr'><strong>esse,</strong></span> <span class='ocrx_word' id='word_1_399' title='bbox 1748 3476 1767 3510; x_wconf 74' lang='grc' dir='ltr'><strong>ι</strong></span> <span class='ocrx_word' id='word_1_400' title='bbox 1807 3457 1976 3514; x_wconf 87' lang='lat' dir='ltr'><strong>llodie</strong></span> 
     </span>
    </p>
   </div>
   <div class='ocr_carea' id='block_1_53' title="bbox 406 3550 1980 3626">
    <p class='ocr_par' dir='ltr' id='par_1_53' title="bbox 406 3550 1980 3626">
     <span class='ocr_line' id='line_1_53' title="bbox 406 3550 1980 3626; baseline -0.006 -11"><span class='ocrx_word' id='word_1_401' title='bbox 406 3575 617 3615; x_wconf 88' lang='lat' dir='ltr'><strong>mecum</strong></span> <span class='ocrx_word' id='word_1_402' title='bbox 646 3559 755 3612; x_wconf 88' lang='lat' dir='ltr'><strong>eris</strong></span> <span class='ocrx_word' id='word_1_403' title='bbox 778 3557 830 3610; x_wconf 95' lang='lat' dir='ltr'><strong>iu</strong></span> <span class='ocrx_word' id='word_1_404' title='bbox 864 3554 1148 3626; x_wconf 74' lang='lat' dir='ltr'><strong>paradiso.</strong></span> <span class='ocrx_word' id='word_1_405' title='bbox 1193 3570 1213 3604; x_wconf 83' lang='grc' dir='ltr'><strong>ι</strong></span> <span class='ocrx_word' id='word_1_406' title='bbox 1247 3552 1342 3607; x_wconf 85' lang='lat' dir='ltr'><strong>Est</strong></span> <span class='ocrx_word' id='word_1_407' title='bbox 1366 3551 1510 3606; x_wconf 85' lang='lat' dir='ltr'><strong>enim</strong></span> <span class='ocrx_word' id='word_1_408' title='bbox 1542 3559 1596 3606; x_wconf 87' lang='lat' dir='ltr'><strong>et</strong></span> <span class='ocrx_word' id='word_1_409' title='bbox 1626 3550 1742 3605; x_wconf 69' lang='lat' dir='ltr'><strong>iure</strong></span> <span class='ocrx_word' id='word_1_410' title='bbox 1768 3551 1980 3621; x_wconf 79' lang='lat' dir='ltr'><strong>species</strong></span> 
     </span>
    </p>
   </div>
   <div class='ocr_carea' id='block_1_54' title="bbox 405 3641 1980 3725">
    <p class='ocr_par' dir='ltr' id='par_1_54' title="bbox 405 3641 1980 3725">
     <span class='ocr_line' id='line_1_54' title="bbox 405 3641 1980 3725; baseline -0.008 -16"><span class='ocrx_word' id='word_1_411' title='bbox 405 3654 671 3725; x_wconf 76' lang='lat' dir='ltr'><strong>phraseos</strong></span> <span class='ocrx_word' id='word_1_412' title='bbox 699 3650 751 3704; x_wconf 93' lang='lat' dir='ltr'><strong>iu</strong></span> <span class='ocrx_word' id='word_1_413' title='bbox 776 3647 955 3703; x_wconf 85' lang='lat' dir='ltr'><strong>verbis</strong></span> <span class='ocrx_word' id='word_1_414' title='bbox 986 3643 1308 3710; x_wconf 87' lang='lat' dir='ltr'><strong>Dominicis,</strong></span> <span class='ocrx_word' id='word_1_415' title='bbox 1332 3652 1391 3698; x_wconf 92' lang='lat' dir='ltr'><strong>ut</strong></span> <span class='ocrx_word' id='word_1_416' title='bbox 1411 3642 1480 3698; x_wconf 86' lang='lat' dir='ltr'><strong>de</strong></span> <span class='ocrx_word' id='word_1_417' title='bbox 1510 3641 1706 3697; x_wconf 78' lang='lat' dir='ltr'><strong>futuris</strong></span> <span class='ocrx_word' id='word_1_418' title='bbox 1728 3641 1980 3713; x_wconf 85' lang='lat' dir='ltr'><strong>loquatur</strong></span> 
     </span>
    </p>
   </div>
   <div class='ocr_carea' id='block_1_55' title="bbox 409 3733 1975 3813">
    <p class='ocr_par' dir='ltr' id='par_1_55' title="bbox 409 3733 1975 3813">
     <span class='ocr_line' id='line_1_55' title="bbox 409 3733 1975 3813; baseline -0.005 -15"><span class='ocrx_word' id='word_1_419' title='bbox 409 3758 661 3813; x_wconf 81' lang='lat' dir='ltr'><strong>tanquam</strong></span> <span class='ocrx_word' id='word_1_420' title='bbox 715 3741 783 3796; x_wconf 89' lang='lat' dir='ltr'><strong>de</strong></span> <span class='ocrx_word' id='word_1_421' title='bbox 840 3739 926 3794; x_wconf 86' lang='lat' dir='ltr'><strong>his</strong></span> <span class='ocrx_word' id='word_1_422' title='bbox 973 3752 1095 3809; x_wconf 72' lang='lat' dir='ltr'><strong>qua:</strong></span> <span class='ocrx_word' id='word_1_423' title='bbox 1137 3736 1252 3806; x_wconf 87' lang='lat' dir='ltr'><strong>jam</strong></span> <span class='ocrx_word' id='word_1_424' title='bbox 1308 3733 1443 3790; x_wconf 79' lang='lat' dir='ltr'><strong>ﬁant</strong></span> <span class='ocrx_word' id='word_1_425' title='bbox 1480 3752 1494 3789; x_wconf 92' lang='lat'><strong>:</strong></span> <span class='ocrx_word' id='word_1_426' title='bbox 1530 3742 1588 3789; x_wconf 91' lang='lat' dir='ltr'><strong>ut</strong></span> <span class='ocrx_word' id='word_1_427' title='bbox 1644 3749 1768 3789; x_wconf 90' lang='lat' dir='ltr'><strong>cum</strong></span> <span class='ocrx_word' id='word_1_428' title='bbox 1801 3734 1975 3790; x_wconf 89' lang='lat' dir='ltr'><strong>dicit:</strong></span> 
     </span>
    </p>
   </div>
   <div class='ocr_carea' id='block_1_56' title="bbox 411 3825 1975 3903">
    <p class='ocr_par' dir='ltr' id='par_1_56' title="bbox 411 3825 1975 3903">
     <span class='ocr_line' id='line_1_56' title="bbox 411 3825 1975 3903; baseline -0.006 -13"><span class='ocrx_word' id='word_1_429' title='bbox 411 3860 430 3890; x_wconf 70' lang='grc' dir='ltr'><strong>ι</strong></span> <span class='ocrx_word' id='word_1_430' title='bbox 469 3836 569 3903; x_wconf 85' lang='lat' dir='ltr'><strong>Qui</strong></span> <span class='ocrx_word' id='word_1_431' title='bbox 596 3850 697 3887; x_wconf 93' lang='lat' dir='ltr'><strong>uon</strong></span> <span class='ocrx_word' id='word_1_432' title='bbox 731 3832 928 3894; x_wconf 84' lang='lat' dir='ltr'><strong>credit,</strong></span> <span class='ocrx_word' id='word_1_433' title='bbox 957 3833 1069 3897; x_wconf 52' lang='lat' dir='ltr'><strong>jam</strong></span> <span class='ocrx_word' id='word_1_434' title='bbox 1093 3828 1368 3899; x_wconf 86' lang='lat' dir='ltr'><strong>judicatus</strong></span> <span class='ocrx_word' id='word_1_435' title='bbox 1383 3835 1465 3881; x_wconf 85' lang='lat' dir='ltr'><strong>est</strong></span> <span class='ocrx_word' id='word_1_436' title='bbox 1496 3825 1542 3857; x_wconf 84' lang='grc'><strong>³⁸</strong></span> <span class='ocrx_word' id='word_1_437' title='bbox 1589 3843 1608 3879; x_wconf 78' lang='grc' dir='ltr'><strong>ι</strong></span> <span class='ocrx_word' id='word_1_438' title='bbox 1646 3832 1700 3882; x_wconf 89' lang='lat' dir='ltr'><strong>et</strong></span> <span class='ocrx_word' id='word_1_439' title='bbox 1719 3840 1975 3881; x_wconf 88' lang='lat' dir='ltr'><strong>rursum:</strong></span> 
     </span>
    </p>
   </div>
   <div class='ocr_carea' id='block_1_57' title="bbox 409 3917 1979 3996">
    <p class='ocr_par' dir='ltr' id='par_1_57' title="bbox 409 3917 1979 3996">
     <span class='ocr_line' id='line_1_57' title="bbox 409 3917 1979 3996; baseline -0.006 -13"><span class='ocrx_word' id='word_1_440' title='bbox 409 3948 429 3983; x_wconf 78' lang='grc' dir='ltr'>ι</span> <span class='ocrx_word' id='word_1_441' title='bbox 460 3927 560 3996; x_wconf 79' lang='lat' dir='ltr'><strong>Qui</strong></span> <span class='ocrx_word' id='word_1_442' title='bbox 590 3939 868 3982; x_wconf 80' lang='lat' dir='ltr'><strong>sermones</strong></span> <span class='ocrx_word' id='word_1_443' title='bbox 886 3920 1198 3979; x_wconf 87' lang='lat' dir='ltr'><strong>meosaudit</strong></span> <span class='ocrx_word' id='word_1_444' title='bbox 1215 3928 1271 3974; x_wconf 91' lang='lat' dir='ltr'><strong>et</strong></span> <span class='ocrx_word' id='word_1_445' title='bbox 1298 3918 1490 3981; x_wconf 86' lang='lat' dir='ltr'><strong>credit.</strong></span> <span class='ocrx_word' id='word_1_446' title='bbox 1513 3918 1564 3972; x_wconf 92' lang='lat' dir='ltr'><strong>in</strong></span> <span class='ocrx_word' id='word_1_447' title='bbox 1586 3917 1850 3988; x_wconf 86' lang='lat' dir='ltr'><strong>judicium</strong></span> <span class='ocrx_word' id='word_1_448' title='bbox 1870 3933 1979 3974; x_wconf 89' lang='lat' dir='ltr'><strong>non</strong></span> 
     </span>
    </p>
   </div>
   <div class='ocr_carea' id='block_1_58' title="bbox 404 4007 1980 4086">
    <p class='ocr_par' dir='ltr' id='par_1_58' title="bbox 404 4007 1980 4086">
     <span class='ocr_line' id='line_1_58' title="bbox 404 4007 1980 4086; baseline -0.006 -13"><span class='ocrx_word' id='word_1_449' title='bbox 404 4021 571 4086; x_wconf 83' lang='lat' dir='ltr'><strong>venit,</strong></span> <span class='ocrx_word' id='word_1_450' title='bbox 604 4019 697 4073; x_wconf 85' lang='lat' dir='ltr'><strong>sed</strong></span> <span class='ocrx_word' id='word_1_451' title='bbox 735 4015 984 4072; x_wconf 85' lang='lat' dir='ltr'><strong>transivit</strong></span> <span class='ocrx_word' id='word_1_452' title='bbox 1016 4013 1084 4069; x_wconf 89' lang='lat' dir='ltr'><strong>de</strong></span> <span class='ocrx_word' id='word_1_453' title='bbox 1115 4020 1288 4067; x_wconf 88' lang='lat' dir='ltr'><strong>morte</strong></span> <span class='ocrx_word' id='word_1_454' title='bbox 1316 4008 1371 4065; x_wconf 93' lang='lat' dir='ltr'><strong>in</strong></span> <span class='ocrx_word' id='word_1_455' title='bbox 1402 4008 1569 4063; x_wconf 87' lang='lat' dir='ltr'><strong>vitam</strong></span> <span class='ocrx_word' id='word_1_456' title='bbox 1591 4009 1658 4063; x_wconf 85' lang='grc'><strong>³⁷.</strong></span> <span class='ocrx_word' id='word_1_457' title='bbox 1697 4026 1717 4061; x_wconf 86' lang='grc' dir='ltr'><strong>ι</strong></span> <span class='ocrx_word' id='word_1_458' title='bbox 1739 4007 1845 4064; x_wconf 82' lang='lat' dir='ltr'><strong>Alii</strong></span> <span class='ocrx_word' id='word_1_459' title='bbox 1878 4022 1980 4063; x_wconf 83' lang='lat' dir='ltr'><strong>au-</strong></span> 
     </span>
    </p>
   </div>
   <div class='ocr_carea' id='block_1_59' title="bbox 404 4100 1980 4181">
    <p class='ocr_par' dir='ltr' id='par_1_59' title="bbox 404 4100 1980 4181">
     <span class='ocr_line' id='line_1_59' title="bbox 404 4100 1980 4181; baseline -0.008 -12"><span class='ocrx_word' id='word_1_460' title='bbox 404 4124 510 4171; x_wconf 87' lang='lat' dir='ltr'><strong>tem</strong></span> <span class='ocrx_word' id='word_1_461' title='bbox 536 4117 786 4181; x_wconf 89' lang='lat' dir='ltr'><strong>torquent</strong></span> <span class='ocrx_word' id='word_1_462' title='bbox 826 4107 1072 4170; x_wconf 91' lang='lat' dir='ltr'><strong>verbum,</strong></span> <span class='ocrx_word' id='word_1_463' title='bbox 1105 4112 1361 4175; x_wconf 89' lang='lat' dir='ltr'><strong>punctum</strong></span> <span class='ocrx_word' id='word_1_464' title='bbox 1392 4101 1654 4156; x_wconf 80' lang='lat' dir='ltr'><strong>facientes</strong></span> <span class='ocrx_word' id='word_1_465' title='bbox 1674 4108 1795 4171; x_wconf 88' lang='lat' dir='ltr'><strong>post</strong></span> <span class='ocrx_word' id='word_1_466' title='bbox 1830 4117 1850 4153; x_wconf 75' lang='grc' dir='ltr'>ι</span> <span class='ocrx_word' id='word_1_467' title='bbox 1883 4100 1980 4156; x_wconf 89' lang='lat' dir='ltr'><strong>ho-</strong></span> 
     </span>
    </p>
   </div>
   <div class='ocr_carea' id='block_1_60' title="bbox 405 4193 1982 4273">
    <p class='ocr_par' dir='ltr' id='par_1_60' title="bbox 405 4193 1982 4273">
     <span class='ocr_line' id='line_1_60' title="bbox 405 4193 1982 4273; baseline -0.008 -12"><span class='ocrx_word' id='word_1_468' title='bbox 405 4208 520 4273; x_wconf 68' lang='lat' dir='ltr'><strong>die,</strong></span> <span class='ocrx_word' id='word_1_469' title='bbox 558 4222 579 4257; x_wconf 75' lang='grc' dir='ltr'><strong>ι</strong></span> <span class='ocrx_word' id='word_1_470' title='bbox 616 4215 674 4258; x_wconf 89' lang='grc' dir='ltr'><strong>ιιι</strong></span> <span class='ocrx_word' id='word_1_471' title='bbox 697 4203 772 4257; x_wconf 78' lang='lat' dir='ltr'><strong>sit</strong></span> <span class='ocrx_word' id='word_1_472' title='bbox 802 4200 849 4256; x_wconf 88' lang='lat' dir='ltr'><strong>is</strong></span> <span class='ocrx_word' id='word_1_473' title='bbox 889 4214 1082 4255; x_wconf 87' lang='lat' dir='ltr'><strong>sensus</strong></span> <span class='ocrx_word' id='word_1_474' title='bbox 1109 4196 1264 4260; x_wconf 87' lang='lat' dir='ltr'><strong>dicti,</strong></span> <span class='ocrx_word' id='word_1_475' title='bbox 1297 4213 1315 4246; x_wconf 81' lang='grc' dir='ltr'><strong>ι</strong></span> <span class='ocrx_word' id='word_1_476' title='bbox 1353 4193 1528 4249; x_wconf 78' lang='lat' dir='ltr'><strong>Amen</strong></span> <span class='ocrx_word' id='word_1_477' title='bbox 1562 4196 1686 4250; x_wconf 88' lang='lat' dir='ltr'><strong>dico</strong></span> <span class='ocrx_word' id='word_1_478' title='bbox 1751 4194 1843 4250; x_wconf 88' lang='lat' dir='ltr'><strong>tibi</strong></span> <span class='ocrx_word' id='word_1_479' title='bbox 1886 4196 1982 4249; x_wconf 79' lang='lat' dir='ltr'><strong>ho-</strong></span> 
     </span>
    </p>
   </div>
   <div class='ocr_carea' id='block_1_61' title="bbox 405 4285 1982 4357">
    <p class='ocr_par' dir='ltr' id='par_1_61' title="bbox 405 4285 1982 4357">
     <span class='ocr_line' id='line_1_61' title="bbox 405 4285 1982 4357; baseline -0.01 -3"><span class='ocrx_word' id='word_1_480' title='bbox 405 4299 539 4354; x_wconf 87' lang='lat' dir='ltr'><strong>die:</strong></span> <span class='ocrx_word' id='word_1_481' title='bbox 574 4314 595 4348; x_wconf 78' lang='grc' dir='ltr'><strong>ι</strong></span> <span class='ocrx_word' id='word_1_482' title='bbox 628 4292 847 4357; x_wconf 89' lang='lat' dir='ltr'><strong>deinde,</strong></span> <span class='ocrx_word' id='word_1_483' title='bbox 888 4309 907 4345; x_wconf 81' lang='grc' dir='ltr'>ι</span> <span class='ocrx_word' id='word_1_484' title='bbox 938 4289 1146 4346; x_wconf 79' lang='lat' dir='ltr'><strong>Mecum</strong></span> <span class='ocrx_word' id='word_1_485' title='bbox 1199 4301 1310 4342; x_wconf 87' lang='lat' dir='ltr'><strong>ens</strong></span> <span class='ocrx_word' id='word_1_486' title='bbox 1356 4288 1407 4342; x_wconf 89' lang='lat' dir='ltr'><strong>iu</strong></span> <span class='ocrx_word' id='word_1_487' title='bbox 1461 4286 1732 4357; x_wconf 85' lang='lat' dir='ltr'><strong>paradiso,</strong></span> <span class='ocrx_word' id='word_1_488' title='bbox 1770 4304 1789 4338; x_wconf 84' lang='grc' dir='ltr'><strong>ι</strong></span> <span class='ocrx_word' id='word_1_489' title='bbox 1844 4285 1982 4355; x_wconf 77' lang='lat' dir='ltr'><strong>adji-</strong></span> 
     </span>
    </p>
   </div>
   <div class='ocr_carea' id='block_1_62' title="bbox 405 4378 1979 4454">
    <p class='ocr_par' dir='ltr' id='par_1_62' title="bbox 405 4378 1979 4454">
     <span class='ocr_line' id='line_1_62' title="bbox 405 4378 1979 4454; baseline -0.01 -7"><span class='ocrx_word' id='word_1_490' title='bbox 405 4393 630 4448; x_wconf 88' lang='lat' dir='ltr'><strong>cientes.</strong></span> <span class='ocrx_word' id='word_1_491' title='bbox 662 4386 890 4454; x_wconf 78' lang='lat' dir='ltr'><strong>Quidam</strong></span> <span class='ocrx_word' id='word_1_492' title='bbox 929 4397 1078 4446; x_wconf 90' lang='lat' dir='ltr'><strong>vero,</strong></span> <span class='ocrx_word' id='word_1_493' title='bbox 1103 4381 1195 4452; x_wconf 89' lang='lat' dir='ltr'><strong>qui</strong></span> <span class='ocrx_word' id='word_1_494' title='bbox 1229 4378 1463 4434; x_wconf 81' lang='lat' dir='ltr'><strong>maxime</strong></span> <span class='ocrx_word' id='word_1_495' title='bbox 1491 4392 1711 4434; x_wconf 88' lang='lat' dir='ltr'><strong>sensum</strong></span> <span class='ocrx_word' id='word_1_496' title='bbox 1762 4378 1979 4446; x_wconf 83' lang='lat' dir='ltr'><strong>assequi</strong></span> 
     </span>
    </p>
   </div>
   <div class='ocr_carea' id='block_1_63' title="bbox 407 4470 1980 4545">
    <p class='ocr_par' dir='ltr' id='par_1_63' title="bbox 407 4470 1980 4545">
     <span class='ocr_line' id='line_1_63' title="bbox 407 4470 1980 4545; baseline -0.011 -5"><span class='ocrx_word' id='word_1_497' title='bbox 407 4484 510 4540; x_wconf 76' lang='lat' dir='ltr'><strong>visi</strong></span> <span class='ocrx_word' id='word_1_498' title='bbox 559 4490 707 4543; x_wconf 85' lang='lat' dir='ltr'><strong>sunt,</strong></span> <span class='ocrx_word' id='word_1_499' title='bbox 738 4479 819 4533; x_wconf 90' lang='lat' dir='ltr'><strong>sic</strong></span> <span class='ocrx_word' id='word_1_500' title='bbox 858 4484 1180 4545; x_wconf 77' lang='lat' dir='ltr'><strong>exponunt:</strong></span> <span class='ocrx_word' id='word_1_501' title='bbox 1222 4470 1569 4541; x_wconf 64' lang='lat' dir='ltr'><strong>l’repromissa</strong></span> <span class='ocrx_word' id='word_1_502' title='bbox 1630 4470 1786 4525; x_wconf 87' lang='lat' dir='ltr'><strong>nobis</strong></span> <span class='ocrx_word' id='word_1_503' title='bbox 1838 4471 1980 4523; x_wconf 88' lang='lat' dir='ltr'><strong>bona</strong></span> 
     </span>
    </p>
   </div>
   <div class='ocr_carea' id='block_1_64' title="bbox 2081 1987 3636 2059">
    <p class='ocr_par' dir='ltr' id='par_1_64' title="bbox 2081 1987 3636 2059">
     <span class='ocr_line' id='line_1_64' title="bbox 2081 1987 3636 2059; baseline -0.002 -19"><span class='ocrx_word' id='word_1_504' title='bbox 2081 1987 2177 2042; x_wconf 79' lang='grc' dir='ltr'>λέα</span> <span class='ocrx_word' id='word_1_505' title='bbox 2226 1987 2601 2055; x_wconf 72' lang='grc' dir='ltr'><strong>ἐπιγινώσκει,</strong></span> <span class='ocrx_word' id='word_1_506' title='bbox 2632 1989 2973 2059; x_wconf 72' lang='grc' dir='ltr'><strong>ἐπιστομίζει</strong></span> <span class='ocrx_word' id='word_1_507' title='bbox 3003 1988 3060 2041; x_wconf 80' lang='grc' dir='ltr'>δὲ</span> <span class='ocrx_word' id='word_1_508' title='bbox 3085 1988 3179 2041; x_wconf 76' lang='grc' dir='ltr'>καὶ</span> <span class='ocrx_word' id='word_1_509' title='bbox 3227 1988 3319 2040; x_wconf 71' lang='grc' dir='ltr'>τὸν</span> <span class='ocrx_word' id='word_1_510' title='bbox 3350 1988 3532 2059; x_wconf 75' lang='grc' dir='ltr'>ἕτερον</span> <span class='ocrx_word' id='word_1_511' title='bbox 3559 1987 3636 2057; x_wconf 75' lang='grc' dir='ltr'><strong>λῃ.</strong></span> 
     </span>
    </p>
   </div>
   <div class='ocr_carea' id='block_1_65' title="bbox 2085 2078 3635 2151">
    <p class='ocr_par' dir='ltr' id='par_1_65' title="bbox 2085 2078 3635 2151">
     <span class='ocr_line' id='line_1_65' title="bbox 2085 2078 3635 2151; baseline -0.001 -19"><span class='ocrx_word' id='word_1_512' title='bbox 2085 2080 2235 2151; x_wconf 76' lang='grc' dir='ltr'>στὴν,</span> <span class='ocrx_word' id='word_1_513' title='bbox 2265 2082 2356 2132; x_wconf 75' lang='grc' dir='ltr'><strong>καὶ</strong></span> <span class='ocrx_word' id='word_1_514' title='bbox 2389 2080 2524 2150; x_wconf 71' lang='grc' dir='ltr'>πρδς</span> <span class='ocrx_word' id='word_1_515' title='bbox 2551 2080 2640 2132; x_wconf 69' lang='grc' dir='ltr'>ττιν</span> <span class='ocrx_word' id='word_1_516' title='bbox 2685 2079 2896 2149; x_wconf 74' lang='grc' dir='ltr'>Ἰησοῦν</span> <span class='ocrx_word' id='word_1_517' title='bbox 2939 2078 3087 2147; x_wconf 81' lang='grc' dir='ltr'>λέγει</span> <span class='ocrx_word' id='word_1_518' title='bbox 3120 2094 3134 2107; x_wconf 89' lang='grc'><strong>·</strong></span> <span class='ocrx_word' id='word_1_519' title='bbox 3177 2097 3197 2130; x_wconf 78' lang='grc' dir='ltr'><strong>ι</strong></span> <span class='ocrx_word' id='word_1_520' title='bbox 3234 2078 3516 2149; x_wconf 81' lang='grc' dir='ltr'>Μνήσοητί</span> <span class='ocrx_word' id='word_1_521' title='bbox 3548 2096 3635 2148; x_wconf 82' lang='grc' dir='ltr'>μου</span> 
     </span>
    </p>
   </div>
   <div class='ocr_carea' id='block_1_66' title="bbox 2084 2169 3636 2242">
    <p class='ocr_par' dir='ltr' id='par_1_66' title="bbox 2084 2169 3636 2242">
     <span class='ocr_line' id='line_1_66' title="bbox 2084 2169 3636 2242; baseline -0.002 -18"><span class='ocrx_word' id='word_1_522' title='bbox 2084 2173 2141 2224; x_wconf 85' lang='grc' dir='ltr'><strong>ἐν</strong></span> <span class='ocrx_word' id='word_1_523' title='bbox 2190 2173 2253 2241; x_wconf 78' lang='grc' dir='ltr'>τῇ</span> <span class='ocrx_word' id='word_1_524' title='bbox 2298 2170 2548 2242; x_wconf 71' lang='grc' dir='ltr'><strong>βασιλεία</strong></span> <span class='ocrx_word' id='word_1_525' title='bbox 2573 2188 2689 2224; x_wconf 91' lang='grc' dir='ltr'>σου.</span> <span class='ocrx_word' id='word_1_526' title='bbox 2724 2189 2743 2223; x_wconf 81' lang='grc' dir='ltr'><strong>ι</strong></span> <span class='ocrx_word' id='word_1_527' title='bbox 2777 2169 2843 2223; x_wconf 86' lang='grc' dir='ltr'>Τί</span> <span class='ocrx_word' id='word_1_528' title='bbox 2869 2169 2960 2223; x_wconf 80' lang='grc' dir='ltr'>οῦν</span> <span class='ocrx_word' id='word_1_529' title='bbox 2989 2173 3016 2223; x_wconf 77' lang='grc' dir='ltr'><strong><em>ὁ</em></strong></span> <span class='ocrx_word' id='word_1_530' title='bbox 3050 2170 3253 2241; x_wconf 72' lang='grc' dir='ltr'>Κύριος</span> <span class='ocrx_word' id='word_1_531' title='bbox 3281 2186 3298 2235; x_wconf 86' lang='lat'><strong>;</strong></span> <span class='ocrx_word' id='word_1_532' title='bbox 3334 2188 3352 2221; x_wconf 82' lang='grc' dir='ltr'><strong>ι</strong></span> <span class='ocrx_word' id='word_1_533' title='bbox 3413 2170 3636 2239; x_wconf 70' lang='grc' dir='ltr'>Σήμερον</span> 
     </span>
    </p>
   </div>
   <div class='ocr_carea' id='block_1_67' title="bbox 2087 2263 3637 2338">
    <p class='ocr_par' dir='ltr' id='par_1_67' title="bbox 2087 2263 3637 2338">
     <span class='ocr_line' id='line_1_67' title="bbox 2087 2263 3637 2338; baseline -0.001 -22"><span class='ocrx_word' id='word_1_534' title='bbox 2087 2263 2204 2335; x_wconf 78' lang='grc' dir='ltr'>μετ’</span> <span class='ocrx_word' id='word_1_535' title='bbox 2238 2264 2374 2336; x_wconf 84' lang='grc' dir='ltr'>ἐμοῦ</span> <span class='ocrx_word' id='word_1_536' title='bbox 2424 2265 2522 2338; x_wconf 74' lang='grc' dir='ltr'><strong>ἔσῃ</strong></span> <span class='ocrx_word' id='word_1_537' title='bbox 2568 2267 2626 2318; x_wconf 85' lang='grc' dir='ltr'><strong>ἐν</strong></span> <span class='ocrx_word' id='word_1_538' title='bbox 2674 2263 2751 2334; x_wconf 78' lang='grc' dir='ltr'>τῷ</span> <span class='ocrx_word' id='word_1_539' title='bbox 2792 2264 3120 2335; x_wconf 82' lang='grc' dir='ltr'>παραδείσῳ.</span> <span class='ocrx_word' id='word_1_540' title='bbox 3160 2283 3178 2315; x_wconf 88' lang='grc' dir='ltr'><strong>ι</strong></span> <span class='ocrx_word' id='word_1_541' title='bbox 3247 2264 3336 2327; x_wconf 79' lang='grc' dir='ltr'>Ὠς</span> <span class='ocrx_word' id='word_1_542' title='bbox 3391 2264 3488 2334; x_wconf 81' lang='grc' dir='ltr'><strong>μὲν</strong></span> <span class='ocrx_word' id='word_1_543' title='bbox 3543 2263 3637 2334; x_wconf 64' lang='grc' dir='ltr'>γὰρ</span> 
     </span>
    </p>
   </div>
   <div class='ocr_carea' id='block_1_68' title="bbox 2083 2354 3635 2429">
    <p class='ocr_par' dir='ltr' id='par_1_68' title="bbox 2083 2354 3635 2429">
     <span class='ocr_line' id='line_1_68' title="bbox 2083 2354 3635 2429; baseline -0.003 -18"><span class='ocrx_word' id='word_1_544' title='bbox 2083 2356 2392 2429; x_wconf 76' lang='grc' dir='ltr'>ἄνθρωπος,</span> <span class='ocrx_word' id='word_1_545' title='bbox 2449 2358 2507 2410; x_wconf 82' lang='grc' dir='ltr'><strong>ἐν</strong></span> <span class='ocrx_word' id='word_1_546' title='bbox 2561 2356 2814 2428; x_wconf 79' lang='grc' dir='ltr'>σταυρῷ,</span> <span class='ocrx_word' id='word_1_547' title='bbox 2866 2356 2943 2419; x_wconf 83' lang='grc' dir='ltr'>ὡς</span> <span class='ocrx_word' id='word_1_548' title='bbox 2991 2355 3050 2409; x_wconf 78' lang='grc' dir='ltr'>δὲ</span> <span class='ocrx_word' id='word_1_549' title='bbox 3101 2354 3277 2419; x_wconf 74' lang='grc' dir='ltr'>Θεὸς,</span> <span class='ocrx_word' id='word_1_550' title='bbox 3338 2355 3635 2423; x_wconf 77' lang='grc' dir='ltr'><strong>πανταχοῦ,</strong></span> 
     </span>
    </p>
   </div>
   <div class='ocr_carea' id='block_1_69' title="bbox 2089 2446 3639 2520">
    <p class='ocr_par' dir='ltr' id='par_1_69' title="bbox 2089 2446 3639 2520">
     <span class='ocr_line' id='line_1_69' title="bbox 2089 2446 3639 2520; baseline -0.003 -18"><span class='ocrx_word' id='word_1_551' title='bbox 2089 2450 2274 2512; x_wconf 80' lang='grc' dir='ltr'>κάκεῖ,</span> <span class='ocrx_word' id='word_1_552' title='bbox 2308 2450 2409 2503; x_wconf 80' lang='grc' dir='ltr'><strong>κάν</strong></span> <span class='ocrx_word' id='word_1_553' title='bbox 2442 2448 2520 2520; x_wconf 80' lang='grc' dir='ltr'><strong>τῷ</strong></span> <span class='ocrx_word' id='word_1_554' title='bbox 2554 2447 2894 2519; x_wconf 75' lang='grc' dir='ltr'><strong>παραδείσῳ,</strong></span> <span class='ocrx_word' id='word_1_555' title='bbox 2923 2448 3103 2502; x_wconf 75' lang='grc' dir='ltr'>πάντα</span> <span class='ocrx_word' id='word_1_556' title='bbox 3149 2446 3395 2518; x_wconf 78' lang='grc' dir='ltr'>πληρῶν.</span> <span class='ocrx_word' id='word_1_557' title='bbox 3425 2448 3515 2500; x_wconf 82' lang='grc' dir='ltr'>καὶ</span> <span class='ocrx_word' id='word_1_558' title='bbox 3549 2461 3639 2516; x_wconf 84' lang='grc' dir='ltr'>μη·</span> 
     </span>
    </p>
   </div>
   <div class='ocr_carea' id='block_1_70' title="bbox 2082 2538 3636 2613">
    <p class='ocr_par' dir='ltr' id='par_1_70' title="bbox 2082 2538 3636 2613">
     <span class='ocr_line' id='line_1_70' title="bbox 2082 2538 3636 2613; baseline -0.003 -18"><span class='ocrx_word' id='word_1_559' title='bbox 2082 2540 2255 2612; x_wconf 79' lang='grc' dir='ltr'>δσμοῦ</span> <span class='ocrx_word' id='word_1_560' title='bbox 2310 2539 2404 2595; x_wconf 82' lang='grc' dir='ltr'><strong>ὢν.</strong></span> <span class='ocrx_word' id='word_1_561' title='bbox 2456 2542 2760 2613; x_wconf 77' lang='grc' dir='ltr'>Ζητήσουσι</span> <span class='ocrx_word' id='word_1_562' title='bbox 2810 2540 2868 2595; x_wconf 79' lang='grc' dir='ltr'>δέ</span> <span class='ocrx_word' id='word_1_563' title='bbox 2917 2556 3097 2603; x_wconf 86' lang='grc' dir='ltr'><strong>τινες⁹</strong></span> <span class='ocrx_word' id='word_1_564' title='bbox 3130 2540 3254 2603; x_wconf 84' lang='grc' dir='ltr'><strong>Πῶς</strong></span> <span class='ocrx_word' id='word_1_565' title='bbox 3305 2538 3402 2593; x_wconf 89' lang='grc' dir='ltr'><strong>τοῦ</strong></span> <span class='ocrx_word' id='word_1_566' title='bbox 3456 2538 3636 2608; x_wconf 77' lang='grc' dir='ltr'>Κυρίου</span> 
     </span>
    </p>
   </div>
   <div class='ocr_carea' id='block_1_71' title="bbox 2084 2624 3638 2706">
    <p class='ocr_par' dir='ltr' id='par_1_71' title="bbox 2084 2624 3638 2706">
     <span class='ocr_line' id='line_1_71' title="bbox 2084 2624 3638 2706; baseline -0.003 -19"><span class='ocrx_word' id='word_1_567' title='bbox 2084 2624 2337 2703; x_wconf 68' lang='grc' dir='ltr'><strong>λέγοντος</strong></span> <span class='ocrx_word' id='word_1_568' title='bbox 2399 2634 2478 2704; x_wconf 80' lang='grc' dir='ltr'>τῷ</span> <span class='ocrx_word' id='word_1_569' title='bbox 2525 2634 2741 2706; x_wconf 68' lang='grc' dir='ltr'>λῃστῇ,</span> <span class='ocrx_word' id='word_1_570' title='bbox 2802 2653 2822 2687; x_wconf 77' lang='grc' dir='ltr'><strong>ι</strong></span> <span class='ocrx_word' id='word_1_571' title='bbox 2883 2634 3142 2706; x_wconf 74' lang='grc' dir='ltr'>Σήμερον</span> <span class='ocrx_word' id='word_1_572' title='bbox 3196 2633 3315 2703; x_wconf 79' lang='grc' dir='ltr'>μετ’</span> <span class='ocrx_word' id='word_1_573' title='bbox 3364 2631 3498 2703; x_wconf 89' lang='grc' dir='ltr'>ἐμοῦ</span> <span class='ocrx_word' id='word_1_574' title='bbox 3553 2632 3638 2702; x_wconf 67' lang='grc' dir='ltr'>ἐστι</span> 
     </span>
    </p>
   </div>
   <div class='ocr_carea' id='block_1_72' title="bbox 2083 2723 3637 2798">
    <p class='ocr_par' dir='ltr' id='par_1_72' title="bbox 2083 2723 3637 2798">
     <span class='ocr_line' id='line_1_72' title="bbox 2083 2723 3637 2798; baseline -0.003 -20"><span class='ocrx_word' id='word_1_575' title='bbox 2083 2728 2143 2778; x_wconf 93' lang='grc' dir='ltr'><strong>ἐν</strong></span> <span class='ocrx_word' id='word_1_576' title='bbox 2189 2728 2267 2795; x_wconf 77' lang='grc' dir='ltr'>τῷ</span> <span class='ocrx_word' id='word_1_577' title='bbox 2334 2725 2688 2798; x_wconf 71' lang='grc' dir='ltr'>παραδείσῳ,</span> <span class='ocrx_word' id='word_1_578' title='bbox 2745 2744 2764 2777; x_wconf 81' lang='grc' dir='ltr'><strong>ι</strong></span> <span class='ocrx_word' id='word_1_579' title='bbox 2819 2726 2847 2779; x_wconf 87' lang='grc' dir='ltr'>ὀ</span> <span class='ocrx_word' id='word_1_580' title='bbox 2915 2725 3126 2788; x_wconf 68' lang='grc' dir='ltr'>Παῦὶος</span> <span class='ocrx_word' id='word_1_581' title='bbox 3187 2724 3335 2795; x_wconf 73' lang='grc' dir='ltr'><strong>ἔφη·</strong></span> <span class='ocrx_word' id='word_1_582' title='bbox 3396 2742 3415 2775; x_wconf 76' lang='grc' dir='ltr'><strong>ι</strong></span> <span class='ocrx_word' id='word_1_583' title='bbox 3471 2723 3637 2785; x_wconf 66' lang='grc' dir='ltr'>Οὐδεὶς</span> 
     </span>
    </p>
   </div>
   <div class='ocr_carea' id='block_1_73' title="bbox 2083 2815 3637 2888">
    <p class='ocr_par' dir='ltr' id='par_1_73' title="bbox 2083 2815 3637 2888">
     <span class='ocr_line' id='line_1_73' title="bbox 2083 2815 3637 2888; baseline -0.001 -20"><span class='ocrx_word' id='word_1_584' title='bbox 2083 2817 2192 2868; x_wconf 78' lang='grc' dir='ltr'><strong>τῶν</strong></span> <span class='ocrx_word' id='word_1_585' title='bbox 2223 2815 2395 2886; x_wconf 81' lang='grc' dir='ltr'>ἁγίων</span> <span class='ocrx_word' id='word_1_586' title='bbox 2422 2816 2721 2885; x_wconf 74' lang='grc' dir='ltr'>ἐκομίσατο</span> <span class='ocrx_word' id='word_1_587' title='bbox 2746 2817 2846 2888; x_wconf 80' lang='grc' dir='ltr'><strong>τὴν</strong></span> <span class='ocrx_word' id='word_1_588' title='bbox 2875 2815 3212 2886; x_wconf 74' lang='grc' dir='ltr'><strong>ἐπαγγελίαν</strong></span> <span class='ocrx_word' id='word_1_589' title='bbox 3240 2833 3257 2883; x_wconf 89' lang='lat'><strong>;</strong></span> <span class='ocrx_word' id='word_1_590' title='bbox 3303 2836 3323 2868; x_wconf 76' lang='grc' dir='ltr'><strong>ι</strong></span> <span class='ocrx_word' id='word_1_591' title='bbox 3360 2815 3470 2869; x_wconf 80' lang='grc' dir='ltr'><strong>Καί</strong></span> <span class='ocrx_word' id='word_1_592' title='bbox 3513 2831 3637 2876; x_wconf 86' lang='grc' dir='ltr'>τινες</span> 
     </span>
    </p>
   </div>
   <div class='ocr_carea' id='block_1_74' title="bbox 2084 2907 3637 2981">
    <p class='ocr_par' dir='ltr' id='par_1_74' title="bbox 2084 2907 3637 2981">
     <span class='ocr_line' id='line_1_74' title="bbox 2084 2907 3637 2981; baseline -0.001 -20"><span class='ocrx_word' id='word_1_593' title='bbox 2084 2908 2355 2977; x_wconf 75' lang='grc' dir='ltr'>λέγουσιν,</span> <span class='ocrx_word' id='word_1_594' title='bbox 2379 2910 2461 2963; x_wconf 78' lang='grc' dir='ltr'>ὅτι</span> <span class='ocrx_word' id='word_1_595' title='bbox 2488 2911 2516 2963; x_wconf 78' lang='grc' dir='ltr'>ὁ</span> <span class='ocrx_word' id='word_1_596' title='bbox 2537 2910 2595 2963; x_wconf 83' lang='lat' dir='ltr'><strong>&#39;A</strong></span> <span class='ocrx_word' id='word_1_597' title='bbox 2606 2909 2859 2973; x_wconf 70' lang='grc' dir='ltr'>πόστολος</span> <span class='ocrx_word' id='word_1_598' title='bbox 2880 2910 2942 2963; x_wconf 84' lang='grc' dir='ltr'><strong>οῦ</strong></span> <span class='ocrx_word' id='word_1_599' title='bbox 2967 2912 3097 2981; x_wconf 75' lang='grc' dir='ltr'>περὶ</span> <span class='ocrx_word' id='word_1_600' title='bbox 3115 2909 3330 2963; x_wconf 80' lang='grc' dir='ltr'>πάντων</span> <span class='ocrx_word' id='word_1_601' title='bbox 3359 2909 3465 2963; x_wconf 79' lang='grc' dir='ltr'>τῶν</span> <span class='ocrx_word' id='word_1_602' title='bbox 3487 2907 3637 2978; x_wconf 83' lang='grc' dir='ltr'>ἁγίων</span> 
     </span>
    </p>
   </div>
   <div class='ocr_carea' id='block_1_75' title="bbox 2085 3000 3633 3072">
    <p class='ocr_par' dir='ltr' id='par_1_75' title="bbox 2085 3000 3633 3072">
     <span class='ocr_line' id='line_1_75' title="bbox 2085 3000 3633 3072; baseline -0.003 -17"><span class='ocrx_word' id='word_1_603' title='bbox 2085 3001 2404 3072; x_wconf 78' lang='grc' dir='ltr'>ἀπεφήνατο</span> <span class='ocrx_word' id='word_1_604' title='bbox 2463 3002 2524 3054; x_wconf 74' lang='grc' dir='ltr'><strong>τὸ</strong></span> <span class='ocrx_word' id='word_1_605' title='bbox 2584 3001 2658 3072; x_wconf 83' lang='grc' dir='ltr'>μὴ</span> <span class='ocrx_word' id='word_1_606' title='bbox 2716 3000 3052 3070; x_wconf 78' lang='grc' dir='ltr'>κομίσασθαι</span> <span class='ocrx_word' id='word_1_607' title='bbox 3120 3003 3218 3071; x_wconf 73' lang='grc' dir='ltr'>τὴν</span> <span class='ocrx_word' id='word_1_608' title='bbox 3275 3001 3633 3069; x_wconf 69' lang='grc' dir='ltr'>ἐπαγγελίαν,</span> 
     </span>
    </p>
   </div>
   <div class='ocr_carea' id='block_1_76' title="bbox 2085 3087 3636 3165">
    <p class='ocr_par' dir='ltr' id='par_1_76' title="bbox 2085 3087 3636 3165">
     <span class='ocr_line' id='line_1_76' title="bbox 2085 3087 3636 3165; baseline -0.003 -18"><span class='ocrx_word' id='word_1_609' title='bbox 2085 3092 2233 3147; x_wconf 56' lang='grc' dir='ltr'>ἀλλὰ</span> <span class='ocrx_word' id='word_1_610' title='bbox 2275 3094 2405 3164; x_wconf 75' lang='grc' dir='ltr'>περὶ</span> <span class='ocrx_word' id='word_1_611' title='bbox 2471 3087 2546 3147; x_wconf 80' lang='grc' dir='ltr'><strong>ὧν</strong></span> <span class='ocrx_word' id='word_1_612' title='bbox 2605 3093 3034 3165; x_wconf 75' lang='grc' dir='ltr'>ἁπηριθμήσατο</span> <span class='ocrx_word' id='word_1_613' title='bbox 3097 3095 3297 3164; x_wconf 76' lang='grc' dir='ltr'>μόνον’</span> <span class='ocrx_word' id='word_1_614' title='bbox 3343 3090 3636 3161; x_wconf 72' lang='grc' dir='ltr'><strong>ἀπηριθμή⁴</strong></span> 
     </span>
    </p>
   </div>
   <div class='ocr_carea' id='block_1_77' title="bbox 2087 3183 3632 3257">
    <p class='ocr_par' dir='ltr' id='par_1_77' title="bbox 2087 3183 3632 3257">
     <span class='ocr_line' id='line_1_77' title="bbox 2087 3183 3632 3257; baseline -0.005 -16"><span class='ocrx_word' id='word_1_615' title='bbox 2087 3202 2218 3241; x_wconf 71' lang='lat' dir='ltr'><strong>cato</strong></span> <span class='ocrx_word' id='word_1_616' title='bbox 2244 3184 2299 3239; x_wconf 77' lang='grc' dir='ltr'>δὲ</span> <span class='ocrx_word' id='word_1_617' title='bbox 2328 3186 2520 3248; x_wconf 75' lang='grc' dir='ltr'>ἄλλους</span> <span class='ocrx_word' id='word_1_618' title='bbox 2552 3184 2651 3257; x_wconf 78' lang='grc' dir='ltr'><strong>μὲν</strong></span> <span class='ocrx_word' id='word_1_619' title='bbox 2679 3185 2924 3252; x_wconf 69' lang='grc' dir='ltr'>πολὶοῦς,</span> <span class='ocrx_word' id='word_1_620' title='bbox 2948 3185 3039 3238; x_wconf 86' lang='grc' dir='ltr'><strong>τοῦ</strong></span> <span class='ocrx_word' id='word_1_621' title='bbox 3070 3183 3125 3237; x_wconf 80' lang='grc' dir='ltr'>δὲ</span> <span class='ocrx_word' id='word_1_622' title='bbox 3159 3183 3356 3254; x_wconf 78' lang='grc' dir='ltr'>λῃστοῦ</span> <span class='ocrx_word' id='word_1_623' title='bbox 3388 3183 3503 3236; x_wconf 72' lang='grc' dir='ltr'>οὐδὲ</span> <span class='ocrx_word' id='word_1_624' title='bbox 3522 3183 3632 3233; x_wconf 84' lang='grc' dir='ltr'>ἐπε-</span> 
     </span>
    </p>
   </div>
   <div class='ocr_carea' id='block_1_78' title="bbox 2084 3272 3632 3353">
    <p class='ocr_par' dir='ltr' id='par_1_78' title="bbox 2084 3272 3632 3353">
     <span class='ocr_line' id='line_1_78' title="bbox 2084 3272 3632 3353; baseline -0.004 -20"><span class='ocrx_word' id='word_1_625' title='bbox 2084 3279 2317 3353; x_wconf 77' lang='grc' dir='ltr'>μνήσθη.</span> <span class='ocrx_word' id='word_1_626' title='bbox 2356 3279 2554 3333; x_wconf 79' lang='grc' dir='ltr'>Ἀκουε</span> <span class='ocrx_word' id='word_1_627' title='bbox 2588 3279 2694 3350; x_wconf 73' lang='grc' dir='ltr'>γαρ</span> <span class='ocrx_word' id='word_1_628' title='bbox 2727 3278 2782 3331; x_wconf 88' lang='grc' dir='ltr'>τί</span> <span class='ocrx_word' id='word_1_629' title='bbox 2820 3295 2984 3348; x_wconf 76' lang='grc' dir='ltr'>φησιν</span> <span class='ocrx_word' id='word_1_630' title='bbox 3010 3292 3025 3309; x_wconf 84' lang='grc'>⁶</span> <span class='ocrx_word' id='word_1_631' title='bbox 3088 3273 3250 3332; x_wconf 82' lang='grc' dir='ltr'>Οῦτοι</span> <span class='ocrx_word' id='word_1_632' title='bbox 3282 3276 3501 3339; x_wconf 77' lang='grc' dir='ltr'>πάντες,</span> <span class='ocrx_word' id='word_1_633' title='bbox 3541 3272 3632 3327; x_wconf 87' lang='grc' dir='ltr'><strong>δει-</strong></span> 
     </span>
    </p>
   </div>
   <div class='ocr_carea' id='block_1_79' title="bbox 2080 3370 3631 3443">
    <p class='ocr_par' dir='ltr' id='par_1_79' title="bbox 2080 3370 3631 3443">
     <span class='ocr_line' id='line_1_79' title="bbox 2080 3370 3631 3443; baseline -0.005 -15"><span class='ocrx_word' id='word_1_634' title='bbox 2080 3373 2282 3437; x_wconf 80' lang='grc' dir='ltr'>κτικῶς</span> <span class='ocrx_word' id='word_1_635' title='bbox 2311 3373 2444 3443; x_wconf 74' lang='grc' dir='ltr'>πρὸς</span> <span class='ocrx_word' id='word_1_636' title='bbox 2484 3375 2608 3434; x_wconf 71' lang='grc' dir='ltr'>τοὺς</span> <span class='ocrx_word' id='word_1_637' title='bbox 2665 3371 3156 3443; x_wconf 73' lang='grc' dir='ltr'><strong>ἀπηριθμημένους</strong></span> <span class='ocrx_word' id='word_1_638' title='bbox 3195 3370 3288 3423; x_wconf 85' lang='grc' dir='ltr'><strong>τὸν</strong></span> <span class='ocrx_word' id='word_1_639' title='bbox 3327 3370 3479 3437; x_wconf 73' lang='grc' dir='ltr'>λόγον</span> <span class='ocrx_word' id='word_1_640' title='bbox 3517 3370 3631 3422; x_wconf 83' lang='grc' dir='ltr'><strong>ἀνα-</strong></span> 
     </span>
    </p>
   </div>
   <div class='ocr_carea' id='block_1_80' title="bbox 2080 3458 3631 3536">
    <p class='ocr_par' dir='ltr' id='par_1_80' title="bbox 2080 3458 3631 3536">
     <span class='ocr_line' id='line_1_80' title="bbox 2080 3458 3631 3536; baseline -0.004 -18"><span class='ocrx_word' id='word_1_641' title='bbox 2080 3466 2282 3536; x_wconf 76' lang='grc' dir='ltr'>φέρων,</span> <span class='ocrx_word' id='word_1_642' title='bbox 2311 3458 2390 3528; x_wconf 76' lang='grc' dir='ltr'>οἷς</span> <span class='ocrx_word' id='word_1_643' title='bbox 2442 3464 2470 3517; x_wconf 87' lang='grc' dir='ltr'>ὁ</span> <span class='ocrx_word' id='word_1_644' title='bbox 2514 3463 2711 3535; x_wconf 77' lang='grc' dir='ltr'>λῃστὴς</span> <span class='ocrx_word' id='word_1_645' title='bbox 2759 3465 2819 3516; x_wconf 81' lang='grc' dir='ltr'><strong>οῦ</strong></span> <span class='ocrx_word' id='word_1_646' title='bbox 2876 3462 3302 3533; x_wconf 79' lang='grc' dir='ltr'>συνηρίομηται.</span> <span class='ocrx_word' id='word_1_647' title='bbox 3338 3462 3546 3532; x_wconf 85' lang='grc' dir='ltr'>Ἐτεροι</span> <span class='ocrx_word' id='word_1_648' title='bbox 3583 3458 3631 3512; x_wconf 76' lang='grc' dir='ltr'><strong>δέ</strong></span> 
     </span>
    </p>
   </div>
   <div class='ocr_carea' id='block_1_81' title="bbox 2078 3553 3633 3627">
    <p class='ocr_par' dir='ltr' id='par_1_81' title="bbox 2078 3553 3633 3627">
     <span class='ocr_line' id='line_1_81' title="bbox 2078 3553 3633 3627; baseline -0.005 -16"><span class='ocrx_word' id='word_1_649' title='bbox 2078 3559 2308 3627; x_wconf 65' lang='grc' dir='ltr'>ἐερασαν,</span> <span class='ocrx_word' id='word_1_650' title='bbox 2348 3556 2430 3609; x_wconf 83' lang='grc' dir='ltr'><strong>δτι</strong></span> <span class='ocrx_word' id='word_1_651' title='bbox 2484 3555 2606 3609; x_wconf 78' lang='grc' dir='ltr'><strong>οῦδέ</strong></span> <span class='ocrx_word' id='word_1_652' title='bbox 2658 3558 2686 3609; x_wconf 81' lang='grc' dir='ltr'><strong>ὁ</strong></span> <span class='ocrx_word' id='word_1_653' title='bbox 2749 3555 2951 3626; x_wconf 75' lang='grc' dir='ltr'>λῃστὴς</span> <span class='ocrx_word' id='word_1_654' title='bbox 3009 3553 3161 3608; x_wconf 80' lang='grc' dir='ltr'>οῦπω</span> <span class='ocrx_word' id='word_1_655' title='bbox 3212 3554 3368 3626; x_wconf 71' lang='grc' dir='ltr'>ἔτυχε</span> <span class='ocrx_word' id='word_1_656' title='bbox 3432 3555 3525 3623; x_wconf 80' lang='grc' dir='ltr'>τῆς</span> <span class='ocrx_word' id='word_1_657' title='bbox 3582 3554 3633 3604; x_wconf 83' lang='grc' dir='ltr'><strong>ἐν</strong></span> 
     </span>
    </p>
   </div>
   <div class='ocr_carea' id='block_1_82' title="bbox 2078 3643 3630 3719">
    <p class='ocr_par' dir='ltr' id='par_1_82' title="bbox 2078 3643 3630 3719">
     <span class='ocr_line' id='line_1_82' title="bbox 2078 3643 3630 3719; baseline -0.006 -18"><span class='ocrx_word' id='word_1_658' title='bbox 2078 3647 2158 3719; x_wconf 81' lang='grc' dir='ltr'>τῷ</span> <span class='ocrx_word' id='word_1_659' title='bbox 2203 3646 2517 3718; x_wconf 79' lang='grc' dir='ltr'>παραδείσῳ</span> <span class='ocrx_word' id='word_1_660' title='bbox 2558 3644 2833 3713; x_wconf 81' lang='grc' dir='ltr'>διαγωγῆς</span> <span class='ocrx_word' id='word_1_661' title='bbox 2864 3684 2878 3706; x_wconf 93' lang='grc'><strong>,</strong></span> <span class='ocrx_word' id='word_1_662' title='bbox 2922 3643 3035 3697; x_wconf 77' lang='grc' dir='ltr'><strong>ἀλλ’</strong></span> <span class='ocrx_word' id='word_1_663' title='bbox 3076 3643 3267 3714; x_wconf 82' lang='grc' dir='ltr'>ἐπειδὴ</span> <span class='ocrx_word' id='word_1_664' title='bbox 3325 3643 3630 3713; x_wconf 77' lang='grc' dir='ltr'>ἀμετάϐετος</span> 
     </span>
    </p>
   </div>
   <div class='ocr_carea' id='block_1_83' title="bbox 2080 3733 3629 3808">
    <p class='ocr_par' dir='ltr' id='par_1_83' title="bbox 2080 3733 3629 3808">
     <span class='ocr_line' id='line_1_83' title="bbox 2080 3733 3629 3808; baseline -0.005 -15"><span class='ocrx_word' id='word_1_665' title='bbox 2080 3739 2175 3793; x_wconf 75' lang='grc' dir='ltr'><strong>καὶ</strong></span> <span class='ocrx_word' id='word_1_666' title='bbox 2244 3737 2599 3808; x_wconf 72' lang='grc' dir='ltr'>ἀδιάψευστος</span> <span class='ocrx_word' id='word_1_667' title='bbox 2659 3738 2692 3808; x_wconf 75' lang='grc' dir='ltr'>ἡ</span> <span class='ocrx_word' id='word_1_668' title='bbox 2757 3735 2851 3789; x_wconf 90' lang='grc' dir='ltr'><strong>τοῦ</strong></span> <span class='ocrx_word' id='word_1_669' title='bbox 2908 3735 3110 3806; x_wconf 81' lang='grc' dir='ltr'><strong>Κυρίου</strong></span> <span class='ocrx_word' id='word_1_670' title='bbox 3166 3736 3501 3806; x_wconf 76' lang='grc' dir='ltr'><strong>ὑπόσχεσις,</strong></span> <span class='ocrx_word' id='word_1_671' title='bbox 3553 3733 3629 3787; x_wconf 66' lang='grc' dir='ltr'><strong>διὰ</strong></span> 
     </span>
    </p>
   </div>
   <div class='ocr_carea' id='block_1_84' title="bbox 2078 3823 3631 3901">
    <p class='ocr_par' dir='ltr' id='par_1_84' title="bbox 2078 3823 3631 3901">
     <span class='ocr_line' id='line_1_84' title="bbox 2078 3823 3631 3901; baseline -0.005 -16"><span class='ocrx_word' id='word_1_672' title='bbox 2078 3830 2238 3885; x_wconf 85' lang='grc' dir='ltr'>τοῦτο</span> <span class='ocrx_word' id='word_1_673' title='bbox 2278 3831 2493 3901; x_wconf 76' lang='grc' dir='ltr'>εἴρηται</span> <span class='ocrx_word' id='word_1_674' title='bbox 2518 3829 2600 3894; x_wconf 83' lang='grc' dir='ltr'>τὸ,</span> <span class='ocrx_word' id='word_1_675' title='bbox 2635 3847 2653 3879; x_wconf 75' lang='grc' dir='ltr'><strong>ι</strong></span> <span class='ocrx_word' id='word_1_676' title='bbox 2692 3828 2939 3897; x_wconf 74' lang='grc' dir='ltr'><strong>Σήμερον</strong></span> <span class='ocrx_word' id='word_1_677' title='bbox 2975 3827 3093 3897; x_wconf 76' lang='grc' dir='ltr'>μετ’</span> <span class='ocrx_word' id='word_1_678' title='bbox 3142 3828 3279 3897; x_wconf 90' lang='grc' dir='ltr'>ἐμοῦ</span> <span class='ocrx_word' id='word_1_679' title='bbox 3321 3828 3417 3899; x_wconf 79' lang='grc' dir='ltr'>ἔσῃ</span> <span class='ocrx_word' id='word_1_680' title='bbox 3467 3830 3523 3879; x_wconf 81' lang='grc' dir='ltr'>ὲν</span> <span class='ocrx_word' id='word_1_681' title='bbox 3565 3823 3631 3897; x_wconf 76' lang='grc' dir='ltr'>τῷ</span> 
     </span>
    </p>
   </div>
   <div class='ocr_carea' id='block_1_85' title="bbox 2079 3916 3624 3996">
    <p class='ocr_par' dir='ltr' id='par_1_85' title="bbox 2079 3916 3624 3996">
     <span class='ocr_line' id='line_1_85' title="bbox 2079 3916 3624 3996; baseline -0.005 -18"><span class='ocrx_word' id='word_1_682' title='bbox 2079 3924 2411 3996; x_wconf 82' lang='grc' dir='ltr'>παραδείσῳ.</span> <span class='ocrx_word' id='word_1_683' title='bbox 2466 3941 2485 3975; x_wconf 73' lang='grc' dir='ltr'><strong>ι</strong></span> <span class='ocrx_word' id='word_1_684' title='bbox 2525 3921 2680 3975; x_wconf 85' lang='grc' dir='ltr'>Ἔστι</span> <span class='ocrx_word' id='word_1_685' title='bbox 2719 3922 2827 3991; x_wconf 79' lang='grc' dir='ltr'><strong>γὰρ</strong></span> <span class='ocrx_word' id='word_1_686' title='bbox 2866 3921 2959 3974; x_wconf 71' lang='grc' dir='ltr'>καὶ</span> <span class='ocrx_word' id='word_1_687' title='bbox 2999 3919 3240 3974; x_wconf 88' lang='grc' dir='ltr'>τοιοῦτον</span> <span class='ocrx_word' id='word_1_688' title='bbox 3273 3916 3429 3983; x_wconf 77' lang='grc' dir='ltr'>εἶδος,</span> <span class='ocrx_word' id='word_1_689' title='bbox 3460 3921 3624 3988; x_wconf 76' lang='grc' dir='ltr'>φασὶν,</span> 
     </span>
    </p>
   </div>
   <div class='ocr_carea' id='block_1_86' title="bbox 2080 4007 3626 4086">
    <p class='ocr_par' dir='ltr' id='par_1_86' title="bbox 2080 4007 3626 4086">
     <span class='ocr_line' id='line_1_86' title="bbox 2080 4007 3626 4086; baseline -0.005 -16"><span class='ocrx_word' id='word_1_690' title='bbox 2080 4017 2138 4071; x_wconf 89' lang='grc' dir='ltr'><strong>ἐν</strong></span> <span class='ocrx_word' id='word_1_691' title='bbox 2160 4018 2273 4080; x_wconf 79' lang='grc' dir='ltr'>τοῖς</span> <span class='ocrx_word' id='word_1_692' title='bbox 2315 4015 2409 4070; x_wconf 86' lang='grc' dir='ltr'><strong>τοῦ</strong></span> <span class='ocrx_word' id='word_1_693' title='bbox 2445 4014 2653 4086; x_wconf 77' lang='grc' dir='ltr'><strong>Κυρίου</strong></span> <span class='ocrx_word' id='word_1_694' title='bbox 2690 4015 2952 4084; x_wconf 77' lang='grc' dir='ltr'>ῥήμασιν,</span> <span class='ocrx_word' id='word_1_695' title='bbox 3003 4016 3060 4065; x_wconf 83' lang='grc' dir='ltr'>ἐν</span> <span class='ocrx_word' id='word_1_696' title='bbox 3107 4007 3187 4075; x_wconf 75' lang='grc' dir='ltr'><strong>οἷς</strong></span> <span class='ocrx_word' id='word_1_697' title='bbox 3239 4011 3493 4083; x_wconf 78' lang='grc' dir='ltr'>περὶτῶν</span> <span class='ocrx_word' id='word_1_698' title='bbox 3521 4012 3626 4064; x_wconf 70' lang='grc' dir='ltr'><strong>ἔσει</strong></span> 
     </span>
    </p>
   </div>
   <div class='ocr_carea' id='block_1_87' title="bbox 2083 4105 3627 4180">
    <p class='ocr_par' dir='ltr' id='par_1_87' title="bbox 2083 4105 3627 4180">
     <span class='ocr_line' id='line_1_87' title="bbox 2083 4105 3627 4180; baseline -0.006 -16"><span class='ocrx_word' id='word_1_699' title='bbox 2083 4110 2209 4164; x_wconf 77' lang='grc' dir='ltr'>σθαι</span> <span class='ocrx_word' id='word_1_700' title='bbox 2230 4109 2552 4180; x_wconf 81' lang='grc' dir='ltr'><strong>μελλόντων,</strong></span> <span class='ocrx_word' id='word_1_701' title='bbox 2581 4106 2655 4171; x_wconf 82' lang='grc' dir='ltr'><strong>ὡς</strong></span> <span class='ocrx_word' id='word_1_702' title='bbox 2678 4106 2779 4179; x_wconf 71' lang='grc' dir='ltr'>ἤδη</span> <span class='ocrx_word' id='word_1_703' title='bbox 2799 4107 3105 4177; x_wconf 81' lang='grc' dir='ltr'>γενομένων</span> <span class='ocrx_word' id='word_1_704' title='bbox 3130 4105 3403 4170; x_wconf 74' lang='grc' dir='ltr'><strong>διέξεισιν.</strong></span> <span class='ocrx_word' id='word_1_705' title='bbox 3419 4105 3499 4168; x_wconf 80' lang='grc' dir='ltr'>Ὠς</span> <span class='ocrx_word' id='word_1_706' title='bbox 3517 4105 3627 4159; x_wconf 77' lang='grc' dir='ltr'>ὅταν</span> 
     </span>
    </p>
   </div>
   <div class='ocr_carea' id='block_1_88' title="bbox 2080 4200 3628 4276">
    <p class='ocr_par' dir='ltr' id='par_1_88' title="bbox 2080 4200 3628 4276">
     <span class='ocr_line' id='line_1_88' title="bbox 2080 4200 3628 4276; baseline -0.004 -19"><span class='ocrx_word' id='word_1_707' title='bbox 2080 4204 2244 4276; x_wconf 78' lang='grc' dir='ltr'><strong>λέγῃ·</strong></span> <span class='ocrx_word' id='word_1_708' title='bbox 2285 4224 2303 4256; x_wconf 78' lang='grc' dir='ltr'><strong>ι</strong></span> <span class='ocrx_word' id='word_1_709' title='bbox 2328 4203 2387 4257; x_wconf 84' lang='grc' dir='ltr'>Ὀ</span> <span class='ocrx_word' id='word_1_710' title='bbox 2419 4203 2494 4274; x_wconf 79' lang='grc' dir='ltr'><strong>μὴ</strong></span> <span class='ocrx_word' id='word_1_711' title='bbox 2526 4200 2819 4263; x_wconf 75' lang='grc' dir='ltr'>πιστεύων,</span> <span class='ocrx_word' id='word_1_712' title='bbox 2852 4200 2952 4271; x_wconf 64' lang='grc' dir='ltr'>ἤδη</span> <span class='ocrx_word' id='word_1_713' title='bbox 2996 4200 3271 4271; x_wconf 84' lang='grc' dir='ltr'>κέκριται,</span> <span class='ocrx_word' id='word_1_714' title='bbox 3308 4220 3326 4253; x_wconf 82' lang='grc' dir='ltr'><strong>ι</strong></span> <span class='ocrx_word' id='word_1_715' title='bbox 3358 4203 3447 4254; x_wconf 72' lang='grc' dir='ltr'>καὶ</span> <span class='ocrx_word' id='word_1_716' title='bbox 3467 4200 3628 4254; x_wconf 74' lang='grc' dir='ltr'>πάλιν·</span> 
     </span>
    </p>
   </div>
   <div class='ocr_carea' id='block_1_89' title="bbox 2089 4292 3629 4364">
    <p class='ocr_par' dir='ltr' id='par_1_89' title="bbox 2089 4292 3629 4364">
     <span class='ocr_line' id='line_1_89' title="bbox 2089 4292 3629 4364; baseline -0.003 -16"><span class='ocrx_word' id='word_1_717' title='bbox 2089 4316 2108 4348; x_wconf 77' lang='grc' dir='ltr'>ι</span> <span class='ocrx_word' id='word_1_718' title='bbox 2129 4297 2188 4349; x_wconf 89' lang='lat'><strong>&#39;0</strong></span> <span class='ocrx_word' id='word_1_719' title='bbox 2207 4295 2316 4350; x_wconf 80' lang='grc' dir='ltr'>τῶν</span> <span class='ocrx_word' id='word_1_720' title='bbox 2344 4294 2517 4364; x_wconf 78' lang='grc' dir='ltr'>λόγων</span> <span class='ocrx_word' id='word_1_721' title='bbox 2550 4311 2650 4364; x_wconf 93' lang='grc' dir='ltr'>μου</span> <span class='ocrx_word' id='word_1_722' title='bbox 2677 4292 2912 4357; x_wconf 78' lang='grc' dir='ltr'>ἁκούων,</span> <span class='ocrx_word' id='word_1_723' title='bbox 2938 4292 3031 4345; x_wconf 78' lang='grc' dir='ltr'>καὶ</span> <span class='ocrx_word' id='word_1_724' title='bbox 3056 4293 3349 4357; x_wconf 78' lang='grc' dir='ltr'>πιστεύων,</span> <span class='ocrx_word' id='word_1_725' title='bbox 3377 4294 3448 4354; x_wconf 76' lang='grc' dir='ltr'>εἰς</span> <span class='ocrx_word' id='word_1_726' title='bbox 3471 4293 3629 4363; x_wconf 84' lang='grc' dir='ltr'>κρίσιν</span> 
     </span>
    </p>
   </div>
   <div class='ocr_carea' id='block_1_90' title="bbox 2082 4382 3629 4454">
    <p class='ocr_par' dir='ltr' id='par_1_90' title="bbox 2082 4382 3629 4454">
     <span class='ocr_line' id='line_1_90' title="bbox 2082 4382 3629 4454; baseline -0.005 -15"><span class='ocrx_word' id='word_1_727' title='bbox 2082 4384 2443 4454; x_wconf 79' lang='grc' dir='ltr'>οὒκέρχεται,</span> <span class='ocrx_word' id='word_1_728' title='bbox 2469 4382 2604 4437; x_wconf 76' lang='grc' dir='ltr'>ἀλλὰ</span> <span class='ocrx_word' id='word_1_729' title='bbox 2654 4382 3037 4453; x_wconf 73' lang='grc' dir='ltr'>μεταϐέϐηκεν</span> <span class='ocrx_word' id='word_1_730' title='bbox 3075 4383 3140 4436; x_wconf 83' lang='grc' dir='ltr'><strong>ἐκ</strong></span> <span class='ocrx_word' id='word_1_731' title='bbox 3163 4382 3259 4436; x_wconf 87' lang='grc' dir='ltr'><strong>τοῦ</strong></span> <span class='ocrx_word' id='word_1_732' title='bbox 3290 4383 3511 4436; x_wconf 76' lang='grc' dir='ltr'>θανάτου</span> <span class='ocrx_word' id='word_1_733' title='bbox 3562 4383 3629 4443; x_wconf 84' lang='grc' dir='ltr'><strong>εἰς</strong></span> 
     </span>
    </p>
   </div>
   <div class='ocr_carea' id='block_1_91' title="bbox 2081 4474 3625 4547">
    <p class='ocr_par' dir='ltr' id='par_1_91' title="bbox 2081 4474 3625 4547">
     <span class='ocr_line' id='line_1_91' title="bbox 2081 4474 3625 4547; baseline -0.001 -19"><span class='ocrx_word' id='word_1_734' title='bbox 2081 4476 2181 4547; x_wconf 79' lang='grc' dir='ltr'><strong>τὴν</strong></span> <span class='ocrx_word' id='word_1_735' title='bbox 2205 4474 2601 4546; x_wconf 74' lang='grc' dir='ltr'><strong>ζωήν.ι”Λλλοι</strong></span> <span class='ocrx_word' id='word_1_736' title='bbox 2629 4474 2685 4528; x_wconf 82' lang='grc' dir='ltr'>δὲ</span> <span class='ocrx_word' id='word_1_737' title='bbox 2716 4474 3064 4539; x_wconf 74' lang='grc' dir='ltr'>ἐκϐιάζονται</span> <span class='ocrx_word' id='word_1_738' title='bbox 3094 4476 3152 4528; x_wconf 81' lang='grc' dir='ltr'>τὸ</span> <span class='ocrx_word' id='word_1_739' title='bbox 3184 4477 3358 4547; x_wconf 78' lang='grc' dir='ltr'>ῥῆμα,</span> <span class='ocrx_word' id='word_1_740' title='bbox 3383 4476 3625 4541; x_wconf 77' lang='grc' dir='ltr'>στίξοντες</span> 
     </span>
    </p>
   </div>
   <div class='ocr_carea' id='block_1_92' title="bbox 406 4561 1977 4640">
    <p class='ocr_par' dir='ltr' id='par_1_92' title="bbox 406 4561 1975 4636">
     <span class='ocr_line' id='line_1_92' title="bbox 406 4561 1975 4636; baseline -0.012 -3"><span class='ocrx_word' id='word_1_741' title='bbox 406 4593 515 4633; x_wconf 88' lang='lat' dir='ltr'><strong>non</strong></span> <span class='ocrx_word' id='word_1_742' title='bbox 568 4586 695 4630; x_wconf 83' lang='lat' dir='ltr'><strong>sunt</strong></span> <span class='ocrx_word' id='word_1_743' title='bbox 740 4572 1018 4636; x_wconf 82' lang='lat' dir='ltr'><strong>ingressus</strong></span> <span class='ocrx_word' id='word_1_744' title='bbox 1064 4567 1119 4619; x_wconf 88' lang='lat' dir='ltr'><strong>in</strong></span> <span class='ocrx_word' id='word_1_745' title='bbox 1161 4561 1602 4634; x_wconf 85' lang='lat' dir='ltr'><strong>paradisum.vel</strong></span> <span class='ocrx_word' id='word_1_746' title='bbox 1623 4561 1849 4627; x_wconf 87' lang='lat' dir='ltr'><strong>reditus,</strong></span> <span class='ocrx_word' id='word_1_747' title='bbox 1880 4562 1975 4616; x_wconf 89' lang='lat' dir='ltr'><strong>sed</strong></span> 
     </span>
    </p>
   </div>
   <div class='ocr_carea' id='block_1_93' title="bbox 2081 4561 3627 4640">
    <p class='ocr_par' dir='ltr' id='par_1_93' title="bbox 2082 4561 3627 4640">
     <span class='ocr_line' id='line_1_93' title="bbox 2082 4561 3627 4640; baseline 0 -20"><span class='ocrx_word' id='word_1_748' title='bbox 2082 4568 2159 4631; x_wconf 76' lang='lat' dir='ltr'><strong>ei;</strong></span> <span class='ocrx_word' id='word_1_749' title='bbox 2209 4569 2266 4622; x_wconf 76' lang='grc' dir='ltr'>τὸ</span> <span class='ocrx_word' id='word_1_750' title='bbox 2330 4584 2349 4619; x_wconf 74' lang='grc' dir='ltr'><strong>ι</strong></span> <span class='ocrx_word' id='word_1_751' title='bbox 2385 4568 2650 4638; x_wconf 82' lang='grc' dir='ltr'>Σήμερον,</span> <span class='ocrx_word' id='word_1_752' title='bbox 2692 4586 2711 4618; x_wconf 73' lang='grc' dir='ltr'><strong>ι</strong></span> <span class='ocrx_word' id='word_1_753' title='bbox 2755 4561 2879 4640; x_wconf 76' lang='grc' dir='ltr'><strong>ῐν’ᾖ</strong></span> <span class='ocrx_word' id='word_1_754' title='bbox 2930 4566 2991 4620; x_wconf 80' lang='grc' dir='ltr'>τὸ</span> <span class='ocrx_word' id='word_1_755' title='bbox 3028 4567 3322 4637; x_wconf 76' lang='grc' dir='ltr'>λεγόμενον</span> <span class='ocrx_word' id='word_1_756' title='bbox 3368 4568 3627 4622; x_wconf 86' lang='grc' dir='ltr'>τοιοῦτον·</span> 
     </span>
    </p>
   </div>
   <div class='ocr_carea' id='block_1_94' title="bbox 405 4651 1977 4744">
    <p class='ocr_par' dir='ltr' id='par_1_94' title="bbox 405 4651 1977 4744">
     <span class='ocr_line' id='line_1_94' title="bbox 405 4651 1977 4744; baseline -0.011 -22"><span class='ocrx_word' id='word_1_757' title='bbox 405 4680 627 4744; x_wconf 61' lang='lat' dir='ltr'><strong>mgnum</strong></span> <span class='ocrx_word' id='word_1_758' title='bbox 654 4662 911 4719; x_wconf 56' lang='lat' dir='ltr'><strong>caelorum</strong></span> <span class='ocrx_word' id='word_1_759' title='bbox 938 4675 952 4711; x_wconf 89' lang='lat'><strong>:</strong></span> <span class='ocrx_word' id='word_1_760' title='bbox 980 4657 1122 4711; x_wconf 90' lang='lat' dir='ltr'><strong>unde</strong></span> <span class='ocrx_word' id='word_1_761' title='bbox 1138 4664 1445 4718; x_wconf 83' lang='lat' dir='ltr'><strong>ctoramus,</strong></span> <span class='ocrx_word' id='word_1_762' title='bbox 1484 4669 1503 4704; x_wconf 77' lang='grc' dir='ltr'><strong>ι</strong></span> <span class='ocrx_word' id='word_1_763' title='bbox 1538 4651 1733 4708; x_wconf 76' lang='lat' dir='ltr'><strong>Veniat</strong></span> <span class='ocrx_word' id='word_1_764' title='bbox 1754 4666 1977 4721; x_wconf 79' lang='lat' dir='ltr'><strong>regnum</strong></span> 
     </span>
    </p>
   </div>
   <div class='ocr_carea' id='block_1_95' title="bbox 408 4741 1981 4824">
    <p class='ocr_par' dir='ltr' id='par_1_95' title="bbox 408 4741 1981 4824">
     <span class='ocr_line' id='line_1_95' title="bbox 408 4741 1981 4824; baseline -0.008 -14"><span class='ocrx_word' id='word_1_765' title='bbox 408 4741 562 4818; x_wconf 68' lang='lat' dir='ltr'><strong>mum</strong></span> <span class='ocrx_word' id='word_1_766' title='bbox 586 4758 659 4824; x_wconf 78' lang='grc'><strong>³³,</strong></span> <span class='ocrx_word' id='word_1_767' title='bbox 691 4773 712 4808; x_wconf 84' lang='grc' dir='ltr'><strong>ι</strong></span> <span class='ocrx_word' id='word_1_768' title='bbox 761 4766 866 4808; x_wconf 92' lang='lat' dir='ltr'><strong>non</strong></span> <span class='ocrx_word' id='word_1_769' title='bbox 899 4745 1240 4804; x_wconf 81' lang='lat' dir='ltr'><strong>conversatio</strong></span> <span class='ocrx_word' id='word_1_770' title='bbox 1268 4744 1355 4798; x_wconf 90' lang='lat' dir='ltr'><strong>illa</strong></span> <span class='ocrx_word' id='word_1_771' title='bbox 1388 4744 1440 4798; x_wconf 92' lang='lat' dir='ltr'><strong>in</strong></span> <span class='ocrx_word' id='word_1_772' title='bbox 1491 4744 1758 4814; x_wconf 87' lang='lat' dir='ltr'><strong>paradiso.</strong></span> <span class='ocrx_word' id='word_1_773' title='bbox 1793 4741 1981 4812; x_wconf 80' lang='lat' dir='ltr'><strong>Neque</strong></span> 
     </span>
    </p>
   </div>
   <div class='ocr_carea' id='block_1_96' title="bbox 402 4836 1981 4915">
    <p class='ocr_par' dir='ltr' id='par_1_96' title="bbox 402 4836 1981 4915">
     <span class='ocr_line' id='line_1_96' title="bbox 402 4836 1981 4915; baseline -0.011 -6"><span class='ocrx_word' id='word_1_774' title='bbox 402 4855 551 4915; x_wconf 85' lang='lat' dir='ltr'><strong>enim</strong></span> <span class='ocrx_word' id='word_1_775' title='bbox 580 4848 717 4908; x_wconf 89' lang='lat' dir='ltr'><strong>mihi</strong></span> <span class='ocrx_word' id='word_1_776' title='bbox 747 4846 895 4902; x_wconf 81' lang='lat' dir='ltr'><strong>dicat</strong></span> <span class='ocrx_word' id='word_1_777' title='bbox 916 4840 1111 4911; x_wconf 86' lang='lat' dir='ltr'><strong>aliquis</strong></span> <span class='ocrx_word' id='word_1_778' title='bbox 1160 4836 1305 4907; x_wconf 91' lang='lat' dir='ltr'><strong>quod</strong></span> <span class='ocrx_word' id='word_1_779' title='bbox 1342 4836 1483 4892; x_wconf 89' lang='lat' dir='ltr'><strong>idem</strong></span> <span class='ocrx_word' id='word_1_780' title='bbox 1514 4838 1585 4891; x_wconf 90' lang='lat' dir='ltr'><strong>sit</strong></span> <span class='ocrx_word' id='word_1_781' title='bbox 1617 4838 1904 4907; x_wconf 83' lang='lat' dir='ltr'><strong>paradisus</strong></span> <span class='ocrx_word' id='word_1_782' title='bbox 1923 4845 1981 4892; x_wconf 95' lang='lat' dir='ltr'><strong>ct</strong></span> 
     </span>
    </p>
   </div>
   <div class='ocr_carea' id='block_1_97' title="bbox 406 4932 1980 5020">
    <p class='ocr_par' dir='ltr' id='par_1_97' title="bbox 406 4932 1980 5020">
     <span class='ocr_line' id='line_1_97' title="bbox 406 4932 1980 5020; baseline -0.015 -16"><span class='ocrx_word' id='word_1_783' title='bbox 406 4961 651 5020; x_wconf 83' lang='lat' dir='ltr'><strong>regnum.</strong></span> <span class='ocrx_word' id='word_1_784' title='bbox 681 4942 829 4998; x_wconf 78' lang='lat' dir='ltr'><strong>Bona</strong></span> <span class='ocrx_word' id='word_1_785' title='bbox 879 4937 1024 4994; x_wconf 88' lang='lat' dir='ltr'><strong>enim</strong></span> <span class='ocrx_word' id='word_1_786' title='bbox 1092 4932 1242 5001; x_wconf 89' lang='lat' dir='ltr'><strong>regni</strong></span> <span class='ocrx_word' id='word_1_787' title='bbox 1275 4948 1295 4982; x_wconf 81' lang='grc' dir='ltr'><strong>ι</strong></span> <span class='ocrx_word' id='word_1_788' title='bbox 1344 4935 1517 4998; x_wconf 79' lang='lat' dir='ltr'><strong>neque</strong></span> <span class='ocrx_word' id='word_1_789' title='bbox 1555 4932 1704 4984; x_wconf 87' lang='lat' dir='ltr'><strong>auris</strong></span> <span class='ocrx_word' id='word_1_790' title='bbox 1752 4933 1980 4994; x_wconf 83' lang='lat' dir='ltr'><strong>audivit,</strong></span> 
     </span>
    </p>
   </div>
   <div class='ocr_carea' id='block_1_98' title="bbox 406 5021 1981 5111">
    <p class='ocr_par' dir='ltr' id='par_1_98' title="bbox 406 5021 1981 5111">
     <span class='ocr_line' id='line_1_98' title="bbox 406 5021 1981 5111; baseline -0.015 -12"><span class='ocrx_word' id='word_1_791' title='bbox 406 5056 582 5111; x_wconf 88' lang='lat' dir='ltr'><strong>neque</strong></span> <span class='ocrx_word' id='word_1_792' title='bbox 609 5035 797 5094; x_wconf 85' lang='lat' dir='ltr'><strong>oculus</strong></span> <span class='ocrx_word' id='word_1_793' title='bbox 822 5030 977 5095; x_wconf 92' lang='lat' dir='ltr'><strong>vidit,</strong></span> <span class='ocrx_word' id='word_1_794' title='bbox 1004 5039 1179 5095; x_wconf 87' lang='lat' dir='ltr'><strong>neque</strong></span> <span class='ocrx_word' id='word_1_795' title='bbox 1206 5024 1258 5078; x_wconf 92' lang='lat' dir='ltr'><strong>in</strong></span> <span class='ocrx_word' id='word_1_796' title='bbox 1291 5037 1386 5078; x_wconf 86' lang='lat' dir='ltr'><strong>cor</strong></span> <span class='ocrx_word' id='word_1_797' title='bbox 1420 5021 1656 5077; x_wconf 87' lang='lat' dir='ltr'><strong>hominis</strong></span> <span class='ocrx_word' id='word_1_798' title='bbox 1717 5027 1981 5077; x_wconf 86' lang='lat' dir='ltr'><strong>ascende-</strong></span> 
     </span>
    </p>
   </div>
   <div class='ocr_carea' id='block_1_99' title="bbox 410 5113 1990 5191">
    <p class='ocr_par' dir='ltr' id='par_1_99' title="bbox 410 5113 1990 5191">
     <span class='ocr_line' id='line_1_99' title="bbox 410 5113 1990 5191; baseline -0.015 0"><span class='ocrx_word' id='word_1_799' title='bbox 410 5146 533 5191; x_wconf 86' lang='lat' dir='ltr'><strong>runt</strong></span> <span class='ocrx_word' id='word_1_800' title='bbox 556 5134 630 5187; x_wconf 75' lang='grc' dir='ltr'><strong>δ’.</strong></span> <span class='ocrx_word' id='word_1_801' title='bbox 669 5149 689 5184; x_wconf 82' lang='grc' dir='ltr'><strong>ι</strong></span> <span class='ocrx_word' id='word_1_802' title='bbox 730 5123 1048 5183; x_wconf 76' lang='lat' dir='ltr'><strong>Paradisutn</strong></span> <span class='ocrx_word' id='word_1_803' title='bbox 1073 5127 1255 5173; x_wconf 90' lang='lat' dir='ltr'><strong>autem</strong></span> <span class='ocrx_word' id='word_1_804' title='bbox 1285 5123 1341 5171; x_wconf 91' lang='lat' dir='ltr'><strong>et</strong></span> <span class='ocrx_word' id='word_1_805' title='bbox 1371 5113 1560 5168; x_wconf 86' lang='lat' dir='ltr'><strong>oculus</strong></span> <span class='ocrx_word' id='word_1_806' title='bbox 1589 5114 1720 5168; x_wconf 68' lang='lat' dir='ltr'><strong>Adae</strong></span> <span class='ocrx_word' id='word_1_807' title='bbox 1747 5113 1901 5181; x_wconf 88' lang='lat' dir='ltr'><strong>vidit,</strong></span> <span class='ocrx_word' id='word_1_808' title='bbox 1932 5123 1990 5170; x_wconf 90' lang='lat' dir='ltr'><strong>et</strong></span> 
     </span>
    </p>
   </div>
   <div class='ocr_carea' id='block_1_100' title="bbox 407 5205 1986 5280">
    <p class='ocr_par' dir='ltr' id='par_1_100' title="bbox 407 5205 1986 5280">
     <span class='ocr_line' id='line_1_100' title="bbox 407 5205 1986 5280; baseline -0.013 0"><span class='ocrx_word' id='word_1_809' title='bbox 407 5227 556 5280; x_wconf 85' lang='lat' dir='ltr'><strong>auris</strong></span> <span class='ocrx_word' id='word_1_810' title='bbox 575 5221 780 5276; x_wconf 87' lang='lat' dir='ltr'><strong>audivit</strong></span> <span class='ocrx_word' id='word_1_811' title='bbox 807 5217 876 5273; x_wconf 90' lang='lat' dir='ltr'><strong>de</strong></span> <span class='ocrx_word' id='word_1_812' title='bbox 901 5229 989 5271; x_wconf 85' lang='lat' dir='ltr'><strong>eo.</strong></span> <span class='ocrx_word' id='word_1_813' title='bbox 1024 5230 1044 5265; x_wconf 82' lang='grc' dir='ltr'><strong>ι</strong></span> <span class='ocrx_word' id='word_1_814' title='bbox 1081 5212 1157 5267; x_wconf 88' lang='lat' dir='ltr'><strong>De</strong></span> <span class='ocrx_word' id='word_1_815' title='bbox 1188 5208 1440 5264; x_wconf 90' lang='lat' dir='ltr'><strong>omnibus</strong></span> <span class='ocrx_word' id='word_1_816' title='bbox 1462 5207 1604 5261; x_wconf 89' lang='lat' dir='ltr'><strong>enim</strong></span> <span class='ocrx_word' id='word_1_817' title='bbox 1636 5205 1816 5276; x_wconf 88' lang='lat' dir='ltr'><strong>lignis,</strong></span> <span class='ocrx_word' id='word_1_818' title='bbox 1856 5225 1876 5260; x_wconf 80' lang='grc' dir='ltr'><strong>ι</strong></span> <span class='ocrx_word' id='word_1_819' title='bbox 1904 5209 1986 5262; x_wconf 84' lang='lat' dir='ltr'><strong>in—</strong></span> 
     </span>
    </p>
   </div>
   <div class='ocr_carea' id='block_1_101' title="bbox 406 5294 1985 5386">
    <p class='ocr_par' dir='ltr' id='par_1_101' title="bbox 406 5294 1985 5386">
     <span class='ocr_line' id='line_1_101' title="bbox 406 5294 1985 5386; baseline -0.011 -19"><span class='ocrx_word' id='word_1_820' title='bbox 406 5316 545 5386; x_wconf 89' lang='lat' dir='ltr'><strong>quit,</strong></span> <span class='ocrx_word' id='word_1_821' title='bbox 568 5324 728 5381; x_wconf 76' lang='lat' dir='ltr'><strong>tqua:</strong></span> <span class='ocrx_word' id='word_1_822' title='bbox 754 5316 881 5364; x_wconf 87' lang='lat' dir='ltr'><strong>sunt</strong></span> <span class='ocrx_word' id='word_1_823' title='bbox 908 5305 964 5360; x_wconf 90' lang='lat' dir='ltr'><strong>in</strong></span> <span class='ocrx_word' id='word_1_824' title='bbox 992 5303 1262 5374; x_wconf 88' lang='lat' dir='ltr'><strong>paradiso,</strong></span> <span class='ocrx_word' id='word_1_825' title='bbox 1282 5300 1449 5356; x_wconf 89' lang='lat' dir='ltr'><strong>edens</strong></span> <span class='ocrx_word' id='word_1_826' title='bbox 1470 5296 1690 5353; x_wconf 85' lang='lat' dir='ltr'><strong>comede</strong></span> <span class='ocrx_word' id='word_1_827' title='bbox 1709 5297 1772 5349; x_wconf 67' lang='grc'><strong>⁸⁸.</strong></span> <span class='ocrx_word' id='word_1_828' title='bbox 1801 5315 1820 5349; x_wconf 84' lang='grc' dir='ltr'><strong>ι</strong></span> <span class='ocrx_word' id='word_1_829' title='bbox 1850 5294 1985 5350; x_wconf 77' lang='lat' dir='ltr'><strong>Nam</strong></span> 
     </span>
    </p>
   </div>
   <div class='ocr_carea' id='block_1_102' title="bbox 408 5388 1987 5465">
    <p class='ocr_par' dir='ltr' id='par_1_102' title="bbox 408 5388 1987 5465">
     <span class='ocr_line' id='line_1_102' title="bbox 408 5388 1987 5465; baseline -0.013 -2"><span class='ocrx_word' id='word_1_830' title='bbox 408 5412 535 5465; x_wconf 69' lang='lat' dir='ltr'><strong>ficet</strong></span> <span class='ocrx_word' id='word_1_831' title='bbox 568 5416 734 5457; x_wconf 82' lang='lat' dir='ltr'><strong>unum</strong></span> <span class='ocrx_word' id='word_1_832' title='bbox 768 5409 976 5452; x_wconf 86' lang='lat' dir='ltr'><strong>tantum</strong></span> <span class='ocrx_word' id='word_1_833' title='bbox 1004 5394 1208 5465; x_wconf 87' lang='lat' dir='ltr'><strong>lignum</strong></span> <span class='ocrx_word' id='word_1_834' title='bbox 1258 5388 1606 5447; x_wconf 89' lang='lat' dir='ltr'><strong>interdictum</strong></span> <span class='ocrx_word' id='word_1_835' title='bbox 1642 5389 1714 5445; x_wconf 89' lang='lat' dir='ltr'><strong>sit</strong></span> <span class='ocrx_word' id='word_1_836' title='bbox 1768 5390 1870 5454; x_wconf 89' lang='lat' dir='ltr'><strong>eis,</strong></span> <span class='ocrx_word' id='word_1_837' title='bbox 1908 5402 1987 5444; x_wconf 87' lang='lat' dir='ltr'><strong>ta-</strong></span> 
     </span>
    </p>
   </div>
   <div class='ocr_carea' id='block_1_103' title="bbox 408 5482 1985 5564">
    <p class='ocr_par' dir='ltr' id='par_1_103' title="bbox 408 5482 1985 5564">
     <span class='ocr_line' id='line_1_103' title="bbox 408 5482 1985 5564; baseline -0.011 -8"><span class='ocrx_word' id='word_1_838' title='bbox 408 5515 531 5558; x_wconf 83' lang='lat' dir='ltr'><strong>men</strong></span> <span class='ocrx_word' id='word_1_839' title='bbox 562 5507 617 5552; x_wconf 90' lang='lat' dir='ltr'><strong>et</strong></span> <span class='ocrx_word' id='word_1_840' title='bbox 650 5495 826 5564; x_wconf 91' lang='lat' dir='ltr'><strong>ipsum</strong></span> <span class='ocrx_word' id='word_1_841' title='bbox 852 5488 1195 5550; x_wconf 89' lang='lat' dir='ltr'><strong>viderunt,et</strong></span> <span class='ocrx_word' id='word_1_842' title='bbox 1220 5483 1288 5540; x_wconf 88' lang='lat' dir='ltr'><strong>de</strong></span> <span class='ocrx_word' id='word_1_843' title='bbox 1321 5483 1441 5554; x_wconf 90' lang='lat' dir='ltr'><strong>ipso</strong></span> <span class='ocrx_word' id='word_1_844' title='bbox 1486 5482 1794 5537; x_wconf 90' lang='lat' dir='ltr'><strong>audierunt.</strong></span> <span class='ocrx_word' id='word_1_845' title='bbox 1816 5484 1884 5537; x_wconf 85' lang='lat' dir='ltr'><strong>Et</strong></span> <span class='ocrx_word' id='word_1_846' title='bbox 1932 5485 1985 5538; x_wconf 92' lang='lat' dir='ltr'><strong>iu</strong></span> 
     </span>
    </p>
   </div>
   <div class='ocr_carea' id='block_1_104' title="bbox 2093 4653 3627 4731">
    <p class='ocr_par' dir='ltr' id='par_1_104' title="bbox 2093 4653 3627 4731">
     <span class='ocr_line' id='line_1_104' title="bbox 2093 4653 3627 4731; baseline -0.001 -16"><span class='ocrx_word' id='word_1_847' title='bbox 2093 4681 2111 4715; x_wconf 82' lang='grc' dir='ltr'><strong>ι</strong></span> <span class='ocrx_word' id='word_1_848' title='bbox 2133 4660 2307 4731; x_wconf 74' lang='grc' dir='ltr'>’Δμὴν</span> <span class='ocrx_word' id='word_1_849' title='bbox 2326 4658 2469 4727; x_wconf 76' lang='grc' dir='ltr'>λέγω</span> <span class='ocrx_word' id='word_1_850' title='bbox 2489 4658 2573 4711; x_wconf 77' lang='grc' dir='ltr'>σοὶ</span> <span class='ocrx_word' id='word_1_851' title='bbox 2593 4658 2852 4729; x_wconf 75' lang='grc' dir='ltr'>σήμερονο</span> <span class='ocrx_word' id='word_1_852' title='bbox 2883 4676 2904 4710; x_wconf 76' lang='grc' dir='ltr'><strong>ι</strong></span> <span class='ocrx_word' id='word_1_853' title='bbox 2942 4653 3061 4713; x_wconf 76' lang='grc' dir='ltr'>εἶτα</span> <span class='ocrx_word' id='word_1_854' title='bbox 3090 4660 3171 4722; x_wconf 84' lang='grc' dir='ltr'><strong>τὸ,</strong></span> <span class='ocrx_word' id='word_1_855' title='bbox 3207 4679 3225 4711; x_wconf 74' lang='grc' dir='ltr'>ι</span> <span class='ocrx_word' id='word_1_856' title='bbox 3252 4661 3366 4731; x_wconf 78' lang='grc' dir='ltr'>μετ’</span> <span class='ocrx_word' id='word_1_857' title='bbox 3393 4660 3518 4731; x_wconf 83' lang='grc' dir='ltr'>ἐμοῦ</span> <span class='ocrx_word' id='word_1_858' title='bbox 3546 4660 3627 4731; x_wconf 74' lang='grc' dir='ltr'><strong>ἔσῃ</strong></span> 
     </span>
    </p>
   </div>
   <div class='ocr_carea' id='block_1_105' title="bbox 2086 4750 3627 4823">
    <p class='ocr_par' dir='ltr' id='par_1_105' title="bbox 2086 4750 3627 4823">
     <span class='ocr_line' id='line_1_105' title="bbox 2086 4750 3627 4823; baseline -0.001 -16"><span class='ocrx_word' id='word_1_859' title='bbox 2086 4755 2144 4807; x_wconf 86' lang='grc' dir='ltr'><strong>ἐν</strong></span> <span class='ocrx_word' id='word_1_860' title='bbox 2169 4751 2247 4822; x_wconf 81' lang='grc' dir='ltr'>τῷ</span> <span class='ocrx_word' id='word_1_861' title='bbox 2283 4750 2612 4822; x_wconf 79' lang='grc' dir='ltr'>παραδείσῳ,</span> <span class='ocrx_word' id='word_1_862' title='bbox 2653 4770 2672 4802; x_wconf 81' lang='grc' dir='ltr'><strong>ι</strong></span> <span class='ocrx_word' id='word_1_863' title='bbox 2693 4750 3067 4822; x_wconf 74' lang='grc' dir='ltr'><strong>ἐπιφέροντες.</strong></span> <span class='ocrx_word' id='word_1_864' title='bbox 3094 4751 3248 4815; x_wconf 80' lang='grc' dir='ltr'>Τινὲς</span> <span class='ocrx_word' id='word_1_865' title='bbox 3275 4753 3396 4807; x_wconf 83' lang='grc' dir='ltr'>δὲοὶ</span> <span class='ocrx_word' id='word_1_866' title='bbox 3421 4752 3627 4823; x_wconf 76' lang='grc' dir='ltr'>μάλιστα</span> 
     </span>
    </p>
   </div>
   <div class='ocr_carea' id='block_1_106' title="bbox 2084 4842 3631 4919">
    <p class='ocr_par' dir='ltr' id='par_1_106' title="bbox 2084 4842 3631 4919">
     <span class='ocr_line' id='line_1_106' title="bbox 2084 4842 3631 4919; baseline 0 -19"><span class='ocrx_word' id='word_1_867' title='bbox 2084 4848 2362 4917; x_wconf 85' lang='grc' dir='ltr'>ἐπιτυχεῖν</span> <span class='ocrx_word' id='word_1_868' title='bbox 2386 4844 2660 4910; x_wconf 78' lang='grc' dir='ltr'>δόξαντες,</span> <span class='ocrx_word' id='word_1_869' title='bbox 2696 4842 2868 4906; x_wconf 79' lang='grc' dir='ltr'>οὕτως</span> <span class='ocrx_word' id='word_1_870' title='bbox 2902 4843 3224 4914; x_wconf 79' lang='grc' dir='ltr'>ἐξηγοῦνται</span> <span class='ocrx_word' id='word_1_871' title='bbox 3249 4863 3264 4878; x_wconf 86' lang='grc'><strong>·</strong></span> <span class='ocrx_word' id='word_1_872' title='bbox 3290 4848 3370 4901; x_wconf 70' lang='grc' dir='ltr'><strong>Τὰ</strong></span> <span class='ocrx_word' id='word_1_873' title='bbox 3393 4846 3631 4919; x_wconf 74' lang='grc' dir='ltr'>ἐπηγγελ·</span> 
     </span>
    </p>
   </div>
   <div class='ocr_carea' id='block_1_107' title="bbox 2089 4937 3628 5010">
    <p class='ocr_par' dir='ltr' id='par_1_107' title="bbox 2089 4937 3628 5010">
     <span class='ocr_line' id='line_1_107' title="bbox 2089 4937 3628 5010; baseline 0.001 -18"><span class='ocrx_word' id='word_1_874' title='bbox 2089 4940 2228 5010; x_wconf 82' lang='grc' dir='ltr'>μένα</span> <span class='ocrx_word' id='word_1_875' title='bbox 2256 4941 2386 5009; x_wconf 71' lang='grc' dir='ltr'>ἡμῖν</span> <span class='ocrx_word' id='word_1_876' title='bbox 2420 4937 2600 5006; x_wconf 77' lang='grc' dir='ltr'><strong>ἀγαθὰ</strong></span> <span class='ocrx_word' id='word_1_877' title='bbox 2654 4938 2755 4991; x_wconf 82' lang='grc' dir='ltr'>οὐκ</span> <span class='ocrx_word' id='word_1_878' title='bbox 2801 4939 2881 5001; x_wconf 83' lang='grc' dir='ltr'>είς</span> <span class='ocrx_word' id='word_1_879' title='bbox 2924 4939 3017 4991; x_wconf 75' lang='grc' dir='ltr'>τὸν</span> <span class='ocrx_word' id='word_1_880' title='bbox 3040 4939 3370 5009; x_wconf 68' lang='grc' dir='ltr'>παράδεισον</span> <span class='ocrx_word' id='word_1_881' title='bbox 3410 4941 3628 5010; x_wconf 77' lang='grc' dir='ltr'>διαγωγή</span> 
     </span>
    </p>
   </div>
   <div class='ocr_carea' id='block_1_108' title="bbox 2086 5029 3625 5102">
    <p class='ocr_par' dir='ltr' id='par_1_108' title="bbox 2086 5029 3625 5102">
     <span class='ocr_line' id='line_1_108' title="bbox 2086 5029 3625 5102; baseline 0.001 -19"><span class='ocrx_word' id='word_1_882' title='bbox 2086 5033 2234 5083; x_wconf 81' lang='grc' dir='ltr'>ἐστιν</span> <span class='ocrx_word' id='word_1_883' title='bbox 2262 5029 2294 5101; x_wconf 74' lang='grc' dir='ltr'>ἢ</span> <span class='ocrx_word' id='word_1_884' title='bbox 2331 5030 2589 5093; x_wconf 67' lang='grc' dir='ltr'>ἐπάνοδος</span> <span class='ocrx_word' id='word_1_885' title='bbox 2616 5032 2633 5098; x_wconf 95' lang='grc'>(</span> <span class='ocrx_word' id='word_1_886' title='bbox 2648 5029 2751 5100; x_wconf 85' lang='grc' dir='ltr'><strong>Η),</strong></span> <span class='ocrx_word' id='word_1_887' title='bbox 2780 5031 2895 5083; x_wconf 79' lang='grc' dir='ltr'><strong>ἀλλ’</strong></span> <span class='ocrx_word' id='word_1_888' title='bbox 2919 5032 2951 5100; x_wconf 81' lang='grc' dir='ltr'>ἡ</span> <span class='ocrx_word' id='word_1_889' title='bbox 2971 5029 3214 5098; x_wconf 79' lang='grc' dir='ltr'>βασιλεία</span> <span class='ocrx_word' id='word_1_890' title='bbox 3244 5033 3351 5085; x_wconf 84' lang='grc' dir='ltr'><strong>τῶν</strong></span> <span class='ocrx_word' id='word_1_891' title='bbox 3375 5033 3625 5102; x_wconf 75' lang='grc' dir='ltr'><strong>οὐρανῶν·</strong></span> 
     </span>
    </p>
   </div>
   <div class='ocr_carea' id='block_1_109' title="bbox 2085 5120 3622 5194">
    <p class='ocr_par' dir='ltr' id='par_1_109' title="bbox 2085 5120 3622 5194">
     <span class='ocr_line' id='line_1_109' title="bbox 2085 5120 3622 5194; baseline -0.001 -17"><span class='ocrx_word' id='word_1_892' title='bbox 2085 5122 2249 5177; x_wconf 80' lang='grc' dir='ltr'><strong>Ὅθεν</strong></span> <span class='ocrx_word' id='word_1_893' title='bbox 2270 5120 2366 5177; x_wconf 79' lang='grc' dir='ltr'><strong>καὶ</strong></span> <span class='ocrx_word' id='word_1_894' title='bbox 2384 5122 2819 5194; x_wconf 78' lang='grc' dir='ltr'>προσευχόμεθα,</span> <span class='ocrx_word' id='word_1_895' title='bbox 2855 5142 2873 5174; x_wconf 75' lang='grc' dir='ltr'><strong>ι</strong></span> <span class='ocrx_word' id='word_1_896' title='bbox 2896 5122 3128 5177; x_wconf 81' lang='grc' dir='ltr'>Ἐλθέτω</span> <span class='ocrx_word' id='word_1_897' title='bbox 3155 5125 3186 5194; x_wconf 84' lang='grc' dir='ltr'>ἠ</span> <span class='ocrx_word' id='word_1_898' title='bbox 3211 5124 3455 5193; x_wconf 77' lang='grc' dir='ltr'>βασιλεία</span> <span class='ocrx_word' id='word_1_899' title='bbox 3482 5143 3583 5190; x_wconf 75' lang='grc' dir='ltr'>σου,</span> <span class='ocrx_word' id='word_1_900' title='bbox 3606 5145 3622 5176; x_wconf 84' lang='grc' dir='ltr'><strong>ι</strong></span> 
     </span>
    </p>
   </div>
   <div class='ocr_carea' id='block_1_110' title="bbox 2084 5212 3625 5289">
    <p class='ocr_par' dir='ltr' id='par_1_110' title="bbox 2084 5212 3625 5289">
     <span class='ocr_line' id='line_1_110' title="bbox 2084 5212 3625 5289; baseline 0.001 -22"><span class='ocrx_word' id='word_1_901' title='bbox 2084 5213 2184 5285; x_wconf 79' lang='grc' dir='ltr'><strong>οὐχ</strong></span> <span class='ocrx_word' id='word_1_902' title='bbox 2209 5214 2242 5284; x_wconf 82' lang='grc' dir='ltr'>ἡ</span> <span class='ocrx_word' id='word_1_903' title='bbox 2265 5213 2357 5268; x_wconf 74' lang='grc' dir='ltr'><strong>ἐπὶ</strong></span> <span class='ocrx_word' id='word_1_904' title='bbox 2386 5212 2478 5267; x_wconf 87' lang='grc' dir='ltr'><strong>τοῦ</strong></span> <span class='ocrx_word' id='word_1_905' title='bbox 2507 5214 2835 5285; x_wconf 88' lang='grc' dir='ltr'>παραδείσου</span> <span class='ocrx_word' id='word_1_906' title='bbox 2866 5215 3137 5287; x_wconf 78' lang='grc' dir='ltr'>διατριϐή.</span> <span class='ocrx_word' id='word_1_907' title='bbox 3171 5217 3264 5287; x_wconf 76' lang='grc' dir='ltr'><strong>Μὴ</strong></span> <span class='ocrx_word' id='word_1_908' title='bbox 3284 5219 3389 5289; x_wconf 77' lang='grc' dir='ltr'>γάρ</span> <span class='ocrx_word' id='word_1_909' title='bbox 3414 5236 3497 5289; x_wconf 93' lang='grc' dir='ltr'>μοι</span> <span class='ocrx_word' id='word_1_910' title='bbox 3515 5218 3625 5289; x_wconf 66' lang='grc' dir='ltr'>φαίη</span> 
     </span>
    </p>
   </div>
   <div class='ocr_carea' id='block_1_111' title="bbox 2084 5304 3627 5381">
    <p class='ocr_par' dir='ltr' id='par_1_111' title="bbox 2084 5304 3627 5381">
     <span class='ocr_line' id='line_1_111' title="bbox 2084 5304 3627 5381; baseline 0.002 -22"><span class='ocrx_word' id='word_1_911' title='bbox 2084 5322 2188 5371; x_wconf 86' lang='grc' dir='ltr'>τις,</span> <span class='ocrx_word' id='word_1_912' title='bbox 2219 5306 2301 5359; x_wconf 80' lang='grc' dir='ltr'>ὅτι</span> <span class='ocrx_word' id='word_1_913' title='bbox 2330 5304 2527 5359; x_wconf 66' lang='grc' dir='ltr'>ταυτὸν</span> <span class='ocrx_word' id='word_1_914' title='bbox 2573 5305 2901 5377; x_wconf 82' lang='grc' dir='ltr'>παράδεισος</span> <span class='ocrx_word' id='word_1_915' title='bbox 2967 5311 3061 5362; x_wconf 77' lang='grc' dir='ltr'>καὶ</span> <span class='ocrx_word' id='word_1_916' title='bbox 3117 5311 3385 5381; x_wconf 86' lang='grc' dir='ltr'>βασιλεία.</span> <span class='ocrx_word' id='word_1_917' title='bbox 3425 5314 3499 5366; x_wconf 75' lang='grc' dir='ltr'><strong>Τὰ</strong></span> <span class='ocrx_word' id='word_1_918' title='bbox 3544 5312 3627 5381; x_wconf 76' lang='grc' dir='ltr'><strong>μὲν</strong></span> 
     </span>
    </p>
   </div>
   <div class='ocr_carea' id='block_1_112' title="bbox 2082 5398 3626 5475">
    <p class='ocr_par' dir='ltr' id='par_1_112' title="bbox 2082 5398 3626 5475">
     <span class='ocr_line' id='line_1_112' title="bbox 2082 5398 3626 5475; baseline 0.003 -25"><span class='ocrx_word' id='word_1_919' title='bbox 2082 5399 2193 5470; x_wconf 77' lang='grc' dir='ltr'><strong>γὰρ</strong></span> <span class='ocrx_word' id='word_1_920' title='bbox 2222 5399 2399 5467; x_wconf 76' lang='grc' dir='ltr'>ἀγαθὰ</span> <span class='ocrx_word' id='word_1_921' title='bbox 2455 5398 2554 5470; x_wconf 79' lang='grc' dir='ltr'>τῆς</span> <span class='ocrx_word' id='word_1_922' title='bbox 2588 5398 2863 5471; x_wconf 85' lang='grc' dir='ltr'>βασιλείας</span> <span class='ocrx_word' id='word_1_923' title='bbox 2925 5400 3052 5455; x_wconf 75' lang='grc' dir='ltr'>οὔτε</span> <span class='ocrx_word' id='word_1_924' title='bbox 3096 5402 3188 5468; x_wconf 86' lang='grc' dir='ltr'><strong>οῦς</strong></span> <span class='ocrx_word' id='word_1_925' title='bbox 3246 5405 3493 5475; x_wconf 68' lang='grc' dir='ltr'>ἧκουσεν,</span> <span class='ocrx_word' id='word_1_926' title='bbox 3522 5402 3626 5456; x_wconf 80' lang='grc' dir='ltr'>οῦτε</span> 
     </span>
    </p>
   </div>
   <div class='ocr_carea' id='block_1_113' title="bbox 2082 5488 3626 5567">
    <p class='ocr_par' dir='ltr' id='par_1_113' title="bbox 2082 5488 3626 5567">
     <span class='ocr_line' id='line_1_113' title="bbox 2082 5488 3626 5567; baseline 0.003 -22"><span class='ocrx_word' id='word_1_927' title='bbox 2082 5492 2359 5564; x_wconf 59' lang='grc' dir='ltr'><strong>ὀφθαλμὸς</strong></span> <span class='ocrx_word' id='word_1_928' title='bbox 2386 5488 2545 5561; x_wconf 78' lang='grc' dir='ltr'>εἶδεν,</span> <span class='ocrx_word' id='word_1_929' title='bbox 2577 5492 2699 5546; x_wconf 77' lang='grc' dir='ltr'>οὔτε</span> <span class='ocrx_word' id='word_1_930' title='bbox 2728 5496 2821 5547; x_wconf 79' lang='grc' dir='ltr'><strong>ἐπὶ</strong></span> <span class='ocrx_word' id='word_1_931' title='bbox 2870 5495 3098 5567; x_wconf 86' lang='grc' dir='ltr'>καρδίαν</span> <span class='ocrx_word' id='word_1_932' title='bbox 3131 5497 3419 5566; x_wconf 79' lang='grc' dir='ltr'>ἀνθρώπου</span> <span class='ocrx_word' id='word_1_933' title='bbox 3440 5497 3589 5567; x_wconf 73' lang='grc' dir='ltr'>ἀνέϐη</span> <span class='ocrx_word' id='word_1_934' title='bbox 3609 5506 3626 5528; x_wconf 85' lang='grc'><strong>⁹</strong></span> 
     </span>
    </p>
   </div>
   <div class='ocr_carea' id='block_1_114' title="bbox 477 5625 1977 5738">
    <p class='ocr_par' dir='ltr' id='par_1_114' title="bbox 477 5625 1977 5738">
     <span class='ocr_line' id='line_1_114' title="bbox 477 5625 1977 5738; baseline 0.007 -58"><span class='ocrx_word' id='word_1_935' title='bbox 477 5646 524 5680; x_wconf 73' lang='grc' dir='ltr'>ιι</span> <span class='ocrx_word' id='word_1_936' title='bbox 554 5642 723 5738; x_wconf 45' lang='lat' dir='ltr'><strong>Henr.</strong></span> <span class='ocrx_word' id='word_1_937' title='bbox 759 5651 820 5702; x_wconf 85' lang='lat' dir='ltr'><strong>tl,</strong></span> <span class='ocrx_word' id='word_1_938' title='bbox 856 5633 944 5690; x_wconf 72' lang='grc'><strong>15.</strong></span> <span class='ocrx_word' id='word_1_939' title='bbox 1020 5629 1066 5663; x_wconf 83' lang='grc'><strong>⁸⁸</strong></span> <span class='ocrx_word' id='word_1_940' title='bbox 1093 5625 1249 5685; x_wconf 79' lang='lat' dir='ltr'><strong>Joan.</strong></span> <span class='ocrx_word' id='word_1_941' title='bbox 1274 5639 1360 5693; x_wconf 86' lang='grc' dir='ltr'>ιιι,</span> <span class='ocrx_word' id='word_1_942' title='bbox 1390 5625 1479 5681; x_wconf 72' lang='grc'><strong>18.</strong></span> <span class='ocrx_word' id='word_1_943' title='bbox 1555 5627 1600 5700; x_wconf 63' lang='grc'><strong>³]</strong></span> <span class='ocrx_word' id='word_1_944' title='bbox 1626 5626 1783 5685; x_wconf 80' lang='lat' dir='ltr'><strong>Joan.</strong></span> <span class='ocrx_word' id='word_1_945' title='bbox 1813 5645 1864 5697; x_wconf 86' lang='grc' dir='ltr'><strong>ν,</strong></span> <span class='ocrx_word' id='word_1_946' title='bbox 1884 5633 1977 5689; x_wconf 67' lang='grc' dir='ltr'><strong>ει.</strong></span> 
     </span>
    </p>
   </div>
   <div class='ocr_carea' id='block_1_115' title="bbox 2081 5625 3541 5738">
    <p class='ocr_par' dir='ltr' id='par_1_115' title="bbox 2081 5634 3541 5707">
     <span class='ocr_line' id='line_1_115' title="bbox 2081 5634 3541 5707; baseline -0.001 -13"><span class='ocrx_word' id='word_1_947' title='bbox 2081 5643 2101 5674; x_wconf 81' lang='grc'><strong>³</strong></span> <span class='ocrx_word' id='word_1_948' title='bbox 2132 5639 2326 5695; x_wconf 72' lang='lat' dir='ltr'><strong>Matth.</strong></span> <span class='ocrx_word' id='word_1_949' title='bbox 2359 5653 2432 5703; x_wconf 86' lang='lat' dir='ltr'><strong>vr,</strong></span> <span class='ocrx_word' id='word_1_950' title='bbox 2467 5635 2552 5691; x_wconf 85' lang='lat' dir='ltr'><strong>l0.</strong></span> <span class='ocrx_word' id='word_1_951' title='bbox 2630 5634 2674 5668; x_wconf 81' lang='lat'><strong>”</strong></span> <span class='ocrx_word' id='word_1_952' title='bbox 2709 5634 2727 5689; x_wconf 90' lang='grc' dir='ltr'>ι</span> <span class='ocrx_word' id='word_1_953' title='bbox 2755 5635 2881 5693; x_wconf 89' lang='lat' dir='ltr'><strong>Cor.</strong></span> <span class='ocrx_word' id='word_1_954' title='bbox 2907 5652 2969 5707; x_wconf 91' lang='grc' dir='ltr'>ιι,</span> <span class='ocrx_word' id='word_1_955' title='bbox 3003 5635 3058 5692; x_wconf 89' lang='lat'><strong>6.</strong></span> <span class='ocrx_word' id='word_1_956' title='bbox 3133 5637 3179 5670; x_wconf 79' lang='lat'>“</span> <span class='ocrx_word' id='word_1_957' title='bbox 3208 5637 3344 5694; x_wconf 82' lang='lat' dir='ltr'><strong>Gen.</strong></span> <span class='ocrx_word' id='word_1_958' title='bbox 3378 5652 3436 5706; x_wconf 89' lang='grc' dir='ltr'>ιι,</span> <span class='ocrx_word' id='word_1_959' title='bbox 3463 5635 3541 5692; x_wconf 82' lang='grc'><strong>16.</strong></span> 
     </span>
    </p>
   </div>
   <div class='ocr_carea' id='block_1_116' title="bbox 1357 5758 2675 5847">
    <p class='ocr_par' dir='ltr' id='par_1_116' title="bbox 1357 5758 2675 5847">
     <span class='ocr_line' id='line_1_116' title="bbox 1357 5758 2675 5847; baseline -0.007 -20"><span class='ocrx_word' id='word_1_960' title='bbox 1357 5766 1452 5827; x_wconf 79' lang='lat' dir='ltr'><strong>Ex</strong></span> <span class='ocrx_word' id='word_1_961' title='bbox 1482 5763 1826 5828; x_wconf 83' lang='lat' dir='ltr'><strong>collatione</strong></span> <span class='ocrx_word' id='word_1_962' title='bbox 1859 5763 2044 5826; x_wconf 85' lang='lat' dir='ltr'><strong>codd.</strong></span> <span class='ocrx_word' id='word_1_963' title='bbox 2090 5765 2316 5825; x_wconf 77' lang='lat' dir='ltr'><strong>Venet.</strong></span> <span class='ocrx_word' id='word_1_964' title='bbox 2351 5762 2410 5821; x_wconf 81' lang='lat' dir='ltr'><strong>S.</strong></span> <span class='ocrx_word' id='word_1_965' title='bbox 2448 5758 2675 5847; x_wconf 40' lang='lat' dir='ltr'><strong>Marci:</strong></span> 
     </span>
    </p>
   </div>
   <div class='ocr_carea' id='block_1_117' title="bbox 480 5889 1670 5979">
    <p class='ocr_par' dir='ltr' id='par_1_117' title="bbox 480 5889 1670 5979">
     <span class='ocr_line' id='line_1_117' title="bbox 480 5889 1670 5979; baseline -0.013 -19"><span class='ocrx_word' id='word_1_966' title='bbox 480 5904 590 5979; x_wconf 75' lang='lat' dir='ltr'><strong>(il)</strong></span> <span class='ocrx_word' id='word_1_967' title='bbox 632 5903 767 5963; x_wconf 86' lang='lat' dir='ltr'><strong>Cod.</strong></span> <span class='ocrx_word' id='word_1_968' title='bbox 792 5902 881 5973; x_wconf 79' lang='grc'>50,</span> <span class='ocrx_word' id='word_1_969' title='bbox 923 5896 1124 5963; x_wconf 80' lang='grc' dir='ltr'>εἴσοδός</span> <span class='ocrx_word' id='word_1_970' title='bbox 1156 5896 1303 5951; x_wconf 81' lang='grc' dir='ltr'>ἐστιν</span> <span class='ocrx_word' id='word_1_971' title='bbox 1331 5892 1364 5967; x_wconf 78' lang='grc' dir='ltr'>ἢ</span> <span class='ocrx_word' id='word_1_972' title='bbox 1395 5889 1670 5956; x_wconf 81' lang='grc' dir='ltr'>ἐπάνοδος.</span> 
     </span>
    </p>
   </div>
  </div>
