3932 6456
311 296 452 363 1i05

966 302 1405 363 ENARRATIO
1446 292 1527 363 IN
1567 302 1899 364 EVANGEI

2007 306 2065 365 M
2106 305 2343 368 LUCE.
2373 332 2441 342 -
2471 305 2628 367 CAP.
2662 305 2887 368 XXIII.

3411 303 3548 373 1106

307 421 400 470 τὸν
429 417 483 469 δὲ
512 415 841 487 παράδεισον
868 418 965 470 καὶ
987 416 1264 486 ὀφθαλμὸς
1286 411 1393 469 εἶδε
1422 414 1517 470 τοῦ
1563 417 1756 488 Ἀδὰμ,
1793 415 1886 471 καὶ

2002 432 2083 473 ’01⁵
2120 408 2355 472 hominis
2402 418 2688 474 a-cemlit:
2732 418 3015 474 laetabatur
3058 417 3203 475 enim
3250 421 3303 477 in
3355 424 3549 494 spiritu

307 506 400 567 οὒς
455 508 687 578 ἤκουσεν
718 506 882 559 αὑτοῦ
921 525 939 558 ι
987 508 1093 560 ἀπὸ
1128 508 1327 579 παντὸς
1380 509 1511 580 γὰρ,
1542 508 1694 580 φησι,
1726 508 1883 574 ξύλου

304 599 402 652 τοῦ
443 601 500 651 ὲν
540 597 619 667 τῷ
652 597 965 669 παραδείσῳ
997 598 1197 668 βρώσει
1232 602 1412 669 φαγεῖ.
1459 619 1476 650 ι
1498 600 1616 653 Κᾶν
1644 602 1752 673 γὰρ
1790 601 1885 656 καὶ

306 691 368 743 ἓν
396 690 549 756 ξύλον
579 690 850 760 ἀπείρητο
881 690 1046 761 αὐτῷ,
1071 690 1187 744 ἀλλ’
1223 688 1318 746 οὖν
1345 692 1438 747 καὶ
1488 692 1647 747 τοῦτο
1675 693 1884 761 ἐθεᾶτο,

307 784 405 837 καὶ
449 784 578 856 περ).
619 782 788 836 αὐτοῦ
817 782 1040 852 ηκουσε,
1077 786 1173 838 καὶ
1188 785 1282 840 ἐπὶ
1315 786 1545 857 καρδίαν
1596 787 1884 856 ἀνθρώπου

309 875 479 946 ἀνέϐη
513 891 528 907 ν
557 876 882 947 εὐφραίνετο
918 876 1026 948 γὰρ
1067 877 1301 947 λογικῶς
1332 881 1362 934 ὁ
1413 878 1587 949 Ἀδάμ
1618 896 1635 911 θ
1662 879 1724 932 οὐ
1777 881 1885 952 γὰρ

309 966 486 1036 δήπου
514 968 772 1039 τοιαύτην
810 969 1078 1041 ἐργασίαν
1130 972 1223 1025 καὶ
1249 970 1587 1044 εὐφροσύνην
1639 988 1886 1042 γεωργι-

310 1058 415 1126 κὴν
447 1059 642 1129 μετίει.
681 1061 842 1114 Ὥστε
870 1061 1045 1126 οὐδὲν,
1079 1064 1239 1132 φησι,
1263 1064 1546 1117 ἐναντίονὸ
1571 1063 1781 1129 Παῦλος
1800 1065 1889 1118 λέ-

311 1165 419 1215 γει.
465 1147 524 1201 Ὀ
550 1149 658 1219 γάρ
702 1148 906 1221 λῃστὴς
929 1149 1025 1204 τοῦ
1063 1152 1160 1223 μὲν
1215 1152 1544 1223 παραδείσου
1595 1151 1885 1221 τετύχηκε,

309 1243 410 1311 τῆς
442 1242 497 1294 δὲ
558 1241 837 1311 βασιλείας
874 1244 974 1297 οὐκ
1032 1244 1188 1314 ἔτυχε
1222 1261 1238 1277 ·
1263 1244 1507 1309 τεύξεται
1548 1244 1627 1310 δὲ,
1657 1245 1743 1298 ὅτε
1793 1246 1889 1298 καὶ

314 1334 515 1395 πάντες
536 1331 634 1395 οὓς
667 1334 956 1406 ἀπηριθμὴ
969 1353 1093 1389 σατο
1122 1337 1149 1389 ὁ
1191 1337 1424 1400 Παῦλος.
1460 1337 1610 1401 Τέως
1665 1337 1723 1391 δὲ
1752 1338 1889 1407 moli;

316 1425 378 1476 τὸ
413 1425 585 1492 παρὸν
620 1424 711 1477 τὸν
745 1426 1073 1495 παράδεισον
1098 1427 1232 1497 ἔχει,
1269 1430 1325 1491 ὃς
1364 1430 1479 1482 ἐστι
1504 1427 1702 1505 χωρίον
1728 1446 1890 1483 πνευ-

321 1516 563 1586 ματικῆς
595 1517 977 1580 ἀναπαύσεως.
1013 1519 1198 1574 Ταῦτα
1235 1521 1334 1591 μὲν
1363 1519 1458 1575 οὖν
1479 1521 1664 1577 πολλοὶ
1692 1521 1889 1576 πολλά-

315 1625 405 1670 κις
456 1608 666 1677 ἔφασαν
693 1625 706 1640 ·
731 1610 846 1664 ἔστι
877 1612 932 1665 δὲ
978 1613 1175 1676 εἰπεῖν,
1207 1614 1289 1666 ὅτι
1328 1616 1375 1666 εί
1412 1613 1508 1667 καὶ
1531 1614 1725 1668 ταυτὸν
1773 1615 1889 1667 ἐστι

324 1698 574 1769 βασιλεία
608 1702 855 1772 ούραιῶν
885 1703 979 1757 καὶ
1011 1705 1354 1776 παράδεισος,
1378 1707 1531 1760 οὐδὲν
1578 1707 1775 1762 κωλύει
1798 1707 1889 1761 καὶ

1987 510 2182 575 Adam,
2211 511 2409 580 alioqui
2461 520 2663 565 tantam
2709 513 3076 583 operationem
3100 528 3222 568 cum
3266 514 3449 572 laetitia
3497 518 3550 571 iu

1987 603 2314 673 agricultura
2343 619 2445 657 non
2471 603 2751 657 obivisset.
2796 604 2970 674 Atque
3003 604 3121 659 ideo
3146 620 3250 658 non
3300 612 3384 660 est
3424 622 3554 662 Ctm-

1990 696 2214 751 ttat-ium
2239 697 2381 766 quod
2402 694 2601 749 Paulus
2627 695 2772 748 dicit.
2811 693 2974 750 Latro
3023 696 3204 765 itaque
3239 698 3550 764 paradisum

1988 787 2212 843 SOI‘lilllS
2268 796 2374 850 (³81,
2410 800 2515 840 non
2579 797 2756 838 autem
2815 795 3095 842 assecutus
3141 797 3224 842 est
3281 804 3552 857 regnum:

1988 890 2311 948 assequetttr
2339 889 2544 943 autem,
2577 879 2790 948 quando
2825 878 2988 932 etiam
3021 894 3210 936 omnes
3251 896 3388 949 quos
3416 881 3556 936 Pau-

1988 973 2071 1027 lus
2104 971 2485 1026 enttmeravit:
2524 985 2664 1023 nunc
2695 980 2875 1024 antem
2923 972 3023 1025 hoc
3064 980 3308 1042 tempore
3346 975 3561 1043 paradi-

1988 1080 2107 1120 sum
2147 1064 2330 1128 habet,
2371 1064 2462 1134 qui
2524 1074 2605 1117 est
2654 1077 2782 1133 pars
2831 1062 3131 1132 spiritualis
3190 1064 3407 1133 quietis.
3437 1064 3559 1120 Hcce

1988 1157 2204 1227 quidem
2239 1155 2389 1209 multi
2420 1168 2790 1225 szrpcuuzuero
2840 1154 3115 1210 dixerunt.
3148 1154 3439 1211 Dicendum
3464 1174 3560 1211 au-

1990 1257 2096 1305 tem
2132 1260 2214 1303 est
2251 1249 2387 1304 idem
2427 1263 2547 1303 esse
2580 1263 2799 1318 regnum
2832 1247 3088 1302 caelorum
3134 1258 3187 1301 et
3226 1249 3558 1318 paradisum.

1990 1340 2132 1396 Nihil
2167 1342 2415 1410 prohibet
2441 1350 2636 1412 ergoet
2666 1341 3090 1397 Dmuiuumvcra
3119 1342 3395 1405 dicere,ct
3424 1341 3562 1397 Pau-

1990 1432 2279 1488 lum.l\'am
2326 1433 2465 1489 latro
2515 1433 2734 1504 quidem
2785 1443 2867 1491 est
2904 1435 2954 1488 iu
3006 1434 3278 1505 paradiso,
3332 1434 3435 1491 hoc
3482 1447 3566 1491 est

1991 1540 2177 1594 regno,
2211 1534 2263 1580 et
2294 1540 2399 1580 non
2419 1525 2567 1580 solus
2597 1527 2733 1599 ipse,
2757 1527 2850 1581 sed
2870 1526 3033 1583 etiam
3061 1542 3251 1582 omnes
3272 1540 3408 1596 quos
3432 1540 3562 1581 enu-

1991 1625 2164 1672 merat
2193 1616 2407 1672 Paulus.
2442 1617 2607 1689 Atqui
2647 1632 2753 1672 non
2786 1616 2985 1671 fruitur
3033 1615 3273 1683 perfecta
3297 1617 3562 1674 bonorum

1991 1708 2422 1779 participatione.
2451 1706 2585 1762 Nam
2619 1708 2760 1763 sicut
2791 1709 3129 1763 condemnati
3161 1708 3212 1762 in
3247 1707 3410 1777 regiis
3459 1723 3566 1763 non

314 1792 407 1845 τὸν
441 1793 647 1864 Κύριον
672 1796 980 1866 ἀληθεύειν,
1042 1800 1138 1852 καὶ
1183 1799 1272 1851 τὸν
1307 1799 1536 1853 Παῦλον.
1581 1798 1641 1853 Ὀ
1665 1800 1891 1873 γάρλῃο

2002 1809 2143 1864 sunt,
2173 1800 2264 1853 sed
2299 1801 2351 1853 in
2383 1800 2648 1854 custodiis
2703 1799 2867 1855 clausi
2901 1809 3156 1855 tenentur
3187 1800 3240 1854 in
3291 1799 3565 1869 deputatis

319 1884 456 1954 στὴς
488 1886 604 1938 ἐστι
639 1887 735 1958 μὲν
769 1890 827 1941 ἐν
877 1889 1211 1961 παραδείσῳ,
1247 1890 1366 1962 ἦτοι
1395 1895 1463 1963 τῇ
1490 1890 1756 1965 βασιλείᾳ,
1800 1894 1897 1948 κα)⁵

319 1976 381 2029 ού
416 1976 578 2046 μόνον
619 1978 804 2046 αὐτὸς,
847 1979 987 2035 ἀλλά
1034 1982 1127 2035 καὶ
1178 1983 1378 2047 πάντες
1411 1983 1501 2048 οὓς
1534 1985 1897 2056 ἀριθμεῖταιὸ

224 2068 230 2071 ’
320 2069 533 2134 Παῦλος
552 2084 570 2102 ο
593 2071 652 2124 οὐ
677 2073 859 2143 μέντοι
883 2074 1166 2145 ἁπήλαυσε
1197 2076 1295 2146 τῆς
1327 2076 1536 2141 τελείας
1554 2078 1661 2132 τῶν
1676 2078 1898 2147 ἀγαθῶν

321 2160 674 2232 κληρουχίας.
712 2164 922 2234 Ὥσπερ
952 2168 1058 2236 γὰρ
1084 2167 1133 2219 oi
1164 2167 1483 2239 κατάκριτοι
1531 2169 1625 2222 ἐπὶ
1660 2169 1772 2223 τῶν
1804 2169 1898 2240 βα-

323 2254 541 2309 σιλείων
561 2256 659 2311 ούκ
680 2259 840 2324 εἰσὶν,
877 2259 993 2312 ἀλλ’
1014 2262 1072 2312 ἐν
1106 2264 1373 2333 φρουραῖς
1415 2262 1901 2335 ἀποκεκλεισμένοι

321 2346 618 2417 τηροῦνται
644 2351 765 2414 ταῖς
794 2353 1204 2424 ἀφωρισμέναις
1235 2356 1445 2420 ποιναῖς
1470 2373 1485 2387 ·
1516 2357 1563 2408 οἱ
1594 2354 1649 2409 δὲ
1691 2356 1899 2428 ἔντιμοι

323 2440 407 2502 είς
432 2457 490 2493 τε
518 2441 585 2495 τά
615 2441 858 2512 βασίλεια
887 2446 1247 2519 εἰσέρχονται,
1276 2449 1369 2502 καὶ
1398 2449 1539 2513 τέως
1561 2450 1653 2503 ἐπὶ
1694 2448 1900 2503 τούτων

324 2532 607 2601 διάγουσιν
629 2551 645 2567 ⁸
677 2533 794 2591 εἶτα
845 2540 934 2593 ὅτε
965 2542 993 2594 ὁ
1032 2542 1226 2611 καιρὸς
1256 2543 1450 2613 ἐπιστῇ
1511 2542 1611 2613 τῆς
1641 2544 1901 2613 διανομῆς

326 2624 439 2678 τῶν
479 2625 774 2696 βασιλικῶν
827 2632 1066 2702 δωρεῶν,
1103 2633 1380 2699 ἀξιοῦνται
1428 2635 1633 2689 τούτων
1668 2651 1683 2666 ο
1729 2634 1901 2699 οὕτως

327 2716 427 2768 καὶ
458 2718 507 2770 oi
531 2717 701 2789 ἅγιοι,
731 2722 779 2774 εί
810 2724 899 2775 καὶ
935 2726 1101 2795 μήπω
1126 2724 1222 2778 τοῦ
1266 2726 1476 2779 τελείου
1506 2725 1894 2794 ἀπολαύουσιν,

327 2806 468 2861 ἀλλά
498 2825 561 2877 γε
588 2811 722 2875 τέως
753 2813 810 2864 ὲν
836 2814 1047 2879 τούτοις
1062 2818 1173 2879 τοῖς
1203 2820 1503 2886 φωτεινοῖς,
1537 2820 1630 2872 καὶ
1653 2818 1897 2886 εὐώδεσι,

330 2899 429 2950 καὶ
465 2898 785 2969 βασιλικοῖς,
813 2903 999 2968 ἁπλῶς
1027 2908 1224 2974 εἰπεῖν,
1250 2906 1573 2979 σκηνώμασι
1601 2908 1899 2977 διάγουσιν,

330 2989 383 3041 εί
420 2989 516 3043 καὶ
569 2993 856 3062 μήπυτῆς
906 2995 1173 3067 διανομῆς
1226 2999 1335 3053 τῶν
1374 2999 1666 3070 βασιλικῶν
1715 2999 1904 3070 δώρων

331 3081 610 3146 ἀξιοῦνται
639 3084 879 3150 τελείως.
910 3088 1093 3153 Οὕτως
1123 3088 1214 3148 οῦν
1238 3094 1266 3144 ὁ
1301 3091 1506 3164 λῃστὴς
1561 3092 1653 3146 καὶ
1710 3092 1771 3146 ἐν
1792 3110 1896 3146 πα·

337 3174 568 3246 ραδείσῳ
605 3178 840 3246 ἐγένετο,
869 3182 963 3234 καὶ
993 3179 1146 3235 οὔπω
1173 3183 1263 3237 τοῦ
1298 3185 1502 3239 τελείου
1562 3186 1905 3255 ἀπὴλαυσεν,

334 3263 425 3321 ἵνα
463 3265 536 3337 μὴ
558 3269 723 3337 χωρὶς
754 3269 909 3338 ἡμῶν
944 3270 1225 3344 τελειωθῇ.
1255 3273 1363 3326 Καὶ
1395 3274 1551 3327 τοῦτο
1576 3271 1728 3345 οἶμαι
1773 3276 1911 3329 πάν-

334 3373 446 3409 των
482 3358 866 3431 ἀληθέστερον,
901 3362 988 3416 ἵνα
1043 3363 1119 3434 μὴ
1176 3365 1320 3434 λέγω
1351 3367 1435 3420 ὅτι
1482 3367 1577 3420 καὶ
1606 3369 1664 3421 αι
1693 3368 1911 3439 χάριτες

334 3447 446 3501 τῶν
482 3450 652 3518 ἁγίων
680 3455 737 3505 ὲν
760 3457 880 3520 ταῖς
897 3454 1019 3507 καθ’
1046 3457 1282 3528 ἑκάστην
1308 3457 1770 3532 θαυματουργίαις
1809 3479 1912 3514 πα-

340 3540 586 3614 ράδεισος
633 3542 697 3597 ἂν
745 3547 967 3609 εἰκότως
996 3548 1232 3619 ῥηθεῖεν.
1261 3550 1366 3602 Καὶ
1432 3551 1632 3616 πάντες
1688 3552 1746 3604 δὲ
1796 3553 1914 3606 ὅσοι

342 3635 730 3701 πνευματικῶν
744 3639 1101 3708 χαρισμάτων
1148 3640 1473 3706 ἀξιωθέντες
1505 3642 1596 3697 τὸν
1621 3643 1917 3716 ἀρραϐῶνα

343 3722 442 3775 τοῦ
475 3724 791 3799 Πνεύματος
840 3730 1090 3785 ἐντεῦθεν
1130 3732 1231 3803 ἤδη
1271 3722 1484 3799 ἔλαϐον,
1512 3735 1571 3786 ἐν
1600 3734 1679 3806 τῷ
1736 3752 1917 3806 παρα-

342 3816 506 3884 {sia-t9
535 3819 662 3883 εἰσὶ,
692 3819 791 3873 κᾶν
845 3824 1011 3893 μήπω
1050 3824 1463 3895 ἐτελειώθησαν,
1496 3827 1589 3880 καὶ
1625 3827 1722 3898 τὴν
1752 3826 1921 3899 βασι-

345 3908 499 3964 λείαν
526 3913 835 3983 παρέλαϐον
877 3934 892 3949 ’
929 3919 1178 3989 καθάπερ
1207 3921 1342 3990 φησὶ
1374 3919 1582 3983 Παῦλος
1606 3922 1663 3974 ὲν
1690 3923 1755 3991 τῇ
1782 3922 1918 3993 αὐτῇ

346 4004 484 4073 πρὸς
523 4003 808 4078 Ἐϐραίους
848 4010 1135 4083 Ἐπιστολῇ
1163 4027 1178 4044 ο
1215 4030 1233 4063 ι
1275 4013 1394 4066 Κᾶν
1426 4013 1593 4084 μήπω
1622 4012 1721 4084 τὴν
1752 4014 1923 4083 ἑπαγ-

347 4097 538 4165 γελίαν
569 4100 910 4168 ἐκομίσαντο.
953 4121 971 4155 ι
1011 4101 1101 4174 Τῷ
1125 4105 1234 4177 γὰρ
1260 4103 1359 4176 τὴν
1376 4104 1709 4175 ἐπαγγελίαν
1724 4106 1919 4171 εἰπεῖν,

348 4194 412 4248 τὸ
439 4192 630 4262 ὁλόκλη
642 4212 732 4262 ρον
762 4197 1040 4267 ἐνέφηνεν.
1071 4197 1237 4253 Οὔπω
1267 4194 1361 4255 οὖν
1390 4200 1489 4271 τὴν
1521 4198 1731 4254 τελείαν
1753 4200 1925 4267 ἐπαγ-

1999 1891 2194 1961 pmnis,
2240 1891 2583 1947 honorabiles
2621 1906 2750 1946 vero
2803 1901 2859 1946 et
2915 1893 2967 1946 in
3030 1891 3207 1961 regias
3253 1891 3570 1963 ingrediun-

2002 1992 2108 2049 tur,
2140 1990 2195 2036 et
2256 1998 2396 2038 nunc
2453 1984 2504 2037 in
2555 1983 2633 2038 eis
2677 1992 2962 2038 versantur
3005 2001 3018 2037 :
3057 1982 3257 2038 deinde
3301 1997 3423 2037 cum
3478 1997 3565 2037 ve.

2000 2075 2143 2129 uerit
2191 2083 2402 2146 tempus
2455 2074 2858 2130 distributionis
2918 2074 3181 2144 regalium
3247 2076 3515 2130 donormn
3550 2114 3566 2139 ,

2000 2164 2090 2220 illa
2140 2174 2551 2237 assequuntur:
2609 2164 2685 2219 ita
2740 2173 2796 2220 et
2850 2166 3021 2220 sancti
3070 2164 3285 2221 tametsi
3329 2167 3567 2221 nondum
3611 2195 3618 2201 -

2001 2258 2237 2329 perfecte
2318 2258 2473 2314 bonis
2549 2256 2824 2324 fruantur,
2890 2257 3000 2328 jam
3048 2267 3227 2314 tamen
3285 2266 3571 2314 versantur

2003 2352 2055 2406 in
2102 2351 2235 2406 locis
2291 2350 2482 2405 lucidis
2523 2359 2579 2405 et
2634 2348 3045 2420 fragrantibus,
3091 2359 3148 2405 et
3213 2350 3374 2418 regiis
3423 2351 3573 2405 deui-

2001 2458 2106 2513 qne
2189 2442 2592 2506 tabernaculis,
2649 2443 2860 2496 etiamsi
2926 2442 3161 2497 nondum
3237 2442 3576 2497 distributio.

2003 2548 2124 2588 nem
2151 2534 2420 2598 regiorum
2448 2533 2709 2588 bonorum
2741 2529 2911 2609 488
2937 2531 3174 2601 perfecte
3191 2541 3573 2602 assequuntur.

2003 2626 2077 2681 Ita
2115 2636 2167 2681 et
2196 2625 2333 2681 latro
2351 2626 2402 2679 in
2433 2625 2688 2697 paradiso
2735 2625 2858 2691 fuit,
2893 2625 3105 2681 etiamsi
3147 2625 3382 2681 nomium
3432 2629 3574 2697 quod

2003 2717 2302 2789 perfectum
2335 2726 2417 2772 est
2438 2717 2730 2787 acceperit,
2776 2728 2925 2772 utne
2969 2717 3174 2787 absque
3201 2717 3353 2773 nobis
3400 2715 3579 2787 perfe-

2004 2822 2123 2867 ctus
2146 2810 2238 2865 sit.
2281 2808 2345 2864 Et
2367 2799 2475 2865 hoc
2513 2810 2706 2878 opinor
2735 2809 3075 2865 verissimum
3101 2811 3363 2873 omnium,
3400 2819 3458 2864 ut
3511 2827 3576 2864 ne

2005 2905 2181 2958 dicam
2226 2903 2373 2973 quod
2395 2912 2707 2958 sanctorum
2725 2902 2915 2973 gratia:
2950 2902 3003 2956 in
3035 2901 3372 2973 quotidiauis
3401 2902 3574 2956 mira-

2007 2996 2251 3050 culorum
2315 2994 2719 3064 Operatiouihus
2794 2992 3079 3063 paradisus
3161 2993 3352 3047 merito
3399 2993 3577 3047 dictus

2013 3090 2083 3141 sit
2115 3103 2128 3139 :
2161 3096 2214 3139 et
2250 3100 2438 3141 omnes
2459 3086 2627 3140 sancti
2651 3091 2916 3155 quotquot
2949 3082 3241 3154 participes
3279 3082 3406 3138 facti
3437 3096 3569 3137 sunt

2010 3179 2367 3249 spiritualium
2419 3178 2705 3240 donorum,
2725 3188 2775 3233 et
2806 3175 3157 3232 arrhabonem
3183 3174 3382 3230 habent
3408 3173 3584 3246 Spiri-

2013 3280 2119 3333 tus,
2161 3268 2213 3322 in
2246 3268 2495 3337 paradiso
2517 3267 2649 3331 sint,
2674 3265 2891 3321 etiamsi
2917 3265 3156 3320 nondum
3201 3263 3424 3333 perfecti
3466 3263 3584 3317 itte-

2012 3363 2140 3429 rint,
2176 3372 2231 3416 et
2278 3378 2498 3431 regnum
2559 3360 2889 3428 acceperint,
2918 3358 3060 3413 sicut
3106 3359 3237 3413 dicit
3278 3356 3476 3412 Paulus
3531 3359 3583 3409 iu

2013 3454 2250 3526 Epistula
2276 3456 2343 3509 ad
2372 3453 2647 3520 Hebraeos,
2674 3452 2888 3509 etiamsi
2913 3451 3148 3508 nondum
3171 3449 3585 3522 promissionem

2015 3549 2326 3618 acceperint
2345 3547 2412 3601 δι.
2436 3545 2854 3601 i’romissionem
2880 3546 3027 3600 enim
3049 3543 3281 3600 dicendo
3320 3542 3585 3614 integram

2018 3642 2329 3697 felicitatem
2376 3636 2688 3695 declaravit.
2726 3636 2799 3692 At
2846 3636 2991 3692 illam
3044 3638 3281 3694 nondum
3327 3637 3588 3706 integram

2018 3741 2363 3803 acceperunt,
2396 3740 2595 3787 etsunt
2623 3730 2675 3785 iu
2703 3744 2868 3801 regno
2898 3744 2964 3785 ac
2991 3728 3267 3799 paradiso.
3300 3726 3379 3781 Tu
3411 3734 3589 3781 autem

2018 3824 2330 3887 admireris.
2365 3823 2637 3895 quomodo
2675 3825 2816 3878 sicut
2861 3836 2954 3877 rex
3011 3822 3231 3891 quidam
3280 3828 3479 3889 tropaea
3525 3834 3590 3873 ex

2020 3919 2247 3973 victoria
2273 3919 2536 3983 referens,
2576 3914 2747 3985 spolia
2773 3916 2976 3986 optima
2996 3929 3182 3970 secum
3222 3912 3463 3974 abducit.
3521 3911 3592 3970 ita

2021 4021 2077 4068 et
2102 4012 2382 4077 Dominus,
2420 4009 2679 4080 quoniam
2724 4007 2940 4075 fortior,
2969 4021 3097 4063 vasa
3127 4005 3328 4061 diaboli
3360 4004 3589 4074 dirupit,

2023 4117 2316 4172 secumque
2363 4101 2609 4168 abstulit,
2661 4111 2717 4156 et
2770 4099 2931 4156 rediit
2981 4099 3046 4153 ad
3081 4097 3311 4167 primam
3360 4095 3595 4152 hominis

2024 4200 2278 4271 patriam,
2310 4198 2620 4270 paradisum
2646 4194 3019 4251 dico.Eteuim
3058 4193 3307 4250 Christus
3363 4205 3469 4245 non
3511 4204 3601 4244 so-

349 4287 540 4356 γελίαν
566 4287 834 4354 ἐδέξαντο,
864 4291 972 4343 εἰσὶ
1010 4291 1190 4361 μέντοι
1216 4292 1313 4345 καὶ
1338 4293 1395 4347 ὲν
1425 4295 1493 4365 τῇ
1524 4290 1779 4363 βασιλείᾳ
1828 4307 1899 4345 κα

2027 4294 2138 4348 lum
2167 4292 2310 4347 sicut
2347 4290 2490 4345 Deus
2531 4288 2587 4343 iu
2618 4286 2879 4356 paradiso
2904 4286 3024 4354 fuit,
3059 4284 3153 4342 sed
3194 4292 3250 4340 et
3297 4281 3596 4339 secundum

353 4381 415 4435 ὲν
450 4380 527 4453 τῷ
564 4381 896 4454 παραδείσῳ.
926 4384 998 4437 Σὺ
1033 4383 1088 4438 δέ
1124 4402 1214 4454 μοι
1244 4386 1402 4441 τοῦτο
1445 4386 1746 4458 θαύμασον,
1777 4386 1895 4440 ὂπω

2002 4386 2172 4467 ,ηυού
2215 4384 2452 4440 animam
2508 4380 2824 4438 rationalem
2857 4390 2909 4434 et
2965 4376 3251 4434 mer-talem
3283 4373 3492 4431 habuit.
3515 4371 3602 4484 ’Et

350 4472 543 4547 ὥσπερ
588 4492 667 4539 τις
702 4476 953 4546 βασιλεὺς
984 4479 1377 4552 τροπαιοφόρος
1430 4478 1670 4534 ἐπανιὼν
1731 4481 1795 4535 ἐκ
1823 4479 1899 4548 τῆς

2002 4464 2004 4467 ’
2031 4479 2084 4535 in
2108 4477 2358 4549 paradiso
2380 4491 2503 4532 cum
2532 4484 2711 4531 mente
2742 4473 2862 4540 fuit,
2895 4472 2949 4528 in
2981 4472 3247 4527 infernum
3297 4477 3478 4523 autem
3507 4464 3603 4520 dc-

352 4566 533 4636 νίκης,
565 4567 633 4620 τὰ
660 4568 926 4638 κράτιστα
955 4569 1065 4624 τῶν
1100 4570 1359 4641 λαφύρων
1399 4572 1518 4642 μεθ’
1547 4563 1741 4626 ἑαυτοῦ
1791 4570 1899 4624 ὲπά

2030 4572 2238 4627 scendit
2266 4585 2388 4625 cum
2405 4569 2607 4624 anima.
2638 4566 2904 4623 Caeterum
2929 4580 3023 4634 per
3051 4564 3153 4619 huc
3174 4561 3314 4632 quod
3335 4559 3601 4614 latrem-nt

353 4675 532 4727 γεται,
562 4657 705 4713 οὕτω
735 4659 831 4713 καὶ
859 4662 888 4712 ὁ
917 4661 1122 4733 Κύριος
1149 4660 1211 4715 τὸ
1241 4663 1487 4733 κρεῖττον
1513 4661 1623 4714 τῶν
1668 4660 1762 4737 τοῦ
1807 4662 1898 4716 δια

2030 4664 2353 4728 servaverit,
2375 4661 2608 4716 ostendit
2627 4662 2768 4728 quod
2804 4657 3023 4713 malitia:
3049 4669 3308 4726 organum
3335 4649 3602 4719 ligaverit,

354 4750 515 4804 δόλου
543 4751 804 4825 λαφύρων
846 4754 1169 4818 σκυλεύσας,
1237 4753 1357 4824 μεθ’
1382 4753 1577 4808 ἑαυτοῦ
1634 4753 1778 4823 ἄγει,
1823 4754 1899 4808 ἔπι

2032 4752 2110 4806 uti
2152 4753 2492 4820 praedixerat,
2532 4751 2672 4822 quod
2711 4764 2834 4805 cum
2872 4748 3145 4818 alligasset
3197 4742 3414 4808 fortem,
3474 4754 3601 4795 vasa

353 4840 523 4901 ανιὼν
561 4844 641 4906 εἰς
668 4844 769 4916 τὴν
792 4845 1025 4916 ἀρχαίαν
1071 4846 1302 4918 πατρίδα
1327 4844 1421 4899 τοῦ
1463 4844 1777 4917 ἀνθρώπου,
1835 4843 1899 4896 τὸ

2032 4844 2149 4913 ejus
2177 4844 2517 4914 diriperet".

358 4939 688 5010 παράδεισον
718 4958 882 5014 φημι.
917 4943 1026 4997 Καὶ
1066 4944 1172 5015 γὰρ
1194 4944 1254 4996 ού
1309 4943 1470 5015 μόνον
1521 4943 1656 4998 καθὸ
1686 4943 1818 5008 Θεὸς
1865 4940 1935 5015 ἦν
1972 4944 2032 4997 ἐν
2102 4941 2178 5015 τῷ
2246 4940 2579 5013 παραδείσῳ,
2606 4936 2743 4994 ἀλλά
2773 4936 2868 4992 καὶ
2889 4934 3025 4991 καθὸ
3064 4932 3409 5004 ἀνθρωπίνην
3428 4928 3605 5002 ψυχὴν

359 5035 730 5106 προσελάὅετο
748 5035 976 5106 λογικὴν
1007 5036 1100 5088 καὶ
1132 5036 1378 5107 vespam;
1410 5036 1504 5090 καὶ
1542 5035 1601 5088 ὲν
1642 5035 1725 5110 τῷ
1775 5034 2090 5107 παραδείσῳ
2160 5035 2353 5104 γέγονε
2412 5032 2550 5105 μετά
2590 5028 2683 5084 τοῦ
2723 5028 2863 5095 νοὸς,
2899 5028 2993 5083 καὶ
3046 5027 3129 5091 είς
3189 5024 3315 5101 ᾅδου
3364 5023 3605 5092 κατῆλθε

365 5126 507 5199 μετά
524 5126 700 5198 ψυχῆς
726 5144 739 5158 ·
765 5130 858 5182 καὶ
878 5129 964 5182 διὰ
983 5127 1078 5182 τοῦ
1121 5129 1292 5182 σῶσαι
1344 5128 1436 5183 τὸν
1463 5127 1686 5204 λῃστὴν,
1720 5130 1782 5184 τὸ
1834 5130 1934 5200 τῆς
1971 5128 2239 5200 πονηρίας
2283 5127 2514 5201 ὄργανον
2577 5125 2791 5198 ἔδησεν,
2819 5123 2849 5177 δ
2892 5121 3185 5195 προέλεγεν
3211 5119 3295 5173 ὅτι
3345 5133 3364 5170 t
3426 5116 3605 5185 Δήσας

361 5221 456 5275 τὸν
481 5220 699 5292 ἰσχυρὸν
725 5222 795 5274 τὰ
825 5221 993 5294 σκεύη
1027 5221 1190 5277 αὐτοῦ
1213 5221 1527 5293 διαρπάσει.
1563 5241 1583 5276 ι

444 5334 464 5367 ι
494 5311 606 5370 Ἦν
642 5314 700 5368 δὲ
719 5313 849 5368 ώσεὶ
892 5292 1009 5386 ὥρα
1047 5314 1203 5385 ἕκτη,
1234 5292 1328 5367 καλ
1376 5313 1565 5379 σκότος
1597 5302 1812 5383 ἐγένετο
1838 5313 1899 5383 ἐς

2103 5307 2268 5364 Vens.
2295 5303 2485 5359 44-49.
2516 5323 2535 5356 ι
2557 5301 2687 5357 Erat
2709 5309 2884 5354 autem
2908 5298 3038 5352 hora
3060 5292 3173 5349 fere
3193 5299 3368 5351 sexta.
3391 5299 3444 5343 et
3465 5299 3611 5343 tene-

365 5407 496 5477 ὃλην
517 5408 614 5477 τὴν
630 5408 849 5476 γῆνὲως
867 5382 1013 5478 ὥρας
1033 5382 1228 5479 ἐνάτης
1254 5422 1268 5437 -
1299 5408 1393 5460 και
1410 5405 1738 5480 ἐσκοτίσθηὸ
1762 5382 1899 5477 ἣλιοι

2036 5402 2146 5458 brae
2171 5400 2326 5454 facta:
2352 5407 2478 5454 sunt
2505 5409 2668 5466 super
2701 5402 2867 5448 totam
2896 5399 3097 5445 terram
3131 5400 3300 5455 usque
3326 5385 3390 5438 ad
3418 5382 3605 5438 horam

369 5499 468 5554 καὶ
500 5498 723 5568 ἐσχίσθη
755 5499 816 5551 τὸ
867 5477 1264 5568 καταπέτασμα
1299 5497 1394 5551 τοῦ
1438 5497 1567 5552 ναοῦ
1610 5477 1796 5568 μέσον.
1831 5498 1899 5551 Kc

2042 5508 2274 5558 nouam;
2304 5482 2627 5546 obscttratits
2659 5496 2743 5542 est
2763 5484 2860 5548 sol,
2888 5491 2943 5539 et
2970 5481 3144 5537 velum
3171 5477 3351 5547 templi
3381 5477 3611 5531 scissnm

374 5565 633 5665 φωνήσας
687 5565 838 5661 ςρωνῇ
896 5589 1105 5661 μεγάλῃ
1139 5565 1373 5659 Ἰησοῦς,
1406 5585 1559 5644 εἶπεν
1590 5565 1838 5653 (Πάτερ.
1864 5590 1899 5640 εἰ

2044 5594 2127 5644 est
2143 5585 2397 5641 medium.
2414 5582 2477 5638 Et
2498 5596 2619 5639 cum
2645 5580 2930 5637 clamasset
2947 5588 3079 5631 voce
3102 5568 3485 5645 magnaiesns,
3502 5565 3577 5629 ait
3595 5578 3621 5618 ι

445 5758 490 5792 ⁸⁸
520 5755 684 5813 Hebr.
719 5773 793 5824 XI,
824 5757 912 5813 59.
990 5756 1033 5788 δ’
1061 5752 1253 5811 Matth.
1289 5768 1387 5821 xu,
1422 5750 1512 5807 29.
