3932 6456
236 333 398 394 .1341.)

257 536 429 605 μηδὲν
468 537 672 605 ἀγαθὸν
715 541 957 613 ἔχοντας,
989 544 1124 599 ἀλλά
1156 547 1221 618 τῇ
1243 547 1486 618 ἀπιστίᾳ⁵
1521 565 1834 619 συγκεκρα-

259 628 478 699 μένους.

334 744 352 774 ι
402 725 511 779 Καὶ
542 726 649 781 ίδοὺ
675 728 814 799 ἀνὴρ
838 728 1062 801 ὀνόματι
1104 732 1318 802 Ἰωσὴφ,
1345 733 1632 807 βουλευτὴς
1662 735 1837 806 ὑπάρ-

258 831 393 883 χων,
426 816 567 887 ἀνὴρ
601 818 803 888 ἀγαθδξ
829 820 922 873 καὶ
951 820 1160 886 δίκαιος
1190 815 1381 893 (οὗτος
1410 825 1512 878 οὐκ
1534 820 1602 896 ἦν
1630 841 1835 893 συγκα-

257 906 639 977 τατεθειμένος
668 914 735 982 τῇ
787 912 948 983 βουλῇ
984 912 1079 966 καὶ
1113 917 1179 985 τῇ
1207 915 1399 987 πράξει
1429 917 1610 972 αὐτῶν
1634 920 1684 988 ),
1728 916 1838 971 ἀπὸ

272 996 635 1067 Ἀριμαθαίας
671 1002 879 1068 πόλεως
909 1004 1019 1058 τῶν
1060 1005 1350 1072 Ἰουδαίων,
1385 1008 1442 1072 ὃς
1482 1009 1838 1081 προσεδέχετο

261 1089 360 1142 καὶ
380 1089 541 1155 αὐτὸς
556 1093 656 1163 τὴν
674 1093 949 1164 βασιλείαν
965 1097 1059 1151 τοῦ
1077 1099 1231 1153 Θεοῦ.
1251 1093 1417 1163 Οὗτος
1436 1100 1748 1172 προσελθὼν
1763 1100 1838 1172 τῷ

262 1179 504 1253 Ιῐιλάτῳ,
538 1184 780 1255 ᾐτήσατο
812 1186 872 1239 τὸ
902 1186 1065 1259 σῶμα
1094 1190 1187 1243 τοῦ
1227 1192 1424 1262 Ἰησοῦ,
1465 1191 1559 1245 καὶ
1590 1192 1838 1246 καθελὼν

265 1269 433 1336 αὐτὸ,
466 1273 768 1341 ἐνετύλιξεν
812 1275 945 1330 αὐτὸ
976 1277 1212 1347 σινδόνι,
1254 1281 1349 1334 καὶ
1392 1280 1587 1352 ἔθηκεν
1619 1282 1749 1335 αὐτὸ
1782 1281 1840 1336 ὲν

269 1360 522 1433 μνημείῳ
551 1363 816 1439 λαξευτῷ,
835 1360 895 1422 οὗ
920 1368 1019 1422 οὐκ
1048 1364 1115 1440 ἦν
1136 1371 1347 1426 οὐδέπω
1370 1374 1542 1438 οὐδεὶς
1563 1375 1836 1446 κείμενος.

265 1451 381 1504 Καὶ
408 1452 591 1525 ἡμέρα
612 1451 680 1528 ἦν
711 1458 1064 1531 Παρασκευὴ,
1092 1462 1186 1516 καὶ
1218 1464 1495 1519 Σάϐϐατον
1527 1468 1837 1537 ἐπέφωσκε.

265 1542 831 1620 Κατακολουθὴσασαι
873 1550 928 1604 δὲ
959 1556 1238 1621 γυναῖκες,
1285 1556 1486 1621 αἵτινες
1514 1555 1655 1630 ἦσαν
1690 1577 1842 1613 συνε-

264 1633 553 1707 ληλυθυῖαι
603 1642 751 1714 αύτῷ
797 1645 862 1698 ἐκ
918 1646 1018 1717 τῆς
1067 1647 1384 1719 Γαλιλαίας,
1438 1652 1732 1707 ἐθεάσαντο
1779 1655 1842 1708 τὸ

268 1728 484 1809 μνῆμα,
534 1733 627 1786 καὶ
667 1733 742 1799 ώς
789 1736 948 1808 ἐτέθη
1001 1738 1064 1793 τὸ
1107 1739 1268 1810 σῶμα
1304 1743 1491 1799 αὑτοῦ.
1544 1744 1843 1816 Ὑποστρέ-

266 1818 440 1887 ψασαι
467 1821 523 1876 δὲ
551 1824 852 1896 ἡτοίμασαν
884 1829 1152 1903 ἀρώματα
1184 1833 1277 1887 καὶ
1311 1824 1477 1906 μύρα.
1509 1837 1620 1891 Kal
1652 1837 1712 1891 τὸ
1744 1838 1843 1909 μὲν

268 1909 551 1966 Σάὅόατον
600 1916 885 1988 ἡσύχασαν
935 1923 1077 1977 κατὰ
1126 1924 1224 1995 τὴν
1279 1925 1519 1997 ἐντολήν.
1571 1944 1591 1979 ι
1644 1928 1705 1980 Ei
1751 1930 1846 1982 καὶ

270 2004 464 2077 πρώην
489 2010 864 2081 κρυπτόμενος
889 2007 957 2082 ἦν
994 2015 1216 2086 Ἰωσὴφ,
1244 2017 1360 2071 ἀλλ’
1381 2014 1474 2071 οὖν
1500 2019 1594 2073 νῦν
1618 2022 1847 2092 πρᾶγμα

267 2095 589 2160 ἀξιέπαινον
643 2106 815 2171 ποιεῖ,
864 2106 1039 2160 καίτοι
1088 2107 1382 2181 βουλευτὴς
1434 2109 1700 2185 ὑπάρχων
1753 2113 1847 2167 καὶ

268 2187 548 2257 πλούσιος,
585 2194 680 2248 καὶ
718 2196 891 2269 τολμᾷ
921 2197 1152 2271 ζητῆσαι
1197 2202 1357 2273 σῶμα
1405 2202 1725 2275 ἀνθρώπου,
1772 2207 1847 2271 ὡς

267 2279 544 2352 ἁντάρτου
583 2286 675 2338 καὶ
704 2289 1030 2344 στασιαστοῦ
1074 2293 1502 2364 σταυρωθέντος,
1532 2298 1628 2350 καὶ
1655 2298 1847 2352 ούδένα

268 2373 515 2429 κίνδυνον
551 2378 928 2449 ύπελογίσατο.
965 2384 1158 2439 Καίτοι
1184 2385 1354 2442 δειλὸν
1381 2390 1408 2441 ὁ
1439 2389 1687 2457 πλοῦτος,
1713 2390 1848 2444 ἀλὶά

270 2464 370 2518 xal
414 2469 676 2535 αἰτεῖται,
709 2474 804 2527 καὶ
849 2475 1084 2546 ἐντίμως
1117 2477 1334 2543 θάπτει,
1368 2482 1463 2534 καὶ
1502 2483 1558 2534 ἐν
1597 2483 1847 2554 μνημείῳ

266 2554 547 2631 λαξευτῷ,
581 2561 708 2617 ἔνθα
738 2566 912 2631 οὐδεὶς
938 2567 1094 2633 ἄλλος
1123 2569 1428 2625 κατέκειτο’
1464 2574 1549 2627 ἵνα
1584 2574 1658 2646 μὴ
1684 2577 1849 2630 εἴπω-

271 2665 361 2704 σιν
390 2653 437 2705 οί
470 2658 827 2727 συκοφάνται,
877 2662 959 2715 ὅτι
999 2661 1188 2733 ἕτερον
1235 2664 1393 2736 σῶμα
1421 2667 1640 2739 ἀνέστη.
1686 2671 1752 2724 Ai
1792 2669 1849 2722 δὲ

270 2746 560 2812 γυναῖκες,
592 2750 641 2801 εί
672 2749 766 2803 καὶ
801 2751 982 2806 πίστιν
1011 2749 1157 2825 εἶχον
1193 2755 1326 2825 πρὸς
1356 2756 1448 2810 τὸν
1474 2757 1698 2830 Κύριον,
1733 2760 1850 2814 ἀλλ’

268 2837 376 2908 οὐχ
427 2838 545 2893 οἵαν
585 2841 724 2906 ἔδει,
776 2844 891 2899 ἀλλ’
930 2847 1130 2919 ἀσθενῆ
1170 2849 1265 2902 καὶ
1317 2851 1542 2922 μικράν.
1605 2852 1691 2915 Ὠς
1743 2854 1850 2926 γὰρ

268 2928 432 2999 ψιλὸν
476 2932 763 3006 ἄνθρωπον
804 2940 1154 3011 νομίζουσαι,
1188 2944 1336 3017 μύρα
1366 2962 1423 2998 τε
1466 2946 1557 2998 καὶ
1586 2945 1852 3016 ἀρώματα

270 3025 646 3097 ἑτοιμάζουσι,
681 3033 824 3086 κατὰ
855 3034 916 3087 τὸ
940 3036 1222 3107 κρατῆσαν
1254 3039 1375 3102 ἔθος
1395 3039 1545 3107 παρὰ
1576 3039 1851 3104 Ἰουδαίοις

897 342 1339 406 ΕΝΑΒΒΑἸἸΟ
1373 345 1453 405 1N
1490 345 1841 407 EVANGEL

1953 347 1991 405 i1
2025 347 2258 409 LUCAE.
2284 375 2352 384 -
2385 351 2543 411 CAP.
2585 350 2795 414 XXIV.

218 432 223 447 ’
255 444 473 507 δέξατο’
507 447 795 512 κάκείνους
830 449 1031 518 ἔδειξεν
1070 451 1395 524 ἀγνώμονας
1416 456 1485 508 τὰ
1510 453 1705 522 πάντα,
1740 456 1833 508 καὶ
1863 460 1907 517 Α

3371 348 3511 418 1110

1939 499 2060 540 esse
2094 498 2192 553 per
2219 485 2423 549 omnia,
2455 494 2509 539 et
2539 486 2670 541 nihil
2712 486 2838 542 boni
2873 486 3097 553 habere,
3128 486 3223 543 sed
3254 486 3510 543 incredu-

1941 577 2092 632 litate
2125 577 2473 633 fermentatus
2502 588 2555 633 et
2584 579 2845 648 perditos.

2010 760 2175 817 Vsus.
2206 760 2397 818 50-56.
2432 779 2451 814 ι
2491 760 2558 816 Ει
2584 776 2732 829 ecce,
2768 762 2851 817 vir
2882 763 3097 818 nomine
3113 761 3514 832 Joseph,dccu-

1941 854 2057 920 rio,
2088 854 2179 924 qui
2214 863 2334 910 erat
2363 854 2447 910 vir
2474 855 2651 910 bonus
2679 869 2745 911 ae
2783 856 2983 927 justus,
3027 852 3120 915 tie
3144 871 3248 912 non
3281 871 3512 912 consen-

1941 954 2089 1001 serat
2127 945 2354 1001 consilio
2381 960 2445 1001 ac
2469 944 2613 1001 facto
2650 960 2862 1010 eorum,
2909 947 3172 1001 oriundus
3203 947 3270 1002 ab
3298 947 3514 1000 Arima-

1944 1039 2080 1093 thaea
2112 1038 2333 1094 civitate
2351 1037 2379 1094 ,Ι
2389 1040 2682 1105 udaeorum,
2715 1038 2803 1109 qui
2834 1040 3185 1109 exspectabat
3215 1048 3269 1094 et
3296 1040 3409 1111 ipse
3429 1055 3516 1097 re-

1941 1144 2105 1198 gnum
2153 1130 2269 1185 Dei.
2312 1129 2410 1186 Hic
2446 1132 2677 1187 accessit
2723 1133 2790 1186 ad
2831 1131 3095 1198 Pilatum,
3135 1144 3189 1187 et
3224 1134 3514 1203 postulavit

1943 1234 2141 1288 corpus
2196 1218 2345 1288 Jesu,
2373 1233 2428 1277 et
2457 1222 2763 1291 depositura
2795 1221 3020 1276 involvit
3053 1222 3301 1285 sindone,
3337 1232 3391 1276 et
3420 1238 3515 1291 po-

1943 1313 2053 1367 suit
2084 1311 2211 1366 illud
2244 1312 2296 1366 in
2331 1322 2705 1380 monumento,
2738 1316 2883 1384 quod
2911 1326 3026 1369 erat
3061 1315 3113 1368 in
3162 1314 3335 1382 lapide
3368 1314 3516 1368 exci-

1943 1417 2063 1458 sum
2109 1402 2164 1458 in
2201 1420 2307 1471 quo
2352 1403 2588 1458 nondum
2620 1402 2906 1474 quisquam
2956 1404 3161 1474 positus
3203 1403 3401 1478 fuerat.
3452 1403 3517 1457 Et

1943 1496 2059 1575 dies
2085 1506 2200 1552 erat
2230 1495 2546 1562 Parasceve,
2577 1506 2631 1551 et
2651 1496 2944 1553 Sabbatum
2974 1496 3345 1553 illucescebat.
3373 1496 3516 1550 Sub-

1942 1600 2144 1644 secuta:
2174 1598 2353 1644 autem
2401 1588 2689 1655 mulieres,
2720 1603 2838 1658 quae
2883 1592 3025 1645 cum'
3051 1603 3116 1643 eo
3159 1598 3419 1643 venerant
3452 1587 3519 1641 de

1943 1681 2185 1747 Galilaea,
2216 1683 2473 1738 viderunt
2505 1692 2941 1746 monumentum,
2975 1692 3030 1737 et
3060 1680 3516 1752 quemadmodum

1944 1771 2177 1840 positum
2202 1778 2324 1826 erat
2350 1785 2546 1840 corpus
2576 1769 2712 1839 ejus.
2748 1770 3001 1825 Reverere
3031 1783 3162 1825 vero
3191 1775 3519 1837 paraverunt

1943 1872 2187 1918 aromata
2221 1873 2276 1919 et
2318 1873 2622 1933 unguenta,
2659 1879 2723 1918 ac
2755 1862 2982 1918 sabbato
3027 1861 3245 1932 quidem
3293 1858 3518 1931 quieve-

1946 1962 2071 2009 ruut
2102 1953 2395 2010 secundum
2429 1961 2775 2025 praeceptum.
2812 1973 2831 2006 ι
2865 1950 3061 2021 Ioseph
3096 1950 3309 2005 tametsi
3344 1947 3518 2017 primo

1945 2045 2202 2111 latuerit,
2253 2060 2367 2100 rem
2429 2054 2611 2100 tamen
2682 2044 2840 2100 laude
2890 2044 3104 2113 dignam
3158 2055 3303 2095 nunc
3353 2038 3517 2100 facit.

1945 2137 2194 2206 quamvis
2219 2136 2569 2192 consiliarius
2594 2144 2739 2191 esset
2770 2151 2833 2190 ac
2862 2135 3035 2200 dives,
3067 2141 3122 2188 et
3147 2132 3307 2186 audet
3337 2137 3522 2200 petere

1946 2242 2148 2298 corpus
2182 2227 2424 2282 hominis
2460 2226 2707 2282 crucilixi
2746 2225 2904 2296 quasi
2952 2222 3245 2295 perduellis
3282 2228 3339 2279 et
3374 2220 3520 2277 sedi-

1947 2319 2090 2383 tiosi,
2134 2317 2299 2391 5,90
2344 2317 2996 2386 nullumquepericulum
3028 2315 3358 2385 suspicatur,
3397 2312 3525 2368 licet

1946 2409 2245 2480 periculum
2262 2419 2411 2465 esset
2432 2408 2741 2464 divitiarum
2764 2426 2777 2463 :
2797 2408 2892 2463 sed
2911 2414 2964 2461 et
2981 2406 3133 2474 petit,
3152 2415 3209 2461 et
3227 2404 3523 2461 honoriﬁci:

1946 2503 2174 2573 sepelit,
2220 2509 2276 2557 et
2326 2502 2379 2556 in
2417 2508 2770 2555 monumento
2817 2500 3002 2556 exciso
3039 2498 3129 2554 ubi
3171 2498 3352 2553 nullus
3384 2496 3523 2551 alius

1943 2594 2212 2667 jacuerat,
2238 2604 2383 2649 utne
2411 2592 2598 2649 dicant
2620 2592 2969 2664 sycophanta:
2989 2590 3131 2662 quod
3153 2589 3299 2645 aliud
3326 2604 3522 2658 corpus

1948 2688 2273 2744 surrexerit.
2298 2686 2549 2741 Mulieres
2575 2695 2757 2740 autem
2782 2683 2885 2739 etsi
2908 2682 3067 2739 [idem
3098 2681 3372 2737 habebant
3393 2693 3519 2749 erga

1950 2780 2272 2845 Dominum,
2301 2795 2410 2835 non
2476 2786 2659 2834 tamen
2706 2777 2919 2848 qualem
2956 2774 3274 2846 oportebat,
3311 2773 3406 2829 sed
3436 2773 3521 2827 in-

1959 2875 2167 2928 ﬁrmam
2203 2887 2269 2927 ac
2313 2885 2563 2943 parvam.
2605 2868 2886 2925 Habebunt
2917 2868 3060 2924 enim
3092 2880 3219 2921 eum
3261 2880 3359 2937 pro
3391 2879 3523 2934 puro

1952 2964 2194 3025 hornine,
2228 2963 2370 3017 unde
2400 2971 2455 3017 et
2499 2968 2743 3016 aromata
2773 2968 2828 3014 et
2860 2967 3132 3031 unguenta
3164 2967 3523 3028 paraverant,

1946 3057 2100 3127 juxta
2157 3066 2393 3110 veterem
2454 3051 2763 3108 Judazorum
2809 3050 3259 3106 consuetudinem
3308 3062 3525 3116 semper

273 3118 499 3213 παντως
529 3122 622 3173 ἐπὶ
653 3125 762 3187 τοῖς
793 3130 1026 3197 νεκροῖς.
1059 3130 1167 3183 Kal
1195 3129 1252 3183 τδ
1283 3129 1385 3199 μὲν
1418 3129 1693 3185 Σαϐϐαῖον
1722 3133 1848 3202 ἡσυ-

1953 3118 2295 3204 observatam
2318 3147 2384 3200 de
2406 3143 2629 3199 mortuis
2657 3143 2940 3213 inigendis.
2968 3142 3033 3196 Et
3058 3139 3283 3196 sabbato
3306 3137 3520 3208 quidem

274 3210 529 3279 χάζουσι,
562 3214 703 3269 κατά
733 3216 829 3287 τὴν
856 3219 950 3273 τοῦ
981 3220 1148 3291 νόμου
1181 3221 1423 3293 ἐντολήν.

843 3332 1097 3387 ΚΕΦΑΛ.
1160 3332 1286 3391 KA'.

276 3439 424 3522 Hegi
474 3441 629 3522 τῶν-
643 3449 1084 3522 σκοπουμένων
1123 3451 1233 3506 τὸν
1286 3452 1479 3521 τάφον
1529 3452 1852 3522 γυναικῶν.

347 3513 490 3593 ρερζ
525 3513 633 3593 τοῦ
661 3513 897 3593 ’Πέτρου
930 3513 1430 3593 Τρέχοντοςίπρὸς
1479 3513 1586 3577 τόν
1637 3524 1853 3593 τάφον.

349 3581 1079 3664 ΠερίιΚλεόρταξΠερΓτοῦ
1124 3581 1421 3660 ὄρθ’ένὲοξ
1448 3593 1672 3663 Ἰησοῦ.
1710 3581 1851 3664 Περὶ

349 3653 459 3720 τῆς
489 3653 841 3723 ἀναϐάσεως
860 3653 947 3725 εἷς
977 3658 1085 3714 τὸν
1113 3653 1393 3731 οὖρανόνέ

357 3780 376 3814 ι
414 3763 494 3834 Τῇ
526 3763 583 3817 δὲ
616 3767 717 3837 μιᾷ
751 3767 858 3821 τῶν
895 3768 1190 3825 Σαὸὅάτων
1227 3772 1424 3845 ὄρθρου
1466 3772 1657 3845 βαθέος
1692 3770 1855 3847 ἦλθον

280 3854 379 3908 ἐπὶ
399 3855 461 3908 τὸ
490 3857 701 3928 μνῆμα,
732 3860 996 3931 φέρουσαι
1026 3862 1062 3918 ἃ
1097 3865 1405 3934 ἡτοίμασαν
1436 3864 1726 3938 ἀρώματα,
1761 3869 1854 3922 καί

278 3963 427 4011 τινες
449 3950 546 4003 σὺν
567 3949 779 4015 αὐταῖς.
806 3947 976 4024 Εὗρον
997 3953 1054 4008 δὲ
1074 3955 1165 4008 τὸν
1187 3955 1332 4010 λίθον
1356 3957 1855 4029 ἀποκεκυλισμένον

278 4038 393 4093 ἀπὸ
438 4039 534 4094 τοῦ
584 4038 872 4112 μνημείουέ
919 4045 1014 4099 καὶ
1061 4046 1427 4115 εἰσελθοῦσαι,
1473 4048 1571 4119 οὐχ
1604 4044 1762 4120 εὖρον
1796 4051 1857 4105 τὸ

281 4128 448 4200 σῶμα
472 4129 565 4183 τοῦ
598 4131 802 4202 Κυρίου
841 4132 1037 4205 Ἰησοῦ.
1076 4136 1185 4189 Καὶ
1220 4138 1442 4205 ἐγένετο
1470 4139 1527 4192 ὲν
1555 4137 1632 4210 τῷ
1661 4139 1854 4195 διαπο-

284 4222 501 4293 ρεῖσθαι
531 4223 704 4288 αὐτὲις
730 4226 858 4298 περὶ
893 4226 1104 4294 τούτου,
1139 4231 1232 4283 καὶ
1258 4228 1363 4283 ἰδοὺ
1389 4229 1583 4303 ἄνδρες
1609 4230 1702 4284 δύο
1727 4234 1857 4288 ἐπέ-

279 4329 489 4386 στησαν
506 4316 720 4383 αὐταῖς,
745 4320 801 4371 ἐν
827 4318 1051 4391 ἐσθῆσιν
1073 4322 1533 4391 ἁστραπτούσαις.
1568 4325 1857 4397 Ἐμφὸὅων

277 4405 338 4461 δὲ
363 4409 669 4480 γενομένων
700 4412 898 4478 αὐτῶν,
929 4414 1022 4467 καὶ
1054 4414 1347 4468 κλινουσῶν
1370 4417 1428 4469 τὸ
1460 4417 1747 4487 πρόσωπον
1778 4424 1856 4483 είς

1952 3240 2277 3314 quieverunt
2297 3237 2448 3310 juxta
2477 3236 2789 3290 mandatum
2820 3234 2971 3303 legis.

2497 3346 2726 3406 CAPUT
2783 3342 2976 3401 XXIV.

1957 3468 2031 3522 De
2062 3447 2725 3530 iuuisentibussepulcrum
2782 3458 3132 3530 mulieribus:
3166 3455 3241 3511 De
3268 3454 3424 3530 Petro
3454 3455 3524 3510 ad

1986 3589 1994 3596 ,
2024 3544 2416 3591 monumentum
2450 3526 2710 3586 currente.
2743 3531 2815 3584 De
2844 3528 3060 3599 Cleopa.
3093 3526 3170 3583 De
3193 3528 3525 3597 apparitione

2024 3609 2171 3663 Iesu.
2199 3605 2274 3659 De
2307 3604 2605 3659 ascensione
2634 3602 2691 3656 in
2716 3600 2930 3656 caelum.

2023 3782 2187 3838 Vens.
2219 3779 2370 3836 1-12.
2413 3795 2432 3830 ι
2477 3777 2594 3833 Una
2639 3785 2815 3832 autem
2849 3774 3230 3840 Sabbatorum,
3264 3770 3528 3843 profundo

1955 3872 2332 3944 erespusculo,
2379 3877 2644 3924 venerunt
2671 3867 2737 3920 ad
2772 3874 3202 3930 monumentum,
3244 3870 3526 3932 portantes

1955 3980 2074 4036 quae
2107 3967 2430 4032 paraverant
2477 3966 2748 4020 aromata,
2798 3963 2854 4008 et
2898 3953 3167 4008 nonnullae
3227 3967 3348 4007 cum
3395 3950 3523 4007 illis.

1957 4054 2299 4122 Repererunt
2319 4058 2496 4104 autem
2517 4045 2746 4116 lapidem
2766 4044 3066 4099 revolutum
3085 4059 3113 4096 a
3137 4051 3488 4097 monumento
3506 4058 3524 4098 :

1956 4155 2011 4199 et
2043 4145 2322 4210 ingressae,
2369 4154 2474 4193 non
2512 4139 2839 4191 invenerunt
2884 4150 3081 4204 corpus
3125 4135 3334 4189 Domini
3365 4130 3520 4188 Jesu.
3622 4132 3627 4135 ’

1957 4237 2021 4290 Ει
2057 4236 2256 4290 factum
2296 4243 2402 4297 est,
2449 4228 2575 4284 dum
2618 4236 2794 4282 mente
2830 4220 3191 4282 consternata:
3237 4237 3417 4280 essent
3458 4224 3525 4279 de

1961 4328 2081 4390 hoc,
2125 4340 2253 4380 ecce
2280 4325 2384 4377 duo
2415 4322 2515 4375 viri
2543 4328 2807 4376 steterunt
2850 4316 3009 4387 juxta
3053 4316 3169 4372 illas
3197 4317 3250 4371 in
3284 4316 3526 4372 vesdbtts

1959 4416 2378 4487 fulgurantibus.
2411 4413 2549 4491 Cum
2579 4410 2927 4481 cxpavissent
2960 4417 3163 4475 autem,
3193 4419 3246 4464 et
3285 4407 3525 4463 declina-

276 4500 381 4573 τὴν
410 4503 537 4572 γῆν,
582 4500 735 4557 εἷπον
773 4504 909 4576 πρὸς
939 4506 1140 4570 αὐτάςο
1181 4508 1246 4561 Τί
1293 4509 1504 4580 ζητεῖτε
1542 4511 1634 4564 τὸν
1676 4511 1848 4577 ζῶντα

1958 4523 2075 4567 rent
2100 4510 2301 4563 vultum
2331 4509 2383 4560 in
2417 4518 2639 4570 terram,
2668 4504 2920 4560 dixerunt
2942 4502 3008 4555 ad
3040 4501 3193 4556 illas:
3218 4497 3354 4566 Quid
3377 4514 3523 4570 quaa-

283 4594 427 4664 μετὰ
476 4594 583 4648 τῶν
632 4597 869 4664 νεκρῶνς
926 4598 1040 4652 Οὐκ
1072 4598 1218 4652 ἔστιν
1267 4595 1406 4666 ὦδε,
1461 4600 1578 4656 ἀλλ’
1618 4604 1851 4674 ἠγέρθη.

276 4685 598 4755 Μνήσθητε,
619 4686 693 4750 ὡς
723 4687 982 4758 ἐλάλησεν
1008 4689 1137 4759 ύμῖν
1165 4690 1246 4744 ἔτι
1275 4690 1352 4744 ὢν
1389 4693 1445 4744 ὲν
1474 4695 1539 4763 τῇ
1573 4692 1851 4763 Γαλιλαίᾳ,

276 4774 476 4845 λέγων,
505 4778 589 4831 ὅτι
630 4780 719 4831 Δεῖ
749 4779 841 4832 τὸν
872 4780 998 4834 Υἱὺν
1026 4781 1122 4835 τοῦ
1156 4782 1442 4852 ἀνθρώπου
1478 4784 1852 4855 παραδοθῆναι

277 4868 361 4931 εἰς
389 4871 579 4938 χεῖρας
606 4869 1290 4944 ἀνθρώπωνάμαρτωλῶν,
1325 4877 1418 4927 καὶ
1446 4875 1850 4946 σταυρωθῆναι,

280 4960 378 5014 καὶ
422 4962 489 5031 τῇ
530 4962 688 5033 τρίτῃ
728 4962 915 5035 ἡμέρᾳ
962 4965 1284 5036 ἀναστῆναι.
1340 4967 1450 5020 Καὶ
1502 4966 1853 5037 ἐμνήσθησαν

275 5052 391 5107 τῶν
439 5053 701 5123 ῥημάτων
753 5056 954 5110 αὑτοῦ·
1006 5058 1103 5112 καὶ¹
1150 5058 1563 5131 ὑποστρέψασαι
1613 5059 1722 5113 ἀπὸ
1756 5059 1853 5114 τοῦ

283 5142 578 5214 μνημείου,
610 5145 953 5217 ἀπήγγειλαν
981 5148 1154 5203 ταῦτα
1182 5149 1358 5204 πάντα
1383 5152 1495 5213 τοῖς
1521 5150 1733 5215 ἕνδεκα,
1762 5154 1856 5205 καὶ

280 5236 423 5290 πᾶσι
446 5239 560 5303 τοῖς
590 5240 816 5304 λοιποῖς·
843 5237 983 5312 ἦσαν
1010 5242 1066 5296 δὲ
1091 5245 1123 5313 ἡ
1154 5243 1488 5316 Μαγδαληνὴ
1517 5243 1727 5315 Μαρία,
1761 5244 1856 5298 καὶ

309 5327 540 5391 ῐωάννα,
584 5328 679 5382 καὶ
718 5331 906 5402 Μαρία
956 5331 1236 5395 Ἰακώϐου,
1286 5333 1380 5385 καί
1426 5334 1483 5385 al
1534 5332 1717 5386 λοιπαὶ
1757 5332 1854 5386 σὺν

274 5419 497 5484 αὐταῖς,
528 5420 584 5475 αἳ
618 5420 805 5492 ἔλεγον
833 5424 968 5494 πρὸς
1001 5424 1124 5489 τοὺς
1156 5425 1487 5488 ἀποστόλους
1512 5424 1705 5479 ταῦτα.
1744 5425 1855 5478 Kal

280 5511 562 5582 ἐφάνησαν
611 5512 841 5567 ἐνώπιον
883 5514 1063 5567 αύτῶν
1114 5515 1246 5569 ὡσεὶ
1296 5516 1461 5585 λῆρος
1518 5516 1588 5569 τὰ
1636 5517 1855 5585 ῥήματα

282 5605 487 5669 αὐτῶν,
518 5605 613 5659 καὶ
645 5606 906 5675 ἠπίστουν
933 5608 1143 5670 αὑταῖς.
1191 5609 1249 5661 '0
1277 5608 1333 5679 δὲ
1364 5608 1568 5679 Πέτρος
1594 5609 1848 5670 ἀναστὰς,

283 5690 522 5762 ἔδραμεν
561 5696 654 5749 ἐπὶ
686 5696 748 5750 τὸ
802 5701 1090 5767 μνημεῖον,
1137 5699 1234 5750 καὶ
1279 5698 1612 5768 παρακύψας
1662 5698 1853 5769 βλέπει

285 5783 517 5856 κείμενα
550 5786 619 5842 τὰ
664 5787 847 5843 ὀθόνια
894 5789 1054 5860 μόνα,
1094 5790 1188 5845 καὶ
1221 5790 1429 5861 ἀπῆλθε
1475 5790 1610 5863 πρὸς
1661 5789 1851 5844 ἑαυτὸν

1956 4604 2073 4658 ritis
2102 4603 2365 4655 viventem
2396 4612 2519 4652 cum
2551 4596 2777 4650 mortuis
2803 4595 2825 4648 ?
2850 4593 2974 4649 Non
3005 4602 3088 4647 est
3125 4592 3244 4657 hic,
3276 4594 3368 4646 sed
3401 4608 3522 4646 sur-

1957 4691 2117 4746 rexit.
2168 4685 2543 4743 Recordamini
2576 4693 2649 4738 ιιι·
2673 4682 3068 4747 dixeritvobis,
3110 4695 3232 4735 eum
3263 4678 3438 4734 adhuc
3468 4680 3523 4735 in

1954 4778 2174 4834 Galilzea
2198 4783 2364 4838 esset,
2388 4774 2575 4828 dicens
2596 4772 2736 4842 quod
2760 4768 3265 4842 oportueritFilium
3290 4769 3524 4824 hominis

1958 4868 2099 4922 tradi
2146 4866 2201 4921 in
2242 4878 2433 4919 manus
2465 4863 2740 4918 hominum
2780 4871 3144 4932 peccatorum,
3192 4870 3246 4914 et
3277 4861 3522 4929 ενιιοίίίςί

1956 4969 2011 5014 et
2037 4957 2126 5014 die
2153 4956 2311 5015 tertio
2344 4968 2649 5025 resurgere.
2671 4951 2737 5009 Et
2763 4953 3056 5009 recordata:
3081 4959 3207 5006 sunt
3233 4951 3521 5006 verborum

1954 5051 2094 5119 ejus,
2138 5056 2191 5102 et
2221 5060 2482 5118 regressa:
2522 5063 2551 5099 a
2593 5055 2941 5100 monumento
2984 5044 3364 5098 nuntiaverunt
3406 5043 3520 5097 hanc

1956 5143 2137 5197 omnia
2169 5141 2273 5195 illis
2305 5139 2576 5203 undecim,
2604 5148 2659 5192 et
2688 5137 2895 5192 caeteris
2923 5136 3194 5192 omnibus.
3230 5133 3397 5189 Erant
3427 5151 3521 5190 au-

1958 5244 2064 5289 tem
2096 5232 2264 5288 Maria
2292 5230 2629 5302 Magdalcue.
2661 5241 2714 5285 et
2745 5228 2985 5294 Joanna,
3017 5239 3071 5283 et
3100 5229 3272 5282 Maria
3304 5226 3518 5288 Jacobi.

1956 5337 2011 5383 et
2055 5336 2260 5381 rectene
2309 5339 2427 5392 qua:
2475 5339 2595 5377 cum
2649 5323 2728 5377 eis
2774 5330 2951 5385 erant,
3002 5336 3123 5391 qua:
3174 5321 3422 5377 dicebant
3456 5324 3522 5373 ad

1957 5418 2234 5489 apostolos
2286 5418 2419 5469 hmo.
2453 5412 2517 5467 Et
2547 5415 2659 5467 visa
2701 5423 2826 5468 sunt
2865 5415 3004 5482 apud
3040 5414 3162 5469 illos
3195 5429 3293 5469 ceu
3323 5414 3524 5468 delira-

1958 5520 2197 5565 tnentnm
2248 5510 2409 5562 verba
2468 5507 2718 5570 illarum,
2776 5521 2950 5575 neque
2998 5506 3347 5561 crediderunt
3394 5504 3517 5558 illis.

1955 5603 2145 5656 Petrus
2198 5611 2373 5654 autem
2420 5612 2647 5668 surgens
2692 5601 2931 5653 cucurrit
2974 5604 3041 5653 ad
3089 5608 3518 5659 monumentum,

1955 5704 2009 5751 et
2062 5691 2395 5765 prospiciens
2449 5690 2596 5744 videt
2655 5688 2968 5744 linteamina
3019 5689 3132 5745 sola
3196 5689 3401 5759 posita,
3470 5695 3524 5737 et

1955 5786 2089 5843 abiit
2122 5783 2261 5856 apud
2297 5783 2649 5854 semetipsum
2684 5782 2961 5841 admirans
2994 5781 3135 5854 quod
3163 5778 3455 5837 acciderat.
3496 5793 3516 5826 ι
