3932 6456
492 375 625 439 till

1365 364 1944 431 THEOPHYLACTI
1982 362 2396 424 BULGARUE
2438 357 2797 422 ARCHIEP.

3567 347 3676 414 illi

483 487 662 545 Unam
688 482 1069 544 Sabbatorum,
1124 478 1352 548 primam
1403 478 1613 534 dierum
1656 476 1910 541 Sztbbati,
1947 474 2050 528 hoc

2165 471 2453 540 θαυμάζων
2501 467 2562 523 τὺ
2599 464 2840 537 γεγονός.
2881 482 2902 516 ι
2940 460 3083 518 Μίαν
3111 458 3219 515 τῶν
3263 456 3574 521 Σαϐϐάτων,
3602 462 3681 527 τὴν

481 589 603 640 est.
635 570 987 631 hebdotnadae
1031 569 1239 625 dierum
1288 567 1566 633 nominat,
1611 582 1734 638 quae
1777 565 1916 636 apud
1955 576 2053 618 nos

487 676 707 741 propter
741 662 1193 722 resurrectionem
1238 659 1484 726 Domini,
1519 658 1801 715 Dominica
1832 656 2050 713 dicitur.

484 763 543 816 ln
595 760 683 815 illa
734 759 898 829 igitur
933 759 1199 813 venerunt
1240 753 1307 808 ad
1344 760 1755 808 monumentum
1792 750 2050 805 mulieres

486 856 722 907 terentes
776 857 1042 904 aremata.
1096 865 1116 900 ι
1164 846 1444 902 Venerunt
1498 853 1678 899 autem
1726 839 2049 912 crepusculo

486 943 780 1006 profundo,
834 960 854 994 ι
912 939 1054 1010 quod
1106 952 1331 1007 vespere
1382 936 1748 992 Sabbatorum
1807 933 2056 997 nominat

483 1034 767 1089 Muttinem
788 1034 854 1088 δ’.
909 1029 1240 1085 Prolundum
1290 1027 1433 1084 enim
1469 1024 1849 1098 crepusculum
1902 1022 2045 1078 idem

483 1138 565 1184 est
606 1127 746 1199 quod
800 1125 956 1179 Valde
986 1138 1230 1194 vespere.
1254 1141 1273 1175 ι
1323 1120 1653 1178 Invenerunt
1693 1128 1873 1174 autem
1919 1115 2055 1186 lapi-

484 1222 604 1274 «lem
642 1217 969 1273 devolutum.
1006 1234 1025 1268 ι
1071 1214 1310 1285 Angelus
1345 1213 1493 1267 enim
1533 1208 1851 1267 devolverat
1887 1220 2047 1271 eum,

485 1323 541 1367 ut
592 1311 872 1367 Milllhd'lls
932 1309 1028 1365 ait.
1088 1306 1258 1362 Porro
1296 1304 1560 1374 ingressis
1608 1301 1714 1357 illis
1777 1301 1885 1356 duo
1941 1297 2046 1355 viri

485 1414 767 1476 apparent.
825 1402 1007 1460 Unns'
1031 1399 1249 1471 quidem
1287 1398 1425 1470 apud
1474 1394 1785 1451 Matthteum
1824 1391 2052 1449 sedebat

492 1509 656 1565 super
685 1493 914 1564 lapidem
939 1508 955 1559 ;
982 1492 1033 1545 bi
1070 1498 1250 1544 autem
1285 1488 1392 1543 duo
1424 1486 1526 1541 viri
1556 1485 1697 1541 intra
1724 1496 2052 1539 monumen-

487 1596 600 1638 tttm
632 1590 915 1637 steterunt.
939 1579 1116 1635 Variae
1134 1580 1281 1635 enim
1308 1578 1548 1634 visiones
1567 1584 1720 1633 sunt.
1739 1573 2053 1644 Fulguran-

486 1675 632 1728 tibus
647 1671 807 1745 49],
828 1679 1007 1727 autem
1035 1669 1278 1726 vestibus
1295 1675 1577 1739 apparent,
1601 1666 1673 1722 ob
1709 1664 2052 1737 splendorem

484 1762 928 1838 resurrectionis.
979 1761 1043 1819 Et
1089 1759 1369 1816 recordari
1411 1758 1535 1815 illas
1575 1756 1789 1813 faciunt
1839 1770 2051 1820 eorum,

2159 562 2384 635 πρώτην
2425 562 2534 616 τῶν
2576 558 2670 615 τοῦ
2720 555 3033 620 Σαϐϐάτου,
3081 554 3200 625 ἦτοι
3262 552 3365 620 τῆς
3438 549 3687 622 ἔεδομάδος

2159 656 2382 730 ἡμερῶν
2412 653 2672 726 ὀνομάζει
2691 690 2707 716 ,
2737 652 2876 722 ὅπερ
2910 649 3047 710 ἐστὶ,
3080 647 3179 717 τὴν
3210 645 3342 716 παρ’
3371 644 3500 716 ἡμῖν
3529 646 3584 697 ἐκ
3608 647 3687 715 τῆς

2156 747 2250 803 τοῦ
2302 746 2510 818 Κυρίου
2556 742 2909 804 ἀναστάσεως
2957 739 3369 809 ὀνομαζομένην
3420 738 3689 806 Κυριακήν,

2157 840 2295 897 Κατ’
2329 838 2500 909 αὐτὴν
2531 835 2623 891 οῦν
2671 832 2836 908 ἦλθον
2885 833 2981 886 ἐπὶ
3026 832 3089 884 τὸ
3130 831 3321 899 μνῆμα
3350 829 3406 881 al
3438 829 3691 894 γυναῖκες,

2158 934 2418 1005 φέρουσαι
2465 929 2756 1000 ἀρώματα.
2811 923 3019 981 Ἶιλθον
3065 923 3122 978 δὲ
3155 922 3354 994 ὖρθρου
3386 918 3587 991 βαθέος,
3624 919 3693 973 ab

2157 1025 2450 1090 Ματθαῖος,
2488 1042 2508 1074 ι
2558 1022 2686 1092 Ὀψὲ
2724 1018 3043 1081 Σαϐϐάτων,
3095 1035 3114 1068 ι
3148 1015 3312 1085 φησί·
3354 1013 3384 1065 ὀ
3423 1014 3528 1081 γὰρ
3559 1011 3694 1079 βαθὺς

2154 1120 2351 1193 ὀρθρος
2370 1119 2449 1183 είς
2477 1117 2674 1173 ταυτὸν
2706 1114 2863 1186 φέρει
2898 1112 2975 1182 τῷ
3001 1111 3125 1164 λίαν
3153 1108 3273 1178 ὀψέ.
3310 1125 3329 1158 ι
3362 1099 3529 1176 Εὗρον
3554 1105 3603 1157 δὲ
3627 1104 3696 1157 τδν

2157 1212 2304 1267 λίθον
2352 1207 2877 1278 ἀποκεκυλισμένον·
2914 1225 2932 1257 ι
2966 1203 3195 1272 ἄγγελος
3240 1202 3355 1270 γὰρ
3405 1198 3697 1253 ἀπεκύλισεν

2159 1302 2344 1366 αὐτὸν,
2367 1302 2443 1365 ὡς
2466 1302 2494 1355 ὀ
2519 1298 2797 1361 Ματθαῖός
2825 1314 3009 1367 φησιν.
3041 1290 3429 1355 Εἰσελοούσαις
3456 1289 3512 1344 δὲ
3538 1289 3699 1353 αὑταῖς

2154 1396 2247 1452 δύο
2273 1394 2464 1467 ἀνδρες
2502 1394 2809 1466 φαίνονται.
2842 1393 2904 1445 ’0
2943 1391 3041 1462 μὲν
3062 1389 3171 1461 γὰρ
3196 1390 3223 1441 ὁ
3256 1388 3315 1439 ὲν
3354 1385 3434 1454 τῷ
3474 1383 3701 1452 Ματθαιῳ

2155 1485 2466 1559 ἐπεκάθητο
2496 1484 2573 1556 τῷ
2606 1484 2743 1555 λίθῳ
2763 1526 2778 1549 ,
2811 1475 2958 1537 οῦτοι
2983 1482 3040 1535 δὲ
3072 1482 3121 1534 οί
3169 1479 3263 1534 δύο
3312 1477 3502 1548 ἄνδρες
3528 1475 3698 1529 ἔσωθεν

2154 1579 2249 1637 τοῦ
2276 1578 2542 1651 μνημείου
2569 1577 2915 1646 ἐφίστανται·
2953 1574 3201 1646 διάφοροι
3229 1572 3341 1640 γὰρ
3361 1572 3418 1624 αί
3445 1568 3700 1621 ὀπτασίαι⁵

2154 1671 2501 1742 λευχείμονες
2551 1668 2608 1721 δὲ
2637 1668 2943 1735 φαίνονται,
2978 1664 3065 1718 διά
3093 1663 3153 1717 τδ
3181 1660 3443 1731 λαμπρὸν
3477 1659 3571 1728 τῆς
3596 1658 3698 1712 ἀνευ

2161 1762 2430 1826 στάσεως.
2484 1760 2594 1816 Kal.
2650 1757 3168 1829 ἀναμιμνήσκουσιν
3214 1753 3392 1816 αὑτὰς
3439 1752 3543 1806 τῶν
3592 1750 3701 1817 παρ’

485 1873 607 1924 qua:
644 1871 672 1910 a
705 1831 928 1910 Christo
951 1852 1097 1909 dicta
1128 1851 1369 1918 fuerunt,
1400 1850 1545 1920 quod
1573 1865 1698 1907 eum
1730 1848 2056 1920 oportuerit,

2165 1855 2372 1909 ἐκείνου
2413 1851 2709 1923 ῥηθέντων,
2779 1850 2862 1903 ὃτι
2910 1848 3014 1911 δεῖ,
3076 1845 3382 1909 τοιτέστιν,
3453 1841 3707 1909 ἀναγκαῖόν

484 1947 589 2001 ltoc
618 1953 704 2002 est
742 1944 1112 2000 necessarium
1162 1943 1352 2007 fuerit,
1395 1939 1536 1996 tradi
1573 1940 1626 1995 in
1660 1952 1854 1995 manus
1885 1936 2062 1992 homi-

486 2052 616 2091 num
657 2044 1028 2107 pcccatorum,
1078 2033 1449 2088 Romanorum
1494 2031 1725 2097 scilicet,
1775 2030 1866 2099 qui
1908 2026 2079 2085 ϐουσί

488 2126 611 2180 tiles
654 2134 812 2179 erant
865 2132 924 2180 et
959 2123 1392 2187 abominabiles:
1428 2132 1485 2178 et
1527 2123 1690 2179 tertia
1741 2121 1830 2177 die
1875 2133 2058 2175 resur-

486 2230 633 2285 gere.
693 2215 770 2269 De
822 2217 1246 2280 resurrectione,
1320 2214 1593 2286 quomodo
1656 2213 1823 2270 trium
1891 2212 2059 2268 fuerit

491 2309 723 2372 dierum,
757 2311 893 2363 satis
940 2308 1178 2363 diximus
1223 2308 1276 2362 in
1320 2305 1613 2378 Evangelio
1650 2303 1916 2361 Matthxi.
1954 2303 2060 2359 Be-

492 2412 663 2454 νει-σεε
688 2412 817 2453 vero
847 2411 877 2453 a
907 2398 1178 2469 sepulcro,
1218 2413 1343 2454 cum
1364 2398 1627 2469 apostolis
1651 2397 1765 2452 haec
1786 2396 2055 2461 dicerent,

486 2489 618 2545 visae
657 2499 785 2545 sunt
809 2488 1039 2545 delirare
1071 2505 1087 2544 :
1118 2490 1256 2545 adeo
1300 2488 1618 2545 incredibile
1650 2488 1937 2545 videbatur
1969 2487 2063 2544 bo-

489 2581 727 2637 minibus
773 2582 1196 2638 resurrectionis
1232 2581 1582 2638 miraculum.
1626 2582 1696 2637 At
1721 2580 1916 2636 Petrus
1951 2596 2058 2636 non

489 2683 668 2727 cessat
716 2673 1176 2743 quemadmodum
1226 2687 1402 2744 neque
1448 2674 1590 2746 ignis
1634 2676 1920 2731 materiam
1964 2687 2061 2729 na-

490 2774 644 2819 ctus:
670 2765 764 2820 sed
788 2766 935 2820 venit
964 2765 1029 2820 ad
1051 2765 1411 2836 sepulturam,
1442 2774 1499 2822 et
1528 2765 1673 2822 videt
1703 2768 1821 2821 sola
1846 2766 2011 2821 lintea
2042 2784 2055 2821 :

490 2864 546 2911 et
580 2864 705 2912 tunc
746 2857 886 2913 banc
914 2856 1205 2913 utilitatem
1236 2856 1470 2927 primum
1517 2857 1718 2928 accipit
1759 2872 1790 2911 a
1825 2855 2058 2911 transitu

492 2949 562 3003 ad
587 2948 920 3019 sepulcrum.
948 2967 967 3002 ι
996 2949 1314 3016 Admirans,
1363 2968 1383 3003 ο
1421 2949 1525 3006 hoc
1555 2958 1659 3015 est,
1694 2951 2059 3006 subsannans.

491 3043 635 3097 Abiit
665 3042 832 3107 enim,
868 3042 1066 3112 inquit,
1106 3042 1173 3098 ad
1206 3043 1468 3114 seipsum,
1511 3043 1615 3098 hoc
1644 3052 1749 3108 est,
1801 3060 1820 3094 ι
1871 3057 2058 3099 secum

2164 1946 2304 2012 ἐστι,
2353 1943 2730 2016 παραδοθῆναι
2778 1943 2859 2004 είς
2905 1943 3096 2011 χεῖρας
3132 1936 3443 2008 ἀνθρώπων
3489 1936 3708 2003 ἀμαρτω-

2163 2037 2297 2102 λῶν,
2340 2035 2451 2091 τῶν
2500 2033 2791 2104 Ῥωμαίων
2825 2032 3047 2103 δηλαδὴ,
3079 2032 3155 2093 ὡς
3190 2027 3429 2083 ἐθνικῶν
3454 2027 3605 2079 ὀντων
3631 2027 3706 2079 καὶ

2163 2127 2487 2200 βδελυκτῶν,
2517 2124 2614 2179 καὶ
2636 2127 2702 2195 τῇ
2732 2122 2893 2195 τρίτῃ
2922 2122 3111 2193 ἡμέρᾳ
3139 2120 3472 2185 ἀναστῖναι.
3501 2117 3706 2185 Εἴπομεν

2164 2223 2289 2291 περῖ
2330 2219 2430 2289 τῆς
2462 2218 2836 2279 ἀναστάσεως,
2881 2214 2998 2279 πῶς
3030 2214 3146 2266 ἐστι
3186 2211 3509 2281 τριήμερος,
3541 2208 3706 2270 ἱκανῶς

2163 2315 2224 2368 ὲν
2272 2311 2351 2383 τῷ
2396 2309 2536 2365 κατά
2583 2307 2885 2365 Ματθαῖον.
2931 2302 3383 2374 ’Υποστρέψασαι
3428 2301 3483 2354 δὲ
3508 2300 3601 2353 ἀπὸ
3631 2299 3703 2353 τοῦ

2166 2403 2460 2476 μνημείου,
2510 2402 2749 2463 καὶτοῖς
2790 2397 3111 2460 ἀποστόλοις
3152 2394 3333 2448 ταῦτα
3382 2392 3608 2458 λέξασαι.
3632 2390 3706 2461 λη-

2167 2499 2280 2567 ρεῖν
2331 2495 2519 2560 ἔδοξαν
2545 2509 2559 2524 ·
2605 2492 2779 2556 οὕτως
2817 2491 3047 2545 ἄπιστον
3079 2489 3239 2558 φύσει
3285 2490 3404 2549 τοῖς
3445 2486 3705 2556 ἀνθρώποις

2165 2589 2397 2644 δοκεῖτὸ
2422 2587 2521 2656 τῆς
2568 2585 2922 2647 ἀναστάσεως
2965 2582 3171 2653 θαῦμα.
3214 2582 3275 2635 '0
3310 2580 3495 2651 μέντοι
3539 2578 3704 2647 Πέτρος

2165 2682 2265 2735 οῦκ
2321 2681 2501 2749 ἀργεῖ,
2557 2676 2749 2747 ὥσπερ
2790 2675 2910 2729 οὐδὲ
2966 2674 3027 2728 τὸ
3070 2672 3181 2743 πῦρ
3239 2672 3380 2742 ὕλης
3428 2669 3702 2739 λαϐόμενον,

2166 2773 2281 2828 ἀλλ’
2329 2772 2550 2843 ἔρχεται
2606 2769 2703 2824 ἐπὶ
2749 2770 2809 2821 τὸ
2859 2765 3072 2836 μνῆμα,
3127 2764 3223 2819 καὶ
3260 2762 3457 2835 βλέπει
3505 2760 3623 2831 μόνα
3652 2758 3704 2811 τὰ

2166 2864 2370 2919 ὀθόνια.
2405 2863 2517 2915 Καὶ
2559 2859 2697 2923 τέως
2728 2856 2888 2910 τοῦτο
2932 2855 3221 2924 ὠφελεῖται
3264 2853 3487 2923 πρῶτον
3513 2852 3607 2904 ἀπὸ
3625 2848 3704 2916 τῆς

2167 2957 2305 3030 πρὸς
2350 2955 2411 3015 τὸ
2463 2954 2652 3026 μνῆμα
2691 2950 2952 3022 ἀφίξεως,
2999 2950 3061 3003 τὸ
3101 2948 3441 3017 θαυμάζειν,
3476 2945 3585 2997 ἀντὶ
3612 2942 3700 3004 τοῦ,

2165 3049 2470 3122 χλευάζειν.
2527 3064 2545 3099 t
2611 3044 2849 3114 Ἀπῆλθε
2900 3044 3030 3114 γὰρ,
3076 3042 3231 3111 φησὶ,
3278 3040 3423 3110 πρδς
3460 3036 3646 3094 ἑαυτὸν,
3684 3053 3699 3085 ι

491 3133 767 3191 εᾱιιιίινιωε
809 3132 1008 3190 fartum
1045 3156 1056 3189 :
1105 3155 1125 3190 ι
1167 3136 1438 3205 quomodo
1479 3145 1661 3192 autem
1697 3135 1914 3192 sudaria
1949 3134 2061 3190 sola

2166 3139 2434 3200 τουτέστι,
2475 3137 2597 3191 καθ’
2646 3135 2860 3197 ἑαυτὸν,
2914 3155 2930 3187 ι
2988 3132 3287 3201 θαυμάζων
3320 3132 3382 3184 τὸ
3430 3127 3698 3197 γεγονός.ι

492 3223 694 3279 fuerint
748 3225 957 3290 relicta,
1025 3226 1185 3303 idque
1236 3241 1468 3298 corpore
1515 3229 1738 3300 myrrha
1809 3226 2069 3283 inuncto?

493 3316 777 3386 Quomodo
805 3326 1014 3373 tantum
1042 3321 1137 3374 otii
1171 3320 1450 3376 habuisset
1482 3320 1589 3384 l’ur,
1620 3329 1678 3375 ιιι
1714 3320 1918 3376 relictis
1956 3319 2066 3375 illis

496 3413 550 3466 3n
585 3425 706 3480 quae
738 3410 1034 3465 involutum
1061 3420 1200 3476 erat,
1234 3411 1444 3472 furatus
1488 3411 1680 3468 fuisset
1719 3427 1939 3482 corpus,
1987 3413 2069 3467 id-

497 3516 604 3569 que
668 3501 931 3558 militibus
1001 3517 1167 3571 prope.
1231 3503 1586 3560 sedentibus?
1652 3502 1875 3559 Mariam
1940 3517 2068 3557 vero

494 3595 702 3662 Jacobi,
727 3592 1012 3667 Deiparam
1043 3597 1301 3667 intcllige.
1335 3596 1427 3652 Sic
1462 3597 1605 3651 enim
1641 3596 1788 3652 illam
1825 3596 2068 3650 nomina-

496 3688 649 3752 bant,
709 3686 832 3754 quia
886 3688 1179 3758 putabatur
1230 3699 1404 3743 mater
1428 3686 1641 3753 Jacobi,
1688 3687 1784 3741 lilii
1835 3684 2064 3753 Joseplt,

497 3790 656 3844 quem
682 3784 735 3831 et
766 3772 1275 3843 parvumdicebant,
1308 3774 1527 3831 fratrem
1561 3775 1768 3830 Domini
1822 3776 2062 3844 inquam.

499 3866 631 3922 Erat
678 3867 824 3921 enim
890 3875 943 3921 et
1013 3881 1243 3939 magnus
1301 3882 1441 3923 unus
1495 3881 1562 3923 ex
1630 3866 1915 3922 duodecim
1973 3865 2067 3920 ille

494 3953 739 4013 Zebeu’mi
749 3998 762 4013 .

571 4047 736 4105 Varus.
788 4048 973 4105 13-24.
1011 4067 1030 4101 ι
1072 4049 1137 4105 Et
1182 4062 1310 4106 ecce
1344 4049 1452 4105 duo
1475 4064 1542 4106 ex
1568 4048 1675 4106 illis
1708 4046 2065 4104 ibanteodem

499 4141 589 4196 die
642 4140 698 4195 in
743 4141 1027 4197 castellum
1077 4140 1224 4211 quod
1278 4141 1468 4195 aberat
1529 4140 1707 4211 spatio
1766 4140 2064 4195 stadiorum

499 4235 781 4306 sexaginta
810 4236 879 4291 ab
907 4234 1315 4306 Hierosolymis,
1341 4236 1559 4291 nomine
1583 4235 1841 4291 Emmaus
1861 4254 1877 4301 ;
1894 4244 1949 4290 et
1966 4233 2067 4303 ipsi

499 4313 983 4391 conlaliulabantur
1005 4332 1144 4385 inter
1164 4345 1222 4385 se
1237 4329 1305 4385 de
1333 4330 1417 4385 his
1443 4330 1695 4384 omnibus
1711 4342 1832 4399 quae
1857 4327 2069 4382 accide-

499 4426 643 4479 rant.
670 4417 735 4475 Et
769 4418 968 4473 factum
999 4427 1084 4474 est
1113 4418 1242 4473 dum
1270 4419 1750 4474 confabulareutur
1781 4433 1845 4471 ac
1877 4417 2066 4487 dispu-

502 4517 698 4572 tarcnt,
745 4519 799 4563 et
828 4509 942 4579 ipse
983 4507 1145 4565 .lesus
1181 4512 1620 4582 appropinquans
1652 4512 1763 4565 ibat
1802 4526 1906 4563 una
1940 4524 2063 4563 cum

503 4600 628 4656 illis.
669 4598 938 4655 Caeterum
992 4602 1132 4657 oculi
1182 4603 1393 4656 illorum
1444 4603 1769 4657 tenebantur
1822 4619 1888 4657 ne
1940 4616 2065 4657 cum

500 4703 877 4762 agnoscerent.
939 4692 1007 4748 Et
1058 4694 1134 4748 ait
1175 4693 1240 4748 ad
1298 4693 1460 4748 illos:
1529 4692 1631 4765 Qui
1675 4702 1802 4749 sunt
1850 4694 1903 4749 lii
1950 4709 2068 4750 scr-

502 4797 693 4838 mones
713 4797 852 4852 quos
877 4783 1142 4840 confertis
1166 4783 1310 4839 inter
1338 4800 1432 4839 vos
1457 4785 1821 4847 ambulantes,
1854 4796 1906 4839 et
1933 4785 2068 4842 cstis

502 4874 725 4931 tristes?
751 4874 830 4931 Ac
860 4877 1191 4948 respondens
1225 4891 1386 4945 unus,
1418 4879 1503 4933 cui
1552 4893 1745 4934 nomen
1778 4877 2065 4949 Cleophas,

499 4966 635 5021 dixit
662 4967 734 5034 ei,
762 4966 842 5023 Tu
896 4969 1043 5024 solus
1081 4968 1400 5040 peregrinus
1432 4984 1494 5024 cs
1544 4968 1920 5041 .lcrosolymis,
1969 4986 2068 5025 ne-

500 5073 605 5127 que
644 5058 946 5131 cognovisti
997 5073 1118 5130 quae
1161 5060 1301 5115 facta
1357 5069 1485 5117 sunt
1546 5060 1654 5116 illic
1710 5060 1794 5117 his
1837 5060 2068 5117 diebus?

500 5152 712 5221 Quibus
751 5152 838 5208 ille
883 5152 1040 5218 dixit,
1091 5152 1256 5221 Qum?
1290 5154 1352 5208 Et
1394 5154 1647 5214 dixerunt
1688 5154 1760 5219 ei,
1824 5152 1899 5211 De
1940 5152 2064 5210 Jesu

502 5243 806 5307 Nazarene,
850 5244 941 5316 qui
988 5242 1094 5300 fuit
1136 5244 1221 5300 vir
1257 5246 1540 5316 propbeta,
1588 5255 1779 5316 potens
1817 5260 1984 5318 opere
2012 5256 2071 5301 et

500 5348 755 5388 sermone
783 5349 965 5389 coram
1002 5334 1113 5390 Deo
1156 5342 1212 5390 et
1261 5344 1377 5390 t0to
1409 5334 1640 5407 populo:
1691 5344 1747 5390 et
1791 5335 2066 5406 quomodo

501 5440 623 5479 eum
671 5425 1016 5480 tradiderunt
1070 5426 1269 5483 summi
1325 5428 1636 5483 sacerdotes
1693 5435 1748 5482 et
1798 5427 2069 5498 principes

505 5522 676 5572 nostri
722 5518 773 5571 in
800 5518 1302 5576 condemnationem
1340 5524 1550 5588 mortis,
1596 5528 1651 5578 et
1682 5520 2071 5578 cruciﬁserunt

503 5625 651 5663 ευιιι.
688 5610 794 5664 Nos
838 5621 1014 5664 autem
1050 5612 1404 5682 sperabamus
1452 5630 1577 5673 eum
1625 5629 1748 5674 csse
1790 5614 1939 5672 illum
1978 5614 2071 5692 qui

575 5790 624 5830 ιδ
656 5790 839 5879 Matth.
862 5807 1048 5864 xsvtn,
1079 5796 1133 5851 2.

2170 3230 2294 3294 Πῶς
2322 3229 2431 3300 γάρ
2463 3229 2530 3281 τὰ
2560 3226 2741 3281 ὀθόνια
2779 3226 2916 3296 μόνα
2946 3223 3413 3293 κατελείφθησαν,
3445 3217 3696 3273 καὶταῦτα

2176 3322 2392 3396 σμύρνῃ
2430 3319 2760 3389 ἀλειμμένου
2790 3319 2885 3373 τοῦ
2928 3317 3214 3387 σώματοςς
3249 3315 3432 3382 πνςσην
3462 3312 3507 3365 δ’
3533 3311 3589 3364 ἂν
3616 3306 3703 3376 εἶχε

2174 3416 2368 3488 σχολὴν
2411 3417 2440 3469 ὀ
2481 3415 2745 3482 κλέπτης.
2782 3411 2925 3465 ὥστε
2970 3410 3142 3464 ταῦτα
3180 3409 3291 3479 ἰδία
3325 3400 3705 3472 ἐντετυλιγμένα

2170 3510 2349 3579 ἀφεὶς,
2381 3507 2444 3561 τὸ
2470 3507 2629 3577 σῶμα
2662 3504 2988 3575 ἐκφορῆσαι,
3027 3502 3122 3555 καὶ
3151 3500 3352 3565 ταῦτα,
3400 3494 3704 3569 στρατιωτῶν

2171 3621 2244 3658 πα
2255 3599 2686 3673 ρακαθημένωνς
2709 3596 2930 3666 Μαρίαν
2952 3595 3009 3648 δὲ
3054 3593 3340 3659 Ἰακώϐου,
3366 3592 3465 3664 τὴν
3486 3590 3703 3645 Θεοτάκιν

2167 3694 2320 3748 νόει·
2363 3692 2538 3756 οὕτως
2574 3691 2685 3763 γὰρ
2724 3688 2893 3760 αὐτὴν
2932 3688 3235 3759 ὠνόμαζον,
3292 3686 3374 3747 ὡς
3422 3680 3704 3756 μητέραδο-

2170 3785 2373 3840 κοῦσαν
2437 3783 2699 3838 Ἰακώϐου
2749 3781 2843 3836 τοῦ
2878 3780 2994 3835 υίοῦ
3041 3779 3264 3849 Ἰωσὴφ.
3299 3779 3363 3832 δν
3408 3779 3499 3831 καὶ
3549 3772 3705 3844 μικρὸν

2168 3878 2374 3947 ἔλεγον,
2412 3876 2503 3930 τὸν
2540 3874 2863 3943 ἀδελφόθεόν
2905 3890 3084 3942 φημι·
3120 3868 3188 3943 ἦν
3220 3871 3335 3941 γὰρ
3384 3869 3477 3923 xai.
3508 3864 3703 3937 μέγαςό

2167 3965 2249 4035 εἷς
2276 3969 2383 4024 τῶν
2414 3968 2645 4029 δώδεκα,
2676 3966 2705 4018 ὀ
2729 3963 2823 4019 τοῦ
2854 3963 3161 4019 Ζεϐεδαίου.

2244 4081 2263 4114 ι
2299 4060 2413 4114 Καὶ
2446 4058 2556 4112 ίδοὺ
2586 4058 2681 4111 δύο
2716 4052 2857 4128 ἦσαν
2878 4057 2936 4121 ἐξ
2957 4055 3139 4109 αὐτῶν
3171 4055 3525 4125 πορευόμενοι
3554 4053 3601 4104 ἐν
3622 4049 3698 4102 αὖ·

2168 4156 2235 4224 τῇ
2278 4155 2344 4224 τῇ
2379 4150 2563 4222 ἡμέρᾳ
2613 4150 2692 4214 είς
2738 4147 2934 4217 κώμην
2979 4146 3294 4215 ἀπέχουσαν
3348 4145 3581 4206 σταδίους
3605 4141 3704 4208 ἐξὴ-

2169 4260 2333 4298 κοντα
2387 4242 2495 4296 ἀπὸ
2536 4240 2914 4312 Ἰερουσαλὴμ,
2979 4232 3013 4313 ᾖ
3059 4238 3231 4308 ὄνομα
3276 4237 3571 4309 Ἐμμαούς.
3618 4231 3702 4310 Kal

2168 4335 2323 4390 αὐτοὶ
2377 4333 2615 4404 ὡμίλουν
2677 4332 2813 4402 πρὸς
2867 4331 3135 4402 ἀλλήλους
3188 4330 3322 4401 περὶ⁵
3365 4330 3572 4384 πάντων
3618 4324 3701 4377 τῶν

2171 4425 2605 4496 συμϐεϐηκότων
2648 4424 2878 4479 τούτων.
2928 4423 3036 4476 Καὶ
3082 4422 3300 4492 ἐγένετο
3338 4424 3397 4475 ὲν
3426 4420 3502 4490 τῷ
3536 4418 3701 4489 ὁμιλεῖν

2170 4518 2367 4580 αὐτοὺς
2396 4516 2493 4570 καὶ
2536 4514 2813 4584 συζητεῖν.
2865 4516 2959 4568 καὶ
3001 4515 3158 4577 αὐτὸς
3203 4516 3233 4567 ὀ
3281 4511 3495 4585 Ἰησοῦς
3521 4508 3701 4577 ἐγγίσας

2175 4609 2572 4680 συνεπορεύετο
2604 4608 2809 4669 αὐτοῖς.
2846 4607 3003 4661 Obba
3049 4606 3321 4677 ὀφθαλμοὶ
3365 4604 3540 4659 αὐτῶν
3570 4604 3701 4669 ἔκρα-

2173 4703 2386 4768 τοῦντο,
2437 4701 2533 4756 τοῦ
2590 4701 2666 4774 μὴ
2715 4701 3018 4769 ἐπιγνῶναι
3078 4700 3261 4754 αὐτόν.
3316 4694 3454 4752 Εἷπε
3499 4697 3551 4749 δὲ
3597 4690 3701 4760 πρὸς

2174 4793 2396 4857 αὐτούς*
2432 4793 2591 4855 Τίνες
2631 4793 2683 4845 oi
2726 4792 2876 4860 λόγοι
2903 4783 3070 4855 οὗτοι,
3110 4787 3202 4853 οὓς
3230 4786 3567 4843 ἀντιϐάλλετε
3596 4781 3699 4850 πρὸς

2175 4888 2439 4958 ἀλλήλους
2503 4884 2965 4955 περιπατοῦντες,
3037 4881 3133 4935 καὶ
3200 4880 3326 4934 ἐστὶ
3397 4868 3698 4946 σκυθρωποῖς

2173 4977 2523 5049 Ἀποκριθεὶς
2566 4978 2623 5031 δὲ
2650 4979 2678 5031 ὀ
2709 4970 2810 5042 εἷς,
2846 4969 2890 5044 ᾧ
2932 4975 3101 5042 ὄνομα
3148 4972 3423 5035 Κλεόπας,
3457 4964 3565 5021 εἷπε
3592 4961 3700 5033 πρὸς

2175 5069 2376 5125 αὐτόν’
2433 5069 2506 5121 Συ
2571 5068 2732 5138 μόνος
2771 5068 3060 5138 παροικεῖς
3116 5066 3175 5117 ὲν
3231 5060 3593 5134 Ἰερουσαλὴμ.
3627 5050 3700 5106 καὶ

2174 5161 2276 5214 οὐκ
2322 5159 2493 5228 ἔγνως
2541 5159 2610 5212 τά
2659 5157 2928 5228 γενόμενα
2965 5159 3022 5209 ὲν
3055 5155 3192 5224 αὐτῇ
3241 5155 3299 5206 ὲν
3345 5154 3465 5214 ταῖς
3504 5147 3698 5219 ἡμέραις

2172 5251 2443 5317 ταῦταιςς
2493 5250 2602 5304 Καὶ
2659 5246 2811 5302 εἶπεν
2856 5248 3081 5308 αὐτοῖς·
3142 5247 3312 5309 ιΙοῖας
3366 5244 3430 5298 0i
3479 5242 3533 5295 δὲ
3577 5232 3699 5290 εἷπον

2174 5344 2359 5416 αὐτῷ’
2393 5344 2475 5397 Τὰ
2509 5344 2638 5415 περὶ
2676 5338 2848 5411 Ἰησοῦ
2896 5338 2990 5392 τοῦ
3032 5338 3380 5404 Ναζωραίων
3426 5335 3483 5397 ὃς
3519 5330 3697 5416 ‘7‘“

2171 5415 2313 5505 ἀνὴρ
2346 5436 2651 5504 προφήτης,
2685 5430 2908 5494 δυνατὸς
2939 5433 2994 5482 ἐν
3032 5430 3178 5500 ἔργῳ
3196 5428 3293 5482 καὶ
3328 5428 3469 5497 λόγῳ
3498 5415 3697 5476 ἐναντίον

2170 5524 2265 5579 τοῦ
2296 5522 2431 5578 Θεοῦ
2464 5524 2560 5578 καὶ
2590 5521 2788 5584 παντὸς
2829 5519 2921 5574 τοῦ
2961 5518 3115 5585 λαοῦ,
3155 5519 3304 5582 ὅπως
3331 5534 3390 5571 τε
3419 5511 3697 5585 παρέδωκαν

2174 5615 2339 5672 αὑτὸν
2371 5616 2422 5669 oi
2464 5615 2741 5687 ἀρχιερεῖς
2776 5613 2870 5670 καὶ
2902 5613 2951 5667 οί
2978 5611 3239 5684 ἄρχοντες
3276 5609 3434 5683 ἡμῶν
3457 5608 3531 5670 είς
3555 5602 3698 5675 κρὶμ
