3870 6550
189 347 326 418 1113

823 353 927 416 EN
934 354 1269 417 ARRATIO
1311 356 1392 418 IN
1429 358 1931 422 EVANGELIUM
1973 363 2205 426 LUC/E.
2238 390 2305 401 --
2335 367 2496 429 CAP.
2533 364 2748 428 XXIV.

3307 353 3444 423 1114

189 464 444 528 θανάτου,
470 464 562 518 καὶ
589 464 941 537 ἐσταύρωσαν
991 467 1175 523 αὐτόν.
1223 468 1414 540 Ἡμεῖς
1451 470 1506 525 δὲ
1538 471 1764 541 ἡλπίζο·

1883 474 2249 546 redempturus
2296 487 2442 532 esset
2476 476 2665 531 Israel.
2700 472 2863 542 Atqui
2912 485 3080 543 super
3113 468 3229 526 hate
3255 470 3439 526 omnia

191 572 310 624 μεν,
371 556 451 609 ὃτι
511 555 676 619 αὐτός
729 558 878 610 ἐστιν
932 557 962 610 6
1031 558 1242 628 μέλλων
1286 559 1612 632 λυτροῦσθαι
1668 563 1760 617 τὸν

200 645 442 718 Ἰσραήλ.
485 646 648 729 ῘΑλλά
677 664 741 708 γε
784 649 881 702 σὺν
922 649 1054 703 πᾶσι
1082 649 1293 716 τούτοις
1325 653 1517 724 τρίτην
1556 653 1764 726 ταύτην

187 738 405 809 ἡμέραν
470 738 593 808 ἄγει
661 741 923 811 σήμερον,
990 743 1085 812 ἀφ’
1153 741 1217 796 οῦ
1273 743 1449 799 ταῦτα
1518 747 1761 815 ἐγένετο.

192 830 360 885 Ἀλλά
392 832 484 885 καὶ
510 833 769 899 γυναῖκές
793 849 934 897 τινες
971 834 1030 901 ἐξ
1066 835 1224 906 ἡμῶν
1256 833 1557 909 ἐξέστησαν
1594 840 1763 909 ἡμᾶς,

192 924 483 995 γενόμεναι
514 925 734 996 ΙΒρθριαι
777 928 869 980 ἐπὶ
899 928 960 981 τὸ
992 931 1257 999 μνημεῖον
1281 947 1296 962 ο
1333 934 1427 985 καὶ
1458 933 1533 1004 μὴ
1568 934 1763 1005 εὑροῦ-

193 1032 286 1068 σαι
329 1015 391 1068 τὸ
431 1017 592 1086 σῶμα
622 1017 809 1084 αὑτοῦ,
841 1013 1004 1089 ἦλθον
1044 1019 1300 1088 λέγουσαι
1359 1023 1457 1077 καὶ
1495 1024 1765 1081 ὀπτασίαν

189 1111 439 1178 ἀγγέλων
491 1112 817 1183 ἑωρακέναι.
875 1114 928 1167 οἴ
979 1115 1230 1183 λέγουσιν
1274 1118 1437 1171 αὑτὸν
1480 1120 1600 1189 ζῇν.
1655 1120 1766 1174 Καὶ

201 1200 449 1271 ἀπῆλθόν
481 1219 626 1266 τινες
652 1202 761 1256 τῶν
791 1203 890 1257 σὺν
937 1206 1068 1275 ἡμῖν
1110 1208 1202 1260 ἐπὶ
1238 1208 1300 1262 τὸ
1341 1214 1623 1282 μνημεῖον,
1672 1213 1768 1267 καὶ

192 1288 351 1364 εῦρον
377 1292 575 1358 οὕτως,
607 1293 790 1359 καθὼς
820 1296 915 1350 καὶ
936 1299 992 1351 αἱ
1025 1304 1280 1367 γυναῖκες
1305 1298 1458 1357 εἷπον
1482 1319 1495 1333 ·
1527 1305 1693 1359 αὐτὸν
1710 1305 1767 1359 δὲ

188 1386 292 1439 οὐκ
325 1381 491 1440 εἶδον.
552 1404 571 1439 ι
620 1387 779 1451 Τινὲς
830 1389 923 1442 τὸν
966 1390 1062 1444 ἕνα
1095 1392 1300 1447 τούτων
1329 1395 1440 1449 τῶν
1467 1396 1562 1450 δύο
1605 1397 1768 1451 αὑτὸν

188 1475 284 1530 τὸν
314 1478 529 1530 Λουκίν
567 1472 705 1531 εἶναι
738 1495 870 1547 φασι
893 1494 909 1511 ⁸
952 1479 1034 1534 διδ
1067 1481 1161 1537 καὶ
1192 1485 1480 1556 ἀπέκρυψε
1528 1488 1589 1541 τὸ
1640 1490 1768 1542 satu-

188 1565 285 1619 τοῦ
334 1565 504 1635 ὄνομα
536 1569 563 1619 ό
600 1566 1011 1640 εὐαγγελιστής.
1072 1571 1327 1643 Ὠμίλουν
1385 1576 1442 1630 δὲ
1487 1577 1625 1648 πρὸς
1664 1579 1763 1632 ἀλ-

189 1654 386 1722 λήλους
418 1648 563 1709 οὗτοι
599 1656 724 1726 περὶ
767 1656 994 1711 πάντων
1043 1660 1152 1714 τῶν
1187 1664 1637 1737 συμδεόηκότων,
1669 1668 1768 1739 οὐχ

190 1746 266 1809 ὡς
295 1748 662 1809 πιστεύοντες,
695 1747 811 1801 ἀλλ’
858 1749 933 1812 ὼς
990 1750 1399 1824 διαποροῦντες,
1428 1757 1525 1811 καὶ
1570 1758 1645 1819 tit;
1677 1762 1768 1812 ἐπὶ

199 1834 525 1908 πράγμασιν
562 1837 816 1903 ἐξαισίοις
844 1840 1209 1911 ἐξιστάμενοι,
1250 1849 1343 1901 καὶ
1371 1847 1448 1917 τῷ
1478 1849 1769 1920 παραδόξῳ

194 1927 273 1999 μὴ
308 1929 507 2001 ῥᾳδίως
529 1930 742 2000 ἔχοντες
796 1931 1108 1990 συνθέσθαι.
1145 1936 1204 1989 '0
1230 1936 1288 1990 δὲ
1314 1936 1524 2009 Ἰησοῦς
1548 1939 1774 2007 ἐγγίσας

195 2024 590 2092 συνεπορεύετο
611 2027 811 2089 αὐτοῖς.
861 2029 1234 2097 Πνευματικὸν
1265 2029 1372 2099 γὰρ
1390 2032 1483 2083 καὶ
1502 2028 1773 2101 θειότερον

191 2111 337 2182 ἔχων
369 2114 429 2168 τὸ
471 2114 631 2187 σῶμα
660 2117 868 2181 λοιπὸν,
908 2120 1008 2173 οὐκ
1036 2119 1308 2174 ἐκωλύετο
1338 2120 1521 2174 τόπων
1550 2122 1777 2193 διαστή-

196 2220 332 2273 ματι
377 2205 514 2276 πρὸς
563 2208 624 2260 τὸ
677 2211 752 2279 μὴ
792 2211 891 2282 οὐχ
945 2205 1025 2275 οἷς
1061 2211 1310 2281 βούλεται
1360 2216 1634 2283 παρεῖναι.
1684 2215 1773 2268 Διὸ

193 2295 317 2349 οὐδὲ
362 2297 470 2351 ἀπὸ
519 2299 629 2353 τῶν
690 2305 1057 2376 χαρακτήρων
1102 2304 1197 2359 τοῦ
1248 2305 1517 2375 σώματος,
1589 2309 1648 2359 ὲν
1691 2301 1774 2373 οἷς

197 2388 452 2456 ἐφαίνετο
494 2392 616 2446 τότε
648 2395 677 2447 6
724 2396 937 2465 Σωτὴρ,
978 2400 1385 2470 συνεχωροῦντο
1426 2401 1632 2470 γνῶναι
1674 2402 1776 2456 αὑ·-

194 2479 311 2530 τόν.
363 2481 448 2543 Ὠς
475 2482 583 2553 γὰρ
625 2487 654 2537 6
682 2486 907 2556 Μάρκος
959 2490 1145 2564 φησὶν,
1197 2492 1256 2542 ὲν
1303 2490 1469 2562 ἑτέρᾳ
1519 2491 1775 2557 ἐφαίνετο

204 2574 412 2643 μορφῇ,
454 2574 550 2626 καὶ
580 2578 639 2629 ὲν
665 2576 846 2641 ἄλλοις
876 2583 1273 2651 χαρακτῆρσιν.
1305 2584 1502 2636 Οὐκέτι
1535 2583 1643 2654 γὰρ
1677 2601 1775 2651 φυο

200 2666 377 2727 σικοῖς
427 2665 614 2736 νόμοις
663 2668 935 2741 ᾠκονόμει
974 2674 1036 2727 τὸ
1066 2674 1248 2744 σῶμα,
1281 2675 1399 2729 ἀλλ’
1448 2676 1587 2747 ὑπὲρ
1613 2675 1775 2743 φύσιν

199 2757 299 2810 καὶ
349 2762 777 2830 πνευματικῶς*
819 2763 972 2818 ἐνθεν
1023 2783 1105 2818 τοι
1138 2767 1189 2819 οἱ
1235 2765 1508 2836 ὀφθαλμοὶ
1550 2769 1776 2822 ἐκείνων

198 2847 550 2918 ἐκρατοῦντο,
583 2852 678 2906 τοῦ
717 2855 791 2924 μὴ
840 2857 1142 2924 ἐπιγνῶναι
1194 2860 1381 2913 αὐτόν.
1431 2860 1584 2915 Διατί
1618 2860 1676 2918 δὲ
1716 2863 1775 2914 ἐν

201 2941 372 3014 ἑτέρα
419 2947 604 3015 μορφῇ
649 2940 845 3017 ἐφάνη,
898 2931 992 3002 καὶ
1030 2950 1363 3021 ἐκρατοῦντο
1411 2954 1459 3005 οἱ
1509 2952 1776 3022 ὀφθαλμοὶ

205 3032 422 3102 αὑτῶνς
465 3034 583 3088 Ἵνα
610 3037 791 3090 πᾶσαν
826 3037 926 3109 τὴν
951 3040 1307 3104 διστάζουσαν
1338 3043 1517 3096 αὐτῶν
1548 3040 1775 3115 γνώμην

1867 567 2057 622 tertius
2089 565 2209 622 dies
2233 578 2316 621 est
2335 568 2507 623 .hodie
2538 568 2683 636 quod
2717 567 2829 622 haec
2870 565 3011 620 facta
3059 575 3207 620 sunt.
3252 559 3359 617 Sed
3387 574 3443 617 et

1867 660 2378 730 mulieresquwdam
2405 675 2472 714 ex
2512 661 2670 715 nobis
2700 659 2960 714 attonitos
2994 656 3282 712 reddidere
3317 669 3439 717 nos,

1864 773 1984 827 qua:
2007 757 2245 812 diluculo
2272 765 2632 826 pervenerunt
2656 754 2722 807 ad
2761 758 3169 805 monumentum
3197 766 3211 802 :
3249 755 3303 800 et
3333 761 3438 800 non

1866 850 2087 905 invento
2135 864 2361 919 corpore
2396 848 2540 918 ejus,
2595 853 2864 899 venerunt
2897 844 3142 897 dicentes
3179 856 3238 896 se
3275 840 3440 894 etiam

1862 942 2123 997 visionem
2154 941 2465 1013 angelorum
2506 939 2725 1001 vidisse,
2774 935 2865 1006 qui
2917 934 3164 989 dicerent
3201 946 3326 984 eum
3362 929 3442 982 vi-

1865 1046 2013 1087 vere.
2046 1031 2110 1086 Et
2135 1031 2383 1086 abierunt
2433 1028 2649 1099 quidam
2698 1039 2886 1081 eorum
2947 1024 3220 1091 quierant
3259 1020 3443 1073 nobis-

1864 1137 1986 1178 cum
2056 1123 2121 1176 ad
2182 1131 2605 1185 monumentum,
2663 1127 2719 1174 et
2782 1116 2854 1172 ita
2888 1122 3231 1183 repererunt,
3304 1112 3444 1166 sicut

1867 1214 2118 1269 mulieres
2139 1214 2418 1277 dixerant;
2448 1211 2624 1282 ipsum
2656 1223 2782 1265 vero
2803 1221 2911 1263 non
2936 1206 3211 1261 viderunt.
3243 1223 3261 1256 ι
3298 1200 3444 1255 Nun—

1869 1307 2001 1361 nulli
2036 1321 2198 1360 nnnm
2259 1320 2323 1361 ex
2361 1304 2571 1360 duobus
2600 1303 2707 1359 illis
2732 1301 2935 1357 Lucam
2964 1300 3136 1368 ipsum
3164 1295 3331 1351 fuisse
3364 1295 3446 1347 di.-

1869 1409 1998 1454 cnnt
2045 1417 2059 1456 :
2104 1400 2310 1455 idcirco
2366 1407 2419 1453 et
2457 1394 2746 1452 abscondit
2808 1408 3005 1448 nomen
3052 1405 3214 1445 suum
3262 1387 3445 1441 Evan-

1868 1491 2082 1561 gelista.
2134 1489 2517 1560 Loqnebantur
2565 1497 2745 1542 autem
2785 1486 2928 1540 inter
2960 1499 3018 1538 se
3056 1484 3141 1537 isti
3177 1478 3343 1553 592
3377 1478 3444 1532 de

1870 1583 2124 1637 omnibus
2149 1596 2270 1652 quae
2300 1580 2637 1645 acciderant,
2676 1592 2781 1632 non
2826 1584 2882 1630 ut
2920 1573 3227 1635 credentes,
3260 1573 3352 1626 sed
3388 1579 3446 1623 ut

1871 1673 2199 1740 dubitantes,
2249 1684 2302 1727 et
2347 1672 2414 1728 de
2459 1672 2619 1727 rebus
2662 1667 3002 1723 mirabilibus
3047 1672 3444 1733 stnpescentes,

1873 1784 1974 1821 nec
2012 1768 2190 1820 statim
2226 1766 2300 1820 rei
2336 1777 2444 1819 tam
2481 1761 2811 1819 admiranda:
2840 1759 3104 1815 sententia
3150 1771 3246 1812 sita
3292 1770 3450 1809 acce-

1874 1860 2083 1913 dentes.
2123 1857 2282 1913 Jesus
2327 1866 2504 1911 autem
2553 1870 2676 1909 cum
2720 1854 3226 1924 appropinquasset,
3276 1848 3443 1902 simul

1875 1951 1971 2004 ivit
2010 1965 2131 2004 cum
2181 1949 2279 2003 eis.
2331 1945 2625 2017 Spirituale
2673 1954 2728 2000 et
2778 1944 3021 1998 divinum
3068 1956 3272 2011 corpus
3312 1951 3445 1992 tunc

1875 2044 2103 2108 habens,
2137 2056 2242 2095 non
2269 2038 2663 2108 impediebatur
2702 2034 2944 2089 locorum
2986 2030 3305 2091 intervallis,
3339 2042 3448 2098 quo

1873 2141 2055 2194 minus
2081 2135 2294 2189 adesset
2323 2133 2406 2186 bis
2434 2131 2630 2199 quibus
2660 2129 2896 2185 Vttlcbal.
2942 2126 3149 2182 Idcirco
3178 2141 3241 2180 ex
3280 2126 3449 2179 linea-

1874 2226 2072 2283 mentis
2126 2223 2389 2292 corporis,
2438 2223 2491 2276 in
2543 2221 2740 2290 quibus
2799 2228 2923 2273 tunc
2970 2218 3288 2287 apparebat,
3341 2228 3447 2268 non

1874 2313 2322 2387 permittebantur
2351 2322 2645 2381 agnoscere
2670 2308 2842 2361 illum.
2880 2304 3040 2368 Nam,
3077 2305 3215 2359 sicut
3241 2302 3451 2357 Marcus

1876 2405 2071 2476 inquit,
2104 2405 2157 2458 in
2194 2403 2298 2456 alia
2328 2401 2503 2456 forma
2542 2399 2811 2469 apparuit,
2836 2406 2892 2452 et
2937 2397 2989 2451 in
3016 2397 3137 2450 aliis
3159 2396 3456 2451 lineameno

1877 2475 1968 2549 tis.
2016 2493 2132 2549 Non
2185 2494 2328 2547 ultra
2385 2490 2530 2545 enim
2590 2489 2929 2543 naturalibus
2974 2475 3182 2556 legibus
3230 2487 3455 2556 regebat

1876 2602 2094 2658 corpus,
2134 2587 2229 2642 sed
2273 2583 2648 2654 spiritualiter,
2693 2588 2748 2636 et
2792 2595 2956 2648 super
2981 2589 3277 2635 naturam:
3309 2578 3454 2634 unde

1876 2680 2016 2736 oculi
2037 2678 2250 2734 illorum
2280 2678 2607 2730 tenebantur
2635 2688 2701 2727 ue
2721 2679 3080 2743 agnoscerent
3107 2685 3251 2724 eum.
3272 2669 3454 2736 Quare

1878 2782 2058 2826 autem
2087 2769 2140 2823 in
2175 2768 2341 2821 altera
2370 2764 2542 2820 forma
2567 2765 2839 2833 apparuit,
2871 2769 2928 2817 et
2960 2764 3280 2816 tenebantur
3307 2757 3454 2814 oculi

1877 2862 2103 2920 eorum?
2145 2859 2352 2927 Nempe
2401 2867 2461 2912 ut
2506 2857 2814 2925 ambiguam
2866 2853 3191 2909 sententiam
3245 2850 3456 2906 revela-

1879 2964 2021 3020 rent,
2074 2962 2132 3009 ut
2176 2952 2331 3007 ulcus
2391 2950 2729 3020 detegerem,
2787 2964 2851 3002 ac
2895 2949 3246 3016 pharmacum
3285 2942 3457 2998 susci-

1879 3056 2092 3120 perent,
2125 3053 2184 3100 ut
2217 3043 2429 3099 dulcior
2468 3043 2701 3120 eispost
2753 3040 2976 3095 multam
3029 3052 3231 3092 moram
3266 3038 3455 3089 esset:

200 3125 648 3197 ἀνακαλύψωσιν,
692 3130 779 3183 ἵνα
826 3132 886 3184 τὸ
923 3132 1079 3196 ἕλκος
1132 3135 1623 3204 ἁπογυμνὼσωσιν,
1675 3132 1774 3189 είο³

1883 3116 1945 3196 ut
1967 3140 2187 3195 doceret
2226 3151 2293 3192 ex
2323 3133 2470 3189 Mone
2513 3116 2569 3187 οἱ
2614 3132 2912 3202 prophetis,
2943 3145 3006 3184 ac
3042 3138 3170 3184 tunc
3198 3144 3459 3199 agnosce-

208 3216 387 3283 οὕτως
419 3220 481 3273 τὸ
517 3222 808 3292 φάρμακον
859 3224 1214 3290 ὲπιδέξωνται
1239 3242 1255 3257 ·
1303 3228 1390 3281 ἴνα
1438 3229 1644 3296 γλυκὺς
1676 3228 1777 3282 αύ-

206 3318 324 3377 τοῖς
358 3317 498 3386 φανῇ
532 3317 672 3383 μετά
704 3317 805 3389 τὴν
837 3318 1037 3390 πολλὴν
1078 3321 1272 3391 τριϐήν
1298 3339 1311 3352 ·
1346 3322 1433 3376 ἵνα
1457 3322 1642 3395 διδάξῃ
1673 3324 1781 3377 ἀπὸ

204 3404 452 3470 Μωσέως
503 3409 598 3462 καὶ
643 3409 753 3462 τῶν
796 3413 1112 3482 προφητῶν,
1161 3415 1256 3468 καὶ
1284 3414 1404 3468 τότε
1435 3416 1775 3486 ἐπιγνωσθῇ.

205 3500 308 3550 καὶ
340 3498 538 3567 μᾶλλον
568 3500 956 3569 πιστεύσωσιν,
990 3504 1072 3557 ὅτι
1101 3504 1202 3559 οὐκ
1229 3504 1308 3560 ἔτι
1337 3507 1398 3559 τὸ
1426 3505 1583 3577 σῶμα
1613 3507 1781 3560 αὑτοῦ

206 3589 453 3643 τοιοῦτόν
499 3590 671 3657 ἐστιν,
728 3588 840 3647 οἷον
875 3595 1062 3659 ἁπλῶς
1113 3599 1246 3651 πᾶσι
1293 3596 1566 3669 θεωρητὸν
1593 3595 1734 3653 εἶναι
1764 3640 1780 3666 ,

206 3680 330 3733 ἀλλ’
370 3684 417 3734 εί
448 3681 541 3735 καὶ
568 3683 703 3736 αὐτὸ
739 3684 800 3737 τὸ
848 3685 1019 3739 παθὸν
1048 3688 1271 3758 ἀνέστη,
1300 3689 1448 3759 ὅμως
1477 3686 1555 3754 οἷς
1600 3690 1785 3762 βούλε-

209 3790 306 3829 ται
337 3774 629 3843 φαίνεται·
663 3776 965 3846 κερδάνωσί
997 3796 1055 3832 τε
1091 3781 1155 3833 ἐκ
1199 3779 1390 3834 τούτου
1429 3782 1572 3850 μέγα
1606 3800 1678 3849 τι,
1720 3782 1784 3836 τὸ

215 3869 421 3936 μηκέτι
454 3866 851 3940 διαπορεῖσθαι,
896 3873 1041 3933 τίνος
1078 3859 1263 3926 ἕνεκεν
1290 3874 1352 3927 οὐ
1398 3875 1561 3929 πάλιν
1593 3877 1652 3929 ὲν
1685 3876 1784 3944 μέ·
1824 3941 1834 3953 δ

213 3973 334 4019 σοις
361 3959 472 4021 τοῖς
521 3957 714 4027 δήμοις
763 3961 1189 4033 ἀναστρέφεται.
1233 3964 1579 4036 λογιζόμενοι
1620 3968 1701 4020 ὅτι
1747 3968 1780 4037 ή

215 4051 357 4120 μετά
380 4051 479 4121 τὴν
505 4052 801 4106 ἀνάστασιν
832 4054 997 4108 αὑτοῦ
1021 4055 1266 4127 διαγωγὴ
1297 4057 1612 4129 ἀλλοιοτέρα
1645 4060 1783 4125 ἐστὶ,

212 4143 317 4198 καὶ
342 4143 404 4197 οὐ
435 4142 607 4215 κοινὴ,
645 4144 765 4198 οὐδὲ
801 4144 1298 4218 ἁνθρωποπρεπὴς,
1333 4149 1468 4203 ἀλλὰ
1497 4150 1741 4221 θειοτέρα
1768 4168 1784 4185 ⁸

209 4235 240 4288 δ
286 4236 381 4288 καὶ
421 4235 524 4304 τῆς
566 4236 868 4305 μελλούσης
909 4239 1256 4304 ἀναστάσεως
1289 4242 1476 4308 τύπος,
1522 4246 1580 4296 ὲν
1709 4243 1787 4308 ὡς

209 4323 439 4390 ἄγγελοι
471 4324 723 4394 διὰξομεν
774 4327 1000 4380 καὶυῖοὶ
1048 4329 1203 4383 Θεοῦ.
1245 4333 1342 4387 Διά
1386 4332 1560 4386 ταῦτα
1605 4334 1787 4388 τοίνυν

213 4413 550 4483 ἐκρατοῦντο
583 4417 633 4468 οἱ
676 4416 942 4487 ὀφθαλμοὶ
989 4420 1190 4485 αὐτῶν,
1237 4423 1332 4475 τοῦ
1382 4422 1456 4493 μὴ
1490 4424 1788 4491 ἐπιγνῶναι

1889 3245 2058 3297 retur,
2084 3241 2138 3286 et
2170 3229 2340 3300 magis
2364 3226 2593 3282 credant
2622 3226 2762 3292 quod
2791 3237 2990 3292 corpus
3009 3237 3166 3276 suum
3186 3221 3325 3276 ultra
3353 3236 3457 3275 non

1886 3326 1960 3381 sit
2014 3324 2119 3379 tale
2174 3331 2234 3376 ut
2273 3319 2597 3390 simpliciter
2631 3317 2802 3386 possit
2858 3317 2926 3370 ab
2971 3314 3224 3373 omnibus
3262 3312 3456 3367 videri.

1888 3417 2148 3485 Quamvis
2181 3416 2312 3470 illud
2359 3415 2530 3484 ipsum
2559 3413 2699 3481 quod
2727 3426 2947 3482 passum
2980 3417 3084 3472 est,
3115 3405 3413 3463 surrexerit
3440 3422 3457 3459 :

1890 3523 2128 3573 attamen
2187 3507 2384 3578 quibus
2448 3506 2584 3569 vult,
2647 3510 2891 3574 apparet.
2956 3501 3206 3571 Magnum
3280 3508 3459 3552 autem

1891 3601 2147 3673 quiddam
2176 3616 2241 3656 ex
2284 3600 2385 3654 ltoc
2415 3596 2780 3659 lucrifaciant,
2811 3595 2954 3661 quod
2988 3609 3092 3647 non
3130 3592 3269 3646 ultra
3305 3590 3464 3645 dubi—

1892 3704 2028 3760 tant,
2060 3707 2231 3763 quare
2260 3707 2366 3745 non
2395 3691 2592 3744 iterum
2626 3689 2680 3742 iu
2726 3686 2919 3742 mediis
2946 3684 3161 3755 populis
3190 3692 3460 3745 versetur,
3560 3709 3563 3712 ν

1890 3784 2300 3840 considerantes
2321 3778 2823 3850 quod‘conversatio
2847 3785 2966 3846 post
2995 3773 3458 3830 resurrectionem

1892 3890 2047 3930 suam
2082 3874 2240 3941 longe
2268 3872 2370 3925 alia
2405 3871 2496 3936 sit,
2539 3881 2592 3923 et
2627 3885 2731 3923 non
2766 3867 3108 3922 communis:
3146 3880 3248 3918 non
3280 3862 3461 3931 qualis

1895 3965 2199 4029 hominum,
2244 3964 2337 4019 sed
2372 3962 2625 4027 divinior,
2661 3961 2716 4015 in
2759 3969 2943 4031 typum
2982 3958 3176 4013 futurae
3215 3970 3464 4010 resurre-

1893 4056 2109 4116 ctionis,
2153 4056 2206 4109 iu
2249 4069 2356 4125 qua
2409 4054 2552 4109 sicut
2599 4052 2775 4123 angeli
2823 4060 2881 4106 et
2941 4050 3031 4104 ﬁlii
3073 4048 3168 4102 Dei
3219 4045 3465 4102 versabi-

1893 4166 2035 4207 mur.
2085 4148 2314 4218 Propter
2353 4149 2455 4202 boe
2514 4146 2679 4217 igitur
2717 4146 3037 4199 tenebantur
3090 4141 3230 4196 oculi
3272 4155 3463 4195 eorum

1901 4259 1967 4298 ne
2001 4250 2360 4314 agnoscerent
2384 4256 2511 4295 eum
2544 4259 2558 4294 :
2593 4254 2621 4293 a
2649 4239 2848 4309 quibus
2867 4237 3014 4292 enim
3047 4233 3282 4299 volebat,
3311 4231 3465 4287 vide-

1894 4339 2078 4392 batur.
2110 4335 2380 4404 CIcOpbas
2412 4349 2542 4388 vero
2571 4331 2756 4387 comiti
2789 4330 3017 4390 itineris,
3050 4336 3107 4381 ut
3148 4323 3463 4394 apparebat,

1894 4429 2115 4499 objicit:
2150 4447 2169 4479 ι
2205 4426 2286 4480 Tu
2334 4426 2503 4490 solus,
2530 4444 2548 4476 ι
2595 4421 2870 4492 inquiens,
2905 4438 2925 4471 ι
2981 4418 3298 4488 peregrinus
3325 4431 3405 4479 es,
3442 4434 3461 4468 ι

213 4505 384 4563 αὐτόν
409 4523 422 4536 ·
459 4503 539 4570 οἷς
570 4508 677 4578 γὰρ
700 4508 910 4579 ἤθελεν,
941 4512 1174 4582 ἑωρᾶτο.
1238 4515 1297 4567 Ὀ
1330 4514 1386 4568 δὲ
1413 4516 1667 4579 Κλεόπας
1692 4518 1778 4570 καλ

1896 4522 1998 4576 ltoc
2026 4528 2134 4583 est,
2163 4528 2218 4572 ιιι
2247 4517 2395 4572 solus
2424 4532 2489 4571 ex
2521 4515 2604 4569 his
2645 4515 2736 4583 qui
2766 4511 3015 4567 habitant
3057 4511 3109 4562 in
3138 4506 3466 4571 Jerusalem,

212 4599 470 4663 ὀνειδίζει
522 4600 670 4671 αὐτῷ
719 4602 795 4671 τῷ
842 4605 1153 4675 φαινομένῳ
1205 4607 1600 4677 συνοδοιπόρῳ.·
1637 4625 1657 4659 ι
1718 4609 1789 4662 Σὺ

219 4695 405 4765 μόνος,
456 4696 611 4765 φησὶ,
657 4700 981 4766 παροικεῖς;
1025 4717 1043 4750 ι
1093 4699 1213 4751 ἀντὶ
1253 4699 1371 4763 τοῦ,
1427 4701 1499 4754 Σὺ
1540 4702 1700 4769 μόνος
1727 4702 1792 4755 ὲκ

214 4788 331 4840 τῶν
375 4788 646 4841 κατοίκων
679 4787 779 4856 τῆς
819 4788 1177 4861 Ἰερουσαλὴμ
1202 4790 1302 4844 οὐκ
1346 4790 1514 4860 ἔγνως
1545 4794 1611 4844 τὰ
1641 4792 1793 4859 γενό-

217 4896 393 4949 μενα;
431 4880 613 4933 Ἀλλοι
666 4880 722 4934 δὲ
775 4880 859 4942 τὸ,
913 4900 931 4932 ι
991 4885 1299 4953 παροικεῖς,
1352 4902 1370 4933 ι
1429 4881 1600 4947 οὕτως
1639 4884 1794 4953 ἐνόη-

216 4989 325 5024 σιιν
356 4987 370 5003 ο
424 4972 517 5037 Σὺ,
571 4974 756 5042 φησὶν,
809 4972 951 5026 οὕτω
997 4975 1155 5043 μόνος
1205 4976 1510 5045 παροικεῖς,
1555 4974 1650 5028 καὶ
1687 4973 1791 5039 ἔξω

213 5063 329 5116 τῶν
385 5063 546 5132 ὁρίων
602 5067 703 5131 τῆς
779 5063 1135 5135 Ἰερουσαλὴμ
1193 5064 1498 5135 ᾠκισμένος
1563 5061 1633 5129 εἷ,
1694 5068 1790 5120 καὶ

216 5155 489 5224 ἀμέτοχος
518 5157 623 5206 τῶν
670 5156 727 5207 ὲν
774 5157 921 5224 μέσῳ
962 5157 1374 5226 πραττομένων,
1407 5157 1482 5219 ὡς
1518 5157 1592 5227 μὴ
1621 5155 1794 5211 ταῦτα

217 5244 545 5313 γινώσκεινς
579 5246 723 5316 Ὅρα
755 5248 834 5304 δὲ.
883 5248 997 5310 πῶς
1046 5249 1249 5318 μικρὰν
1292 5249 1470 5319 πάντη
1517 5250 1645 5320 περὶ
1695 5247 1792 5302 τοῦ

219 5338 432 5409 Κυρίου
461 5339 727 5410 ὑπόληψιν
756 5336 901 5410 εἶχον
929 5357 941 5369 '
974 5341 1142 5410 ἄνδρα
1173 5344 1282 5412 γὰρ
1313 5343 1599 5412 προφήτην
1632 5343 1794 5397 αὐτὸν

219 5427 529 5496 ὠνόμαζον,
557 5423 668 5483 οἷον
698 5428 907 5492 Ἠλίαν,
938 5429 1148 5497 Ἰησοῦν
1172 5430 1264 5483 τὸν
1301 5429 1397 5483 τοῦ
1425 5430 1600 5498 Ναυῆ,
1637 5430 1670 5502 ἦ
1698 5431 1793 5484 καὶ

219 5520 428 5574 Μωσέα
448 5522 619 5574 εἰπεῖν
638 5537 652 5550 θ
668 5521 891 5575 δυνατὸν
915 5522 972 5572 ὲν
994 5521 1141 5593 ἔργῳ
1166 5524 1259 5576 καὶ
1285 5521 1427 5592 λόγῳ
1447 5540 1461 5553 ·
1494 5521 1710 5594 πρῶτον
1731 5522 1793 5575 τὸ

218 5612 407 5685 ἷργον,
427 5609 589 5668 εἶταό
605 5613 780 5682 λόγος.
800 5613 986 5676 Οὐδεὶς
1006 5614 1115 5684 γὰρ
1126 5614 1282 5683 λόγος
1302 5614 1515 5685 βέϐαιος
1534 5614 1792 5669 διδασκαο

218 5704 396 5767 λικδς,
424 5704 474 5757 εί
518 5703 593 5775 μὴ
640 5704 906 5776 πρότερον
952 5706 980 5758 6
1025 5705 1293 5759 διδάσκων
1323 5707 1563 5777 ἐργάτην
1593 5707 1789 5759 ἑαυτὸν

224 5795 496 5863 ὲκφαίνοι.
541 5796 775 5860 Δυνατὸς
827 5792 921 5850 οὖν
964 5797 1070 5850 ῑτθι
1103 5799 1158 5851 ἐν
1206 5798 1351 5871 ἔργῳ
1399 5799 1633 5868 πρτρτον,
1674 5795 1791 5849 εἶτα

1896 4613 2117 4684 ignoras
2162 4626 2285 4680 qua:
2346 4608 2484 4662 facta
2517 4605 2679 4662 sunt?
2706 4606 3051 4668 Aliiautem,
3090 4621 3111 4653 ι
3150 4604 3470 4671 peregrinus

1897 4719 1981 4767 es,
2014 4721 2033 4755 ι
2067 4702 2149 4759 sic
2192 4701 2536 4770 intelligunt:
2588 4698 2691 4762 Tu,
2721 4696 2918 4764 inquit,
2949 4694 3097 4748 solus
3124 4691 3467 4762 peregrinus,

1896 4806 1951 4851 et
1980 4807 2132 4849 extra
2180 4793 2313 4846 fines
2359 4790 2659 4846 Jerusalem
2706 4787 3041 4843 domicilium
3087 4784 3312 4849 habens,
3360 4797 3467 4839 non

1900 4902 1959 4942 es
1991 4887 2262 4953 particeps
2290 4898 2475 4937 eorum
2518 4896 2638 4951 quae
2669 4880 2721 4934 in
2748 4880 2923 4934 media
2958 4876 3252 4933 Jerusalem
3291 4875 3471 4930 conti-

1898 4986 2115 5049 gerunt,
2167 4983 2228 5029 ut
2274 4975 2389 5028 haec
2448 4972 2701 5042 ignores?
2763 4969 2896 5025 Vide
2957 4977 3137 5022 autem
3199 4967 3469 5034 quomolo

1898 5084 2121 5141 parvam
2167 5065 2389 5120 omnino
2430 5065 2494 5119 de
2542 5056 2781 5117 Domino
2819 5061 3126 5130 Opinionem
3176 5058 3465 5113 habebant.

1900 5162 2091 5217 Virum
2143 5159 2299 5213 enim.
2345 5157 2658 5225 prophetam
2704 5170 2825 5210 eum
2866 5150 3243 5214 nominabant,
3289 5149 3472 5218 qualis

1903 5255 2046 5310 Elias
2088 5251 2284 5314 fuerat,
2319 5249 2405 5303 vel
2439 5249 2600 5304 Jesus
2642 5247 2809 5316 Nave,
2840 5247 2921 5302 vel
2953 5246 3149 5301 Moses.
3186 5246 3469 5300 Potentcm

1902 5345 1955 5399 in
1985 5358 2149 5413 opere
2172 5351 2224 5397 et
2244 5355 2516 5397 sermone.
2544 5338 2778 5392 Primum
2803 5353 2958 5407 opus,
2983 5348 3038 5391 et
3057 5337 3247 5391 deinde
3268 5351 3467 5390 sermo.

1901 5434 2089 5490 Nullus
2133 5433 2277 5488 enim
2308 5444 2489 5486 sermo
2526 5428 2767 5482 dot-toris
2819 5427 3006 5481 ﬁrmus
3035 5436 3141 5493 est,
3183 5426 3286 5481 nisi
3320 5426 3470 5494 prius

1901 5527 2101 5580 docens
2146 5538 2207 5577 se
2262 5520 2523 5575 factorem
2580 5517 2838 5574 declaret.
2892 5516 3092 5573 P0teus
3138 5517 3301 5587 igitur
3349 5524 3467 5571 esto

1901 5616 2133 5683 primum
2175 5613 2228 5666 in
2278 5626 2461 5685 opere,
2509 5611 2705 5666 deinde
2752 5620 2808 5663 et
2847 5609 2998 5664 verbi
3049 5607 3467 5663 sollicitudinem

1902 5704 2116 5759 habeto.
2148 5702 2239 5758 Sic
2278 5712 2340 5775 “et
2369 5700 2509 5757 Deus
2549 5702 2925 5767 cooperabitttr
2965 5699 3085 5755 tibi.
3135 5698 3292 5752 Prius
3323 5696 3466 5751 enim

1901 5811 2052 5867 opus,
2095 5803 2153 5850 ct
2205 5793 2398 5850 deinde
2456 5793 2840 5860 contemplatio
2889 5808 2951 5849 ac
2998 5789 3311 5848 illustratio.
3352 5788 3463 5845 Nisi
