3932 6456
484 343 624 413 1115
1372 350 1961 414 THEOPHYLACTI
2001 352 2415 416 BULGARHZ
2456 358 2811 419 ARCIIIEP.
3582 357 3632 420 ll
3649 360 3703 423 ὶθ

484 455 766 527 speculum
800 454 1178 524 pttriﬂcaveris
1226 456 1276 512 in
1320 458 1505 513 labore
1540 468 1595 515 et
1623 459 1845 523 sudore,
1889 461 2065 514 neuti-

2169 462 2387 516 καὶτὸν
2421 464 2578 533 λόγον
2621 464 2886 528 σπούδαζε
2929 464 3092 536 ἔχειν.
3160 463 3317 518 Οὕτω
3374 466 3467 516 καὶ
3533 468 3562 519 ὁ
3602 471 3718 524 Θεὸς

482 562 645 614 quam
686 548 1025 616 concupitam
1083 548 1539 618 pulchritudinem
1605 552 1656 605 in
1715 553 1935 620 speculo
1970 568 2063 607 su-

2170 560 2496 628 συνεργήσει
2556 574 2658 613 σοι.
2731 559 3003 629 Πρότερον
3078 557 3188 629 γὰρ
3247 559 3282 627 ἡ
3346 558 3562 627 πρᾶξις,
3618 557 3719 617 εἶτα

482 640 699 707 spicies.
763 656 781 691 ι
842 638 986 695 Beati
1022 641 1165 695 enim
1224 642 1422 697 mundo
1461 644 1625 699 corde
1665 642 1732 707 “,
1775 661 1794 696 ι
1826 642 1955 715 [hoc
2007 646 2064 698 iit

2169 646 2372 719 θεωρία
2434 650 2528 702 καὶ
2578 649 2864 720 έλλαμψις.
2928 649 2989 703 Et
3037 648 3114 719 μὴ
3163 648 3225 701 τὸ
3283 647 3589 716 κάτοπτρον
3632 668 3720 704 κι-

486 745 582 798 per
612 728 800 801 Opera]
866 748 885 782 ι
957 732 1086 801 quia
1160 731 1260 801 ipsi
1324 732 1492 787 Deum
1547 732 1847 790 videbunt:
1902 753 1921 788 ι
1977 735 2065 789 hie

2167 738 2413 809 θαρξσεις
2457 742 2516 793 ὲν
2546 741 2694 811 πόνῳ
2733 741 2827 797 καὶ
2877 741 3085 812 ίδρῶτι,
3133 740 3233 794 οὐκ
3259 741 3325 794 ἂν
3367 740 3428 794 τὸ
3469 742 3719 814 ποθοῦμεο

480 824 971 890 cnntemplationis
1031 834 1117 879 est
1194 825 1337 883 linis.
1402 827 1627 895 Oportet
1692 837 1873 882 autem
1942 842 2066 884 esse

2165 849 2257 885 νον
2310 833 2506 897 κάλλος
2560 834 2953 906 κατοπτρίσῃς.
2997 852 3012 886 ι
3061 834 3336 905 Μακάριοι
3386 834 3496 906 γὰρ
3535 836 3586 888 οί
3634 854 3719 890 κα-

488 924 767 985 potentem
824 916 877 970 in
945 932 1109 986 opere
1159 930 1214 972 et
1268 933 1522 974 sermone
1578 934 1762 975 coram
1815 920 1948 984 Deo,
2012 929 2066 975 et

2169 925 2331 996 Oapoi.
2375 930 2442 999 τῇ
2493 928 2710 999 καρδίᾳ,
2750 948 2768 980 ι
2825 927 2985 981 τοῦτο
3030 926 3119 981 διὰ
3171 928 3282 979 τῶν
3322 927 3541 999 ἔργων’
3598 946 3617 980 r
3648 930 3720 983 ὅτι

489 1018 619 1059 tunc
677 1021 862 1061 coram
917 1009 1062 1062 omni
1130 1008 1344 1078 populo.
1410 1009 1568 1064 Prius
1638 1010 1780 1064 enim
1855 1010 2066 1080 placere

2171 1018 2327 1072 αὐτοὶ
2356 1018 2447 1072 τὸν
2480 1019 2614 1073 Θεὸν
2643 1019 2888 1089 ὄψονται,
2919 1038 2938 1069 ι
2981 1018 3139 1071 τοῦτο
3168 1018 3268 1086 τῆς
3297 1018 3532 1089 θεωρίας
3557 1019 3615 1071 τὸ
3641 1022 3719 1074 τέ-

485 1095 652 1170 493
683 1097 939 1152 debemus
984 1100 1109 1161 Deo,
1146 1099 1335 1153 deinde
1368 1099 1543 1153 danda
1577 1114 1740 1169 opera
1791 1108 1849 1154 ιιι
1889 1101 2057 1154 etiam

487 1186 630 1240 inter
661 1200 761 1240 uos
795 1186 912 1240 sine
961 1187 1171 1241 macula
1209 1189 1451 1243 vivamus
1501 1200 1761 1257 quantum
1800 1189 1914 1244 ﬁeri
1969 1205 2064 1260 po-

491 1292 597 1336 test
628 1299 643 1337 :
670 1290 724 1337 et
754 1298 929 1353 neque
961 1284 1014 1339 in
1050 1286 1238 1355 primis
1285 1288 1556 1354 quantodo
1591 1288 1901 1345 hominibus
1951 1290 2066 1357 pla-

489 1388 636 1441 ceas,
667 1374 761 1430 sed
791 1378 1061 1444 quomodo
1090 1379 1294 1432 servias
1324 1380 1452 1443 Deo,
1488 1380 1810 1436 studendum
1845 1399 1859 1435 :
1893 1398 2067 1449 neque

487 1468 774 1524 vivendum
806 1480 865 1524 ut
897 1470 1079 1525 multis
1096 1471 1176 1527 sis
1213 1472 1501 1536 seandalo,
1553 1475 1649 1528 sed
1689 1484 1744 1528 et
1795 1475 1896 1529 hoc
1939 1484 2059 1542 post

489 1559 621 1615 illud
649 1561 1061 1629 providendum,
1082 1563 1222 1629 quod
1250 1573 1304 1616 et
1338 1560 1570 1633 Sapiens
1596 1565 1760 1619 dicit:
1789 1581 1810 1616 ι
1842 1563 2069 1619 Provide

491 1652 632 1708 bona
659 1669 840 1709 coram
865 1654 996 1722 Deo,
1025 1654 1220 1711 deinde
1238 1666 1290 1711 et
1317 1672 1501 1711 coram
1528 1658 1836 1713 hominibus
1856 1658 1925 1712 “.
1958 1677 1977 1710 ι
2006 1658 2066 1714 Et

2169 1665 2312 1727 τέον,
2348 1664 2486 1718 ἀλλᾶ
2536 1667 2630 1719 καὶ
2673 1666 2865 1719 τούτου
2918 1664 3037 1736 μετ’
3082 1665 3328 1727 ἐκείνους
3377 1663 3720 1734 προνοητέονο

489 1740 691 1799 Paulus
725 1745 866 1800 istuc
893 1744 1064 1815 ipsum
1095 1746 1245 1801 dicit.
1283 1765 1302 1799 ι
1341 1746 1451 1803 Nos
1483 1759 1660 1802 autem
1693 1750 2064 1817 Sperabamus,

2169 1755 2198 1808 ὃ
2233 1757 2322 1808 καὶ
2353 1757 2521 1823 Σοφός
2553 1773 2706 1825 φησι·
2757 1776 2773 1809 ι
2817 1756 3051 1826 Προνοοῦ
3100 1756 3241 1809 καλὰ
3292 1753 3527 1808 ἐνώπιον
3569 1752 3722 1819 Θεοῦ,

489 1835 701 1904 inquit,
735 1837 880 1907 quod
926 1837 1040 1908 ipse
1071 1847 1216 1893 esset
1260 1840 1638 1909 redempturus
1668 1839 1856 1897 Israel.
1899 1844 2061 1909 Quasi

2171 1846 2290 1901 εἶτα
2338 1850 2431 1901 καὶ
2483 1847 2819 1919 ἀνθρώπων
2879 1868 2899 1902 ι
2955 1849 3053 1901 καὶ
3106 1849 3317 1911 Παῦλος
3382 1846 3540 1900 τοῦτο
3586 1846 3721 1899 αὖτέ.

487 1924 731 1981 frustrati
766 1942 862 1997 spe
888 1927 1072 1983 dicunt
1102 1945 1117 1983 ι
1168 1929 1278 1985 Nos
1310 1931 1663 2000 sperabamus
1689 1933 1832 2001 quod
1871 1936 1985 2003 ipse
2011 1942 2066 1991 et

2173 1960 2191 1992 ι
2237 1938 2426 2011 ’ίίμεῖς
2447 1940 2503 1993 δὲ
2526 1938 2846 2010 ἠλπίζομεν,
2875 1941 3062 2010 ςδησὶν,
3089 1940 3171 1993 ὅτι
3202 1939 3362 2002 αὐτός
3393 1939 3537 1991 ἐστιν
3564 1939 3592 1991 ὁ
3610 1937 3722 2007 μέλ·

490 2017 629 2073 alios
662 2018 969 2076 salvaturus
995 2032 1142 2077 esset
1171 2038 1189 2077 :
1231 2038 1356 2077 ecce
1390 2039 1569 2094 neque
1611 2028 1848 2096 seipsnm
1883 2041 2066 2081 serva-‘-

2167 2034 2273 2086 λων
2307 2032 2633 2105 λυτροῦσθαι
2664 2032 2756 2086 τὸν
2795 2031 3030 2103 Ἰσραήλ.
3073 2050 3091 2083 ι
3141 2031 3367 2102 Ὠπερεὶ
3393 2028 3717 2099 διαψευσθένέ

494 2112 595 2166 vit.
645 2111 797 2167 Adeo
828 2113 974 2167 molli
1005 2125 1162 2169 erant
1210 2117 1389 2169 animo
1422 2126 1474 2170 et
1512 2133 1697 2188 parum
1743 2118 1951 2175 ﬁdenti.
1999 2121 2066 2175 Et

2166 2142 2257 2188 τες
2295 2125 2401 2178 τῶν
2444 2125 2705 2191 ἐλπίδων,
2747 2123 2891 2177 οὕτω
2940 2123 3136 2191 φασίψ
3200 2122 3395 2191 Ἡμεῖς
3441 2118 3716 2189 ἠλπίζομεν

490 2217 660 2273 prope
699 2206 888 2260 eadem
916 2205 1167 2262 dicebant
1202 2224 1321 2278 qua:
1370 2210 1443 2263 illi
1499 2211 1551 2265 in
1601 2227 1761 2268 cruce
1819 2232 1834 2267 :
1910 2216 2056 2269 Alios

2167 2219 2248 2272 ὅτι
2282 2218 2443 2281 αὐτὸς
2477 2218 2571 2271 καὶ
2621 2215 2814 2280 ἄλλους
2847 2215 3045 2279 σώσει,
3096 2213 3190 2267 καὶ
3225 2213 3336 2268 ἰδοὺ
3389 2212 3510 2266 οὐδὲ
3546 2209 3711 2266 ἑαυτὸν

490 2295 752 2361 servavit,
782 2295 1022 2367 seipsum
1059 2315 1164 2353 non
1200 2311 1375 2369 pmest
1404 2317 1645 2359 scrvare.
1683 2302 1807 2359 Ideo
1844 2315 1899 2361 et
1932 2308 2065 2363 insi-

2167 2312 2368 2365 ἔσωσεν
2389 2327 2403 2340 ⁸
2448 2310 2621 2373 οὕτως
2658 2310 2897 2377 ἀγεννῶς
2929 2310 3025 2362 καὶ
3054 2307 3297 2371 ἀπίστως
3331 2303 3496 2378 εἶκον.
3534 2307 3710 2361 Morm-

491 2384 703 2453 pientes
736 2400 830 2441 eos
862 2396 1052 2453 vocat,
1082 2398 1137 2443 et
1172 2392 1358 2444 tardos
1415 2393 1482 2445 ad
1521 2395 1874 2450 credendum.
1925 2395 2066 2463 Quid

2166 2404 2288 2474 ουχὶ
2330 2403 2437 2474 γὰρ
2483 2403 2668 2457 ἐκεῖνα
2712 2402 2915 2470 ἔλεγον,
2959 2401 2994 2455 ἃ
3024 2400 3119 2453 καὶ
3159 2400 3210 2453 οῖ
3240 2399 3331 2453 ἐπὶ
3363 2397 3459 2452 τοῦ
3490 2397 3708 2468 σταυροῦ.

489 2486 668 2533 autem
705 2488 786 2534 est
834 2479 1024 2534 redimi
1062 2479 1269 2537 Israel?
1300 2482 1552 2539 Diximus
1591 2489 1733 2555 quod
1783 2487 2064 2544 Christum

2177 2516 2198 2549 ι
2241 2497 2472 2560 Ἄλλους
2507 2496 2747 2557 ἔσωσεν,
2782 2492 2976 2549 ἑαυτὸν
3023 2493 3084 2545 οὐ
3115 2492 3338 2546 δύναται
3375 2490 3560 2544 σῶσαι·
3595 2491 3707 2543 »Διὶ

489 2571 879 2641 exspectabant
894 2564 1142 2642 vitlgares
1158 2584 1211 2629 et
1239 2576 1415 2631 minus
1438 2579 1719 2633 exercitati
1743 2580 2065 2637 saltmtoretn

488 2670 545 2715 et
580 2662 976 2732 redemptorem
1012 2682 1040 2718 a
1075 2668 1230 2722 malis
1261 2683 1382 2736 quae
1420 2669 1501 2723 eis
1540 2669 1914 2737 imminebant,
1945 2682 2001 2726 et
2036 2690 2065 2727 a

485 2751 614 2823 iugo
625 2754 898 2808 servitutis
919 2755 1302 2822 llomanornm,
1322 2759 1716 2830 sperabantque
1735 2776 1856 2814 eum
1878 2778 2068 2831 regna-

493 2857 677 2903 turum
726 2858 782 2904 ut
818 2864 996 2920 regem
1024 2857 1298 2906 terrenum
1339 2870 1353 2908 :
1391 2853 1513 2908 ideo
1543 2864 1598 2908 et
1649 2854 1867 2918 dicunt,
1903 2874 1922 2906 ι
1960 2855 2068 2910 Nos

489 2941 844 3010 sperabamus
880 2941 1021 3011 quod
1059 2942 1176 3014 ipse
1218 2944 1591 3014 redempturus
1624 2956 1769 3001 esset
1802 2946 2005 3010 Israel,
2041 2968 2059 3001 ι

489 3029 741 3087 videlicet
767 3046 797 3085 a
830 3032 1120 3102 gentilibus
1149 3033 1429 3099 Romanis.
1458 3039 1525 3102 Let
1560 3036 1674 3106 ipse
1722 3052 1896 3107 neque
1924 3038 2068 3109 inju-

490 3130 631 3178 stam
665 3124 993 3179 seutentiam
1031 3136 1220 3181 contra
1245 3141 1302 3199 se
1338 3126 1497 3182 latam
1526 3127 1733 3198 eﬂ'ugit.
1772 3148 1791 3183 ι
1820 3130 1886 3185 Ει
1910 3132 2069 3187 hodie

494 3216 690 3271 tertius
716 3217 832 3272 dies
861 3226 975 3284 est,
1008 3228 1064 3273 et
1115 3220 1365 3276 mulieres
1416 3230 1726 3278 terruerunt
1769 3238 1906 3288 nos,
1955 3243 1974 3277 ι
2012 3234 2067 3279 et

498 3314 717 3363 caetera.
760 3307 887 3364 "me
913 3311 1068 3379 quissi
1109 3310 1416 3369 dubitantes
1462 3313 1649 3369 dicunt
1681 3331 1697 3369 :
1737 3325 1790 3370 et
1821 3316 2069 3373 videntur

2167 1109 2278 1172 λος.
2303 1112 2395 1163 Δεῖ
2418 1109 2475 1163 δὲ
2506 1107 2645 1164 εἶναι
2676 1111 2902 1164 δυνατὸν
2933 1111 2994 1162 ὲν
3021 1108 3166 1181 ἔργῳ
3199 1110 3293 1163 καὶ
3323 1109 3470 1180 λόγῳ
3499 1113 3719 1167 ἐναντίον

2167 1202 2261 1256 τοῦ
2296 1202 2455 1269 Θεοῦ,
2487 1204 2581 1257 καὶ
2610 1203 2732 1257 τότε
2766 1202 3010 1258 ἐναντίον
3038 1204 3238 1267 παντὸς
3269 1202 3367 1257 τοῦ
3394 1203 3551 1257 λαοῦ.
3583 1205 3718 1275 [ipa-

2166 1313 2258 1350 τον
2288 1295 2396 1367 γὰρ
2432 1294 2687 1366 ἀρεστέον
2718 1295 2857 1368 Θεῷ,
2885 1290 3001 1348 εἶτα
3028 1297 3122 1350 καὶ
3147 1294 3207 1349 re
3235 1293 3718 1365 ἀμώμητονσπου-

2167 1387 2392 1440 δαστέον
2423 1387 2557 1458 πρὸς
2589 1387 2930 1457 ἀνθρώπους,
2965 1388 3040 1451 ὼς
3073 1387 3138 1441 ἂν
3174 1388 3431 1458 ἐγχωρῇ·
3471 1386 3567 1446 καὶ
3602 1388 3719 1456 μήτε

2169 1482 2267 1545 τὴν
2297 1478 2820 1550 ἀνθρωπαρέσκειαν
2861 1479 3249 1550 προτιμητέον,
3289 1477 3426 1532 ἀλλά
3475 1477 3577 1547 τὴν
3618 1477 3721 1530 Oso-

2171 1571 2421 1625 σέϐειαν·
2461 1574 2597 1642 μήτε
2630 1575 2768 1642 πρὸς
2796 1574 2856 1626 τὸ
2883 1572 3177 1627 σκάνδαλον
3207 1573 3316 1627 τῶν
3366 1571 3577 1626 πολλῶν
3608 1570 3720 1641 βιαιο

2170 2597 2264 2649 καὶ
2305 2595 2564 2665 ἀνοήτους
2592 2593 2790 2652 αὐτοὺς
2820 2589 3117 2652 ἀποκαλεῖ,
3143 2588 3236 2641 καὶ
3261 2586 3477 2659 βραδεῖς
3530 2586 3613 2640 τοῦ
3637 2603 3707 2636 τι-

2170 2686 2414 2739 στεύεινο
2466 2685 2521 2739 τί
2565 2685 2622 2738 δέ
2674 2685 2788 2737 ἔστι
2840 2681 3000 2736 τοῦτο
3039 2681 3118 2743 τὸ,
3173 2699 3191 2732 ι
3257 2678 3590 2750 Δυτροῦσθαι
3634 2680 3705 2730 τίν

2181 2777 2425 2849 Ἰσραήλς
2454 2797 2474 2831 ι
2507 2776 2785 2846 Διατρόρως
2803 2775 3050 2842 εἴπομεν,
3081 2774 3162 2826 ὅτι
3187 2771 3278 2825 τὸν
3305 2770 3537 2841 Χριστὸν
3559 2785 3696 2837 προσ-

2165 2870 2366 2929 εδόκων
2399 2869 2447 2922 oi
2478 2868 2572 2920 τοῦ
2618 2864 2773 2931 λαοῦ,
2839 2865 2935 2918 καὶ
2972 2862 3046 2933 μὴ
3072 2860 3481 2937 ἀκριϐέστεροι,
3513 2859 3702 2927 σωτῆρι

2170 2962 2264 3014 καὶ
2299 2957 2580 3029 λυτρωτὴν
2626 2956 2736 3011 τῶν
2780 2954 3151 3025 ἐπικειμένων
3180 2953 3365 3014 αὐτοῖς
3405 2952 3596 3013 κακῶν,
3625 2952 3701 3004 καὶ

2174 3053 2269 3108 τοῦ
2298 3049 2468 3119 ζυγοῦ
2498 3050 2599 3119 τῆς
2633 3047 2878 3109 δουλείας
2901 3046 2994 3117 τῆς
3026 3045 3131 3099 ὑπὸ
3171 3044 3485 3115 Ῥωμαίων·
3515 3042 3597 3097 καὶ
3623 3041 3702 3112 βα-

2096 3177 2141 3240 c
2176 3142 2446 3197 σιλεύσειν
2492 3140 2549 3194 δὲ
2583 3139 2750 3194 αὐτὸν
2786 3136 3031 3206 ἐπίγειον
3067 3134 3350 3207 βασιλείαν
3376 3132 3703 3240 ἠλπιςονοξιρ

2170 3236 2265 3290 καί
2290 3251 2474 3305 φασιν,
2494 3228 2581 3288 ὅτι
2611 3230 2802 3302 Ἡμεῖς
2829 3226 3151 3299 ἠλπίζομεν,
3175 3227 3259 3281 ὅτι
3282 3226 3380 3279 καὶ
3406 3225 3496 3278 τδν
3524 3223 3703 3294 Ἰσραὴλ

2171 3326 2278 3378 ἀπὸ
2304 3323 2415 3378 τῶν
2445 3320 2673 3376 ὲθνικῶν
2715 3318 3006 3390 Ῥωμαίων
3047 3316 3209 3380 αὐτὸς
3252 3313 3607 3388 λυτρὼσεται,
3631 3314 3705 3366 καὶ

2168 3409 2323 3477 οὗτος
2362 3413 2483 3466 οὐδὲ
2532 3410 2631 3483 τὴν
2679 3409 2865 3465 ἄδικον
2915 3408 3002 3462 ἐπ’
3059 3406 3210 3478 αὐτῷ
3259 3407 3441 3477 ψῆφον
3488 3404 3704 3475 ἐξέφυγε.

2179 3525 2198 3559 ι
2241 3505 2354 3559 Καὶ
2397 3502 2503 3574 μὴν
2554 3502 2649 3555 καὶ
2690 3500 2881 3572 τρίτην
2909 3500 3125 3571 ἡμέραν
3170 3498 3299 3569 ἄγει
3338 3498 3587 3568 σήμερον,
3629 3496 3708 3550 καὶ

2168 3600 2425 3668 γυναῖκες
2465 3594 2763 3664 ἐξέστησαν
2813 3594 2994 3664 ἡμᾶς,
3025 3610 3045 3644 ι
3101 3594 3197 3644 καὶ
3242 3591 3312 3645 τὰ
3370 3591 3514 3661 ἑξῆς.
3553 3587 3707 3641 Ταῦτα

2168 3690 2411 3761 ὡσπερεὶ
2459 3687 2849 3756 διαποροῦντές
2901 3701 3084 3755 φασι·
3148 3685 3244 3739 καὶ
3293 3684 3504 3739 ἐοίκασί
3554 3698 3632 3754 μοι
3665 3681 3707 3734 οἱ

2169 3784 2362 3851 ἄνδρες
2408 3783 2467 3834 έν
2513 3780 2680 3851 πολλῇ
2715 3777 3186 3848 ἀμφιγνωμοσὺνῃ
3234 3770 3407 3837 εἶναι,
3457 3774 3548 3828 καὶ
3592 3772 3705 3843 μήτε

2171 3873 2377 3944 σφόδρα
2425 3872 2695 3935 ἀπιστεῖν,
2740 3871 2879 3940 μήτε
2923 3867 3127 3937 σφόδρα
3165 3865 3463 3920 πιστεύειν.
3514 3864 3582 3918 Τὸ
3625 3863 3706 3931 μὲν

496 3400 628 3454 mihi
657 3401 756 3455 viii
790 3401 843 3456 in
872 3402 1027 3456 valde
1059 3403 1310 3474 ambigua
1343 3419 1464 3460 esse
1491 3407 1783 3472 sententia,
1808 3418 1860 3461 et
1896 3424 2069 3480 neque

492 3491 651 3548 valde
680 3493 1019 3559 discredere,
1056 3509 1230 3562 neque
1260 3502 1407 3552 recte
1445 3497 1690 3553 credere.
1743 3500 1949 3554 Etenim
1984 3502 2068 3556 di-

496 3585 672 3641 cendo
720 3602 737 3641 :
793 3604 814 3639 ι
873 3586 1238 3657 Sperabamtts
1291 3589 1435 3657 quod
1495 3593 1874 3662 redempturus
1930 3604 2070 3650 esset

497 3678 696 3745 Israel,
734 3698 754 3732 ι
792 3679 1228 3737 incredulitatem
1272 3682 1513 3739 indicant
1548 3702 1563 3740 :
1599 3687 1742 3756 quod
1769 3698 1948 3745 autem
1989 3691 2068 3744 di-

494 3778 626 3828 cunt
656 3787 776 3828 esse
820 3774 960 3829 diem
1017 3775 1272 3842 tertium,
1309 3775 1585 3832 hominum
1619 3789 1705 3835 est
1757 3782 1851 3850 qui
1894 3774 2070 3852 'prope

495 3862 849 3918 recordentur
881 3865 1025 3933 quod
1061 3864 1259 3921 dixerit
1289 3868 1369 3921 eis
1405 3883 1421 3921 :
1478 3886 1498 3920 ι
1544 3868 1641 3924 Die
1679 3871 1838 3926 tertia
1886 3888 2070 3929 resur-

493 3969 679 4026 3am.»
720 3956 784 4011 Et
805 3959 949 4026 quod
981 3958 1131 4023 dicit,
1159 3977 1178 4011 ι
1218 3958 1610 4017 Exterruerunt
1640 3978 1760 4030 nos,
1796 3983 1814 4017 ι
1850 3964 1953 4021 hoe
1992 3966 2068 4021 si-

492 4055 657 4115 gnat,
703 4047 845 4117 quod
905 4048 1254 4104 incredulitas
1323 4067 1510 4107 eorum
1584 4056 1944 4111 concutiatur.
2005 4057 2070 4111 Et

470 4138 718 4192 'omniuo
739 4139 783 4193 si
810 4141 1222 4197 considerentur
1253 4158 1550 4213 sermones,
1579 4146 1797 4202 humani
1821 4157 1944 4204 sunt
1965 4189 1980 4214 ,
2014 4159 2069 4206 et

495 4242 744 4296 magnam
797 4229 1189 4297 dubitationem
1244 4234 1476 4301 habent,
1530 4244 1585 4289 et
1619 4236 1894 4293 hominum
1929 4255 2068 4309 per-

495 4316 777 4388 plexorum
807 4328 862 4373 et
896 4322 1260 4389 ignorantium
1290 4326 1416 4393 quid
1453 4337 1614 4397 agant
1645 4339 1865 4398 propter
1892 4346 2066 4386 resur-

2169 4330 2321 4387 εἶπεν
2361 4333 2572 4395 αὐτοῖς’
2601 4349 2620 4381 ι
2655 4330 2733 4398 Τῇ
2762 4327 2922 4399 τρίτῃ
2943 4325 3126 4397 ἡμέρᾳ
3159 4326 3554 4417 ἀναστήσομαι.
3581 4341 3599 4373 ι
3621 4321 3711 4417 nisi

496 4409 756 4465 rectionis
781 4412 1119 4468 miraculum.
1166 4433 1186 4467 ι
1236 4417 1503 4473 Abierunt
1532 4429 1749 4485 autem,
1798 4440 1817 4473 ι
1856 4423 2063 4492 inquit,

2167 4426 2247 4490 τὸ,
2275 4442 2292 4475 ι
2316 4424 2640 4488 Ὲξέστησαν
2658 4420 2825 4491 ἡμᾶς,
2852 4437 2870 4468 ι
2901 4416 3139 4472 τοιοῦτον
3166 4433 3218 4468 τι
3237 4414 3509 4485 ἐμφαίνει,
3527 4409 3711 4482 φημὶίὴ

500 4519 522 4555 ι
559 4502 775 4571 quidam
793 4517 859 4558 ex
894 4505 978 4561 his
1007 4508 1095 4575 qui
1124 4516 1250 4562 sunt
1287 4509 1565 4566 nobiscum
1599 4529 1613 4566 :
1647 4530 1667 4565 ι
1714 4514 1796 4567 Vel
1840 4513 2060 4571 Petrum

2166 4518 2227 4570 τὸ
2246 4516 2341 4587 τὴν
2362 4512 2618 4567 ἀπιστίαν
2640 4511 2816 4565 αὐτῶν
2838 4505 3290 4563 ὑποσαλεύεσθαι.
3334 4507 3512 4565 ὐλως
3537 4502 3587 4557 δὲ
3611 4515 3710 4553 σκο-

2170 3963 2278 4035 γάρ
2314 3964 2508 4023 εἰπεῖν,
2562 3964 2644 4015 ὅτι
2690 3959 3021 4030 Ἦλπίξομεν
3064 3958 3147 4011 ὅτι
3191 3956 3354 4020 αὑτός
3399 3957 3539 4009 ἐστιν
3579 3954 3709 4007 619-

2168 4057 2512 4129 τρωσόμενος
2544 4052 2635 4108 τὸν
2679 4051 2925 4123 Ἰσραὴλ,
2975 4049 3237 4105 ἀπιστίαν
3283 4049 3632 4102 ὲνδείκνυταν
3659 4046 3711 4098 τὸ

2170 4151 2227 4204 δὲ
2257 4149 2460 4216 λέγειν,
2493 4149 2577 4201 ὅτι
2614 4145 2819 4217 Τρίτην
2862 4142 3066 4211 ταύτην
3100 4141 3316 4213 ἡμέραν
3346 4142 3494 4209 ἄγει,
3531 4136 3711 4209 ἀνθρὼ-

2170 4258 2289 4294 πων
2323 4240 2470 4292 ἐστὶν
2504 4238 2673 4307 ἐγγὺς
2719 4236 2889 4289 ὅντων
2920 4234 3015 4286 τοῦ
3062 4232 3603 4303 ἀναμιμνήσκεσθαι.
3642 4229 3710 4282 ὅτι

494 4596 666 4650 solum
695 4596 845 4659 dicit.
877 4598 961 4653 vel
995 4598 1212 4655 Petrum
1243 4612 1297 4655 et
1320 4600 1611 4660 Joannem.
1646 4605 1711 4659 Et
1738 4607 1865 4663 hinc
1896 4610 2067 4662 mani-

494 4688 689 4742 festum
727 4690 871 4759 quod
917 4706 1039 4759 qua:
1076 4692 1164 4747 alii
1198 4692 1301 4749 late
1355 4696 1577 4764 dicunt,
1623 4699 1713 4752 alii
1747 4702 2071 4770 compendio

496 4778 735 4843 tradunt,
766 4789 822 4835 et
850 4788 1163 4837 transcursu
1196 4795 1494 4841 transeunt.
1528 4790 1893 4845 Ambitionem
1924 4795 2069 4847 enim

492 4868 643 4925 Petri
692 4880 745 4924 et
777 4869 1005 4928 Joannis
1053 4874 1119 4927 ad
1172 4876 1517 4945 sepulcrum,
1553 4877 1789 4936 Joannes
1827 4882 2069 4949 pluribus

495 4960 807 5030 complexus
831 4976 936 5028 est,
964 4964 1051 5019 hic
1069 4975 1246 5019 autem
1271 4968 1463 5038 paucis
1486 4972 1814 5027 mentionem
1842 4973 2065 5039 faciens,

489 5053 656 5108 etiam
690 5057 909 5111 nomina
936 5060 1220 5126 praeteriit.

490 5143 641 5229 ἄλλοι
665 5149 940 5219 συντόμως
989 5152 1084 5206 καὶ
1107 5154 1473 5226 ὲπιδρομάδην
1495 5156 1821 5227 διέρχονται.
1847 5158 2063 5229 Ὥσπερ

2174 4607 2275 4661 πού
2286 4623 2436 4677 μενοι
2462 4607 2510 4657 οί
2545 4604 2714 4671 λόγοι,
2744 4600 3076 4672 ἀνθρώπινοι
3098 4597 3174 4668 τῷ
3235 4597 3348 4650 ὄντι
3372 4596 3505 4658 εἰσὶ,
3533 4592 3614 4644 καὶ
3640 4605 3711 4641 ze-

2167 4701 2265 4754 λὺν
2290 4700 2383 4753 τὸν
2421 4696 2717 4764 δισταγμὸν
2745 4693 2989 4761 ἔχοντες,
3016 4690 3111 4744 καὶ
3140 4684 3250 4743 οἷον
3282 4682 3708 4757 ὲπαπορουμένων

2169 4793 2266 4846 καὶ
2293 4787 2718 4859 ἀμηχανούντων
2750 4784 2837 4837 διὰ
2867 4783 2927 4837 τὸ
2974 4784 3073 4851 τῆς
3106 4780 3454 4841 ἀναστάσεως
3486 4775 3705 4840 ἐξαίσιον.

2171 4904 2190 4935 ε
2243 4880 2506 4950 ’Λπῆλοον
2549 4878 2626 4940 δὲ,
2658 4875 2813 4945 φασὶ,
2843 4874 2986 4937 τινὲς
3014 4874 3122 4926 τῶν
3156 4872 3253 4925 σὺν
3297 4872 3451 4941 ἡμῖν.
3490 4887 3509 4920 ι
3544 4866 3607 4919 Ἦ
3635 4863 3706 4914 τὸν

2165 4974 2372 5043 Πέτρον
2408 4970 2567 5041 μόνον
2623 4968 2806 5037 φησὶν,
2858 4964 2893 5035 ἦ
2925 4964 3017 5017 τὸν
3067 4964 3274 5032 Πέτρον
3311 4963 3408 5013 καὶ
3480 4957 3703 5023 ῐωάννην.

2160 5062 2472 5119 Κάντεῦθεν
2515 5061 2697 5131 δῆλον,
2747 5059 2832 5112 ὅτι
2882 5056 2918 5111 ἃ
2971 5053 3218 5118 πλατέως
3255 5053 3432 5122 ἕτεροι
3474 5051 3703 5119 λέγουσιν.

2100 5154 2194 5212 οὖν
2247 5157 2343 5211 καὶ
2392 5154 2494 5226 τὴν
2558 5153 2654 5206 ὲπὶ
2723 5150 2785 5205 τὺ
2840 5150 3103 5220 μνημεῖον
3158 5148 3341 5214 ἄφιξιν
3393 5143 3586 5213 Πέτρου
3627 5136 3703 5191 καὶ

495 5220 768 5301 Ἰωάννου.
791 5242 822 5294 ὁ
859 5241 957 5309 μὲν
997 5220 1934 5321 Ἰωάννης,πλατῦτερονῦιεξῆλθεῃ
1965 5220 2118 5316 οὗτος
2153 5251 2233 5316 δὲ,
2266 5220 2464 5316 ὀλίγων
2498 5240 2880 5314 ἐπιμνησθεὶς.
2908 5235 3203 5306 ἀνωνύμως
3241 5232 3538 5303 παρῆλθενσ

562 5329 728 5386 Vetts.
757 5331 946 5389 25-35.
984 5352 1004 5387 ι
1045 5334 1114 5389 Ει
1154 5336 1271 5407 ipse
1297 5338 1432 5392 dixit
1462 5341 1528 5393 ad
1561 5355 1654 5394 eos
1686 5357 1699 5394 :
1750 5342 1794 5395 Ο
1822 5343 1969 5395 stulti
2007 5354 2064 5397 et

491 5420 632 5475 tardi
666 5422 830 5475 corde
879 5424 950 5477 ad
986 5426 1324 5481 credendum
1356 5429 1410 5482 in
1449 5429 1703 5484 omnibus
1732 5445 1851 5499 quae
1901 5431 2061 5488 luenti

493 5521 617 5571 sunt
644 5513 919 5584 prophetat
943 5517 956 5570 !
1004 5516 1190 5573 Nonne
1216 5519 1331 5573 haec
1360 5523 1597 5590 oportuit
1624 5523 1730 5591 pati
1759 5524 2060 5591 Christum,

494 5612 549 5661 et
575 5603 778 5660 intrare
809 5606 862 5660 in
891 5605 1116 5675 gloriam
1144 5611 1333 5665 suam?
1361 5610 1426 5666 Et
1481 5628 1704 5670 exorsus
1744 5632 1771 5669 a
1821 5616 1963 5672 Mose
2008 5629 2060 5673 et

571 5789 617 5831 "
643 5787 830 5847 Matth.
856 5802 909 5855 v,
943 5785 997 5843 8.
1074 5788 1120 5821 “
1165 5788 1206 5845 ll
1242 5789 1366 5845 Cor.
1400 5806 1517 5858 vui,
1552 5757 1642 5847 ‘21..

2249 5359 2269 5393 ι
2315 5315 2423 5393 καὶ
2455 5337 2618 5399 αὐτὸς
2655 5331 2778 5389 εἶπε
2846 5334 2983 5404 πρὸς
3034 5329 3258 5391 αὐτούς·
3297 5324 3369 5381 Ὦ
3405 5323 3603 5391 ἀνόητοι
3626 5315 3701 5371 καὶ

2173 5433 2387 5505 βραδεῖς
2417 5433 2484 5502 τῇ
2515 5428 2714 5500 καρδίᾳ
2742 5424 2836 5479 τοῦ
2873 5423 3149 5476 πιστεύειν
3173 5419 3268 5473 ἐπὶ
3292 5419 3475 5478 πᾶσιν,
3504 5406 3576 5475 οἷς
3597 5407 3700 5505 ἐλα-

2168 5500 2340 5597 λήσαν
2387 5524 2437 5577 οί
2475 5500 2791 5592 προφῆται,
2848 5516 2970 5586 οὐχὶ
3024 5513 3198 5567 ταῦτα
3256 5512 3367 5565 ἔδει
3421 5500 3698 5597 παθεῖν

2171 5591 2424 5690 Χριστὸν,
2469 5591 2562 5669 καὶ
2599 5609 2859 5665 εἰσελθεῖν
2909 5610 2987 5672 εἰς
3036 5607 3134 5679 τὴν
3176 5604 3336 5671 δόξαν
3381 5599 3567 5665 αὖτοῦ;
3611 5591 3696 5649 Καὶ
