3932 6456
153 379 295 447 ΗΠ

842 384 1282 446 ENARRATIO
1320 384 1401 445 IN
1440 383 1740 446 EVANGE

1846 384 1940 446 3M
1980 387 2215 450 LUCE.
2252 414 2319 424 —
2347 389 2502 449 CAP.
2542 390 2749 452 XXIV.

3265 380 3399 445 1118

151 490 461 563 ἀρξάμενος
494 492 600 546 ἀπὸ
634 494 895 561 Μωσέως,
928 500 1022 548 καὶ
1055 495 1162 549 ἀπὸ
1209 495 1430 550 πάντων
1463 494 1572 548 τῶν
1599 511 1728 564 προ·

1846 498 2090 552 omnibus
2123 498 2419 569 prophetis,
2451 499 2905 570 interpretabatur
2937 497 3043 553 illis
3067 495 3120 550 in
3154 494 3403 549 omnibus

153 583 373 656 φητῶν,
404 584 767 657 διηρμήνευεν
794 587 980 649 αὑτοῖς
1008 589 1065 640 ἐν
1095 587 1297 649 πάσαις
1335 586 1457 648 ταῖς
1488 583 1733 657 Γραφαῖς

152 678 228 732 τὰ
260 678 395 749 περὶ
443 677 659 733 ἐαυτοῦ.
715 679 826 733 Καὶ
881 679 1118 751 ἤγγισαν
1153 680 1233 742 είς
1286 678 1385 749 τὴν
1425 678 1620 749 κώμην
1672 670 1734 731 οὗ

156 772 511 843 ἐπορεύοντο.
568 771 681 825 Καὶ
726 772 888 843 αὑτὸς
961 763 1342 843 προσεποιεῖτο
1400 768 1737 842 πορρωτέρω

156 863 510 933 πορεύεσθαι.
561 865 673 919 Καὶ
744 864 1146 935 παρεὸιάσαντο
1203 864 1386 927 αὑτὸν,
1460 864 1733 931 λέγοντεςο

154 955 359 1009 Μεῖνον
395 955 516 1025 μεθ’
549 955 729 1027 ἡμῶν,
766 957 849 1010 δτι
898 955 1034 1024 πρὸς
1067 956 1308 1026 ἐσπέραν
1345 956 1479 1019 ἐστὶ,
1517 955 1612 1008 καί⁵
1644 953 1740 1007 κέ-

154 1046 347 1099 κλικεν
375 1046 409 1117 ἠ
439 1046 652 1117 ἡμέρα·
683 1046 780 1100 καὶ
811 1045 1032 1114 εἰσῆλθε
1059 1044 1154 1099 τοῦ
1190 1048 1368 1116 μεῖναι
1401 1047 1500 1099 σὺν
1528 1046 1734 1108 αὑτοῖς.

155 1137 272 1191 Καὶ
299 1138 520 1206 ἐγένετο
553 1139 613 1192 ἐν
647 1138 724 1207 τῷ
753 1139 1150 1208 κατακλιθῆναι
1183 1138 1347 1192 αὑτὸν
1381 1140 1495 1209 μετ’
1530 1137 1735 1203 αὑτῶν,

155 1229 342 1284 λαϐὼν
370 1231 462 1287 τὸν
486 1232 652 1302 ἄρτον
686 1231 972 1301 εὑλόγησε,
1009 1231 1104 1286 καὶ
1127 1229 1335 1295 κλάσας
1363 1229 1608 1283 ἐπεδίδου
1636 1228 1738 1282 αὑ-

160 1324 299 1385 τοῖς.
322 1322 511 1376 Αὐτῶν
531 1323 586 1376 δὲ
602 1323 984 1394 διηνοίχθησαν
1004 1323 1054 1376 οἱ
1075 1321 1362 1392 ὀφθαλμοὶ,
1385 1321 1477 1373 καὶ
1500 1321 1741 1389 ἐπέγνω.

157 1430 263 1468 σαν
287 1412 471 1478 αὑτὸν,
494 1414 588 1468 καὶ
608 1415 769 1478 αὑτὸς
788 1415 1025 1483 ἄφαντος
1042 1415 1259 1484 ἐγένετο
1285 1414 1379 1468 ἀπ’
1401 1414 1605 1468 αὑτῶν.
1629 1412 1740 1465 Καὶ

156 1499 316 1559 εἶπον
344 1505 481 1577 πρὸς
505 1506 791 1577 ἀλλήλους·
832 1507 967 1576 υὺχὶ
995 1507 1029 1578 ἡ
1058 1505 1255 1576 καρδία
1275 1504 1435 1576 ἡμῶν
1465 1503 1736 1573 καιομένη

159 1591 227 1666 ἦν
259 1597 318 1649 ἐν
365 1598 497 1669 ἡμῖν
527 1597 603 1661 ὡς
636 1598 814 1651 ἐλάλει
856 1600 989 1667 ἡμῖν
1015 1600 1075 1651 ἐν
1117 1601 1183 1670 τῇ
1220 1597 1347 1667 ὁδῷ,
1382 1598 1478 1652 καὶ
1516 1596 1592 1659 ὼς
1623 1596 1743 1666 διή-

157 1704 342 1757 νοιγεν
377 1693 511 1761 ἡμῖν
557 1692 655 1754 τὰς
683 1691 936 1762 Γραφάς;
971 1690 1081 1743 Καὶ
1120 1692 1456 1754 ἀναστάντες
1502 1690 1639 1761 αὐτῇ
1669 1692 1737 1760 τῇ

157 1783 301 1854 ὥρᾳ,
332 1783 681 1854 ὑπέστρεψαν
709 1784 789 1846 είς
842 1782 1226 1853 Ἰερουσαλὴμ.
1255 1783 1352 1836 καὶ
1386 1777 1545 1853 εὗρον
1576 1799 1740 1852 συνη-

157 1875 519 1945 θροισμένους
550 1875 678 1939 τοὺς
703 1874 897 1927 ἕνδεκα
921 1874 1018 1928 καὶ
1042 1875 1168 1938 τοὺς
1210 1875 1308 1927 σὺν
1334 1874 1517 1937 αὑτοῖς
1550 1872 1733 1941 λέγον-

157 1982 282 2032 τας,
315 1966 397 2020 ὅτι
430 1965 673 2037 Ἠγέρθη
702 1967 731 2019 ὁ
763 1966 965 2037 Κύριος
983 1966 1171 2031 ὄντως,
1203 1967 1298 2021 καὶ
1320 1966 1474 2034 ὤφθη
1498 1965 1733 2035 Σίμωνι’

157 2059 257 2112 καὶ
294 2057 451 2111 αὑτοὶ
482 2056 777 2127 ἐξηγοῦντο
812 2056 880 2110 τὰ
914 2057 972 2110 ἐν
1000 2059 1067 2128 τῇ
1111 2057 1239 2127 ὁδῷ,
1272 2059 1363 2110 καὶ
1391 2056 1467 2119 ὡς
1491 2054 1735 2125 ἐγνώσθη

159 2148 352 2214 αὑτοῖς
381 2151 440 2202 ἐν
459 2152 526 2220 τῇ
558 2149 749 2204 κλάσει
782 2149 876 2203 τοῦ
924 2148 1114 2222 ἄρτου.
1155 2168 1174 2202 ι
1223 2149 1442 2220 Ἐπειδὴ
1464 2147 1740 2220 ἀνθρωπί-

153 2259 269 2307 νως
296 2241 398 2306 τὰς
423 2241 649 2312 γνώμας
676 2241 973 2308 διέκειντο,
1005 2242 1100 2295 καὶ
1129 2240 1297 2295 πολὺν
1320 2242 1412 2293 τὸν
1441 2239 1738 2308 δισταγμὸν

156 2332 406 2397 ἐνόσουν,
451 2332 717 2402 ἀνοήτους
767 2333 968 2395 αὑτοὺς
1017 2331 1284 2387 ἀποκαλεῖ
1334 2336 1432 2385 καὶ
1487 2330 1734 2402 βραδεῖς,

154 2421 306 2477 ὥστε
355 2421 638 2477 πιστεύειν
685 2424 779 2476 ἐπὶ
810 2425 975 2478 πᾶσιν
1017 2419 1099 2487 οἷς
1140 2423 1409 2493 ἐλάλησαν
1440 2423 1491 2475 οἱ
1526 2421 1739 2494 προφῆ-

152 2530 268 2571 ται·
304 2515 417 2570 ἐστι
457 2514 578 2587 γὰρ.
622 2515 900 2571 πιστεύειν
949 2516 1045 2571 καὶ
1090 2516 1331 2589 μερικῶς
1364 2517 1454 2568 καὶ
1488 2514 1737 2569 καθόλου.

154 2604 311 2675 υἶον,
357 2610 455 2664 ἐάν
503 2627 590 2674 τις
635 2609 729 2663 τδν
775 2610 1013 2680 Χριστὸν
1063 2611 1156 2663 ἐπὶ
1200 2609 1443 2680 σωτηρίᾳ
1472 2608 1564 2660 τοὺ
1608 2607 1738 2661 λαοῦ

160 2701 382 2765 ἐλπίζει
404 2700 647 2767 ἔσεσθαι,
680 2701 743 2755 οὑ
786 2699 971 2771 μέντοι
1001 2716 1065 2768 γε
1096 2700 1286 2770 ψυχῶν
1318 2699 1581 2769 σωτηρίᾳ,
1624 2698 1740 2753 ἀλλ’

153 2793 600 2848 ὰποκαταστάσει
637 2791 734 2847 τοῦ
770 2792 956 2856 ἔθνους
997 2791 1092 2845 τοῦ
1133 2791 1431 2845 Ἰουδαῖκοὺ
1475 2791 1566 2844 καὶ
1610 2791 1743 2842 ἀπο-

153 2884 465 2954 λυτρώσει,
514 2885 544 2938 ὁ
597 2884 840 2946 τοιοῦτος
895 2884 992 2954 οὑχ
1029 2884 1152 2939 ὅσον
1190 2883 1270 2936 δεῖ
1310 2881 1606 2945 πιστεύειν,
1648 2898 1741 2934 πι-

161 2976 367 3031 στεύει.
399 2977 509 3031 Καὶ
532 2975 708 3042 αὖθις,
736 2978 786 3029 εί
810 2975 1057 3030 πιστεύει
1090 2975 1190 3047 μὲν
1215 2973 1294 3046 τῷ
1324 2973 1484 3028 Δαυῖδ
1508 2973 1741 3041 λέγοντι,

1765 1832 1814 1893 Β

1838 589 1878 644 S
1913 590 2130 659 ripturis
2154 607 2274 662 quae
2297 594 2363 647 de
2392 594 2508 663 ipso
2539 603 2711 646 erant.
2741 592 2805 646 Et
2835 589 3405 660 appropihquavernnt

1836 683 2056 737 castello
2082 698 2187 751 quo
2219 683 2388 737 ibant.
2419 683 2481 737 Et
2510 684 2624 752 ipse
2645 697 2755 752 pra:
2784 697 2843 737 se
2874 681 3082 736 ferebat
3111 693 3170 735 se
3196 677 3406 748 longius

1837 775 1936 828 ire.
1967 774 2033 829 Et
2069 785 2360 845 coegerunt
2390 775 2565 838 illmn,
2603 775 2846 830 dicentes
2875 792 2889 829 :
2920 773 3074 828 Mane
3100 771 3402 830 nobiscum,

1837 866 2089 934 quoniam
2113 868 2288 938 vergit
2317 869 2383 922 ad
2408 882 2714 939 vesperam,
2749 876 2804 922 et
2833 865 3127 920 inclinatus
3157 870 3241 917 est
3267 862 3402 916 dies.

1838 958 1905 1014 Et
1929 959 2151 1014 intravit
2176 968 2237 1015 ut
2264 969 2506 1015 maneret
2536 974 2657 1014 cum
2686 957 2812 1013 illis.
2845 955 2910 1010 Et
2940 957 3141 1010 factum
3168 962 3253 1008 est
3280 953 3402 1005 dum

1838 1054 2180 1108 occumberet
2210 1052 2377 1125 494
2397 1068 2521 1108 cum
2555 1053 2652 1115 eis,
2691 1051 2901 1119 accepit
2931 1060 3121 1119 panem
3150 1054 3205 1100 et
3240 1044 3404 1099 bene~

1839 1146 1972 1200 dixit
2006 1161 2070 1200 ac
2118 1143 2315 1216 fregit,
2353 1156 2406 1200 et
2437 1143 2746 1215 porrigebat
2786 1141 2913 1197 illis.
2963 1140 3029 1195 Et
3073 1135 3244 1209 aperti
3277 1132 3402 1189 sunt

1838 1237 1978 1294 oculi
2009 1252 2220 1303 eorum,
2258 1246 2312 1292 et
2342 1244 2680 1307 agnoverunt
2702 1252 2848 1300 eum,
2879 1242 2932 1289 et
2979 1233 3094 1303 ipse
3129 1227 3344 1305 evanuit
3374 1223 3404 1277 ὸ

1840 1338 2133 1399 conspectu
2165 1344 2378 1385 eorum.
2411 1328 2480 1382 Et
2508 1328 2763 1384 dixerunt
2793 1326 2935 1380 inter
2959 1338 3017 1380 se
3051 1341 3066 1378 :
3098 1318 3288 1395 Nonne
3317 1314 3410 1373 cui

1842 1431 2090 1477 nostrum
2129 1422 2355 1477 ardebat
2398 1421 2452 1477 in
2506 1421 2661 1476 nobis
2715 1421 2838 1474 dum
2889 1417 3205 1487 loqueretur
3256 1404 3411 1467 nobis

1841 1519 1896 1570 ln
1928 1515 2034 1577 via,
2070 1524 2122 1570 et
2155 1515 2393 1584 aperiret
2422 1514 2580 1569 nobis
2612 1509 2966 1582 Scripturas?
3012 1508 3078 1563 Et
3124 1513 3411 1576 surgentes

1841 1608 2026 1662 cadent
2054 1608 2208 1673 hora,
2245 1606 2477 1676 regressi
2527 1615 2655 1661 sunt
2688 1608 2739 1659 in
2774 1601 3145 1672 Hierosolyma
3174 1606 3226 1652 et
3252 1598 3408 1650 inre-

1844 1707 2044 1754 nerunt
2077 1706 2434 1768 congregatos
2463 1696 2740 1763 undecim,
2779 1704 2833 1749 et
2871 1707 2968 1747 eos
3004 1690 3098 1761 qui
3138 1702 3260 1745 cum
3307 1684 3411 1748 illis

1844 1799 2020 1855 erant,
2063 1791 2351 1846 dicentes:
2390 1788 2637 1844 Surrexit
2682 1786 2940 1843 Dominus
2965 1798 3113 1850 vere,
3161 1787 3216 1836 et
3245 1791 3409 1848 appa-

1843 1885 1950 1939 ruit
1983 1880 2213 1938 Simoni.
2256 1880 2321 1935 Et
2355 1878 2457 1949 ipsi
2492 1879 2786 1934 narrabant
2816 1891 2940 1948 qua:
2978 1881 3129 1945 gesta
3159 1878 3313 1926 erant
3354 1866 3410 1921 in

1837 1976 1923 2029 via
1948 2014 1964 2040 ,
1994 1985 2049 2029 et
2080 1972 2350 2043 quomodo
2400 1969 2595 2025 fuisset
2632 1969 2847 2041 agnitus
2889 1966 2989 2022 sibi
3041 1979 3108 2020 ex
3147 1960 3413 2017 fractione

1839 2069 2010 2140 panis.
2050 2085 2070 2121 ο
2107 2066 2371 2135 Quoniam
2401 2072 2579 2119 mente
2600 2065 2835 2119 humano
2856 2075 3005 2116 more
3037 2055 3213 2112 allecti
3236 2060 3411 2115 erant,

1840 2161 2117 2229 multaque
2165 2159 2501 2213 dubitatione
2542 2156 2894 2218 laborabant,
2943 2151 3142 2209 stultos
3174 2156 3333 2202 vocat
3361 2155 3417 2199 et

1842 2254 2023 2308 tardos
2048 2252 2115 2305 ad
2144 2250 2472 2305 credendum
2500 2248 2552 2301 in
2580 2244 2833 2302 omnibus
2857 2257 2975 2312 qua:
3001 2239 3169 2296 locuti
3200 2238 3414 2292 fuerant

1836 2340 2395 2413 prophet:e.Credere
2435 2339 2579 2393 enim
2616 2349 2909 2407 possumus
2939 2343 2991 2385 et
3032 2347 3097 2385 ex
3145 2337 3320 2399 parte,
3360 2338 3415 2381 et

1840 2435 1893 2490 in
1926 2443 2093 2488 totum
2119 2448 2135 2487 :
2166 2439 2224 2486 ut
2266 2430 2310 2486 si
2356 2430 2476 2500 quis
2513 2437 2697 2498 speret
2759 2426 3033 2482 Christum
3077 2424 3130 2476 in
3183 2421 3413 2477 salutem

1839 2524 2020 2597 populi
2061 2532 2372 2588 venturum,
2429 2521 2621 2576 nonin
2671 2519 2901 2576 salutem
2945 2515 3276 2575 animarum,
3318 2511 3414 2566 sed

1839 2617 2237 2674 restitutionem
2262 2622 2318 2670 et
2345 2611 2713 2669 liberationem
2742 2607 2917 2679 p0puli
2944 2603 3181 2670 Judaici,
3238 2602 3284 2657 is
3311 2615 3415 2655 non

1843 2718 2101 2779 quantum
2129 2713 2344 2777 oportet
2371 2704 2626 2770 credere,
2656 2695 2953 2758 credit.“'Et
2977 2711 3166 2753 rursus
3200 2694 3247 2750 si
3295 2692 3419 2762 quis

1843 2802 2031 2857 credat
2078 2799 2261 2854 Davidl
2288 2795 2529 2853 dicenti:
2568 2812 2588 2847 ι
2634 2793 2907 2849 Fuderunt
2938 2804 3127 2843 manus
3173 2800 3322 2840 meas
3351 2793 3410 2836 et

1843 2894 2008 2961 pedes
2025 2907 2176 2948 meos
2197 2891 2296 2956 ",i
2318 2901 2376 2945 et
2425 2898 2622 2944 cmtera
2656 2901 2774 2957 qua:
2803 2885 2868 2940 de
2892 2896 3052 2938 cruce
3079 2891 3132 2935 et
3157 2877 3277 2932 aliis
3302 2891 3420 2944 qure

1846 2986 1899 3042 in
1928 2999 2094 3040 cruce
2136 2982 2275 3038 facta
2313 2988 2462 3046 sunt,
2506 2990 2763 3049 tanquam
2811 2990 2877 3031 ex
2927 2986 3156 3043 persona
3205 2966 3414 3023 Domini

165 3086 187 3119 ι
230 3067 469 3139 Ὠρυξαν
521 3068 715 3138 χεῖράς
766 3083 869 3139 μου
926 3067 1020 3121 καὶ
1076 3065 1239 3128 πόδας
1291 3082 1415 3135 μου,
1472 3083 1491 3116 ι
1539 3061 1742 3117 καὶτὰ

1847 3076 2130 3147 praedicta,
2165 3083 2218 3131 et
2263 3073 2457 3143 recipit
2481 3085 2546 3126 ea
2584 3083 2705 3140 quas
2735 3070 2799 3122 de
2839 3064 3092 3137 passione
3137 3061 3414 3120 dicuntur,

159 3160 328 3214 λοιπὰ
363 3160 462 3214 ὅσα
491 3160 620 3231 περὶ
656 3157 751 3214 τοῦ
782 3157 1016 3231 σταυροῦ
1056 3157 1152 3212 καὶ
1181 3157 1291 3210 τῶν
1328 3158 1387 3209 ἐν
1414 3153 1492 3225 τῷ
1527 3149 1742 3223 σταυρῷ

1849 3183 1912 3225 ea
1943 3176 2126 3223 autem
2161 3179 2281 3236 qua:
2321 3164 2387 3219 de
2426 3161 2854 3221 resurrectione,
2887 3171 2990 3211 non
3023 3158 3201 3215 curat,
3232 3150 3305 3204 uti
3335 3157 3418 3202 est

158 3253 238 3316 ῶς
273 3254 340 3305 ἐκ
360 3251 653 3324 προσώπου
680 3251 775 3305 τοὺ
816 3250 1023 3323 Κυρίου
1057 3248 1414 3322 προφητεύει,
1465 3247 1559 3301 καὶ
1586 3245 1739 3317 δέχε-

1846 3263 1969 3327 ltoc,
2012 3278 2032 3312 ι
2072 3258 2189 3314 Non
2223 3255 2374 3314 dabis
2425 3252 2687 3310 Sanctum
2719 3259 2871 3305 tuum
2910 3245 3093 3301 videre
3121 3237 3424 3308 corruptio.

158 3365 257 3403 ται
293 3347 366 3402 τὰ
390 3347 520 3419 περὶ
541 3345 639 3401 τοῦ
676 3344 905 3412 πάθους,
932 3343 1002 3398 τὰ
1022 3343 1080 3399 δέ
1111 3340 1239 3412 περὶ
1266 3341 1367 3410 τῆς
1395 3338 1742 3401 ἀναστάσεως

1846 3368 1967 3408 nem
1990 3351 2057 3405 ⁸⁸.
2118 3368 2137 3402 ι
2179 3348 2244 3403 Et
2291 3347 2461 3411 illud,
2524 3362 2543 3397 ι
2617 3342 2734 3397 Νοη
2792 3338 3136 3405 derclinqnes
3185 3331 3421 3387 animam

160 3436 229 3489 οὑ
259 3432 573 3504 λογίζεται,
608 3432 720 3489 οἷον
750 3432 847 3497 τὺ,
895 3449 915 3485 ι
954 3432 1028 3487 Οὑ
1072 3430 1264 3494 δώσεις
1304 3430 1396 3483 τὸν
1419 3430 1606 3484 Ὄσιὸν
1648 3445 1742 3482 σου

1846 3459 2022 3499 meam
2054 3442 2107 3495 in
2142 3438 2354 3494 inferno
2374 3438 2442 3492 υ.
2488 3453 2507 3489 ι
2546 3434 2610 3489 Et
2660 3433 2856 3489 iterum
2880 3470 2896 3496 ,
2937 3448 2958 3483 ι
2994 3427 3144 3483 Inter
3179 3433 3423 3480 mortuos

167 3530 303 3584 ιδεῖν
349 3527 669 3600 διαφθορὰν,
709 3545 730 3580 ι
765 3524 862 3579 καὶ
885 3523 967 3587 τὺ,
1003 3542 1023 3576 ι
1060 3523 1175 3577 Ούκ
1202 3519 1625 3590 ἐγκαταλείψεις
1647 3520 1742 3589 τὴν

1849 3536 1982 3590 liber
1994 3535 2155 3587 ".m
2182 3529 2410 3592 Etillnd,
2431 3547 2451 3581 ι
2479 3527 2726 3583 Educens
2742 3523 2951 3579 vinctos
2971 3531 3023 3576 et
3042 3517 3345 3574 habitantes
3368 3516 3422 3569 in

162 3622 350 3694 ψυχήν
401 3638 502 3692 μου
528 3621 610 3684 είς
639 3617 802 3694 ᾅδην,
839 3635 861 3672 ι
911 3616 1008 3671 καὶ
1047 3615 1131 3683 τὸ,
1174 3633 1195 3668 ι
1247 3615 1336 3668 Ἐν
1362 3615 1574 3685 νεκροῖς
1596 3610 1748 3665 ἐλεύοσ

170 3692 332 3783 θερος
354 3751 370 3775 ,
401 3729 421 3763 ι
450 3711 547 3765 καὶ
576 3709 659 3777 τὸ,
694 3692 718 3761 ιΔ
764 3707 1005 3776 Ἐξάγων
1034 3704 1468 3775 πεπεδημένους,
1499 3702 1593 3756 καὶ
1618 3702 1746 3763 τοὺς

164 3801 552 3865 κατοικοῦντας
586 3801 645 3854 ἐν
673 3799 896 3869 τάφοις,
951 3816 971 3850 ι
1013 3797 1108 3852 καὶ
1151 3796 1221 3850 τὰ
1247 3794 1503 3859 τοιαῦταξ·
1553 3791 1614 3846 ού
1659 3808 1749 3844 τε-

166 3896 321 3949 λείαν
354 3894 539 3948 πίστιν
588 3893 738 3964 ἔχει,
774 3890 888 3945 ἀλλ’
923 3893 988 3944 ἐκ
1024 3890 1245 3960 μέρους.
1269 3886 1443 3941 Δεῖδέ
1473 3884 1570 3939 ἐπὶ
1610 3885 1747 3938 πᾶσι

170 3988 285 4049 τοῖς
314 4001 374 4039 τε
423 3985 521 4055 τῆς
565 3980 826 4054 ἀτιμίας,
864 3984 977 4045 τοῖς
1012 3997 1070 4034 τε
1118 3980 1218 4051 τῆς
1268 3979 1427 4050 δόξης
1470 3976 1749 4043 πιστεύειν

170 4080 286 4141 τοῖς
345 4076 674 4148 προφήταις.
727 4074 877 4128 Ἔδει
926 4072 1038 4145 γὰρ
1085 4072 1178 4126 τὸν
1225 4072 1461 4141 Χριστὸν
1510 4070 1745 4124 παθεῖν·

172 4168 337 4223 τοῦτο
367 4168 465 4239 τῆς
493 4166 721 4238 ἀτιμίας
739 4182 754 4198 ·
782 4164 918 4219 ἀλλὰ
942 4166 1039 4218 καὶ
1068 4162 1328 4217 εἰσελθεῖν
1357 4162 1439 4226 είς
1470 4160 1569 4219 τὴν
1591 4157 1750 4225 δόξαν

173 4259 344 4315 αὑτοῦ
370 4271 389 4290 ’
414 4259 571 4312 τοῦτο
595 4258 654 4312 τὸ
701 4254 933 4322 ἔνδοξον.
980 4253 1171 4325 Ὑμεῖς
1219 4253 1276 4307 δὲ
1313 4251 1486 4317 οὕτως
1534 4251 1751 4324 ἀνόητοί

173 4356 322 4420 ἐστε,
360 4352 501 4407 ὥστε
544 4351 765 4405 Ἡσαΐου
792 4348 1081 4409 ἀκούοντες
1131 4345 1382 4415 λέγοντος
1425 4344 1706 4416 ἀμφότερα
1729 4386 1745 4411 ,

174 4450 261 4503 ὃτι
288 4465 351 4501 τε
386 4449 466 4511 είς
505 4445 718 4516 σφαγὴν
765 4442 908 4515 ἤχθη
932 4483 945 4507 ,
977 4444 1071 4496 καὶ
1116 4442 1199 4496 ὅτι
1245 4441 1448 4511 Κύριος
1500 4439 1750 4510 βούλεται

174 4538 350 4603 δεῖξαι
381 4512 705 4608 αὑτῷ-φῶς,
743 4512 922 4586 ἐκεῖνο
955 4531 1053 4600 μὲν
1095 4528 1337 4599 δέχεσθε,
1387 4526 1544 4581 τοῦτο
1570 4526 1628 4579 δὲ
1670 4526 1745 4596 μὴ
1778 4512 1825 4572 ι)

174 4625 459 4697 λογίζεσθε
485 4644 496 4659 ’
531 4626 628 4679 καὶ
672 4626 755 4679 ὅτι
804 4622 902 4693 μὲν
935 4619 1396 4693 μεμωλώπισται,
1432 4618 1742 4672 πιστεύειν

175 4722 262 4775 ὅτι
316 4720 374 4773 δὲ
416 4720 619 4790 Κύριος
674 4717 927 4789 βούλεται
962 4712 1255 4783 καθαρίσαι
1303 4711 1464 4765 αὑτὸν
1514 4711 1618 4764 ἀπὸ
1648 4710 1747 4779 τῆς

176 4813 438 4883 πληγῆς,
473 4812 548 4883 μὴ
585 4812 947 4882 προσεννοεῖν.
992 4806 1134 4861 Ἀλλ’
1166 4806 1320 4871 ἐπεὶ,
1371 4805 1557 4874 φησὶν,
1595 4803 1751 4871 ὑμεῖς

173 4905 419 4974 ἀνόητοι,
456 4904 576 4975 ἦτοι
603 4902 822 4973 βραδεῖς
843 4919 858 4933 ·
891 4902 940 4953 εί
972 4899 1080 4968 γάρ
1106 4899 1321 4967 ἀνόητοι
1352 4892 1514 4966 ἦσαν,
1549 4895 1656 4948 οὐδ’
1685 4894 1750 4947 ἂν

173 4997 290 5052 οὐδ’
326 4996 485 5060 αὑτὸς
534 4995 712 5049 ἐλάλει
767 4993 985 5056 αὐτοῖς·
1033 4991 1157 5045 ἐπεὶ
1200 4989 1293 5043 οὖν
1332 4989 1546 5061 βραδεῖς
1603 4989 1758 5059 ὑμεῖς

174 5091 341 5154 ἐστε,
401 5085 511 5155 ἐγὼ
561 5084 909 5140 διαϐαστάσω
957 5082 1057 5151 τὴν
1121 5079 1277 5152 ὑμῶν
1334 5080 1594 5142 διάνοιαν,
1665 5079 1759 5132 καὶ

180 5182 329 5234 νοεῖν
374 5179 542 5245 ὀξέως
578 5184 811 5249 ποιήσω.
844 5176 937 5230 Διὸ
970 5178 1065 5229 καὶ
1104 5175 1213 5229 άπὸ
1248 5173 1492 5236 Μωσέως
1530 5175 1624 5226 καὶ
1652 5171 1760 5225 ἀπὸ

176 5274 405 5329 πάντων
443 5272 556 5327 τῶν
594 5270 890 5343 προφητῶν
929 5269 1296 5340 διηρμήνευεν
1334 5267 1521 5327 αὐτοῖς
1546 5283 1558 5293 ·
1608 5263 1669 5316 τό
1699 5279 1758 5316 τε

178 5365 297 5433 γὶρ
340 5365 440 5433 τῆς
499 5362 756 5433 Ἀδραὰμ
816 5360 1007 5424 θυσίας
1060 5360 1381 5431 μυστήριον,
1432 5357 1513 5410 ὅτι
1574 5354 1759 5409 Ἰσαὰκ

1848 3626 2109 3698 sepulcris
2125 3625 2192 3687 δι.
2225 3642 2244 3676 ι
2273 3631 2323 3678 et
2353 3620 2582 3676 similia:
2611 3634 2715 3675 non
2737 3616 2897 3672 habet
2922 3613 3214 3683 perfectam
3241 3609 3423 3671 ﬁdem,

1849 3724 1943 3777 sed
1976 3737 2040 3775 ex
2085 3725 2260 3786 parte.
2301 3714 2524 3787 Oportet
2570 3721 2751 3766 autem
2808 3710 2861 3763 in
2901 3706 3154 3761 omnibus
3195 3711 3303 3756 tam
3339 3701 3425 3754 his

1849 3829 1968 3883 quae
2013 3811 2197 3879 gloriae
2244 3817 2408 3873 sunt,
2439 3821 2600 3876 quam
2652 3809 2772 3873 qua
2819 3798 3165 3869 ignominire,
3197 3794 3425 3850 credere

1854 3905 2154 3979 prepbetis.
2192 3900 2488 3971 Oportebat
2518 3897 2661 3953 enim
2704 3903 2760 3950 et
2797 3891 3074 3948 Christum
3105 3886 3236 3954 pati,
3279 3885 3422 3954 quod

1852 3975 1938 4050 est
1965 3991 2316 4062 ignominiaa:
2359 3999 2411 4043 et
2448 3989 2652 4042 intrare
2699 3984 2751 4038 in
2806 3981 3031 4050 gloriam
3080 3991 3255 4039 suam,
3284 3975 3426 4044 quod

1851 4096 1935 4143 est
1959 4085 2161 4156 gloriae.
2186 4080 2292 4137 Vos
2315 4089 2493 4134 autem
2518 4078 2593 4132 sic
2616 4074 2762 4130 stulti
2786 4072 2939 4136 estis,
2965 4078 3025 4124 ut
3075 4083 3198 4123 cum
3227 4065 3424 4120 lsaiam

1854 4190 2086 4249 utraque
2117 4176 2382 4230 dicentem
2413 4171 2671 4234 audiatis,
2706 4177 2762 4221 et
2805 4166 2948 4235 quod
2995 4162 3061 4217 ad
3095 4159 3424 4216 occisionem

1855 4247 2051 4324 ductus
2084 4266 2177 4328 sit,
2219 4274 2275 4319 et
2303 4260 2448 4331 quod
2485 4258 2748 4313 Dominus
2777 4255 2907 4310 velit
2940 4252 2988 4307 ei
3023 4249 3313 4307 ostendere
3341 4247 3423 4301 ln-

1857 4375 1976 4416 men
1999 4360 2073 4425 ⁸¹,
2115 4357 2243 4412 illud
2277 4355 2493 4426 quidem
2518 4350 2780 4421 recipitis,
2803 4348 2905 4403 hoc
2934 4352 3116 4400 autem
3142 4340 3424 4412 respuitis.

1855 4453 1922 4509 Et
1945 4454 2089 4523 quod
2122 4448 2443 4504 vulneratus
2462 4444 2681 4515 quidem
2722 4442 2814 4505 sit,
2844 4438 3065 4494 creditis
3099 4454 3114 4491 :
3145 4436 3287 4505 quod
3328 4449 3431 4487 au~

1854 4558 1958 4600 tem
1992 4543 2248 4599 Dominus
2284 4538 2411 4593 velit
2449 4551 2572 4592 eum
2606 4534 2892 4605 purillcare
2931 4547 2959 4583 a
3013 4529 3191 4599 plaga,
3251 4526 3431 4580 animo

1854 4648 1959 4688 non
1989 4628 2339 4702 perpnnditis.
2384 4624 2489 4681 Sed
2512 4624 2653 4693 quod
2679 4624 2807 4677 dicit
2831 4639 2846 4676 :
2903 4620 3008 4675 Vos
3037 4617 3191 4672 stulti
3250 4615 3384 4668 estis
3413 4651 3428 4666 .

1856 4726 2072 4791 signat,
2111 4719 2269 4773 Tardi
2311 4717 2488 4780 estis;
2526 4730 2649 4769 nam
2683 4713 2730 4766 si
2772 4710 2917 4766 stulti
2953 4707 3218 4769 fuissent,
3259 4715 3435 4770 neque

1858 4816 1973 4884 ipse
1999 4811 2079 4865 cis
2112 4810 2306 4863 fuisset
2339 4808 2570 4860 locutus.
2600 4802 2670 4855 At
2711 4801 2835 4868 quia
2863 4799 2999 4853 tardi
3020 4796 3160 4853 estis
3190 4809 3308 4857 vos,
3335 4806 3435 4861 ego

1862 4911 2096 4956 mentem
2130 4906 2366 4953 vestram
2398 4895 2617 4951 acutius
2648 4891 2835 4947 videre
2880 4889 3097 4944 faciant.
3143 4885 3372 4941 Unde‘et
3403 4899 3431 4935 a

1861 4992 2008 5047 Mose
2048 5003 2103 5046 et
2159 4991 2226 5044 ab
2269 4988 2523 5043 omnibus
2569 4983 2847 5056 prophetis
2896 4983 3287 5048 interpretatur
3331 4980 3432 5037 eis,

1861 5101 2053 5155 nempe
2105 5084 2418 5157 mysterium
2472 5080 2725 5136 sacrilicii
2778 5076 3042 5136 Abralne,
3087 5070 3305 5142 quando
3353 5069 3437 5123 di-

1861 5178 2034 5234 misso
2065 5175 2238 5241 Isaac,
2267 5175 2412 5230 aries
2443 5172 2754 5227 immolatus
2786 5179 2870 5225 est
2898 5168 2966 5223 ⁸³.
3002 5165 3128 5220 llaec
3159 5164 3305 5219 enim
3350 5176 3437 5216 res

1862 5268 2166 5323 dominicas
2222 5265 2620 5338 praeligurabat.
2652 5263 2804 5317 Sicut
2842 5260 3007 5313 etiam
3039 5259 3152 5325 ipse
3180 5253 3439 5309 Dominus

1859 5361 1991 5414 dicit
2020 5360 2219 5414 vidisse
2236 5359 2507 5413 Abraham
2539 5355 2679 5409 diem
2717 5368 2901 5414 suum,
2948 5360 3005 5404 et
3038 5347 3341 5404 exsultasse
3362 5342 3432 5398 ⁸³.

177 5453 500 5525 ἀφεθέντος,
530 5454 682 5526 κριὸς
732 5452 918 5522 ἐτύθη,
952 5451 1125 5506 ταῦτα
1161 5453 1228 5504 τὰ
1253 5450 1396 5503 κατὰ
1425 5449 1515 5503 τὸν
1560 5447 1742 5514 Κύριο

1867 5451 1933 5504 Et
1956 5451 2121 5502 illud:
2153 5467 2172 5500 ι
2211 5447 2474 5503 Videbitis
2492 5446 2655 5499 vitam
2683 5454 2925 5499 nostram
2951 5442 3273 5510 pendentem
3286 5438 3333 5471 ⁸⁵
3363 5454 3379 5491 :
3413 5455 3432 5488 ι

181 5524 521 5619 προετύπου,
557 5524 631 5612 ὧς
658 5548 752 5601 καὶ
790 5546 954 5610 αὐτὸς
984 5548 1011 5600 ὁ
1042 5545 1247 5615 Κύριός
1292 5561 1477 5615 φησιν,
1516 5543 1643 5596 ίδεῖν
1679 5540 1739 5594 τὸ

1870 5541 1923 5596 in
1952 5556 2062 5611 quo
2092 5550 2146 5594 et
2174 5539 2583 5607 cruciﬁxionem
2633 5533 2924 5606 signiﬁcat.
2976 5530 3299 5602 pendentem
3350 5524 3439 5584 die

271 5746 485 5801 "Psal.
530 5764 647 5811 xxv,
694 5747 779 5802 t7.
861 5745 905 5778 ⁵⁸
938 5744 1078 5800 Psal.
1116 5761 1204 5809 xv,
1256 5744 1335 5795 t0.
1417 5744 1458 5775 δι’
1514 5741 1645 5795 ibid.
1723 5739 1768 5774 5°
1830 5737 1971 5794 Psal.
2030 5754 2267 5807 Lxsxvn,
2316 5736 2368 5792 6.
2445 5737 2489 5770 ⁸¹
2538 5732 2677 5792 Psal.
2729 5731 2973 5799 uruﬂ.
3050 5724 3437 5799 "lsa.t.ttt,‘l..

182 5820 647 5883 "Gctt.3$tt,l3.
725 5815 942 5873 “Joan.
977 5832 1093 5880 \m,
1135 5816 1222 5869 5L5.

1302 5815 1345 5845 "
1380 5815 1531 5867 Deut.
1569 5827 1757 5875 xxvnt,
1810 5810 1898 5866 66.
