3932 6456
523 362 658 426 1110

1409 366 1513 427 TII
1527 366 1716 426 EOPII
1728 366 1988 427 YLACTI
2031 365 2442 428 DULGARL’E
2482 366 2682 425 ARCli
2699 366 2716 423 l
2732 366 2839 426 ΕΡ.

3631 359 3750 422 ιιὲι

517 476 688 533 cendo
729 492 743 530 :
777 483 832 530 et
889 473 1362 541 resurrectionem,
1421 479 1586 531 vitam
1642 486 1880 532 nostram
1920 479 2096 534 nomi-
2130 531 2131 535 η

2234 477 2468 548 Αδραὰμ
2495 476 2596 547 τὴν
2627 477 2842 546 ἡμέραν
2872 473 3036 528 αὐτοῦ
3073 474 3166 528 καὶ
3193 473 3490 542 ἀγαλλιάσα
3503 474 3617 528 σθαι
3636 491 3647 503 ·
3669 480 3747 528 κατ

522 568 722 621 nando.
751 565 807 619 In
837 566 1058 634 reliquis
1086 577 1265 622 autem
1293 571 1571 638 prophetis
1597 573 1820 635 sparsim
1848 573 1948 625 sita
1974 582 2098 624 sunt

524 677 641 722 quzv
669 661 733 710 de
759 674 920 710 cruce
951 669 1004 712 et
1055 663 1452 716 resurrectione
1490 662 1766 720 dicuntur.
1801 666 2098 727 pra-scrtim

525 752 577 802 in
605 749 941 803 clarioribus.
983 749 1047 802 Et
1089 761 1397 818 possentex
1449 753 1556 806 illis
1589 767 1653 806 ea
1688 752 1851 825 495
1910 771 2101 808 recen—

524 842 653 893 seri.
681 843 747 892 At
768 850 842 904 tu,
863 856 1067 909 quaso,
1086 844 1332 897 attendas
1354 846 1624 910 quomodo
1641 861 1735 912 per
1758 847 2100 901 alilictiouem

523 941 680 986 eatur
723 934 776 986 in
830 934 1056 1001 gloriam
1117 934 1230 991 Dei.
1285 936 1516 991 Simulat
1562 948 1742 992 autem
1792 955 1850 994 se
1896 940 2105 1006 longius

526 1021 752 1088 iturmu,
782 1022 935 1087 juxta
974 1023 1262 1080 humanam
1296 1037 1568 1082 naturam.
1623 1029 1688 1084 Et
1722 1032 1936 1098 quando
1978 1048 2105 1100 pcr-

528 1108 716 1172 mittit,
747 1118 874 1163 tunc
901 1113 1218 1180 aperiuntur
1268 1115 1409 1169 oculi
1460 1131 1669 1179 eorum.
1717 1129 1766 1172 et
1807 1130 2107 1188 agnoscunt

529 1215 673 1254 eum.
727 1202 1034 1257 lnsinuatur
1082 1217 1260 1259 autem
1296 1217 1350 1261 et
1385 1209 1530 1262 aliud
1581 1213 1860 1279 quiddam,
1917 1229 2108 1284 nempe

529 1292 672 1358 quod
704 1293 842 1346 oculi
873 1309 1062 1348 eorum
1093 1298 1183 1364 qui
1216 1299 1557 1354 benedictum
1588 1317 1777 1372 panem
1805 1317 2106 1372 assumunt,

531 1383 849 1450 aperiuntur
878 1395 934 1438 ut
963 1399 1261 1456 agnoscant
1292 1390 1460 1445 illum.
1493 1392 1738 1464 Magnam
1768 1397 1911 1451 enim
1941 1411 1995 1452 et
2026 1399 2107 1453 in-

533 1477 803 1533 dicibilem
853 1481 960 1532 vim
998 1481 1154 1536 habet
1203 1499 1331 1538 caro
1382 1485 1614 1542 Domini.
1653 1487 1885 1544 Evanuit
1931 1501 2108 1546 autem

535 1569 602 1623 ab
632 1571 753 1636 eis;
803 1587 978 1639 neque
1040 1575 1182 1628 enim
1229 1577 1406 1631 adhuc
1459 1579 1692 1635 habebat
1726 1597 1920 1650 corpus
1967 1586 2110 1653 quod

535 1661 766 1714 multum
813 1665 1075 1733 corporali
1113 1669 1270 1722 modo
1299 1685 1420 1723 cum
1457 1671 1538 1725 eis
1568 1685 2008 1738 conversaretur,
2057 1687 2114 1728 nt

534 1767 599 1805 ex
633 1753 732 1806 hoc
768 1753 980 1809 illorum
1013 1769 1287 1814 cresceret
1311 1762 1660 1818 desiderium.
1693 1763 1825 1818 Nam
1857 1766 1926 1819 ita
1962 1769 2115 1821 exhi-

2200 568 2282 634 τὸ,
2332 587 2349 619 ι
2411 568 2644 638 Ὀψεσθε
2680 568 2778 638 τήν
2823 568 2968 637 ζωὴν
3017 569 3172 636 ήμῶν
3222 569 3595 636 κρεμαμένην,
3646 587 3663 620 ι
3704 572 3751 620 ὲν

2201 658 2382 726 ταυτῷ
2413 658 2506 710 καὶ
2546 658 2643 728 τήν
2672 657 2980 727 σταύρωσιν
3011 658 3160 724 δηλοῖ
3182 658 3270 710 διὰ
3295 657 3388 709 τοῦ
3418 660 3753 728 κρεμαμένην

2203 750 2399 809 εἰπεῖν,
2434 750 2527 801 καὶ
2560 751 2659 819 τὴν
2693 749 2992 803 ἀνάστασιν
3031 748 3135 826 διὰ.
3159 749 3255 802 τού
3284 747 3381 816 τὴν
3415 748 3560 818 ζωὴν
3583 751 3755 819 ὀνομά-

2206 857 2316 895 σαι.
2354 841 2463 893 Καὶ
2495 842 2552 893 ἐν
2581 843 2698 902 ταῖς
2734 842 2954 902 λοιπαῖς
2994 841 3047 894 δὲ
3089 841 3452 910 προφητείαις
3503 844 3754 912 σποράδην

2207 934 2513 986 κεῖνταιτά
2543 933 2670 1000 περὶ
2713 932 2805 985 τοῦ
2837 932 3071 1001 σταυροῦ
3117 934 3210 985 καὶ
3257 934 3358 1003 τῆς
3398 934 3757 998 ἀναστάσεως,

2207 1025 2301 1076 καὶ
2335 1025 2568 1091 μάλιστα
2609 1027 2668 1078 ὲν
2716 1027 2827 1087 τοῖς
2871 1025 3339 1094 ὲπιιρανεστέροις,
3382 1029 3478 1078 καὶ
3523 1024 3761 1096 πάρεστιν

2208 1115 2418 1168 ἐκεῖθεν
2451 1115 2622 1169 ταῦτα
2657 1116 3038 1183 ἀναλέγεσθαι.
3085 1116 3285 1168 Σκόπει
3331 1117 3388 1169 δέ
3431 1134 3543 1184 μοι,
3574 1118 3681 1180 πῶς
3712 1121 3763 1170 ἐι

2208 1207 2302 1260 τοῦ
2339 1208 2671 1261 κακοπαθεῖν
2714 1209 2774 1261 τὸ
2837 1208 3107 1262 εἰσελθεῖν
3151 1211 3231 1271 είς
3280 1210 3382 1278 τὴν
3418 1210 3575 1275 δόξαν
3617 1212 3762 1265 ἐστίν.

2214 1302 2604 1370 Προσποιεῖται
2655 1303 2711 1356 δὲ
2758 1304 3094 1374 πορρωτέρω
3139 1303 3497 1373 πορεύεσθαι,
3550 1304 3682 1357 κατά
3716 1306 3766 1357 τὸ

2213 1393 2556 1463 ἀνθρώπινον
2583 1395 2823 1458 πάντως.
2859 1395 2988 1447 Ὅτε
3029 1395 3084 1448 δὲ
3116 1394 3416 1465 συγχωρεῖ,
3445 1393 3568 1446 τότε
3597 1394 3771 1448 διανοί-

2213 1504 2402 1556 γονται
2442 1487 2491 1538 οἱ
2541 1486 2821 1556 ὀφθαλμοὶ
2871 1486 3072 1551 αὐτῶν,
3119 1487 3214 1540 καὶ
3254 1486 3571 1553 ἐπέγνωσαν
3607 1486 3769 1540 αὐτόν.

2213 1582 2519 1636 Αἰνίττεται
2540 1581 2596 1635 δέ
2620 1599 2671 1633 τι
2701 1583 2794 1634 καὶ
2825 1582 3034 1652 ἕτερον,
3059 1582 3140 1635 ὅτι
3163 1584 3277 1645 τοῖς
3310 1581 3773 1652 μεταλαμὸάνουτι

2215 1674 2308 1728 τοῦ
2336 1675 2529 1744 εὐλογη
2539 1679 2701 1742 μένου
2732 1673 2928 1746 ἄρτου,
2961 1675 3322 1743 διανοίγονται
3348 1677 3395 1726 οί
3420 1673 3684 1742 ὀφθαλμοὶ
3705 1677 3773 1737 είς

2220 1766 2281 1818 τὸ
2308 1767 2608 1834 ἐπιγνῶναι
2639 1768 2817 1820 αὐτόν.
2850 1767 3110 1836 Μεγάλην
3140 1766 3248 1836 γάρ
3281 1769 3374 1819 καὶ
3397 1768 3604 1833 ἄφατον
3631 1766 3772 1820 δύνα-

535 1842 688 1899 larati
729 1845 978 1912 fuerunt,
1018 1859 1076 1904 ut
1109 1850 1195 1904 illa
1233 1853 1341 1920 ipsa
1380 1856 1509 1909 liora
1566 1868 1851 1926 surgerent
1883 1899 1898 1923 ,
1936 1870 1991 1912 et
2037 1876 2118 1913 re-

2234 1877 2317 1930 μιν
2349 1829 2461 1929 ἔχει
2513 1862 2544 1929 ἡ
2581 1859 2673 1913 τοῦ
2725 1829 2958 1930 Κυρίου⁷
2983 1829 3163 1928 σάῥξξ
3211 1829 3459 1931 ’.Ασανὴς-
3489 1859 3544 1912 δὲ
3588 1859 3773 1926 γίνεται

537 1949 880 1994 verterentur
904 1942 956 1996 in
977 1941 1278 1998 Jerusalem
1313 1965 1325 2000 :
1357 1963 1460 2001 non
1492 1949 1681 2002 eadem
1706 1951 1924 2018 quidem
1947 1952 2076 2006 hoi-a
2098 1994 2114 2019 ,

541 2031 632 2082 sed
674 2043 1027 2087 surrexerunt
1088 2038 1303 2103 quidem
1344 2038 1472 2091 liora
1521 2038 1632 2102 illa,
1681 2042 1882 2094 reversi
1935 2053 2113 2096 autem

541 2131 669 2175 sunt
713 2134 834 2190 post
900 2127 1241 2195 complures,
1291 2132 1588 2186 secundum
1636 2134 1776 2199 quod
1828 2134 2118 2189 verisimile

542 2225 626 2266 est
657 2214 758 2267 iter
791 2215 984 2270 fecisse
1008 2229 1199 2274 euntes
1223 2223 1454 2290 Spatium
1485 2225 1765 2292 sexaginta
1793 2226 2116 2289 stadiorum,

545 2303 596 2355 in
651 2305 844 2372 quibus
881 2309 1103 2362 omnino
1155 2321 1204 2362 et
1262 2310 1528 2367 Dominus
1572 2317 1720 2368 visus
1768 2326 1849 2368 est
1896 2316 2126 2380 Simoni,

544 2397 668 2449 dum
741 2397 816 2450 illi
873 2400 1084 2454 interim
1144 2415 1490 2457 revertuntur
1533 2403 1857 2461 Jerusalem.
1914 2409 2126 2463 Ardens

543 2498 722 2542 autem
765 2499 878 2543 erat
912 2506 1008 2546 cor
1053 2508 1263 2557 eorum,
1299 2495 1379 2549 vel
1429 2497 1554 2549 dttm
1618 2498 1740 2566 igne
1783 2499 2122 2566 cloquiorum

549 2580 755 2634 Domini
794 2582 886 2636 illo
917 2583 1311 2653 interpretante
1366 2587 1692 2642 intrinsecus
1726 2593 2122 2644 succendere-u-

548 2682 654 2736 tur,
688 2683 742 2727 et
770 2675 875 2728 illis
905 2691 1024 2745 qua:
1057 2679 1396 2745 dicebautur,
1432 2682 1827 2735 assentirentur
1855 2694 1910 2734 ut
1939 2686 2118 2738 veris:

547 2765 632 2819 vel
695 2767 819 2821 dum
876 2769 966 2831 illo
1012 2770 1408 2840 interpretante
1451 2771 1762 2840 Scripturas
1817 2783 2128 2840 tangeretur

545 2871 642 2910 cor
675 2871 860 2911 eorum
909 2862 1274 2929 intrinsecus,
1316 2865 1459 2932 quod
1512 2865 1596 2918 hic
1627 2865 1719 2934 qui
1765 2867 1917 2919 nobis
1958 2865 2128 2920 inter-

548 2957 790 3016 pretatur
821 2949 1152 3021 Scripturas,
1185 2953 1436 3009 Christus
1467 2966 1572 3010 est.

2223 1948 2318 2002 ἀπ’
2362 1949 2576 2001 αὐτῶνθ
2608 1949 2814 2002 οὐκέτι
2863 1951 2970 2020 γάρ
3020 1950 3260 2002 τοιοῦτον
3309 1946 3426 2018 εἶχε
3470 1949 3648 2018 σῶμα,
3679 1945 3773 2001 οἷον

2226 2041 2317 2092 ἐπὶ
2355 2039 2486 2093 πολὺ
2545 2039 2872 2109 σωματικῶς
2926 2039 3233 2108 συνδιάγειν
3284 2040 3502 2104 αὐτοῖς,
3553 2041 3644 2093 καὶ
3676 2039 3772 2108 ἅμα

2225 2132 2312 2184 ἵνα
2351 2131 2579 2186 πλείονι
2612 2134 2678 2184 ὲκ
2713 2133 2902 2186 τούτου
2933 2132 3029 2184 τὸν
3079 2132 3243 2186 πόθον
3273 2133 3554 2202 ἐπαυξήσῃ
3594 2133 3769 2191 αὐτοῖς.

2224 2222 2383 2277 Οὕτω
2410 2223 2541 2292 γοῦν
2569 2225 2865 2296 ἐχάρησαν,
2897 2224 3036 2277 ὥστε
3069 2224 3205 2293 αύτῇ
3238 2227 3301 2294 τῇ
3336 2223 3454 2294 ὥρᾳ
3476 2223 3768 2290 ἀναστῆναι,

2229 2317 2324 2368 καὶ
2374 2316 2715 2385 ὑποστρέψαι
2762 2318 2841 2378 είς
2900 2315 3280 2386 Ἰερουσαλὴμ,
3326 2315 3426 2367 οὐκ
3457 2315 3591 2384 αὐτῇ
3629 2315 3679 2366 δὲ
3714 2318 3766 2382 τῇ

2228 2406 2368 2478 ὥρᾳ.
2423 2409 2755 2477 ’Λνέστησαν
2811 2407 2912 2476 μὲν
2943 2408 3051 2476 γὰρ
3103 2408 3223 2462 κατ’
3259 2407 3428 2476 αὐτὴν
3484 2409 3580 2474 τὴν
3623 2407 3764 2473 ὤραν.

2228 2499 2577 2569 ὑπέστρεψαν
2625 2499 2680 2552 δὲ
2723 2499 2862 2568 μετὰ
2895 2499 3132 2561 πλείους,
3163 2500 3295 2561 ὅσας
3332 2499 3476 2561 εἰκὸς
3508 2495 3573 2567 ἦν
3600 2498 3767 2559 αὐτοὺς

2229 2591 2451 2660 ποιῆσαι
2480 2589 2538 2642 τὸ
2569 2589 2844 2659 διάστημα
2874 2591 2982 2642 τῶν
3008 2590 3273 2660 ἐξήκοντα
3306 2589 3534 2644 σταδίων
3565 2588 3768 2658 βαδίζω-

2229 2698 2347 2743 τας,
2381 2681 2437 2733 ὲν
2468 2673 2556 2745 αἶς
2590 2680 2810 2742 πάντως
2844 2683 2938 2734 καὶ
2962 2683 2989 2732 ὁ
3017 2682 3293 2748 Δεσπότης
3319 2679 3477 2749 ὤφθη
3497 2679 3570 2747 τῷ
3598 2680 3764 2745 Σίμωνι

2226 2773 2316 2826 διὰ
2345 2774 2532 2842 μέσου,
2573 2773 2999 2842 ὁδοιπορούντων
3031 2774 3210 2826 αὐτῶν
3259 2775 3318 2826 ἐν
3368 2776 3434 2843 τῇ
3469 2774 3761 2839 ὑποστροφῇ.

2235 2865 2516 2934 Καιομένη
2549 2865 2606 2916 δὲ
2827 2864 3019 2937 καρδία
3047 2864 3245 2927 αὐτῶν,
3317 2866 3344 2934 ἤ
3392 2865 3471 2935 τῷ
3520 2864 3645 2932 πυρὶ
3681 2864 3766 2914 τιὶν

2237 2955 2413 3022 λόγων
2438 2956 2532 3009 τοῦ
2557 2957 2762 3028 Κυρίου
2787 2975 2801 2988 θ
2830 2959 3222 3028 ἑρμηνεύοντος
3250 2959 3354 3026 γάρ
3379 2959 3575 3019 αὐτοῖς,
3599 2955 3770 3025 διεθερι

555 3039 811 3106 μαίνοντο
843 3042 1046 3096 ἔσωθεν
1085 3045 1177 3097 καὶ
1206 3046 1596 3103 συνδιετίθεντο
1631 3045 1724 3099 ἐπὶ
1761 3049 1874 3111 τοῖς
1918 3045 2232 3116 λεγομένοις
2278 3046 2354 3110 ὡς
2419 3047 2708 3117 ἀληθέσιν·
2759 3047 2791 3118 ἢ
2847 3049 2928 3101 ὅτι
2992 3047 3392 3119 ὲρμηνεύοντος
3466 3048 3634 3106 αὐτοῖς
3687 3046 3767 3104 τὰς

551 3131 808 3202 Γραφάς,
867 3135 1176 3189 ὲπὰτασσεν
1224 3136 1426 3191 ἔσωθεν
1467 3141 1500 3209 ή
1551 3140 1749 3211 καρδία
1793 3141 1994 3209 αὐτῶν,
2044 3142 2126 3195 ὅτι
2163 3134 2330 3204 Οὗτος
2361 3144 2388 3195 ὁ
2424 3142 2742 3212 ἑρμηνεύων
2771 3145 2902 3214 ἡμῖν
2932 3145 3087 3196 ἐστιν
3145 3144 3172 3194 ὁ
3232 3141 3460 3212 Κύριος.

623 3225 789 3281 Vens.
824 3228 1014 3284 36-“.
1056 3249 1074 3282 ι
1112 3229 1245 3284 Dum
1288 3242 1468 3287 autent
1508 3235 1620 3289 lucc
1650 3237 1963 3304 loquuntur,
2021 3245 2128 3291 ste-
2155 3241 2200 3303 C

557 3317 620 3376 tit
667 3315 826 3374 Jesus
869 3321 980 3388 ipse
1026 3322 1076 3374 in
1115 3325 1290 3378 medio
1327 3341 1534 3392 eorum,
1569 3336 1623 3380 et
1664 3329 1798 3383 dixit
1867 3329 1987 3384 eis:
2025 3329 2134 3385 Pax

555 3409 728 3464 vobis.
768 3411 1118 3481 Expavel‘acti
1157 3431 1284 3470 vero
1311 3427 1364 3471 et
1393 3421 1715 3487 conterriti,
1749 3423 2137 3478 existimabant

555 3517 613 3556 se
646 3503 894 3570 Spiritum
935 3507 1115 3561 videre
1147 3523 1160 3558 :
1193 3518 1247 3562 ct
1281 3509 1414 3564 dixit.
1444 3511 1524 3566 eis
1551 3530 1564 3566 :
1592 3512 1729 3579 Quid
1759 3515 1958 3570 turbati
1981 3516 2136 3581 estis,

558 3603 611 3649 et
643 3596 998 3663 cogitationes
1037 3601 1336 3656 ascendunt
1370 3604 1421 3657 in
1475 3607 1728 3661 cordibus
1781 3610 2013 3664 vestris?
2046 3610 2138 3666 Vi-

557 3685 680 3740 dete
711 3703 900 3743 manus
932 3706 1080 3745 meas
1109 3701 1162 3744 et
1188 3694 1348 3760 pedes
1385 3710 1554 3759 meos,
1583 3697 1708 3766 quia
1733 3714 1832 3769 ego
1853 3700 1965 3769 ipse
1992 3718 2133 3758 sum.

558 3775 905 3832 Contrectate
939 3795 1023 3835 me
1072 3793 1124 3835 et
1163 3783 1358 3849 videte,
1398 3787 1525 3855 quia
1558 3787 1782 3856 spiritus
1814 3807 2033 3844 carnem
2085 3802 2138 3847 et

560 3882 682 3922 ossa
733 3885 836 3925 non
873 3872 1054 3936 habet,
1105 3875 1244 3929 sicut
1295 3893 1379 3933 me
1419 3881 1612 3935 videtis
1653 3881 1875 3936 habere.
1913 3883 1977 3937 Et
2012 3900 2135 3939 cum

560 3959 677 4015 haec
711 3959 959 4030 dixisset,
1009 3966 1248 4020 ostendit
1297 3969 1376 4022 eis
1410 3986 1601 4025 manus
1632 3988 1695 4026 ac
1732 3976 1914 4043 pedes.
1953 3974 2142 4030 Adhuc

563 4064 743 4106 autem
775 4053 880 4110 illis
912 4071 1020 4112 non
1065 4060 1412 4115 credentibus
1445 4079 1551 4132 pra:
1587 4066 1801 4134 gaudio,
1839 4077 1892 4120 et
1940 4069 2144 4122 miran-

565 4145 734 4210 tibus,
767 4146 904 4201 dixit
931 4150 1050 4206 eis:
1088 4149 1307 4207 Habetis
1371 4156 1456 4209 llic
1507 4157 1707 4224 aliquid
1735 4159 1934 4212 edulii?
1966 4161 2032 4213 At
2068 4161 2140 4216 illi

565 4239 878 4292 obtulerunt
921 4241 970 4293 ei
1028 4254 1234 4310 partem
1285 4245 1447 4314 piscis
1489 4250 1678 4314 assati,
1728 4260 1782 4304 et
1826 4251 2028 4318 aliquid
2079 4255 2143 4308 de

567 4327 689 4380 favo
723 4331 927 4396 apiario
962 4347 977 4385 :
1019 4345 1072 4386 et
1121 4339 1347 4404 accepit,
1393 4347 1446 4392 ct
1498 4340 1548 4392 in
1581 4354 1872 4411 conspectu
1928 4347 2139 4400 illorum

567 4423 825 4485 comedit,
875 4431 928 4476 et
962 4425 1094 4478 dixit
1121 4427 1185 4479 ad
1219 4443 1354 4482 eos:
1394 4429 1519 4486 llaec
1551 4441 1677 4485 sunt
1713 4435 1870 4488 verba
1912 4451 2029 4503 quae
2065 4435 2141 4489 lo-

566 4523 724 4568 cutus
777 4529 893 4568 smn
938 4516 1003 4570 ad
1067 4532 1161 4572 vos
1213 4536 1334 4573 cuin
1395 4523 1571 4577 adlmc
1628 4539 1800 4578 essem
1844 4527 2140 4594 vobiscum,

2310 3256 2328 3287 ι
2364 3238 2548 3292 Ταῦτα
2577 3239 2634 3292 δὲ
2670 3237 2847 3292 αὐτῶν
2876 3236 3200 3300 λαλούντων,
3232 3239 3328 3290 καὶ
3355 3237 3513 3296 αὐτὸς
3543 3237 3569 3287 ὁ
3599 3231 3772 3301 Ἰησοῦς

2237 3328 2367 3400 ἔστη
2419 3332 2476 3383 ὲν
2513 3332 2664 3402 μέσῳ
2702 3331 2809 3384 τῶν
2847 3329 3105 3400 μαθητῶν
3146 3329 3335 3391 αὐτοῦ,
3381 3329 3474 3382 καὶ
3525 3328 3659 3394 λέγει
3697 3327 3775 3378 αύ-

2237 3424 2370 3481 τοῖς·
2408 3423 2612 3493 Εἰρήνη
2643 3423 2792 3492 ὑμῖν.
2829 3422 3161 3492 Πτοηθέντες
3188 3421 3242 3474 δὲ
3281 3423 3374 3474 καὶ
3405 3420 3622 3489 ἔμφοϐοι
3647 3422 3773 3484 γενό-

2233 3530 2412 3584 μενοι,
2448 3515 2664 3568 ἐδόκουν
2714 3514 2929 3585 πνεῦμα
2974 3515 3219 3581 θεωρεῖν·
3272 3514 3365 3565 καὶ
3411 3508 3560 3565 εἶπεν
3597 3514 3772 3573 αὐτοῖς·

2239 3608 2304 3660 Τί
2337 3607 2733 3679 τεταραγμένοι
2767 3607 2929 3670 me;
2981 3607 3020 3658 Κ
3038 3608 3094 3658 αὶ
3136 3605 3274 3657 διατί
3309 3605 3633 3671 διαλογισμοὶ
3675 3608 3776 3657 ἀναο

2241 3700 2518 3753 ϐαίνουσιν
2556 3701 2614 3752 ὲν
2644 3702 2764 3762 ταῖς
2793 3699 3042 3768 καρδίαις
3075 3697 3262 3766 ύμῶν;
3300 3698 3466 3749 Ἴδετε
3504 3697 3595 3756 τὰς
3622 3697 3776 3763 χεῖρας

2241 3792 2336 3846 καὶ
2368 3793 2490 3850 τοὺς
2525 3792 2690 3854 πόδινς
2734 3809 2856 3860 μου,
2891 3791 2972 3843 ὅτι
3011 3791 3171 3851 aito;
3206 3788 3317 3855 ἐγώ
3370 3789 3506 3856 ειμι.
3541 3788 3778 3854 Velat-

2243 3883 2372 3936 σατέ
2408 3899 2475 3951 με
2509 3884 2602 3935 καί
2631 3881 2788 3942 ἴδετε,
2817 3882 2898 3934 ὅτι
2945 3878 3162 3945 πνεῦμα
3196 3880 3373 3945 σάρκα
3406 3877 3498 3929 καὶ
3526 3878 3678 3927 ὀστέα
3701 3875 3780 3925 οὖεε

2243 3976 2376 4044 ἔχει,
2416 3973 2599 4039 καθὼς
2630 3976 2730 4044 ἐμὲ
2765 3973 3017 4043 θεωρεῖτε
3046 3972 3255 4040 ἔχοντα.
3298 3971 3406 4022 Καὶ
3435 3967 3587 4020 τοῦτο
3624 3967 3780 4022 εἰπὼν,

2243 4065 2444 4131 ἔδειξεν
2493 4068 2673 4127 αὐτοῖς
2722 4065 2820 4126 τὰς
2853 4067 3036 4132 χεῖρα,
3073 4061 3167 4114 καὶ
3200 4063 3324 4123 τοὺς
3375 4060 3558 4121 πέδας.
3597 4058 3702 4110 Ἔτι
3739 4057 3782 4106 ξι

2243 4159 2616 4213 ἀπιστούντων
2670 4157 2851 4210 αὐτῶν
2891 4156 2996 4208 ἀπὸ
3033 4155 3132 4223 τῆς
3178 4155 3355 4223 χαρᾶς
3391 4153 3486 4205 καὶ
3520 4153 3786 4220 θαυμάζοι

2243 4271 2373 4315 των,
2410 4248 2562 4305 εἶπεν
2612 4252 2812 4313 αὐτοῖς·
2867 4249 3055 4317 Ἔχετέ
3084 4266 3132 4299 τι
3169 4247 3446 4316 βρώσιμον
3497 4246 3668 4298 ἐνθάδε
3693 4263 3705 4303 ;
3735 4246 3780 4290 ⁸ῖὶ

2243 4345 2300 4398 δὲ
2337 4345 2614 4396 ἐπέδωκαν
2653 4342 2799 4408 αύτῷ
2835 4340 3015 4410 ἰχθύος
3039 4339 3206 4392 ὀπτοῦ
3245 4339 3432 4408 μέρος,
3459 4341 3551 4390 καὶ
3590 4339 3685 4390 ἀπὶ
3712 4353 3784 4401 με·

2245 4436 2451 4490 λισσίου
2497 4435 2713 4505 κηρίουο
2752 4438 2842 4488 καῖ
2878 4433 3057 4486 λαϐὼν
3095 4432 3325 4484 ἐνώπιον
3387 4432 3563 4484 αὐτῶν

2248 4521 2381 4578 Εἶπε
2415 4526 2469 4577 δὲ
2503 4525 2704 4584 αὐτοῖς·
2750 4519 2910 4577 Οὗτοι
2965 4523 3013 4574 οί
3069 4521 3215 4588 λόγοι
3262 4520 3354 4584 οὓς
3401 4520 3629 4589 ἐλάλησα
3679 4519 3781 4584 πρὶλς

567 4610 710 4675 quod
744 4622 966 4662 necesse
1003 4611 1139 4666 l'oret
1173 4611 1378 4680 impleri
1413 4616 1592 4668 omnia
1625 4632 1744 4683 qua:
1776 4619 1974 4686 scripta
2019 4635 2131 4673 sum

2251 4616 2392 4684 ὑμᾶς
2420 4613 2498 4664 ἔτι
2522 4612 2595 4665 ῶν
2629 4614 2724 4666 σὺν
2756 4612 2904 4680 ὑμῖν,
2942 4612 3023 4664 ὅτι
3061 4610 3139 4662 δεῖ
3167 4610 3524 4678 πληριιιθῆναι
3558 4609 3712 4660 πάντα
3735 4611 3782 4656 τι

569 4699 620 4752 in
647 4700 761 4766 lege
789 4700 938 4768 MUSI,
960 4713 1013 4756 et
1047 4705 1338 4772 prophetis,
1379 4718 1430 4759 ct
1465 4707 1691 4763 Psalmis
1724 4711 1791 4764 de
1828 4727 1928 4766 me.
1971 4731 1989 4764 ι
2043 4713 2147 4767 Do-

569 4791 746 4844 minus
778 4803 996 4861 promer
1024 4795 1249 4849 salutem
1288 4809 1525 4852 nostram
1561 4801 1742 4854 omnia
1788 4801 2013 4867 iaciens,
2043 4814 2147 4858 stat

567 4883 636 4938 in
659 4886 836 4938 medio
871 4888 1280 4955 discipulorum,
1317 4892 1500 4946 volens
1537 4893 1642 4946 illis
1691 4897 2143 4950 resurrectionem

569 4978 970 5032 credibiliorem
1007 4979 1144 5044 ﬁeri,
1179 4992 1232 5034 et
1280 4984 1510 5050 primum
1546 4984 1702 5037 solita
1748 4987 1894 5053 pacis
1947 4989 2148 5056 imprc-

571 5073 784 5126 catione
840 5073 1308 5141 perturbatioan
1361 5076 1574 5130 illorum
1625 5081 1798 5133 sedat.
1851 5079 1913 5133 Et
1955 5081 2150 5134 iterum

573 5165 809 5215 ostendit
847 5164 990 5233 quod
1040 5165 1152 5234 ipse
1197 5166 1266 5219 sit
1324 5167 1413 5221 ille
1467 5169 1700 5237 ipsorum
1750 5173 2028 5240 magister,
2058 5171 2151 5241 qui

577 5253 651 5306 ita
697 5255 894 5323 alloqui
929 5257 1178 5326 gaudeat,
1215 5268 1270 5312 et
1303 5274 1394 5314 eos
1427 5260 1492 5312 ad
1547 5262 1981 5329 paciﬁcationem
2033 5263 2155 5315 ruit-

579 5356 700 5400 tens
751 5349 972 5404 animet.
1028 5348 1228 5405 Verum
1281 5353 1405 5420 quia
1461 5354 1767 5406 animarum
1817 5356 2152 5422 perturbatio

581 5438 762 5491 verbis
797 5454 900 5491 non
954 5441 1262 5506 sedabatur,
1307 5453 1572 5499 monstrat
1615 5446 1695 5499 eis
1733 5448 1894 5499 etiam
1940 5445 2156 5500 aliunde

587 5530 780 5584 filium
834 5530 923 5585 Dei
975 5549 1032 5586 se
1073 5550 1217 5596 esse.
1246 5537 1406 5590 corda
1451 5547 1854 5606 agnoscentem.
1905 5555 1925 5589 ι
1981 5537 2160 5604 Quare

583 5623 748 5689 enim,
783 5643 802 5675 ι
863 5626 1056 5694 inquit,
1097 5645 1116 5678 ι
1155 5630 1511 5697 cogitationes
1545 5633 1842 5684 ascendunt
1891 5631 1944 5683 in
1995 5633 2158 5686 corda

589 5719 818 5772 vestra?
856 5737 874 5770 ι
909 5719 1118 5774 Etenim
1167 5721 1220 5774 in
1262 5721 1510 5776 confesso
1543 5731 1646 5788 est,
1689 5724 1857 5778 solius
1902 5723 1994 5777 Dei
2043 5740 2162 5779 esse

591 5823 918 5879 cognoscere
943 5812 1127 5867 corda.
1173 5810 1398 5881 Suhjieit
1423 5823 1600 5868 autem
1633 5822 1686 5868 et
1710 5812 1852 5868 aliud
1876 5828 2166 5890 argumen-

2256 4705 2618 4775 γεγραμμένα
2674 4707 2730 4757 ἐν
2764 4704 2837 4773 τῷ
2871 4703 3020 4773 νόμῳ
3051 4703 3312 4764 Μωσέως,
3363 4703 3458 4754 καὶ
3499 4702 3783 4770 προψήταις,

2253 4802 2348 4853 καὶ
2376 4799 2622 4868 Ψαλμοῖς
2659 4797 2785 4868 περὶ
2818 4796 2974 4866 ἐμοῦ.
3015 4816 3031 4848 ι
3085 4797 3144 4849 ’0
3177 4797 3351 4850 πάντα
3383 4798 3518 4864 πρὸς
3555 4794 3785 4860 σωτηρίαν

2257 4892 2412 4962 ἡμῶν
2440 4890 2744 4960 οἰκονομῶν
2781 4889 3002 4960 Κύριος,
3055 4889 3266 4940 ἵσταται
3300 4889 3356 4939 ἐν
3405 4889 3550 4956 μέσῳ
3587 4887 3681 4937 τῶν
3709 4901 3785 4951 μα·

2255 4984 2458 5052 θητῶν,
2494 4983 2870 5037 πιστώσασθαι
2899 4982 2994 5053 τὴν
3019 4981 3310 5035 ἀνάστασιν
3333 4980 3523 5033 θέλων.
3553 4975 3787 5043 lini-:91;—

2257 5093 2347 5129 τον
2376 5076 2476 5145 μὲν
2507 5075 2592 5128 διὰ
2624 5074 2718 5127 τοῦ
2754 5074 3018 5142 συνήθους
3056 5072 3512 5142 προσφθέγματος
3548 5072 3635 5137 τῆς
3665 5071 3786 5134 εἰρή-

2257 5183 2354 5233 νης
2404 5163 2756 5218 καταστέλλει
2805 5163 2898 5216 τὸν
2947 5162 3173 5230 θόρυϐον
3221 5161 3423 5225 αὐτῶν,
3479 5161 3592 5228 ἅμα
3631 5161 3677 5210 δὲ
3716 5160 3785 5208 iui

2259 5259 2553 5319 δείκνυσίνο
2579 5256 2651 5319 ὡς
2677 5255 2836 5317 αὖτδς
2857 5255 3060 5316 ἐκεῖνός
3082 5255 3228 5306 ἔστιν
3247 5256 3274 5305 ὁ
3291 5253 3601 5312 διδάσκαλος
3623 5250 3784 5305 αὐτῶν,

2263 5353 2290 5405 ὀ
2319 5351 2493 5421 τούτῳ
2531 5347 2608 5419 τῷ
2647 5349 2994 5419 προσρήματι
3046 5347 3266 5416 χαίρων,
3319 5347 3413 5397 καὶ
3456 5347 3620 5408 τούτῳ
3655 5343 3784 5394 καίει-

2263 5443 2459 5504 πλίσας
2486 5442 2580 5494 καὶ
2608 5441 2822 5503 αὐτοὺς,
2852 5439 3088 5508 ὁπηνίκα
3119 5439 3251 5507 πρὸς
3275 5439 3335 5490 τὸ
3359 5439 3613 5506 κήρυγμα
3637 5435 3787 5486 ἐττει.-

2263 5536 2373 5589 λεν.
2410 5534 2567 5587 Ἐπεὶ
2595 5533 2652 5584 δὲ
2685 5532 2772 5585 διὰ
2804 5532 2898 5584 τοῦ
2933 5533 3176 5602 ῥήματος
3205 5529 3396 5580 τούτου
3427 5530 3486 5580 οὐ
3528 5527 3783 5587 κατεστὲὶη

2265 5629 2294 5681 ὁ
2339 5627 2436 5696 τῆς
2469 5627 2646 5696 ψυχῆς
2684 5623 2864 5677 αὐτῶν
2907 5622 3154 5694 θόρυϐος,
3190 5621 3461 5674 δείκνυσιν
3501 5620 3662 5678 αὑτοτς
3689 5616 3780 5664 ἑτέ·

2271 5719 2441 5789 ρωθεν
2471 5719 2552 5781 ὅτι
2583 5718 2610 5769 ὁ
2647 5717 2770 5778 Υἱὸς
2802 5717 2892 5768 τοῦ
2923 5713 3058 5768 Θεοῦ
3096 5715 3264 5776 ἐστιν,
3297 5714 3325 5765 ὁ
3351 5713 3447 5774 τὰς
3482 5709 3681 5778 inpiis;
3711 5721 3774 5768 τί·

2270 5808 2510 5864 νὼσκων.
2547 5826 2564 5859 ι
2595 5805 2743 5860 Διατί
2772 5806 2897 5874 γὰρ,
2927 5803 3081 5876 φησὶ,
3102 5802 3439 5872 διαλογισμοὶ
3457 5797 3777 5854 inihi-anum
