3932 6456
127 351 264 416 1121

800 356 1263 419 ENARBATIO
1304 356 1386 418 IN
1420 356 1926 420 EVANGELIUM
1968 356 2207 419 LUCE.
2239 381 2311 392 —
2339 356 2499 420 CAP.
2533 360 2737 421 XXIV.

3249 357 3385 423 11:22

120 469 179 518 ὲν
208 466 333 527 ταῖς
388 462 638 532 καρδίαις
667 462 860 535 ὑμῶνς
901 485 920 517 ι
969 467 1187 532 πάντως
1214 467 1273 521 δὲ
1311 467 1373 522 τὸ
1415 467 1709 537 γινώσκειν

1816 477 1953 533 tum,
1975 466 2335 537 palpationem
2363 482 2616 523 manuum
2639 481 2689 523 et
2708 468 2901 539 pedum
2934 468 3072 540 ejus.
3094 470 3201 528 Vos
3217 474 3384 527 enim.

121 557 354 625 καρδίας
391 554 526 607 Θεοῦ
572 555 1021 626 ὁμολογουμένως
1081 560 1219 615 ἐστί.
1284 560 1567 632 Ἐπιφέρει
1611 561 1706 614 καὶ

119 647 334 716 ἕτερον,
368 646 467 717 τὴν
514 646 831 718 ψηλάφησιν
866 650 977 702 τῶν
1008 651 1208 720 χειρῶν
1237 652 1333 705 καὶ
1360 653 1472 705 τῶν
1503 653 1703 707 ποδῶν.

136 736 331 810 Ὑμεῖς
373 739 469 809 μὲν
515 740 643 810 γὰρ,
695 742 851 811 φησὶ,
892 743 957 811 μὲ
1009 744 1226 814 πνεῦμα
1287 745 1493 798 δοκεῖτε
1545 742 1704 815 εἷναι,

120 832 247 902 ἦτοι
278 831 593 901 φάντασμα,
627 828 716 887 οἷα
771 833 939 887 πολλὰ
972 835 1084 888 τῶν
1130 836 1439 891 τεθνεώτων
1471 837 1707 908 μάλιστα

122 924 260 996 περὶ
287 924 357 977 τὰ
385 925 644 995 μνήματα
677 927 970 995 φαντάξειν
1021 928 1238 983 εἴωθεν*
1302 930 1418 983 ἀλλ’
1456 933 1591 994 ἴστε,
1624 932 1706 986 ὅτι

119 1016 186 1068 τό
217 1016 318 1085 μὲν
357 1014 572 1084 πνεῦμα
608 1014 732 1069 οὑτε
768 1017 967 1087 σάρκα,
993 1015 1121 1070 οὔτε
1160 1020 1320 1072 ὀστέα
1348 1020 1478 1091 ἔχει*
1508 1022 1619 1090 ἐγὼ
1650 1021 1708 1077 δὲ

122 1108 225 1160 καὶ
254 1107 436 1177 σάρκα
464 1109 558 1162 καὶ
586 1109 750 1161 ὀστέα
780 1107 908 1180 ἔχω.
946 1110 993 1162 εί
1026 1108 1120 1162 καὶ
1146 1110 1391 1182 θειότερα
1420 1115 1514 1167 καὶ
1544 1131 1709 1168 πνευ-

126 1200 359 1266 ματικά.
392 1200 465 1253 Τὸ
493 1200 603 1270 γὰρ
650 1200 744 1253 τοῦ
777 1201 982 1271 Κυρίου
1020 1201 1180 1272 σῶμα
1231 1204 1449 1275 πνεῦμα
1481 1205 1578 1276 μὲν
1608 1207 1710 1261 οὐκ

122 1287 218 1361 ἦν,
279 1293 651 1364 πνευματικὸν
702 1294 781 1361 δὲ,
843 1295 1118 1360 τουτέστι,
1173 1298 1353 1365 πάσης
1398 1298 1710 1371 παχύτητος

125 1383 310 1450 ἐκτὸς,
346 1386 620 1455 πνεύματι
651 1385 1042 1457 διοικούμενον.
1090 1387 1163 1441 Τὸ
1194 1390 1293 1458 μὲν
1327 1388 1432 1461 γάρ
1470 1389 1649 1460 σῶμα,
1680 1392 1709 1444 ὃ

126 1473 226 1526 νῦν
254 1474 472 1546 ἔχομεν,
505 1476 736 1547 ψυχικόν
777 1479 914 1541 ἐστι,
957 1481 1253 1545 τουτέστιν,
1299 1480 1445 1551 ψυχῇ
1477 1481 1710 1534 διοικού-

130 1584 318 1637 μενον,
352 1569 449 1621 καὶ
481 1568 914 1639 ζωογονούμενον
954 1574 1076 1634 ταῖς
1120 1575 1375 1639 φυσικαῖς
1410 1575 1504 1626 καὶ
1543 1572 1710 1645 ψυχι-

128 1659 257 1722 καῖς
293 1660 542 1730 ποιότησι
572 1662 668 1715 καὶ
691 1661 975 1732 δυνάμεσι.
1004 1661 1078 1716 Τὸ
1101 1664 1157 1717 δὲ
1188 1666 1324 1733 μετὰ
1344 1666 1442 1736 τὴν
1470 1664 1708 1720 ἀνάστα-

132 1767 222 1804 σιν
274 1754 650 1823 πνευματικὸν
683 1752 965 1823 ὠνόμασεν
1007 1756 1035 1808 ὁ
1086 1755 1316 1822 Παῦλος,
1345 1758 1510 1827 ἤγουν
1543 1758 1708 1811 πνεύ-

133 1860 265 1912 ματι
295 1845 731 1917 ζωογονούμενον
763 1848 893 1918 θείῳ
922 1849 1018 1901 καὶ
1062 1848 1454 1919 διοικούμενον,
1504 1849 1602 1905 καὶ
1646 1851 1708 1904 οὗ
1737 1821 1785 1880 Β

127 1935 299 2005 ψυχῇ,
359 1934 549 2005 τρόπῳ
604 1938 901 2009 ἀπορρήτῳ
968 1940 1064 1993 καὶ
1136 1941 1496 2011 πνευματικῷ
1576 1941 1713 2013 πρὸς

129 2027 443 2098 ἀφθαρσίαν
496 2031 1004 2100 μεταστοιχειωθὲν,
1052 2032 1149 2085 καὶ
1188 2034 1247 2085 ὲν
1298 2032 1472 2105 ταύτῃ
1510 2050 1711 2105 συντη-

134 2119 420 2190 ρούμενον.
446 2120 698 2176 Τοιοῦτον
720 2122 943 2195 οῦν-χρη
963 2126 1101 2178 νοεῖν
1115 2125 1177 2178 τὸ
1201 2124 1294 2179 τοῦ
1317 2127 1524 2196 Κυρίου
1551 2127 1712 2195 σῶμα

131 2214 275 2283 μετὰ
314 2219 413 2284 τὴν
443 2214 758 2281 ἀνάστασιν,
795 2217 1186 2287 πνευματικόν,
1236 2216 1334 2271 καὶ
1364 2217 1579 2281 λεπτὸν,
1615 2218 1711 2272 καὶ

128 2308 317 2378 πάσης
344 2307 654 2378 παχύτητος
680 2309 857 2374 ἐκτὸς,
885 2310 978 2363 καὶ
1006 2308 1129 2363 οὕτε
1155 2310 1382 2379 τροφῆς,
1401 2310 1524 2364 οὔτε
1551 2309 1710 2364 ἄλλου

125 2400 275 2462 τινὸς
318 2400 592 2469 δεόμενον,
638 2402 691 2454 εί
741 2400 837 2455 καὶ
875 2400 1012 2471 πρὸς
1060 2401 1324 2455 πίστωσιν
1363 2401 1587 2469 ἔφαγεν.
1645 2402 1711 2454 Ὀ

127 2491 244 2561 γὰρ
273 2489 500 2559 ἔφαγεν,
545 2491 607 2544 οὑ
660 2492 804 2547 κατὰ
860 2492 1023 2562 φύσιν
1058 2493 1282 2562 ἔφαγεν,
1316 2492 1451 2547 ἀλλὰ
1483 2492 1603 2547 κατ’
1633 2495 1712 2546 οὶ-

128 2583 422 2654 κονομίαν,
453 2584 539 2636 ἵνα
558 2583 706 2656 δείξῃ
736 2585 818 2637 ὅτι
846 2584 977 2638 αὐτὸ
1007 2583 1065 2637 τὸ
1095 2583 1268 2638 παθὸν
1293 2584 1453 2655 σῶμα
1484 2584 1708 2655 ἀνέστη.

127 2676 294 2729 Κατὰ
339 2674 499 2745 φύσιν
536 2675 720 2745 μέντοι
748 2675 906 2729 τοῦτο
927 2673 1002 2746 τῷ
1029 2674 1240 2745 σώματι
1268 2671 1357 2747 ἦν,
1403 2675 1465 2728 τδ
1504 2674 1711 2729 κεκλει-

129 2766 353 2836 σμένων
378 2767 484 2819 τῶν
511 2765 690 2838 θυρῶν
712 2765 960 2829 εἰσιέναι,
984 2765 1045 2818 τό
1065 2767 1282 2829 άκόπως
1307 2765 1413 2817 ἀπὸ
1439 2765 1604 2818 τόπου
1630 2766 1712 2829 είς

128 2858 303 2911 τόπον
335 2858 701 2928 μεταδαίνειν.
739 2855 1139 2913 Ἀπιστοὺντων
1175 2853 1267 2911 οὖν
1309 2857 1415 2910 τῶν
1451 2856 1709 2928 μαθητῶν

124 2950 240 3016 ἑτι,
272 2955 367 3003 καὶ
415 2949 550 3020 μηδὲ
580 2950 686 3003 arra
714 2952 811 3020 τῆς
839 2949 1205 3021 ψηλαφήσεως
1249 2951 1705 3013 ἁναπεισθέντων,

129 3042 233 3095 καὶ
276 3042 464 3112 ἕτερον
506 3040 851 3113 προστίθησι,
892 3045 952 3097 τὸ
979 3044 1080 3114 τῆς
1131 3043 1408 3113 βρώσεως,
1447 3042 1567 3114 θείᾳ
1603 3043 1710 3096 τινὶ

127 3135 364 3199 δυνάμει
435 3135 987 3205 καταναλισκομένων
1055 3135 1164 3189 τῶν
1231 3134 1706 3207 βιϐρωσκομένων.
1736 3165 1781 3228 C

128 3230 256 3284 Πᾶν
284 3230 394 3299 γὰρ
424 3229 483 3282 τὸ
509 3230 754 3298 φυσικῶς
787 3229 1222 3300 βιϐρωσκόμενον
1251 3228 1339 3282 διὰ
1371 3228 1466 3282 τοῦ
1507 3228 1711 3299 στόμα-

124 3338 228 3384 τος
284 3324 361 3383 είς
401 3320 685 3392 ἀφεδρῶνα
735 3322 939 3392 χωρεῖ’
986 3316 1065 3374 sit
1102 3320 1159 3374 δὲ
1191 3321 1253 3374 οὐ
1306 3320 1579 3389 φυσικῶς,
1636 3319 1713 3382 ὡς

124 3416 383 3483 εῐπομεν,
422 3414 535 3468 ἀλλ’
578 3415 945 3485 οἰκονομικῶς
987 3412 1376 3483 ὲ6ι6ρώσκετο.
1433 3413 1620 3483 Ἐχειν
1656 3412 1714 3466 δέ

124 3523 187 3560 τι
213 3508 310 3559 καὶ
341 3507 572 3576 αἴνιγμα
614 3507 759 3560 ἔοικε
788 3508 855 3561 τὰ
898 3508 1018 3561 τότε
1053 3508 1351 3579 βρωθένταο
1390 3507 1573 3579 ἰχθύος
1604 3508 1714 3577 γὰρ

126 3596 305 3650 ὀπτοῦ
337 3597 502 3666 μέρος
537 3596 747 3667 φαγὼν,
783 3597 1082 3655 αἰνίττεται
1115 3599 1195 3652 ὃτι
1225 3599 1325 3670 τὴν
1363 3598 1525 3668 φύσιν
1555 3599 1715 3670 ἡμῶν

128 3695 237 3759 τὴν
282 3690 340 3740 ἐν
372 3689 449 3757 τῷ
482 3688 711 3760 ἁλμυρῷ
750 3690 926 3762 τούτῳ
976 3689 1075 3761 βίῳ
1117 3691 1424 3762 νηχομένην
1461 3690 1540 3762 τῷ
1578 3691 1716 3761 πυρὶ

125 3785 234 3853 τῆς
267 3782 474 3845 οἰκείας
519 3782 772 3853 θεότητος
812 3782 1069 3854 ὲκτήξᾳς,
1109 3784 1203 3837 καὶ
1243 3784 1425 3837 πᾶσαν
1454 3784 1521 3853 ἢν
1568 3776 1714 3852 εἶχεν

126 3877 201 3928 ἐκ
231 3874 339 3928 τῶν
364 3874 572 3944 βαθέων
596 3873 707 3928 τῶν
734 3875 961 3941 ὑδάτων,
993 3874 1193 3943 μᾶλλον
1216 3874 1273 3929 δὲ
1301 3874 1409 3928 τῶν
1431 3876 1710 3945 κυμάτων,

127 3968 412 4039 ὑγρότητα
439 3966 766 4037 ὲξικμάσας,
799 3967 951 4022 θείαν
973 3967 1174 4039 βρῶσιν
1190 3969 1459 4037 πεποίηκε
1486 3966 1711 4036 ταύτην,

124 4060 236 4132 τὴν
267 4059 459 4131 πρώην
507 4059 803 4131 βδελυκτὴν
863 4059 1047 4131 ἡδεῖαν
1087 4058 1291 4129 βρῶσιν
1338 4059 1715 4131 ἐργασάμενος

125 4152 213 4224 τῷ
237 4152 379 4223 Θεῷ.
413 4151 586 4206 Τοῦτο
619 4154 749 4223 γὰρ,
783 4155 968 4223 φησὶν,
1000 4150 1304 4205 αίνίττεται
1336 4150 1398 4205 τὸ
1431 4150 1714 4221 μελίσσιον

128 4245 350 4315 κηρὶον,
373 4243 471 4315 τὴν
492 4243 587 4297 νῦν
612 4244 928 4314 γλυκύτητα
953 4243 1096 4312 λέγω
1115 4244 1213 4313 τῆς
1243 4243 1374 4313 πρὶν
1403 4241 1712 4312 ἁποὸλήτου

128 4337 295 4404 ἡμῶν
334 4333 572 4403 φύσεως.
627 4334 699 4387 Ἢ
745 4334 838 4387 καὶ
878 4334 1057 4402 τοῦτο,
1078 4328 1256 4404 οῐμαι,
1278 4331 1591 4398 αἰνίττεται,
1625 4332 1714 4386 διὰ

131 4427 240 4497 μὲν
285 4425 379 4480 τοῦ
432 4425 599 4479 ὀπτοῦ
636 4425 817 4495 ἰχθύος
854 4424 953 4497 τὴν
1004 4424 1333 4498 πρακτικὴν,
1375 4420 1713 4495 ὑφαιροῦσαν

1809 561 2002 628 inquit,
2021 561 2266 628 spiritum
2284 560 2484 628 putatis
2507 576 2589 614 me
2601 576 2743 625 esse,
2758 560 2923 633 496
2946 563 3023 616 vel
3042 566 3385 633 phantasma,

1807 651 1985 721 qualia
2034 650 2202 705 multa
2247 651 2389 704 circa
2439 665 2776 705 mortuorum
2823 656 3069 720 sepulcra
3123 670 3389 725 apparere

1807 744 1982 797 solent
2012 758 2027 795 :
2064 744 2159 798 sed
2188 742 2340 797 scitis
2375 744 2772 814 quiod‘Spiritus
2800 747 3013 814 quidem
3046 764 3222 815 neque
3254 765 3379 803 car-

1809 850 1929 889 nem
1962 850 2135 903 neque
2165 850 2287 889 ossa
2336 836 2497 890 habet
2526 852 2541 890 :
2573 850 2674 906 ego
2710 847 2888 890 autem
2923 853 3143 893 carnem
3175 850 3231 895 et
3261 856 3385 895 ossa

1808 928 2002 994 habeo,
2032 929 2240 981 tametsi
2266 928 2528 983 diviniora
2555 938 2610 983 et
2634 926 2960 997 spiritualia.
2994 931 3205 983 Domini
3240 934 3383 985 enim

1808 1035 2006 1088 corpus
2048 1020 2272 1089 spiritus
2307 1020 2525 1090 quidem
2569 1035 2674 1074 non
2719 1029 2859 1082 erat,
2927 1022 3021 1074 sed
3074 1022 3387 1090 spirituale,

1808 1111 1910 1166 hoc
1940 1120 2046 1179 est,
2083 1112 2287 1181 absque
2315 1112 2460 1166 omni
2489 1112 2871 1177 crassitudine,
2901 1125 2933 1166 a
2958 1112 3160 1189 ‘spiritu
3192 1114 3389 1183 guber—

1810 1212 2014 1259 natum.
2046 1204 2260 1259 Etenim
2289 1218 2487 1273 corpus
2527 1205 2668 1273 quod
2693 1218 2836 1258 nunc
2869 1205 3130 1259 habemus
3157 1205 3391 1259 animale

1809 1306 1912 1360 est,
1943 1298 2044 1350 hoc
2082 1306 2186 1362 est,
2218 1300 2284 1350 ab
2314 1298 2492 1351 anima
2533 1298 2761 1367 regitur,
2794 1304 2849 1351 et
2897 1313 2926 1350 a
2963 1299 3298 1353 naturalibus
3336 1307 3392 1354 et

1814 1386 2141 1445 animalibus
2167 1390 2517 1458 qualitatibus
2544 1406 2608 1446 ac
2638 1391 2843 1446 viribus
2884 1392 3201 1445 viviticatur.
3234 1392 3391 1459 Quod

1809 1488 1991 1537 autem
2038 1492 2159 1552 post
2200 1484 2652 1537 resurrectionem
2709 1483 3046 1548 habebimus,
3108 1484 3391 1551 Spirituale

1809 1574 2110 1629 nominavit
2139 1573 2338 1629 Paulus
2360 1575 2428 1639 ⁵⁶,
2460 1574 2565 1628 hoc
2592 1585 2693 1640 cst,
2731 1576 2871 1645 quod
2898 1591 2927 1629 a
2971 1576 3152 1631 divino
3186 1576 3389 1646 Spiritu

1809 1665 2108 1720 vivilicetur
2133 1674 2186 1719 et
2215 1666 2567 1735 gubernetur,
2601 1676 2653 1719 et
2686 1682 2789 1720 non
2819 1670 2886 1721 ab
2909 1668 3087 1721 anima
3122 1667 3390 1738 modoque

1811 1756 2069 1811 indicibili
2102 1765 2154 1812 et
2194 1756 2457 1824 spirituali
2497 1757 2563 1810 ad
2604 1758 3058 1825 incorruptionem
3100 1760 3388 1813 alteratqu

1812 1849 1884 1903 sit
1907 1859 1963 1903 et
1997 1849 2049 1903 in
2076 1864 2137 1903 ea
2172 1862 2571 1904 conservatum.
2608 1848 2737 1903 Tale
2785 1850 2948 1918 igitur
2975 1859 3189 1916 oportet
3227 1850 3390 1904 intel-

1812 1941 1982 2011 ligere
2021 1942 2233 1997 Domini
2281 1956 2478 2011 corpus
2529 1948 2650 2010 post
2698 1944 3174 2005 resurrectionem,
3230 1944 3393 2013 spiri-

1814 2034 1979 2099 tnale,
2011 2044 2065 2088 et
2116 2032 2331 2097 subtile,
2362 2041 2419 2088 et
2450 2032 2686 2087 alienum
2719 2034 2786 2087 ab
2813 2035 2957 2089 omni
2995 2036 3390 2101 crassitudine,

1814 2140 1992 2194 neque
2053 2127 2159 2181 cibi
2215 2141 2390 2196 neque
2440 2126 2661 2181 alterius
2713 2125 3030 2197 cujusquam
3100 2128 3391 2199 indigens,

1815 2219 2058 2290 quamvis
2075 2221 2141 2273 ad
2164 2218 2632 2273 continuationem
2663 2217 2878 2273 illorum
2901 2221 3214 2274 comederit.
3239 2222 3394 2286 Quod

1814 2314 1959 2368 enim
1990 2313 2248 2376 comedit,
2274 2327 2379 2365 non
2408 2312 2703 2366 secundum
2730 2322 2980 2365 naturam
3010 2314 3263 2377 comedit,
3300 2313 3394 2368 sed

1813 2402 2108 2458 seenndum
2138 2403 2618 2472 dispensationem,
2656 2404 2721 2454 ad
2753 2403 3055 2457 docendum
3084 2405 3227 2470 quod
3261 2403 3392 2457 illud

1816 2496 1991 2566 ipsum
2022 2509 2221 2563 corpus
2245 2494 2386 2563 quod
2421 2510 2639 2559 passum
2670 2504 2772 2556 est,
2798 2497 3114 2549 surrexerit.
3144 2495 3396 2550 Naturale

1814 2595 1996 2639 autem
2038 2583 2165 2639 huic
2213 2582 2425 2651 corpori
2470 2593 2590 2636 erat
2616 2582 2816 2637 clausis
2843 2583 3025 2652 januis
3077 2582 3307 2648 ingredi,
3338 2590 3395 2635 et

1814 2681 2021 2747 absque
2045 2676 2232 2731 labore
2260 2691 2289 2731 e
2320 2676 2440 2730 loco
2470 2676 2521 2729 in
2550 2675 2727 2729 locum
2774 2676 3024 2730 transire.
3061 2673 3247 2743 Itaque
3270 2688 3394 2728 cum

1815 2768 2064 2838 discipuli
2091 2769 2268 2822 adhuc
2296 2783 2400 2823 non
2433 2768 2742 2831 crederent,
2774 2782 2948 2836 neque
2995 2782 3091 2837 per
3128 2768 3396 2837 palpatio-

1814 2874 1937 2914 nem
1971 2858 2452 2928 persuaderentur,
2502 2856 2653 2910 addit
2684 2864 2740 2910 et
2781 2856 2926 2909 aliud
2980 2856 3262 2920 indicium,
3302 2871 3397 2909 co-

1816 2951 2057 3017 medens,
2102 2950 2285 3003 divina
2330 2948 2566 3018 quadam
2599 2949 2795 3002 virtute
2839 2950 3208 3003 consumendo
3253 2947 3395 3018 quod

1814 3043 2026 3096 edebat.
2055 3040 2247 3097 Omnis
2280 3041 2425 3095 enim
2461 3042 2616 3096 cibus
2660 3050 2849 3096 natura
2890 3056 2988 3111 per
3027 3055 3090 3095 os
3127 3050 3396 3107 sumptus,

1815 3140 1881 3194 ad
1901 3153 2177 3194 secessum
2208 3138 2355 3193 vadit
2379 3154 2396 3192 :
2425 3153 2611 3193 verum
2636 3139 2749 3193 haec
2780 3154 2883 3192 non
2909 3138 3246 3201 naturaliter,
3277 3136 3395 3202 sed,

1815 3242 1877 3286 ut
1944 3230 2200 3295 diximus,
2255 3229 2555 3285 secundum
2632 3231 3086 3301 dispensationem
3141 3229 3393 3283 coriledit.

1814 3326 1990 3380 liabet
2020 3333 2201 3378 autem
2233 3322 2463 3394 teuigma
2493 3323 2782 3393 quoddam,
2816 3327 2956 3392 quod
2997 3332 3204 3391 partem
3233 3322 3397 3390 piscis

1814 3416 2113 3473 comederit
2141 3433 2156 3471 :
2189 3415 2462 3483 significat
2495 3415 2640 3469 enim
2673 3417 2815 3485 quod
2848 3428 3094 3469 naturam
3124 3423 3390 3475 nostram,

1815 3524 1937 3580 qua:
1968 3509 2022 3563 in
2056 3508 2395 3576 salsuginoso
2425 3507 2529 3562 hoc
2562 3506 2696 3561 mari
2742 3514 2912 3568 natat,
2943 3506 3047 3576 igni
3080 3520 3190 3560 sua:
3223 3503 3396 3558 deita-

1817 3601 1887 3654 tis
1910 3600 2130 3664 assarit,
2161 3608 2215 3652 et
2257 3598 2549 3653 exsiccarit
2575 3612 2791 3651 omnem
2830 3597 3108 3649 humorem
3151 3609 3296 3661 prem
3331 3607 3398 3646 ex

1817 3689 2094 3760 profundis
2121 3688 2373 3744 ﬂuctibus
2397 3688 2886 3755 habebat,utlieret
2905 3686 3115 3740 divinus
3148 3686 3326 3754 cibus,
3343 3694 3398 3738 et

1815 3783 1907 3852 qui
1934 3781 2081 3851 prius
2105 3792 2224 3835 erat
2258 3781 2666 3846 abominabilis,
2698 3783 2848 3833 tleret
2877 3794 3018 3832 nunc
3043 3778 3214 3831 dulcis
3244 3776 3353 3832 Deo
3380 3793 3395 3830 :

1816 3875 1918 3929 hoc
1968 3874 2114 3929 enim
2159 3872 2464 3943 significare
2502 3872 2698 3927 dicitur
2746 3870 2900 3925 favus
2941 3868 3396 3931 mellis,dulcedi-

1818 3982 1939 4022 nem
1968 3968 2087 4021 dico
2118 3974 2323 4020 naturae
2349 3974 2547 4020 nostra:
2582 3965 2731 4033 prius
2771 3962 3017 4032 abiectae.
3055 3961 3146 4016 Vel
3176 3964 3256 4032 (ut
3283 3960 3398 4030 opi-

1818 4059 1939 4130 nor)
1970 4058 2241 4129 significat
2294 4072 2389 4123 per
2428 4059 2631 4127 piscem
2665 4064 2903 4109 assatum
2948 4057 3181 4108 activam
3212 4055 3395 4116 vitam,

1818 4166 1937 4222 qua:
1982 4151 2120 4204 tollit
2170 4160 2412 4205 nostram
2463 4147 2841 4204 humiditatem
2893 4155 2946 4201 et
2982 4146 3394 4200 crassitudinem

1819 4242 2022 4297 auxilio
2049 4241 2346 4296 carbonum
2379 4240 2771 4309 solitariorum,
2825 4248 2879 4294 et
2928 4238 3097 4308 quiet:
3112 4254 3166 4291 ιιι
3197 4239 3400 4308 amplc-

1818 4333 2088 4388 xantium.
2130 4331 2233 4386 Per
2262 4332 2441 4385 favum
2470 4342 2651 4385 autem
2683 4331 2974 4400 apiarium,
3005 4330 3287 4383 scientiam
3315 4328 3399 4382 vel

1816 4424 2352 4496 contemplationem.
2399 4421 2676 4492 Siquidem
2720 4424 2897 4478 dulcia
2942 4422 3155 4491 eloquia
3201 4423 3396 4499 Dei".

126 4518 297 4590 ἡμῶν
343 4520 442 4591 τὴν
470 4518 670 4590 πολλὴν
703 4518 974 4589 ὑγρότητα
1010 4520 1105 4572 καὶ
1141 4517 1429 4590 παχύτητα
1475 4517 1564 4571 διὰ
1610 4518 1710 4587 τῆς

1820 4518 1917 4573 Est
1953 4527 2008 4570 et
2049 4517 2188 4572 alius
2232 4516 2386 4571 favus
2419 4518 2705 4586 agrestior,
2750 4530 2942 4586 nempe
2985 4516 3264 4586 gentilium
3312 4530 3399 4569 sa-

126 4611 245 4667 τῶν
274 4612 561 4684 ὲρημικῶν
587 4614 680 4667 καὶ⁵
713 4611 1095 4699 ἠσυχαστικῶν
1125 4610 1411 4681 ἀνθράκων
1438 4608 1712 4679 βοηθείας·

127 4706 237 4777 τὴν
270 4706 328 4760 δὲ
357 4706 580 4773 γνῶσιν,
609 4705 728 4776 ἤτοι
756 4703 1011 4777 θεωρίαν,
1049 4703 1137 4758 διὰ
1172 4703 1263 4756 τοῦ
1301 4701 1578 4773 μελισσίου
1614 4715 1705 4769 κηο

1821 4610 2045 4681 pientia.
2088 4607 2188 4663 Hic
2231 4618 2412 4663 autem
2454 4616 2538 4662 est
2575 4609 2814 4677 apiarius
2865 4607 3039 4670 favus.
3085 4609 3399 4673 divina,in-

1820 4717 2012 4772 quatn,
2039 4700 2328 4770 sapientia.
2365 4697 2643 4771 Siquidem
2679 4699 2931 4755 Christus
2969 4716 3129 4770 parva
3171 4700 3289 4769 apis
3317 4711 3399 4754 est

128 4801 277 4869 ρίου,
322 4798 482 4868 εἰπερ
529 4796 736 4866 γλυκέα
783 4797 852 4850 τά
904 4794 1000 4849 τοῦ
1043 4795 1180 4849 Θεοῦ
1227 4794 1403 4863 λόγια.
1456 4793 1612 4845 Ἐστι
1659 4791 1710 4844 δὲ

1816 4794 2205 4865 magnitudine.
2268 4794 2655 4849 Abbreviatum
2705 4795 2849 4849 enim
2900 4802 2985 4849 est
3021 4794 3288 4858 verbum,
3344 4801 3399 4846 et

127 4890 351 4962 κηρίον,
375 4890 512 4944 ἀλλὰ
542 4890 887 4961 κηφηνῶδες,
918 4889 981 4942 τὸ
1010 4888 1108 4958 τῆς
1146 4886 1464 4956 Ἑλληνικῆς
1495 4883 1710 4953 σοφίαςο

1815 4888 2088 4943 intlrmum
2119 4886 2332 4942 robore.
2357 4885 2471 4940 Non
2490 4887 2635 4941 enim
2661 4886 2713 4939 in
2742 4887 2939 4940 virtute
2961 4886 3227 4940 sermonis
3256 4883 3398 4938 Pan-

126 4983 251 5036 ἔστι
282 4980 340 5035 δὲ
369 4980 562 5050 κηρίον
596 4980 895 5050 μελίσσιον,
925 4979 987 5032 τὸ
1015 4978 1117 5047 τῆς
1142 4977 1292 5040 θείας
1318 4977 1530 5045 σοφίας*
1556 4977 1710 5045 εῐπερ

1815 4978 1894 5035 lus
1924 4978 2199 5050 praedicat,
2228 4986 2284 5032 ut
2307 4993 2374 5033 ne
2398 4992 2612 5032 crucem
2647 4987 2870 5032 evacuet
2892 4976 2940 5010 ⁸⁸
2966 4994 2981 5031 :
3018 4986 3393 5031 verumtamen

125 5073 427 5145 Χριστὸςὴ
461 5072 710 5142 μέλισσα,
748 5071 922 5143 μικρὰ
955 5070 1056 5142 μὲν
1084 5070 1162 5137 τῷ
1229 5068 1450 5139 μεγέθει
1500 5068 1710 5139 (συντε-

1815 5072 2033 5142 regibus
2061 5081 2116 5126 et
2150 5070 2336 5126 idiotis
2380 5080 2466 5125 est
2510 5068 2760 5123 amabilis
2790 5067 3138 5124 alferentibus
3182 5067 3394 5122 labores

125 5166 417 5239 τμημένος
435 5165 544 5236 γὰρ
575 5166 604 5218 ό
629 5165 807 5231 λόγος,
839 5166 934 5217 καὶ
956 5152 1026 5233 *τῇ⁴
1059 5161 1217 5234 ῥώμῃ
1240 5160 1493 5232 ἀσθενήςο
1524 5161 1625 5214 οὑκ
1655 5162 1707 5213 ἐι

1815 5178 1939 5218 suos
1968 5164 2020 5217 in
2045 5163 2332 5217 sanitatem
2356 5148 2679 5216 animarum.

123 5261 360 5329 δυνάμει
394 5259 505 5328 γὰρ
525 5258 686 5325 λόγου
723 5254 929 5316 Παῦλος
956 5254 1237 5324 κηρύττει,
1266 5251 1353 5305 ἵνα
1386 5253 1461 5323 μὴ
1498 5250 1714 5323 κενώσῃ
1746 5251 1839 5305 τδν
1892 5252 2183 5325 σταυρὸν),
2213 5252 2350 5325 πλὴν
2403 5250 2683 5323 βασιλεῦσι
2706 5253 2801 5306 καὶ
2832 5249 3066 5315 ἰδιώταις
3112 5253 3391 5322 ἐράσμιος,

121 5363 208 5423 είς
262 5358 479 5426 ὑγίειαν
529 5354 767 5425 ψυχικὴν
831 5350 1298 5424 προσφερομένοις
1352 5351 1476 5414 τοὺς
1522 5350 1717 5414 πόνους
1750 5349 1940 5419 αὐτῆς.

201 5473 226 5507 ι
260 5454 398 5506 Τότε
428 5451 692 5522 διήνοιξεν
731 5449 912 5503 αὐτῶν
941 5449 1033 5500 τὸν
1064 5448 1188 5500 νοῦν
1218 5447 1312 5500 τοῦ
1349 5449 1585 5501 συνιέναι
1614 5448 1716 5510 τὰς

120 5549 384 5619 Γραφὰς,
427 5546 519 5597 καὶ
548 5541 702 5596 εἶπεν
729 5544 932 5605 αὐτοῖς,
962 5542 1042 5594 ὃτι
1070 5540 1214 5593 οὕτω
1258 5540 1589 5608 γέγραπται,
1620 5540 1713 5593 καὶ

117 5640 306 5703 οὕτως
336 5638 445 5691 ἔδει
477 5638 667 5691 παθεῖν
703 5636 795 5689 τὸν
827 5635 1079 5703 Χριστὸν,
1118 5633 1213 5685 καὶ
1246 5636 1312 5703 τῇ
1342 5633 1499 5704 τρίτῃ
1532 5632 1714 5705 ἡμέρᾳ

1892 5447 2053 5502 Vsus.
2083 5447 2153 5503 45
2187 5447 2279 5503 55.
2318 5467 2337 5500 ι
2373 5447 2524 5503 Tunc
2559 5451 2772 5520 apt-ruit
2814 5459 3045 5504 mentem
3077 5452 3307 5515 illorum,
3343 5461 3400 5505 nt

1820 5541 2181 5611 intelligerent
2221 5542 2531 5613 Scripturas
2563 5561 2577 5599 :
2619 5554 2672 5598 et
2698 5544 2837 5599 dixit
2874 5548 2976 5606 eis.
3010 5546 3097 5601 Sic
3132 5557 3391 5615 Scrtpltlm

1820 5645 1922 5699 est,
1964 5648 2018 5690 et
2056 5638 2132 5691 sic
2166 5640 2449 5708 oportebat
2494 5639 2768 5696 Christum
2800 5642 2932 5710 pati,
2966 5654 3018 5694 ct
3052 5658 3327 5712 resurgere
3365 5658 3392 5691 a

195 5815 302 5872 "1
336 5814 477 5887 _Cor.
528 5830 618 5883 xv,
665 5813 758 5869 44.
830 5814 875 5849 ⁸⁷
908 5813 1050 5869 Psal.
1094 5812 1368 5880 X\'tll,’16.
1445 5811 1535 5866 ⁵³1
1573 5813 1699 5870 Cor.
1742 5828 1781 5882 t,
1822 5813 1907 5870 l7.
