3932 6456
168 395 301 460 ΙΙΞὸ

820 389 1266 449 ENARR'ATIO
1308 389 1383 449 ΙΝ
1426 388 1927 450 EVANGELIUM
1966 388 2198 450 LUCJE.
2230 389 2478 451 --CAP.
2518 392 2734 452 XXIV.

3280 390 3418 457 1126

164 502 383 570 οὐδεμία
415 499 560 553 οὐεω
588 500 699 562 τοῖς
733 497 1150 569 βαπτιζομένοις
1200 499 1392 566 ἄφεσις
1417 539 1432 563 ,
1464 495 1600 550 ἀλλὰ
1639 496 1722 550 καῖ

1840 505 2111 558 naturam,
2140 510 2260 568 quae
2287 506 2396 550 tota
2427 495 2479 549 in
2501 494 2717 551 Christo
2748 494 2895 549 unita
2918 505 2998 550 est
3023 504 3074 549 et
3106 510 3416 568 assumpta,

163 592 441 665 προσθήκη
483 590 767 661 ἁμαρτιῶν
801 591 1129 658 ἐπιγίνεται.
1185 584 1345 642 Οὗτοι
1378 591 1474 659 μὲν
1507 585 1601 642 οῦν
1636 607 1738 641 κα-

1844 602 1947 641 ιιοιι
1983 588 2121 642 nltra
2173 587 2228 641 in
2275 589 2407 643 duas
2457 588 2637 642 dirimi
2689 591 2981 653 sectioncs,
3016 588 3324 647 Iudaeorum
3360 602 3417 648 et

163 686 271 749 κῶς
303 682 604 739 ἀπώλοντο.
634 684 727 746 Εἰς
761 682 940 735 πάντα
976 681 1033 735 δὲ
1062 682 1131 734 τὰ
1162 681 1289 751 ἔθνη
1329 682 1357 734 ὁ
1390 681 1548 748 λόγος
1583 680 1722 751 ἐξῆλ-

1840 679 2118 750 gentilium
2154 718 2170 745 ,
2203 680 2299 735 sed
2336 680 2574 750 incipere
2607 697 2910 737 sermonem
2946 702 2972 736 ιι
3009 682 3332 750 Jerusalem,
3360 696 3415 741 et

162 779 269 844 θεν,
318 774 626 846 ἀρξάμενος
670 773 778 827 ἀπὸ
835 771 1215 843 Ἰερουσαλήμ.
1276 771 1424 824 Ἔδει
1472 770 1581 841 γὰρ
1634 770 1736 842 τὴν

163 870 317 941 φύσιν
357 869 545 921 πᾶσαν
574 868 630 919 ὲν
661 865 882 936 Χριστῷ
911 866 1207 918 ὲνωθεῖσαν
1240 865 1334 916 καὶ
1375 862 1737 933 προσληφθεῖ-

165 980 279 1023 σαν,
356 958 433 1031 μὴ
505 960 586 1021 είς
654 956 748 1010 δύο
813 956 1002 1010 λοιπὸν
1061 954 1388 1026 διαιρεῖσθαι
1444 955 1733 1024 τμήματα,

170 1050 451 1121 Ἐϐραίους
496 1051 591 1102 καὶ
622 1047 895 1111 ἐθνικούς,
925 1045 1040 1100 ἀλλ’
1069 1043 1338 1115 ἄρξασθαι
1379 1046 1489 1100 ἀπὸ
1532 1044 1732 1115 Ἰερου-

160 1142 334 1212 σαλὴμ
368 1141 458 1194 τὸν
499 1141 657 1210 λόγον
692 1139 786 1193 καὶ
819 1140 877 1191 ὲν
902 1141 1017 1202 τοῖς
1049 1138 1259 1191 ἔθνεσιν
1286 1135 1729 1203 ἀναπαύσασθαι,

156 1232 497 1287 ἑνοποιοῦντα
542 1232 641 1304 τὴν
691 1231 877 1301 φύσιν.
931 1249 949 1283 ι
1013 1230 1202 1300 Ὑμεῖς
1241 1229 1319 1296 δὲ,
1374 1231 1560 1299 φησὶν,
1607 1228 1732 1282 ἐστὲ

158 1328 426 1397 μάρτυρες
447 1324 652 1379 τούτων
701 1325 808 1378 τῶν
832 1324 1040 1387 παθῶν,
1073 1324 1171 1392 τῆς
1198 1324 1564 1385 ἀναστάσεως.
1598 1318 1731 1374 Εἶτα

155 1420 236 1471 ἵνα
286 1418 360 1488 μὴ
402 1418 727 1487 ταραχθῶσι
776 1415 905 1485 παρ’
958 1416 1189 1478 ἑαυτοῖς,
1236 1416 1333 1468 καὶ
1379 1415 1726 1483 λογίσωνται·

156 1510 272 1572 Πῶς
327 1510 758 1579 μαρτυρήσομεν
810 1507 1087 1578 ἄνθρωποι
1149 1506 1359 1559 ἰδιῶται
1414 1506 1552 1576 πρὸς
1600 1503 1729 1578 ἔθνη

153 1601 621 1670 ἀποστελλόμενοι,
647 1600 781 1672 πρὸς
795 1600 916 1662 τούς
941 1598 1374 1669 Ἱεροσολυμίτας
1403 1599 1732 1668 ἀντιπαρειί-

154 1694 394 1764 δυόμενοι
470 1695 597 1758 τούς
670 1695 765 1748 καὶ
819 1694 879 1749 σὲ
929 1694 1388 1761 ἀποκτείναντας,
1441 1693 1726 1765 Θαρσεῖτε,

153 1789 298 1855 φησί,
328 1784 523 1839 τούτου
569 1788 752 1841 ἕνεκα.
803 1785 1114 1841 Ἀποστελῶ
1140 1787 1245 1854 γὰρ
1274 1787 1396 1839 ὅσον
1435 1785 1587 1839 οὐπω
1626 1786 1726 1858 τὴν

1840 772 1893 828 in
1926 774 2176 843 gentibus
2205 774 2569 844 requiescere,
2614 774 2780 829 unitis
2827 776 3135 843 generibus.
3172 776 3277 831 Vos
3319 793 3417 832 au-

1841 873 1945 917 tern
1981 864 2114 917 estis
2155 870 2320 919 testes
2349 865 2567 928 borum,
2602 865 2875 935 passionis
2894 867 3100 921 scilicet
3127 884 3189 920 ac
3227 884 3414 923 resur-

1835 957 2115 1011 rectionis.
2146 955 2338 1012 Postea
2372 972 2438 1012 ne
2480 956 2830 1011 turbarentur
2874 958 3016 1011 intra
3055 973 3133 1020 se,
3166 969 3219 1014 ct
3260 962 3413 1030 cogi-

1836 1059 2035 1116 tarent,
2074 1048 2353 1116 Quomodo
2376 1049 2807 1114 testiﬁcabimur,
2832 1050 2920 1118 qui
2955 1051 3143 1120 privati
3169 1052 3417 1108 homines

1835 1154 1901 1194 ac
1952 1140 2130 1195 idiota:
2203 1155 2393 1197 sumus
2450 1150 2749 1211 contraque
2790 1151 2978 1212 gentes
3028 1143 3314 1209 mittimur,
3359 1156 3413 1197 et

1847 1244 2035 1289 contra
2065 1233 2547 1304 Jerosolymitanos
2582 1248 2859 1288 armantur
2890 1235 2980 1303 qui
3040 1244 3093 1290 et
3124 1247 3173 1290 te
3205 1237 3418 1290 occide-

1831 1326 2000 1380 runt?
2058 1325 2195 1380 dixit
2238 1326 2341 1390 eis,
2393 1343 2412 1377 ι
2464 1323 2780 1381 Conlidite:
2840 1345 2859 1378 ι
2899 1326 3059 1395 hujus
3101 1327 3178 1380 rei
3235 1328 3408 1396 gratia

1831 1417 2044 1471 mittam
2070 1416 2382 1486 propediem
2415 1417 2836 1485 promissionem
2880 1416 3078 1483 Patris,
3105 1419 3169 1472 de
3193 1432 3295 1484 qua
3328 1418 3413 1471 ιιι.

1830 1518 1977 1563 ctum
2012 1522 2107 1577 per
2141 1505 2373 1571 Joelem,
2404 1525 2421 1558 ι
2456 1506 2745 1562 Effundam
2776 1508 2842 1561 de
2870 1506 3074 1577 Spiritu
3104 1523 3223 1561 meo
3251 1521 3416 1575 super

1829 1616 2043 1657 omnem
2076 1615 2296 1655 carnem
2340 1599 2387 1632 '°
2422 1618 2442 1651 ι
2479 1609 2585 1655 etc.
2616 1601 2811 1655 Sedete
2832 1603 3014 1671 igitur,
3054 1601 3141 1669 qui
3174 1616 3318 1654 nunc
3348 1600 3413 1652 ti-

1829 1691 1957 1745 midi
1983 1701 2037 1746 et
2068 1684 2255 1761 parum
2282 1691 2484 1754 viriles,
2514 1691 2687 1745 donec
2720 1690 3012 1744 induamini
3046 1691 3266 1754 virtute,
3299 1702 3406 1740 non

1832 1781 2085 1845 humana,
2120 1782 2213 1835 sed
2253 1780 2476 1835 caelesti.
2518 1779 2638 1834 Non
2671 1780 2805 1834 dixit
2843 1790 3045 1843 autem,
3079 1777 3356 1845 accipiatis
3387 1817 3404 1843 ,

152 1851 478 1945 ἐπαγγελίαν
508 1878 603 1931 τοῦ
646 1879 861 1949 Πατρός
890 1895 1016 1948 μου,
1052 1878 1119 1950 ἡν
1148 1851 1299 1930 εἷπον
1330 1878 1397 1931 δι’
1441 1878 1615 1948 Ἰωὴλ,
1645 1851 1722 1933 ὅτι

1831 1875 1946 1937 sed,
1980 1890 1999 1923 ι
2032 1871 2331 1926 induamini
2359 1888 2372 1925 :
2410 1891 2429 1924 ι
2461 1872 2739 1926 declarans
2769 1871 2988 1923 omnino
3017 1870 3258 1924 custodia
3293 1870 3410 1938 spio

157 1986 173 2017 ι
214 1967 419 2037 Ἐκχεῶ
446 1967 557 2021 ἀπὸ
580 1968 672 2021 τοῦ
695 1968 1012 2040 Πνεύματός
1037 1986 1137 2040 μου
1170 1970 1261 2021 ἐπὶ
1288 1971 1469 2022 πᾶσαν
1490 1970 1722 2042 adparat,»

160 2057 240 2111 ’.αὶ
268 2060 337 2111 τά
372 2058 522 2129 ἑξῆς.
557 2058 834 2114 Καθίσατε
867 2056 982 2127 οὐν,
1009 2062 1058 2114 oi
1087 2060 1181 2113 νῦν
1214 2059 1380 2113 δειλοί
1424 2061 1519 2113 καὶ
1563 2060 1728 2117 ἄναν-

154 2150 282 2221 δροι,
328 2153 433 2216 ἕως
480 2152 543 2206 οῦ
592 2153 886 2225 ἐνδύσησθε
928 2154 1159 2225 δύναμιν
1203 2155 1303 2208 οὐκ
1355 2154 1726 2226 ἀνθρωπίνην,

152 2242 257 2296 ἀλλ’
283 2243 557 2315 οὐράνιον.
590 2246 704 2299 υύκ
735 2242 857 2299 εἷπε
880 2246 962 2313 δὲ,
987 2246 1246 2316 Δέξησθε,
1273 2246 1413 2313 ἀλλ’,
1462 2265 1480 2298 ι
1542 2246 1727 2301 Ἐνδύ-

154 2332 329 2402 σησθε,
362 2353 380 2385 ι
421 2337 486 2387 τὸ
520 2334 786 2390 πάντοθεν
818 2335 1187 2407 φρουρητικδν
1212 2337 1310 2405 τῆς
1344 2337 1727 2408 πνευματικῆς

150 2423 402 2488 ὁπλίσεως
428 2427 773 2496 ὑποφαίνων.
814 2446 835 2481 ι
882 2428 1148 2499 Ἐξὴγαγε
1185 2426 1242 2480 δὲ
1277 2427 1475 2491 αὐτοὺς
1504 2428 1612 2493 ἓως
1647 2430 1727 2492 είς

152 2514 431 2583 Βηθανίαν.
470 2534 491 2569 ι
534 2515 706 2571 Τοῦτο
748 2517 1014 2588 νοὴσομεν
1055 2517 1113 2569 ὲν
1160 2514 1297 2587 αὐτῇ
1338 2517 1404 2587 τῇ
1449 2532 1726 2586 τεσσαρα-

152 2609 305 2677 κοστῇ
349 2607 540 2678 ἡμέρᾳ
585 2606 891 2676 γεγονέναι.
938 2606 1006 2658 Ἀ
1050 2604 1158 2678 γὰρ
1200 2599 1347 2658 οὗτοι
1385 2606 1444 2656 ὲν
1489 2605 1725 2676 ἐπιτομῇ

152 2692 377 2761 λέγουσι,
412 2696 589 2749 ταῦτα
620 2696 731 2750 νόει
766 2713 856 2767 μοι
915 2695 979 2748 σύ
1014 2696 1071 2747 ὲν
1119 2694 1341 2757 πολλαῖς
1375 2693 1612 2765 ἡμέραις
1639 2694 1725 2763 γίο

151 2784 343 2839 νεσθαν
378 2787 454 2850 ὡς
479 2788 645 2851 αὐτὸς
677 2783 829 2852 οὗτος
852 2789 878 2841 ὁ
906 2788 1121 2849 Λουκᾶς
1152 2802 1319 2857 φησιν
1344 2786 1401 2840 ἐν
1428 2788 1548 2850 ταῖς
1579 2787 1725 2859 Πρά-

153 2878 308 2944 ξεσιν,
337 2881 419 2934 ὅτι
472 2902 491 2934 ι
526 2881 605 2934 Δι’
642 2879 869 2952 ἡμερῶν
907 2880 1320 2949 τεσσαράκοντα
1349 2879 1723 2950 ὀπτανόμενος

151 2972 343 3035 αὐτοῖς.
395 2992 415 3026 ι
468 2973 738 3045 Συχνάκις
787 2973 898 3044 γὰρ
943 2973 1221 3043 ἐφίστατο,
1282 2975 1377 3026 καί
1430 2972 1718 3043 ἀφίστατο.

152 3063 412 3135 Εὐλόγὴσε
462 3065 524 3118 δὲ
565 3065 693 3129 τοὺς
721 3065 987 3136 μαθητὰς,
1035 3064 1180 3135 τάχα
1229 3064 1328 3136 μὲν
1357 3064 1452 3118 καὶ
1489 3064 1722 3135 δύναμιν

152 3155 374 3226 φρουρὸν
424 3156 612 3222 αὐτοῖς
658 3156 894 3221 ἐντιθεὶς
945 3157 1075 3228 ἄχρι
1123 3158 1225 3227 τῆς
1266 3155 1360 3210 τοῦ
1405 3155 1720 3226 Πνεύματος

153 3249 459 3317 παρουσίας,
515 3250 655 3321 τάχα
707 3249 764 3302 δὲ
812 3250 907 3303 καὶ
962 3251 1111 3322 ἡμᾶς
1157 3249 1445 3314 διδάσκων,
1499 3249 1717 3303 ἐπειδάν

151 3336 532 3411 omnem”,
574 3343 693 3405 ταῖς
741 3340 1016 3409 εὐλογίαις
1062 3343 1187 3404 τοὺς
1224 3340 1314 3411 ὐφ’
1363 3342 1510 3412 ἡμᾶς
1543 3358 1719 3412 παρα-

150 3431 547 3486 κατατίθεσθαι.
586 3450 607 3485 ι
637 3433 962 3504 Ἀνεφέρετο
1019 3432 1076 3486 δὲ
1132 3434 1210 3496 είς
1245 3434 1336 3487 τὸν
1393 3432 1644 3503 οὐρανόν.
1691 3450 1712 3485 ι

160 3521 331 3587 Ἠλίας
361 3526 460 3595 μὲν
487 3526 616 3597 γὰρ,
674 3525 762 3589 Ὠς
794 3527 873 3589 εἰς
909 3525 1139 3596 οὐρανόν
1165 3541 1179 3557 ·
1232 3525 1434 3579 ὡσανεὶ
1461 3526 1570 3597 γὰρ
1602 3525 1715 3578 ἐδό-

149 3614 230 3666 κει
260 3613 337 3677 είς
376 3616 610 3686 οὐρανὸν
658 3613 1059 3687 ἀναφέρεσθαιο
1092 3616 1130 3668 ό
1170 3614 1227 3668 δὲ
1269 3614 1462 3685 Σωτὴρ
1503 3616 1583 3678 είς
1624 3612 1715 3667 τὸν

148 3704 362 3776 οὐρανὸν
402 3708 571 3761 αὐτὸν
608 3708 915 3780 πρόδρομος
957 3708 1178 3761 πάντων
1218 3706 1534 3778 ἀνελήλυθε,
1575 3706 1717 3777 μετὰ

146 3792 235 3865 τῆς
263 3796 420 3864 ἁγίας
443 3797 646 3868 σαρκὸς
692 3796 855 3851 αὐτοῦ
884 3798 1285 3869 ἐμφανισθῆναι
1323 3796 1400 3868 τῷ
1437 3797 1714 3869 προσώπῳ

148 3884 233 3939 τοῦ
263 3886 416 3954 Θεοῦ,
454 3895 550 3948 καὶ
591 3887 846 3960 σύνεδρον
873 3890 1044 3971 αὐτὴν
1088 3889 1361 3957 ἀποδεῖξαι
1404 3889 1485 3962 τῷ
1512 3890 1708 3962 Πατρί.

150 3974 251 4028 Καὶ
279 3976 372 4031 νῦν
399 3980 786 4048 προσκυνεῖται
821 3980 854 4049 ἡ
888 3980 1050 4050 φύσις
1081 3980 1237 4051 ἡμῶν
1268 3982 1325 4034 ὲν
1351 3980 1574 4054 Χριστῷ
1607 3981 1712 4035 ὑπὸ

149 4069 315 4139 πάσης
345 4071 646 4142 ἀγγελικῆς
681 4072 983 4147 δυνάμεως.
1021 4090 1042 4124 ι
1080 4073 1245 4126 Αὐτοὶ
1278 4072 1333 4126 δὲ
1362 4074 1712 4146 ὑπέστρεψαν

150 4160 278 4228 μετὰ
318 4164 493 4235 χαρᾶς
541 4164 804 4234 μεγάλης,
853 4164 949 4218 καὶ
994 4159 1138 4235 ἦσαν
1172 4164 1259 4219 διὰ
1304 4166 1504 4229 παντὸς
1537 4168 1595 4221 ιν
1637 4165 1712 4238 τῷ

148 4248 285 4321 ίερῴ.
319 4272 338 4305 s
379 4256 547 4326 Ὁρᾷς
573 4255 809 4327 ἀρετὴνς
840 4256 1013 4310 Οὐπω
1041 4257 1101 4310 τὸ
1132 4256 1380 4328 Πνεῦμα,
1425 4259 1519 4312 καὶ
1548 4276 1713 4313 πνευ-

149 4344 379 4410 ματικῶς
427 4346 697 4415 διάγουσι.
744 4348 808 4401 Οἱ
852 4348 961 4419 γὰρ
999 4347 1383 4420 κεκλεισμένοι
1418 4351 1707 4423 πρότερον,

146 4433 231 4485 νῦν
259 4438 314 4492 ἐν
345 4440 531 4509 μέσοις
554 4440 666 4501 τοῖς
688 4439 1002 4509 ἀρχιερεῦσι
1028 4441 1297 4509 διάγουσι,
1330 4442 1427 4495 καὶ
1460 4443 1615 4498 οὐδὲν
1649 4447 1709 4500 ἐν

1828 1964 2042 2019 ritualis
2068 1970 2359 2018 armaturae
2385 1963 2725 2018 muniendos.
2767 1981 2786 2014 ι
2826 1961 3026 2017 Eluxit
3077 1972 3256 2016 autem
3313 1975 3414 2017 eos

1828 2060 2072 2126 usquein
2105 2055 2442 2109 Bethaniam.
2482 2073 2502 2108 ι
2536 2052 2650 2109 Ηοο
2679 2054 3035 2123 intelligamus
3063 2053 3118 2108 in
3151 2053 3237 2108 die
3273 2067 3414 2122 qua-

1827 2147 2132 2217 dragesimo
2163 2146 2366 2202 factum
2402 2160 2544 2202 esse.
2581 2144 2710 2210 Quae
2740 2147 2888 2199 enim
2924 2144 3000 2199 illi
3050 2144 3294 2199 breviter
3324 2145 3410 2199 di-

1825 2250 1975 2304 cunt,
2010 2251 2063 2294 tu
2094 2240 2148 2294 in
2195 2239 2381 2294 multis
2407 2239 2599 2293 diebus
2629 2237 2770 2291 facta
2801 2251 2923 2291 esse
2952 2236 3196 2307 intellige
3225 2254 3241 2293 :
3266 2236 3412 2291 sicut

1825 2343 1882 2389 et
1924 2333 2039 2403 ipse
2071 2332 2247 2387 Lucas
2289 2332 2340 2386 in
2372 2331 2523 2385 Actis
2561 2328 2696 2385 dicit
2738 2330 2883 2400 quod
2922 2344 3020 2400 per
3051 2329 3406 2400 quadraginta

1828 2426 1946 2480 dies
1974 2424 2122 2479 visus
2159 2424 2231 2478 sit
2257 2422 2340 2478 eis
2359 2422 2427 2477 σί.
2486 2419 2641 2489 Saepe
2673 2421 2814 2476 enim
2846 2419 2913 2475 ad
2938 2434 3032 2476 eos
3059 2421 3311 2486 accessit,
3352 2428 3409 2474 et

1825 2518 1896 2571 ab
1926 2516 2005 2570 eis
2026 2514 2220 2569 itemm
2247 2513 2530 2568 abscessit.
2568 2512 2848 2567 Benedicit
2877 2521 3058 2567 autem
3089 2510 3404 2581 discipulos.

1826 2606 2073 2662 fortassis
2112 2603 2401 2660 infundens
2445 2603 2525 2658 eis
2568 2604 2676 2659 vim
2716 2618 2838 2673 qua:
2888 2602 3189 2657 custodiret
3235 2617 3405 2671 .tsque

1826 2699 1878 2751 in
1907 2702 2197 2751 adventum
2236 2694 2471 2765 Spiritus
2514 2715 2528 2751 :
2575 2695 2823 2751 fortassis
2864 2695 3026 2749 etiam
3064 2708 3160 2749 nos
3201 2693 3405 2764 docens

1824 2803 1946 2844 cum
1992 2802 2217 2857 peregre
2247 2787 2660 2858 proﬁciscimur.
2693 2796 2753 2841 ut
2779 2784 3218 2842 commendemus
3251 2785 3405 2839 nobis

1825 2882 2072 2937 subditos
2102 2879 2592 2935 benedictionibus.
2629 2878 2927 2934 Ferebatur
2969 2888 3150 2933 autem
3187 2893 3402 2933 sursum

1823 2976 1879 3029 in
1921 2972 2118 3028 coelum
2156 2970 2337 3026 :Elias
2365 2972 2509 3027 enim
2542 2973 2694 3043 quasi
2737 2972 2789 3026 in
2851 2969 3404 3043 (mlunt-(videbatur

1821 3066 1966 3121 enim
1998 3064 2153 3134 quasi
2186 3064 2238 3117 in
2265 3064 2462 3119 emittm
2499 3061 2693 3133 ferri),
2728 3059 2782 3116 Ξιι
2814 3063 3065 3116 Salvator
3098 3066 3153 3117 in
3201 3062 3400 3117 malum

1826 3161 2020 3228 ipsum,
2048 3156 2358 3211 Praecursor
2386 3155 2648 3217 omnium,
2678 3153 2947 3221 ascendit,
2978 3162 3036 3208 ut
3060 3168 3182 3208 cum
3208 3164 3399 3207 sancta

1823 3267 1985 3306 carne
2017 3266 2113 3303 sua
2138 3256 2478 3318 compareret
2502 3259 2626 3302 ante
2657 3256 3011 3316 conspectum
3045 3244 3164 3311 Dei,
3199 3254 3252 3300 et
3277 3259 3398 3300 eam

1819 3352 2084 3398 statueret
2116 3357 2236 3394 cum
2265 3339 2428 3393 Patre
2458 3339 2849 3395 considentem.
2885 3338 2946 3391 Et
2981 3352 3122 3392 nunc
3146 3338 3402 3392 adoratnr

1821 3443 2013 3488 natura
2044 3443 2226 3488 nostra
2268 3434 2319 3487 in
2350 3431 2570 3486 Christo
2599 3433 2666 3484 ab
2693 3431 2837 3484 omni
2890 3430 3133 3499 angelica
3169 3429 3391 3483 virtute.

1819 3524 1899 3579 llli
1939 3516 2114 3578 autem
2140 3524 2340 3579 reversi
2374 3533 2497 3578 sunt
2528 3537 2649 3577 cum
2684 3521 2878 3590 gaudio
2907 3536 3120 3591 magno,
3150 3530 3203 3575 et
3245 3531 3402 3575 erant

1817 3631 2031 3685 semper
2060 3617 2112 3669 in
2145 3616 2364 3687 templo.
2401 3616 2561 3672 Vides
2611 3611 2909 3669 virtutem?
2948 3612 3195 3668 Nondum
3226 3613 3402 3681 Spiri-

1821 3718 1905 3763 tus
1926 3750 1940 3774 ,
1974 3717 2029 3763 et
2061 3708 2418 3777 spiritualiter
2466 3709 2675 3763 vivunt.
2711 3706 2812 3773 Qui
2844 3708 2988 3761 enim
3018 3710 3169 3778 prius
3204 3706 3398 3760 inclusi

1815 3811 1992 3866 erant,
2027 3816 2171 3855 nunc
2198 3801 2344 3854 inter
2370 3801 2578 3855 medios
2618 3798 2902 3868 pontiﬁces
2926 3800 3134 3862 vivunt,
3174 3805 3225 3850 et
3254 3795 3393 3851 nihil

1817 3892 1872 3946 in
1907 3894 1986 3948 eis
2020 3892 2335 3964 temporale,
2362 3893 2455 3947 sed
2479 3892 2807 3962 contemptis
2833 3891 3084 3945 omnibus
3110 3890 3161 3942 in
3193 3888 3396 3957 templo

1817 4000 2036 4055 semper
2071 3984 2238 4039 Deum
2282 3984 2504 4038 laudant
2530 3993 2584 4039 et
2612 3983 2958 4039 benedicunt.
2999 3979 3236 4047 Quorum
3275 3979 3397 4032 imi-

1816 4086 2017 4131 tutores
2040 4076 2202 4132 etiam
2232 4091 2329 4132 nos
2356 4075 2509 4143 lacti,
2534 4075 2589 4130 in
2614 4075 2722 4131 vita
2752 4083 2940 4128 sancta
2967 4087 3180 4141 semper
3201 4074 3394 4135 simus,

1813 4167 2098 4223 laudantes
2140 4183 2234 4239 per
2268 4168 2407 4223 banc
2450 4170 2615 4222 vitant
2672 4176 2728 4221 et
2783 4164 3159 4220 benedicentes
3204 4162 3392 4214 Deum.

1814 4261 1999 4316 Gloria
2028 4263 2172 4317 enim
2203 4261 2292 4315 Dei
2319 4269 2373 4315 et
2420 4259 2722 4315 benedictio
2746 4268 2830 4312 est
2862 4265 3049 4311 sancta
3076 4264 3129 4309 et
3156 4254 3397 4307 virtnosa

1813 4356 1921 4411 vita
1957 4370 1971 4408 :
2023 4354 2275 4423 quoniam
2310 4367 2435 4408 eum
2478 4354 2633 4407 decet
2674 4351 2853 4406 omnis
2885 4348 3051 4420 gloria
3101 4347 3156 4401 in
3196 4346 3395 4401 saecula

1814 4448 2158 4504 saeculorum.
2192 4448 2391 4502 Amen.

147 4528 315 4614 αὐτοῖς
352 4532 623 4604 βιωτικόν’
670 4532 805 4586 άλλά
839 4533 1057 4586 πάντων
1089 4537 1709 4606 περιφρονήσαντες,’ὲν
1751 4542 1830 4614 τῷ
1894 4541 2027 4614 ἱερῷ
2056 4539 2267 4595 αίνοῦσι
2314 4538 2606 4602 διαπαντὸς
2629 4537 2719 4591 τὸν
2743 4536 2897 4597 Θεὸν,
2926 4532 3021 4587 καὶ
3055 4529 3391 4599 εὐλογοῦσιν,

147 4610 237 4673 Ὧν
268 4626 501 4695 μιμηταὶ
529 4626 623 4679 καὶ
661 4625 823 4696 ἡμεῖς
860 4625 1160 4696 γενόμενοι,
1215 4629 1273 4681 ἐν
1313 4630 1442 4700 ίερῴ
1480 4633 1580 4703 βίῳ
1639 4610 1958 4699 διαπαντὸς*
1991 4610 2207 4705 εἴημεν,
2268 4632 2548 4697 αἰνοῦντες
2596 4633 2684 4686 διὰ
2757 4629 2948 4686 τούτευ
2993 4627 3090 4683 τοῦ
3137 4627 3251 4699 βίου
3298 4640 3392 4692 καὶ

147 4711 480 4781 εὐλογοῦντες
508 4716 601 4770 τὸν
640 4715 796 4772 Θεόν.
868 4716 1006 4782 Δόξα
1036 4722 1143 4792 γὰρ
1187 4719 1322 4775 Θεοῦ
1366 4722 1460 4775 καὶ
1498 4724 1719 4795 εὐλογία
1785 4730 1815 4783 ό
1874 4728 2019 4799 ἱερὸς
2061 4728 2156 4782 καὶ
2205 4727 2462 4797 ἐνάρετος
2512 4725 2660 4796 βίος·
2706 4726 2789 4780 ὅτι
2830 4723 2976 4794 αὐτῷ
3004 4723 3202 4791 πρέπει
3243 4720 3393 4771 πᾶῐα.

146 4804 262 4870 δόξα
289 4810 366 4869 εἰς
396 4809 525 4872 τούς
556 4810 782 4874 αἰῶνας.
820 4811 1017 4881 Ἀμήν.

151 4941 315 5007 τέλος
343 4943 451 5012 τῆς
489 4947 571 5008 εἰς
609 4946 673 4999 τὸ
712 4946 861 5022 κατὰ
894 4946 1138 5022 Λουκᾷν
1163 4949 1529 5019 Εἰάγγέλιον
1575 4951 1707 5022 Ἔρ-

547 5016 798 5083 μηνείας
830 5019 980 5085 Θεοφ
993 5019 1142 5071 υλάι(
1153 5037 1237 5073 τοι
1248 5040 1280 5072 ι.

210 5195 255 5226 ⁸⁸
277 5194 387 5251 .luel
418 5214 474 5255 tl.
506 5200 596 5253 23.
672 5199 713 5229 ⁶¹
744 5203 865 5255 Act.
906 5217 943 5267 l,
978 5201 1030 5255 3.

1890 4950 2264 5022 Thmpltylaclt
2290 4950 2343 5005 in
2388 4946 2728 5028 Evangeljum
2760 4940 2913 5000 Lm'a’
2941 4938 3312 4995 Cmnmcmurii

2527 5026 2668 5086 Ignis.
