3932 6456
116 403 255 470 Ῑῒθῖ

792 403 1247 467 KNARRATIO
1286 406 1368 468 IN
1412 407 1918 469 EVANGELIUM
1958 409 2300 471 JOANNIS.
2345 434 2416 445 -—
2458 408 2618 471 CAP.
2655 364 2732 471 1.”

3243 401 3380 466 1133

111 522 288 595 ἀρχῆς
322 520 405 587 δν,
433 519 495 576 οὐ
533 519 836 600 μὴιεῦρεθῇ
872 522 1091 587 πάντως
1124 522 1335 595 χρόνος,
1367 524 1454 577 ὅτε
1487 523 1586 578 οὐκ
1609 519 1697 595 ἦν.

1834 525 2068 595 ιιίηείρὶο
2099 537 2203 591 est,
2237 526 2352 594 ejus
2378 527 2600 580 omnino
2631 524 2833 581 nullum
2875 532 3084 593 tempus
3109 521 3383 579 inventum

111 616 228 672 Καὶ
280 613 483 679 πόθεν,
535 613 695 686 φησι,
732 614 893 685 δῆλον
932 616 1012 669 ὃτι
1045 616 1127 679 τὸ,
1166 634 1184 667 ι
1230 615 1319 669 Ἐν
1354 616 1496 687 ἀρχῇ
1538 611 1624 686 ἦν,
1676 636 1694 669 ι

1834 620 2019 687 guando
2053 635 2158 674 non
2192 626 2328 673 erat.
2364 616 2429 671 Et
2469 616 2609 672 unde
2660 615 2853 672 dixerit
2873 615 3013 686 quis.
3039 612 3382 671 Manifestum

114 708 315 762 ταυτὸν
340 705 599 779 σημαίνει
628 706 729 779 τῷ,
760 708 856 762 ἀπ’
880 709 1086 779 ἁρχῆς;
1115 709 1319 776 mea;
1356 709 1463 762 Καὶ
1491 708 1587 763 ἀπ’
1611 709 1704 763 σὺ·

110 800 218 870 τῆς
268 799 370 870 μὲν
401 800 499 871 τῆς
531 799 716 870 κοινῆς
749 798 1093 871 ὑπολήψεως,
1128 800 1365 869 μάλιστα
1396 800 1452 854 δὲ
1483 801 1578 854 ἀπ’
1607 801 1706 854 αὑ-

1803 713 1944 781 quod
1975 712 2026 766 in
2060 711 2324 781 principio
2359 709 2501 765 idem
2532 708 2601 764 sit
2624 712 2768 779 quod
2797 724 2828 763 a
2860 706 3124 777 principio
3149 702 3387 762 lUude?

1803 802 1880 857 Ex
1934 804 2047 874 ipsa
2109 803 2323 873 quidem
2389 800 2660 857 communi
2721 799 3097 867 conceptione,
3153 797 3387 853 tttaxitne

112 895 211 947 τοῦ
247 894 437 948 τούτου
469 891 563 949 τοῦ
601 893 1014 963 εὐαγγελιστοῦ.
1047 895 1186 959 Φησὶ
1220 894 1326 965 γὰρ
1373 896 1432 947 ὲν
1467 896 1568 965 μιᾷ
1595 893 1705 946 τῶν

1840 905 1982 951 utem
2019 900 2086 950 ab
2148 898 2251 951 hoc
2305 895 2421 962 ipso
2485 887 2841 964 evangelista.
2898 891 3078 958 Inquit
3137 892 3279 944 enim
3334 889 3386 944 in

115 986 286 1041 αὑτοῦ
329 987 661 1042 ἐπιστολῶν·
701 1005 720 1038 ι
762 987 828 1041 Ὃ
860 983 928 1058 ἦν
961 986 1057 1040 ἀπ’
1090 984 1265 1056 ἀρχῆς
1297 984 1435 1057 (12),
1468 985 1496 1039 ὃ
1525 985 1703 1055 ἑωρά-

116 1098 321 1150 καμεν.
362 1099 380 1133 ι
422 1079 587 1152 Ὁρᾷς
608 1078 703 1134 οὖν
736 1079 855 1143 πῶς
888 1079 1048 1143 αὐτὸς
1079 1080 1271 1132 ἑαυτὸν
1299 1080 1327 1133 6
1352 1079 1707 1149 ὴγαπημένος

116 1172 456 1244 ἑρμηνεύεις
491 1172 622 1236 Ναὶ,
657 1171 846 1242 φησὶν,
906 1171 1021 1224 ἀλλ’
1053 1170 1165 1239 ἐγὼ
1197 1171 1279 1235 τὸ,
1325 1191 1343 1223 ι
1383 1172 1442 1223 ὲν
1484 1171 1648 1241 ἀρχῇ,
1683 1188 1703 1222 ι

114 1266 264 1319 οὕτω
303 1265 428 1333 νοῶ,
462 1265 652 1335 ὥσπερ
687 1263 781 1318 καὶ
819 1263 975 1335 παρὰ
1003 1263 1080 1334 τῷ
1113 1265 1321 1318 Μωσεῖ·
1362 1282 1380 1316 ι
1440 1264 1531 1316 Ἐν
1564 1264 1707 1335 ἀρχῇ

114 1358 384 1429 ἐποίησεν
424 1360 452 1412 6
489 1358 643 1419 Θεός.
680 1376 699 1408 ι
749 1340 963 1427 Ὠσπερ
1000 1357 1109 1426 γὰρ
1138 1357 1255 1410 ἐκεῖ
1285 1356 1383 1428 οὐχ
1426 1355 1501 1418 ὡς
1540 1357 1711 1410 ἀϊδίου

114 1450 273 1512 ὄντος
304 1447 398 1502 τοῦ
429 1446 660 1519 οὐρανοῦ
688 1446 780 1510 τὸ,
815 1465 834 1500 ι
873 1447 933 1500 ὲν
975 1446 1140 1517 ἀρχῇ,
1190 1466 1208 1498 ι
1246 1448 1474 1509 νοεῖται,
1538 1443 1713 1508 οὕτως

114 1538 235 1593 οὐδ’
269 1538 506 1593 ἐνταῦθα
537 1538 619 1600 τὸ,
672 1555 691 1588 ι
740 1538 798 1589 ὲν
831 1539 1000 1608 ἀρχῇ,
1036 1557 1054 1589 ο
1092 1538 1292 1607 νοήσω,
1315 1537 1389 1600 ὡς
1414 1537 1587 1591 ἀϊδίου
1619 1538 1711 1590 δν-

113 1648 213 1695 to;
238 1631 334 1686 τοῦ
369 1631 735 1700 Μοεέογενοῦς.
773 1628 960 1683 Ταῦτα
990 1629 1092 1697 μὲν
1119 1630 1148 1682 6
1181 1628 1483 1699 αἰρετικός.
1524 1627 1716 1699 Ἡμεῖς

117 1724 175 1776 δὲ
211 1724 350 1794 πρὸς
382 1723 586 1792 ταύτην
625 1721 722 1792 τὴν
756 1716 984 1792 ἀνόητον
1037 1716 1292 1774 ἔνστασιν
1335 1720 1488 1774 οὐδὲν
1527 1720 1715 1791 ἕτερον

118 1815 385 1886 ἐροῦμεν,
420 1815 538 1870 ἀλλ’
571 1817 604 1887 ἢ
634 1815 812 1869 τοῦτο·
846 1810 917 1866 Ὦ
952 1813 1183 1883 σοφιστὰ
1214 1813 1311 1883 τῆς
1343 1814 1565 1876 κακίας,
1598 1813 1715 1876 πῶς

118 1909 182 1959 τὸ
230 1907 357 1978 ἑξῆς
394 1908 815 1978 ὑπεκράτησαςς
858 1904 1000 1961 Ἀλλ’
1044 1907 1205 1975 ἡμεῖς
1251 1905 1412 1959 τοῦτο
1460 1903 1713 1976 ἐροῦμεν,

119 1998 231 2051 κᾶν
274 2000 339 2051 σὺ
389 1999 462 2069 μὴ
509 1998 691 2069 θέλῃς.
734 1998 883 2051 Ἐκεῖ
924 1997 1024 2066 μὲν
1067 1997 1179 2065 γὰρ
1223 1996 1251 2046 6
1284 1996 1492 2065 Μωσῆς
1531 2010 1710 2064 φησιν·

124 2111 147 2141 s
199 2092 291 2144 Ἐν
340 2091 776 2162 ἀρχῇιὲποίησεν
825 2092 852 2144 6
891 2086 1026 2153 Θεὸς
1073 2090 1163 2143 τὸν
1202 2088 1432 2159 οὐρανὸν
1478 2087 1571 2142 καὶ
1619 2088 1718 2160 τὴν

119 2188 252 2254 γῆν·
304 2203 322 2234 ι
357 2183 591 2237 ἐνταῦθα
622 2183 717 2248 δὲ,
758 2202 775 2235 ι
822 2183 914 2235 Ἐν
964 2184 1106 2255 ἀρχῇ
1134 2180 1200 2251 ἦν
1246 2185 1274 2236 ὁ
1324 2181 1518 2251 Λόγος.
1563 2201 1580 2233 ³
1623 2181 1718 2245 Τίς

119 2275 226 2332 οὖν
254 2276 606 2353 κοινωνίατῷ
638 2295 655 2328 ι
689 2276 938 2347 ἐποίησε,
971 2295 989 2328 ι
1023 2277 1161 2349 πρὸς
1181 2277 1244 2330 τὸ
1280 2296 1298 2329 ι
1337 2272 1442 2345 iw;
1480 2293 1498 2326 ι
1527 2277 1588 2328 Et
1619 2274 1720 2344 μὲν

122 2371 242 2439 γὰρ
278 2370 588 2439 ἐγέγραπτο
626 2371 720 2423 καὶ
766 2368 1001 2422 ἐνταῦθα
1025 2383 1041 2397 ·
1088 2367 1175 2420 Ἑν
1209 2367 1351 2437 ἀρχῇ
1399 2365 1658 2434 ἐποίησεν
1692 2366 1721 2418 6

118 2463 266 2524 Θεὸς
297 2462 387 2515 τὸν
413 2450 822 2531 Υῐὸνίὲκσίγησα
848 2452 914 2514 ἄν
934 2476 950 2493 ·
983 2458 1077 2513 νῦν
1101 2459 1179 2524 δὲ,
1217 2477 1235 2510 ι
1282 2458 1373 2512 Ἐν
1399 2460 1542 2529 ἀρχῇ
1566 2452 1655 2527 ἦν·
1696 2476 1714 2506 ι

120 2556 187 2619 ἐξ
219 2548 282 2608 οὗ
325 2554 429 2607 νοῶ
455 2556 515 2607 τὸ
546 2553 730 2617 ἁῖὸίῶς
764 2549 903 2607 εἶναι
934 2550 1023 2607 τὸν
1054 2552 1248 2621 Λόγον,
1284 2550 1420 2605 ἀλλὰ
1455 2551 1533 2622 μὴ
1560 2549 1722 2604 ὓστε-

123 2669 263 2720 ρον,
312 2650 494 2714 καθὼς
546 2652 701 2720 ὑμεῖς
739 2652 1053 2720 φλυαρεῑτε.
1089 2650 1248 2712 Τίνος
1295 2648 1353 2702 δὲ
1399 2648 1587 2700 ἕνεκεν
1620 2648 1724 2699 οὐκ

122 2739 313 2796 εἶπεν·
350 2742 438 2797 Ἐν
459 2744 600 2814 ἀρχῇ
651 2738 721 2814 ἦν
759 2743 787 2794 ό
814 2741 963 2808 Υἱὸς,
994 2740 1132 2803 ἀλλ’,
1161 2758 1179 2792 ι
1209 2739 1238 2793 ὁ
1261 2739 1454 2807 Λόγος,
1491 2757 1509 2790 ι
1535 2739 1719 2793 ἄκουε.

124 2838 263 2890 Ὂτι
286 2835 376 2888 διὰ
405 2835 504 2905 τὴν
532 2834 641 2889 τῶν
663 2834 974 2889 ἀκουόντων
998 2833 1286 2888 ἀσθένειαν
1307 2874 1321 2897 ,
1347 2833 1437 2885 ἵνα
1463 2834 1539 2904 μὴ
1561 2833 1727 2885 ἀκού-

125 2943 335 2991 σαντες
363 2927 528 2991 εὐθὺς
563 2927 623 2993 ἐξ
651 2927 828 2998 ἀρχῆς
861 2927 998 2991 υἱὸν,
1028 2926 1312 2997 νοήσωμεν
1339 2924 1595 2995 γέννησιν
1632 2926 1726 2993 ἑμ-

124 3018 289 3090 παοῆ
343 3019 436 3073 καὶ
485 3018 804 3088 σωματικὴν
828 3058 843 3085 ,
874 3015 1068 3071 τούτου
1102 3014 1290 3069 ἕνεκεν
1337 3013 1512 3081 Λόγον
1561 3011 1726 3066 αὐτὸν

123 3112 436 3166 ἐκάλεσεν·
461 3112 550 3166 ἶνα
579 3112 643 3165 σὺ
679 3110 855 3183 μάθῃς
893 3111 977 3184 ῥτι
1009 3108 1198 3179 ὥσπερ
1231 3107 1259 3160 6
1286 3105 1444 3175 λόγος
1471 3105 1725 3174 γεννᾶται

1809 1007 1913 1044 una
1960 1007 2181 1067 suarum
2246 990 2590 1061 epistularum
2630 1007 2642 1043 :
2682 1007 2700 1041 ι
2748 987 2905 1056 Quod
2939 996 3058 1044 erat
3091 985 3162 1040 ab
3209 983 3384 1044 initio.

1809 1081 1948 1152 quod
1971 1082 2286 1138 vidimus”.
2318 1102 2335 1135 ι
2371 1081 2534 1138 Vides
2562 1081 2726 1152 igitur
2746 1080 3016 1151 quomodo
3050 1079 3139 1133 ille
3162 1076 3391 1132 dilecuts

1811 1174 2025 1229 Domini
2072 1174 2311 1241 seipsuut
2360 1173 2789 1243 interpretetur?
2823 1169 3017 1242 Etiam,
3051 1168 3246 1239 inquit.
3283 1164 3391 1221 Sed

1811 1283 1908 1339 ego
1937 1267 2102 1331 istud,
2132 1286 2150 1317 ι
2186 1267 2237 1321 in
2271 1266 2555 1335 principio,
2594 1284 2612 1317 ι
2642 1266 2718 1319 sic
2746 1263 3009 1333 intelligo,
3036 1258 3390 1329 quemadmo-

1752 1409 1768 1422 .
1814 1359 1938 1414 dum
1977 1368 2030 1431 et
2080 1372 2109 1411 a
2168 1357 2315 1412 Mose
2377 1357 2577 1413 dictum
2637 1367 2740 1422 est,
2801 1374 2820 1408 ι
2857 1354 2915 1410 lu
2976 1349 3242 1422 principio
3266 1348 3396 1404 fecit

1815 1451 1956 1505 Deus
1977 1452 2044 1507 ⁸⁸.
2083 1471 2101 1504 ι
2146 1450 2299 1505 Sicut
2347 1450 2493 1505 ettint
2527 1449 2634 1507 illic
2677 1450 2843 1513 istud,
2878 1450 2930 1502 in
2962 1445 3250 1517 principio,
3284 1456 3391 1496 non

1816 1542 2133 1613 intelligitur
2192 1542 2343 1615 quasi
2400 1541 2595 1597 etelum
2674 1534 3273 1608 fueritsempiternum.
3316 1535 3399 1591 sic

1817 1649 1992 1704 neque
2048 1636 2150 1690 hoc
2205 1635 2322 1691 loco
2349 1636 2492 1705 quod
2544 1634 2907 1705 sempiternus
2956 1629 3397 1700 sitUnigenitus.

1819 1728 1943 1785 llaec
1975 1732 2192 1799 quidem
2218 1731 2529 1788 haereticus.
2565 1729 2673 1787 Nos
2699 1741 2876 1785 autem
2915 1729 2981 1783 ad
3010 1728 3151 1782 hanc
3177 1723 3398 1778 stultam

1821 1822 2133 1878 instantiam
2192 1824 2322 1879 nihil
2383 1823 2525 1879 aliud
2575 1822 2828 1889 dicimus,
2858 1836 3015 1890 quam
3051 1819 3152 1873 hoc
3185 1834 3199 1872 :
3231 1816 3276 1881 0
3312 1831 3404 1870 so-

1824 1916 1999 1984 phista
2049 1902 2285 1981 maliiim,
2328 1915 2610 1987 quomodo
2658 1916 2803 1983 quod
2851 1912 3097 1983 sequitur
3143 1908 3404 1963 subticui-

1821 2010 1889 2065 sti
1908 2009 2015 2064 lAt
2042 2025 2158 2077 nus,
2187 2011 2350 2064 etiam
2379 2011 2481 2064 hoc
2508 2018 2558 2063 te
2586 2008 2823 2066 nolente.
2852 2006 3112 2061 dicemus.
3135 2000 3268 2056 Nam
3297 1998 3407 2053 illic

1822 2102 2040 2172 quidem
2066 2102 2239 2158 Moses
2270 2103 2419 2167 dicit,
2462 2121 2479 2154 ι
2504 2102 2561 2157 1η
2595 2101 2858 2172 princip'o
2886 2098 3011 2153 fecit
3044 2096 3182 2151 Deus
3212 2093 3408 2149 coelum

1821 2208 1875 2252 et
1928 2188 2127 2252 terram
2166 2214 2181 2254 :
2215 2214 2235 2248 ι
2284 2198 2386 2252 hoc
2414 2206 2593 2250 autem
2651 2193 2787 2258 loco,
2831 2211 2850 2244 ι
2908 2194 2964 2245 In
2997 2188 3264 2258 principio
3291 2193 3413 2241 erat

1824 2287 2082 2340 Verbum.
2112 2305 2129 2338 ι
2155 2286 2286 2352 Quae
2304 2286 2467 2356 igitur
2492 2283 2802 2339 communio
2825 2281 2997 2345 verbi,
3031 2278 3179 2341 fecit,
3199 2277 3263 2330 ad
3284 2289 3413 2330 ver-

1822 2381 1974 2445 bunt,
2005 2380 2157 2435 erat?
2186 2379 2444 2448 Equidem
2468 2376 2761 2442 siluissem,
2790 2377 2833 2430 si
2869 2374 2971 2429 hoc
2998 2373 3118 2427 loco
3141 2372 3410 2436 scriptum

1826 2475 2037 2538 fuisset,
2070 2471 2125 2528 l‘n
2163 2470 2426 2541 principio
2455 2469 2579 2526 fecit
2613 2469 2751 2525 Deus
2770 2468 3003 2532 Filium;
3037 2478 3180 2520 nunc
3226 2475 3409 2521 autem

1825 2568 2018 2636 inquit,
2062 2586 2079 2618 ι
2120 2565 2175 2621 [ιι
2215 2563 2479 2634 principio
2520 2569 2658 2618 erat.
2701 2581 2720 2615 ι
2760 2560 2832 2615 Ex
2867 2574 2972 2628 quo
3012 2557 3252 2624 intelligo
3276 2569 3415 2611 sem-

1826 2658 2094 2728 piternum
2136 2656 2300 2712 fuisse
2359 2657 2606 2717 verbum,
2679 2662 2733 2730 et
2777 2669 2883 2708 non
2924 2654 3194 2720 posterius
3228 2647 3414 2702 condi-

1828 2761 1963 2814 tum,
2017 2751 2154 2807 sicut
2199 2764 2295 2806 vos
2329 2746 2629 2820 nugamini.
2659 2746 2837 2815 Quare
2887 2755 3064 2799 autent
3114 2758 3220 2798 non
3252 2741 3417 2807 dixit,

1834 2862 1853 2895 ι
1890 2842 1947 2896 1η
1983 2824 2249 2912 principio
2281 2848 2399 2897 erat
2433 2860 2451 2894 ι
2478 2838 2670 2904 Filius,
2696 2840 2810 2901 sed,
2850 2858 2867 2889 ι
2899 2834 3179 2892 Verbum?-
3210 2853 3228 2886 ι
3252 2832 3412 2897 Audi,

1827 2945 2049 3003 propter
2100 2933 2408 3009 auditorum
2462 2930 2855 2993 inﬁrmitatem,
2906 2943 2975 2983 ne
3016 2925 3203 2981 audito
3228 2922 3415 2978 statim

1830 3027 1897 3083 ab
1925 3010 2077 3082 initio
2107 3026 2270 3097 506
2311 3023 2435 3079 Filii
2502 3023 2738 3088 nomine,
2773 3021 3139 3089 cegitaremns
3168 3013 3419 3094 nativita-

1833 3130 1943 3176 tem
1971 3119 2327 3189 corporalem,
2355 3129 2409 3173 et
2448 3117 2515 3172 ab
2541 3114 2916 3170 affectionibus
2956 3110 3415 3181 proficiscentem.

121 3208 202 3259 ἐκ
238 3203 336 3259 τοῦ
389 3205 507 3268 νοὸς
541 3203 767 3268 ἀπαθῶς
789 3244 804 3268 ,
836 3202 981 3257 οὕτω
1034 3203 1128 3256 κει)⁵
1168 3194 1321 3263 οὗτος
1361 3197 1630 3269 ἐγεννήθη
1664 3197 1726 3251 ἐκ

1834 3218 1903 3273 Et
1944 3217 2061 3286 ejus
2092 3215 2262 3286 gratia
2320 3215 2495 3282 ipsum
2524 3210 2740 3266 vocavit
2768 3207 3027 3269 Verbum,
3078 3218 3187 3274 quo
3218 3202 3423 3264 discas,

122 3300 234 3356 τοῦ
272 3301 487 3371 Πατρός
522 3299 781 3366 ἀπαθῶς·
811 3300 906 3352 καὶ
930 3297 1107 3361 ἄλλως
1131 3295 1191 3351 δὲ
1212 3294 1375 3350 αὐτὸν
1401 3295 1573 3364 Λόγον
1600 3292 1733 3346 ἐκά-

123 3396 192 3448 λε
204 3411 323 3459 σεν,
345 3392 534 3464 ἐπειδὴ
564 3394 631 3447 τὰ
650 3390 745 3446 τοῦ
767 3376 980 3463 Πατῇς
1006 3390 1137 3461 ἡμῖν
1157 3387 1516 3459 ἀπήγγειλεν,
1543 3384 1734 3453 ὥσπερ

124 3487 240 3541 καὶ
268 3487 379 3550 πᾶς
408 3485 572 3554 λόγος
602 3484 670 3539 τὰ
700 3483 796 3539 τοῦ
842 3483 961 3548 νοὸς
991 3480 1330 3551 ἀπαγγέλλει
1359 3476 1734 3550 βουλεύματα,

124 3579 264 3646 ἅμα
294 3576 352 3631 δὲ
382 3576 475 3630 καὶ
500 3576 589 3630 ἵνα
610 3574 759 3646 δείξῃ
791 3574 956 3629 αὐτὸν
985 3570 1253 3627 συναῒδιον
1279 3568 1357 3640 τῷ
1381 3566 1558 3639 Πατρὶ
1584 3567 1733 3620 ὅντα.

128 3672 361 3737 Ὥσπερ
391 3669 499 3737 γὰρ
533 3668 635 3723 οὐκ
670 3668 818 3722 ἔστιν
843 3667 1019 3720 εἰπεῖν
1062 3663 1186 3719 νοῦν
1233 3662 1364 3716 ὄντα
1398 3661 1530 3715 ποτὲ
1566 3659 1735 3732 χωρὶς

124 3763 336 3829 λόγου,
360 3760 535 3824 οὕτως
557 3761 679 3813 οὐδὲ
703 3758 792 3812 τὸν
820 3757 1042 3827 Πατέρα
1071 3756 1166 3811 καὶ
1190 3753 1283 3808 τὸν
1303 3753 1437 3808 Θεὸν
1456 3752 1622 3825 χωρὶς
1645 3748 1738 3803 τοῦ

126 3853 306 3908 Υξοῦ.
360 3852 516 3907 Μετά
557 3852 650 3905 τοῦ
688 3850 891 3921 ἄρθρου
937 3849 996 3903 δὲ
1042 3843 1232 3921 εἶπεν·
1280 3847 1359 3917 ὐ-
1386 3845 1580 3914 Λόγος.
1616 3842 1740 3898 Εἰσί

127 3946 263 4016 γὰρ
295 3944 393 3998 καὶ
416 3944 564 3998 ἄλλοι
596 3918 965 4011 πολλοὶ-λόγοι
994 3940 1087 3995 τοῦ
1117 3918 1281 4003 Θεοῦ,
1315 3933 1428 3993 οἷον
1457 3937 1544 4008 δὴ,
1576 3936 1741 4007 φημὶ,

126 4042 209 4094 αἱ
244 4024 610 4108 προφητεῖαι,
647 4036 744 4088 καὶ
777 4034 846 4090 τὰ
884 4034 1286 4106 προστάγματα
1308 4048 1321 4061 ·
1360 4029 1498 4084 καθό
1529 4027 1745 4099 εἴρηται

132 4133 288 4199 περὶ
351 4131 460 4185 τῶν
505 4129 752 4198 ἀγγέλων
782 4169 797 4190 ,
863 4128 945 4181 ὅτι
989 4124 1208 4181 δυνατοὶ
1249 4123 1399 4194 ῑσχὺῖ
1462 4118 1743 4183 ποιοῦντες

132 4224 247 4276 τὸν
279 4220 441 4288 λόγον
465 4222 654 4287 αὐτοῦ,
702 4221 971 4286 τουτέστι,
1033 4217 1100 4273 τὰ
1132 4216 1537 4290 προστάγματα
1557 4212 1744 4268 αὐτοῦ·

136 4314 276 4370 ἀλλ’
307 4313 336 4366 ὁ
371 4319 570 4384 κυρῖως
600 4316 768 4395 Λόγος
796 4313 951 4368 οὐσία
980 4330 1064 4377 τις
1096 4313 1246 4367 ἐστὶν
1286 4310 1673 4372 ἑνυπόστατος.

1836 3309 1977 3378 quod
2005 3310 2147 3364 sicut
2176 3306 2400 3363 verbum
2434 3304 2672 3377 gignitur
2699 3317 2764 3357 ex
2802 3309 2992 3355 mente.
3011 3297 3129 3352 sine
3152 3295 3434 3366 passione,

1838 3408 1910 3463 ita
1958 3410 2013 3456 et
2062 3400 2152 3455 hic
2196 3415 2224 3453 a
2249 3397 2409 3453 Patre
2441 3407 2601 3452 natus
2630 3403 2710 3450 est
2748 3395 2952 3463 absque
2979 3390 3085 3445 ulla
3118 3387 3425 3444 affectione.

1844 3493 1934 3549 Vel
1963 3491 2150 3547 aliter:
2178 3491 2352 3561 ipsum
2373 3486 2664 3559 appellavit
2691 3483 2954 3550 Verbum,
2977 3478 3276 3553 quianobis
3307 3490 3430 3547 qua

1839 3597 1965 3642 sunt
1992 3584 2167 3640 Patris
2222 3581 2585 3647 annuntiavit,
2622 3576 3076 3649 quemadmodum
3115 3587 3279 3651 omne
3311 3582 3435 3626 vern

1843 3682 1969 3735 bum
2037 3676 2234 3748 mentis
2296 3672 2600 3729 voluntates
2642 3671 2947 3735 annuntiat,
3001 3671 3222 3732 insuper
3257 3672 3315 3717 ut
3341 3678 3434 3717 os-

1843 3770 2397 3826 tendat'roaeternum
2441 3778 2562 3820 esse
2610 3760 2756 3817 Patri
2805 3759 3021 3815 Filium.
3071 3757 3226 3812 Sicut
3283 3754 3432 3810 enim

1845 3862 1951 3918 dici
2008 3860 2199 3929 nequit
2250 3864 2484 3912 mentem
2537 3853 2830 3926 aliquando
2853 3866 2973 3908 esse
3011 3850 3215 3919 absque
3247 3847 3437 3907 verbo,

1846 3957 1918 4013 ita
1945 3970 2120 4025 neque
2148 3951 2365 4008 Patrem
2413 3960 2466 4007 et
2499 3951 2665 4006 Deum
2691 3948 2897 4018 absque
2933 3944 3089 4001 Filio.
3118 3942 3327 3998 Dictum
3352 3954 3437 3998 est

1847 4061 2026 4106 autem
2072 4065 2195 4105 eum
2234 4046 2485 4109 articulo,
2524 4044 2653 4101 illud
2690 4041 2949 4099 Verbum.
2980 4040 3117 4097 Sunt
3149 4039 3292 4095 enim
3330 4038 3436 4092 alia

1848 4141 2015 4198 multa
2046 4140 2141 4196 Dei
2176 4140 2361 4206 verba,
2390 4150 2449 4194 ut
2487 4138 2786 4210 prophetiae
2813 4144 2889 4190 et.
2920 4134 3171 4190 mandata
3206 4145 3441 4189 :secun-

1850 4241 1979 4291 dum
2027 4235 2169 4305 quod
2218 4233 2420 4289 dictum
2445 4241 2529 4289 est
2574 4232 2642 4286 de
2667 4229 2896 4299 angelis.
2943 4235 3191 4298 potentes
3217 4225 3436 4286 virtute,

1852 4328 2113 4386 facientes
2147 4326 2372 4382 verbum
2403 4324 2541 4394 ejus,
2585 4325 2688 4380 hoc
2718 4331 2823 4387 est,-
2865 4319 3115 4375 mandata
3154 4316 3293 4388 ejus.
3333 4312 3444 4371 Sed

1852 4422 2069 4494 proprie
2134 4419 2372 4477 Verbum
2438 4416 2784 4474 subsistentia
2848 4423 2930 4471 est
2977 4425 3263 4484 personam
3309 4422 3444 4464 coo-

1855 4517 2111 4570 stituens.

237 4611 257 4643 σ
307 4594 418 4646 Καὶ
449 4594 477 4644 6
509 4593 678 4662 Λόγος
711 4590 777 4666 ἦν
817 4592 950 4665 πρὸς
996 4593 1086 4648 τὸν
1120 4594 1274 4649 Θεόν.
1307 4612 1325 4646 ι
1364 4594 1476 4648 Καὶ
1520 4590 1726 4645 ἑντοιῦθς

1934 4610 2097 4664 Vens.
2126 4606 2182 4663 2.
2231 4626 2250 4659 ι
2312 4606 2379 4661 Et
2423 4606 2551 4660 illud
2593 4604 2827 4659 Verbum
2861 4608 2978 4657 erat
3010 4598 3150 4667 apud
3180 4596 3377 4663 Deum.
3418 4609 3449 4644 ι

142 4684 508 4754 σαφέστερον
542 4684 781 4737 δείκνυσι
832 4687 1104 4739 συναῖὂιον
1136 4685 1228 4740 τὸν
1275 4686 1405 4739 Υἱὺν
1439 4683 1519 4754 τῷ
1556 4681 1756 4753 Πατρί.

143 4781 289 4832 ἰνα
325 4777 436 4847 γὰρ
474 4777 548 4849 μὴ
593 4780 820 4852 νομίσῃς
844 4822 856 4845 ,
891 4781 975 4833 ὅτι
1018 4775 1087 4851 ἦν
1132 4796 1262 4833 ποτε
1293 4782 1321 4833 6
1355 4777 1546 4847 Πατὴρ
1595 4776 1765 4847 χωρὶς

136 4870 262 4925 τοῦ
302 4860 458 4930 Υἰοῦ.
488 4870 676 4943 φησὶν.
702 4871 783 4924 ὅτι
818 4890 836 4921 ι
880 4872 938 4925 '0
965 4871 1139 4938 Λόγος
1164 4866 1237 4942 ἦν
1268 4869 1404 4942 πρὸς
1433 4868 1525 4923 τὸν
1550 4866 1703 4931 Θεὸν,
1742 4884 1762 4919 ι

135 4963 423 5018 τουτέστι
468 4963 606 5034 μετὰ
633 4962 791 5030 Θεοῦ,
828 4967 885 5017 ἐν
914 4966 1024 5027 τοῖς
1056 4962 1277 5027 κόλποις
1311 4966 1422 5024 τοῖς
1451 4960 1763 5030 πατρικοῖς.

142 5058 244 5113 Τὸ
273 5055 409 5128 γὰρ,
437 5076 454 5109 ι
482 5057 639 5129 πρὸς,
672 5075 691 5108 ι
720 5059 843 5111 ἀντὶ
869 5057 988 5123 τοῦ,
1016 5056 1175 5129 μετὰ,
1196 5054 1431 5125 ὀφείλεις
1452 5053 1668 5124 νοῆσαι.
1692 5051 1767 5115 ὡς

138 5149 266 5205 καὶ
302 5146 536 5218 ἀλλαχοῦ
570 5152 749 5203 κεῖται
770 5166 783 5179 ·
821 5169 840 5202 ι
877 5149 1013 5221 Οὐχὶ
1044 5151 1094 5203 οἱ
1135 5147 1355 5217 ἀδελφοὶ
1385 5144 1553 5202 αὐτοῦ
1585 5146 1679 5199 καὶ
1710 5146 1768 5197 αἱ

133 5238 405 5308 ἀδελφού⁸
447 5239 613 5294 αὐτοῦ
651 5241 789 5314 πρὸς
824 5242 971 5312 ἡμᾶς
1020 5243 1194 5307 εἰσιν;
1242 5259 1261 5292 ι
1304 5238 1426 5294 ἀντὶ
1468 5235 1597 5303 τοῦ,
1643 5235 1765 5306 μεθ’

136 5331 335 5407 ⁴ἡμῶν
381 5332 847 5405 ἀναστρέφονταις
892 5335 1048 5391 Οὕτω
1107 5334 1388 5390 κάνταῦθα
1428 5332 1524 5399 τὸ,
1576 5351 1597 5387 ι
1637 5331 1773 5404 πρὸς

1864 4702 1930 4755 Ει
1963 4702 2066 4755 hoe
2116 4696 2235 4752 loco
2277 4695 2632 4751 manifestius
2661 4692 2863 4747 indicat
2923 4696 3250 4745 eoaeternum
3297 4680 3445 4736 l‘atri

1863 4789 2078 4845 Filium.
2113 4785 2191 4842 Ne
2233 4787 2379 4841 enim
2427 4784 2711 4839 existimes
2763 4780 2906 4851 quod
2962 4778 3123 4834 Pater
3158 4771 3449 4845 aliquando

1865 4882 2030 4936 fuerit.
2067 4880 2285 4950 alisque.
2314 4877 2474 4943 Filio,
2537 4877 2690 4941 dicit,
2726 4894 2747 4928 ι
2790 4875 2855 4928 Ει
2902 4872 3032 4926 illud
3053 4868 3290 4924 Verbum
3330 4872 3451 4951 erat

1866 4974 2007 5045 apud
2035 4974 2227 5037 Deum,
2266 4990 2286 5024 ι
2334 4971 2439 5028 hoc
2461 4979 2567 5034 est,
2596 4983 2718 5023 cum
2774 4968 2905 5029 Deo.
2943 4966 2995 5019 in
3027 4960 3239 5019 sinibus
3267 4967 3452 5028 pater-

1866 5068 1972 5122 nis.
1996 5084 2016 5119 ι
2042 5064 2217 5135 Apud,
2250 5082 2271 5117 ι
2298 5063 2443 5118 enim
2461 5060 2759 5127 intelligere
2790 5057 2950 5112 debes
2981 5068 3098 5124 pro,
3126 5066 3248 5108 cum
3279 5048 3457 5104 :sicut

1866 5166 1920 5212 et
1937 5157 2042 5212 alio
2055 5155 2174 5212 loco
2189 5155 2388 5210 dictum
2410 5162 2495 5209 est
2512 5150 2580 5218 ιι,
2615 5168 2633 5203 ι
2653 5149 2843 5207 Nonne
2859 5145 3054 5203 fratres
3084 5144 3201 5211 ejus
3227 5150 3281 5195 et
3297 5152 3452 5195 soro-

1868 5263 1956 5304 res
1996 5247 2113 5317 ejus
2150 5247 2291 5315 apud
2322 5259 2422 5301 nos
2449 5243 2619 5300 sunt?
2655 5261 2676 5294 ι
2715 5241 2818 5295 bne
2855 5247 2959 5302 est,
2996 5233 3276 5291 nobiseum
3304 5238 3449 5295 sunt,

1870 5348 1925 5396 et
1979 5340 2259 5395 nobiscum
2292 5333 2728 5392 conversantur?
2760 5332 2850 5389 Sie
2898 5338 2954 5385 et
2996 5328 3099 5384 hoc
3131 5326 3270 5390 loco,
3313 5320 3454 5392 apud

130 5429 266 5484 τὸν
291 5425 450 5493 Θεὸν,
487 5420 505 5480 ι
545 5429 761 5499 νόησον,
793 5429 915 5484 ἀντὶ
947 5429 1064 5495 τοῦ,
1101 5430 1240 5501 μετὰ
1275 5428 1414 5483 Θεοῦ
1438 5424 1528 5501 ἦν,
1573 5429 1671 5481 σὺν
1697 5445 1725 5480 τ

1875 5432 2067 5495 Deum,
2098 5428 2355 5498 intellige,
2377 5431 2479 5484 hoc
2503 5437 2609 5492 εει,
2636 5440 2768 5481 cum.
2793 5425 2901 5480 Deo
2923 5429 3061 5482 erat.
3094 5433 3218 5475 cum
3245 5416 3372 5477 Deo,
3400 5412 3457 5467 in

138 5520 326 5590 Θεῷ,
360 5522 419 5575 ὲν
449 5524 562 5586 τοῖς
596 5522 819 5587 κόλποις
863 5523 1053 5580 αὑτοῦ.
1084 5524 1198 5578 Οὐκ
1226 5522 1505 5593 ἐνδέχεται
1538 5520 1649 5593 γὰρ
1684 5521 1726 5575 τέ

1876 5518 2087 5575 sinibus
2134 5519 2272 5590 ejus.
2316 5516 2654 5588 Impossibile
2704 5516 2847 5574 enim
2901 5524 2985 5571 est
3024 5511 3189 5569 Deum
3251 5507 3461 5575 absque

258 5636 307 5671 "
332 5636 353 5693 Ι
380 5636 538 5694 Joan.
563 5654 603 5704 ι,
644 5639 698 5696 1.
771 5639 816 5673 ⁶⁰
840 5638 972 5696 Gen.
1002 5657 1043 5706 ι,
1070 5641 1123 5696 ί.
1196 5640 1238 5673 ⁶¹
1272 5637 1437 5694 Marc.
1474 5653 1551 5702 vn,
1575 5635 1628 5693 5.

1125 5757 1215 5817 Ex
1246 5754 1599 5819 collatione
1631 5750 1818 5816 codd.
1855 5751 2088 5814 Venet.
2123 5749 2185 5812 S.
2222 5746 2445 5811 Marci.

253 5877 371 5958 με)
400 5878 531 5937 Cod.
565 5879 634 5936 τε
666 5880 813 5939 addit
846 5897 860 5938 :
889 5881 917 5934 ὃ
948 5877 1286 5951 ἀκηκόαμεν.
