3932 6456
188 359 321 427 im

917 366 1362 431 ENARHATIO
1402 370 1487 430 IN
1526 369 2031 433 EVANGELIUM
2070 348 2520 441 IOANNIS.:
2550 380 2707 443 CAP.
2750 379 2799 441 Ι.

3320 377 3458 446 1142

184 469 322 522 Θεοῦ
362 469 459 523 τὸν
486 469 616 523 Υίὸν
646 467 833 536 αὐτοῦ,
865 471 1055 528 σύνετε
1094 477 1246 529 ποῖον
1268 477 1440 548 δνομα
1471 477 1721 532 τέθεικεν
1744 475 1775 530 ό

1890 484 2146 545 iacturam
2176 490 2383 545 vocatis
2429 505 2575 556 eum,
2613 492 2705 562 qui
2753 504 2930 562 neque
2974 502 3112 561 opus
3147 500 3248 559 est,
3283 510 3460 567 neque

186 562 580 634 εὺαγγελιστῆς
619 564 702 634 τῷ
747 563 861 637 Υίῷ
909 566 1004 620 τοῦ
1036 566 1201 623 Θεοῦ.
1248 569 1420 637 Λόγον
1472 569 1582 642 γὰρ
1611 570 1777 625 αὑτὸν

186 655 449 708 ἐκάλεσεν
470 674 483 688 ·
515 656 673 727 ὑμεῖς
704 658 764 713 δὲ
817 658 980 730 ἔργον
1013 660 1177 736 adsim
1206 661 1302 716 καὶ
1331 663 1545 735 ποίημα
1570 663 1776 736 ὄνομά-

187 748 336 810 ζετε.
362 749 535 818 Λόγος
566 751 735 817 ἐστὶν,
759 751 859 808 οῦκ
885 751 1067 821 ἔργον,
1094 754 1215 808 οὐδὲ
1245 755 1470 826 κτίσμα.
1500 755 1688 810 Διττοῦ
1718 756 1778 811 δὲ

184 839 344 902 ὄντος
365 839 462 894 τοῦ
495 839 654 910 λόγου
682 842 736 913 (ὁ
766 843 867 914 μὲν
891 844 998 915 γάρ
1052 847 1200 900 ἐστιν
1228 845 1558 912 ἐνδιάθετος,
1590 846 1651 901 ὃν
1683 848 1777 905 καὶ

192 929 271 1001 μὴ
306 930 558 1000 λέγοντες
581 932 800 1004 ἔχομεν,
824 937 968 1007 φημὶ
989 935 1054 1008 δὴ
1073 936 1174 1007 τὴν
1198 936 1293 991 τοῦ
1321 937 1502 1008 λέγειν
1523 936 1772 1010 δύναμιν·

190 1023 285 1073 καὶ
313 1022 663 1094 κοιμώμενος
703 1025 810 1097 γάρ
850 1044 956 1092 τις,
991 1027 1085 1083 καὶ
1127 1028 1204 1100 μὴ
1233 1027 1429 1099 λέγων.
1465 1030 1615 1101 ὅμως
1660 1027 1779 1101 ἔχει

187 1112 284 1163 τὸν
313 1113 474 1183 λόγον
522 1117 582 1168 ἐν
620 1116 774 1188 αὑτῷ
822 1119 1098 1190 κείμενον,
1134 1122 1230 1175 καὶ
1272 1120 1373 1193 τὴν
1405 1122 1635 1194 δύναμιν
1677 1121 1780 1177 οὐκ

187 1205 472 1260 ἀπέϐαλεν
495 1224 508 1237 ·
544 1207 573 1260 ό
602 1209 701 1278 μὲν
728 1208 825 1264 οῦν
870 1213 1021 1266 ἐστιν
1064 1213 1389 1282 ἐνδιάθετος,
1433 1216 1462 1268 ὁ
1490 1215 1549 1269 δὲ
1575 1233 1782 1287 προφο-

193 1298 371 1366 ρικὸς,
413 1299 473 1352 ὃν
506 1301 600 1354 καὶ
632 1301 725 1355 διά
753 1301 865 1357 τῶν
903 1304 1129 1375 χειλέων
1160 1307 1510 1380 προφέρομεν
1536 1308 1638 1379 τὴν
1683 1309 1780 1362 τοῦ

190 1390 375 1457 λέγειν
405 1391 633 1463 δύναμιν
663 1395 759 1449 τοῦ
788 1396 1120 1466 ἐνδιαθέτου,
1154 1402 1248 1455 καὶ
1297 1400 1450 1466 ἐντὸς
1498 1401 1778 1473 κειμένου,

190 1486 274 1544 εἰς
324 1484 606 1555 ἐνέργειαν
648 1487 1006 1560 προάγοντες)
1028 1507 1043 1521 ο
1069 1491 1249 1546 διττοῦ
1295 1493 1475 1561 τοίνυν
1501 1494 1655 1560 ὄντος
1686 1495 1781 1550 τοῦ

190 1574 380 1643 λόγου,
416 1576 696 1652 οὖδέτερος
726 1581 932 1635 τούτων
982 1582 1216 1656 ἁρμόζει
1259 1586 1354 1639 ἰπὶ
1398 1585 1495 1643 τοῦ
1527 1585 1659 1640 Υῑοῦ
1687 1587 1781 1640 τοῦ

185 1668 358 1724 θεοῦ.
386 1669 525 1723 Οὔτε
554 1673 659 1742 γὰρ
695 1675 1050 1745 προφορικὺς,
1081 1674 1206 1730 οὔτε
1238 1677 1543 1742 ὲνδιάθετός
1572 1679 1723 1732 ἐστιν
1754 1681 1784 1732 ό

191 1760 372 1829 Λόγος
396 1762 492 1816 τοῦ
517 1763 675 1818 Θεοῦ.
722 1766 950 1819 Ἐκεῖνοι
990 1766 1091 1837 μὲν
1119 1768 1228 1839 γὰρ
1258 1769 1368 1824 τῶν
1411 1771 1663 1840 φυσικῶν
1689 1774 1785 1826 καὶ

191 1854 322 1907 καθ’
350 1856 532 1925 ἡμᾶς’
563 1856 592 1909 ό
619 1857 674 1910 δὲ
715 1859 808 1912 τοῦ
837 1860 1046 1931 Πατρὸς
1078 1862 1252 1931 Λόγος
1296 1863 1437 1935 ὑπὲρ
1470 1867 1633 1933 φύσιν
1683 1864 1780 1929 ὢν,
1812 1841 1860 1900 Β

189 1946 295 2013 οὐχ
326 1945 688 2001 ὑποϐάλλεται
732 1952 845 2015 τοῖς
899 1952 1050 2007 κάτω
1093 1955 1579 2028 τεχνολογίηιασιν.
1616 1958 1779 2011 Ὥστε

188 2035 547 2092 διαπέπτωκε
596 2041 690 2093 τοῦ
733 2042 990 2114 Ἕλληνος
1042 2045 1361 2117 Πορφυρίου
1412 2049 1475 2101 τὸ
1515 2050 1778 2119 σόφισμα.

205 2129 578 2204 Ἐκεϊνοςγὰρ
605 2135 937 2206 ἀνατρέπειν
962 2136 1302 2210 πειρώμενος
1332 2141 1394 2194 τὸ
1420 2141 1780 2211 Εὐαγγέλιον,

190 2222 477 2291 τοιαύταις
505 2228 702 2297 ἐχρῆτο
738 2228 1086 2300 διαιρέσεσιν.
1122 2232 1184 2286 Εἰ
1213 2232 1319 2306 γὰρ
1366 2234 1563 2303 Λόγος.
1595 2236 1781 2305 φησὶν.

191 2316 223 2366 ὁ
257 2315 384 2379 Υἱὸς
402 2317 493 2371 τοῦ
516 2317 673 2383 Θεοῦ,
697 2321 813 2390 ἦτοι
846 2324 1180 2394 προφορικός
1206 2325 1355 2380 ἐστιν
1388 2326 1419 2397 ἢ
1448 2326 1781 2391 ἐνδιάθετοςο

194 2407 338 2461 ἀλλὰ
364 2411 471 2480 μὴν
493 2410 616 2464 οὔτε
637 2411 812 2477 τοῦτο,
835 2412 959 2468 οὔτε
984 2417 1182 2469 ἐκεῖνοο
1208 2416 1312 2469 οὐκ
1333 2418 1441 2489 ἄρα
1466 2417 1586 2472 οὐδὲ
1613 2419 1787 2488 Λόγος

195 2501 373 2554 ἐστίν.
408 2502 472 2555 Ἐ
485 2503 649 2569 1:iiiaee
680 2506 780 2575 μὲν
809 2503 903 2561 οὖν
932 2507 1100 2571 λύσας
1129 2510 1159 2562 ό
1189 2509 1582 2582 εὐαγγελιστὴς
1606 2512 1666 2565 τὸ
1695 2513 1787 2567 σό-

197 2612 385 2665 φισμα
434 2596 593 2651 τοῦτο
623 2597 713 2651 διὰ
762 2600 856 2653 τοῦ
890 2601 1084 2666 εἰπεῖν,
1121 2602 1203 2655 ὅτι
1248 2605 1310 2656 τὸ
1345 2604 1651 2659 ἐνδιάθετον
1693 2609 1787 2661 καὶ

195 2686 264 2739 τὸ
301 2691 630 2759 προφορικὸν
657 2693 746 2743 ἐπὶ
776 2692 884 2746 τῶν
918 2693 1042 2746 καθ’
1077 2695 1226 2762 ἡμᾶς
1260 2697 1353 2749 καὶ
1391 2696 1500 2750 τῶν
1539 2700 1788 2768 φυσικῶν

196 2776 459 2843 λέγεται·
514 2781 606 2833 ἐπὶ
654 2781 718 2835 ’δὲ
777 2784 872 2836 τοῦ
906 2783 1047 2855 ὑπὲρ
1096 2787 1280 2855 φύσιν,
1335 2788 1490 2841 οὐδὲν
1520 2789 1783 2847 τοιοῦτον.

199 2869 354 2940 Πλὴν
391 2872 482 2925 καὶ
514 2872 672 2927 τοῦτο
703 2876 916 2945 ῥητέον,
947 2876 1023 2940 ὡς
1055 2879 1104 2930 εί
1139 2878 1238 2948 μὲν
1259 2874 1326 2951 ἦν
1346 2880 1408 2934 τὸ
1429 2880 1601 2951 ὄνομα
1630 2883 1791 2937 τοῦτο

1876 581 2107 638 factura.
2138 580 2275 637 Nam
2305 598 2425 638 cum
2455 582 2653 653 duplex
2683 585 2754 640 sit
2781 585 3004 640 verbum
3034 583 3205 658 (aliud
3233 586 3456 658 quidem

1878 676 2134 742 mentale,
2165 676 2307 746 quod
2343 676 2605 732 habemus
2631 675 2793 732 etiam
2828 677 2968 733 nihil
3013 677 3322 748 loquentes,
3367 680 3458 735 in-

1877 771 2056 842 teliige
2071 778 2248 825 autem
2268 767 2519 824 virtutem
2538 766 2792 840 loquendi
2814 787 2830 825 :
2848 770 2921 826 ita
2939 769 3082 826 enim
3105 780 3158 827 et
3183 771 3460 829 dormiens

1877 873 1933 921 et
1966 863 2102 921 nihil
2132 864 2362 934 loquens
2387 862 2555 918 habet
2579 862 2686 917 vim
2712 861 2963 934 loquendi
2990 864 3044 919 in
3072 864 3251 937 seipso
3276 866 3459 934 sitam,

1878 966 1933 1015 et
1958 957 2210 1013 virtutem
2240 972 2347 1013 non
2386 955 2581 1026 abiecit
2608 963 2725 1013 :est
2765 956 2929 1028 igitur
2965 956 3112 1012 aliud
3161 958 3459 1021 internum,

1879 1050 2025 1106 aliud
2048 1064 2178 1107 vero
2194 1048 2614 1115 enuntiativum,
2647 1048 2789 1120 quod
2818 1063 2914 1120 per
2940 1049 3081 1105 labia
3106 1049 3459 1121 proferimus,

1881 1142 1985 1198 hoc.
2014 1151 2099 1198 est
2131 1143 2214 1200 vis
2241 1141 2552 1213 eloquendi,
2584 1156 2707 1198 cum
2742 1141 2794 1197 id
2826 1143 2970 1212 quod
3002 1140 3149 1196 intus
3181 1140 3343 1197 situm
3377 1150 3462 1195 est

1882 1236 1936 1293 in
1958 1245 2160 1302 mente,
2188 1236 2244 1293 in
2291 1251 2427 1307 opus
2462 1235 2855 1307 producimus),
2895 1248 3016 1290 cum
3054 1234 3217 1304 igitur
3259 1234 3459 1305 dup'ex

1882 1330 1953 1385 sit
1982 1331 2228 1398 verbum,
2256 1337 2504 1386 neutrum
2536 1330 2725 1384 horum
2755 1326 3006 1395 congruit
3034 1326 3088 1381 in
3115 1326 3310 1381 Filium
3346 1327 3468 1402 Del.-

1883 1419 2067 1492 Neque
2095 1419 2241 1476 enim
2274 1418 2357 1477 vel
2394 1418 2794 1475 enuntiativum
2831 1417 2915 1473 vel
2955 1416 3193 1474 mentale
3222 1415 3460 1472 Verbum

1882 1521 1966 1567 est
1997 1509 2166 1567 Filius
2195 1509 2311 1567 Dei.
2347 1510 2522 1566 Verba
2569 1510 2714 1565 enim
2756 1509 2848 1564 illa
2909 1508 3180 1564 naturalia
3220 1516 3370 1573 sunt,
3411 1518 3467 1563 et

1883 1600 2061 1671 qualia
2094 1600 2234 1671 apud
2268 1613 2386 1655 nos.
2425 1597 2658 1656 Verbum
2686 1609 2868 1653 autem
2907 1595 3086 1655 Patris
3114 1610 3279 1671 super
3308 1608 3466 1651 natu-

1884 1707 2000 1747 ram
2032 1700 2137 1758 est,
2188 1705 2290 1747 nec
2327 1690 2631 1764 subjectum
2663 1689 2909 1746 artiliciis
2945 1688 3053 1747 illis
3081 1687 3340 1760 loquendi
3374 1689 3461 1743 in-

1888 1785 2190 1841 ferioribus.
2263 1784 2441 1856 Atque
2509 1784 2581 1840 ita
2655 1783 2805 1841 cadit
2872 1783 3161 1855 Porphyrii
3242 1781 3463 1854 gentilis

1886 1877 2180 1948 sophisma.
2198 1875 2293 1931 ille
2318 1877 2462 1932 enim
2495 1884 2717 1932 tentans
2746 1876 3061 1931 subvertere
3089 1874 3461 1945 Evangelium,

1884 1968 2080 2024 talibus
2107 1967 2358 2023 utebatur
2384 1966 2762 2023 divisionibus.
2788 1965 2844 2022 Si
2868 1968 3036 2033 enim,
3071 1965 3266 2036 inquit,
3298 1964 3468 2019 Filius

1887 2059 1980 2115 Dei
2010 2057 2247 2115 Verbum
2280 2069 2394 2124 est,
2436 2059 2519 2113 vel
2553 2067 2636 2115 est
2679 2058 3166 2128 pronuntiativum,
3197 2057 3280 2110 vel
3312 2072 3465 2111 men-

1888 2152 1993 2208 tale
2020 2170 2034 2207 :
2062 2166 2245 2207 verum
2276 2165 2452 2221 neque
2496 2150 2602 2207 hoc
2621 2163 2728 2217 est,
2757 2165 2934 2220 neque
2951 2148 3084 2204 illud
3106 2166 3119 2202 :
3138 2164 3269 2220 ergo
3292 2164 3467 2217 neque

1890 2245 2124 2299 Verbum
2153 2252 2259 2299 est.
2287 2242 2457 2314 508
2485 2242 2737 2298 Solutum
2774 2242 2956 2311 itaque
2991 2240 3142 2310 prius
3164 2252 3247 2297 est
3277 2241 3469 2310 sophi-

1885 2351 2002 2391 sma
2028 2336 2149 2401 hoc,
2178 2334 2304 2405 quia
2329 2334 2560 2389 dicimus
2586 2336 2729 2404 quod
2758 2334 2992 2388 meutale
3021 2341 3075 2389 et
3103 2333 3467 2402 pronuntiati-

1886 2443 2011 2483 vum
2033 2428 2254 2483 verbum
2274 2436 2355 2482 est
2377 2426 2442 2481 de
2466 2426 2550 2481 his
2580 2440 2701 2495 qua:
2728 2425 2868 2491 apud
2898 2440 2998 2480 nos
3020 2424 3086 2479 de
3121 2424 3463 2480 naturalibus

1889 2521 2142 2576 dicuntur
2178 2537 2193 2575 :
2231 2520 2297 2574 de
2341 2533 2407 2573 eo
2454 2528 2631 2573 autem
2689 2517 2832 2587 quod
2871 2532 3038 2587 supra
3080 2524 3328 2571 naturam
3363 2527 3468 2581 est,

1900 2613 2032 2668 nihil
2054 2614 2176 2668 tale.
2207 2611 2587 2666 Verumtamen
2611 2609 2786 2664 ethoc
2814 2608 3103 2664 dicendum
3131 2607 3222 2662 :Si
3250 2608 3469 2680 quidem

1890 2721 2084 2761 nomen
2101 2702 2266 2759 Verbi
2285 2703 2503 2774 dignum
2535 2711 2680 2758 esset
2709 2700 2839 2768 Deo,
2869 2711 2923 2755 et
2954 2700 3174 2772 proprie
3200 2700 3265 2755 de
3291 2699 3382 2755 illo
3406 2716 3471 2756 ac

1889 2796 2319 2855 substantialiter
2387 2796 2678 2862 diceretur,
2741 2793 2967 2849 haberet
3035 2792 3224 2863 utique
3290 2791 3468 2847 locum

1891 2888 2106 2961 gentilis
2133 2886 2431 2952 dubitatio;
2467 2894 2525 2941 at
2568 2899 2741 2956 neque
2795 2884 2964 2940 ullum
2997 2883 3143 2940 aliud
3194 2884 3472 2955 proprium
3508 2928 3515 2932 .

198 2962 269 3015 τὸ
317 2962 489 3032 Λόγος
535 2965 686 3032 ἄξιον
720 2966 818 3021 τοῦ
856 2967 1015 3035 Θεοῦ,
1068 2971 1163 3024 καὶ
1217 2973 1422 3043 κυρίως
1473 2974 1562 3027 ἐπ’
1622 2974 1786 3029 αὐτοῦ

1894 2995 2084 3036 nomen
2110 2980 2232 3051 quis
2261 2977 2527 3033 invenerit
2562 2970 2780 3048 dignum
2818 2978 2926 3033 Deo
2968 2994 2983 3032 :
3016 2976 3191 3047 neque
3238 2974 3473 3031 Verbum

202 3058 303 3156 καὶ.
337 3055 611 3121 οῦσιωδῶς
640 3058 954 3130 λεγόμενον,
1003 3059 1149 3133 εἶχεν
1203 3064 1270 3118 ἂν
1314 3065 1472 3134 λόγον
1504 3070 1537 3138 ὴ
1583 3069 1786 3141 ἀπορία

1894 3073 2068 3145 ipsum
2109 3070 2542 3129 substantialiter
2588 3081 2645 3125 et
2672 3070 2903 3141 proprie
2929 3078 3013 3126 est
3045 3082 3240 3125 nomen
3277 3066 3479 3140 Unige-

200 3147 300 3245 τοῦ
345 3147 605 3219 Ἕλληνος
625 3165 640 3180 °
688 3150 784 3204 νῦν
812 3152 870 3206 δὲ
902 3152 1027 3206 οὔτε
1068 3155 1198 3208 ἀλλο
1219 3157 1397 3228 ὄνομα
1425 3159 1574 3231 εὖροι
1602 3162 1667 3216 ἀν
1706 3182 1786 3229 τις

1898 3166 2016 3231 niti,
2044 3166 2139 3221 sed
2166 3172 2378 3219 tantum
2407 3162 2719 3220 manifestat
2749 3161 2954 3232 absque
2976 3161 3264 3217 ali'ectione
3284 3168 3476 3217 natum

200 3238 397 3307 κύριον
421 3240 512 3292 ἐπὶ
543 3241 702 3305 Θεοῦ,
725 3242 848 3313 οὔτε
875 3246 957 3312 τό,
986 3248 1179 3317 Λόγος,
1209 3251 1343 3305 αὐτὸ
1370 3253 1643 3320 οὐσιωδῶς
1667 3258 1786 3312 ἐστι

1896 3261 1963 3315 de
1991 3257 2155 3314 Patre
2184 3257 2405 3322 Fiiium,
2428 3254 2889 3329 quemadmodum
2919 3254 3144 3311 verbum
3177 3254 3244 3310 de
3270 3260 3475 3317 mente,

198 3333 304 3381 καὶ
343 3334 568 3401 κυρίως,
608 3334 906 3406 δηλωτικὸν
938 3339 996 3392 δὲ
1049 3342 1210 3412 μόνον
1258 3345 1376 3398 ἐστὶ
1419 3345 1514 3400 τοῦ
1567 3350 1786 3416 ἀπαθῶς

1893 3361 1945 3408 et
1973 3352 2116 3422 quod
2156 3351 2324 3407 Filius
2374 3351 2447 3407 sit
2497 3358 2739 3420 paternae
2780 3348 3079 3404 voluntatis
3124 3348 3365 3403 nuntius.
3411 3346 3482 3402 Et

198 3424 538 3528 γεννηθῆναι
568 3427 660 3481 τὸν
695 3429 820 3483 Υιὸν
851 3432 914 3485 ὲκ
946 3432 1043 3487 τοῦ
1080 3435 1312 3506 [ἰατρὸς.
1354 3436 1545 3511 ὥσπερ
1577 3444 1605 3494 ό
1636 3442 1786 3511 λόγος

1893 3443 2145 3515 proinde,
2173 3459 2205 3499 ο
2232 3444 2420 3506 miser,
2450 3442 2579 3513 quid
2610 3442 2831 3497 vellicas
2860 3455 3080 3507 nomen,
3116 3446 3207 3494 aut
3234 3438 3491 3509 profecto'

197 3520 270 3569 ἐκ
302 3520 397 3570 τοῦ
427 3520 540 3584 νοῦ,
579 3522 673 3574 καὶ
714 3523 808 3576 τοῦ
841 3525 1002 3579 αὐτὸν
1054 3529 1336 3596 γεγονέναι
1392 3532 1486 3584 τοῦ
1522 3538 1786 3606 πατρικοῦ

1893 3547 2016 3587 cum
2040 3529 2435 3593 dicitur'l’ater,
2454 3540 2508 3585 et
2524 3522 2715 3592 Filius,
2732 3542 2790 3584 et
2808 3525 3063 3600 Spiritus,
3081 3529 3149 3581 ad
3170 3526 3475 3588 materialia

200 3608 515 3697 θελήματος
561 3612 813 3681 ἄγγελον.
859 3617 1021 3670 Ὥστε
1051 3619 1104 3671 τί
1138 3621 1434 3697 ἑπιδράττῃ
1470 3624 1564 3678 τοῦ
1594 3628 1786 3696 ὀνόμα-

1896 3620 2117 3691 laberis,
2167 3635 2217 3679 et
2251 3623 2497 3679 carnales
2536 3632 2714 3678 mente
2748 3621 2907 3694 ﬁngis
2931 3630 3152 3692 patres,
3183 3629 3239 3675 et
3267 3624 3476 3690 septem

205 3716 326 3762 τος,
365 3695 412 3754 ὦ
444 3702 789 3777 ταλαίπωρε;
825 3708 901 3762 Ἦ
922 3725 1023 3763 που
1047 3710 1137 3763 καὶ
1163 3712 1381 3784 Πατέρα
1410 3695 1659 3784 ἀκούων,
1696 3695 1786 3774 καὶ

1896 3721 2058 3786 illius,
2091 3727 2145 3774 et
2187 3719 2437 3789 spiritum
2466 3717 2699 3780 aerium,
2740 3713 3151 3770 meridionalem
3197 3712 3361 3775 forte,
3394 3710 3476 3766 vel

207 3787 366 3853 Υίὸν,
396 3791 491 3844 καὶ
520 3791 744 3864 Πνεῦμα
774 3796 868 3849 ἐπὶ
885 3795 955 3849 τὰ
980 3797 1138 3851 ὑλικά
1188 3806 1498 3874 καταπεσῇ,
1545 3806 1638 3859 καὶ
1662 3824 1786 3879 σαρ-

1900 3812 2178 3868 trionalein
2204 3787 2284 3867 vel
2323 3810 2489 3865 alium
2527 3808 2856 3866 excitantem
2909 3805 3324 3875 tempestatem?
3353 3803 3478 3859 Cae-

207 3887 403 3950 κικοὺς
430 3886 806 3953 ἀναωπὼσεις
833 3890 911 3963 τῷ
938 3892 1013 3962 νῷ
1049 3894 1313 3964 πατέρας,
1348 3898 1442 3951 καὶ
1491 3900 1660 3965 υἱοὺς,
1694 3905 1786 3957 καὶ

1897 3916 2071 3965 terum
2101 3907 2149 3962 si
2183 3906 2321 3962 scire
2349 3905 2430 3960 vis
2458 3905 2624 3974 quale
2658 3902 2728 3960 sit
2761 3900 2997 3958 Verbum
3028 3899 3151 3968 Dei,
3202 3899 3326 3955 audi
3358 3899 3484 3955 reli-

208 3978 432 4046 πνεῦμα
471 3979 677 4052 ἀέριον,
717 3978 1090 4055 νότιον’τυχδν
1133 3986 1167 4057 ἧ
1221 3986 1450 4059 βόρειον,
1493 3993 1526 4062 ἦ
1564 4011 1616 4046 τι
1663 3981 1786 4051 ἀλλο

1895 4017 2000 4071 qua
2029 4016 2150 4070 quae
2179 4006 2505 4069 sequuntur.

206 4072 325 4175 ’τξν
348 4072 760 4217 ὲέρξξιξομένων
815 4081 941 4141 τοὺς
1000 4077 1304 4147 κλύδωνας;
1370 4082 1530 4140 Ἀλλὰ
1585 4074 1707 4159 γὰρ,
1748 4094 1796 4145 εἰ
1836 4094 2001 4166 βούλῃ
2065 4093 2262 4165 μαθεῖν
2326 4089 2683 4159 ποῖοςκΛόγος
2718 4090 2865 4145 ἐστὶν
2889 4086 3033 4143 ὁτοῦ
3059 4086 3220 4153 Θεοῦ,
3250 4086 3481 4141 ἄκουσον

206 4180 321 4216 των
377 4183 563 4217 (56-71:.
3270 4206 3277 4215 ι

202 4170 321 4216 τῶν
348 4170 563 4237 ἑφεξῆς.

285 4278 307 4310 ε
348 4261 532 4316 Πάντα
560 4263 628 4317 δι’
664 4265 832 4318 αὑτοῦ
877 4265 1114 4336 ἐγένετο.
1160 4291 1178 4323 ι
1223 4273 1315 4345 Μὴ
1346 4274 1591 4346 νομίσῃς,
1633 4278 1786 4348 φησι,

1970 4277 2135 4329 Vens.
2169 4272 2223 4327 5.
2263 4290 2280 4321 ι
2307 4269 2500 4324 Omnia
2534 4284 2629 4339 per
2655 4250 2829 4338 ipsum
2860 4266 3002 4321 facta
3023 4275 3165 4322 sunt.
3209 4285 3228 4318 ι
3259 4266 3339 4322 Νε
3362 4268 3482 4322 esi-

206 4356 373 4423 λόγον
396 4359 474 4421 el;
496 4360 636 4431 ἀέρα
665 4362 924 4431 χεόμενον
958 4367 1052 4418 καὶ
1083 4367 1364 4437 λυόμενον,
1395 4370 1530 4426 ἀλλά
1561 4376 1786 4445 ποιητὴν

1905 4367 2115 4428 Stimes,
2148 4363 2347 4433 inquit,
2389 4362 2613 4415 verbum
2642 4358 2784 4429 quod
2839 4359 2892 4413 in
2924 4371 3048 4413 aera
3076 4355 3396 4413 din‘unditur
3426 4367 3484 4414 et

212 4450 436 4504 πάντων
466 4454 672 4524 νοητῶν
701 4457 793 4509 καὶ
830 4458 1123 4528 αἰσθητῶν.
1169 4461 1329 4515 Ἀλλά
1375 4465 1542 4519 πάλιν
1588 4468 1637 4519 oi
1666 4470 1786 4539 περῖ

1904 4458 2239 4521 dissolvitur,
2282 4457 2376 4510 sed
2415 4452 2678 4508 factorem
2721 4451 2962 4506 omnium
3005 4458 3115 4505 tam
3162 4451 3480 4507 mentalium

213 4547 310 4599 τὸν
344 4548 560 4617 ’Λρειον
588 4550 928 4618 ἐπιφύονται,
957 4555 1207 4624 λέγοντες
1223 4560 1303 4611 ὅτι
1330 4557 1521 4631 ὥσπερ
1556 4560 1786 4630 λέγομεν

1904 4564 2065 4621 quam
2107 4545 2465 4602 sensibilium.
2500 4540 2600 4598 Hic
2635 4543 2833 4597 iterum
2867 4541 3053 4596 Ariani
3094 4543 3403 4612 insurgunt,
3427 4554 3484 4598 et

212 4638 308 4694 διά
333 4639 429 4693 τοῦ
461 4642 678 4712 πρίονος
706 4644 964 4711 γενέσθαι
987 4647 1083 4718 τὴν
1117 4648 1293 4721 θύραν
1326 4650 1402 4715 ὼς
1440 4651 1505 4704 δι’
1534 4653 1786 4721 όργάνου1

1906 4640 2093 4695 dicunt
2126 4637 2269 4709 quod
2311 4638 2453 4693 sicut
2485 4636 2715 4692 dicimus
2745 4633 2926 4690 securi
2973 4632 3229 4687 fabricari
3257 4632 3479 4700 jauuam

215 4734 408 4802 ἕτερον
450 4735 633 4803 μέντοι
663 4738 755 4790 τὸν
768 4735 1024 4811 τεχνίτην
1052 4742 1142 4794 τὸν
1179 4742 1430 4797 κινοῦντα
1460 4745 1518 4797 τὸ
1544 4744 1797 4815 ὄργανον·

216 4828 367 4881 οὕτω
401 4830 492 4881 καὶ
528 4829 617 4883 διὰ
650 4830 744 4883 τοῦ
784 4832 915 4885 Υἱοῦ
958 4834 1210 4902 γενέσθαι
1253 4836 1323 4890 τὰ
1372 4837 1574 4902 πάντα,
1599 4836 1698 4908 οὐχ
1726 4836 1801 4900 ὡς

218 4920 391 4973 αὑτοῦ
442 4922 665 4992 ποιητοῦ
714 4925 886 4988 ὄντος,
941 4924 1059 4978 ἀλλ’
1096 4925 1353 4999 ὀργάνου,
1399 4925 1591 4997 ὥσπερ
1634 4928 1804 4982 ὲκεῖὀ

214 5015 421 5093 τερὶων,
449 5014 543 5068 τοῦ
577 5017 760 5085 μέντοι
798 5014 935 5069 Θεοῦ
990 5002 1084 5071 καὶ
1121 5018 1336 5088 Πατρός
1382 5016 1609 5088 ποιητοῦ
1646 5018 1800 5082 ὄντος

213 5109 315 5163 καὶ
352 5109 637 5179 χρωμένου
684 5109 761 5179 τῷ
803 5110 916 5180 Υἱῷ
961 5111 1037 5173 ὡς
1081 5111 1315 5182 ὀργάνῳ.
1361 5112 1525 5165 Ὥστε
1560 5112 1797 5183 ποίημα,

217 5204 410 5271 φασὶν,
444 5204 475 5255 ὁ
505 5202 653 5266 Υἱὸς,
688 5203 782 5256 ἐπὶ
816 5201 991 5274 τούτῳ
1021 5204 1282 5269 κτισθεὶς,
1312 5206 1405 5258 ἐπὶ
1432 5205 1510 5275 τῷ
1533 5203 1601 5258 δι’
1631 5204 1800 5259 αὑτοῦ

217 5293 475 5361 γενέσθαι
497 5293 567 5346 τὰ
594 5295 769 5347 πάντα
789 5309 812 5369 ἡ
836 5294 1024 5363 ὥσπερ
1049 5296 1077 5346 ὁ
1113 5296 1289 5365 πρίων
1318 5298 1411 5350 ἐπὶ
1449 5296 1623 5367 τούτῳ
1655 5297 1801 5366 γίνε-

1906 4732 2059 4801 quasi
2088 4731 2465 4793 instrumento,
2502 4736 2556 4783 et
2579 4726 2741 4781 alium
2772 4740 2895 4781 esse
2932 4724 3142 4779 fabrum
3172 4725 3262 4794 qui
3298 4734 3480 4780 movet

1907 4821 2008 4875 hoc
2043 4834 2328 4890 organum,
2378 4818 2451 4873 ita
2492 4825 2550 4872 et
2582 4831 2680 4888 per
2726 4815 2927 4870 Filium
2975 4814 3090 4871 fieri
3122 4814 3327 4899 omnia,
3373 4829 3483 4870 non

1906 4913 2049 4984 quod
2080 4914 2193 4984 ipse
2223 4912 2293 4968 sit
2332 4909 2524 4976 factor,
2560 4909 2656 4965 sed
2701 4908 3149 4976 instrumentum,
3176 4907 3325 4963 sicut
3372 4908 3484 4962 iilie

1906 5005 2133 5072 securis,
2165 5013 2218 5057 et
2259 5002 2395 5058 Filio
2438 5011 2494 5057 ut
2526 5001 2889 5057 histeumento
2914 5009 3117 5065 utatur,
3143 5013 3264 5055 eum
3301 5008 3481 5054 tamen

1908 5099 2051 5157 Deus
2076 5109 2130 5154 et
2163 5097 2325 5154 Pater
2362 5095 2545 5152 iaciat.
2572 5094 2644 5149 Et
2679 5096 2751 5149 ita
2785 5094 3016 5160 iactura,
3069 5093 3241 5157 aiunt,
3268 5101 3355 5148 est
3380 5090 3481 5147 Fi-

1908 5194 2036 5258 lius,
2069 5194 2136 5248 ad
2176 5194 2281 5248 hoc
2312 5192 2449 5247 facta
2493 5197 2550 5244 ut
2576 5203 2672 5259 per
2695 5187 2869 5257 ipsum
2908 5186 3050 5241 ﬁant
3092 5186 3301 5250 omnia,
3344 5185 3487 5241 sicut

1911 5298 1966 5342 et
1989 5285 2196 5341 securis
2225 5287 2291 5340 ad
2325 5283 2430 5339 hoc
2460 5282 2527 5336 alit
2555 5289 2614 5334 ut
2654 5294 2759 5351 per
2799 5293 2921 5334 eam
2952 5279 3136 5335 omnia
3182 5278 3488 5333 aniiici'alia

1910 5379 2274 5434 elaborentur.
2304 5374 2370 5430 Et
2396 5375 2513 5430 haec
2540 5379 2676 5426 sunt
2702 5370 2938 5441 maligna
2984 5368 3098 5425 Arii
3130 5376 3483 5441 nugamenta.

1910 5477 2021 5533 Nos
2048 5487 2228 5531 autem
2278 5472 2408 5544 quid
2440 5470 2546 5526 illis
2574 5470 2819 5525 dicemus
2851 5466 3172 5538 simpliciter
3202 5482 3268 5523 ac
3299 5467 3487 5524 recte?

220 5402 338 5447 ται,
393 5387 485 5438 ἐπὶ
528 5388 607 5457 τῷ
648 5386 723 5439 δι’
776 5374 942 5443 ideo?)
993 5387 1354 5459 ὲνεργηθῆναι
1398 5389 1466 5442 τὰ
1513 5390 1805 5444 τεκτονικά

222 5480 387 5547 ἔργα.
431 5475 615 5531 Ταῦτα
665 5477 766 5546 μὲν
816 5479 855 5549 ἡ
887 5478 1101 5549 πονηρὰ
1156 5479 1252 5532 τοῦ
1317 5481 1531 5551 ’Λρείου
1572 5480 1800 5552 φατρία.

230 5572 425 5639 ἰιρεῖς
448 5569 576 5624 δέτι
603 5572 740 5642 πρὸς
768 5572 988 5635 τούτους
1016 5572 1250 5644 ἐροῦμεν
1277 5573 1479 5628 ἁπλοῦν
1509 5576 1604 5629 καὶ
1629 5574 1784 5637 eoos;

1910 5567 2065 5637 Quod
2094 5567 2141 5623 si
2195 5567 2249 5621 iu
2282 5566 2382 5620 hoc
2409 5563 2637 5627 creavit,
2666 5569 2725 5616 ut
2771 5560 2922 5628 dicit,
2961 5559 3123 5616 Pater
3152 5557 3378 5623 Filium,
3424 5567 3484 5613 ut
3526 5607 3531 5612 .

216 5665 294 5726 ὡς
328 5668 377 5719 εί
422 5664 516 5718 ἐπὶ
560 5665 733 5737 τούτῳ
786 5665 1019 5732 ἔκτισεν,
1062 5666 1137 5731 ὥς
1179 5683 1353 5735 φατε,
1398 5667 1427 5718 ὁ
1472 5664 1660 5737 Πατὴρ
1712 5664 1786 5718 τοι

1913 5662 2332 5717 instrumentum
2373 5655 2596 5712 haberet
2627 5654 2695 5710 ad
2736 5654 3153 5724 completionem
3194 5658 3482 5713 creatum,

224 5755 379 5820 Υἱὸν,
414 5755 502 5810 ἵνα
525 5756 755 5827 ὄργανον
776 5754 874 5828 ἔχῃ
897 5757 1087 5811 τοῦτον
1116 5757 1252 5828 πρὸς
1284 5756 1682 5827 συμπλήρωσιν
1704 5755 1786 5825 τῆς

1915 5751 2187 5824 indignior
2223 5749 2388 5806 fuerit
2419 5746 2591 5804 Filius
2620 5755 2894 5804 creatura.
2942 5744 3075 5800 Nam
3110 5743 3250 5798 sicut
3282 5738 3482 5801 securi,

229 5847 482 5914 xzi:ew;,
542 5849 861 5920 ἀτιμότερος
931 5846 1083 5903 ἔσται
1118 5850 1147 5902 ό
1193 5847 1316 5911 Υἱὸς
1388 5846 1489 5918 τῆς
1548 5844 1781 5911 κτίσεως

1914 5860 2033 5915 qua:
2063 5832 2165 5900 ἐει
2218 5842 2665 5908 instrumentum,
2715 5836 2819 5895 alia
2865 5849 2987 5910 qua:
3023 5849 3117 5906 per
3157 5846 3281 5887 eam
3328 5830 3485 5894 tium,
