3932 6456
270 288 406 353 114')

927 298 1374 362 ENARRATIO
1412 302 1493 362 ΙΝ
1531 301 1818 363 ΕνΑΝῦΕ

1926 304 2031 367 UM
2069 299 2409 369 JOANNIS.
2453 330 2520 343 -··
2558 305 2715 367 CAP.
2762 302 2810 363 I.

3386 294 3524 361 1146

265 398 440 469 θημεν
464 398 545 462 εἰς
569 400 852 456 κοινωνίαν
871 402 968 457 τοῦ
1001 404 1133 459 Υίοῦ
1165 405 1355 463 αὑτοῦ.
1389 427 1408 459 ι
1440 402 1587 480 ’Λρα
1614 408 1818 480 δργανοη

1948 412 2150 468 visibili
2179 424 2425 468 creatura
2463 413 2710 483 loquens,
2744 404 2877 465 nihil
2915 401 3072 458 nobis
3105 401 3173 459 de
3200 402 3526 459 mentalibns

262 487 500 542 ἐνταῦθα
549 491 694 542 ποιεῖ
722 489 814 544 τὸν
868 492 1125 564 Πατέρα;
1177 496 1290 550 Kal
1338 496 1520 563 πάλιν,
1576 517 1595 550 ι
1636 497 1847 562 Παῦλος

263 581 565 647 ἀπόστολος
607 583 694 637 διὰ
725 576 1028 654 θελήματος
1060 583 1214 638 Θεοῦ.
1258 604 1279 639 ι
1320 585 1483 651 Ἀλλὰ
1525 585 1701 640 ταῦτα
1742 586 1844 657 μὲν

262 673 460 727 ἱκανά·
489 676 775 729 ἐπανιτέον
815 676 870 729 δὲ
917 675 1080 731 πάλιν
1115 677 1238 731 ὅθεν
1268 677 1556 748 ἐξέϐημεν.
1600 696 1620 730 ι
1657 660 1844 732 Πάντα

257 765 326 818 δι’
349 766 517 819 αὑτοῦ
537 768 775 835 ἐγένετο.
802 786 821 820 ι
854 767 1059 838 Μωσῆς
1094 768 1193 839 μὲν
1222 769 1350 838 περὶ
1376 770 1475 838 τῆς
1503 771 1703 839 ὁρατῆς
1726 769 1847 823 κτί-

256 872 397 921 σεως
419 856 710 922 διαλαϐὼν,
742 859 893 913 οὐδὲν
928 862 1063 930 ἡμῖν
1091 860 1216 930 περὶ
1244 861 1354 914 τῶν
1387 850 1596 927 νοητῶν
1632 861 1847 931 διετρά-

253 966 460 1004 νωσεν*
486 953 515 1004 ό
546 950 589 1004 δ’
625 938 1017 1023 εὐαγγελιστὴς
1045 954 1125 1008 ἑνὶ
1157 955 1365 1026 ῥήματι
1398 954 1575 1008 πάντα
1615 952 1840 1023 περιλα-

252 1042 389 1106 ϐὼν,
435 1044 609 1115 φησί’
647 1063 667 1097 ι
705 1047 890 1100 Πάντα
919 1046 986 1100 δι’
1014 1045 1180 1101 αὐτοῦ
1229 1046 1474 1115 ἐγένετο.
1516 1065 1535 1098 ι
1570 1045 1637 1102 τὰ
1670 1045 1843 1117 ὀρατὰ

249 1136 350 1189 καὶ
378 1135 449 1190 τὰ
471 1136 658 1208 νοητά.
695 1157 713 1189 ι
756 1138 867 1191 Kal
896 1138 1067 1209 χωρὶς
1098 1138 1264 1192 αὐτοῦ
1295 1137 1514 1207 ἐγένετο
1541 1135 1663 1191 οὐδὲ
1694 1136 1771 1200 ἓν,
1811 1136 1839 1190 ὃ

249 1226 500 1295 γέγονεν.
540 1245 558 1279 ι
603 1226 827 1299 Ἐπειδὴ
864 1225 1039 1294 εἶπεν,
1084 1230 1166 1284 ὅτι
1203 1230 1382 1284 πάντα
1410 1229 1572 1291 αὐτὸς
1605 1229 1840 1294 ἔκτισεν,

250 1318 345 1371 ἵνα
381 1319 457 1399 μὴ
486 1320 685 1395 νομίσῃ
707 1337 811 1385 τις,
833 1321 915 1375 ὅτι
934 1322 1031 1376 καὶ
1056 1322 1117 1375 τὺ
1141 1322 1369 1393 Πνεῦμα
1396 1323 1454 1376 τὸ
1485 1323 1641 1388 ἅγιον
1670 1321 1840 1385 αὐτὸς

246 1408 456 1473 ἔκτισε,
476 1411 854 1482 προστίθησιν,
884 1414 965 1468 ὅτι
995 1433 1015 1466 ι
1041 1413 1226 1468 Πάντα
1254 1413 1321 1468 δι’
1343 1412 1508 1467 αὐτοῦ
1529 1414 1768 1481 ἐγένετο,
1789 1430 1825 1487 ἢ»

247 1499 392 1554 Ποῖα
427 1500 484 1555 δὲ
515 1502 725 1570 πάντας
759 1503 839 1557 Τὰ
871 1504 1173 1573 γενόμενα’
1208 1503 1398 1576 ὥσπερ
1428 1507 1477 1559 εἰ
1507 1503 1712 1574 ἔλεγεν,
1747 1504 1831 1557 ὄτι

247 1587 321 1640 Et
352 1607 402 1643 τι
432 1590 549 1647 ἔστι
573 1593 673 1663 τῆς
696 1596 961 1666 γεννητῆς
1004 1594 1243 1663 φύσεως,
1272 1598 1451 1651 ἐκεῖνο
1478 1596 1699 1665 γέγονεν
1725 1593 1830 1648 ὑπὸ

1944 502 2327 560 manifestavit.
2378 504 2719 571 Evangelista
2767 507 2948 554 autem
3009 510 3114 551 uno
3147 496 3313 550 verho
3360 508 3510 549 com-

1943 594 2130 666 plexus
2153 595 2358 661 omnia,
2378 594 2574 665 inquit,
2601 611 2619 644 ι
2640 591 2829 648 Omnia
2850 605 2944 658 per
2966 589 3138 656 ipsum
3159 584 3297 639 facta
3316 592 3463 645 sunt.
3498 601 3519 635 ι

1945 696 2049 740 tam
2077 687 2306 741 visibilia
2339 701 2498 755 quam
2519 682 2806 738 invisibilia
2829 680 2898 737 “.
2926 698 2946 732 ι
2973 679 3037 734 Et
3050 678 3166 733 sine
3186 677 3302 745 ipso
3324 671 3523 729 factum

1941 785 2022 831 est
2058 775 2186 830 nihil
2217 776 2362 845 quod
2402 773 2606 829 factum
2627 780 2732 828 est.
2771 789 2790 824 ι
2828 769 2963 837 Quia
2993 768 3129 823 dixit
3160 767 3302 839 quod
3332 770 3514 820 omnia

1942 862 2057 933 ipse
2103 863 2311 931 fecerit,
2344 873 2400 917 ιιι
2426 877 2494 917 ηε
2535 861 2657 931 quis
2688 860 2960 915 existimet
2992 858 3132 927 quod
3159 864 3214 911 et
3262 856 3520 925 Spiritum

1942 965 2183 1010 sanctum
2214 954 2503 1019 creaverit,
2552 952 2775 1023 apponit
2801 950 2940 1019 quod
2973 968 2992 1002 ‹
3020 948 3200 1003 omnia
3228 962 3324 1016 per
3345 948 3518 1015 ipsum

1945 1042 2083 1098 facta
2128 1044 2257 1098 sint.
2294 1062 2313 1095 ι
2353 1043 2417 1097 Ει
2458 1057 2577 1114 quae
2610 1039 2832 1095 omnia?
2856 1036 2985 1104 Quae
3014 1036 3155 1091 facta
3186 1044 3306 1090 sunt
3338 1051 3353 1088 ;
3394 1047 3521 1103 per-

1939 1136 2063 1191 inde
2103 1151 2165 1189 ac
2193 1135 2236 1189 si
2275 1134 2500 1196 diceret,
2529 1132 2669 1204 quod
2699 1132 2754 1209 Si
2786 1130 2913 1199 quid
2936 1138 3017 1183 est
3043 1142 3104 1181 ex
3134 1137 3322 1181 natura
3357 1122 3522 1196 510

1938 1228 2179 1290 condita,
2221 1226 2347 1280 illud
2394 1226 2594 1279 factum
2631 1233 2712 1277 est
2742 1240 2769 1276 ιι
2798 1220 2979 1275 Verbo
3010 1237 3024 1274 :
3062 1216 3298 1287 Spiritus
3337 1227 3517 1270 autem

1936 1319 2059 1386 quia
2106 1332 2207 1370 non
2240 1328 2319 1368 cst
2356 1318 2499 1370 illius
2530 1316 2685 1370 fartus
2723 1329 2946 1376 naturae.
2984 1330 3089 1368 non
3123 1314 3299 1377 factus
3332 1324 3415 1368 est
3450 1312 3519 1368 ab

1940 1427 2024 1464 eo.
2053 1409 2238 1479 Itaque
2270 1409 2389 1462 sine
2419 1409 2616 1463 \‘it'lllle
2652 1406 2813 1463 Verbi
2853 1408 2983 1461 nihil
3033 1407 3231 1460 factum
3265 1417 3347 1461 est
3370 1406 3516 1474 quod

1941 1500 2140 1552 factum
2168 1509 2272 1565 est,
2305 1500 2356 1554 id
2386 1509 2489 1564 est,
2521 1500 2668 1569 quod
2705 1510 2789 1554 est
2824 1507 3032 1554 natura:
3057 1498 3202 1553 illius
3231 1506 3430 1554 creata:
3453 1511 3518 1551 ac

1937 1591 2112 1648 factm.

240 1684 343 1738 τοῦ
372 1686 570 1753 Λόγου,
598 1690 659 1743 τὸ
678 1689 732 1743 δὲ
762 1690 986 1762 Πνεῦμα
1016 1692 1117 1746 οὐκ
1141 1692 1288 1747 ἔστιν
1317 1693 1410 1747 ἐπὶ
1435 1696 1533 1765 τῆς
1562 1692 1827 1762 γεννητῆς
1866 1687 2100 1757 φύσεως,
2166 1688 2248 1743 διὸ
2312 1688 2432 1744 οὐδὲ
2472 1688 2695 1759 γέγονεν
2732 1687 2821 1743 ὑπ’
2847 1687 3033 1743 αὑτοῦ.
3064 1688 3249 1759 Χωρὶς
3294 1682 3388 1741 οῦν
3418 1686 3518 1757 τῆς

240 1777 341 1830 τοῦ
371 1779 546 1847 Λόγου
581 1780 863 1851 δυνάμεως
895 1782 1050 1838 οὐδὲν
1076 1784 1293 1853 ἐγένετο
1329 1785 1358 1839 ὃ
1397 1786 1642 1855 γέγονεν,
1673 1784 1794 1839 ἀντὶ
1832 1779 1953 1847 τοῦ,
1981 1781 2008 1835 ὃ
2037 1781 2300 1853 γεννητῆς
2332 1783 2547 1851 φύσεως
2568 1778 2656 1855 ἦν.

324 1888 345 1921 ι
399 1869 490 1923 Ἐν
514 1871 663 1944 αὐτῷ
692 1870 806 1944 ζωὴ
832 1868 922 1943 ἦν,
960 1874 1057 1929 καὶ
1075 1876 1109 1944 ἡ
1133 1875 1247 1947 ζωὴ
1271 1871 1340 1948 ἦν
1371 1876 1434 1931 τὸ
1463 1876 1579 1946 φῶς
1609 1876 1719 1930 τῶν
1742 1875 1818 1930 ἀν·

2006 1871 2172 1928 Vens.
2207 1873 2261 1928 4.
2286 1894 2304 1925 ι
2332 1876 2388 1927 lu
2413 1877 2524 1943 ipso
2554 1888 2659 1929 Vita
2690 1885 2829 1933 erat.
2859 1886 2913 1928 et
2943 1874 3048 1927 vita
3074 1882 3188 1926 eral
3213 1872 3297 1937 lux
3334 1874 3515 1930 Itoni-

244 1958 503 2031 θρὼπων.
551 1979 569 2013 ι
594 1963 656 2015 Ol
684 1962 783 2033 μὲν
820 1962 913 2018 οῦν
944 1966 1395 2037 Πνευματομάχοι
1441 1966 1611 2032 οὕτως
1631 1968 1826 2035 ἀναγι-

248 2051 524 2107 νώσκουσι
549 2053 611 2107 τὸ
628 2054 801 2125 παρὸν
832 2056 1059 2128 χωρίον·
1085 2058 1195 2111 Kal
1222 2059 1391 2130 χωρὶς
1419 2058 1588 2113 αὐτοῦ
1609 2058 1826 2129 ἐγένετο

239 2142 369 2196 οὐδὲ
397 2142 489 2196 ἒνο
518 2141 637 2198 εἶτα
666 2144 909 2199 ἐνταῦθα
937 2146 1236 2213 στίξαντες,
1262 2147 1724 2218 ἀναγινώσκουσιν
1748 2148 1824 2212 ὡς

235 2235 339 2305 ἀφ’
365 2236 562 2306 ἑτέρας
592 2236 794 2309 ἀρχῆς·
834 2239 901 2297 "O
923 2237 1166 2308 γέγονεν,
1203 2241 1260 2293 ἐν
1290 2240 1437 2312 αὐτῷ
1464 2241 1577 2306 ζωὴ
1602 2236 1670 2312 ἦν
1687 2258 1702 2273 '
1728 2241 1823 2295 καὶ

234 2327 606 2401 ἑρμηνεύουσι
636 2331 774 2385 κατὰ
795 2331 885 2384 τὸν
907 2327 1106 2386 οἰκεῖον
1138 2331 1264 2386 νοῦν
1291 2333 1352 2385 τὸ
1382 2332 1603 2405 χωρίον,
1637 2333 1823 2403 λέγον-

232 2410 338 2482 τες
377 2420 459 2473 ὃτι
493 2418 726 2474 ἐνταῦθα
758 2422 887 2492 περὶ
939 2421 1033 2476 τοῦ
1064 2422 1382 2490 Πνεῦματος
1410 2422 1766 2492 διαλαμϐάνει
1790 2424 1819 2477 ό

230 2510 628 2611 εὐαγγελιστὴς
659 2511 858 2579 λέγων,
899 2512 1168 2580 τουτέστι,
1212 2513 1271 2566 τὸ
1301 2512 1527 2582 Πνεῦμα
1571 2512 1633 2566 τὸ
1660 2515 1816 2611 εἱγιον

230 2599 354 2672 ζωὴ
385 2596 474 2673 ῆν.
503 2600 687 2656 Ταῦτα
723 2602 975 2671 λέγουσιν
1008 2604 1058 2657 οἱ
1101 2603 1231 2675 περὶ
1266 2601 1619 2665 Μακεδόνιον,
1649 2596 1819 2655 σῖιεύ-

227 2693 417 2758 δοντες
441 2693 612 2759 δεῖξαι
629 2694 833 2765 κτίσμα
857 2696 919 2748 τὸ
942 2694 1165 2766 Πνεῦμα
1185 2694 1247 2749 τδ
1264 2694 1440 2762 ἅγιον,
1462 2695 1556 2749 καὶ
1581 2711 1818 2764 συγκατ-

234 2785 546 2856 αριθμῆσαι
603 2785 737 2838 αὐτὸ
769 2788 881 2849 τοῖς
908 2785 1244 2857 γενομένοις.
1293 2784 1490 2854 Ἡμεῖς
1516 2785 1573 2839 δὲ
1596 2785 1693 2856 οὐχ
1721 2783 1815 2838 οῦ-

228 2894 370 2942 τως,
415 2876 551 2931 ἀλλὰ
586 2876 865 2942 στίξαντες
890 2879 948 2931 ὲν
963 2877 1062 2949 τῷ,
1093 2896 1113 2931 t
1149 2877 1178 2932 δ
1203 2878 1451 2947 γέγονεν,
1480 2896 1499 2929 ι
1533 2878 1627 2933 ἀπ’
1644 2876 1818 2948 ἀρχῆς

230 2965 434 3036 ἑτέρας
467 2964 915 3037 ἀναγινώσκομεν
953 2966 1033 3033 τὸ,
1083 2986 1103 3021 ι
1141 2965 1230 3021 Ἐν
1277 2966 1428 3035 αὐτῷ
1480 2967 1594 3038 ζωὴ
1643 2961 1732 3038 ἦν.
1788 2984 1809 3019 ι

218 3056 466 3127 ,Ἐπειδὴ
496 3056 604 3125 γὰρ
626 3051 746 3111 εἶπε
772 3055 904 3128 περὶ
923 3057 1024 3129 τῆς
1054 3057 1439 3130 δημιουργίας,
1464 3059 1546 3112 ὅτι
1579 3077 1598 3111 ι
1632 3057 1816 3112 Πάντα

227 3146 302 3199 δι’
331 3145 498 3201 αὐτοῦ
533 3146 768 3214 ἐγένετο,
813 3165 833 3200 ι
866 3146 1017 3215 λέγει
1051 3146 1239 3201 λοιπὸν
1268 3148 1362 3202 καὶ
1403 3149 1529 3217 περὶ
1554 3149 1653 3219 τῆς
1682 3164 1815 3219 προ-

228 3236 404 3301 νοίας,
438 3236 521 3290 ὅτι
554 3213 615 3289 δι
672 3235 834 3305 μόνον
882 3213 1336 3308 ἐδημιούργησεν,
1385 3213 1523 3290 ἀλλὰ
1566 3213 1659 3290 καὶ
1701 3213 1798 3309 τὴν
1839 3213 1883 3274 0

227 3328 381 3399 ζωὴν
409 3329 516 3382 τῶν
552 3328 1067 3399 δημιουργηθέντων
1103 3328 1265 3394 αὑτός
1300 3330 1446 3382 ἐστιν
1477 3329 1506 3382 ὁ
1535 3330 1804 3399 συνέχων·

229 3418 459 3491 καὶγὰρ
488 3437 507 3472 ι
540 3419 628 3472 Ἐν
653 3418 802 3489 αὐτῷ
833 3417 946 3489 ζωὴ
964 3413 1052 3489 ἦν.
1082 3436 1102 3470 ι
1135 3412 1267 3474 Οἶδα
1315 3416 1372 3472 δὲ
1397 3418 1547 3490 παρά
1577 3434 1683 3471 τινι
1702 3416 1810 3471 τῶν

228 3510 407 3579 ἁγίων
433 3509 607 3572 οὕτως
654 3508 1004 3578 ἀναγνωσθὲν
1039 3509 1101 3562 τὸ
1138 3508 1340 3580 χωρίον
1382 3507 1576 3562 τοῦτο·
1620 3526 1640 3560 ι
1695 3507 1811 3561 Kal

229 3602 402 3672 χωρὶς
433 3599 597 3655 αὑτοῦ
626 3600 842 3669 ἐγένετο
887 3600 1008 3654 οὐδὲ
1037 3600 1119 3665 ἓν,
1149 3599 1178 3654 ὃ
1230 3600 1454 3670 γέγονεν
1483 3600 1540 3652 ὲν
1570 3598 1744 3669 αὐτῷ’
1783 3617 1802 3652 ι

232 3689 359 3747 εἶτα
403 3691 651 3746 ἐνταῦθα
678 3691 885 3758 στίξας,
936 3691 1142 3763 ἧρξατο
1184 3690 1279 3744 τοῦ
1327 3692 1562 3760 ἐφεξῆς,
1616 3708 1635 3742 ι
1685 3691 1809 3763 Ζωὴ

227 3780 332 3855 ἦν·
358 3804 377 3837 ι
406 3785 501 3839 καὶ
523 3781 674 3855 οἶμαι
706 3787 787 3839 ὅτι
810 3784 931 3837 οὐδὲ
960 3782 1100 3853 αὕτη
1118 3784 1153 3854 ἡ
1184 3784 1489 3853 ἀνάγνωσις
1519 3782 1807 3852 ἔσφαλται,

229 3876 371 3930 ἀλλὰ
404 3874 498 3929 τοῦ
543 3875 707 3928 αὑτοῦ
749 3874 912 3948 ὀρθοῦ
945 3874 1220 3946 νοήματος
1260 3872 1466 3945 ἔχεται.
1519 3874 1628 3927 Kal
1656 3867 1811 3938 οὗτος

229 3970 346 4040 γὰρ
363 3970 392 4023 ό
422 3969 576 4036 ἅγιος
598 3967 895 4039 όρθοδόξως
920 3967 1164 4037 ἐνόησεν,
1199 3966 1283 4020 ὅτι
1316 3965 1484 4037 χωρὶς
1512 3966 1606 4019 τοῦ
1636 3963 1808 4033 Λόγου

230 4059 354 4112 οὐδὲ
382 4057 440 4111 ἓν
463 4057 699 4126 ἐγένετο,
728 4057 756 4110 ὃ
784 4057 1009 4126 γέγονεν
1044 4056 1103 4109 ὲν
1134 4055 1306 4126 αὐτῷ.
1345 4056 1531 4110 Πάντα
1556 4054 1666 4126 γὰρ
1708 4055 1812 4109 ὅσα

231 4151 496 4220 γεγόνασι
550 4151 645 4204 καὶ
698 4149 1027 4221 ἐκτίσθησαν
1058 4151 1117 4205 ὲν
1144 4148 1314 4220 αὐτῷ,
1349 4147 1428 4216 τῷ
1451 4148 1609 4219 Λόγῳ
1645 4149 1808 4218 φημὶ,

231 4240 406 4312 χωρὶς
435 4241 600 4295 αὐτοῦ
630 4241 689 4294 οὐ
718 4242 1033 4309 γεγόνασιν.
1082 4238 1217 4295 Εἶτα
1261 4241 1370 4296 ἀπὸ
1397 4241 1563 4313 ἄλλης
1597 4240 1772 4313 ἀρχῆς
1790 4256 1807 4273 ⁸

238 4352 257 4384 ι
280 4331 424 4403 ,Ζωὴ
451 4327 539 4404 ἦν,
573 4333 666 4386 καὶ
698 4334 733 4403 ή
769 4331 883 4404 ζωὴ
910 4328 978 4405 ἢν
1016 4333 1078 4387 τὸ
1118 4332 1231 4402 φῶς
1270 4332 1382 4387 τῶν
1417 4333 1743 4405 ἀνθρώπων.
1782 4350 1802 4384 ι

232 4425 390 4494 Ζωὴν
413 4424 469 4477 δὲ
497 4427 525 4477 ό
543 4425 935 4496 εἰαγγελιστὴς
959 4423 1215 4494 ὀνομάζει
1243 4426 1333 4479 τὸν
1358 4425 1585 4496 Κύριον,
1608 4424 1684 4490 ὡς
1711 4425 1810 4497 τὴν

1931 1981 2080 2019 num.
2115 1984 2133 2017 ι
2158 1965 2654 2028 Pneumatomachi,
2681 1967 2771 2036 qui
2806 1967 3065 2036 Spiritum
3101 1980 3290 2035 negant
3320 1966 3510 2034 Deum,

1930 2052 2068 2107 hanc
2098 2053 2413 2121 particulam
2445 2054 2526 2110 sic
2558 2054 2784 2125 legunt:
2835 2075 2854 2109 ι
2895 2056 2961 2111 Ει
2990 2057 3107 2112 sine
3139 2057 3255 2127 ipso
3303 2055 3508 2110 factum

1926 2155 2007 2200 est
2031 2145 2183 2200 nihil.
2220 2163 2240 2197 ι
2261 2146 2459 2201 Deinde
2484 2148 2585 2201 hoc
2614 2146 2734 2203 loco
2752 2145 2898 2202 facto
2919 2155 3118 2216 puncto
3146 2149 3327 2218 legunt
3348 2147 3508 2218 quasi

1928 2236 1997 2291 ab
2030 2237 2201 2291 altero
2230 2236 2517 2307 principio,
2554 2255 2574 2290 ι
2604 2236 2755 2304 Quod
2788 2236 2989 2292 factum
3026 2246 3129 2301 est,
3161 2238 3213 2292 in
3248 2238 3363 2309 ipso
3397 2238 3509 2293 vita

1926 2335 2062 2381 erat.
2101 2344 2120 2379 ι
2174 2326 2242 2382 Et
2272 2327 2699 2396 interpretantur
2730 2325 2903 2380 locum
2949 2324 3105 2395 juxta
3163 2340 3315 2380 suam
3361 2340 3513 2380 men-

1935 2425 2066 2482 tem,
2095 2406 2331 2472 dicentes
2353 2417 2495 2486 quod
2522 2419 2622 2471 hoc
2641 2418 2761 2472 loco
2784 2417 2848 2472 de
2876 2416 3077 2486 Spiritu
3119 2431 3175 2471 sa
3189 2422 3313 2470 ncto
3345 2430 3511 2471 evan-

1922 2506 2114 2577 gelista
2141 2505 2402 2572 disserat,
2446 2507 2636 2563 dicens
2670 2526 2683 2562 :
2715 2506 2867 2574 Quod
2900 2507 3099 2561 factum
3135 2514 3220 2560 est
3270 2504 3325 2559 in
3365 2505 3505 2572 ipso,

1923 2597 2025 2653 hoc
2050 2607 2159 2661 est,
2190 2597 2428 2668 Spiritus
2460 2607 2705 2662 sanctus.
2734 2600 2842 2655 vita
2876 2607 3015 2655 erat.
3054 2596 3184 2653 Haec
3211 2606 3392 2652 autem
3429 2597 3511 2651 di-

1921 2698 2051 2743 cunt
2106 2688 2519 2755 Macedoniam,
2568 2698 2829 2746 conantes
2900 2692 3186 2745 ostendere
3239 2687 3504 2757 Spiritum

1919 2791 2166 2836 sanctum
2210 2795 2332 2838 esse
2381 2790 2715 2849 creaturam,
2764 2790 2818 2838 ct
2856 2796 3221 2837 annumerare
3254 2795 3380 2836 eum
3422 2782 3508 2836 his

1919 2888 2045 2944 quae
2098 2873 2242 2929 facta
2286 2884 2439 2937 sunt.
2483 2872 2594 2928 Nos
2623 2883 2801 2930 autem
2853 2890 2958 2930 non
3011 2873 3111 2939 sic,
3158 2874 3256 2929 sed
3306 2885 3506 2943 puncto

1917 2965 2062 3022 facto
2085 2960 2373 3037 postquam
2403 2966 2542 3022 dixit
2566 2967 2708 3037 quod
2739 2966 2939 3021 factum
2977 2976 3084 3031 est,
3115 2981 3310 3020 novum
3345 2965 3499 3035 prin-

1916 3058 2117 3125 cipium
2165 3059 2417 3130 legimus,
2464 3076 2484 3111 ι
2539 3059 2594 3113 ln
2634 3060 2749 3128 ipso
2778 3059 2890 3112 vita
2929 3067 3071 3116 erat.
3136 3076 3155 3112 ι
3208 3057 3504 3126 Postquam

1915 3148 2057 3206 enim
2088 3148 2224 3203 dixit
2249 3149 2316 3202 tle
2345 3147 2565 3218 opiﬁcio
2594 3148 2738 3218 quod
2766 3148 2950 3203 omnia
2996 3163 3092 3216 per
3140 3148 3314 3218 ipsum
3360 3147 3503 3225 facta

1918 3239 2047 3305 sint,
2078 3239 2208 3294 dicit
2232 3247 2418 3308 postea
2446 3238 2513 3294 de
2545 3240 2662 3308 ejus
2702 3239 3060 3310 providentia,
3091 3239 3237 3309 quod
3272 3254 3376 3293 non
3405 3253 3500 3292 so-

1916 3332 2025 3386 lum
2072 3330 2397 3398 condiderit,
2454 3331 2548 3386 sed
2606 3330 2771 3386 etiam
2828 3331 2944 3401 ipse
2981 3332 3055 3385 sit
3110 3331 3155 3385 is
3195 3329 3284 3399 qui
3337 3328 3500 3385 vitam

1916 3424 2155 3479 omnium
2207 3433 2577 3479 creaturarum
2623 3431 2927 3479 conservet.
2979 3421 3187 3477 Etenim
3221 3439 3241 3474 ι
3283 3423 3335 3476 in
3387 3422 3507 3492 ipso

1916 3514 2027 3567 vita
2069 3524 2207 3568 erat.
2241 3532 2259 3566 ι
2292 3513 2421 3568 Scio
2451 3525 2628 3569 autem
2661 3531 2688 3568 a
2725 3525 3037 3570 sanctorum
3074 3515 3304 3582 quodam
3335 3513 3508 3583 parti-

1919 3606 2094 3661 culam
2123 3607 2262 3661 hanc
2283 3607 2361 3660 sic
2385 3606 2615 3661 lectam:
2645 3625 2664 3658 ι
2697 3606 2760 3660 Et
2781 3607 2897 3662 sine
2920 3607 3035 3678 ipso
3049 3605 3250 3661 factum
3270 3604 3505 3660 estnihil

1916 3697 2058 3767 quod
2086 3698 2283 3751 factum
2303 3698 2454 3752 estin
2476 3698 2593 3765 ipso
2618 3714 2633 3752 :
2664 3717 2683 3748 ι
2709 3697 2902 3752 deinde
2931 3699 3105 3767 posito
3133 3698 3307 3767 signa,
3330 3706 3505 3764 empta

1917 3804 2038 3858 quae
2060 3797 2378 3857 sequuntur,
2409 3808 2427 3841 t
2456 3787 2579 3843 Vita
2606 3798 2745 3844 erat.
2793 3807 2814 3841 ι
2845 3788 3157 3859 Opinorque
3180 3789 3337 3842 etiam
3365 3787 3507 3840 hunc

1918 3862 2200 3935 lectionem
2242 3874 2356 3935 non
2403 3880 2624 3944 malam,
2669 3881 2761 3935 sed
2803 3889 3007 3935 rectam
3046 3880 3249 3934 habere
3282 3887 3503 3933 senten-

1922 3977 2072 4030 tiam.
2114 3975 2350 4032 Sanctus
2375 3976 2521 4031 enim
2571 3975 2672 4030 iste
2717 3974 3022 4030 orthodoxe
3054 3973 3340 4039 intellexit,
3369 3973 3503 4043 quia

1918 4067 2035 4123 sine
2062 4065 2242 4124 Verbo
2267 4066 2399 4123 nihil
2423 4066 2624 4122 factum
2648 4075 2735 4122 est
2757 4066 2899 4136 quod
2928 4065 3129 4119 factum
3160 4071 3243 4119 est
3274 4064 3325 4116 in
3353 4063 3497 4132 ipso.

1916 4155 2110 4214 Omnia
2139 4158 2284 4213 enim
2311 4172 2651 4229 quacunque
2680 4157 2818 4211 facta
2865 4165 3015 4216 sunt,
3052 4164 3106 4210 et
3132 4154 3348 4209 condita
3379 4159 3504 4207 sunt

1919 4251 1972 4304 in
2001 4250 2116 4319 ipso
2146 4248 2346 4316 Verbo,
2400 4249 2642 4319 inquam,
2686 4246 2803 4302 sine
2852 4246 2970 4315 ipso
3018 4261 3122 4300 non
3156 4254 3282 4299 sunt
3336 4243 3497 4298 facta.

1918 4341 2120 4399 Deinde
2167 4344 2310 4399 aliud
2339 4344 2554 4398 initium
2585 4354 2726 4409 erat,
2771 4361 2789 4394 ι
2834 4340 2951 4395 Vita
2983 4351 3127 4402 erat,
3158 4352 3213 4395 et
3243 4342 3352 4394 vita
3381 4348 3505 4395 erat

1917 4433 2007 4489 lux
2045 4435 2351 4490 hominum.
2385 4452 2405 4487 ι
2452 4431 2626 4489 Vitam
2663 4433 2991 4503 evangelista
3027 4432 3273 4486 nominat
3321 4430 3504 4486 Domi-

230 4516 341 4570 τῶν
358 4516 614 4569 ἁπάντων
642 4515 788 4587 ζωὴν
809 4514 1124 4585 συνέχοντα,
1150 4515 1286 4569 ἀλλὰ
1308 4518 1401 4570 καὶ
1429 4517 1504 4581 ὡς
1520 4517 1620 4589 τῆς
1644 4534 1812 4570 πνευ-

1926 4542 2069 4591 num,
2116 4542 2182 4582 eo
2229 4528 2373 4597 quod
2419 4526 2691 4582 contineat
2727 4525 2895 4580 vitam
2944 4525 3184 4579 omnium
3223 4524 3405 4588 inse,
3447 4531 3506 4578 et

235 4611 469 4679 ματικῆς
511 4606 655 4679 ζωῆς
689 4607 950 4678 πρόξενον
981 4609 1116 4661 πᾶσι
1148 4610 1262 4672 τοῖς
1294 4609 1554 4678 λογικοῖς.
1582 4609 1703 4673 Φῶς
1730 4609 1810 4677 δὲ,

232 4704 295 4755 οὗ
325 4702 566 4757 τοιοῦτον
588 4700 868 4771 αἰσθητὸν,
895 4700 1032 4756 ἀλλὰ
1061 4701 1271 4772 νοητὸν,
1305 4703 1405 4773 τὴν
1432 4701 1612 4773 ψυχὴν
1642 4701 1813 4770 φωτί-

1914 4618 2055 4685 quod
2087 4618 2384 4688 spiritualis
2421 4619 2547 4673 vitae
2575 4618 2892 4673 conciliator
2925 4614 3089 4671 fuerit
3120 4614 3369 4670 omnibus
3403 4628 3496 4667 ra-

1912 4696 2343 4778 tionepraeditis.
2375 4707 2488 4763 Lux
2518 4718 2700 4763 autem
2727 4723 2833 4764 non
2863 4707 3042 4777 aliqua
3078 4705 3374 4769 sensibilis,
3402 4703 3499 4759 sed

235 4799 331 4861 ζον
362 4780 555 4865 αὐτήν.
599 4794 711 4848 Οὐκ
753 4788 875 4847 εἷπε
905 4794 982 4859 δὲ,
1022 4794 1105 4848 ὅτι
1152 4793 1262 4847 τῶν
1313 4793 1585 4848 Ἰουδαίων
1638 4794 1815 4863 μόνων

1926 4799 2229 4870 spiritualis,
2277 4816 2397 4871 quae
2436 4802 2606 4873 ipsam
2640 4802 2875 4857 animam
2927 4801 3178 4856 illustret.
3217 4797 3333 4853 Non
3363 4798 3501 4853 dixit

234 4887 355 4939 ἐστι
384 4885 522 4956 φῶς.
554 4885 690 4939 ἀλλὰ
725 4885 944 4941 πάντων
990 4884 1313 4957 ἀνθρώπων.
1348 4885 1554 4950 Πάντες
1581 4885 1687 4956 γὰρ
1721 4884 1815 4939 ἄν-

1912 4899 2116 4958 autem,
2156 4892 2299 4962 quod
2342 4890 2658 4948 "Iudaeorum
2706 4892 2885 4947 lumen
2940 4892 3201 4947 duntaxat
3257 4888 3351 4954 sit,
3401 4889 3498 4944 sed

243 4975 468 5044 ἓρωποι,
507 4974 640 5028 καθὸ
689 4975 816 5027 νοῦν
866 4973 1133 5044 ἐλάϐομεν
1177 4975 1273 5029 καὶ
1312 4970 1473 5044 λόγον
1521 4976 1672 5044 παρὰ
1717 4974 1813 5029 τοῦ

1926 4979 2154 5036 amnium
2197 4981 2497 5037 hominum.
2548 4981 2748 5038 Omnes
2804 4981 2948 5035 enim
2996 4978 3245 5036 homines
3298 4993 3492 5034 secun-

238 5062 521 5127 κτίσαντος
553 5065 703 5134 ἡμᾶς
736 5064 933 5132 Λόγου,
962 5065 1104 5120 κατὰ
1147 5065 1307 5119 τοῦτο
1332 5065 1605 5138 λεγόμεθα
1652 5085 1818 5138 φωτι-

1917 5071 2046 5125 tlum
2095 5072 2239 5141 quod
2288 5083 2522 5128 mentem
2591 5072 2898 5141 accepimus
2937 5079 2990 5127 et
3021 5069 3282 5124 rationem
3320 5067 3390 5121 ab
3433 5081 3500 5122 eo

238 5153 433 5223 σθῆναι
457 5153 551 5208 ὐπ’
581 5154 770 5211 αὐτοῦ.
811 5154 873 5208 '0
903 5154 1014 5226 γὰρ
1047 5154 1204 5224 λόγος
1231 5157 1261 5211 ό
1286 5156 1459 5221 δοθεὶς
1483 5157 1635 5228 ἡμῖν,
1662 5157 1734 5211 δι’
1755 5158 1816 5212 ὃν

1926 5162 2056 5229 ἰιιοά
2103 5179 2204 5219 nos
2249 5165 2453 5219 creavit
2482 5161 2678 5229 Verbo,
2711 5163 2940 5217 dicimur
2980 5160 3239 5216 illustrari
3292 5159 3359 5213 ab
3390 5173 3479 5213 eo.

237 5248 333 5331 ml
361 5245 571 5314 λογικοὶ
606 5246 940 5316 καλούμεθα,
976 5245 1094 5317 φῶς
1123 5249 1271 5303 ἐστιν
1302 5249 1533 5320 ὀδηγοῦν
1557 5252 1704 5322 ἡμᾶς
1732 5255 1813 5316 εἰς

234 5338 303 5392 τὰ
333 5338 604 5409 πρακτέα,
637 5339 732 5392 καὶ
759 5338 829 5393 τὰ
859 5339 935 5410 μὴ
978 5339 1248 5415 πρακτέα.
1638 5359 1709 5371 τ’

316 5537 336 5570 ι
375 5519 486 5572 Kal
516 5519 576 5573 τὸ
605 5518 720 5588 φῶς
762 5518 824 5571 ἑν
859 5522 925 5591 τῇ
958 5521 1146 5594 σκοτίᾳ
1194 5521 1396 5592 φαίνει,
1429 5522 1524 5577 καὶ
1553 5525 1589 5595 ἠ
1621 5523 1813 5577 σκοτία

312 5696 361 5729 ⁸⁸
392 5696 601 5752 Coloss.
646 5710 686 5763 ι,
724 5696 807 5753 ιθ.

1906 5247 2041 5305 Nam
2074 5252 2217 5307 ratio
2267 5251 2393 5307 data
2442 5251 2617 5319 nobis,
2646 5250 2940 5307 secundum
2990 5264 3150 5318 quam
3199 5246 3494 5303 rationales

1907 5352 2190 5406 rocatnur,
2225 5340 2313 5394 lux
2356 5350 2461 5406 est,
2494 5356 2613 5411 quae
2664 5341 2814 5393 ducit
2849 5354 2946 5395 nos
2979 5340 3044 5394 ad
3075 5354 3196 5409 quae
3245 5345 3374 5392 sunt
3401 5335 3484 5390 fa-

1918 5430 2132 5497 cienda,
2159 5440 2214 5488 et
2242 5448 2364 5504 qua:
2393 5446 2497 5489 non
2532 5440 2660 5487 sunt
2690 5430 2961 5487 facienda.

1994 5518 2155 5579 Vens.
2189 5523 2240 5580 5.
2303 5542 2320 5575 ι
2373 5523 2437 5577 Et
2477 5522 2564 5578 lux
2600 5523 2651 5587 in
2697 5524 2934 5580 tenebris
2967 5523 3126 5591 Ιιιιέι,
3168 5530 3223 5576 ει
3255 5517 3491 5576 teut-lim
