3932 6456
457 375 593 442 1147

1307 385 1376 444 'l'l
1391 387 1406 443 l
1423 387 1476 442 iit.
1498 387 1609 445 tl‘l-l
1624 387 1880 444 l'l..\tl'l'l
1933 386 2174 444 BUL‘JA
2189 387 2228 444 ll
2246 389 2336 448 LE
2374 389 2573 452 ARCII
2588 391 2600 448 Ι
2617 393 2725 451 ΕΡ.

3560 396 3692 463 1148

454 508 575 546 eam
603 508 705 544 non
729 494 1276 561 comprehenderitut.
1311 519 1327 548 ι
1360 497 1498 560 Lux,
1554 498 1655 552 huc
1679 509 1762 552 est
1800 497 2031 552 Verbum

2163 499 2267 550 ,οτι
2304 501 2365 552 οὐ
2399 502 2720 558 κατέλαϐεν.
2771 523 2788 554 ι
2842 504 2914 556 Τὺ
2947 505 3079 574 φῶς,
3133 507 3299 577 ἧγουν
3351 507 3378 557 6
3421 506 3583 572 Λόγος
3617 509 3706 558 τοῦ

464 581 581 647 Dei,
633 583 684 635 in
734 586 1012 650 tenebris,
1048 586 1151 642 hoc
1184 600 1266 643 est
1307 603 1477 644 morte
1517 602 1568 644 et
1627 609 1834 652 errore,
1869 595 2031 646 lueet.

454 673 588 730 Nam
629 686 683 730 et
729 677 840 746 ipse
877 691 1122 737 mortuus
1179 684 1258 737 sic
1303 697 1526 739 mortem
1575 688 1870 755 superavit,
1901 696 2040 740 utet

455 782 548 820 eos
591 783 730 836 quos
776 770 924 837 prius
971 773 1339 843 ahsurpscI'at,
1386 780 1623 846 coegerit
1678 779 1847 847 ipsam
1907 795 2039 833 evo-

461 873 635 910 mere.
665 858 724 912 Et
755 860 805 913 in
826 877 1010 916 errore
1033 867 1219 932 gentili
1257 868 1416 935 fulget
1456 870 1788 938 pra-dicatio.
1817 891 1834 923 ι
1868 869 1927 924 Et
1958 884 2038 926 le-

458 948 639 1002 nebra:
663 965 779 1003 eam
810 967 914 1006 non
948 959 1496 1023 comprehenderunt.
1541 980 1558 1012 ι
1589 960 1730 1015 Mors
1756 963 1900 1016 enim
1917 979 2040 1018 eum

462 1055 564 1092 non
598 1044 1028 1110 comprehendit.
1064 1063 1240 1118 neque
1269 1066 1441 1105 error.
1486 1051 1751 1107 Invictum
1789 1053 1932 1108 enim
1960 1066 2043 1109 est

464 1129 642 1184 lumen
669 1132 791 1194 huc,
821 1132 961 1190 Deus
982 1135 1238 1204 Verbum,
1262 1139 1500 1209 inquam.
1519 1142 1745 1208 Quidam
1769 1155 1945 1198 autem
1974 1156 2044 1200 te-

465 1217 620 1291 511
677 1226 872 1280 nebras
929 1232 1309 1283 existimarunt
1371 1244 1424 1285 et
1467 1251 1683 1289 carnem
1744 1248 1799 1290 et
1855 1239 2039 1292 vitam.

467 1311 698 1370 Verbum
729 1321 872 1372 enim
909 1321 1106 1375 factum
1141 1327 1191 1377 in
1231 1326 1333 1377 vita
1367 1337 1419 1380 et
1450 1343 1612 1382 carne
1648 1330 1744 1383 hac
1782 1330 1951 1385 fulsit.
1983 1332 2048 1386 Et

463 1406 721 1472 tenebrae,
770 1414 1080 1466 adversaria
1159 1416 1376 1483 inquam
1463 1428 1722 1483 potestas,
1772 1430 2049 1476 tentarunt

461 1497 678 1564 quidem
728 1511 781 1554 et
816 1516 1113 1568 persecuta:
1148 1518 1269 1560 sunt
1317 1508 1520 1573 lumen,
1558 1510 1650 1565 sed
1700 1510 1959 1566 invictum
1995 1523 2049 1569 et

468 1586 802 1658 infatigabile
863 1595 1224 1654 olleuderuul.
1296 1600 1554 1656 Tenebrae
1601 1614 1780 1658 autem
1852 1606 2049 1662 dicitur

463 1694 614 1747 caro,
649 1700 751 1739 nun
783 1689 923 1756 quod
969 1692 1268 1746 secundum
1315 1706 1560 1750 naturam
1605 1699 1675 1751 sit
1713 1699 1858 1764 talis,
1883 1701 2044 1763 absit,

463 1774 560 1826 sed
598 1787 819 1844 propter
843 1792 1147 1848 peccatum.
1181 1784 1326 1838 Caro
1357 1789 1502 1841 enim
1540 1788 1672 1842 nihil
1703 1793 1924 1844 omnino
1957 1793 2051 1844 ha-

465 1861 555 1918 bet
584 1867 803 1933 malum,
841 1872 884 1924 si
936 1874 1258 1930 naturaliter
1285 1888 1564 1932 moveatur
1593 1897 1606 1934 :
1641 1883 1734 1936 sed
1764 1883 1808 1934 si
1855 1895 2050 1950 prteter

464 1967 712 2013 naturam
751 1979 1033 2020 moveatur
1092 1977 1146 2022 et
1176 1981 1401 2038 peccato
1451 1974 1676 2038 serviat,
1728 1976 1962 2029 tenehrm
1997 1979 2052 2031 ﬁt

462 2052 520 2097 et
542 2046 757 2106 dicitur.

539 2237 706 2295 Vens.
734 2242 786 2297 6.
823 2262 842 2294 ‹
871 2241 994 2298 Fuit
1043 2246 1204 2301 homo
1254 2248 1450 2304 missus
1485 2266 1514 2304 a
1570 2249 1696 2316 Deo,
1751 2270 1948 2307 nomen
2003 2255 2051 2309 ei

464 2331 722 2389 Joannes.
764 2353 782 2386 ι
811 2335 1106 2408 Postquam
1142 2340 1397 2396 disseruit
1429 2345 1584 2399 nobis
1612 2347 1676 2398 de
1705 2346 2052 2400 subsistentia

473 2421 632 2478 Verbi
689 2425 783 2480 Dei
825 2437 953 2483 ante
1010 2431 1206 2486 saecula
1241 2451 1254 2488 :
1289 2436 1414 2502 quia
1470 2447 1524 2490 et
1579 2437 1645 2492 de
1686 2438 2055 2495 incarnatione

468 2511 632 2570 Verbi
665 2516 909 2573 dicturus
934 2529 1038 2582 est.
1069 2537 1376 2578 sermonem
1411 2527 1475 2580 de
1503 2527 1846 2585 Prtecursure
1887 2532 2055 2585 inter-

469 2606 619 2659 serit.
667 2606 728 2659 Et
758 2609 883 2677 quis
911 2600 1050 2663 alius
1085 2627 1241 2680 quant
1273 2613 1507 2670 Joannes
1542 2615 1858 2675 Prascursor
1895 2621 2056 2675 habe-

471 2708 554 2751 ret
584 2712 891 2756 sermonem
927 2703 993 2757 de
1025 2703 1190 2772 ipsius
1224 2707 1529 2772 nativitate.
1560 2711 1651 2780 qui
1685 2715 1970 2780 praecurrit
2002 2725 2058 2769 et

470 2803 596 2846 ante
614 2793 946 2848 nativitatem
974 2795 1218 2851 Domini?
1266 2799 1401 2854 Dicit
1438 2802 1600 2872 igitttr
1637 2805 1702 2857 de
1722 2803 2059 2862 Pra‘eursore

467 2885 822 2953 evangelista,
855 2889 1000 2956 quod
1037 2888 1138 2943 fuit
1168 2892 1328 2945 homo
1359 2893 1559 2949 missus
1589 2911 1619 2949 a
1676 2894 1804 2964 Deo,
1838 2900 2056 2967 missus,

473 2972 717 3042 inquam,
757 2994 784 3030 a
835 2979 978 3046 Deo;
1037 2983 1520 3054 pseudopmphetae
1552 2987 1699 3041 cuitu
1753 3005 1856 3043 non
1883 3007 1911 3043 a
1951 2993 2060 3048 Deo

478 3062 628 3119 missi
676 3078 851 3122 erant.
897 3068 1166 3125 Caeterum
1217 3087 1338 3126 cum
1403 3076 1643 3130 audieris
1674 3080 1814 3146 quod
1863 3081 2060 3137 missus

2143 593 2302 657 θεοῦ,
2337 597 2392 648 ὲν
2419 599 2484 666 τῇ
2520 597 2735 668 σκοτίᾳ,
2774 596 3072 660 τουτέστιν,
3100 598 3158 649 ὲν
3193 597 3272 668 τῷ
3304 597 3518 667 Θανάτῳ
3541 601 3621 650 καὶ
3645 602 3709 667 τῇ

2145 687 2324 758 πλὰνῃ
2347 690 2546 757 φαίνει.
2576 689 2684 741 Καὶ
2718 689 2827 760 γὰρ
2851 691 2946 742 καὶ
2972 691 3031 742 ἐν
3059 690 3136 758 τῷ
3170 691 3386 760 Θανάτῳ
3413 691 3709 759 γενόμενος,

2141 777 2314 841 οὕτως
2349 779 2514 833 αὑτοῦ
2547 782 2916 851 περιεγένετο,
2949 782 3023 845 ὡς
3058 785 3152 835 καὶ
3181 781 3278 844 οὓς
3317 781 3517 851 ἔφθασε
3552 799 3710 834 κατι-

2148 872 2311 933 πιεῖν.
2355 872 2665 940 ἀναγκάσαι
2693 873 2858 926 αὑτὸν
2894 874 3153 944 ἐξεμέσαι
3175 890 3187 901 ·
3223 875 3314 926 καὶ
3347 876 3404 925 ὲν
3429 875 3492 942 τῇ
3544 873 3711 942 πλάνῃ

2144 963 2208 1029 τῇ
2249 960 2536 1033 Ἑλληνικῇ
2581 955 2789 1031 λάμπει
2833 964 2894 1016 τὸ
2924 966 3206 1033 κήρυγμα.
3247 982 3265 1014 ι
3322 964 3430 1016 Καὶ
3470 963 3500 1031 ἡ
3535 965 3714 1015 σκοτία

2145 1054 2278 1107 αὐτὸ
2308 1053 2370 1104 οὐ
2406 1054 2726 1107 κατέλαϐεν.
2763 1075 2780 1106 ι
2809 1054 2945 1107 Οὔτε
2981 1056 3089 1123 γὰρ
3119 1056 3146 1107 6
3178 1055 3407 1116 θάνατος
3435 1053 3594 1106 αὑτοῦ
3625 1072 3714 1106 πε-

2149 1147 2442 1215 ριεγένετο,
2468 1146 2591 1199 οὔτε
2625 1148 2657 1217 ὴ
2709 1148 2908 1218 πλάνη.
2953 1148 3426 1215 Ἀκαταγὼνιστον
3470 1147 3575 1217 γάρ
3606 1149 3716 1200 ἐστι

2146 1239 2206 1287 τὸ
2229 1238 2342 1303 φῶς
2373 1237 2552 1306 τοῦτο,
2586 1241 2614 1292 6
2647 1239 2779 1302 Θεὸς
2813 1241 2984 1307 Λόγος
3042 1239 3203 1308 φημί.
3239 1239 3393 1300 Τινὲς
3420 1238 3475 1290 δὲ
3509 1239 3716 1290 σκοτίαν

2148 1330 2409 1400 ἐνόμισαν
2456 1333 2556 1403 τὴν
2601 1333 2776 1402 σάρκα
2828 1337 2920 1384 καὶ
2969 1333 3060 1384 τον
3108 1333 3238 1401 βέον.
3285 1332 3396 1384 Καὶ
3450 1333 3506 1382 ὲν
3560 1331 3718 1399 σαριὶ

2149 1419 2241 1475 οὖν
2277 1423 2566 1492 γενόμενος
2596 1427 2690 1476 καὶ
2720 1425 2776 1476 ἐν
2806 1424 2882 1492 τῷ
2905 1423 3007 1494 βίῳ
3029 1423 3203 1491 τούτῳ
3231 1423 3259 1474 6
3286 1424 3455 1489 Λόγος
3485 1421 3717 1492 ἔλαμψε·

2150 1515 2240 1568 καὶ
2282 1517 2313 1584 ἡ
2364 1513 2574 1578 σκοτία,
2610 1517 2641 1584 ἡ
2674 1516 3025 1584 ἀντικειμένη
3087 1515 3232 1581 λέγω
3273 1513 3521 1583 δύναμις,
3581 1514 3723 1567 ἐπεί-

2153 1623 2284 1677 ρασε
2324 1605 2444 1675 μὲν,
2481 1607 2575 1658 καὶ
2617 1606 2800 1671 ἐδίωξε
2837 1607 2897 1658 τὸ
2931 1607 3067 1674 φῶς,
3095 1607 3208 1659 ἀλλ’
3238 1602 3396 1676 εὗρεν
3440 1607 3722 1675 ἀκαταμὰ-

2151 1715 2314 1766 χητον
2342 1700 2436 1751 καὶ
2471 1700 2758 1768 ἀήττητον.
2795 1699 2992 1753 Σκοτέα
3020 1698 3074 1750 δὲ
3099 1699 3318 1766 λέγεται
3356 1701 3385 1765 ἡ
3439 1699 3593 1766 σὰρξ,
3628 1699 3722 1772 οὐχ

2152 1788 2226 1850 ὼς
2254 1790 2394 1841 κατά
2418 1790 2577 1858 φύσιν
2599 1789 2822 1859 τοιαύτη
2845 1789 2999 1855 οὖσα,
3032 1790 3212 1858 ἄπαγε
3233 1792 3246 1842 l
3282 1789 3396 1842 ἀλλ’
3418 1789 3490 1850 ὡς
3519 1788 3606 1841 διὰ
3631 1790 3727 1856 τὴν

2155 1880 2450 1949 ἁμαρτίαν.
2493 1881 2557 1933 ’ῐι
2589 1880 2697 1949 γὰρ
2733 1881 2868 1949 σὰρξ
2899 1879 3050 1931 οὐδὲν
3070 1879 3206 1944 ὅλως
3242 1878 3354 1946 εχει
3383 1876 3550 1929 κακὸν
3580 1893 3728 1942 φυσι-

2154 1972 2261 2032 κῶ,
2291 1972 2610 2040 κινουμένη,
2650 1973 2800 2042 παρὰ
2833 1972 2993 2039 φύσιν
3029 1972 3084 2025 δὲ
3129 1971 3435 2042 κινηθεῖσα,
3471 1969 3560 2021 καὶ
3595 1968 3726 2039 πρὸς

2155 2065 2431 2134 ἁμαρτίαν
2488 2065 2904 2134 ὑπηρετήσατα,
2966 2064 3154 2117 σκοτία
3217 2063 3311 2115 καὶ
3369 2063 3575 2128 γίνεται
3633 2060 3725 2114 καὶ

2155 2159 2389 2210 λέγεται.

2218 2176 2551 2314 ἶεὶῗίιγένετο
2600 2245 2884 2315 ἄνθρωπος
2913 2240 3324 2312 ἀπεσταλμένος
3373 2241 3518 2312 παρά
3563 2239 3718 2303 Θεοῦ,

2154 2341 2321 2409 ονομα
2357 2339 2503 2408 αύτῷ
2547 2338 2822 2407 Ἰωάννης.
2860 2357 2877 2388 ι
2923 2335 3079 2391 Μετά
3123 2333 3184 2387 τὸ
3210 2333 3553 2403 διαλεχθῆναι
3596 2334 3722 2402 ἡμῖν

2158 2435 2285 2502 περὶ
2319 2432 2420 2501 τῆς
2451 2432 2557 2501 πρὸ
2608 2431 2820 2484 αἰώνων
2871 2428 3159 2501 ὑπάρξεως
3196 2425 3289 2480 τοῦ
3343 2426 3476 2479 Θεοῦ
3528 2427 3717 2495 Λόγον,

2157 2524 2346 2597 ἐπειδὴ
2391 2525 2578 2595 μέλλει
2614 2525 2708 2577 καὶ
2745 2526 2872 2596 περὶ
2909 2523 3009 2592 τῆς
3046 2522 3140 2574 τοῦ
3188 2522 3366 2590 Λόγου
3401 2519 3716 2591 σαρκώσεως

2157 2620 2354 2681 εἰπάν,
2389 2635 2461 2670 πα
2473 2615 2762 2688 ρεμϐἀλλει
2824 2615 2915 2668 τὸν
2941 2613 3036 2668 τοῦ
3065 2613 3382 2684 Προδρόμου
3413 2611 3587 2679 λόγον.
3615 2611 3716 2662 Καὶ

2156 2710 2208 2762 τί
2253 2707 2362 2778 γὰρ
2393 2707 2542 2771 ἄλλο,
2576 2706 2609 2776 ἦ
2657 2706 2966 2776 ῐιρόδρομος
2993 2705 3068 2758 ὢν
3109 2707 3136 2758 ὁ
3189 2705 3441 2774 Ἰωάννης
3476 2705 3584 2773 ἔχει
3631 2703 3718 2754 καὶ

2158 2799 2249 2852 τὸν
2276 2800 2404 2870 περὶ
2435 2802 2530 2868 τῆς
2553 2798 2719 2852 αὑτοῦ
2741 2799 3006 2866 γενέσεως
3034 2797 3212 2864 λόγον,
3244 2795 3603 2866 προτρέχοντα
3627 2793 3719 2860 τῆς

2159 2895 2253 2948 τοῦ
2283 2895 2490 2968 Κυρίου
2525 2896 2791 2966 ὲνσάρκου
2826 2895 3128 2962 γεννήσεως
3151 2911 3164 2956 ;
3187 2893 3353 2962 Φησ”ιν
3375 2885 3466 2942 οὖν
3491 2889 3610 2959 περὶ
3629 2886 3717 2939 τοῦ

2159 2986 2476 3058 Προδρόμου
2507 2988 2535 3040 6
2563 2985 2981 3054 εὐαγγελιστὴς,
3012 2983 3095 3036 ὅτι
3125 3001 3143 3034 ι
3197 2981 3444 3050 Ἐγένετο
3470 2981 3722 3035 ἀπεσταλ-

2165 3079 2323 3150 μένος
2353 3079 2501 3150 παρά
2535 3077 2694 3142 Θεοῦ,
2739 3097 2757 3129 ι
2793 3077 2915 3130 ἀντὶ
2945 3075 3062 3138 τοῦ,
3091 3073 3370 3143 ἀπεστάλη
3396 3072 3542 3140 παρά
3570 3069 3717 3123 Θεοῦ.

474 3155 636 3210 fuerit
669 3172 698 3211 a
735 3159 864 3227 Deo,
909 3162 1040 3218 nihil
1091 3166 1360 3232 privatmn
1415 3167 1497 3222 vel
1539 3169 1834 3225 humamnu
1875 3174 2055 3230 dicere

2163 3171 2223 3223 Οἱ
2253 3169 2362 3238 γὰρ
2401 3167 2841 3237 ψευδοπροφῆται
2874 3167 2972 3218 οὐκ
3017 3167 3079 3216 ἐκ
3108 3162 3267 3216 Θεοῦ.
3295 3162 3463 3214 Ὅταν
3491 3160 3541 3211 δὲ
3571 3161 3722 3212 ἀκού·

473 3251 650 3312 putes,
677 3245 775 3300 sed
827 3248 1006 3304 divina
1050 3252 1252 3307 omnia.
1297 3253 1360 3307 Et
1405 3256 1606 3312 idcirco
1630 3260 1793 3315 etiam
1839 3265 2058 3334 angelus

473 3336 690 3392 dicitur.
728 3340 915 3410 Angeli
960 3345 1104 3398 enim
1150 3347 1320 3401 virtus
1350 3358 1432 3401 est
1483 3349 1615 3404 nihil
1663 3356 1941 3422 proprium
1973 3357 2052 3410 di-

473 3444 618 3483 cere.
677 3433 808 3485 Item
855 3449 976 3488 eum
1013 3436 1260 3507 angelum
1298 3441 1556 3507 audieris,
1611 3460 1676 3496 ne
1721 3454 1876 3514 putes
1917 3450 2060 3514 quod

475 3533 668 3575 natura
719 3523 791 3578 sit
840 3528 1087 3596 angelus,
1123 3529 1201 3582 vel
1253 3546 1317 3585 ex
1357 3532 1497 3586 creto
1547 3536 1917 3603 descemlerit,
1965 3542 2061 3594 sed

471 3624 695 3685 propter
731 3630 868 3686 Opus
897 3630 954 3672 et
988 3621 1347 3676 ministerium
1395 3634 1619 3679 vocatur
1650 3629 1896 3698 angelus.
1920 3631 2060 3698 Quia

473 3707 620 3759 enim
672 3709 1002 3766 ministravit
1037 3716 1431 3782 praedicationi,
1477 3729 1533 3772 et
1565 3723 1903 3787 pra-nuntius
1959 3725 2060 3780 fuit

476 3796 716 3866 Domini,
753 3803 873 3872 ejus
907 3807 1082 3875 gratia
1135 3809 1312 3864 dictus
1348 3821 1427 3865 est
1481 3813 1729 3881 angelus.
1766 3814 2058 3885 l’rOpterea

477 3891 808 3960 evangelista
846 3895 1169 3952 subvertens
1214 3903 1570 3968 quorumdam
1612 3903 1919 3973 opinionem
1969 3909 2061 3974 qni

480 3985 896 4054 suspieabantur
920 3986 1180 4044 Joannem
1235 4001 1424 4047 natura
1474 3993 1640 4048 fuisse
1685 3997 1957 4065 angelum,
1985 4002 2066 4054 di-

477 4077 548 4130 cit
584 4093 596 4130 :
633 4095 652 4129 (
687 4077 812 4134 Fuit
842 4080 1004 4136 homo
1040 4084 1240 4139 missus
1266 4099 1296 4138 a
1335 4083 1463 4141 Deo.
1509 4107 1527 4138 ι

560 4359 720 4416 Vens.
758 4361 808 4414 7.
839 4381 857 4414 ι
899 4362 993 4418 llic
1021 4363 1168 4418 venit
1213 4364 1266 4418 in
1301 4366 1698 4430 testimonium,
1733 4377 1787 4421 ut
1818 4370 2062 4425 testimo-

483 4453 633 4506 nium
667 4453 981 4524 perhiberet
1003 4457 1068 4510 de
1091 4455 1317 4522 lumine,
1347 4469 1403 4511 ιιι
1429 4473 1618 4512 omnes
1655 4460 1937 4514 crederent
1961 4478 2059 4530 per

2166 3268 2285 3337 σ’ῃς,
2315 3266 2397 3318 ὅτι
2445 3264 2728 3330 ἀπεστάλη
2773 3262 2925 3332 ποιρά
2954 3262 3111 3323 Θεοῦ,
3156 3261 3320 3332 μηδὲν
3353 3261 3479 3314 [διον
3510 3258 3719 3327 νομῖσης

2162 3361 2195 3428 ἦ
2228 3357 2566 3428 ἀνθρώπινον
2604 3357 2805 3424 λέγειν,
2849 3355 2985 3408 ἀλλὰ
3037 3355 3212 3412 πάντα
3245 3354 3384 3412 θεῖα.
3436 3354 3530 3409 Διὶ
3577 3351 3722 3408 τοῦτο

2163 3453 2256 3504 καὶ
2290 3449 2518 3518 ἅγγελος
2569 3449 2808 3517 λέγεται,
2842 3447 3079 3515 ἀγγέλου
3106 3451 3162 3503 δὲ
3207 3452 3376 3520 ἁρετὴ
3414 3451 3572 3519 μηδὲν
3599 3448 3722 3500 ἴδιον

2163 3543 2363 3606 λέγειν.
2414 3541 2682 3610 ’Ἄγγελον
2710 3541 2766 3596 δὲ
2796 3539 3056 3608 ἀκούσας,
3094 3545 3170 3613 μὴ
3212 3544 3419 3612 νόμιζε,
3451 3544 3525 3594 ὅτι
3573 3541 3721 3607 eius:

2164 3637 2389 3703 ἄγγελος
2413 3631 2504 3705 ἦν,
2523 3635 2555 3706 ἧ
2575 3636 2640 3690 ἐκ
2655 3634 2766 3690 τῶν
2784 3637 3029 3708 οὐρανῶν
3052 3638 3281 3705 κατέϐη·
3307 3635 3442 3690 ἀλλὰ
3459 3636 3540 3687 διὰ
3562 3635 3618 3685 τὸ
3637 3635 3721 3702 ἔρ-

2165 3745 2258 3796 γον
2287 3729 2377 3779 καὶ
2405 3726 2503 3798 τὴν
2557 3727 2831 3781 διακονίαν
2869 3727 3097 3796 ἄγγελος
3142 3726 3408 3779 καλεῖται.
3450 3725 3592 3776 Ἐπεὶ
3625 3726 3724 3792 γὰρ

2167 3821 2478 3890 ὑπηρέτησε
2498 3820 2574 3890 τῷ
2593 3820 2928 3890 κηρύγματι,
2946 3820 3039 3872 καὶ
3060 3824 3201 3889 προή
3215 3843 3227 3884 -,
3244 3820 3389 3884 γειλε
3407 3819 3494 3870 τὸν
3515 3815 3720 3884 Κύριον,

2166 3911 2360 3964 τούτου
2401 3912 2588 3964 ἕνεκεν
2639 3911 2840 3982 ἐκλήθη
2877 3911 3127 3978 ἄγγελος.
3167 3911 3257 3962 Διὸ
3312 3913 3406 3960 καὶ
3449 3911 3476 3960 6
3506 3909 3721 3973 εὐαγγεο

2167 4004 2354 4073 λιστὴς
2403 4003 2726 4074 ἀνατρέπων
2779 4005 2876 4071 τὴν
2909 4003 3019 4054 τῶν
3056 4003 3268 4054 πολλῶν
3322 4001 3585 4062 ὑπόνοιαν,
3620 3999 3719 4047 τῶν

2171 4093 2298 4155 ἴσως
2345 4093 2706 4163 νομισάντων,
2765 4093 2849 4144 ὅτι
2893 4091 3121 4159 ἄγγελος
3176 4088 3242 4162 ἧν
3288 4094 3316 4144 6
3379 4090 3609 4156 Ἰωάννης
3653 4091 3717 4155 τῇ

2170 4187 2354 4254 φύσει,
2409 4185 2597 4254 φησίν·
2637 4207 2654 4236 ι
2710 4187 2958 4253 Ἐγένετο
3005 4185 3293 4254 ἄνθρωπος
3339 4181 3718 4252 ἀπεσταλμένος

2177 4278 2325 4347 παρὰ
2361 4275 2519 4331 Θεοῦ.
2557 4296 2574 4327 ι

2249 4389 2265 4421 ι
2309 4366 2477 4432 (lino;
2506 4365 2668 4440 ἦλθεν
2696 4372 2774 4429 εἰς
2803 4370 3130 4442 μαρτυρίαν,
3160 4372 3246 4422 ἵνα
3276 4371 3588 4439 μαρτυρήσῃ
3609 4369 3717 4438 περὶ

2171 4463 2262 4515 τοῦ
2300 4462 2497 4532 φωτὸς,
2532 4463 2616 4515 ἵνα
2649 4462 2850 4525 πάντες
2882 4464 3210 4516 πιστεύσωςι
3234 4462 3302 4516 δι’
3335 4463 3518 4516 αὐτοῦ.
3547 4457 3715 4524 Οὗτος,

484 4546 656 4600 illum.
706 4565 724 4598 ι
765 4546 882 4612 llic,
933 4549 1126 4617 inquit,
1169 4550 1259 4617 qui
1311 4551 1511 4604 miSsus
1538 4561 1714 4605 erata
1748 4549 1877 4614 Deo,
1921 4557 2055 4608 venit

2171 4557 2358 4624 φησὶν,
2395 4556 2423 4608 6
2448 4555 2858 4623 ἀπεσταλμένος
2888 4555 3040 4624 παρά
3072 4553 3231 4619 Θεοῦ,
3277 4554 3363 4606 ἵνα
3417 4557 3714 4624 μαρτυρήτη

485 4648 542 4692 ιιι
584 4639 954 4694 testimonium
993 4641 1304 4710 perhiberet
1353 4643 1419 4695 de
1465 4641 1690 4697 lumine.
1737 4643 1939 4698 Deinde
1997 4662 2062 4698 ne

483 4732 607 4798 quis
635 4731 910 4786 existimet
935 4734 1076 4802 quod
1111 4732 1268 4802 hujus
1305 4734 1616 4788 testimonio
1647 4750 1780 4804 opus
1811 4736 2066 4792 habuerit

482 4824 549 4876 ad
590 4824 818 4894 gloriam
853 4825 1191 4894 Unigenitns,
1219 4830 1372 4895 quasi
1397 4829 1576 4896 aliqua
1603 4845 1668 4880 ex
1701 4838 1852 4897 parte
1887 4831 2060 4896 inops,

484 4912 689 4970 idcirco
707 4915 1074 4984 addiditquud
1103 4917 1250 4971 venit
1276 4916 1662 4971 testiﬁmturns
1684 4919 1748 4969 de
1765 4915 1900 4969 Filio
1929 4915 2018 4970 θυι
2048 4935 2059 4970 :

484 5020 590 5059 non
649 5006 793 5075 quod
857 5005 1001 5060 illius
1042 5007 1350 5060 testimonio
1415 5007 1614 5060 haheat
1668 5022 1822 5074 opus,
1865 5013 1958 5058 sed
2010 5017 2067 5060 ut

483 5115 675 5155 names
704 5099 930 5154 credant
959 5114 1053 5169 per
1084 5099 1256 5153 illum.
1291 5098 1424 5152 Num
1454 5110 1508 5153 ct
1537 5115 1726 5153 omnes
1758 5115 1853 5168 per
1893 5100 2065 5168 ipsum

487 5192 1133 5247 crediderunt?Minime.
1175 5191 1460 5258 Quomodo
1485 5191 1649 5259 igitur
1708 5192 1879 5259 inquit
1903 5209 2068 5244 evan-

484 5284 700 5355 gelista,
751 5295 810 5340 ut
841 5300 1031 5340 omnes
1062 5286 1331 5341 credant?
1365 5285 1681 5350 Quomodo?
1713 5286 1983 5351 Quantum
2015 5285 2067 5338 in

489 5379 584 5431 illo
615 5387 753 5438 erat.
781 5386 1062 5448 prepterea
1097 5378 1514 5438 testiﬁcabatur.
1549 5387 1606 5430 ut
1647 5393 1836 5431 uttrues
1864 5377 2064 5429 trahat.

486 5473 744 5539 Quamvis
772 5484 950 5528 autem
979 5474 1198 5542 quidam
1227 5473 1556 5536 discredant,
1591 5487 1700 5526 non
1737 5482 1914 5525 tamen
1947 5470 2070 5524 ideo

487 5564 583 5616 ille
616 5562 1094 5631 reprehendendus
1127 5580 1140 5616 :
1173 5564 1428 5632 quoniam
1455 5573 1521 5617 et
1563 5562 1642 5616 sol
1678 5564 1730 5616 in
1777 5564 1876 5615 huc
1909 5562 2069 5624 lucet,

493 5666 549 5708 ut
571 5669 758 5710 omnes
781 5653 1046 5709 illuntinet
1069 5695 1085 5720 ,
1115 5665 1167 5710 at
1197 5655 1240 5708 si
1270 5655 1394 5724 quis
1426 5655 1476 5708 in
1512 5654 1803 5724 caliginosa
1837 5655 2068 5720 quadam

494 5749 655 5802 domo
689 5760 748 5802 se
781 5745 1057 5803 incluserit
1084 5758 1136 5802 et
1158 5746 1350 5817 jubare
1407 5762 1512 5800 non
1549 5748 1778 5811 fruatur,
1805 5747 1936 5815 quid
1972 5747 2071 5800 huc

495 5841 563 5898 ad
621 5843 824 5899 sulem?
877 5841 966 5899 Sic
1027 5844 1188 5914 igitur
1239 5853 1290 5898 ct
1339 5842 1438 5897 hoc
1467 5841 1584 5896 low
1619 5843 1812 5896 missus
1854 5839 2068 5926 quidem

2177 4648 2306 4718 περὶ
2333 4646 2426 4700 τοῦ
2451 4647 2655 4716 φωτός.
2702 4645 2833 4699 Εἶτα
2875 4646 2962 4698 ἵνα
2999 4647 3072 4716 μή
3107 4663 3188 4707 τις
3227 4645 3446 4718 νομίσῃ,
3477 4646 3553 4697 δτι
3579 4644 3716 4714 ἔχρῃ-

2175 4741 2266 4805 ζεν
2291 4740 2398 4810 ἄρα
2431 4740 2532 4806 τῆς
2564 4738 2755 4792 τούτου
2777 4738 3085 4809 μαρτυρίας
3114 4738 3142 4788 ὁ
3166 4737 3473 4807 Μονογενὴς
3501 4737 3570 4799 ὼς
3597 4735 3716 4788 ἐλλι-

2177 4833 2280 4902 πὴς
2306 4831 2402 4894 ὢν,
2425 4830 2516 4884 διὰ
2541 4830 2698 4886 τοῦτο
2722 4829 3100 4902 προστίθησιν,
3119 4830 3201 4882 ὅτι
3226 4824 3355 4900 ἦλθε
3385 4829 3716 4899 μαρτυρήσων

2179 4923 2308 4995 περὶ
2341 4923 2436 4977 τοῦ
2473 4922 2605 4976 Υἱοῦ
2637 4921 2728 4976 τοῦ
2759 4921 2930 4975 Θεοῦ’
2957 4922 3057 4991 οὐχ
3083 4919 3158 4984 ὡς
3188 4919 3352 4974 αὑτοῦ
3399 4921 3498 4991 τῆς
3539 4919 3717 4972 ἐκείνου

2179 5014 2474 5086 χρῄζοντος
2509 5013 2838 5084 μαρτυρίας,
2899 5013 3012 5066 ἀλλ’
3058 5012 3144 5066 ἵνα
3179 5013 3381 5074 πάντες
3423 5011 3722 5066 πιστεύσωσι

2177 5101 2244 5154 δι’
2266 5101 2454 5155 αὐτοῦ.
2479 5096 2627 5173 Ἀρα
2651 5101 2746 5156 οὖν
2773 5101 2868 5155 καὶ⁵
2893 5102 3091 5164 πάντες
3116 5102 3443 5155 ἐπίστευσαν
3463 5101 3527 5155 δι’
3548 5099 3720 5164 αὑτοῦ;

2177 5193 2335 5264 Οὐχί.
2373 5193 2498 5256 Πῶς
2529 5189 2621 5246 οὖν
2655 5209 2820 5262 φησιν
2841 5193 3303 5262 ὀεὺαγγελιστὴς,
3341 5213 3357 5244 ι
3411 5195 3522 5247 Ἰνα
3549 5194 3723 5252 πάντες

2183 5285 2549 5349 πιστεύσωσι;
2593 5305 2610 5337 ο
2642 5286 2795 5350 ΙΙῶς;
2836 5285 3000 5338 Ὅσον
3033 5285 3092 5338 τὸ
3115 5285 3203 5337 ἐπ’
3235 5285 3452 5356 ἐκείνῳ,
3480 5284 3565 5338 διὰ
3591 5283 3728 5335 τοῦτο

2181 5376 2586 5446 ἐμαρτύρησεν,
2624 5376 2712 5428 ἵνα
2746 5375 2952 5438 πάντας
2985 5373 3186 5445 ἑλκύσῃ
3209 5391 3222 5403 ·
3266 5375 3314 5426 sl
3345 5375 3401 5427 δὲ
3447 5371 3727 5442 ἠπίστησάν

2178 5487 2346 5534 τινες,
2382 5470 2482 5521 οὐκ
2506 5469 2710 5531 ἐκεῖνος
2736 5470 3034 5537 μεμπτέος.
3074 5466 3294 5537 Ἐπειδὴ
3323 5467 3416 5520 καὶ
3439 5469 3466 5519 6
3495 5467 3628 5535 ἥλιος
3649 5465 3731 5516 ἐπὶ

2181 5566 2357 5634 τούτῳ
2388 5563 2689 5627 ἀνατέλλει,
2725 5561 2809 5614 ἵνα
2838 5562 3043 5623 πάντας
3067 5561 3278 5634 φωτίσῃ
3299 5577 3313 5591 ’
3346 5564 3392 5614 εἰ
3426 5562 3479 5614 δέ
3506 5578 3581 5622 τις
3607 5561 3728 5610 iso-

2184 5655 2401 5716 κλείσας
2442 5652 2632 5707 ὲαυτὺν
2667 5653 2724 5704 ὲν
2765 5650 2990 5718 ζοφώδει
3040 5650 3321 5719 οἰκήματι,
3368 5651 3465 5702 οὐκ
3493 5645 3728 5702 ἀπολαύοι

2185 5743 2282 5812 τῆς
2313 5745 2526 5805 ἀκτῖνος
2568 5740 2754 5805 αὐτοῦ,
2799 5742 2850 5792 τί
2883 5740 3040 5793 τοῦτο
3081 5740 3214 5809 πρ>ς
3244 5740 3336 5792 τὸν
3378 5739 3558 5809 ἢλιον;
3593 5736 3731 5789 Uir-7:0

2190 5834 2485 5901 κάνταῦθα,
2539 5833 2818 5903 ἀπεστάῗή
2871 5832 2967 5903 μὲν
3021 5835 3046 5884 ο
3111 5829 3379 5900 Ἰωᾶννης,
3424 5832 3503 5881 ἵνα
3554 5830 3729 5887 πάντες
