3960 6454
438 352 572 433 1151

1299 355 1886 421 ΤΗΕΟΡΙΙΥιΛΕΤΙ
1928 357 2343 418 summa:
2382 330 2775 420 ARCHIEP.’

3554 354 3675 421 1152

433 480 707 538 hominem
734 477 1016 535 induceret
1046 487 1106 534 ut
1142 479 1463 536 conﬁteatur
1491 480 1800 546 Factorem,
1834 489 1885 533 et
1914 494 2018 532 non

2134 476 2306 531 πάντα
2360 475 2649 547 ἄνθρωπον
2701 475 2911 546 ὲνάγων
2973 477 3050 539 είς
3114 472 3172 528 τδ
3228 471 3567 544 ὁμολογῆσαι
3616 476 3690 528 τὸν

437 572 598 645 513
631 571 836 628 serviat
861 572 1149 639 creaturis,
1189 572 1284 627 sed
1320 574 1507 627 adoret
1538 571 1910 627 Conditorem.
1945 570 2014 624 At

434 667 691 728 mundus.
733 663 928 734 inquit,
966 679 1089 717 eum
1148 679 1254 719 non
1289 662 1540 735 cognovit
1572 678 1587 717 ι
1625 663 1727 717 boc
1757 672 1859 724 est,
1893 678 2019 728 pro-

438 757 677 810 miscuus
703 753 790 808 ille
818 754 1068 824 populus,
1101 756 1192 825 qui
1228 756 1516 810 mundanis
1540 754 1786 808 addictus
1813 762 1894 807 est
1922 768 2017 807 ne-

433 848 608 916 gotiis.
646 847 873 902 Mundus
906 849 1052 904 enim
1078 850 1347 919 signiﬁcat
1368 848 1586 919 quidem
1620 857 1673 901 et
1695 847 2012 900 universum

437 941 558 1002 hoc,
599 939 740 992 sicut
777 940 881 994 hoc
929 939 1048 996 loco
1077 940 1280 995 dictum
1323 950 1425 1005 est,
1472 939 1615 1010 quod
1650 939 1881 994 mundus
1923 952 2020 1006 per

436 1030 612 1098 ipsum
646 1029 825 1086 factus
857 1042 939 1086 est
977 1048 992 1086 :
1024 1031 1290 1102 signiﬁcat
1325 1041 1505 1086 autent
1536 1042 1589 1085 ct
1622 1047 1716 1087 eos
1745 1032 1834 1100 qui
1866 1046 2022 1084 mun-

434 1124 575 1175 dana
608 1123 825 1191 sapiunt
849 1138 864 1177 :
895 1123 1037 1179 sicut
1067 1124 1153 1178 hic
1180 1123 1315 1179 dicit
1339 1126 1482 1194 quod
1509 1123 1738 1178 mundus
1767 1138 1890 1179 eum
1913 1137 2019 1177 non

434 1219 713 1285 cognovit,
749 1216 851 1272 hoc
903 1224 986 1272 est
1019 1217 1530 1281 terrenihomines,
1558 1216 1813 1287 quoniam
1847 1215 2019 1271 sancti

434 1323 625 1364 omnes
658 1319 711 1366 et
742 1312 1017 1381 prophetae
1052 1320 1411 1381 agnoverunt.

507 1496 674 1552 VERS.
707 1497 795 1554 ll.
829 1517 847 1549 ι
886 1498 940 1552 lu
973 1499 1188 1570 propria
1223 1499 1390 1563 venit,
1432 1508 1481 1553 et
1523 1498 1725 1569 proprii
1759 1511 1879 1551 eum
1916 1512 2021 1550 non

434 1597 780 1657 receperunt.
812 1606 830 1639 ι
887 1586 999 1643 Hoc
1053 1587 1173 1642 loco
1228 1587 1673 1643 manifestissime
1723 1587 2024 1657 ingreditur

434 1694 739 1734 sermonem
774 1681 841 1735 de
882 1681 1263 1751 incarnatione,
1298 1698 1314 1736 :
1351 1690 1404 1737 et
1447 1690 1531 1736 est
1567 1689 1708 1735 totus
1742 1680 2022 1735 sententia:

435 1780 720 1828 contextus
751 1772 816 1836 is,
846 1771 979 1827 Erat
1005 1773 1223 1844 quidem
1252 1773 1461 1844 absque
1490 1788 1655 1829 carne
1684 1772 1772 1827 lux
1807 1788 1937 1827 vera
1966 1772 2018 1826 in

436 1863 663 1927 mundo,
700 1872 756 1919 et
809 1878 915 1919 non
967 1840 1426 1934 agnoscebatur:
1462 1861 1661 1919 deinde
1708 1863 1761 1916 in
1810 1860 2025 1930 propria
2060 1840 2101 1900 Β

437 1955 586 2008 venit
637 1971 759 2010 cum
815 1970 1001 2019 carne.
1057 1954 1280 2024 Propria
1330 1964 1511 2008 autem
1566 1954 1685 2025 ejus
1728 1953 1815 2009 vel
1856 1961 2027 2006 totum

438 2047 701 2102 mundum
749 2048 1012 2119 intellige,
1047 2048 1130 2104 vel
1173 2047 1392 2104 Judaaos
1440 2061 1577 2116 quos
1625 2046 1786 2118 elegit
1825 2055 1884 2101 ut
1943 2045 2029 2100 fu-

438 2138 677 2194 niculum
727 2140 1083 2208 hereditatis,
1114 2151 1170 2195 et
1213 2148 1271 2195 ut
1304 2140 1609 2211 portionem
1642 2139 2027 2211 peculiumque

438 2246 619 2286 suum.
645 2247 663 2283 ι
691 2228 756 2284 Ει
787 2232 986 2302 proprii
1012 2248 1135 2289 eum
1171 2246 1276 2288 non
1302 2238 1644 2303 receperunt.
1670 2249 1690 2283 ι
1718 2231 1800 2285 vel
1831 2229 2025 2299 Judaei,

437 2321 523 2378 vel
557 2322 736 2377 cat-teri
770 2323 1019 2379 homines
1048 2324 1139 2393 qui
1170 2324 1237 2377 ab
1280 2338 1347 2378 eo
1378 2322 1608 2381 conditi.
1634 2322 1803 2393 Igitur
1828 2337 2024 2393 quem-

441 2414 730 2470 admodum
760 2414 1005 2482 deplorat
1038 2416 1366 2472 demcntiam
1394 2416 1696 2480 hominum,
1728 2418 1800 2471 ita
1845 2425 1899 2472 et
1934 2416 2028 2469 ad-

442 2509 674 2563 miratur
734 2509 1166 2565 misericordiam
1219 2508 1455 2566 Domini.
1492 2510 1593 2578 Qui
1633 2509 1834 2581 proprii
1884 2511 2025 2579 ejus,

441 2596 640 2668 inquit,
677 2606 861 2663 erant,
900 2613 1007 2654 non
1042 2613 1234 2655 omnes
1264 2610 1593 2671 receperunt
1623 2616 1772 2658 eum.
1814 2599 2024 2656 Nullum

442 2690 702 2745 Dominus
733 2691 1058 2747 necessitate
1087 2693 1233 2765 cogit
1265 2701 1321 2750 et
1356 2694 1603 2760 attrahit,
1640 2696 1732 2750 sed
1765 2695 2028 2751 Volunta-

429 2789 550 2849 ,ιυιη
584 2778 804 2851 reliquit
828 2792 882 2835 et
907 2781 1249 2841 electionem.

517 2871 680 2929 Vsus.
728 2872 816 2929 l2.
870 2892 891 2926 ι
946 2875 1221 2945 Quotquot
1267 2886 1449 2934 autem
1502 2888 1825 2949 receperunt
1877 2895 2024 2945 eum,

440 2961 590 3019 dedit
613 2964 694 3020 eis
725 2973 1050 3035 potestatem
1086 2968 1201 3023 ﬁeri
1237 2969 1378 3026 ﬁlios
1413 2971 1532 3039 Dei,
1559 2972 1647 3027 his
1672 2973 1765 3041 qui
1797 2975 2029 3029 credunt

441 3055 497 3110 in
542 3056 779 3113 ‘uomiue
832 3056 971 3127 ejus.
1024 3077 1044 3113 ι
1099 3058 1228 3116 Sive
1275 3062 1440 3127 servi,
1498 3064 1615 3120 sive
1670 3064 1850 3129 liberi,
1914 3064 2028 3121 sive

2125 568 2386 640 Ποιητὴν,
2443 567 2539 623 καὶ
2577 568 2653 640 μὴ
2701 567 2997 641 λατρεῦσαι
3042 570 3156 632 τοῖς
3203 565 3534 633 κτίσμασιν,
3576 567 3696 621 ἀλλά

2120 662 2497 733 προσκυνῆσαι
2543 662 2634 715 τὸν
2685 663 2950 732 κτίστην.
2988 682 3008 713 ι
3055 662 3115 716 ’0
3156 662 3371 730 κόσμος
3399 658 3479 722 δὲ,
3529 665 3695 730 φησὶν,

2122 754 2287 808 αὐτὸν
2316 753 2418 807 οὐκ
2457 752 2620 823 ἔγνω,
2664 774 2682 807 ι
2721 753 2844 807 ἀντὶ
2883 752 3001 816 τοῦ,
3031 755 3059 807 ό
3097 752 3321 823 χυδαῖος
3366 750 3516 814 λαὸς,
3553 754 3578 805 ό
3602 756 3699 815 τοῖς

2121 844 2219 900 τοῦ
2265 846 2472 917 κόσμου
2520 845 2911 918 προστετηκὼς
2951 845 3263 916 πράγμασι.
3295 845 3376 897 Τὸ
3428 844 3533 915 γὰρ
3565 864 3580 897 ι
3620 846 3699 900 κό-

2124 955 2258 1007 σμος
2297 956 2315 988 ι
2352 938 2523 1008 ὄνομα
2580 938 2837 1009 σημαίνει
2888 938 2987 1009 μὲν
3016 955 3110 991 και
3153 939 3215 992 τδ
3267 938 3502 1000 σύμπαν
3544 936 3700 1003 τοῦτο,

2124 1032 2267 1086 καθὰ
2295 1030 2531 1085 ἐνταῦθα
2554 1032 2790 1103 εἴρηται,
2815 1034 2897 1087 ὅτι
2921 1049 2940 1083 ι
2976 1032 3035 1086 Ὀ
3058 1033 3262 1103 κόσμος
3291 1031 3366 1084 δι’
3388 1029 3555 1085 αὐτοῦ
3594 1032 3702 1099 ἐγέι

2124 1137 2276 1175 νετο⁹
2307 1141 2326 1174 ι
2362 1123 2620 1190 σημαίνει
2643 1122 2699 1175 δὲ
2730 1123 2824 1176 καὶ
2852 1126 2977 1187 τοὺς
2999 1124 3065 1177 τὰ
3088 1123 3335 1194 κοσμικά
3364 1122 3699 1191 φρονοῦντας·

2128 1215 2271 1268 καθὰ
2310 1214 2549 1270 ἐνταῦθά
2582 1233 2769 1288 φησιν,
2820 1218 2901 1271 ὅτι
2938 1235 2957 1267 ι
3020 1216 3079 1271 '0
3133 1217 3349 1287 κόσμος
3412 1215 3573 1269 αὐτὸν
3617 1217 3702 1269 οὐκ

2125 1307 2288 1375 εγνω,
2330 1326 2346 1359 ι
2389 1308 2513 1362 ἀντὶ
2559 1306 2679 1370 τοῦ,
2731 1309 2779 1361 οἱ
2836 1308 3016 1379 γήϊνοι
3062 1307 3389 1380 ἄνθρωπον
3439 1306 3562 1360 ἐπεὶ
3602 1307 3703 1375 οἵγε

2127 1400 2274 1469 ἅγιοι
2302 1401 2503 1464 πάντες
2540 1402 2636 1456 καὶ
2669 1402 2719 1456 οἱ
2759 1401 3039 1471 προφῆται
3064 1402 3414 1469 ἐπέγνωσαν.

2205 1510 2222 1542 ι
2262 1491 2355 1552 El;
2379 1492 2447 1544 τὰ
2473 1490 2581 1545 ἴδια
2606 1489 2761 1565 ἧλῦε,
2809 1492 2903 1547 καὶ
2924 1494 2971 1546 oi
3006 1492 3127 1546 ῐδιοι
3157 1491 3330 1545 αὑτὸν
3365 1492 3431 1544 οῦ
3476 1490 3703 1559 παρέλα-

2129 1584 2242 1639 ϐον.
2275 1603 2294 1637 ι
2334 1584 2601 1639 Ἐνταῦθα
2632 1585 2993 1658 φανερώτατα
3015 1587 3093 1649 ε-ίς
3120 1585 3212 1639 τὸν
3243 1584 3385 1655 περὶ
3404 1584 3503 1654 τῆς
3530 1584 3706 1655 ἔνσάρο

2132 1695 2229 1731 κου
2298 1678 2612 1748 οἰκονομίας
2658 1678 2816 1748 λόγον
2859 1677 3167 1741 εἰσϐάλλει,
3218 1677 3320 1731 καὶ
3377 1676 3530 1729 ἔστιν
3558 1679 3591 1746 ἡ
3618 1677 3702 1748 ὅλη

2130 1770 2241 1838 ύφὴ
2262 1767 2355 1822 τοῦ
2380 1769 2652 1839 νοήματος
2682 1770 2905 1841 τοιαύτη
2926 1787 2939 1799 ⁸
2966 1766 3073 1823 Ἦν
3100 1769 3199 1840 μὲν
3220 1768 3403 1840 χωρὶς
3432 1768 3626 1839 σαρκὸς
3654 1768 3705 1823 τὸ

2133 1861 2248 1930 φῶς
2282 1860 2343 1915 τὸ
2378 1861 2636 1931 ἀληθινὸν
2679 1864 2739 1915 ἐν
2786 1861 2866 1931 τῷ
2906 1863 3119 1933 κόσμῳ,
3154 1863 3250 1915 καὶ
3288 1860 3399 1916 οὐκ
3461 1860 3705 1926 mmo-

2131 1970 2293 2007 σκετο
2311 1971 2328 1989 ο
2356 1951 2475 2008 εἶτα
2513 1954 2609 2010 καὶ
2642 1956 2722 2019 είς
2750 1956 2818 2010 τὰ
2844 1955 2951 2009 ίδια
2980 1952 3115 2026 ἦλθε
3145 1955 3287 2025 μετὰ
3327 1952 3555 2024 σαρκός.
3584 1954 3704 2007 ’ἰδία

2126 2047 2183 2100 δὲ
2212 2046 2375 2101 αὑτοῦ
2404 2046 2437 2118 ἦ
2463 2048 2556 2101 τὸν
2581 2047 2701 2102 ὅλον
2727 2047 2936 2119 κόσμον
2966 2047 3204 2117 νοήσεις,
3233 2046 3267 2117 ἥ
3299 2046 3408 2117 τὴν
3441 2045 3701 2110 Ἰουδαίαν,

2128 2138 2198 2210 ἥν
2228 2137 2509 2205 ἐξελέξατο
2531 2138 2606 2204 ὡς
2640 2139 2928 2210 σχοίνισμα
2958 2137 3353 2210 κληρονομίας,
3393 2136 3492 2189 καὶ
3515 2136 3586 2199 ὡς
3619 2151 3705 2206 με·

2133 2230 2273 2301 ρίδα,
2322 2230 2420 2283 καὶ
2460 2229 2537 2293 ὡς
2592 2230 3024 2302 περιουσιασμον
3080 2227 3269 2282 αὑτοῦ.
3312 2247 3335 2280 ί
3380 2228 3493 2281 Καὶ
3526 2229 3569 2279 οἱ
3598 2226 3701 2279 ίδιοι

2129 2318 2294 2378 αὐτὸν
2318 2322 2379 2377 οῦ
2404 2320 2735 2391 παρέλαϐον,
2769 2341 2787 2375 ι
2810 2322 2845 2394 ἢ
2880 2323 2931 2377 οἱ
2971 2321 3237 2383 Ἰουδαῖοι,
3270 2320 3305 2390 ἢ
3341 2321 3440 2373 καὶ
3468 2321 3514 2373 el
3546 2318 3701 2372 λοιποὶ

2128 2413 2429 2483 ἄνθρωποι,
2457 2415 2507 2468 οί
2533 2414 2624 2469 ὑπ’
2650 2412 2814 2469 αὐτοῦ
2842 2413 3179 2477 κτισθέντες.
3207 2413 3432 2484 Ὠσπερ
3460 2411 3548 2465 οὖν
3580 2413 3699 2465 ἀπο-

2128 2506 2376 2561 κλαίεται
2406 2506 2506 2576 τὴν
2552 2506 2737 2563 ἄνοιαν
2763 2506 2875 2559 τῶν
2920 2504 3247 2575 ἀνθρώπων,
3300 2505 3403 2560 καὶ
3454 2502 3700 2572 θαυμάζει

2129 2597 2226 2671 τὴν
2250 2598 2662 2668 φιλανθρωπίαν
2688 2596 2781 2651 τοῦ
2810 2597 3104 2651 Δεσπότου.
3137 2596 3316 2661 Ἴδιοι,
3350 2596 3537 2667 φησὶν,
3568 2596 3698 2659 ὅντες

2128 2689 2315 2754 αὑτοῦ,
2344 2691 2405 2744 οὐ
2443 2691 2643 2755 πάντες
2672 2689 2983 2759 παρέλαϐον
3006 2688 3195 2744 αὐτόν.
3232 2688 3313 2742 Οὐ
3364 2688 3476 2760 γὰρ
3513 2688 3699 2758 ἀνάγκῃ

2126 2782 2249 2836 τινὰ
2274 2782 2564 2849 ἐφέλκεται
2584 2785 2612 2837 ὁ
2631 2781 2857 2855 Κύριος,
2877 2782 3014 2837 ἀλλὰ
3032 2781 3229 2854 γνώμῃ
3254 2782 3355 2836 καὶ
3383 2782 3696 2853 προαιρέσει.

2207 2894 2225 2926 ‹
2266 2874 2423 2928 Ὅσοι
2456 2874 2515 2929 δὲ
2562 2874 2756 2928 ἔλαϐον
2786 2874 2970 2937 αὐτὸν,
3009 2874 3212 2928 ἔδωκεν
3244 2875 3434 2937 αὐτοῖς
3478 2873 3696 2940 ἐξουσίαν

2128 2966 2294 3020 τέκνα
2332 2966 2467 3019 Θεοῦ
2500 2964 2775 3034 γενέσθαι,
2806 2969 2918 3029 τοῖς
2955 2966 3306 3019 πιστεύουσιν
3339 2968 3422 3029 είς
3452 2963 3511 3020 τὺ
3547 2965 3693 3033 ὄνομα

2130 3057 2318 3115 αὐτοῦ.
2356 3077 2374 3111 ι
2407 3058 2525 3114 Κᾶν
2550 3059 2750 3123 δοῦλοι,
2776 3058 2879 3115 xiv
2908 3059 3206 3130 ἐλεύθεροι,
3235 3057 3344 3113 κᾶν
3377 3060 3579 3122 παῖδες,
3613 3058 3697 3110 κᾶν

441 3147 620 3216 pueri,
654 3148 769 3204 sive
803 3164 989 3217 senes,
1030 3151 1145 3208 sive
1192 3151 1441 3222 Barbari,
1477 3156 1594 3211 sive
1640 3154 1838 3223 Gnaei,
1868 3168 2027 3228 quot-

2134 3153 2409 3225 γέροντες,
2443 3152 2547 3207 κᾶν
2572 3153 2867 3225 Βάρϐαροι,
2921 3152 3027 3206 κᾶν
3056 3153 3347 3225 Ἕλληνες,
3382 3154 3495 3208 ὅσοι
3532 3154 3694 3206 ἔλαϐον

441 3252 575 3310 quot
612 3253 932 3313 receperunt
958 3258 1106 3311 eum,
1135 3245 1283 3303 dedit
1313 3248 1395 3303 eis
1417 3257 1736 3318 potestatem
1771 3250 1907 3308 ﬁlios
1934 3249 2027 3305 Dei

442 3335 583 3392 ﬁeri.
606 3334 708 3402 Qui
729 3344 909 3391 autem
940 3345 1067 3394 sunt
1107 3338 1224 3394 illi?
1255 3338 1316 3394 lli
1346 3342 1437 3409 qui
1469 3342 1701 3397 credunt
1730 3342 1784 3397 in
1813 3346 2029 3399 nomine

442 3427 581 3497 ejus,
605 3426 659 3481 hi
685 3427 893 3484 scilicet
916 3428 1013 3500 qui
1039 3440 1292 3500 suscepto
1321 3431 1500 3487 Verbo
1524 3433 1699 3489 lucem
1724 3448 1908 3489 veram
1937 3449 2032 3505 per

445 3518 608 3575 ﬁdem
646 3531 989 3591 receperunt,
1015 3534 1072 3579 et
1102 3524 1472 3581 declararunt.
1516 3526 1685 3597 Cujus
1713 3528 1889 3597 gratia
1924 3544 2029 3582 non

446 3611 587 3667 dixit
625 3613 769 3683 quod
803 3613 999 3695 fecerit
1032 3632 1125 3673 eos
1166 3617 1307 3675 ﬁlios
1340 3620 1459 3686 Dei,
1489 3620 1583 3676 sed
1618 3623 1761 3691 quod
1794 3630 2034 3689 potesta-

450 3714 558 3762 tem
591 3708 801 3765 dederit
828 3709 910 3765 eis
942 3711 1082 3767 ﬁlios
1118 3710 1212 3769 Dei
1245 3713 1592 3786 ﬁerilCujus
1616 3715 1978 3788 gratiahudi
2014 3732 2029 3771 :

446 3798 583 3867 Quia
634 3815 741 3856 non
777 3802 975 3858 suﬁicit
1002 3803 1069 3859 ad
1101 3805 1402 3861 custodiam
1458 3808 1714 3878 puritatis
1743 3810 2030 3880 baptizari,

448 3891 546 3946 scd
578 3900 633 3949 et
664 3894 829 3950 multo
854 3894 1035 3951 studio
1063 3904 1146 3953 est
1174 3912 1313 3968 opus
1343 3908 1401 3952 ut
1435 3898 1615 3972 imago
1642 3900 1948 3971 adoptionis
1979 3901 2031 3956 in

449 3981 646 4040 Filium
689 3985 806 4053 Dei,
856 3986 1083 4058 ﬁgurata
1113 3987 1166 4043 in
1221 3989 1570 4058 baptismate,
1609 3992 2031 4047 incontaminala

447 4082 698 4130 servetur
723 4095 737 4131 :
764 4076 969 4133 idcirco
992 4080 1147 4135 multi
1181 4081 1398 4151 quidem
1431 4083 1482 4136 in
1509 4082 1780 4155 baptismo
1802 4085 2031 4154 gratiam

448 4179 776 4239 receperunt
828 4172 1155 4242 adoptionis,
1214 4189 1310 4243 per
1357 4175 1630 4246 ignaviam
1683 4189 1864 4231 autem
1928 4192 2031 4230 non

451 4258 665 4314 fuerunt
709 4261 799 4317 lilii
850 4263 943 4318 Dei
994 4279 1165 4334 usque
1212 4265 1278 4320 ad
1313 4264 1500 4320 ﬁneut.
1541 4266 1815 4322 Fortassis
1852 4279 2032 4322 autent

451 4352 574 4423 quis
602 4352 763 4407 etiam
809 4353 912 4409 hoc
958 4355 1158 4411 dixerit
1190 4357 1333 4426 quod
1392 4359 1544 4412 multi
1595 4359 1863 4427 recipiunt
1910 4374 2033 4413 eum

450 4458 549 4514 per
580 4444 681 4499 hoc
708 4445 851 4512 quod
883 4446 1056 4500 solum
1088 4447 1337 4509 credunt,
1364 4448 1550 4516 quales
1578 4457 1705 4501 sunt
1731 4449 1822 4519 qui
1849 4448 2036 4502 dicun-

2132 3247 2314 3312 αῦτὺν,
2353 3247 2556 3301 ἔδωκεν
2594 3245 2779 3308 αὐτοῖς
2808 3245 3055 3312 ἐξουσίαν
3079 3249 3245 3303 τέκνα
3277 3248 3423 3303 Θεοῦ
3451 3248 3694 3317 γενέσθαι.

2133 3338 2288 3402 Τίνες
2321 3339 2378 3392 δέ
2419 3339 2559 3391 εἰσιν
2593 3331 2779 3404 οὖτοις
2825 3338 2887 3391 Οί
2931 3337 3283 3403 πιστεύοντες
3330 3342 3415 3403 εἰς
3445 3340 3506 3392 τὸ
3548 3339 3693 3408 ὄνομα

2132 3431 2321 3487 αὐτοῦ.
2359 3432 2521 3486 Ὥστε
2556 3431 2608 3485 oi
2639 3430 2895 3495 λαϐόντες
2928 3431 3019 3485 τὸν
3050 3431 3224 3501 Λόγον
3271 3434 3371 3488 καὶ
3419 3433 3479 3486 τὸ
3518 3431 3623 3502 φῶς
3646 3430 3696 3484 τὸ

2133 3523 2409 3596 ἀληθινὸν,
2460 3524 2551 3579 διὰ
2582 3525 2681 3595 τῆς
2711 3523 2948 3588 πίστεως
2981 3523 3175 3579 ἔλαϐον
3222 3524 3322 3578 καὶ
3376 3523 3692 3593 ὑπεδέξαντο.

2134 3616 2291 3680 Τίνος
2317 3616 2373 3670 δὲ
2400 3619 2562 3687 χάριν
2591 3615 2692 3670 οὐκ
2719 3610 2898 3680 εἶπεν,
2931 3614 3014 3669 ὅτι
3044 3615 3303 3688 ἐποίησεν
3333 3615 3528 3675 αὐτοὺς
3554 3616 3694 3667 τέκνα

2133 3707 2292 3772 Θεοῦ,
2329 3706 2444 3762 ἀλλ’
2473 3708 2555 3763 δτι
2598 3706 2853 3773 ἐξουσίαν
2902 3707 3103 3764 ἔδωκεν
3149 3708 3335 3772 αὐτοῖς
3389 3707 3546 3767 τέκνα
3579 3706 3691 3761 Θεοῦ

2134 3796 2387 3867 γενέσθαι
2409 3814 2424 3864 ;
2448 3796 2605 3861 Τίνος
2630 3796 2849 3864 ἓνεκεν;
2872 3800 3097 3866 Ἀκουε,
3123 3799 3208 3853 ὅτι
3224 3800 3558 3871 οὺκὲξαρκεί
3581 3797 3690 3869 πρὸς

2133 3892 2234 3963 τὴν
2260 3891 2511 3961 φυλακὴν
2539 3889 2638 3961 τῆς
2672 3890 3049 3963 καθαρότητος
3075 3893 3136 3945 τὸ
3161 3891 3546 3965 βαπτισθῆναι.
3578 3890 3690 3944 ἀλλὰ

2136 3987 2231 4040 καὶ
2279 3984 2482 4054 πολλῆς
2521 3984 2761 4055 σπουδῆς
2807 3985 2989 4056 χρεία,
3024 3984 3167 4040 ὥστε
3196 3987 3296 4056 τὴν
3323 3988 3384 4041 ὲν
3417 3986 3495 4057 τῷ
3520 3983 3688 4055 βαπτί-

2139 4093 2307 4150 σματι
2342 4076 2688 4132 τυπωθείσαν
2728 4078 2911 4131 εἰκόνα
2954 4077 3057 4147 τῆς
3085 4078 3361 4143 υἱοθεσίας
3390 4077 3687 4149 ὰκηλὶδωτην

2135 4171 2484 4242 διαιευλάξαιο
2516 4171 2597 4226 διὸ
2628 4170 2809 4224 πολλοὶ
2838 4170 3032 4223 ἔλαϐον
3057 4171 3157 4240 μὲν
3182 4172 3278 4241 τὴν
3296 4170 3389 4226 διὰ
3415 4171 3503 4225 τοῦ
3528 4168 3687 4241 ﬂami-

2139 4281 2345 4335 σματος
2384 4264 2543 4334 χάριν
2579 4264 2676 4334 τῆς
2727 4263 3020 4327 υἱοθεσίας,
3056 4263 3478 4336 ρᾳθυμήσαντες
3520 4264 3570 4316 δὲ
3603 4261 3682 4314 οὐκ

2137 4357 2387 4426 ἐγένοντο
2439 4358 2606 4412 τέκνα
2648 4354 2783 4410 Θεοῦ
2834 4357 2962 4427 ἄχρι
3011 4358 3215 4423 τέλους.
3253 4361 3409 4431 Τάχα
3458 4359 3585 4416 δ’ἄν
3619 4373 3684 4417 τις

2138 4446 2284 4500 είττοι
2326 4447 2423 4499 καὶ
2458 4447 2639 4509 τοῦτο,
2691 4447 2771 4501 ὅτι
2821 4448 3005 4501 πολλοὶ
3039 4448 3380 4520 λαμϐάνουσι
3430 4451 3523 4521 μὲν
3551 4448 3687 4501 αὐτὸν

453 4547 541 4590 tur
569 4538 966 4605 caterbutneui,
1005 4540 1237 4593 nondum
1264 4549 1442 4593 autem
1477 4539 1601 4595 facti
1629 4550 1757 4596 sunt
1785 4542 1873 4595 lilii
1902 4540 1989 4594 Dei
2014 4559 2027 4606 ;

2135 4541 2222 4595 διὰ
2251 4544 2346 4595 τοῦ
2376 4541 2664 4595 πιστεῦσαι
2692 4541 2870 4612 μόνον,
2894 4536 2995 4596 οἷοί
3018 4545 3153 4596 εἰσιν
3193 4546 3241 4596 οἱ
3269 4544 3544 4614 λεγόμενοι
3565 4545 3685 4596 Και-

451 4639 774 4699 poteslatem
843 4643 1022 4687 autern
1092 4647 1217 4688 tunc
1283 4633 1501 4697 habent,
1573 4650 1695 4689 cum
1769 4635 2034 4690 voluerint

452 4721 736 4792 baptizari,
780 4735 833 4777 et
876 4726 1012 4778 hanc
1065 4727 1293 4792 gratiam
1326 4727 1612 4797 consequi,
1661 4726 2032 4796 adoptionem,

453 4816 692 4886 inquam,
730 4818 779 4871 iu
817 4819 973 4874 ﬁlios.
1002 4817 1153 4872 Dicet
1194 4830 1373 4873 autem
1417 4821 1540 4890 quis
1571 4830 1623 4874 et
1659 4822 1795 4875 hoc:
1831 4819 2035 4886 Quam-

454 4908 535 4961 vis
577 4908 628 4960 iu
665 4908 933 4978 baptismo
965 4910 1277 4979 adoptionis
1326 4912 1647 4993 beneﬁcium
1679 4912 2034 4982 accipiamus,

457 5008 633 5055 tamen
687 5002 829 5071 quod
876 5001 1176 5071 perlectum
1230 5013 1314 5058 est
1372 5005 1424 5058 in
1485 5006 1885 5060 resurrectione
1937 5021 2030 5058 ac-

455 5094 661 5160 cepturi
692 5110 900 5159 sumus,
941 5102 995 5148 et
1040 5095 1495 5165 perfectissimam
1528 5096 1874 5166 adoptionem
1909 5107 2037 5152 tunc

456 5199 773 5255 recepturos
804 5203 899 5241 nos
934 5202 1213 5254 speramus
1245 5207 1259 5243 :
1291 5189 1433 5243 sicut
1482 5199 1536 5243 et
1578 5189 1775 5244 Paulus
1812 5170 2029 5260 inquit:

456 5274 592 5343 Quia
618 5274 974 5350 adoptionem.
996 5278 1229 5333 liliorum
1257 5280 1557 5349 accipimus
1583 5279 1654 5332 ⁵⁷.
1691 5279 2037 5351 Quapropter

457 5376 512 5421 et
548 5367 634 5422 hic
655 5369 982 5440 evangelista
1015 5388 1124 5426 non
1157 5372 1314 5437 dixit,
1349 5392 1368 5424 ι
1407 5372 1685 5444 Quotquot
1721 5383 2036 5443 receperunt

458 5474 608 5524 enim,
648 5478 667 5511 ι
704 5460 833 5515 fecit
869 5475 964 5517 eos
992 5462 1129 5518 ﬁlios
1155 5464 1249 5519 Dei
1300 5481 1313 5518 :
1346 5466 1462 5529 sed,
1504 5485 1523 5517 ι
1564 5465 1719 5520 Dedit
1760 5465 1839 5520 eis
1887 5478 2038 5533 pote-

459 5562 652 5607 statem
696 5553 832 5608 ﬁlios
863 5551 957 5608 Du-i
992 5556 1127 5620 ﬁeri,
1178 5575 1193 5607 ι
1247 5557 1343 5610 hoc
1380 5567 1483 5620 est,
1524 5556 1689 5629 515
1724 5557 1870 5614 dedit
1897 5567 1953 5614 ut
1980 5559 2032 5613 in

460 5644 641 5701 futuro
671 5646 867 5702 saeculo
898 5648 1127 5716 gratiam
1160 5649 1301 5702 illam
1336 5651 1657 5719 suscipiant.

530 5852 574 5884 δ’
597 5852 755 5909 llum.
790 5869 908 5921 vm,
940 5856 1100 5926 25,ιί
1122 5855 1295 5912 Galat.
1320 5871 1390 5922 μ’,
1420 5856 1474 5911 5.

2134 4635 2448 4707 ηχούμενοι,
2517 4635 2670 4689 οὒπω
2702 4636 2759 4689 δὲ
2784 4637 3032 4705 ἐγένοντο
3064 4638 3228 4689 τέκνα
3262 4637 3397 4691 Θεοῦ
3420 4655 3437 4669 ο
3474 4637 3685 4704 ἐξουσέαν

2137 4733 2321 4801 μέντοι
2363 4748 2425 4801 γε
2475 4731 2714 4801 ἔχουσιν,
2761 4733 2809 4784 εί
2866 4733 3141 4801 βούλοιντο
3195 4734 3568 4804 βαπτισθῆναι,
3609 4730 3683 4783 καὶ

2133 4823 2337 4891 ταύτης
2385 4822 2793 4891 καταξιωθῆναι
2849 4823 2949 4892 τῆς
3000 4824 3244 4893 χάριτος,
3306 4826 3405 4895 τῆς
3449 4822 3681 4883 υἱοθεσίας

2134 4914 2297 4984 φημί.
2339 4915 2487 4987 Ἐρεί
2514 4914 2569 4968 δέ
2602 4932 2684 4978 τις
2719 4913 3019 4977 καὶτοῦτο,
3048 4917 3129 4969 ὅτι
3161 4918 3220 4969 Ei
3252 4920 3348 4969 καὶ
3381 4917 3465 4971 διὰ
3500 4916 3581 4969 τοῦ
3601 4913 3680 4982 βα-

2134 5003 2437 5072 πτίσματος
2481 5006 2579 5075 τῆς
2614 5004 2884 5068 υἱοθεσίας
2918 5006 3015 5075 τὴν
3063 5007 3223 5078 χάριν
3258 5008 3534 5077 δεχόμεθα,
3572 5001 3679 5057 ἀλλὰ

2132 5093 2194 5146 τὸ
2219 5093 2423 5146 τέλειον
2454 5095 2511 5146 ἐν
2545 5097 2612 5164 τῇ
2652 5094 2951 5159 ἀναστάσει
2977 5095 3460 5167 ἁπολαμϐἀιομεν,
3493 5098 3574 5151 καὶ
3599 5096 3677 5165 τὴν

2132 5185 2558 5257 ἔντελεστάστην
2616 5186 2885 5241 υἱοθεσίαν
2930 5189 3052 5242 τότε
3108 5190 3399 5261 ἐλπίζομεν
3442 5187 3679 5257 decimis.

2136 5277 2295 5333 σθαι·
2325 5280 2469 5333 καοὰ
2495 5278 2560 5349 δὴ
2585 5280 2682 5332 καὶ
2712 5279 2923 5344 Παῦλός
2947 5297 3113 5349 φησιν
3139 5296 3153 5315 ·
3196 5300 3216 5335 ι
3253 5282 3378 5337 Ὀτι
3412 5284 3504 5353 τὴν
3531 5276 3675 5333 υἱοθε-

2135 5370 2257 5426 σίαν
2293 5370 2733 5442 ἀπεκδεχόμεθα.
2788 5390 2808 5424 ι
2846 5371 2945 5425 Διὰ
2977 5371 3139 5426 τοῦτο
3181 5371 3313 5442 γοῦν
3366 5375 3461 5427 καὶ
3502 5364 3676 5430 obtegi

2143 5463 2535 5533 εὐαγγελιστὴς
2582 5462 2682 5517 οὐκ
2723 5459 2896 5529 εἶπεν,
2956 5464 3040 5518 ὅτι
3082 5463 3240 5519 Ὅσοι
3292 5464 3482 5518 ἔλαϐον
3525 5459 3672 5524 αὑτὸν,

2146 5556 2404 5625 ἐποίησεν
2430 5556 2632 5619 αὐτοὺς
2663 5556 2827 5609 τέκνα
2861 5556 3020 5619 Θεοῦ,
3048 5556 3187 5626 ἀλλ’,
3221 5576 3240 5610 ι
3272 5558 3504 5612 Ἔδωκεν
3529 5555 3673 5613 αὐτοῖς

2147 5648 2398 5713 ἐξουσίαν
2432 5649 2596 5701 τέκνα
2630 5648 2767 5702 Θεοῦ
2816 5649 3090 5717 γενέσθαι,
3136 5670 3152 5702 ι
3189 5650 3482 5716 τουτέστιν,
3526 5651 3573 5700 ἐν
3614 5643 3675 5713 τῷ

2149 5743 2396 5812 μέλλοντι
2432 5740 2587 5795 αἰῶνι
2623 5741 2864 5813 dmi/ﬁdas
2879 5743 2993 5795 σθαι
3028 5742 3231 5813 ταύτην
3254 5744 3350 5814 τὴν
3382 5742 3545 5815 χάριν.
