3960 6454
407 370 548 439 1155

1260 371 1360 431 ΤΗ
1373 366 1830 432 EOPIIYLACTI
1886 365 2078 425 “ULG
2089 363 2288 422 Alii/1".
2328 361 2690 422 ARCHIEP.

3512 354 3652 418 1155

410 502 657 556 gressum
697 499 759 540 ac
786 481 1038 554 capulum
1068 477 1526 548 concupiscentis,
1559 474 1651 545 qui
1683 473 1867 542 operis
1904 479 1986 526 est

2110 488 2191 522 παν
2226 469 2361 541 πρὸς
2412 468 2559 540 μίξιν
2597 467 2692 537 τὴν
2728 465 2937 537 σάρκα³
2974 464 3185 536 θέλημα
3225 464 3282 518 δέ
3327 463 3535 532 ἀνδρὸς,
3568 468 3676 535 τὴν

408 577 754 646 principium.
789 573 977 628 Posuit
1015 579 1198 625 autem
1229 568 1410 634 ambo,
1439 566 1561 636 quia
1603 563 1756 618 multi
1789 577 1992 618 concu-

408 671 621 742 piscunt
675 665 914 735 quidem,
961 675 1018 718 at
1074 676 1179 715 non
1231 659 1415 714 statim
1472 673 1502 712 a
1552 652 1991 724 concupiscentia

409 759 820 821 abstrahuntur,
867 755 961 810 sed
1005 754 1274 823 imperant
1301 749 1404 815 illi,
1448 757 1504 804 et
1536 748 1587 803 in
1613 760 1749 816 opus
1777 759 1883 798 non
1911 743 1992 797 la-

409 854 629 918 buntur.
655 849 921 906 Caeterum
948 846 1038 917 qui
1064 847 1373 908 vincuntur,
1397 841 1474 896 illi
1500 839 1732 910 primum
1769 852 1799 891 a
1828 848 1994 892 carne

409 955 460 998 et
505 942 757 996 titillante
800 936 1239 1008 concupiscentia
1270 932 1519 990 succensi
1552 931 1902 987 concitantur
1936 937 1995 983 ut

410 1033 611 1088 coitum
638 1031 828 1086 velint.
873 1031 1040 1099 Igitur
1081 1035 1227 1082 recte
1263 1022 1508 1093 adjunxit
1541 1021 1870 1094 evangelista
1901 1034 1994 1076 vo-

412 1124 672 1180 luntatem
715 1123 906 1178 carnis
942 1119 1206 1175 voluntati
1252 1117 1378 1183 viri,
1411 1116 1536 1186 quia
1564 1114 1764 1171 coitum
1803 1122 1992 1168 natura

415 1215 668 1282 praecedit
725 1211 1186 1282 concupiscentia,
1237 1219 1291 1264 et
1346 1210 1398 1263 in
1450 1207 1639 1275 copula
1686 1204 1995 1261 necessario

415 1309 726 1380 praecedunt
769 1315 1018 1375 utraque.
1056 1305 1184 1360 Haec
1221 1302 1400 1358 omnia
1428 1300 1570 1356 dicta
1604 1308 1730 1354 sunt
1775 1310 1996 1368 propter

414 1413 510 1453 cos
543 1397 634 1466 qui
686 1395 852 1450 multa
909 1408 1052 1462 saepe
1109 1393 1444 1461 interrogant
1493 1388 1682 1453 stulte,
1736 1387 1994 1456 quoniam

412 1487 634 1558 proprie
664 1484 892 1539 dicendo
925 1499 1029 1538 una
1061 1497 1127 1538 ex
1159 1481 1410 1537 oumibus
1441 1478 1602 1550 515
1641 1478 1996 1533 illis'senten-

417 1583 491 1633 tia
521 1576 849 1640 declaratur,
893 1575 1062 1643 ipsius
1100 1574 1242 1639 dico,
1276 1587 1393 1642 qua:
1427 1574 1480 1626 in
1532 1569 1737 1626 carnali
1782 1579 1865 1624 est
1905 1584 1998 1640 ge-

418 1668 724 1732 neratione,
758 1667 986 1722 vilitatis
1012 1666 1211 1720 clarior
1244 1663 1633 1719 manifestatio.
1661 1661 1802 1728 Quid
1829 1661 1996 1730 igitur

416 1759 537 1830 plus
561 1758 823 1813 habemus
847 1771 965 1823 nos,
995 1757 1084 1824 qui
1109 1756 1162 1809 in
1193 1753 1469 1809 Christum
1500 1751 1796 1816 credimus,
1832 1764 1992 1819 quam

418 1850 675 1906 Israelita:
707 1849 760 1903 in
788 1847 937 1918 lege?
965 1846 1175 1901 Etenim
1204 1853 1258 1900 et
1288 1844 1359 1901 illi
1388 1844 1705 1899 dicebantur
1749 1841 1841 1896 lilii
1878 1839 1994 1894 Dei.

420 1941 672 2010 Iagnum
698 1955 832 1997 sane
864 1941 1008 1994 inter
1034 1953 1131 1992 nos
1151 1947 1206 1992 et
1231 1938 1353 1991 illus
1387 1935 1678 1991 discrimen
1704 1948 1720 1986 :
1744 1932 1999 2003 quoniam

420 2033 506 2088 lex
551 2032 604 2088 in
635 2031 890 2087 omnibus
921 2028 1156 2084 habebat
1179 2028 1425 2081 umbram
1463 2024 1792 2090 futurorum,
1827 2035 2002 2091 neque

420 2123 759 2194 adoptionem
794 2121 1029 2175 liliorum
1058 2119 1151 2174 Dei
1192 2119 1354 2173 dabat
1397 2115 1678 2183 lsraelitis,
1714 2115 1808 2171 sed
1845 2113 2000 2184 quasi

418 2214 474 2270 in
507 2213 677 2284 ﬁgura
718 2221 772 2267 et
823 2220 971 2281 typo,
1011 2224 1110 2265 nos
1139 2217 1318 2264 autem
1357 2206 1653 2262 secundum
1700 2205 2001 2270 veritatem,

419 2312 643 2374 accepto
667 2301 873 2371 Spiritu
894 2299 985 2354 Dei
1007 2315 1104 2368 per
1125 2299 1412 2368 baptisma,
1434 2297 1770 2351 clamamus:
1798 2310 1818 2344 ι
1848 2291 2001 2347 Abba

418 2394 581 2452 Pater
601 2393 671 2449 ⁸⁸.
698 2411 718 2446 ›
745 2391 899 2446 Sicut
917 2399 1093 2445 autem
1112 2389 1322 2444 illorum
1348 2386 1619 2456 baptisma
1651 2385 1708 2440 in
1730 2383 1918 2438 umbra
1948 2391 2004 2437 et

389 2508 392 2512 -
421 2485 476 2538 in
512 2484 681 2553 ﬁgura
717 2491 856 2547 erat,
905 2481 978 2535 ita
1009 2489 1064 2534 et
1098 2479 1318 2549 adoptio
1346 2486 1586 2533 nostram
1622 2489 1836 2547 quoque
1867 2488 2003 2544 prae-

425 2575 712 2644 ﬁgurabat.
732 2573 1025 2642 Propterea
1051 2571 1299 2642 quamvis
1320 2571 1498 2626 vocati
1528 2568 1731 2623 fuerint
1755 2567 1872 2630 lilii,
1899 2567 2002 2620 hoc

429 2676 608 2721 tamen
635 2665 862 2734 contigit
885 2663 964 2719 eis
993 2664 1044 2718 in
1074 2663 1288 2731 umbra,
1312 2675 1487 2733 neque
1513 2661 1565 2715 in
1598 2659 1826 2715 veritate
1853 2671 2004 2711 eam-

424 2757 544 2811 dem
571 2756 801 2810 tlliorum
824 2755 1168 2826 adoptionem
1195 2753 1526 2820 habuerunt,
1543 2765 1706 2822 quam
1732 2763 1834 2806 nos
1860 2761 2002 2803 nunc

425 2860 522 2917 per
553 2845 843 2916 baptisma.

498 3125 670 3214 Vens.
696 3122 783 3214 ll.
819 3138 841 3175 ι
972 3119 1206 3177 Verbum
1233 3133 1384 3214 caro
1407 3119 1606 3214 factum
1641 3124 1761 3214 est.
1793 3135 1815 3172 ι
1852 3115 2005 3214 i’ost-
2035 3152 2084 3214 ο

427 3229 592 3286 quam
622 3213 758 3268 dixit
807 3213 950 3282 quod
995 3226 1093 3268 nos
1125 3210 1408 3268 credentes
1446 3210 1504 3267 in
1527 3211 1800 3267 Christum
1827 3209 1874 3266 si
1909 3225 2009 3265 vu-

434 3305 719 3371 lneri-tus,
790 3301 1089 3358 cﬂiciamur
1141 3301 1234 3356 lilii
1284 3300 1400 3367 Dei,
1453 3300 1724 3356 snbiniert
1766 3313 1911 3354 nunc
1959 3307 2014 3354 et

429 3413 652 3456 causam
700 3398 834 3452 tanti
878 3396 1023 3452 boni.
1075 3395 1214 3450 Dicit
1247 3397 1394 3450 enim
1430 3409 1446 3453 ;
1487 3393 1581 3450 Vis
1618 3393 1826 3448 discere
1884 3393 2012 3463 quid

437 3490 744 3546 conciliarit
798 3489 957 3543 nobis
1003 3489 1143 3542 hanc
1193 3487 1532 3556 adoptionem
1571 3485 1628 3540 in
1653 3485 1833 3541 ﬁlios?
1876 3484 2013 3551 Quia

450 3598 470 3632 ι
506 3577 740 3636 Verbum
775 3592 903 3632 caro
947 3575 1146 3632 factum
1183 3585 1286 3632 est.
1320 3593 1338 3628 ι
1372 3574 1594 3642 Quando
1612 3585 1791 3630 utem
1826 3576 2014 3630 audie-

433 3669 510 3726 ris
559 3669 700 3739 quod
765 3665 995 3725 Verbum
1051 3682 1182 3723 caro
1231 3667 1430 3723 factum
1477 3678 1599 3734 est,
1667 3683 1734 3724 ne
1775 3669 2015 3738 opineris

432 3761 578 3833 quod
611 3776 641 3814 a
677 3775 774 3816 sua
825 3770 1019 3815 natura
1054 3760 1350 3826 destiterit,
1381 3769 1436 3816 et
1458 3761 1510 3815 in
1546 3775 1764 3816 carnem
1797 3775 2014 3818 versum

434 3854 526 3909 sit.
582 3852 767 3922 Neque
797 3853 942 3907 enim
999 3851 1140 3907 Deus
1177 3851 1391 3917 fuisset,
1423 3851 1468 3906 si
1499 3866 1713 3907 versum
1741 3861 1795 3906 et
1813 3853 2014 3908 altera-

437 3955 548 4000 tum
579 3944 807 4009 fuisset;
835 3947 928 3999 sed
963 3960 1184 4001 niaiiens
1207 3946 1351 4014 quod
1369 3954 1509 4010 erat,
1533 3943 1735 4000 factum
1765 3953 1848 4000 est
1873 3943 2014 4014 quod

433 4054 543 4095 non
567 4049 711 4093 erat.
743 4037 1111 4108 Apollinarius
1154 4046 1335 4092 autem
1377 4036 1716 4093 Laodicenus
1755 4037 1881 4092 hinc
1908 4036 2016 4090 hae-

438 4130 601 4183 resim
653 4127 932 4184 excitavit.
1003 4127 1204 4198 Dogma
1249 4126 1532 4196 enimejus
1559 4135 1700 4190 erat,
1730 4127 2014 4198 Dominum

439 4227 494 4272 et
518 4217 686 4272 Deum
714 4226 958 4274 nostrum
989 4231 1093 4272 non
1134 4216 1436 4286 suscepisse
1465 4215 1757 4286 perfectam
1781 4215 2016 4272 hominis

439 4322 708 4378 naturam,
748 4311 999 4367 videlicet
1069 4324 1268 4380 corpus
1332 4325 1456 4366 cum
1505 4311 1684 4366 anima
1741 4311 2014 4378 rationali,

437 4405 534 4462 sed
591 4418 810 4460 carnem
865 4403 1034 4459 solam
1096 4403 1351 4459 mentalis
1397 4411 1455 4459 et
1503 4401 1786 4458 rationalis
1817 4405 2013 4457 animm

2023 1807 2072 1867 B

2095 562 2232 630 πρὸς
2266 562 2355 616 τὸν
2391 559 2730 630 συνδυασμδν
2760 557 2854 611 τοῦ
2909 556 3308 629 ἐπιθυμοῦντος
3339 557 3678 622 συγκατάθεο

2097 669 2204 717 σιν,
2222 653 2342 722 ἧτις
2365 650 2620 723 ἀρχὴτῆς
2639 649 2913 720 πράξεως,
2941 647 3148 719 Ἔθηκε
3169 647 3226 702 δέ
3249 649 3342 701 καὶ
3362 648 3473 718 ep;
3485 650 3675 716 ότερα,

2095 744 2177 797 ὅτι
2209 743 2392 798 πολλοὶ⁹
2419 743 2748 814 ἐπιθυμοῦσι
2801 743 2921 813 μὲν,
2964 741 3024 794 ού
3052 743 3160 812 μὴν
3206 741 3370 804 εὐθὺς
3409 741 3500 794 καὶ
3541 758 3676 793 συν-

2095 834 2401 902 απάγονται
2427 836 2492 905 τῇ
2519 833 2813 905 ἐπιθυμίᾳ·
2848 833 2986 887 ἀλλὰ
3013 832 3420 905 κατακρατοῦσι
3444 831 3678 900 ταύτης,

2095 927 2190 980 καὶ
2215 926 2350 997 πρὸς
2372 926 2470 996 τὴν
2500 925 2698 996 πρᾶξιν
2729 927 2830 979 οὐκ
2859 925 3277 980 ὀλισθαίνουσιν.
3307 925 3458 977 Ὅσοι
3490 922 3548 976 δὲ
3581 927 3683 995 ἠτ-

2093 1018 2317 1084 τῶνται,
2351 1019 2548 1072 ἐκεῖνοι
2578 1018 2794 1088 πρῶτον
2826 1017 2932 1070 ὑπὸ
2963 1018 3060 1089 τῆς
3104 1011 3310 1091 σαρκὸς
3355 1019 3448 1070 καὶ
3478 1018 3577 1088 τῆς
3616 1020 3683 1071 ἐν

2094 1111 2268 1183 ταύτῃ
2303 1110 2728 1182 ύποσμυχούσης
2782 1110 3078 1181 ἐπιθυμίας
3109 1109 3506 1180 διακαιόμενοι,
3543 1111 3684 1182 πρδς

2095 1203 2156 1255 τὸ
2205 1200 2381 1254 θέλειν
2455 1201 2685 1272 μιγῆναι
2735 1203 3117 1272 ἐκτρέπονται.
3179 1202 3472 1265 Εύτάκτως
3527 1201 3621 1256 οῦν
3653 1203 3684 1254 ό

2097 1291 2488 1364 εύαγγελιστὴς
2537 1293 2597 1346 τδ
2639 1292 2852 1364 θέλημα
2889 1292 2988 1363 τῆς
3033 1290 3234 1363 σαρκὸς
3278 1291 3544 1363 προέταξε
3579 1290 3683 1344 τοῦ

2099 1381 2402 1452 θελήματος
2433 1381 2526 1436 τοῦ
2571 1381 2800 1453 ἀνδρὸς,
2831 1381 2905 1444 ὡς
2942 1381 3042 1450 τῆς
3087 1382 3385 1452 ἐπιθυμίας
3429 1382 3684 1451 φυσικῶς

2099 1472 2522 1544 προηγουμένης
2571 1475 2672 1545 τῆς
2703 1472 2921 1545 μίξεως,
2969 1473 3063 1527 καὶ
3094 1473 3421 1543 ἀμφοτέρων
3453 1472 3551 1526 ἐπὶ
3584 1474 3684 1525 τοῦ

2101 1565 2439 1636 συνδυασμοῦ
2493 1567 2898 1638 συντρεχόντων
2943 1565 3001 1634 ἐξ
3056 1566 3327 1637 ἀνάγκης.
3387 1565 3572 1621 Ταῦτα
3623 1565 3687 1618 δὲ

2101 1659 2278 1712 πάντα
2307 1659 2524 1730 εἴρηται
2555 1659 2644 1714 διὰ
2669 1660 2794 1722 τοὺς
2820 1659 2888 1713 τά
2919 1658 3120 1729 ἀνόητα
3149 1659 3415 1723 πολλάκις
3437 1659 3688 1730 ἐρωτῶν-

2099 1769 2196 1816 τας
2215 1765 2230 1780 ·
2255 1752 2398 1816 ἐπεὶ,
2431 1752 2491 1806 τό
2525 1769 2590 1822 γε
2617 1751 2950 1824 κυριώτερον
2985 1753 3184 1816 εἰπεῖν,
3222 1751 3320 1823 μία
3344 1751 3435 1806 διὰ
3459 1751 3688 1806 πάντων

2101 1826 2304 1895 τούτων
2334 1841 2512 1896 ἐννοια
2557 1841 2835 1913 δηλοῦται,
2882 1842 3027 1912 φημὶ
3073 1841 3160 1914 δὴ,
3197 1842 3231 1912 ὴ
3281 1842 3383 1911 τῆς
3414 1841 3508 1894 τοῦ
3546 1857 3688 1910 σαρ-

2104 1933 2260 1987 κικοῦ
2289 1935 2453 1987 τόπου
2486 1933 2764 1998 εὐτελείας
2791 1933 3051 2004 ἔμφασις.
3077 1933 3144 1988 Τί
3171 1928 3264 1986 οὖν
3293 1932 3452 1986 πλέον
3483 1933 3689 2003 ἔχομεν

2101 2027 2149 2078 οί
2179 2026 2258 2088 είς
2290 2025 2531 2095 Χριστὸν
2549 2023 2901 2089 πιστεύοντες
2922 2025 3029 2078 τῶν
3052 2026 3109 2077 ἐν
3131 2022 3210 2095 τῷ
3236 2023 3388 2095 νόμῳ
3416 2023 3687 2093 Ἰσραηλι-

2101 2115 2248 2182 τῶν;
2284 2115 2396 2168 Καὶ
2423 2114 2802 2186 γὰρξκάκεϊνοι
2832 2116 2938 2168 υίοὶ
2968 2113 3108 2167 Θεοῦ
3135 2112 3407 2183 ἐλέγοντο.
3444 2113 3587 2167 Πολὺ
3621 2113 3688 2166 τὸ

2103 2209 2361 2281 διάφορον
2388 2209 2545 2282 ημῶν
2572 2209 2866 2264 κάκείνων.
2901 2209 3056 2263 Ἐπεὶ
3083 2208 3196 2281 γὰρ
3226 2209 3255 2261 ὁ
3281 2208 3442 2279 νόμος
3467 2209 3527 2261 ἐν
3551 2208 3687 2262 πᾶσι

2106 2303 2266 2356 σκιὰν
2298 2297 2414 2373 εἶχε
2447 2303 2556 2356 τῶν
2591 2300 2921 2373 μελλόντων,
2950 2301 3070 2356 οὐδὲ
3101 2299 3201 2372 τὴν
3234 2298 3507 2354 υἱοθεσίαν
3536 2298 3685 2370 ἔχειν

2105 2393 2276 2448 ἐδίδου
2302 2395 2414 2458 τοῖς
2451 2393 2841 2464 Ἰσραηλίταις,
2877 2391 2995 2448 ἀλλ’
3017 2393 3092 2458 ὡς
3125 2393 3185 2446 ἐν
3219 2390 3372 2462 τύπῳ
3413 2392 3506 2446 καὶ
3552 2394 3687 2461 σχή-

2108 2503 2269 2554 ματι·
2315 2488 2478 2558 ἡμεῖς
2515 2486 2573 2540 δὲ
2605 2487 2749 2540 κατὰ
2776 2486 3037 2558 ἀλήθειαν
3064 2485 3321 2550 λαϐόντες
3361 2486 3422 2538 τὸ
3457 2483 3688 2555 Πνεῦμα

2103 2571 2199 2625 τοῦ
2229 2572 2364 2626 Θεοῦ
2389 2574 2480 2627 διά
2513 2573 2606 2628 τοῦ
2641 2573 3035 2646 βαπτίσματος,
3069 2575 3371 2646 κράζομεν·
3400 2593 3419 2627 ι
3459 2575 3628 2628 Ἀϐϐςῑ
3658 2576 3687 2626 ὁ

2107 2664 2318 2736 Πατήρ.
2364 2684 2383 2718 ι
2436 2664 2700 2729 Ἐκείνοις
2734 2666 2792 2720 δέ
2824 2666 3016 2738 ὥσπερ
3050 2666 3110 2719 τὸ
3151 2667 3433 2737 βάπτισμα
3456 2666 3686 2719 τυπικδν

2103 2751 2173 2829 ἦν
2207 2759 2304 2811 καὶ
2333 2758 2582 2825 σκιῶδες,
2617 2758 2761 2814 οὕτω
2788 2761 2884 2813 καὶ
2916 2762 2949 2830 ἠ
2994 2759 3243 2814 υἱοθεσία
3277 2762 3375 2832 τὴν
3403 2760 3684 2833 ἡμετέραν

2106 2850 2486 2921 προτυποῦσα.
2514 2851 2634 2906 Κᾶν
2657 2850 2749 2906 οῦν
2770 2853 2878 2906 olet
2909 2852 3222 2917 ἐκαλοῦντο,
3254 2852 3388 2906 ἀλλὰ
3419 2851 3684 2915 σκιωὸῶς,

2106 2943 2204 2996 καὶ
2252 2944 2353 2998 οὐκ
2390 2943 2563 3014 αὐτὴν
2604 2943 2704 3016 τὴν
2751 2943 3014 3016 ἀλήθειαν
3054 2947 3154 3015 τῆς
3195 2945 3470 3008 υἱοθεσίας
3513 2939 3682 3016 εἶχον,

2105 3035 2182 3101 ὡς
2211 3038 2373 3106 ἡμεῖς
2408 3035 2503 3090 νῦν
2531 3036 2621 3090 διά
2653 3034 2748 3090 τοῦ
2785 3036 3178 3108 βαπτίσματος.

2189 3142 2210 3178 ι
2255 3125 2366 3180 Καὶ
2396 3127 2424 3178 ὁ
2455 3126 2628 3194 Λόγος
2653 3126 2792 3198 σὰρξ
2835 3126 3070 3196 ἐγένετο.
3111 3145 3130 3179 ι
3163 3125 3346 3181 Εἰπὼν
3385 3129 3467 3186 ὅτι
3515 3128 3682 3181 τέκνα

2112 3216 2376 3289 γινόμεθα
2403 3219 2563 3284 Θεοῦ,
2595 3220 2643 3271 εί
2667 3219 2919 3289 θέλομεν,
2946 3220 2996 3273 οί
3023 3218 3417 3282 πιστεύσαντες
3444 3220 3525 3283 είς
3543 3219 3686 3291 Χρι-

2115 3311 2265 3375 στὸν,
2299 3310 2553 3382 ἐπιφέρει
2586 3311 2681 3365 καὶ
2707 3309 2806 3382 τὴν
2843 3312 3025 3364 αίτίαν
3053 3311 3148 3364 τοῦ
3193 3310 3512 3381 τηλικούτου
3543 3313 3684 3379 ἀτα-

2115 3399 2232 3457 θοῦ.
2262 3401 2329 3456 Τί
2357 3403 2486 3474 γὰρ,
2514 3403 2670 3474 φησὶ,
2696 3403 3063 3474 προεξένησεν
3093 3403 3226 3477 ἡμῖν
3255 3403 3353 3474 τὴν
3404 3403 3687 3456 υίοθεσίαν

2114 3495 2338 3568 ταύτην,
2369 3495 2549 3566 βούλει
2567 3496 2757 3568 μαθεῖν
2775 3515 2792 3565 ;
2813 3497 2886 3550 To
2907 3496 2998 3550 τὸν
3017 3497 3188 3565 Λόγον
3211 3497 3388 3569 σάρκα
3407 3495 3686 3565 γενέσθαι.

2116 3584 2286 3639 Ὅταν
2305 3587 2362 3640 δὲ
2391 3585 2650 3659 ἀκούσῃς,
2682 3587 2764 3641 ὅτι
2801 3605 2820 3640 ι
2853 3587 2999 3658 Σὰρξ
3018 3587 3256 3656 ἐγένετο,
3303 3605 3322 3639 ι
3358 3587 3436 3658 μὴ
3457 3587 3688 3660 νομίσῃς

2115 3677 2196 3732 ὅτι
2224 3676 2415 3750 ἐξέστη
2436 3679 2535 3750 τῆς
2555 3678 2761 3744 οίκείας
2783 3677 3024 3748 φύσεως,
3046 3679 3140 3733 καὶ
3161 3680 3371 3752 ἐτράπη
3387 3682 3467 3742 είς
3487 3679 3686 3750 σάρκα·

2117 3770 2179 3824 ού
2208 3770 2317 3842 γὰρ
2350 3770 2417 3826 ἂν
2447 3771 2582 3837 Θεὸς
2628 3767 2720 3844 ἦν,
2775 3773 2935 3845 εἴπερ
2965 3773 3227 3845 ἐτρέπετο
3261 3773 3356 3826 καὶ
3387 3771 3687 3840 ἠλλοιοῦτοο

2117 3862 2230 3918 ἀλλ’
2261 3864 2342 3917 δτι
2377 3863 2555 3935 μένων
2587 3864 2616 3919 δ
2643 3861 2730 3937 ἦν,
2763 3865 2980 3936 ἐγένετο
3033 3865 3064 3919 ὃ
3111 3867 3210 3920 ούκ
3241 3859 3329 3938 ἦν.
3376 3863 3690 3918 ’Δπολλινά-

2117 3971 2234 4027 ριος
2258 3954 2364 4008 δὲδ
2405 3955 2704 4021 Λαοδικεὺς
2742 3940 2995 4012 ἐντεῦθεν
3032 3958 3247 4030 αἵρεσιν
3293 3957 3685 4030 συνεστήσατο.

2131 4045 2489 4117 Ἐδογμάτισε
2519 4047 2628 4120 γάρ
2659 4049 2740 4104 ὅτι
2779 4049 2807 4103 ό
2844 4049 3049 4122 Κύριος
3079 4051 3174 4104 καὶ
3218 4050 3356 4116 Θεὸς
3410 4050 3569 4122 ἡμῶν
3591 4050 3691 4104 οὐκ

2118 4136 2349 4191 ἀνέλαϐε
2399 4137 2499 4209 τὴν
2556 4139 2652 4192 τοῦ
2705 4139 2992 4211 ἀνθρώπου
3031 4141 3194 4210 φύσιν
3244 4142 3482 4205 τελείαν,
3522 4143 3692 4212 ἧγουν

2119 4228 2278 4298 σῶμα
2313 4229 2452 4298 μετὰ
2483 4226 2659 4299 ψυχῆς
2691 4228 2936 4300 λογικῆς,
2965 4230 3102 4285 ἀλλὰ
3137 4231 3316 4304 σάρκα
3349 4231 3539 4302 μόνην,
3585 4231 3695 4299 ψυ-

2118 4319 2220 4389 χῆς
2255 4317 2482 4388 λογικῆς
2513 4319 2606 4372 καὶ
2645 4322 2840 4392 νοερᾶς
2883 4321 3131 4392 ἄμοιρον.
3162 4323 3228 4375 Τί
3271 4323 3381 4394 γάρ
3409 4322 3639 4396 ἔχρῃζεν
3664 4324 3694 4375 ό

2117 4410 2249 4473 Θεὸς
2279 4410 2377 4482 τῆς
2400 4410 2600 4482 ψυχῆς,
2650 4411 2788 4488 ἔχων
2827 4413 2926 4485 τὴν
2957 4413 3188 4484 θεότητα
3237 4414 3599 4486 κυϐερνῶσαν
3630 4417 3689 4468 τὸ

441 4505 743 4570 expertem.
795 4493 934 4564 Quid
985 4494 1129 4552 enim
1185 4508 1320 4564 opus
1375 4493 1605 4550 habebat
1633 4495 1813 4550 anima
1852 4494 2007 4561 Deusl

2125 4501 2307 4572 σῶμα,
2339 4501 2399 4558 ὃν
2429 4503 2625 4573 τρόπον
2651 4503 2847 4574 ἔχομεν
2870 4505 3035 4574 ἡμεῖς
3079 4503 3179 4575 τὴν
3206 4505 3386 4576 ψυχὴν
3410 4505 3694 4574 διεξάγου-

440 4590 638 4660 inquit,
669 4590 758 4660 qui
793 4589 1030 4645 habebat
1055 4588 1341 4654 deitatem,
1370 4603 1490 4658 quae
1527 4588 1858 4659 gubernabat
1905 4603 2020 4643 cor-

439 4693 562 4747 pus,
619 4678 761 4732 sicut
812 4691 912 4732 nos
969 4676 1230 4732 habemus
1282 4675 1519 4730 animam
1552 4691 1748 4744 corpus
1773 4683 2015 4730 nostrum

439 4769 760 4839 dirigentem
789 4767 814 4822 ?
861 4766 1102 4826 Habebat
1133 4777 1314 4824 autem
1338 4781 1550 4832 ansam,
1581 4776 1638 4820 ut
1664 4766 2018 4822 existimaba-

436 4868 546 4927 tur,
577 4877 642 4916 ex
669 4862 926 4932 praemi
952 4861 1120 4925 dicto.
1161 4879 1180 4913 ι
1234 4861 1304 4915 Et
1359 4858 1594 4916 Verbum
1643 4873 1770 4914 caro
1812 4857 2014 4913 factum

438 4961 545 5010 est.
595 4971 615 5005 ι
663 4953 778 5008 Non
818 4954 983 5019 enim,
1006 4953 1202 5025 inquit,
1243 4951 1425 5007 dixit:
1470 4970 1489 5004 ι
1524 4951 1592 5006 Et
1636 4950 1836 5006 factum
1871 4961 1952 5006 est
1993 4968 2014 5003 ι

441 5044 626 5111 homo,
676 5046 794 5114 sed,
834 5064 854 5098 ι
892 5061 1019 5103 caro
1075 5064 1096 5099 ι
1135 5063 1149 5100 :
1179 5054 1235 5101 et
1265 5045 1337 5100 ita
1365 5058 1475 5100 non
1510 5043 1752 5112 suscepit
1774 5043 2012 5099 animam

437 5151 560 5204 qua:
578 5137 742 5194 habet
769 5147 1005 5195 mentem
1035 5153 1098 5194 ac
1131 5135 1418 5204 rationem,
1449 5134 1543 5192 sed
1571 5149 1786 5189 carnem
1816 5135 2020 5204 absque

442 5238 622 5283 mente
637 5238 689 5284 et
703 5231 928 5286 ratione.
949 5229 1235 5300 lgnorabat
1247 5237 1426 5283 autem
1441 5225 1761 5281 miserabilis
1774 5225 1861 5282 ille
1876 5229 2019 5296 quod

444 5317 722 5388 Scriptura
752 5321 1059 5392 plerumque
1088 5337 1118 5377 a
1147 5330 1300 5392 parte
1337 5328 1508 5376 totum
1540 5317 1805 5384 nominet,
1835 5328 2020 5388 utpote

442 5421 926 5467 commemoratum
979 5421 1145 5466 totum
1185 5404 1501 5473 hominem,
1552 5423 1583 5462 a
1631 5418 1806 5476 parte,
1834 5409 2011 5463 anima

443 5503 669 5567 scilicet,
699 5503 872 5572 ipsum
903 5503 1141 5560 nominat
1167 5521 1182 5558 :
1207 5512 1286 5570 ut,
1311 5521 1330 5554 ι
1363 5499 1550 5560 Omnis
1569 5502 1746 5554 anima
1764 5514 1883 5570 quae
1903 5514 2011 5554 non

443 5594 866 5659 circumciditur,
887 5594 1165 5658 occidatur
1188 5595 1253 5648 δ’.
1280 5612 1299 5645 ι
1329 5593 1466 5652 Ecce
1494 5590 1638 5652 enim
1674 5605 1770 5661 pro
1787 5605 1851 5650 eo
1873 5591 2013 5660 quod

516 5771 560 5802 “
594 5770 746 5827 ltum.
779 5787 890 5838 vm,
923 5771 985 5825 l5
1017 5781 1068 5825 et
1099 5769 1274 5823 Galat.
1309 5783 1379 5834 IV,
1403 5769 1458 5824 6.
1535 5771 1578 5802 ’δ’
1603 5771 1736 5826 Gen.
1766 5787 1897 5838 xt'tt,
1924 5773 2012 5826 Μ.

2122 4610 2221 4646 σαν
2271 4594 2332 4646 τὸ
2366 4594 2523 4664 ἡμῶν
2569 4595 2768 4664 σῶμας
2817 4592 2944 4667 Εῐχε
2991 4595 3050 4650 δέ
3107 4597 3190 4661 είς
3231 4597 3577 4668 ἐπικουρίαν,
3619 4598 3692 4661 ὡς

2119 4681 2274 4754 ᾤετο,
2296 4682 2356 4736 τὸ
2391 4682 2564 4754 παρὸν
2590 4685 2773 4755 ρητόνο
2811 4704 2831 4738 ι
2870 4687 2979 4740 Καὶ
3003 4687 3033 4741 6
3061 4688 3234 4758 Λόγος
3259 4687 3394 4762 σάρξ
3415 4689 3684 4758 ἐγένετο.»

2120 4772 2197 4826 Ού
2245 4773 2375 4844 γὰρ,
2429 4774 2616 4843 φησιν,
2683 4773 2858 4840 εἶπεν,
2923 4776 3008 4832 ὅτι
3067 4777 3390 4848 Ἄνθρωπος
3447 4779 3688 4847 ἐγένετο,

2121 4863 2278 4927 ἀλλὰ,
2320 4881 2338 4917 ι
2370 4863 2524 4934 σάρξ.
2551 4884 2571 4918 ι
2607 4865 2769 4918 Ὥστε
2796 4866 2896 4918 ούκ
2921 4866 3151 4921 ἀνέλαϐε
3175 4867 3356 4938 ψυχὴν
3384 4866 3508 4922 νοῦν
3535 4869 3689 4938 έχουο

2121 4969 2218 5007 σαν
2250 4954 2343 5007 καὶ
2364 4953 2542 5024 λόγον,
2571 4954 2707 5010 ἀλλὰ
2731 4956 2909 5028 σάρκα
2933 4958 3095 5012 άνουν
3117 4959 3210 5011 καὶ
3233 4959 3444 5028 ἄλογον.
3481 4957 3690 5027 Ἠγνόει

2115 5043 2172 5098 δὲ
2205 5044 2316 5119 ἄρα
2343 5048 2371 5100 ό
2405 5047 2656 5111 ἐλεεινὸς,
2683 5047 2766 5102 ὅτι
2788 5049 2822 5119 ἡ
2853 5049 3043 5122 Γραφὴ
3072 5049 3182 5104 ἀπὸ
3208 5050 3302 5104 τοῦ
3333 5051 3536 5122 μέρους
3560 5051 3692 5111 πολ.

2115 5136 2273 5201 λάκις
2297 5137 2554 5208 ὀνομάζει
2583 5139 2644 5192 τὸ
2693 5138 2841 5193 ὅλονο
2870 5135 3005 5205 οἷον,
3043 5139 3315 5211 μέλλουσα
3341 5141 3686 5212 ἐπιμνησθῆο

2117 5243 2204 5280 ναι
2231 5227 2517 5298 ἀνθρώπου
2569 5228 2711 5291 ὅλον,
2766 5229 2873 5283 ἀπὸ
2920 5230 3145 5300 μέρους,
3203 5230 3302 5300 τῆς
3331 5230 3508 5301 ψυχῆς
3546 5231 3688 5301 λόγῳ

2117 5317 2372 5389 ὀνομάζει
2405 5319 2565 5373 αὐτόν
2593 5337 2604 5350 ·
2657 5316 2789 5384 οἷον,
2831 5338 2848 5371 ι
2891 5322 3047 5375 Πᾶσα
3071 5321 3239 5394 ψυχὴ,
3284 5323 3407 5393 ἥτις
3438 5323 3500 5376 ού
3532 5340 3686 5392 περι-

2110 5409 2322 5480 τμηθῇ,
2352 5410 2716 5468 θανατούσθω.
2754 5431 2772 5464 ι
2794 5412 2922 5466 Ἰδοὺ
2949 5413 3057 5484 γάρ
3084 5414 3208 5469 ἀντὶ
3230 5415 3324 5469 τοῦ
3350 5415 3546 5478 εἰπεῖν,
3578 5417 3684 5478 πᾶς

2120 5499 2426 5572 ἄνθρωπος,
2455 5496 2577 5556 εἷπε
2605 5501 2666 5554 τὸ
2695 5501 2878 5572 μέρος,
2916 5504 3019 5572 τὴν
3063 5503 3243 5575 ψυχὴν
3262 5503 3552 5573 λέγω.Καὶ
3584 5506 3684 5558 πάι

2122 5592 2204 5648 λιν
2238 5591 2343 5648 ἀπὸ
2368 5591 2467 5663 τῆς
2494 5593 2693 5664 σαρκὸς
2709 5592 2964 5665 ὀνομάζει
2989 5593 3049 5647 τὸ
3075 5594 3217 5662 ὅλον,
3259 5595 3335 5661 ὡς
3366 5597 3493 5651 ὅταν
3515 5595 3642 5664 λέγῃ⁸
3666 5610 3678 5625 ·
