3960 6454
465 380 604 448 1159

1347 385 1934 450 THEOPHYLACTI
1978 389 2391 454 ΒυιϐΛΒῙίΕ
2432 395 2793 459 ARCHILP.

3586 406 3725 474 1160

461 498 681 550 tionem.
718 492 774 549 In
800 493 944 548 hunc
974 507 1035 550 se
1067 492 1284 549 modunt
1321 500 1551 553 mendax
1582 498 1866 570 phantasia
1897 518 2010 558 sem

2116 509 2338 580 ,τασία.
2386 512 2623 567 ’Ἄτοπον
2653 514 2762 582 γὰρ
2823 516 2918 569 καὶ
2971 514 3201 585 ἀνόητον
3252 517 3556 586 πιστεύειν,
3588 522 3664 586 ὡς
3705 528 3736 579 6

459 602 557 656 per
586 593 849 640 ostentat.
913 601 933 636 ι
997 583 1063 638 Ει
1092 584 1356 641 habitavit
1390 587 1442 641 iu
1481 591 1659 646 nobis.
1709 610 1727 643 ι
1777 592 2038 658 Quoniam

456 693 620 746 supra
682 677 911 742 dixerat,
950 695 969 729 ι
999 674 1235 732 Verbum
1278 692 1408 732 caro
1475 679 1678 736 factum
1725 694 1844 751 est,
1898 705 1916 737 ι
1984 697 2040 740 ut

454 783 521 821 ne
579 768 700 835 quis
782 769 1092 838 suspicetur
1150 770 1293 838 quod
1349 787 1452 824 una
1517 781 1706 826 natura
1767 774 1909 830 facta
1968 779 2040 832 sit

452 857 720 921 Christus,
759 859 880 914 ideo
917 862 1124 926 subdit,
1168 879 1186 914 ι
1218 859 1284 915 Ει
1316 864 1577 918 habitavit
1601 865 1652 919 in
1688 865 1866 933 nobis,
1928 887 1946 919 ι
1981 879 2038 923 ut

451 951 702 1004 ostendat
748 953 882 1006 duas
939 962 1185 1019 naturas,
1228 967 1469 1009 nostram
1507 957 1734 1023 scilicet,
1768 975 1830 1014 ac
1855 959 2034 1016 Verbi.

449 1041 585 1096 Nam
618 1043 759 1097 sicut
790 1044 1014 1098 alterius
1062 1056 1267 1099 natura:
1292 1055 1379 1100 est
1419 1049 1845 1116 tabernaculum,
1877 1061 1932 1106 et
1959 1055 2038 1108 al-

450 1134 618 1186 terius
650 1134 695 1186 is
739 1133 828 1202 qui
877 1135 1142 1186 inhabitat
1187 1135 1239 1188 in
1274 1149 1375 1189 eo:
1408 1136 1479 1189 ita
1506 1147 1561 1191 et
1598 1137 1830 1192 Verbum
1869 1140 1919 1192 in
1943 1155 2038 1194 no.

451 1225 535 1278 bis
586 1226 830 1280 habitare
883 1229 1102 1294 dicitur,
1149 1227 1250 1282 hoc
1285 1238 1390 1294 est,
1447 1231 1501 1284 in
1538 1241 1717 1285 nostra
1745 1241 1956 1301 natura,
1981 1245 2036 1289 et

448 1318 674 1371 alterius
706 1317 865 1388 517
908 1331 990 1373 est
1021 1333 1227 1374 natura:
1257 1338 1416 1390 quam
1442 1325 1512 1377 sit
1560 1335 1768 1379 nostra.
1791 1326 2033 1380 Confun-

446 1407 644 1462 dantur
693 1411 954 1474 Armenii,
983 1415 1072 1480 qui
1099 1429 1259 1466 unam
1307 1414 1493 1468 colunt
1540 1427 1809 1472 naturam.
1846 1417 2034 1474 Disci-

446 1517 568 1555 mus
612 1502 777 1570 igitur
819 1518 935 1572 per,
979 1521 998 1555 ι
1041 1504 1275 1559 Verbum
1310 1523 1438 1563 caro
1464 1507 1664 1564 factum
1692 1523 1796 1577 est,
1831 1531 1849 1564 ι
1887 1514 2029 1582 quod

444 1588 619 1658 ipsqu
653 1588 886 1645 Verbum
937 1593 1100 1647 homo
1128 1593 1326 1650 factum
1366 1610 1450 1652 est
1481 1615 1496 1652 :
1526 1609 1580 1654 et
1614 1617 1736 1656 cum
1772 1604 1843 1657 sit
1865 1603 2032 1660 Filius

443 1681 562 1748 Dei,
617 1682 822 1738 factum
866 1697 951 1740 est
1013 1689 1157 1743 lilius
1208 1691 1469 1756 mulieris,
1509 1710 1628 1762 qua:
1660 1698 1878 1767 proprie
1904 1698 2028 1754 Dei-

2147 600 2274 665 Υἱὸς
2303 603 2398 657 τοῦ
2438 605 2598 671 Θεοῦ,
2633 607 2864 679 ἀλήθεια
2895 607 2970 662 ὢν
2997 611 3090 662 καὶ
3105 609 3429 680 λεγόμενος,
3462 613 3734 684 ἐψεύσατο

2139 695 2242 766 τὴν
2269 697 2682 770 ὲνανθρὼπησιν
2707 717 2721 729 ·
2757 700 2998 755 τοιοῦτον
3030 702 3140 772 γὰρ
3174 705 3208 774 ή
3267 709 3557 774 φαντασία,
3597 709 3734 779 ψευ-

2143 789 2240 860 δὴς
2283 791 2502 856 πάντως
2527 793 2776 860 ἔνδειξις.
2817 814 2834 846 ι
2888 795 3000 851 Καὶ
3059 798 3373 867 ἐσκήνωσεν
3428 800 3484 850 ὲν
3514 803 3668 868 ἡμῖν.
3707 821 3726 852 ι

2153 881 2374 948 Ἐπειδὴ
2409 885 2521 938 ἄνω
2545 881 2724 948 εἶπεν,
2757 887 2837 942 ὅτι
2878 907 2898 940 ι
2948 888 3009 942 '0
3043 889 3215 957 Λόγος
3239 890 3376 959 σὰρξ
3406 893 3647 958 ὲγένετν,
3705 915 3724 946 ι

2141 975 2229 1028 ἵνα
2262 977 2336 1046 μή
2363 994 2446 1040 τις
2473 978 2743 1051 ὑπολάϐῃ,
2777 981 2860 1034 ὅτι
2895 983 2993 1052 μία
3024 982 3187 1050 φύσις
3219 984 3410 1036 λοιπὸν
3440 987 3661 1052 ἐγένετο
3703 989 3731 1041 6

2137 1067 2396 1138 Χριστὸς.
2452 1068 2540 1124 διὰ
2587 1071 2746 1125 τοῦτο
2793 1073 2990 1142 ἐπάγει
3036 1075 3116 1139 τὸ,
3173 1093 3192 1127 ι
3255 1074 3603 1147 Ἐσκήνωσεν
3668 1081 3726 1131 ἐν

2137 1161 2292 1230 ἡμῖν,
2332 1180 2351 1214 ι
2392 1160 2479 1214 ἵνα
2505 1161 2655 1235 δείξῃ
2694 1163 2793 1229 τὰς
2827 1165 2921 1219 δύο
2956 1165 3169 1235 φύσεις,
3200 1170 3300 1239 τήν
3326 1187 3385 1221 τε
3420 1171 3724 1241 ἡμετέραν,

2135 1254 2234 1306 καὶ
2258 1253 2357 1324 τὴν
2384 1255 2478 1308 τοῦ
2512 1256 2709 1323 Λόγου.
2755 1257 2968 1329 ’Ὠσπερ
2993 1261 3099 1330 γὰρ
3135 1261 3302 1331 ἄλλης
3335 1261 3555 1328 φύσεώς
3579 1265 3728 1316 ἐστιν

2136 1344 2170 1413 ἡ
2200 1345 2392 1415 σκηνὴ,
2435 1346 2528 1399 καὶ
2577 1347 2744 1418 ἄλλης
2790 1351 2818 1402 6
2871 1352 3233 1421 κατασκηνῶν
3268 1354 3326 1404 ἐν
3364 1355 3502 1424 αὐτῇ
3531 1370 3544 1383 ·
3582 1355 3729 1408 οὕτω

2135 1437 2230 1490 καὶ
2263 1439 2290 1490 6
2315 1438 2486 1508 Λόγος
2521 1439 2798 1511 σκηνῶσαι
2826 1442 2884 1494 ὲν
2914 1443 3046 1513 ἡμῖν
3076 1443 3395 1514 λεγόμενος,
3417 1447 3724 1509 τουτέστιν,

2138 1531 2197 1583 ὲν
2236 1532 2302 1601 τῇ
2364 1532 2613 1606 ἡμετέρα
2655 1534 2837 1602 φύσει,
2893 1536 3058 1608 ἄλλης
3088 1539 3153 1591 ἂν
3193 1541 3278 1611 εἴη
3327 1539 3544 1609 φύσεως
3571 1541 3727 1612 παρὰ

2133 1622 2233 1692 τὴν
2259 1624 2555 1695 ἡμετέραν.
2587 1626 3048 1697 Δίσχυνέσθωσαν
3070 1631 3119 1682 οί
3173 1632 3476 1702 Ἀρμένιοι,
3506 1634 3558 1686 οί
3587 1632 3722 1703 μίαν

2134 1714 2296 1784 φύσιν
2343 1717 2760 1788 πρεσϐεύοντες.
2789 1721 3152 1791 Μανθάνομεν
3195 1722 3310 1788 οὖν,
3355 1725 3444 1778 διὰ
3478 1725 3577 1794 μὲν
3600 1725 3719 1791 τοῦ,

441 1791 570 1845 para
597 1777 816 1844 dicitur,
871 1796 935 1834 eo
958 1785 1100 1850 quod
1141 1787 1393 1853 genuerit
1419 1784 1584 1840 Deum
1622 1789 1674 1842 in
1707 1805 1888 1846 carne.
1927 1791 2010 1846 Pet

2141 1777 2159 1858 ἆ
2204 1806 2262 1858 '0
2297 1777 2467 1876 Λόγος
2507 1809 2646 1881 σὰρξ
2674 1777 2915 1879 ἐγένετο,
2971 1833 2990 1864 ι
3031 1777 3113 1868 ότι
3161 1777 3324 1881 αὐτὸς
3348 1821 3377 1872 ό
3405 1777 3580 1887 Λόγος
3621 1777 3722 1875 ἄνἐ

439 1867 542 1922 hoc
561 1872 905 1940 autemquod
925 1875 1076 1937 dicit,
1113 1893 1130 1926 ι
1159 1875 1436 1932 llabitavit
1457 1879 1508 1933 in
1529 1880 1740 1947 nobis,»
1767 1883 2010 1940 discimus

2131 1897 2349 1970 θρωπος
2381 1867 2747 1969 ἐγενετὸίκσῖὶ
2784 1867 3006 1967 υίὸςΙῶν
3049 1906 3140 1959 τοῦ
3183 1867 3344 1973 Θεού,
3395 1867 3587 1979 γέγὸνε
3613 1916 3716 1965 καὶ

439 1960 578 2014 duas
629 1972 852 2017 naturas
899 1968 1199 2022 credendos
1228 1968 1280 2021 in
1313 1969 1550 2026 Christo.
1585 1970 1718 2027 Nam
1751 1976 1850 2029 etsi
1885 1991 2025 2032 unus

440 2051 513 2108 sit
573 2055 870 2108 secundum
932 2059 1268 2128 hypostasin,
1312 2063 1412 2116 hoc
1451 2073 1553 2129 est,
1583 2066 1878 2121 secundum
1905 2085 2026 2139 per-

437 2160 627 2200 sonam
673 2165 685 2200 :
721 2151 1018 2203 secundum
1048 2167 1269 2208 naturas
1299 2163 1475 2211 tamen
1506 2147 1633 2223 duo,
1673 2159 1812 2215 Deus
1839 2161 2026 2217 videli-

436 2245 526 2291 cet
581 2248 634 2290 et
689 2239 870 2293 homo.
910 2238 1098 2296 Divina
1129 2257 1310 2300 autem
1335 2257 1528 2302 natura
1553 2257 1608 2304 et
1643 2251 1876 2307 humana
1914 2271 2022 2311 non

436 2327 638 2400 fuerint
669 2345 796 2395 una,
843 2333 1058 2391 etiamsi
1116 2340 1256 2408 apud
1301 2354 1466 2394 unum
1517 2343 1824 2412 videantur,
1865 2347 2024 2404 Chri-

435 2426 575 2474 stum
601 2422 743 2477 dico.

501 2689 643 2747 Ibid.
693 2712 710 2745 ι
746 2693 812 2748 Ει
835 2699 1196 2763 Spectavimus
1223 2701 1446 2773 gloriam
1479 2706 1616 2776 ejus,
1646 2708 1874 2780 gloriam
1908 2711 2018 2766 vel-

429 2794 491 2838 ut
547 2785 1074 2856 UnigenitiaPatre,
1131 2795 1344 2863 plenum
1387 2805 1556 2866 gratia
1607 2813 1660 2856 et
1713 2806 1956 2858 veritate.
1992 2824 2010 2857 ι

424 2874 719 2946 Postquam
753 2882 890 2934 dixit
926 2885 1065 2950 quod
1106 2902 1232 2939 caro
1279 2890 1474 2943 factum
1509 2898 1600 2955 sit,
1643 2896 1826 2948 subdit
1854 2913 2014 2963 nunc,

434 2987 454 3020 ι
487 2967 550 3023 Et
600 2973 966 3040 spectavimus
1039 2977 1262 3044 gloriam
1307 2981 1445 3051 ejus,
1507 3003 1526 3036 ι
1580 3002 1700 3040 cum
1771 2989 2018 3044 videlicet

425 3075 572 3120 esset
632 3069 683 3120 iu
712 3083 895 3124 carne.
927 3069 1138 3124 Etenim
1186 3089 1308 3127 cum
1367 3077 1554 3130 lacieui
1611 3079 1745 3134 Mosi
1796 3099 1862 3137 ex
1905 3085 2017 3138 col-

425 3159 608 3220 loquio
639 3161 732 3216 Dei
759 3162 958 3217 factam
992 3166 1278 3221 clariorem
1313 3170 1564 3227 Israelita:
1602 3175 1782 3230 videre
1815 3181 2008 3248 nequi-

427 3357 660 3412 capaces
685 3361 790 3400 non
834 3349 1086 3417 luiSscnt,
1129 3355 1233 3407 nisi
1271 3371 1366 3424 per
1391 3374 1610 3412 carnem
1649 3365 2004 3430 apparuisset.

425 3431 806 3500 Spectavimus
864 3448 1042 3493 autem
1096 3443 1344 3511 gloriam,
1419 3463 1526 3502 non
1584 3453 1740 3504 talem
1787 3453 2004 3522 qualem

422 3525 657 3580 habebat
705 3527 904 3595 Moses,
956 3532 1036 3586 vel
1075 3550 1197 3588 cum
1248 3553 1354 3605 qua
1409 3541 1575 3607 gloria
1633 3543 1922 3600 Cherubin)
1953 3557 2008 3601 et

421 3614 708 3686 Serapbim
772 3625 1052 3692 propheta:
1099 3640 1505 3695 apparuerunt:
1538 3635 1633 3687 sed
1690 3636 1847 3691 talem
1893 3639 2005 3709 glo-

419 3709 578 3774 riam,
615 3712 830 3779 qualem
869 3715 1051 3769 decuit
1105 3732 1226 3773 esse
1275 3718 1546 3791 L‘nigeniti
1581 3741 1608 3778 a
1663 3727 1841 3795 Patre,
1885 3749 2003 3802 quae

419 3799 492 3851 illi
519 3801 841 3856 naturaliter
871 3807 1032 3860 inest.
1064 3807 1196 3863 Nam
1231 3829 1249 3862 ι
1279 3813 1421 3867 velut
1446 3833 1465 3866 ι
1505 3816 1594 3871 hic
1613 3835 1720 3874 non
1747 3799 1969 3878 similitu
1988 3857 2001 3865 -

417 3890 578 3956 diuis,
594 3893 687 3947 sed
705 3897 1131 3956 continuationis
1145 3914 1196 3956 et
1211 3905 2002 3972 determinationisindubitatae

415 3983 635 4038 verbum
678 4000 760 4041 est
800 4030 813 4042 .
847 3992 988 4045 sicut
1029 4009 1153 4047 cum
1184 3998 1426 4055 videmus
1457 4018 1635 4072 regem
1673 4022 1793 4060 cum
1827 4009 1997 4078 gloria

412 4086 608 4142 magna
641 4081 967 4149 Venientem,
1012 4085 1238 4142 dicimus
1272 4093 1414 4159 quod
1451 4093 1594 4149 velut
1628 4111 1719 4150 rex
1751 4100 1996 4166 prodeat,

415 4165 517 4218 hoc
547 4180 654 4234 est,
687 4173 832 4240 quod
872 4189 996 4228 vere
1029 4178 1096 4230 sit
1127 4195 1215 4233 rex
1243 4198 1257 4234 :
1305 4185 1376 4236 ita
1406 4186 1566 4240 etiam
1621 4189 1723 4245 hoc
1749 4192 1867 4246 loco
1916 4197 1998 4248 in-

413 4258 658 4327 telligere
687 4265 870 4329 debes,
895 4283 915 4319 ι
938 4269 1077 4322 velut
1103 4269 1398 4344 Unigeuiti,
1427 4296 1445 4328 ι
1481 4283 1622 4348 quod
1641 4283 1809 4351 gloria
1833 4303 1994 4356 quam

413 4354 802 4418 spectavimus.
849 4373 1032 4415 revera
1071 4361 1237 4419 fuerit
1268 4368 1437 4438 gloria
1479 4370 1597 4426 Filii
1631 4376 1786 4444 plena
1822 4381 1993 4448 gratia

411 4453 466 4494 et
503 4446 747 4498 veritate.
798 4447 986 4505 Gratia
1041 4457 1257 4523 quidem
1305 4461 1482 4527 plena,
1527 4446 1993 4541 secundum—quod

409 4548 593 4590 sermo
618 4539 734 4606 ejus
749 4546 1018 4609 gratiosus
1050 4559 1187 4612 erat,
1217 4560 1272 4604 ut
1294 4552 1373 4606 sic
1404 4556 1601 4623 dicam,
1622 4559 1774 4628 juxta
1801 4539 1986 4632 David,
2025 4555 2067 4611 υ

415 4645 437 4680 ι
485 4629 683 4684 Dillnsa
729 4646 811 4688 est
859 4641 1029 4706 gratia
1080 4641 1133 4694 in
1166 4643 1320 4698 labiis
1359 4649 1549 4704 tuis“.
1590 4669 1609 4703 ι
1642 4653 1710 4708 Ει
1745 4629 1989 4728 Evange;

415 4721 563 4787 lista,
627 4744 646 4775 ι
710 4727 1136 4787 Admirabautur
1185 4753 1376 4796 omnes
1420 4759 1581 4812 super
1648 4754 1989 4812 sermonibus

406 4817 594 4884 gratiae
619 4821 708 4888 qui
747 4823 1109 4889 procedebant
1139 4846 1203 4883 ex
1236 4848 1331 4888 ore
1349 4837 1466 4905 ejus
1486 4840 1552 4893 ⁸⁸.
1590 4859 1608 4892 ι
1646 4842 1710 4896 Ει
1737 4849 1989 4905 oumibus

406 4909 678 4965 sanitates
712 4915 1047 4985 conferebat,
1077 4934 1237 4989 prout
1263 4932 1594 4999 congruebat
1621 4937 1724 4993 eis.
1753 4938 1990 5001 Veritate

405 5009 584 5053 autem
629 5003 783 5071 plena
813 5016 1246 5068 eratsecundum
1279 5022 1418 5086 quod
1449 5036 1512 5076 ea
1546 5041 1666 5093 qua:
1712 5021 1987 5104 prophetae

404 5101 460 5144 et
503 5092 676 5150 Moses
709 5098 822 5166 ipse
882 5104 962 5155 vel
1013 5104 1268 5164 dicebant
1324 5113 1404 5168 vel
1462 5092 1752 5190 iaciebant,
1804 5092 1987 5197 ligura:

403 5195 561 5237 erant
608 5203 703 5256 per
731 5196 949 5263 omnia;
1003 5207 1078 5264 at,
1113 5216 1231 5269 quae
1285 5205 1531 5264 Christus
1577 5213 1807 5272 faciebat
1835 5195 1986 5277 dice-

405 5277 626 5344 batque,
681 5283 833 5350 plena
883 5301 1041 5345 erant
1086 5299 1330 5364 Veritate,
1391 5319 1512 5357 cum
1566 5321 1712 5362 esset
1752 5313 1983 5382 ipsumet

407 5370 671 5436 gratia,et
701 5375 920 5442 ipsamet
944 5385 1161 5452 veritas,
1188 5389 1417 5462 aliisque
1446 5370 1816 5467 suppeditaret
1845 5421 1988 5462 eam.

407 5460 509 5557 Ubi
544 5473 722 5519 autem
764 5482 1074 5538 spectarunt
1121 5460 1346 5548 gloriam
1410 5460 1602 5543 illam?
1635 5489 1863 5557 Quidam
1897 5460 1989 5554 su;

405 5555 686 5624 spirantur
729 5564 870 5630 quod
917 5567 1163 5625 fortassis
1216 5575 1268 5628 in
1317 5589 1504 5637 monte
1570 5555 1807 5642 Thabor.
1851 5588 1991 5646 For~

405 5649 565 5707 tassis
591 5661 771 5710 autem
803 5666 860 5713 et
893 5657 994 5715 hoc
1033 5676 1216 5722 verum
1259 5681 1364 5736 est,
1389 5678 1530 5745 quod
1575 5695 1681 5738 non
1716 5686 1890 5743 solum
1931 5686 1988 5744 in

473 5831 517 5864 ⁵⁸
552 5832 699 5892 Psal.
731 5853 873 5911 suv,
907 5841 960 5902 5.
1041 5845 1251 5924 "_Luc.
1280 5868 1355 5924 tv,
1385 5857 1474 5913 “2:2.

2127 1993 2388 2060 γυναικὸς
2418 1994 2543 2059 Υἱός
2569 2011 2584 2026 ο
2616 1995 2738 2066 ἥτις
2773 1997 2866 2050 καὶ
2893 1999 3100 2067 κυρίως
3142 2001 3408 2066 Θεοτόκος
3436 2003 3713 2073 καλεῖται,

2125 2085 2200 2148 ὡς
2222 2086 2315 2138 τὸν
2331 2086 2463 2140 Θεὸν
2491 2089 2804 2160 γεννήσασα
2833 2091 2892 2143 ὲν
2921 2095 3105 2164 σαρκί.
3122 2093 3223 2148 Διά
3243 2095 3298 2148 δὲ
3319 2096 3436 2160 τοῦ,
3468 2115 3488 2149 ι
3512 2099 3718 2169 Ἐσκή-

2127 2195 2299 2232 νωσεν
2329 2180 2387 2234 ἐν
2433 2181 2591 2252 ἡμῖν,
2623 2201 2643 2234 ι
2672 2182 2831 2236 τοῦτο
2870 2184 3261 2255 διδασκόμεθα,
3288 2187 3350 2240 τὸ
3395 2189 3489 2242 δύο
3515 2188 3716 2258 φύσεις

2124 2271 2403 2325 πιστεύειν
2428 2274 2508 2336 είς
2538 2272 2630 2326 τὸν
2655 2273 2749 2327 ἕνα
2775 2276 3033 2345 Χριστόν.
3075 2279 3138 2332 Εἰ
3175 2279 3282 2350 γὰρ
3315 2283 3412 2335 καὶ
3452 2276 3533 2345 εἷς
3569 2285 3713 2338 κατὰ

2124 2364 2447 2419 ύπόστασιν’
2473 2367 2643 2437 ἧγουν
2681 2368 2743 2422 τὸ
2777 2371 3090 2440 πρόσωπον,
3117 2373 3252 2428 ἀλλὰ
3297 2375 3389 2428 δύο
3445 2379 3587 2431 κατὰ
3607 2379 3713 2441 τὰς

2122 2457 2313 2525 φύσεις
2333 2474 2348 2490 ο
2380 2456 2512 2522 Θεὸς
2553 2460 2664 2532 γὰρ
2699 2461 3100 2535 καὶᾶνθρωπος
3120 2483 3134 2497 ·
3173 2465 3292 2520 θεία
3322 2467 3378 2521 δὲ
3410 2468 3577 2538 φύσις
3608 2473 3708 2525 καὶ

2121 2551 2442 2626 ἀνθρωπίνη
2467 2554 2567 2607 ούκ
2589 2553 2654 2608 ἂν
2678 2551 2788 2609 εἷεν
2815 2555 2893 2626 ἓν,
2927 2559 2977 2611 εί
3001 2561 3097 2612 καὶ
3123 2562 3253 2631 περὶ
3274 2561 3370 2617 ἕνα
3390 2563 3706 2635 θεωροῖντο,

2120 2644 2212 2700 τὸν
2249 2648 2488 2717 Χριστόν
2529 2665 2699 2720 φημι.

2196 2756 2216 2791 ι
2269 2740 2381 2793 Καὶ
2443 2740 2796 2812 ἐθεασάμεθα
2846 2743 2946 2817 τὴν
2984 2745 3143 2812 δόξαν
3185 2747 3374 2817 αὐτοῦ,
3419 2750 3581 2818 δόξαν
3626 2753 3707 2818 ὡς

2119 2831 2462 2900 Μονογενοῦς
2491 2835 2644 2907 παρὰ
2671 2837 2910 2909 Πατρὸς,
2944 2839 3160 2912 πλήρης
3205 2844 3428 2915 χάριτος
3451 2849 3547 2900 καὶ
3571 2847 3707 2918 ἀλη-

2121 2923 2294 2987 θείας.
2331 2945 2350 2979 ι
2402 2927 2628 3000 Ἐπειδὴ
2665 2925 2843 2998 εἶπεν,
2873 2931 2960 2986 ὅτι
3012 2951 3031 2984 ι
3070 2933 3215 3002 Σὰρξ
3238 2937 3475 3004 ὲγέρετο,
3513 2958 3534 2991 ι
3588 2941 3705 2993 ἑπι-

2119 3017 2276 3087 φέρει
2306 3019 2514 3088 λοιπὸν,
2546 3023 2629 3076 ὅτι
2665 3039 2685 3074 ι
2730 3023 3110 3096 Ἐθεασάμεθα
3139 3029 3237 3100 τὴν
3271 3030 3426 3097 δόξαν
3453 3033 3642 3100 αὐτοῦ,
3676 3053 3698 3086 ι

2118 3109 2176 3162 ὲν
2207 3111 2370 3181 σαρκὶ
2393 3112 2638 3182 δηλονότι
2677 3114 2854 3180 ὄντος.
2891 3117 2954 3170 Et
2993 3119 3102 3191 γὰρ
3132 3120 3194 3174 τὸ
3221 3123 3534 3195 ,πρόσωπον
3565 3127 3700 3182 Μω-

2036 3217 2079 3278 c
2115 3202 2620 3278 σέως⁹λαμπρυνθὲν
2640 3209 2703 3261 ἐκ
2725 3209 2823 3280 τῆς
2844 3210 2980 3283 πρὸς
3003 3214 3138 3267 Θεὸν
3160 3216 3375 3286 ὁμιλίας
3393 3219 3444 3270 οί
3480 3218 3700 3292 Ἰσραη-

423 3252 624 3318 verint,
657 3253 826 3308 multo
850 3259 1023 3328 magis
1044 3261 1269 3326 apostoli
1306 3264 1461 3317 nuda:
1493 3267 1709 3321 deitatis
1738 3267 2005 3339 Unfgeniti
2036 3252 2079 3278 ν
2114 3252 2259 3348 ἧς,

2298 3296 2424 3350 ἰδεῖν
2446 3298 2548 3352 οὐκ
2578 3298 2861 3369 ἠδύναντο,
2889 3303 3070 3376 πολλῷ
3105 3307 3308 3376 μᾶλλον
3333 3309 3434 3382 τὴν
3457 3310 3696 3381 θεότητα

2111 3387 2206 3441 τοῦ
2232 3389 2577 3458 Μονοτενοῦς
2624 3393 2840 3466 γυμνὴν
2890 3397 2990 3450 οὐκ
3026 3398 3092 3452 ἂν
3121 3397 3412 3472 ἐχώρησαν
3470 3406 3518 3457 οἱ
3551 3406 3695 3458 67:6-

2112 3480 2311 3549 στολοι,
2346 3484 2394 3535 εἰ
2428 3483 2503 3554 μὴ
2531 3483 2618 3537 διὰ
2645 3487 2747 3556 τῆς
2773 3486 2975 3558 σαρκὸς
3003 3489 3270 3564 ἐπεφάνη.
3317 3494 3698 3566 Ἐθεασάμεθα

2107 3572 2165 3626 δὲ
2206 3574 2305 3646 τὴν
2331 3575 2490 3642 δόξαν
2519 3580 2582 3632 ού
2631 3581 2913 3655 τοιαύτην,
2947 3587 3071 3639 οἵαν
3115 3587 3278 3660 ἔσχεν
3329 3591 3358 3644 6
3389 3593 3616 3664 Μωσῆς,
3656 3594 3692 3663 ἦ

2110 3666 2230 3736 μεθ’
2270 3669 2388 3733 οῖας
2417 3670 2576 3742 δόξης
2615 3672 2878 3745 ὤφθησαν
2905 3679 2973 3732 τὰ
3019 3680 3311 3753 Χερουϐὶμ
3351 3686 3447 3738 καὶ
3485 3687 3557 3739 τὰ
3588 3687 3693 3739 Σε-

2109 3759 2286 3830 ραφὶμ
2314 3760 2391 3832 τῷ
2421 3765 2705 3839 προφήτῃ,
2730 3768 2865 3822 ἀλλὰ
2892 3770 3149 3844 τοιαύτην
3169 3774 3349 3841 δόξαν,
3381 3778 3499 3832 οἷαν
3527 3779 3693 3850 ἔπρε-

2104 3869 2206 3907 πεν
2229 3849 2368 3907 εἶναι
2420 3862 2702 3926 μονογενεῖ
2755 3860 2892 3933 Υίῷ,
2940 3866 3007 3918 ἐκ
3044 3865 3142 3919 τοῦ
3180 3869 3396 3940 [ἰατρὸς
3441 3849 3691 3939 φυσικῶς

2102 3941 2251 4013 αὐτῷ
2282 3945 2617 4015 προσοῦσαν.
2673 3950 2746 4003 Τὸ
2773 3953 2883 4024 γὰρ
2914 3973 2932 4006 t
2968 3955 3043 4020 ὡς
3081 3975 3098 4009 ι
3138 3957 3373 4015 ἐνταῦθα
3407 3962 3502 4034 οὐχ
3527 3965 3689 4032 ὁμοι-

2101 4031 2289 4100 ώσεώς
2323 4040 2494 4105 ἐστιν,
2552 4041 2687 4098 ἀλλὰ
2737 4043 3084 4115 βεϐαιώσεως
3137 4052 3233 4106 καὶ
3265 4031 3688 4128 ἀναμφισϐητή-

2099 4142 2195 4180 του
2216 4127 2524 4202 διορισμοῦ.
2561 4134 2774 4208 Ὠσπερ
2808 4138 3032 4209 βασιλέα
3081 4142 3380 4220 βλέποντες
3411 4151 3551 4220 μετὰ

2101 4218 2199 4289 ξης
2227 4223 2431 4293 πολλῆς
2463 4230 2891 4300 προερχόμενον,
2934 4233 3164 4306 λέγομεν
3177 4216 3277 4292 ἵτι
3299 4240 3376 4304 ὡς
3413 4216 3684 4311 -βασιλεξδς

2099 4313 2391 4384 προῆλθεν,
2441 4319 2562 4373 ἀντὶ
2605 4320 2722 4388 τοῦ,
2754 4323 2830 4388 ὡς
2880 4324 3050 4392 ὅντως
3081 4330 3176 4384 καὶ
3234 4333 3377 4387 κατὰ
3422 4334 3684 4406 ἀληθειαν

2099 4405 2391 4475 βασιλεύςο
2445 4411 2619 4478 οὔτως
2653 4415 2748 4470 οὖν
2807 4418 3084 4475 κάνταῦθα
3115 4423 3196 4490 τὸ,
3250 4443 3269 4476 ι
3333 4426 3408 4490 ὡς
3437 4405 3683 4499 Μονογε-

2097 4498 2241 4566 νοῦς,
2282 4519 2303 4554 ι
2357 4501 2650 4576 ὀφείλομεν
2707 4509 2921 4581 νοῆσαι,
2977 4513 3100 4568 ἀντὶ
3146 4517 3263 4582 τοῦ,
3319 4519 3385 4572 Ἦ
3413 4521 3564 4587 δόξα,
3613 4525 3680 4594 ἦν

2096 4590 2461 4682 ἐθεασάμεθα,
2495 4597 2571 4663 ὡς
2599 4599 2686 4675 τῷ
2725 4602 2839 4657 ὄντι
2885 4605 3027 4660 κατὰ
3061 4608 3326 4680 ἀλήθειαν
3377 4613 3508 4668 Υίοῦ
3549 4590 3679 4682 δόξα¹

2094 4677 2185 4754 ἦν.
2220 4703 2238 4736 ς
2271 4685 2495 4760 Ηλήρης
2527 4694 2748 4762 χάριτος
2774 4699 2868 4750 καλ⁵
2898 4677 3180 4769 ἀληθείας.
3218 4722 3238 4754 ι
3299 4705 3538 4777 Χάριτος
3572 4677 3673 4781 μέν

2098 4776 2333 4847 πλήρης.
2361 4781 2498 4835 καθὸ
2520 4785 2614 4837 καὶ
2645 4787 2674 4840 ό
2703 4788 2881 4858 Λόγος
2909 4791 3076 4846 αὑτοῦ
3101 4776 3548 4870 κεχαριτωμένος
3573 4776 3669 4875 ἦν,

2096 4866 2183 4921 ἴνα
2217 4869 2390 4936 οὕτως
2425 4873 2587 4944 είπω,
2633 4879 2776 4934 καθὰ
2805 4883 2900 4936 καὶ
2931 4883 3095 4939 Δαυῖδ
3128 4866 3305 4956 λέγει·
3344 4908 3364 4941 ι
3387 4866 3674 4966 γἘξεχύ-θη

2096 4959 2131 5029 ἡ
2157 4960 2319 5032 χάρις
2349 4965 2408 5018 ὲν
2429 4961 2635 5036 χείλεσί
2683 4987 2801 5029 σου.
2856 4993 2876 5027 ι
2915 4977 3028 5030 Καὶ
3063 4979 3093 5032 ό
3140 4959 3570 5055 εὐαγγελιστὴς,
3591 4959 3674 5040 δτέ

2101 5069 2120 5104 ι
2173 5054 2516 5128 Ἐθαύμαζον
2548 5062 2751 5129 πάντες
2772 5066 2868 5120 ἐπὶ
2915 5072 3028 5134 τοῖς
3077 5071 3258 5142 λόγοις
3292 5078 3394 5146 τῆς
3451 5054 3674 5149 χαριτος

2091 5147 2203 5209 τοῖς
2225 5148 2684 5224 ἐκπορευομένοις
2715 5158 2781 5211 ὲκ
2835 5159 2930 5214 τοῦ
2977 5162 3244 5234 στόματος
3273 5167 3463 5223 αὑτοῦ.
3508 5147 3538 5221 »ἡ
3563 5172 3671 5224 Καὶ

2091 5237 2224 5290 πᾶσι
2251 5238 2309 5292 δὲ
2338 5244 2436 5306 τὰς
2469 5244 2638 5308 ίάσεις
2667 5249 2955 5320 ἐχαρίζετο
3004 5255 3114 5318 τοῖς
3143 5256 3435 5328 χρῄζουσιν
3464 5260 3665 5316 αὐτῶν.

2102 5328 2384 5398 Ἀληθείας
2421 5334 2476 5388 δὲ
2509 5337 2722 5409 πλήρης
2761 5336 2852 5412 ἦν,
2881 5345 3016 5400 καθὸ
3042 5349 3135 5400 καὶ
3160 5351 3209 5402 οξ
3241 5352 3534 5423 προφῆται,
3574 5358 3666 5409 καὶ

2089 5418 2296 5509 ξίωσῆς
2322 5423 2505 5491 αὐτὸς,
2545 5429 2645 5483 ὅσα
2673 5431 2862 5503 ἔλεγον
2889 5437 2922 5506 ἢ
2957 5437 3247 5509 ἔπραττον,
3277 5418 3454 5498 πάντα
3500 5445 3663 5500 τύποι

2087 5505 2232 5581 ἦσαν
2256 5514 2324 5606 '6
2357 5515 2414 5568 δὲ
2453 5518 2691 5590 Χριστὸς
2716 5523 2753 5578 ἃ
2789 5505 2944 5598 ἔλεγε
2978 5505 3074 5585 καὶ
3103 5505 3390 5606 ἔπραττεν,
3441 5537 3661 5593 ἅπαντα

2087 5603 2347 5702 ἀληθείας
2397 5609 2602 5684 πλήρη,
2667 5617 2965 5691 αύτόχαρις
3023 5624 3100 5678 ὢν
3143 5603 3237 5680 καὶ
3275 5629 3654 5702 αύτοαλήθεια,

2087 5699 2181 5750 καὶ
2219 5696 2402 5764 ἄλλοις
2444 5704 2620 5762 ταῦτα
2660 5712 2935 5783 χορηγῶν.
2982 5717 3092 5772 Ποῦ
3121 5719 3178 5774 δὲ
3235 5696 3526 5778 ἐθεάσαντο
3554 5725 3653 5795 τὴν
