  <div class='ocr_page' id='page_1' title='image "/cluster/home/n/w/nwhite01/storage/ocr_20150623/123/hvd.32044019208198/590.png"; bbox 0 0 3960 6454; ppageno 0'>
   <div class='ocr_carea' id='block_1_1' title="bbox 259 296 389 395">
    <p class='ocr_par' dir='ltr' id='par_1_1' title="bbox 259 296 389 395">
     <span class='ocr_line' id='line_1_1' title="bbox 259 296 389 395; baseline -0.023 0"><span class='ocrx_word' id='word_1_1' title='bbox 259 296 389 395; x_wconf 66' lang='lat' dir='ltr'><strong>tiu</strong></span> 
     </span>
    </p>
   </div>
   <div class='ocr_carea' id='block_1_2' title="bbox 962 322 2837 392">
    <p class='ocr_par' dir='ltr' id='par_1_2' title="bbox 962 322 2837 392">
     <span class='ocr_line' id='line_1_2' title="bbox 962 322 2837 392; baseline -0.003 -2"><span class='ocrx_word' id='word_1_2' title='bbox 962 326 1404 392; x_wconf 83' lang='lat' dir='ltr'><strong>ENABRATIO</strong></span> <span class='ocrx_word' id='word_1_3' title='bbox 1444 325 1524 391; x_wconf 83' lang='lat' dir='ltr'><strong>IN</strong></span> <span class='ocrx_word' id='word_1_4' title='bbox 1563 324 2057 390; x_wconf 75' lang='lat' dir='ltr'><strong>EVANGELIUM</strong></span> <span class='ocrx_word' id='word_1_5' title='bbox 2092 322 2433 387; x_wconf 76' lang='lat' dir='ltr'><strong>JOANNIS.</strong></span> <span class='ocrx_word' id='word_1_6' title='bbox 2473 351 2536 361; x_wconf 90' lang='lat'><strong>-</strong></span> <span class='ocrx_word' id='word_1_7' title='bbox 2588 325 2747 387; x_wconf 83' lang='lat' dir='ltr'><strong>CAP.</strong></span> <span class='ocrx_word' id='word_1_8' title='bbox 2786 322 2837 384; x_wconf 91' lang='grc' dir='ltr'><strong>Ι.</strong></span> 
     </span>
    </p>
   </div>
   <div class='ocr_carea' id='block_1_3' title="bbox 3357 318 3493 385">
    <p class='ocr_par' dir='ltr' id='par_1_3' title="bbox 3357 318 3493 385">
     <span class='ocr_line' id='line_1_3' title="bbox 3357 318 3493 385; baseline -0.015 0"><span class='ocrx_word' id='word_1_9' title='bbox 3357 318 3493 385; x_wconf 70' lang='lat'><strong>1162</strong></span> 
     </span>
    </p>
   </div>
   <div class='ocr_carea' id='block_1_4' title="bbox 251 422 1852 513">
    <p class='ocr_par' dir='ltr' id='par_1_4' title="bbox 251 422 1824 513">
     <span class='ocr_line' id='line_1_4' title="bbox 251 422 1824 513; baseline -0.003 -18"><span class='ocrx_word' id='word_1_10' title='bbox 251 444 415 509; x_wconf 69' lang='grc' dir='ltr'>δόξαν</span> <span class='ocrx_word' id='word_1_11' title='bbox 438 459 453 509; x_wconf 93' lang='lat'><strong>;</strong></span> <span class='ocrx_word' id='word_1_12' title='bbox 485 442 646 505; x_wconf 85' lang='grc' dir='ltr'>Ἴσως</span> <span class='ocrx_word' id='word_1_13' title='bbox 679 441 780 512; x_wconf 78' lang='grc' dir='ltr'>μέν</span> <span class='ocrx_word' id='word_1_14' title='bbox 808 457 954 505; x_wconf 80' lang='grc' dir='ltr'>τινες</span> <span class='ocrx_word' id='word_1_15' title='bbox 980 422 1393 513; x_wconf 36' lang='grc' dir='ltr'>ὑπολήψονται(</span> <span class='ocrx_word' id='word_1_16' title='bbox 1413 442 1496 494; x_wconf 81' lang='grc' dir='ltr'>ὅτι</span> <span class='ocrx_word' id='word_1_17' title='bbox 1526 441 1583 494; x_wconf 80' lang='grc' dir='ltr'><strong>ἐν</strong></span> <span class='ocrx_word' id='word_1_18' title='bbox 1611 440 1682 509; x_wconf 52' lang='lat' dir='ltr'><strong>cf.</strong></span> <span class='ocrx_word' id='word_1_19' title='bbox 1708 437 1824 510; x_wconf 80' lang='grc' dir='ltr'>ὄρει</span> 
     </span>
    </p>
   </div>
   <div class='ocr_carea' id='block_1_5' title="bbox 1961 422 3503 513">
    <p class='ocr_par' dir='ltr' id='par_1_5' title="bbox 1961 431 3503 506">
     <span class='ocr_line' id='line_1_5' title="bbox 1961 431 3503 506; baseline -0.001 -16"><span class='ocrx_word' id='word_1_20' title='bbox 1961 440 2131 504; x_wconf 75' lang='lat' dir='ltr'><strong>aonie,</strong></span> <span class='ocrx_word' id='word_1_21' title='bbox 2190 439 2286 493; x_wconf 84' lang='lat' dir='ltr'><strong>sed</strong></span> <span class='ocrx_word' id='word_1_22' title='bbox 2366 438 2529 491; x_wconf 87' lang='lat' dir='ltr'><strong>etiam</strong></span> <span class='ocrx_word' id='word_1_23' title='bbox 2595 436 2649 491; x_wconf 88' lang='lat' dir='ltr'><strong>in</strong></span> <span class='ocrx_word' id='word_1_24' title='bbox 2706 434 2958 491; x_wconf 86' lang='lat' dir='ltr'><strong>omnibus</strong></span> <span class='ocrx_word' id='word_1_25' title='bbox 3019 448 3138 506; x_wconf 74' lang='lat' dir='ltr'><strong>qua:</strong></span> <span class='ocrx_word' id='word_1_26' title='bbox 3195 431 3409 489; x_wconf 86' lang='lat' dir='ltr'><strong>dicebat</strong></span> <span class='ocrx_word' id='word_1_27' title='bbox 3450 444 3503 489; x_wconf 70' lang='lat' dir='ltr'><strong>et</strong></span> 
     </span>
    </p>
   </div>
   <div class='ocr_carea' id='block_1_6' title="bbox 261 531 1828 608">
    <p class='ocr_par' dir='ltr' id='par_1_6' title="bbox 261 531 1828 608">
     <span class='ocr_line' id='line_1_6' title="bbox 261 531 1828 608; baseline -0.003 -19"><span class='ocrx_word' id='word_1_28' title='bbox 261 536 331 605; x_wconf 79' lang='grc' dir='ltr'><strong>τῷ</strong></span> <span class='ocrx_word' id='word_1_29' title='bbox 379 536 596 608; x_wconf 81' lang='grc' dir='ltr'>Θαὸώρ.</span> <span class='ocrx_word' id='word_1_30' title='bbox 625 536 780 606; x_wconf 82' lang='grc' dir='ltr'>Τάχα</span> <span class='ocrx_word' id='word_1_31' title='bbox 816 535 872 590; x_wconf 80' lang='grc' dir='ltr'>δὲ</span> <span class='ocrx_word' id='word_1_32' title='bbox 904 536 999 589; x_wconf 78' lang='grc' dir='ltr'>καὶ</span> <span class='ocrx_word' id='word_1_33' title='bbox 1051 535 1209 590; x_wconf 77' lang='grc' dir='ltr'>τοῦτο</span> <span class='ocrx_word' id='word_1_34' title='bbox 1252 536 1352 606; x_wconf 82' lang='grc' dir='ltr'>μὲν</span> <span class='ocrx_word' id='word_1_35' title='bbox 1400 534 1623 605; x_wconf 76' lang='grc' dir='ltr'>ἀληθὲς,</span> <span class='ocrx_word' id='word_1_36' title='bbox 1688 531 1828 598; x_wconf 73' lang='grc' dir='ltr'>πλὴν</span> 
     </span>
    </p>
   </div>
   <div class='ocr_carea' id='block_1_7' title="bbox 254 620 1830 700">
    <p class='ocr_par' dir='ltr' id='par_1_7' title="bbox 254 620 1830 700">
     <span class='ocr_line' id='line_1_7' title="bbox 254 620 1830 700; baseline -0.004 -20"><span class='ocrx_word' id='word_1_37' title='bbox 254 630 358 681; x_wconf 71' lang='grc' dir='ltr'>οὐκ</span> <span class='ocrx_word' id='word_1_38' title='bbox 396 630 455 681; x_wconf 83' lang='grc' dir='ltr'><strong>ἐν</strong></span> <span class='ocrx_word' id='word_1_39' title='bbox 487 628 565 698; x_wconf 82' lang='grc' dir='ltr'>τῷ</span> <span class='ocrx_word' id='word_1_40' title='bbox 597 629 714 699; x_wconf 70' lang='grc' dir='ltr'>ὄρει</span> <span class='ocrx_word' id='word_1_41' title='bbox 761 629 926 700; x_wconf 83' lang='grc' dir='ltr'><strong>μόνῳ,</strong></span> <span class='ocrx_word' id='word_1_42' title='bbox 955 627 1071 682; x_wconf 88' lang='grc' dir='ltr'>ἀλλ’</span> <span class='ocrx_word' id='word_1_43' title='bbox 1127 631 1186 682; x_wconf 83' lang='grc' dir='ltr'><strong>ἐν</strong></span> <span class='ocrx_word' id='word_1_44' title='bbox 1240 629 1405 682; x_wconf 79' lang='grc' dir='ltr'>πᾶσιν</span> <span class='ocrx_word' id='word_1_45' title='bbox 1463 620 1544 688; x_wconf 75' lang='grc' dir='ltr'>οἷς</span> <span class='ocrx_word' id='word_1_46' title='bbox 1593 622 1830 695; x_wconf 76' lang='grc' dir='ltr'>ἔπραττε</span> 
     </span>
    </p>
   </div>
   <div class='ocr_carea' id='block_1_8' title="bbox 255 718 1395 793">
    <p class='ocr_par' dir='ltr' id='par_1_8' title="bbox 255 718 1395 793">
     <span class='ocr_line' id='line_1_8' title="bbox 255 718 1395 793; baseline -0.001 -19"><span class='ocrx_word' id='word_1_47' title='bbox 255 722 353 775; x_wconf 78' lang='grc' dir='ltr'><strong>καὶ</strong></span> <span class='ocrx_word' id='word_1_48' title='bbox 394 722 603 789; x_wconf 77' lang='grc' dir='ltr'>ἔλεγεν,</span> <span class='ocrx_word' id='word_1_49' title='bbox 639 720 868 774; x_wconf 73' lang='grc' dir='ltr'>ἔϐλεπον</span> <span class='ocrx_word' id='word_1_50' title='bbox 892 721 990 793; x_wconf 81' lang='grc' dir='ltr'>τὴν</span> <span class='ocrx_word' id='word_1_51' title='bbox 1016 720 1175 786; x_wconf 82' lang='grc' dir='ltr'>δόξαν</span> <span class='ocrx_word' id='word_1_52' title='bbox 1205 718 1395 775; x_wconf 80' lang='grc' dir='ltr'>αὐτοῦ.</span> 
     </span>
    </p>
   </div>
   <div class='ocr_carea' id='block_1_9' title="bbox 335 808 1833 884">
    <p class='ocr_par' dir='ltr' id='par_1_9' title="bbox 335 808 1833 884">
     <span class='ocr_line' id='line_1_9' title="bbox 335 808 1833 884; baseline -0.003 -19"><span class='ocrx_word' id='word_1_53' title='bbox 335 833 355 865; x_wconf 76' lang='grc' dir='ltr'><strong>ι</strong></span> <span class='ocrx_word' id='word_1_54' title='bbox 410 814 662 884; x_wconf 80' lang='grc' dir='ltr'><strong>Ἰωάννης</strong></span> <span class='ocrx_word' id='word_1_55' title='bbox 707 815 978 883; x_wconf 81' lang='grc' dir='ltr'>μαρτυρεῖ</span> <span class='ocrx_word' id='word_1_56' title='bbox 1028 813 1156 884; x_wconf 75' lang='grc' dir='ltr'>περὶ</span> <span class='ocrx_word' id='word_1_57' title='bbox 1201 811 1389 875; x_wconf 78' lang='grc' dir='ltr'>αὐτοῦ,</span> <span class='ocrx_word' id='word_1_58' title='bbox 1453 809 1545 864; x_wconf 76' lang='grc' dir='ltr'><strong>καὶ</strong></span> <span class='ocrx_word' id='word_1_59' title='bbox 1589 808 1833 880; x_wconf 77' lang='grc' dir='ltr'><strong>κέκραγε</strong></span> 
     </span>
    </p>
   </div>
   <div class='ocr_carea' id='block_1_10' title="bbox 257 900 1830 978">
    <p class='ocr_par' dir='ltr' id='par_1_10' title="bbox 257 900 1830 978">
     <span class='ocr_line' id='line_1_10' title="bbox 257 900 1830 978; baseline 0.003 -20"><span class='ocrx_word' id='word_1_60' title='bbox 257 907 437 975; x_wconf 74' lang='grc' dir='ltr'>λέγων</span> <span class='ocrx_word' id='word_1_61' title='bbox 454 921 474 941; x_wconf 89' lang='grc'><strong>·</strong></span> <span class='ocrx_word' id='word_1_62' title='bbox 500 900 669 969; x_wconf 78' lang='grc' dir='ltr'>Οὗτος</span> <span class='ocrx_word' id='word_1_63' title='bbox 695 902 785 978; x_wconf 78' lang='grc' dir='ltr'>ἦν,</span> <span class='ocrx_word' id='word_1_64' title='bbox 817 906 877 961; x_wconf 84' lang='grc' dir='ltr'><strong>ὂν</strong></span> <span class='ocrx_word' id='word_1_65' title='bbox 910 903 1089 969; x_wconf 81' lang='grc' dir='ltr'>εἶπον,</span> <span class='ocrx_word' id='word_1_66' title='bbox 1117 907 1145 958; x_wconf 98' lang='lat'><strong>6</strong></span> <span class='ocrx_word' id='word_1_67' title='bbox 1172 906 1348 959; x_wconf 82' lang='grc' dir='ltr'><strong>ὀπίσω</strong></span> <span class='ocrx_word' id='word_1_68' title='bbox 1375 921 1479 974; x_wconf 87' lang='grc' dir='ltr'><strong>μου</strong></span> <span class='ocrx_word' id='word_1_69' title='bbox 1512 901 1830 973; x_wconf 73' lang='grc' dir='ltr'>ἐρχόμενος.</span> 
     </span>
    </p>
   </div>
   <div class='ocr_carea' id='block_1_11' title="bbox 256 990 1835 1069">
    <p class='ocr_par' dir='ltr' id='par_1_11' title="bbox 256 990 1835 1069">
     <span class='ocr_line' id='line_1_11' title="bbox 256 990 1835 1069; baseline -0.004 -17"><span class='ocrx_word' id='word_1_70' title='bbox 256 998 574 1069; x_wconf 79' lang='grc' dir='ltr'>ἔμπροσθέν</span> <span class='ocrx_word' id='word_1_71' title='bbox 609 1016 709 1068; x_wconf 89' lang='grc' dir='ltr'><strong>μου</strong></span> <span class='ocrx_word' id='word_1_72' title='bbox 739 999 982 1067; x_wconf 79' lang='grc' dir='ltr'>γέγονεν,</span> <span class='ocrx_word' id='word_1_73' title='bbox 1015 998 1095 1051; x_wconf 82' lang='grc' dir='ltr'>ὅτι</span> <span class='ocrx_word' id='word_1_74' title='bbox 1133 996 1352 1068; x_wconf 84' lang='grc' dir='ltr'>πρῶτός</span> <span class='ocrx_word' id='word_1_75' title='bbox 1386 1012 1488 1066; x_wconf 91' lang='grc' dir='ltr'><strong>μου</strong></span> <span class='ocrx_word' id='word_1_76' title='bbox 1534 990 1622 1065; x_wconf 78' lang='grc' dir='ltr'>ἦν.</span> <span class='ocrx_word' id='word_1_77' title='bbox 1662 1013 1681 1045; x_wconf 74' lang='grc' dir='ltr'><strong>ι</strong></span> <span class='ocrx_word' id='word_1_78' title='bbox 1721 992 1835 1064; x_wconf 76' lang='grc' dir='ltr'><strong>Τὴν</strong></span> 
     </span>
    </p>
   </div>
   <div class='ocr_carea' id='block_1_12' title="bbox 271 1084 1833 1163">
    <p class='ocr_par' dir='ltr' id='par_1_12' title="bbox 271 1084 1833 1163">
     <span class='ocr_line' id='line_1_12' title="bbox 271 1084 1833 1163; baseline -0.003 -21"><span class='ocrx_word' id='word_1_79' title='bbox 271 1090 522 1144; x_wconf 77' lang='grc' dir='ltr'><strong>Ἰωάννου</strong></span> <span class='ocrx_word' id='word_1_80' title='bbox 551 1091 859 1163; x_wconf 80' lang='grc' dir='ltr'>μαρτυρίαν</span> <span class='ocrx_word' id='word_1_81' title='bbox 884 1090 1126 1160; x_wconf 82' lang='grc' dir='ltr'>συνεχῶς</span> <span class='ocrx_word' id='word_1_82' title='bbox 1158 1087 1582 1160; x_wconf 75' lang='grc' dir='ltr'>παραλαμϐάνει</span> <span class='ocrx_word' id='word_1_83' title='bbox 1613 1087 1641 1138; x_wconf 91' lang='lat'><strong>6</strong></span> <span class='ocrx_word' id='word_1_84' title='bbox 1669 1084 1833 1152; x_wconf 79' lang='grc' dir='ltr'>εὐαγ-</span> 
     </span>
    </p>
   </div>
   <div class='ocr_carea' id='block_1_13' title="bbox 236 1174 1835 1252">
    <p class='ocr_par' dir='ltr' id='par_1_13' title="bbox 236 1174 1835 1252">
     <span class='ocr_line' id='line_1_13' title="bbox 236 1174 1835 1252; baseline -0.002 -22"><span class='ocrx_word' id='word_1_85' title='bbox 236 1180 555 1250; x_wconf 72' lang='grc' dir='ltr'>-γελιστήςι</span> <span class='ocrx_word' id='word_1_86' title='bbox 599 1182 719 1252; x_wconf 72' lang='grc' dir='ltr'>οὐχὶ</span> <span class='ocrx_word' id='word_1_87' title='bbox 748 1181 840 1233; x_wconf 80' lang='grc' dir='ltr'><strong>τὸν</strong></span> <span class='ocrx_word' id='word_1_88' title='bbox 902 1181 1188 1249; x_wconf 74' lang='grc' dir='ltr'>Δεσπότην</span> <span class='ocrx_word' id='word_1_89' title='bbox 1239 1180 1552 1246; x_wconf 82' lang='grc' dir='ltr'>ἀξιόπιστον</span> <span class='ocrx_word' id='word_1_90' title='bbox 1604 1176 1712 1231; x_wconf 72' lang='grc' dir='ltr'><strong>ἀπὸ</strong></span> <span class='ocrx_word' id='word_1_91' title='bbox 1740 1174 1835 1228; x_wconf 82' lang='grc' dir='ltr'><strong>τοῦ</strong></span> 
     </span>
    </p>
   </div>
   <div class='ocr_carea' id='block_1_14' title="bbox 255 1262 1837 1343">
    <p class='ocr_par' dir='ltr' id='par_1_14' title="bbox 255 1262 1837 1343">
     <span class='ocr_line' id='line_1_14' title="bbox 255 1262 1837 1343; baseline -0.001 -19"><span class='ocrx_word' id='word_1_92' title='bbox 255 1272 450 1325; x_wconf 77' lang='grc' dir='ltr'>δούλου</span> <span class='ocrx_word' id='word_1_93' title='bbox 504 1272 697 1337; x_wconf 82' lang='grc' dir='ltr'>ποιῶν,</span> <span class='ocrx_word' id='word_1_94' title='bbox 746 1272 861 1326; x_wconf 86' lang='grc' dir='ltr'>ἀλλ’</span> <span class='ocrx_word' id='word_1_95' title='bbox 916 1274 1038 1326; x_wconf 74' lang='grc' dir='ltr'>ἐπεὶ</span> <span class='ocrx_word' id='word_1_96' title='bbox 1092 1271 1338 1343; x_wconf 81' lang='grc' dir='ltr'>μεγάλην</span> <span class='ocrx_word' id='word_1_97' title='bbox 1386 1269 1654 1339; x_wconf 73' lang='grc' dir='ltr'><strong>ὑπόληψιν</strong></span> <span class='ocrx_word' id='word_1_98' title='bbox 1691 1262 1837 1337; x_wconf 81' lang='grc' dir='ltr'>εἶχον</span> 
     </span>
    </p>
   </div>
   <div class='ocr_carea' id='block_1_15' title="bbox 262 1358 1839 1435">
    <p class='ocr_par' dir='ltr' id='par_1_15' title="bbox 262 1358 1839 1435">
     <span class='ocr_line' id='line_1_15' title="bbox 262 1358 1839 1435; baseline 0 -23"><span class='ocrx_word' id='word_1_99' title='bbox 262 1367 395 1433; x_wconf 73' lang='grc' dir='ltr'>περὶ</span> <span class='ocrx_word' id='word_1_100' title='bbox 431 1365 677 1418; x_wconf 82' lang='grc' dir='ltr'><strong>Ἰωάννου</strong></span> <span class='ocrx_word' id='word_1_101' title='bbox 712 1366 759 1417; x_wconf 87' lang='grc' dir='ltr'><strong>οί</strong></span> <span class='ocrx_word' id='word_1_102' title='bbox 789 1364 959 1435; x_wconf 74' lang='grc' dir='ltr'>ὄχλοι,</span> <span class='ocrx_word' id='word_1_103' title='bbox 1007 1363 1201 1418; x_wconf 80' lang='grc' dir='ltr'>τούτου</span> <span class='ocrx_word' id='word_1_104' title='bbox 1251 1363 1438 1415; x_wconf 80' lang='grc' dir='ltr'>ἕνεκεν</span> <span class='ocrx_word' id='word_1_105' title='bbox 1479 1358 1839 1432; x_wconf 73' lang='grc' dir='ltr'>παραλαμϐά-</span> 
     </span>
    </p>
   </div>
   <div class='ocr_carea' id='block_1_16' title="bbox 259 1449 1838 1526">
    <p class='ocr_par' dir='ltr' id='par_1_16' title="bbox 259 1449 1838 1526">
     <span class='ocr_line' id='line_1_16' title="bbox 259 1449 1838 1526; baseline -0.001 -21"><span class='ocrx_word' id='word_1_106' title='bbox 259 1472 343 1507; x_wconf 75' lang='grc' dir='ltr'><strong>νει</strong></span> <span class='ocrx_word' id='word_1_107' title='bbox 368 1457 447 1518; x_wconf 79' lang='grc' dir='ltr'><strong>είς</strong></span> <span class='ocrx_word' id='word_1_108' title='bbox 479 1456 576 1524; x_wconf 77' lang='grc' dir='ltr'><strong>τὴν</strong></span> <span class='ocrx_word' id='word_1_109' title='bbox 604 1456 731 1525; x_wconf 74' lang='grc' dir='ltr'>περὶ</span> <span class='ocrx_word' id='word_1_110' title='bbox 774 1455 869 1509; x_wconf 83' lang='grc' dir='ltr'><strong>τοῦ</strong></span> <span class='ocrx_word' id='word_1_111' title='bbox 919 1455 1159 1526; x_wconf 75' lang='grc' dir='ltr'><strong>Χριστοῦ</strong></span> <span class='ocrx_word' id='word_1_112' title='bbox 1205 1454 1513 1525; x_wconf 80' lang='grc' dir='ltr'>μαρτυρίαν</span> <span class='ocrx_word' id='word_1_113' title='bbox 1570 1453 1662 1505; x_wconf 83' lang='grc' dir='ltr'><strong>τὸν</strong></span> <span class='ocrx_word' id='word_1_114' title='bbox 1709 1449 1838 1520; x_wconf 86' lang='grc' dir='ltr'>παρ’</span> 
     </span>
    </p>
   </div>
   <div class='ocr_carea' id='block_1_17' title="bbox 259 1540 1840 1618">
    <p class='ocr_par' dir='ltr' id='par_1_17' title="bbox 259 1540 1840 1618">
     <span class='ocr_line' id='line_1_17' title="bbox 259 1540 1840 1618; baseline -0.002 -21"><span class='ocrx_word' id='word_1_115' title='bbox 259 1547 493 1609; x_wconf 79' lang='grc' dir='ltr'>ἐκείνοις</span> <span class='ocrx_word' id='word_1_116' title='bbox 529 1546 884 1618; x_wconf 74' lang='grc' dir='ltr'>νομιζόμενον</span> <span class='ocrx_word' id='word_1_117' title='bbox 912 1548 1089 1617; x_wconf 77' lang='grc' dir='ltr'>μέγαν</span> <span class='ocrx_word' id='word_1_118' title='bbox 1138 1547 1415 1616; x_wconf 84' lang='grc' dir='ltr'>Ἰωάννην,</span> <span class='ocrx_word' id='word_1_119' title='bbox 1444 1542 1539 1598; x_wconf 72' lang='grc' dir='ltr'>καὶ</span> <span class='ocrx_word' id='word_1_120' title='bbox 1565 1540 1652 1597; x_wconf 76' lang='grc' dir='ltr'><strong>διά</strong></span> <span class='ocrx_word' id='word_1_121' title='bbox 1680 1541 1840 1595; x_wconf 88' lang='grc' dir='ltr'>τοῦτο</span> 
     </span>
    </p>
   </div>
   <div class='ocr_carea' id='block_1_18' title="bbox 262 1629 1832 1709">
    <p class='ocr_par' dir='ltr' id='par_1_18' title="bbox 262 1629 1832 1709">
     <span class='ocr_line' id='line_1_18' title="bbox 262 1629 1832 1709; baseline -0.003 -18"><span class='ocrx_word' id='word_1_122' title='bbox 262 1638 407 1708; x_wconf 79' lang='grc' dir='ltr'>ὑπὲρ</span> <span class='ocrx_word' id='word_1_123' title='bbox 439 1639 693 1702; x_wconf 77' lang='grc' dir='ltr'>ἅπαντας</span> <span class='ocrx_word' id='word_1_124' title='bbox 728 1640 1142 1709; x_wconf 72' lang='grc' dir='ltr'><strong>πιστευόμενον.</strong></span> <span class='ocrx_word' id='word_1_125' title='bbox 1189 1635 1262 1691; x_wconf 82' lang='grc' dir='ltr'><strong>Τὸ</strong></span> <span class='ocrx_word' id='word_1_126' title='bbox 1292 1636 1373 1701; x_wconf 80' lang='grc' dir='ltr'><strong>δὲ,</strong></span> <span class='ocrx_word' id='word_1_127' title='bbox 1412 1652 1430 1688; x_wconf 84' lang='grc' dir='ltr'><strong>ι</strong></span> <span class='ocrx_word' id='word_1_128' title='bbox 1491 1629 1752 1703; x_wconf 78' lang='grc' dir='ltr'>κέκραγε,</span> <span class='ocrx_word' id='word_1_129' title='bbox 1812 1652 1832 1686; x_wconf 77' lang='grc' dir='ltr'><strong>ι</strong></span> 
     </span>
    </p>
   </div>
   <div class='ocr_carea' id='block_1_19' title="bbox 1934 529 2952 604">
    <p class='ocr_par' dir='ltr' id='par_1_19' title="bbox 1934 529 2952 604">
     <span class='ocr_line' id='line_1_19' title="bbox 1934 529 2952 604; baseline -0.001 -17"><span class='ocrx_word' id='word_1_130' title='bbox 1934 529 2187 602; x_wconf 78' lang='lat' dir='ltr'><strong>faciebat,</strong></span> <span class='ocrx_word' id='word_1_131' title='bbox 2221 532 2534 604; x_wconf 71' lang='lat' dir='ltr'><strong>spectabam</strong></span> <span class='ocrx_word' id='word_1_132' title='bbox 2558 531 2782 603; x_wconf 79' lang='lat' dir='ltr'><strong>gloriam</strong></span> <span class='ocrx_word' id='word_1_133' title='bbox 2814 532 2952 603; x_wconf 83' lang='lat' dir='ltr'><strong>ejus.</strong></span> 
     </span>
    </p>
   </div>
   <div class='ocr_carea' id='block_1_20' title="bbox 2011 800 3505 879">
    <p class='ocr_par' dir='ltr' id='par_1_20' title="bbox 2011 800 3505 879">
     <span class='ocr_line' id='line_1_20' title="bbox 2011 800 3505 879; baseline 0.005 -20"><span class='ocrx_word' id='word_1_134' title='bbox 2011 802 2170 863; x_wconf 70' lang='lat' dir='ltr'><strong>Vens.</strong></span> <span class='ocrx_word' id='word_1_135' title='bbox 2202 801 2286 861; x_wconf 76' lang='grc'><strong>15.</strong></span> <span class='ocrx_word' id='word_1_136' title='bbox 2313 824 2334 858; x_wconf 81' lang='grc' dir='ltr'><strong>ι</strong></span> <span class='ocrx_word' id='word_1_137' title='bbox 2376 800 2612 862; x_wconf 75' lang='lat' dir='ltr'><strong>Joannes</strong></span> <span class='ocrx_word' id='word_1_138' title='bbox 2642 815 2870 862; x_wconf 82' lang='lat' dir='ltr'><strong>testatur</strong></span> <span class='ocrx_word' id='word_1_139' title='bbox 2891 809 2956 864; x_wconf 90' lang='lat' dir='ltr'><strong>de</strong></span> <span class='ocrx_word' id='word_1_140' title='bbox 2984 809 3120 879; x_wconf 91' lang='lat' dir='ltr'><strong>ipso,</strong></span> <span class='ocrx_word' id='word_1_141' title='bbox 3148 819 3203 866; x_wconf 89' lang='lat' dir='ltr'><strong>et</strong></span> <span class='ocrx_word' id='word_1_142' title='bbox 3232 811 3505 874; x_wconf 87' lang='lat' dir='ltr'><strong>clamavit.</strong></span> 
     </span>
    </p>
   </div>
   <div class='ocr_carea' id='block_1_21' title="bbox 1939 898 3511 974">
    <p class='ocr_par' dir='ltr' id='par_1_21' title="bbox 1939 898 3511 974">
     <span class='ocr_line' id='line_1_21' title="bbox 1939 898 3511 974; baseline 0.003 -19"><span class='ocrx_word' id='word_1_143' title='bbox 1939 899 2170 956; x_wconf 90' lang='lat' dir='ltr'><strong>dicens:</strong></span> <span class='ocrx_word' id='word_1_144' title='bbox 2208 898 2303 954; x_wconf 85' lang='lat' dir='ltr'><strong>Hie</strong></span> <span class='ocrx_word' id='word_1_145' title='bbox 2336 906 2453 954; x_wconf 84' lang='lat' dir='ltr'><strong>erat</strong></span> <span class='ocrx_word' id='word_1_146' title='bbox 2512 900 2577 954; x_wconf 90' lang='lat' dir='ltr'><strong>de</strong></span> <span class='ocrx_word' id='word_1_147' title='bbox 2627 914 2736 970; x_wconf 90' lang='lat' dir='ltr'><strong>quo</strong></span> <span class='ocrx_word' id='word_1_148' title='bbox 2795 900 3060 966; x_wconf 86' lang='lat' dir='ltr'><strong>dicebam,</strong></span> <span class='ocrx_word' id='word_1_149' title='bbox 3112 904 3200 974; x_wconf 91' lang='lat' dir='ltr'><strong>qui</strong></span> <span class='ocrx_word' id='word_1_150' title='bbox 3254 914 3377 974; x_wconf 89' lang='lat' dir='ltr'><strong>post</strong></span> <span class='ocrx_word' id='word_1_151' title='bbox 3426 922 3511 960; x_wconf 87' lang='lat' dir='ltr'><strong>tne</strong></span> 
     </span>
    </p>
   </div>
   <div class='ocr_carea' id='block_1_22' title="bbox 1939 989 3506 1066">
    <p class='ocr_par' dir='ltr' id='par_1_22' title="bbox 1939 989 3506 1066">
     <span class='ocr_line' id='line_1_22' title="bbox 1939 989 3506 1066; baseline 0.003 -23"><span class='ocrx_word' id='word_1_152' title='bbox 1939 1002 2223 1057; x_wconf 83' lang='lat' dir='ltr'><strong>venturus,</strong></span> <span class='ocrx_word' id='word_1_153' title='bbox 2255 998 2377 1046; x_wconf 81' lang='lat' dir='ltr'><strong>ante</strong></span> <span class='ocrx_word' id='word_1_154' title='bbox 2406 1008 2490 1046; x_wconf 87' lang='lat' dir='ltr'><strong>me</strong></span> <span class='ocrx_word' id='word_1_155' title='bbox 2535 989 2708 1047; x_wconf 84' lang='lat' dir='ltr'><strong>factus</strong></span> <span class='ocrx_word' id='word_1_156' title='bbox 2730 1001 2835 1057; x_wconf 92' lang='lat' dir='ltr'><strong>est,</strong></span> <span class='ocrx_word' id='word_1_157' title='bbox 2867 994 2990 1061; x_wconf 82' lang='lat' dir='ltr'><strong>quia</strong></span> <span class='ocrx_word' id='word_1_158' title='bbox 3027 996 3175 1066; x_wconf 89' lang='lat' dir='ltr'><strong>prior</strong></span> <span class='ocrx_word' id='word_1_159' title='bbox 3204 1012 3288 1051; x_wconf 92' lang='lat' dir='ltr'><strong>me</strong></span> <span class='ocrx_word' id='word_1_160' title='bbox 3311 1007 3451 1051; x_wconf 91' lang='lat' dir='ltr'><strong>erat.</strong></span> <span class='ocrx_word' id='word_1_161' title='bbox 3488 1018 3506 1048; x_wconf 76' lang='grc' dir='ltr'><strong>ι</strong></span> 
     </span>
    </p>
   </div>
   <div class='ocr_carea' id='block_1_23' title="bbox 1943 1078 3515 1160">
    <p class='ocr_par' dir='ltr' id='par_1_23' title="bbox 1943 1078 3515 1160">
     <span class='ocr_line' id='line_1_23' title="bbox 1943 1078 3515 1160; baseline 0.004 -22"><span class='ocrx_word' id='word_1_162' title='bbox 1943 1083 2275 1154; x_wconf 76' lang='lat' dir='ltr'><strong>Frequenter</strong></span> <span class='ocrx_word' id='word_1_163' title='bbox 2309 1082 2533 1140; x_wconf 79' lang='lat' dir='ltr'><strong>Joannis</strong></span> <span class='ocrx_word' id='word_1_164' title='bbox 2576 1085 2940 1140; x_wconf 88' lang='lat' dir='ltr'><strong>testimonium</strong></span> <span class='ocrx_word' id='word_1_165' title='bbox 2971 1078 3195 1143; x_wconf 83' lang='lat' dir='ltr'><strong>assumit</strong></span> <span class='ocrx_word' id='word_1_166' title='bbox 3241 1091 3515 1160; x_wconf 64' lang='lat' dir='ltr'><strong>cvangeli-</strong></span> 
     </span>
    </p>
   </div>
   <div class='ocr_carea' id='block_1_24' title="bbox 1942 1174 3515 1247">
    <p class='ocr_par' dir='ltr' id='par_1_24' title="bbox 1942 1174 3515 1247">
     <span class='ocr_line' id='line_1_24' title="bbox 1942 1174 3515 1247; baseline 0.003 -18"><span class='ocrx_word' id='word_1_167' title='bbox 1942 1180 2047 1242; x_wconf 90' lang='lat' dir='ltr'><strong>sta,</strong></span> <span class='ocrx_word' id='word_1_168' title='bbox 2071 1191 2175 1228; x_wconf 90' lang='lat' dir='ltr'><strong>non</strong></span> <span class='ocrx_word' id='word_1_169' title='bbox 2194 1181 2250 1227; x_wconf 89' lang='lat' dir='ltr'><strong>ut</strong></span> <span class='ocrx_word' id='word_1_170' title='bbox 2273 1174 2550 1230; x_wconf 86' lang='lat' dir='ltr'><strong>Dominum</strong></span> <span class='ocrx_word' id='word_1_171' title='bbox 2569 1174 2672 1232; x_wconf 76' lang='lat' dir='ltr'><strong>title</strong></span> <span class='ocrx_word' id='word_1_172' title='bbox 2690 1177 2908 1247; x_wconf 86' lang='lat' dir='ltr'><strong>dignum</strong></span> <span class='ocrx_word' id='word_1_173' title='bbox 2929 1176 3094 1233; x_wconf 79' lang='lat' dir='ltr'><strong>faciat</strong></span> <span class='ocrx_word' id='word_1_174' title='bbox 3112 1194 3141 1232; x_wconf 91' lang='lat' dir='ltr'><strong>e</strong></span> <span class='ocrx_word' id='word_1_175' title='bbox 3160 1181 3337 1235; x_wconf 84' lang='lat' dir='ltr'><strong>verbis</strong></span> <span class='ocrx_word' id='word_1_176' title='bbox 3353 1183 3515 1247; x_wconf 86' lang='lat' dir='ltr'><strong>servi,</strong></span> 
     </span>
    </p>
   </div>
   <div class='ocr_carea' id='block_1_25' title="bbox 1943 1266 3521 1340">
    <p class='ocr_par' dir='ltr' id='par_1_25' title="bbox 1943 1266 3521 1340">
     <span class='ocr_line' id='line_1_25' title="bbox 1943 1266 3521 1340; baseline 0.005 -21"><span class='ocrx_word' id='word_1_177' title='bbox 1943 1267 2036 1320; x_wconf 83' lang='lat' dir='ltr'><strong>sed</strong></span> <span class='ocrx_word' id='word_1_178' title='bbox 2065 1266 2190 1335; x_wconf 84' lang='lat' dir='ltr'><strong>quia</strong></span> <span class='ocrx_word' id='word_1_179' title='bbox 2219 1267 2385 1322; x_wconf 85' lang='lat' dir='ltr'><strong>turbae</strong></span> <span class='ocrx_word' id='word_1_180' title='bbox 2419 1284 2663 1338; x_wconf 82' lang='lat' dir='ltr'><strong>magnam</strong></span> <span class='ocrx_word' id='word_1_181' title='bbox 2696 1269 2761 1323; x_wconf 90' lang='lat' dir='ltr'><strong>de</strong></span> <span class='ocrx_word' id='word_1_182' title='bbox 2798 1268 3005 1324; x_wconf 83' lang='lat' dir='ltr'><strong>Joanne</strong></span> <span class='ocrx_word' id='word_1_183' title='bbox 3024 1272 3327 1340; x_wconf 80' lang='lat' dir='ltr'><strong>opinionem</strong></span> <span class='ocrx_word' id='word_1_184' title='bbox 3358 1276 3521 1327; x_wconf 82' lang='lat' dir='ltr'><strong>hahe-</strong></span> 
     </span>
    </p>
   </div>
   <div class='ocr_carea' id='block_1_26' title="bbox 1939 1356 3523 1428">
    <p class='ocr_par' dir='ltr' id='par_1_26' title="bbox 1939 1356 3523 1428">
     <span class='ocr_line' id='line_1_26' title="bbox 1939 1356 3523 1428; baseline 0.003 -18"><span class='ocrx_word' id='word_1_185' title='bbox 1939 1357 2399 1428; x_wconf 80' lang='lat' dir='ltr'><strong>bant,cjusgratia</strong></span> <span class='ocrx_word' id='word_1_186' title='bbox 2418 1357 2470 1411; x_wconf 83' lang='lat' dir='ltr'><strong>in</strong></span> <span class='ocrx_word' id='word_1_187' title='bbox 2495 1356 2857 1412; x_wconf 86' lang='lat' dir='ltr'><strong>testimonium</strong></span> <span class='ocrx_word' id='word_1_188' title='bbox 2886 1359 3087 1415; x_wconf 81' lang='lat' dir='ltr'><strong>Christi</strong></span> <span class='ocrx_word' id='word_1_189' title='bbox 3111 1362 3331 1413; x_wconf 64' lang='lat' dir='ltr'><strong>assumit</strong></span> <span class='ocrx_word' id='word_1_190' title='bbox 3355 1357 3523 1415; x_wconf 75' lang='lat' dir='ltr'><strong>Joan-</strong></span> 
     </span>
    </p>
   </div>
   <div class='ocr_carea' id='block_1_27' title="bbox 1939 1451 3526 1524">
    <p class='ocr_par' dir='ltr' id='par_1_27' title="bbox 1939 1451 3526 1524">
     <span class='ocr_line' id='line_1_27' title="bbox 1939 1451 3526 1524; baseline 0.003 -19"><span class='ocrx_word' id='word_1_191' title='bbox 1939 1451 2195 1522; x_wconf 83' lang='lat' dir='ltr'><strong>nem,qui</strong></span> <span class='ocrx_word' id='word_1_192' title='bbox 2241 1452 2380 1519; x_wconf 84' lang='lat' dir='ltr'><strong>apud</strong></span> <span class='ocrx_word' id='word_1_193' title='bbox 2413 1451 2578 1524; x_wconf 74' lang='lat'><strong>518</strong></span> <span class='ocrx_word' id='word_1_194' title='bbox 2612 1452 2730 1507; x_wconf 88' lang='lat' dir='ltr'><strong>illos</strong></span> <span class='ocrx_word' id='word_1_195' title='bbox 2765 1468 2992 1521; x_wconf 75' lang='lat' dir='ltr'><strong>magnus</strong></span> <span class='ocrx_word' id='word_1_196' title='bbox 3039 1455 3438 1519; x_wconf 83' lang='lat' dir='ltr'><strong>nominabatur,</strong></span> <span class='ocrx_word' id='word_1_197' title='bbox 3471 1467 3526 1509; x_wconf 90' lang='lat' dir='ltr'><strong>ct</strong></span> 
     </span>
    </p>
   </div>
   <div class='ocr_carea' id='block_1_28' title="bbox 1939 1543 3515 1613">
    <p class='ocr_par' dir='ltr' id='par_1_28' title="bbox 1939 1543 3515 1613">
     <span class='ocr_line' id='line_1_28' title="bbox 1939 1543 3515 1613; baseline 0.002 -14"><span class='ocrx_word' id='word_1_198' title='bbox 1939 1559 2105 1611; x_wconf 88' lang='lat' dir='ltr'><strong>super</strong></span> <span class='ocrx_word' id='word_1_199' title='bbox 2131 1560 2321 1600; x_wconf 86' lang='lat' dir='ltr'><strong>omnes</strong></span> <span class='ocrx_word' id='word_1_200' title='bbox 2351 1543 2486 1598; x_wconf 86' lang='lat' dir='ltr'><strong>alios</strong></span> <span class='ocrx_word' id='word_1_201' title='bbox 2514 1554 2634 1599; x_wconf 77' lang='lat' dir='ltr'><strong>esSe</strong></span> <span class='ocrx_word' id='word_1_202' title='bbox 2663 1547 3001 1601; x_wconf 84' lang='lat' dir='ltr'><strong>crelcbatur.</strong></span> <span class='ocrx_word' id='word_1_203' title='bbox 3042 1547 3269 1602; x_wconf 87' lang='lat' dir='ltr'><strong>Verbum</strong></span> <span class='ocrx_word' id='word_1_204' title='bbox 3315 1558 3515 1613; x_wconf 90' lang='lat' dir='ltr'><strong>autem,</strong></span> 
     </span>
    </p>
   </div>
   <div class='ocr_carea' id='block_1_29' title="bbox 1948 1632 3525 1708">
    <p class='ocr_par' dir='ltr' id='par_1_29' title="bbox 1948 1632 3525 1708">
     <span class='ocr_line' id='line_1_29' title="bbox 1948 1632 3525 1708; baseline 0.003 -19"><span class='ocrx_word' id='word_1_205' title='bbox 1948 1656 1967 1689; x_wconf 81' lang='grc' dir='ltr'><strong>ι</strong></span> <span class='ocrx_word' id='word_1_206' title='bbox 1994 1636 2295 1700; x_wconf 66' lang='lat' dir='ltr'><strong>clamavit,»</strong></span> <span class='ocrx_word' id='word_1_207' title='bbox 2325 1646 2572 1708; x_wconf 79' lang='lat' dir='ltr'><strong>magnam</strong></span> <span class='ocrx_word' id='word_1_208' title='bbox 2599 1632 2847 1693; x_wconf 66' lang='lat' dir='ltr'><strong>fiduciam</strong></span> <span class='ocrx_word' id='word_1_209' title='bbox 2878 1649 2932 1694; x_wconf 88' lang='lat' dir='ltr'><strong>et</strong></span> <span class='ocrx_word' id='word_1_210' title='bbox 2962 1638 3261 1697; x_wconf 86' lang='lat' dir='ltr'><strong>libertatem</strong></span> <span class='ocrx_word' id='word_1_211' title='bbox 3298 1639 3525 1696; x_wconf 77' lang='lat' dir='ltr'><strong>Joannis</strong></span> 
     </span>
    </p>
   </div>
   <div class='ocr_carea' id='block_1_30' title="bbox 260 1724 1852 1805">
    <p class='ocr_par' dir='ltr' id='par_1_30' title="bbox 260 1724 1837 1805">
     <span class='ocr_line' id='line_1_30' title="bbox 260 1724 1837 1805; baseline -0.002 -24"><span class='ocrx_word' id='word_1_212' title='bbox 260 1730 363 1801; x_wconf 73' lang='grc' dir='ltr'>τὴν</span> <span class='ocrx_word' id='word_1_213' title='bbox 392 1731 592 1802; x_wconf 78' lang='grc' dir='ltr'>πολλὴν</span> <span class='ocrx_word' id='word_1_214' title='bbox 640 1733 955 1805; x_wconf 73' lang='grc' dir='ltr'>παρρησίαν</span> <span class='ocrx_word' id='word_1_215' title='bbox 994 1731 1090 1785; x_wconf 80' lang='grc' dir='ltr'><strong>τοῦ</strong></span> <span class='ocrx_word' id='word_1_216' title='bbox 1147 1731 1395 1784; x_wconf 76' lang='grc' dir='ltr'>Ἰωάννου</span> <span class='ocrx_word' id='word_1_217' title='bbox 1442 1724 1699 1782; x_wconf 74' lang='grc' dir='ltr'><strong>δεικνύει.</strong></span> <span class='ocrx_word' id='word_1_218' title='bbox 1760 1725 1837 1780; x_wconf 86' lang='grc' dir='ltr'><strong>Οὐ</strong></span> 
     </span>
    </p>
   </div>
   <div class='ocr_carea' id='block_1_31' title="bbox 1961 1724 3524 1805">
    <p class='ocr_par' dir='ltr' id='par_1_31' title="bbox 1961 1724 3524 1801">
     <span class='ocr_line' id='line_1_31' title="bbox 1961 1724 3524 1801; baseline 0.005 -24"><span class='ocrx_word' id='word_1_219' title='bbox 1961 1726 2196 1782; x_wconf 75' lang='lat' dir='ltr'><strong>isteudit.</strong></span> <span class='ocrx_word' id='word_1_220' title='bbox 2251 1724 2367 1780; x_wconf 86' lang='lat' dir='ltr'><strong>Non</strong></span> <span class='ocrx_word' id='word_1_221' title='bbox 2398 1738 2539 1781; x_wconf 88' lang='lat' dir='ltr'><strong>entm</strong></span> <span class='ocrx_word' id='word_1_222' title='bbox 2568 1728 2621 1782; x_wconf 89' lang='lat' dir='ltr'><strong>in</strong></span> <span class='ocrx_word' id='word_1_223' title='bbox 2661 1730 2881 1801; x_wconf 81' lang='lat' dir='ltr'><strong>angulo,</strong></span> <span class='ocrx_word' id='word_1_224' title='bbox 2933 1732 3025 1785; x_wconf 85' lang='lat' dir='ltr'><strong>sed</strong></span> <span class='ocrx_word' id='word_1_225' title='bbox 3059 1748 3248 1799; x_wconf 74' lang='lat' dir='ltr'><strong>magna</strong></span> <span class='ocrx_word' id='word_1_226' title='bbox 3304 1748 3424 1786; x_wconf 90' lang='lat' dir='ltr'><strong>cum</strong></span> <span class='ocrx_word' id='word_1_227' title='bbox 3463 1732 3524 1785; x_wconf 88' lang='lat' dir='ltr'><strong>li-</strong></span> 
     </span>
    </p>
   </div>
   <div class='ocr_carea' id='block_1_32' title="bbox 269 1805 1852 1896">
    <p class='ocr_par' dir='ltr' id='par_1_32' title="bbox 269 1817 1841 1896">
     <span class='ocr_line' id='line_1_32' title="bbox 269 1817 1841 1896; baseline -0.001 -22"><span class='ocrx_word' id='word_1_228' title='bbox 269 1822 383 1894; x_wconf 73' lang='grc' dir='ltr'><strong>γὰρ</strong></span> <span class='ocrx_word' id='word_1_229' title='bbox 416 1824 474 1875; x_wconf 81' lang='grc' dir='ltr'><strong>ἐν</strong></span> <span class='ocrx_word' id='word_1_230' title='bbox 517 1824 711 1896; x_wconf 72' lang='grc' dir='ltr'>γωνίᾳ,</span> <span class='ocrx_word' id='word_1_231' title='bbox 753 1821 889 1877; x_wconf 79' lang='grc' dir='ltr'>ἀλλὰ</span> <span class='ocrx_word' id='word_1_232' title='bbox 928 1823 1066 1893; x_wconf 84' lang='grc' dir='ltr'>μετὰ</span> <span class='ocrx_word' id='word_1_233' title='bbox 1100 1822 1301 1892; x_wconf 78' lang='grc' dir='ltr'>πολλῆς</span> <span class='ocrx_word' id='word_1_234' title='bbox 1355 1819 1457 1889; x_wconf 84' lang='grc' dir='ltr'>τῆς</span> <span class='ocrx_word' id='word_1_235' title='bbox 1524 1817 1841 1890; x_wconf 73' lang='grc' dir='ltr'>παρρησίας</span> 
     </span>
    </p>
   </div>
   <div class='ocr_carea' id='block_1_33' title="bbox 1961 1805 3526 1896">
    <p class='ocr_par' dir='ltr' id='par_1_33' title="bbox 1961 1818 3526 1889">
     <span class='ocr_line' id='line_1_33' title="bbox 1961 1818 3526 1889; baseline 0.003 -16"><span class='ocrx_word' id='word_1_236' title='bbox 1961 1826 2157 1875; x_wconf 66' lang='lat' dir='ltr'><strong>bertate</strong></span> <span class='ocrx_word' id='word_1_237' title='bbox 2204 1818 2474 1875; x_wconf 67' lang='lat' dir='ltr'><strong>clamabat</strong></span> <span class='ocrx_word' id='word_1_238' title='bbox 2504 1820 2570 1876; x_wconf 86' lang='lat' dir='ltr'><strong>de</strong></span> <span class='ocrx_word' id='word_1_239' title='bbox 2611 1820 2847 1878; x_wconf 83' lang='lat' dir='ltr'><strong>Christo.</strong></span> <span class='ocrx_word' id='word_1_240' title='bbox 2881 1821 3021 1889; x_wconf 81' lang='lat' dir='ltr'><strong>Quid</strong></span> <span class='ocrx_word' id='word_1_241' title='bbox 3067 1837 3245 1879; x_wconf 89' lang='lat' dir='ltr'><strong>autem</strong></span> <span class='ocrx_word' id='word_1_242' title='bbox 3275 1825 3526 1879; x_wconf 80' lang='lat' dir='ltr'><strong>dicebat?</strong></span> 
     </span>
    </p>
   </div>
   <div class='ocr_carea' id='block_1_34' title="bbox 262 1906 1842 1986">
    <p class='ocr_par' dir='ltr' id='par_1_34' title="bbox 262 1906 1842 1986">
     <span class='ocr_line' id='line_1_34' title="bbox 262 1906 1842 1986; baseline -0.003 -19"><span class='ocrx_word' id='word_1_243' title='bbox 262 1916 400 1969; x_wconf 70' lang='grc' dir='ltr'>ἐϐόα</span> <span class='ocrx_word' id='word_1_244' title='bbox 446 1917 575 1986; x_wconf 73' lang='grc' dir='ltr'>περὶ</span> <span class='ocrx_word' id='word_1_245' title='bbox 607 1914 867 1986; x_wconf 82' lang='grc' dir='ltr'>Χριστοῦ.</span> <span class='ocrx_word' id='word_1_246' title='bbox 916 1916 982 1967; x_wconf 89' lang='grc' dir='ltr'><strong>Τί</strong></span> <span class='ocrx_word' id='word_1_247' title='bbox 1020 1915 1076 1967; x_wconf 86' lang='grc' dir='ltr'>δὲ</span> <span class='ocrx_word' id='word_1_248' title='bbox 1104 1914 1327 1983; x_wconf 76' lang='grc' dir='ltr'>ἐλεγενς</span> <span class='ocrx_word' id='word_1_249' title='bbox 1370 1931 1388 1964; x_wconf 82' lang='grc' dir='ltr'><strong>ι</strong></span> <span class='ocrx_word' id='word_1_250' title='bbox 1438 1906 1606 1975; x_wconf 68' lang='grc' dir='ltr'>Οὗτος</span> <span class='ocrx_word' id='word_1_251' title='bbox 1653 1907 1743 1982; x_wconf 78' lang='grc' dir='ltr'>ἦν,</span> <span class='ocrx_word' id='word_1_252' title='bbox 1782 1909 1842 1963; x_wconf 86' lang='grc' dir='ltr'>ὂν</span> 
     </span>
    </p>
   </div>
   <div class='ocr_carea' id='block_1_35' title="bbox 262 2001 1843 2078">
    <p class='ocr_par' dir='ltr' id='par_1_35' title="bbox 262 2001 1843 2078">
     <span class='ocr_line' id='line_1_35' title="bbox 262 2001 1843 2078; baseline -0.003 -18"><span class='ocrx_word' id='word_1_253' title='bbox 262 2005 422 2060; x_wconf 76' lang='grc' dir='ltr'>εἷπον</span> <span class='ocrx_word' id='word_1_254' title='bbox 445 2025 460 2041; x_wconf 89' lang='grc'><strong>·</strong></span> <span class='ocrx_word' id='word_1_255' title='bbox 506 2026 526 2059; x_wconf 74' lang='grc' dir='ltr'><strong>ι</strong></span> <span class='ocrx_word' id='word_1_256' title='bbox 558 2007 653 2060; x_wconf 78' lang='grc' dir='ltr'>καὶ</span> <span class='ocrx_word' id='word_1_257' title='bbox 696 2007 800 2078; x_wconf 81' lang='grc' dir='ltr'><strong>πρὸ</strong></span> <span class='ocrx_word' id='word_1_258' title='bbox 825 2005 922 2059; x_wconf 89' lang='grc' dir='ltr'><strong>τοῦ</strong></span> <span class='ocrx_word' id='word_1_259' title='bbox 951 2006 1079 2060; x_wconf 78' lang='grc' dir='ltr'>ἰδεῖν</span> <span class='ocrx_word' id='word_1_260' title='bbox 1107 2006 1200 2059; x_wconf 80' lang='grc' dir='ltr'>τὸν</span> <span class='ocrx_word' id='word_1_261' title='bbox 1245 2005 1483 2076; x_wconf 58' lang='grc' dir='ltr'>Χριστδιν</span> <span class='ocrx_word' id='word_1_262' title='bbox 1520 2006 1549 2056; x_wconf 89' lang='lat'><strong>6</strong></span> <span class='ocrx_word' id='word_1_263' title='bbox 1591 2001 1843 2070; x_wconf 81' lang='grc' dir='ltr'>Ἰωάννης</span> 
     </span>
    </p>
   </div>
   <div class='ocr_carea' id='block_1_36' title="bbox 264 2088 1843 2171">
    <p class='ocr_par' dir='ltr' id='par_1_36' title="bbox 264 2088 1843 2171">
     <span class='ocr_line' id='line_1_36' title="bbox 264 2088 1843 2171; baseline -0.006 -18"><span class='ocrx_word' id='word_1_264' title='bbox 264 2099 571 2170; x_wconf 71' lang='grc' dir='ltr'>ἐμαρτύρει</span> <span class='ocrx_word' id='word_1_265' title='bbox 605 2100 735 2171; x_wconf 72' lang='grc' dir='ltr'>περὶ</span> <span class='ocrx_word' id='word_1_266' title='bbox 765 2096 954 2151; x_wconf 81' lang='grc' dir='ltr'>αὐτοῦ.</span> <span class='ocrx_word' id='word_1_267' title='bbox 983 2099 1094 2151; x_wconf 79' lang='lat' dir='ltr'><strong>Kal</strong></span> <span class='ocrx_word' id='word_1_268' title='bbox 1126 2096 1281 2151; x_wconf 84' lang='grc' dir='ltr'>τοῦτο</span> <span class='ocrx_word' id='word_1_269' title='bbox 1322 2094 1458 2149; x_wconf 82' lang='grc' dir='ltr'>Θεοῦ</span> <span class='ocrx_word' id='word_1_270' title='bbox 1480 2088 1715 2157; x_wconf 80' lang='grc' dir='ltr'>πάντως</span> <span class='ocrx_word' id='word_1_271' title='bbox 1750 2092 1843 2145; x_wconf 82' lang='grc' dir='ltr'>εὑ-</span> 
     </span>
    </p>
   </div>
   <div class='ocr_carea' id='block_1_37' title="bbox 265 2185 1844 2264">
    <p class='ocr_par' dir='ltr' id='par_1_37' title="bbox 265 2185 1844 2264">
     <span class='ocr_line' id='line_1_37' title="bbox 265 2185 1844 2264; baseline -0.004 -18"><span class='ocrx_word' id='word_1_272' title='bbox 265 2192 447 2254; x_wconf 77' lang='grc' dir='ltr'>ὃοκία,</span> <span class='ocrx_word' id='word_1_273' title='bbox 488 2192 574 2245; x_wconf 79' lang='grc' dir='ltr'>ἵνα</span> <span class='ocrx_word' id='word_1_274' title='bbox 601 2193 675 2263; x_wconf 76' lang='grc' dir='ltr'>μὴ</span> <span class='ocrx_word' id='word_1_275' title='bbox 709 2192 857 2264; x_wconf 72' lang='grc' dir='ltr'>δόξῃ,</span> <span class='ocrx_word' id='word_1_276' title='bbox 912 2189 991 2262; x_wconf 76' lang='grc' dir='ltr'><strong>τῷ</strong></span> <span class='ocrx_word' id='word_1_277' title='bbox 1024 2190 1303 2261; x_wconf 79' lang='grc' dir='ltr'>προσώπῳ</span> <span class='ocrx_word' id='word_1_278' title='bbox 1355 2188 1712 2260; x_wconf 78' lang='grc' dir='ltr'>χαριζόμενος</span> <span class='ocrx_word' id='word_1_279' title='bbox 1749 2185 1844 2240; x_wconf 85' lang='grc' dir='ltr'><strong>τοῦ</strong></span> 
     </span>
    </p>
   </div>
   <div class='ocr_carea' id='block_1_38' title="bbox 269 2278 1847 2355">
    <p class='ocr_par' dir='ltr' id='par_1_38' title="bbox 269 2278 1847 2355">
     <span class='ocr_line' id='line_1_38' title="bbox 269 2278 1847 2355; baseline -0.002 -19"><span class='ocrx_word' id='word_1_280' title='bbox 269 2284 531 2353; x_wconf 81' lang='grc' dir='ltr'>Χριστοῦ,</span> <span class='ocrx_word' id='word_1_281' title='bbox 561 2286 688 2355; x_wconf 66' lang='grc' dir='ltr'>περὶ</span> <span class='ocrx_word' id='word_1_282' title='bbox 724 2282 888 2338; x_wconf 82' lang='grc' dir='ltr'>αὐτοῦ</span> <span class='ocrx_word' id='word_1_283' title='bbox 912 2283 980 2336; x_wconf 84' lang='grc' dir='ltr'><strong>τὰ</strong></span> <span class='ocrx_word' id='word_1_284' title='bbox 1016 2283 1360 2354; x_wconf 83' lang='grc' dir='ltr'>χρηστότερα</span> <span class='ocrx_word' id='word_1_285' title='bbox 1393 2281 1716 2353; x_wconf 79' lang='grc' dir='ltr'>μαρτυρεῖν.</span> <span class='ocrx_word' id='word_1_286' title='bbox 1754 2278 1847 2333; x_wconf 74' lang='grc' dir='ltr'><strong>Διὸ</strong></span> 
     </span>
    </p>
   </div>
   <div class='ocr_carea' id='block_1_39' title="bbox 269 2371 1847 2445">
    <p class='ocr_par' dir='ltr' id='par_1_39' title="bbox 269 2371 1847 2445">
     <span class='ocr_line' id='line_1_39' title="bbox 269 2371 1847 2445; baseline -0.002 -17"><span class='ocrx_word' id='word_1_287' title='bbox 269 2376 369 2429; x_wconf 74' lang='grc' dir='ltr'>καὶ</span> <span class='ocrx_word' id='word_1_288' title='bbox 399 2375 589 2445; x_wconf 76' lang='grc' dir='ltr'>λέγει’</span> <span class='ocrx_word' id='word_1_289' title='bbox 626 2394 646 2428; x_wconf 82' lang='grc' dir='ltr'><strong>ι</strong></span> <span class='ocrx_word' id='word_1_290' title='bbox 692 2377 788 2430; x_wconf 87' lang='grc' dir='ltr'>Ὃν</span> <span class='ocrx_word' id='word_1_291' title='bbox 818 2372 993 2439; x_wconf 78' lang='grc' dir='ltr'>εἷπον,</span> <span class='ocrx_word' id='word_1_292' title='bbox 1032 2394 1050 2427; x_wconf 77' lang='grc' dir='ltr'><strong>ι</strong></span> <span class='ocrx_word' id='word_1_293' title='bbox 1108 2374 1379 2437; x_wconf 82' lang='grc' dir='ltr'>τουτέστι,</span> <span class='ocrx_word' id='word_1_294' title='bbox 1412 2375 1508 2427; x_wconf 75' lang='grc' dir='ltr'><strong>καὶ</strong></span> <span class='ocrx_word' id='word_1_295' title='bbox 1538 2373 1669 2444; x_wconf 67' lang='grc' dir='ltr'>πρὶν</span> <span class='ocrx_word' id='word_1_296' title='bbox 1717 2371 1847 2426; x_wconf 80' lang='grc' dir='ltr'>ἰδεῖν</span> 
     </span>
    </p>
   </div>
   <div class='ocr_carea' id='block_1_40' title="bbox 264 2464 1846 2538">
    <p class='ocr_par' dir='ltr' id='par_1_40' title="bbox 264 2464 1846 2538">
     <span class='ocr_line' id='line_1_40' title="bbox 264 2464 1846 2538; baseline -0.001 -19"><span class='ocrx_word' id='word_1_297' title='bbox 264 2468 454 2533; x_wconf 73' lang='grc' dir='ltr'>αὐτὸν,</span> <span class='ocrx_word' id='word_1_298' title='bbox 485 2486 503 2519; x_wconf 80' lang='grc' dir='ltr'><strong>ι</strong></span> <span class='ocrx_word' id='word_1_299' title='bbox 537 2470 565 2521; x_wconf 94' lang='lat'><strong>6</strong></span> <span class='ocrx_word' id='word_1_300' title='bbox 601 2468 777 2521; x_wconf 78' lang='grc' dir='ltr'>ὀπίσω</span> <span class='ocrx_word' id='word_1_301' title='bbox 830 2484 931 2538; x_wconf 89' lang='grc' dir='ltr'><strong>μου</strong></span> <span class='ocrx_word' id='word_1_302' title='bbox 974 2466 1288 2538; x_wconf 75' lang='grc' dir='ltr'>ἐρχόμενος,</span> <span class='ocrx_word' id='word_1_303' title='bbox 1331 2483 1350 2516; x_wconf 75' lang='grc' dir='ltr'><strong>ι</strong></span> <span class='ocrx_word' id='word_1_304' title='bbox 1410 2464 1552 2518; x_wconf 80' lang='grc' dir='ltr'>κατὰ</span> <span class='ocrx_word' id='word_1_305' title='bbox 1588 2464 1718 2528; x_wconf 74' lang='grc' dir='ltr'>τοὺς</span> <span class='ocrx_word' id='word_1_306' title='bbox 1747 2464 1846 2535; x_wconf 75' lang='grc' dir='ltr'><strong>τῆς</strong></span> 
     </span>
    </p>
   </div>
   <div class='ocr_carea' id='block_1_41' title="bbox 267 2558 1849 2632">
    <p class='ocr_par' dir='ltr' id='par_1_41' title="bbox 267 2558 1849 2632">
     <span class='ocr_line' id='line_1_41' title="bbox 267 2558 1849 2632; baseline -0.003 -18"><span class='ocrx_word' id='word_1_307' title='bbox 267 2560 582 2632; x_wconf 80' lang='grc' dir='ltr'>γεννήσεως</span> <span class='ocrx_word' id='word_1_308' title='bbox 609 2560 808 2631; x_wconf 79' lang='grc' dir='ltr'>δηλαδὴ</span> <span class='ocrx_word' id='word_1_309' title='bbox 835 2559 1059 2632; x_wconf 86' lang='grc' dir='ltr'>χρόνους</span> <span class='ocrx_word' id='word_1_310' title='bbox 1084 2571 1098 2588; x_wconf 85' lang='grc'>⁶</span> <span class='ocrx_word' id='word_1_311' title='bbox 1129 2558 1190 2624; x_wconf 79' lang='grc' dir='ltr'><strong>ἐξ</strong></span> <span class='ocrx_word' id='word_1_312' title='bbox 1220 2559 1329 2630; x_wconf 84' lang='grc' dir='ltr'><strong>γάρ</strong></span> <span class='ocrx_word' id='word_1_313' title='bbox 1378 2558 1552 2629; x_wconf 82' lang='grc' dir='ltr'>μῆνας</span> <span class='ocrx_word' id='word_1_314' title='bbox 1582 2558 1849 2630; x_wconf 86' lang='grc' dir='ltr'>πρότερος</span> 
     </span>
    </p>
   </div>
   <div class='ocr_carea' id='block_1_42' title="bbox 266 2648 1931 2724">
    <p class='ocr_par' dir='ltr' id='par_1_42' title="bbox 266 2648 1931 2724">
     <span class='ocr_line' id='line_1_42' title="bbox 266 2648 1931 2724; baseline -0.002 -19"><span class='ocrx_word' id='word_1_315' title='bbox 266 2648 341 2721; x_wconf 78' lang='grc' dir='ltr'>ἦν</span> <span class='ocrx_word' id='word_1_316' title='bbox 377 2655 406 2705; x_wconf 91' lang='lat'><strong>6</strong></span> <span class='ocrx_word' id='word_1_317' title='bbox 455 2652 779 2724; x_wconf 84' lang='grc' dir='ltr'>πρόδρομος</span> <span class='ocrx_word' id='word_1_318' title='bbox 818 2649 912 2704; x_wconf 88' lang='grc' dir='ltr'><strong>τοῦ</strong></span> <span class='ocrx_word' id='word_1_319' title='bbox 956 2650 1194 2723; x_wconf 83' lang='grc' dir='ltr'>Χριστοῦ</span> <span class='ocrx_word' id='word_1_320' title='bbox 1249 2650 1393 2704; x_wconf 77' lang='grc' dir='ltr'>κατὰ</span> <span class='ocrx_word' id='word_1_321' title='bbox 1420 2650 1522 2721; x_wconf 75' lang='grc' dir='ltr'>τὴν</span> <span class='ocrx_word' id='word_1_322' title='bbox 1564 2649 1624 2702; x_wconf 82' lang='grc' dir='ltr'><strong>ἐν</strong></span> <span class='ocrx_word' id='word_1_323' title='bbox 1683 2650 1849 2720; x_wconf 71' lang='grc' dir='ltr'>σαρκὶ</span> <span class='ocrx_word' id='word_1_324' title='bbox 1924 2654 1931 2659; x_wconf 85' lang='grc'><em>’</em></span> 
     </span>
    </p>
   </div>
   <div class='ocr_carea' id='block_1_43' title="bbox 269 2739 1849 2817">
    <p class='ocr_par' dir='ltr' id='par_1_43' title="bbox 269 2739 1849 2817">
     <span class='ocr_line' id='line_1_43' title="bbox 269 2739 1849 2817; baseline -0.002 -19"><span class='ocrx_word' id='word_1_325' title='bbox 269 2744 552 2816; x_wconf 66' lang='grc' dir='ltr'>γέννησιν.</span> <span class='ocrx_word' id='word_1_326' title='bbox 582 2764 603 2797; x_wconf 81' lang='grc' dir='ltr'><strong>ι</strong></span> <span class='ocrx_word' id='word_1_327' title='bbox 650 2739 818 2809; x_wconf 71' lang='grc' dir='ltr'>Οὗτος</span> <span class='ocrx_word' id='word_1_328' title='bbox 860 2743 1173 2817; x_wconf 72' lang='grc' dir='ltr'>ἔμπροσθέν</span> <span class='ocrx_word' id='word_1_329' title='bbox 1233 2759 1334 2814; x_wconf 90' lang='grc' dir='ltr'><strong>μου</strong></span> <span class='ocrx_word' id='word_1_330' title='bbox 1389 2743 1634 2811; x_wconf 79' lang='grc' dir='ltr'>γέγονεν,</span> <span class='ocrx_word' id='word_1_331' title='bbox 1675 2760 1693 2794; x_wconf 77' lang='grc' dir='ltr'><strong>ι</strong></span> <span class='ocrx_word' id='word_1_332' title='bbox 1728 2741 1849 2795; x_wconf 75' lang='grc' dir='ltr'>ἀντὶ</span> 
     </span>
    </p>
   </div>
   <div class='ocr_carea' id='block_1_44' title="bbox 269 2836 1846 2912">
    <p class='ocr_par' dir='ltr' id='par_1_44' title="bbox 269 2836 1846 2912">
     <span class='ocr_line' id='line_1_44' title="bbox 269 2836 1846 2912; baseline 0.001 -22"><span class='ocrx_word' id='word_1_333' title='bbox 269 2839 392 2903; x_wconf 78' lang='grc' dir='ltr'>τοῦ,</span> <span class='ocrx_word' id='word_1_334' title='bbox 453 2841 851 2912; x_wconf 73' lang='grc' dir='ltr'>προτιμότερός</span> <span class='ocrx_word' id='word_1_335' title='bbox 907 2857 1010 2911; x_wconf 89' lang='grc' dir='ltr'><strong>μου</strong></span> <span class='ocrx_word' id='word_1_336' title='bbox 1066 2841 1163 2892; x_wconf 74' lang='grc' dir='ltr'>καὶ</span> <span class='ocrx_word' id='word_1_337' title='bbox 1223 2836 1561 2910; x_wconf 77' lang='grc' dir='ltr'>ἐνδοξότερος</span> <span class='ocrx_word' id='word_1_338' title='bbox 1607 2836 1846 2907; x_wconf 78' lang='grc' dir='ltr'>ἐγένετο.</span> 
     </span>
    </p>
   </div>
   <div class='ocr_carea' id='block_1_45' title="bbox 270 2921 1845 3003">
    <p class='ocr_par' dir='ltr' id='par_1_45' title="bbox 270 2921 1845 3003">
     <span class='ocr_line' id='line_1_45' title="bbox 270 2921 1845 3003; baseline -0.002 -20"><span class='ocrx_word' id='word_1_339' title='bbox 270 2931 375 2985; x_wconf 81' lang='grc' dir='ltr'><strong>Διὰ</strong></span> <span class='ocrx_word' id='word_1_340' title='bbox 399 2931 450 2984; x_wconf 86' lang='grc' dir='ltr'><strong>τί</strong></span> <span class='ocrx_word' id='word_1_341' title='bbox 473 2948 491 2998; x_wconf 85' lang='lat'><strong>;</strong></span> <span class='ocrx_word' id='word_1_342' title='bbox 535 2932 657 2985; x_wconf 85' lang='grc' dir='ltr'><strong>Ὅτι</strong></span> <span class='ocrx_word' id='word_1_343' title='bbox 683 2932 777 2984; x_wconf 73' lang='grc' dir='ltr'>καὶ</span> <span class='ocrx_word' id='word_1_344' title='bbox 805 2929 1023 3003; x_wconf 85' lang='grc' dir='ltr'>πρῶτός</span> <span class='ocrx_word' id='word_1_345' title='bbox 1063 2947 1164 3001; x_wconf 89' lang='grc' dir='ltr'><strong>μου</strong></span> <span class='ocrx_word' id='word_1_346' title='bbox 1193 2921 1261 3001; x_wconf 75' lang='grc' dir='ltr'>ἢν</span> <span class='ocrx_word' id='word_1_347' title='bbox 1288 2929 1430 2983; x_wconf 81' lang='grc' dir='ltr'>κατὰ</span> <span class='ocrx_word' id='word_1_348' title='bbox 1464 2931 1562 2999; x_wconf 77' lang='grc' dir='ltr'>τὴν</span> <span class='ocrx_word' id='word_1_349' title='bbox 1593 2928 1845 2999; x_wconf 71' lang='grc' dir='ltr'>ϐιότητα.</span> 
     </span>
    </p>
   </div>
   <div class='ocr_carea' id='block_1_46' title="bbox 271 3021 1845 3095">
    <p class='ocr_par' dir='ltr' id='par_1_46' title="bbox 271 3021 1845 3095">
     <span class='ocr_line' id='line_1_46' title="bbox 271 3021 1845 3095; baseline 0 -19"><span class='ocrx_word' id='word_1_350' title='bbox 271 3024 343 3076; x_wconf 80' lang='lat' dir='ltr'><strong>Ol</strong></span> <span class='ocrx_word' id='word_1_351' title='bbox 378 3024 433 3076; x_wconf 68' lang='grc' dir='ltr'>δὲ</span> <span class='ocrx_word' id='word_1_352' title='bbox 467 3024 734 3093; x_wconf 76' lang='grc' dir='ltr'>’Δρειανοὶ</span> <span class='ocrx_word' id='word_1_353' title='bbox 757 3025 999 3095; x_wconf 77' lang='grc' dir='ltr'>ἀνοήτως</span> <span class='ocrx_word' id='word_1_354' title='bbox 1023 3023 1378 3095; x_wconf 78' lang='grc' dir='ltr'>ἡρμήνευσαν</span> <span class='ocrx_word' id='word_1_355' title='bbox 1405 3022 1468 3075; x_wconf 79' lang='grc' dir='ltr'><strong>τὸ</strong></span> <span class='ocrx_word' id='word_1_356' title='bbox 1490 3021 1653 3094; x_wconf 75' lang='grc' dir='ltr'>ῥητὸν</span> <span class='ocrx_word' id='word_1_357' title='bbox 1670 3022 1845 3076; x_wconf 78' lang='grc' dir='ltr'>τοῦτο.</span> 
     </span>
    </p>
   </div>
   <div class='ocr_carea' id='block_1_47' title="bbox 275 3111 1850 3187">
    <p class='ocr_par' dir='ltr' id='par_1_47' title="bbox 275 3111 1850 3187">
     <span class='ocr_line' id='line_1_47' title="bbox 275 3111 1850 3187; baseline 0.001 -22"><span class='ocrx_word' id='word_1_358' title='bbox 275 3116 537 3179; x_wconf 77' lang='grc' dir='ltr'>υέλοντες</span> <span class='ocrx_word' id='word_1_359' title='bbox 562 3117 672 3187; x_wconf 81' lang='grc' dir='ltr'>γὰρ</span> <span class='ocrx_word' id='word_1_360' title='bbox 699 3113 891 3181; x_wconf 76' lang='grc' dir='ltr'>δεῖξαι,</span> <span class='ocrx_word' id='word_1_361' title='bbox 917 3116 998 3169; x_wconf 82' lang='grc' dir='ltr'>ὅτι</span> <span class='ocrx_word' id='word_1_362' title='bbox 1027 3116 1056 3168; x_wconf 90' lang='lat'><strong>6</strong></span> <span class='ocrx_word' id='word_1_363' title='bbox 1090 3114 1214 3179; x_wconf 79' lang='grc' dir='ltr'>Υίδς</span> <span class='ocrx_word' id='word_1_364' title='bbox 1243 3111 1336 3167; x_wconf 90' lang='grc' dir='ltr'><strong>τοῦ</strong></span> <span class='ocrx_word' id='word_1_365' title='bbox 1379 3113 1516 3169; x_wconf 82' lang='grc' dir='ltr'>Θεοῦ</span> <span class='ocrx_word' id='word_1_366' title='bbox 1555 3115 1656 3167; x_wconf 83' lang='grc' dir='ltr'><strong>οὐκ</strong></span> <span class='ocrx_word' id='word_1_367' title='bbox 1693 3115 1850 3182; x_wconf 82' lang='grc' dir='ltr'>ἐγεν-</span> 
     </span>
    </p>
   </div>
   <div class='ocr_carea' id='block_1_48' title="bbox 1958 1906 3525 1981">
    <p class='ocr_par' dir='ltr' id='par_1_48' title="bbox 1958 1906 3525 1981">
     <span class='ocr_line' id='line_1_48' title="bbox 1958 1906 3525 1981; baseline 0.006 -22"><span class='ocrx_word' id='word_1_368' title='bbox 1958 1927 1977 1959; x_wconf 82' lang='grc'>‹</span> <span class='ocrx_word' id='word_1_369' title='bbox 2012 1907 2110 1963; x_wconf 85' lang='lat' dir='ltr'><strong>Hic</strong></span> <span class='ocrx_word' id='word_1_370' title='bbox 2146 1920 2264 1964; x_wconf 90' lang='lat' dir='ltr'><strong>erat</strong></span> <span class='ocrx_word' id='word_1_371' title='bbox 2316 1910 2380 1965; x_wconf 87' lang='lat' dir='ltr'><strong>de</strong></span> <span class='ocrx_word' id='word_1_372' title='bbox 2411 1925 2518 1981; x_wconf 87' lang='lat' dir='ltr'><strong>quo</strong></span> <span class='ocrx_word' id='word_1_373' title='bbox 2552 1906 2817 1980; x_wconf 82' lang='lat' dir='ltr'><strong>dicebam,</strong></span> <span class='ocrx_word' id='word_1_374' title='bbox 2855 1933 2874 1965; x_wconf 74' lang='grc' dir='ltr'><strong>ι</strong></span> <span class='ocrx_word' id='word_1_375' title='bbox 2903 1906 3137 1967; x_wconf 78' lang='lat' dir='ltr'><strong>Joannes</strong></span> <span class='ocrx_word' id='word_1_376' title='bbox 3181 1915 3344 1968; x_wconf 88' lang='lat' dir='ltr'><strong>etiam</strong></span> <span class='ocrx_word' id='word_1_377' title='bbox 3372 1925 3525 1968; x_wconf 80' lang='lat' dir='ltr'><strong>ante-</strong></span> 
     </span>
    </p>
   </div>
   <div class='ocr_carea' id='block_1_49' title="bbox 1948 2000 3528 2076">
    <p class='ocr_par' dir='ltr' id='par_1_49' title="bbox 1948 2000 3528 2076">
     <span class='ocr_line' id='line_1_49' title="bbox 1948 2000 3528 2076; baseline 0.006 -23"><span class='ocrx_word' id='word_1_378' title='bbox 1948 2014 2113 2069; x_wconf 87' lang='lat' dir='ltr'><strong>quam</strong></span> <span class='ocrx_word' id='word_1_379' title='bbox 2145 2000 2352 2056; x_wconf 78' lang='lat' dir='ltr'><strong>videret</strong></span> <span class='ocrx_word' id='word_1_380' title='bbox 2376 2000 2676 2070; x_wconf 82' lang='lat' dir='ltr'><strong>Christum,</strong></span> <span class='ocrx_word' id='word_1_381' title='bbox 2703 2005 3093 2061; x_wconf 77' lang='lat' dir='ltr'><strong>testiﬁcabatur</strong></span> <span class='ocrx_word' id='word_1_382' title='bbox 3115 2006 3287 2062; x_wconf 82' lang='lat' dir='ltr'><strong>deillo</strong></span> <span class='ocrx_word' id='word_1_383' title='bbox 3316 2025 3329 2062; x_wconf 89' lang='lat'><strong>:</strong></span> <span class='ocrx_word' id='word_1_384' title='bbox 3367 2007 3528 2076; x_wconf 74' lang='lat' dir='ltr'><strong>iique</strong></span> 
     </span>
    </p>
   </div>
   <div class='ocr_carea' id='block_1_50' title="bbox 1952 2092 3523 2166">
    <p class='ocr_par' dir='ltr' id='par_1_50' title="bbox 1952 2092 3523 2166">
     <span class='ocr_line' id='line_1_50' title="bbox 1952 2092 3523 2166; baseline 0.004 -18"><span class='ocrx_word' id='word_1_385' title='bbox 1952 2093 2210 2163; x_wconf 79' lang='lat' dir='ltr'><strong>singulari</strong></span> <span class='ocrx_word' id='word_1_386' title='bbox 2266 2092 2357 2148; x_wconf 86' lang='lat' dir='ltr'><strong>Dei</strong></span> <span class='ocrx_word' id='word_1_387' title='bbox 2415 2094 2710 2157; x_wconf 81' lang='lat' dir='ltr'><strong>voluntate,</strong></span> <span class='ocrx_word' id='word_1_388' title='bbox 2753 2105 2815 2150; x_wconf 90' lang='lat' dir='ltr'><strong>ut</strong></span> <span class='ocrx_word' id='word_1_389' title='bbox 2847 2112 2913 2150; x_wconf 91' lang='lat' dir='ltr'><strong>ne</strong></span> <span class='ocrx_word' id='word_1_390' title='bbox 2945 2097 3190 2152; x_wconf 84' lang='lat' dir='ltr'><strong>videatur</strong></span> <span class='ocrx_word' id='word_1_391' title='bbox 3213 2099 3523 2166; x_wconf 78' lang='lat' dir='ltr'><strong>gratiﬁcans</strong></span> 
     </span>
    </p>
   </div>
   <div class='ocr_carea' id='block_1_51' title="bbox 1953 2182 3527 2252">
    <p class='ocr_par' dir='ltr' id='par_1_51' title="bbox 1953 2182 3527 2252">
     <span class='ocr_line' id='line_1_51' title="bbox 1953 2182 3527 2252; baseline 0.005 -16"><span class='ocrx_word' id='word_1_392' title='bbox 1953 2196 2198 2252; x_wconf 72' lang='lat' dir='ltr'><strong>personae</strong></span> <span class='ocrx_word' id='word_1_393' title='bbox 2240 2182 2464 2246; x_wconf 83' lang='lat' dir='ltr'><strong>Christi,</strong></span> <span class='ocrx_word' id='word_1_394' title='bbox 2521 2187 2586 2240; x_wconf 90' lang='lat' dir='ltr'><strong>de</strong></span> <span class='ocrx_word' id='word_1_395' title='bbox 2614 2201 2680 2239; x_wconf 87' lang='lat' dir='ltr'><strong>eo</strong></span> <span class='ocrx_word' id='word_1_396' title='bbox 2712 2188 3023 2241; x_wconf 84' lang='lat' dir='ltr'><strong>honestiora</strong></span> <span class='ocrx_word' id='word_1_397' title='bbox 3048 2190 3258 2252; x_wconf 86' lang='lat' dir='ltr'><strong>testari,</strong></span> <span class='ocrx_word' id='word_1_398' title='bbox 3295 2190 3417 2245; x_wconf 87' lang='lat' dir='ltr'><strong>ideo</strong></span> <span class='ocrx_word' id='word_1_399' title='bbox 3443 2192 3527 2244; x_wconf 84' lang='lat' dir='ltr'><strong>di-</strong></span> 
     </span>
    </p>
   </div>
   <div class='ocr_carea' id='block_1_52' title="bbox 1953 2270 3530 2349">
    <p class='ocr_par' dir='ltr' id='par_1_52' title="bbox 1953 2270 3530 2349">
     <span class='ocr_line' id='line_1_52' title="bbox 1953 2270 3530 2349; baseline 0.006 -23"><span class='ocrx_word' id='word_1_400' title='bbox 1953 2272 2064 2329; x_wconf 84' lang='lat' dir='ltr'><strong>cit:</strong></span> <span class='ocrx_word' id='word_1_401' title='bbox 2099 2289 2118 2323; x_wconf 78' lang='grc' dir='ltr'><strong>ι</strong></span> <span class='ocrx_word' id='word_1_402' title='bbox 2159 2270 2235 2327; x_wconf 85' lang='lat' dir='ltr'><strong>De</strong></span> <span class='ocrx_word' id='word_1_403' title='bbox 2280 2287 2387 2343; x_wconf 86' lang='lat' dir='ltr'><strong>quo</strong></span> <span class='ocrx_word' id='word_1_404' title='bbox 2421 2273 2688 2337; x_wconf 85' lang='lat' dir='ltr'><strong>dicebam,</strong></span> <span class='ocrx_word' id='word_1_405' title='bbox 2734 2294 2752 2327; x_wconf 78' lang='grc' dir='ltr'><strong>ι</strong></span> <span class='ocrx_word' id='word_1_406' title='bbox 2790 2275 2889 2330; x_wconf 87' lang='lat' dir='ltr'><strong>hoc</strong></span> <span class='ocrx_word' id='word_1_407' title='bbox 2944 2284 3051 2339; x_wconf 85' lang='lat' dir='ltr'><strong>est,</strong></span> <span class='ocrx_word' id='word_1_408' title='bbox 3095 2280 3407 2349; x_wconf 86' lang='lat' dir='ltr'><strong>priusquam</strong></span> <span class='ocrx_word' id='word_1_409' title='bbox 3450 2283 3530 2336; x_wconf 82' lang='lat' dir='ltr'><strong>vi-</strong></span> 
     </span>
    </p>
   </div>
   <div class='ocr_carea' id='block_1_53' title="bbox 1953 2368 3527 2444">
    <p class='ocr_par' dir='ltr' id='par_1_53' title="bbox 1953 2368 3527 2444">
     <span class='ocr_line' id='line_1_53' title="bbox 1953 2368 3527 2444; baseline 0.004 -21"><span class='ocrx_word' id='word_1_410' title='bbox 1953 2368 2137 2423; x_wconf 86' lang='lat' dir='ltr'><strong>derem</strong></span> <span class='ocrx_word' id='word_1_411' title='bbox 2167 2384 2313 2436; x_wconf 84' lang='lat' dir='ltr'><strong>eum,</strong></span> <span class='ocrx_word' id='word_1_412' title='bbox 2341 2370 2460 2439; x_wconf 71' lang='lat' dir='ltr'><strong>«qui</strong></span> <span class='ocrx_word' id='word_1_413' title='bbox 2485 2382 2605 2441; x_wconf 87' lang='lat' dir='ltr'><strong>post</strong></span> <span class='ocrx_word' id='word_1_414' title='bbox 2626 2382 2711 2425; x_wconf 88' lang='lat' dir='ltr'><strong>me</strong></span> <span class='ocrx_word' id='word_1_415' title='bbox 2727 2379 3036 2438; x_wconf 66' lang='lat' dir='ltr'><strong>venturus,»</strong></span> <span class='ocrx_word' id='word_1_416' title='bbox 3059 2376 3340 2430; x_wconf 82' lang='lat' dir='ltr'><strong>manifeste</strong></span> <span class='ocrx_word' id='word_1_417' title='bbox 3356 2392 3527 2444; x_wconf 60' lang='lat' dir='ltr'><strong>quan.</strong></span> 
     </span>
    </p>
   </div>
   <div class='ocr_carea' id='block_1_54' title="bbox 1955 2462 3531 2534">
    <p class='ocr_par' dir='ltr' id='par_1_54' title="bbox 1955 2462 3531 2534">
     <span class='ocr_line' id='line_1_54' title="bbox 1955 2462 3531 2534; baseline 0.001 -19"><span class='ocrx_word' id='word_1_418' title='bbox 1955 2469 2066 2516; x_wconf 87' lang='lat' dir='ltr'><strong>tum</strong></span> <span class='ocrx_word' id='word_1_419' title='bbox 2124 2462 2190 2516; x_wconf 86' lang='lat' dir='ltr'><strong>ad</strong></span> <span class='ocrx_word' id='word_1_420' title='bbox 2251 2463 2546 2518; x_wconf 79' lang='lat' dir='ltr'><strong>nativitatis</strong></span> <span class='ocrx_word' id='word_1_421' title='bbox 2601 2473 2863 2534; x_wconf 84' lang='lat' dir='ltr'><strong>tempora.</strong></span> <span class='ocrx_word' id='word_1_422' title='bbox 2904 2463 3007 2521; x_wconf 81' lang='lat' dir='ltr'><strong>Sex</strong></span> <span class='ocrx_word' id='word_1_423' title='bbox 3052 2467 3196 2521; x_wconf 86' lang='lat' dir='ltr'><strong>enim</strong></span> <span class='ocrx_word' id='word_1_424' title='bbox 3256 2469 3531 2525; x_wconf 65' lang='lat' dir='ltr'><strong>mensiln;</strong></span> 
     </span>
    </p>
   </div>
   <div class='ocr_carea' id='block_1_55' title="bbox 1954 2552 3525 2627">
    <p class='ocr_par' dir='ltr' id='par_1_55' title="bbox 1954 2552 3525 2627">
     <span class='ocr_line' id='line_1_55' title="bbox 1954 2552 3525 2627; baseline 0.003 -17"><span class='ocrx_word' id='word_1_425' title='bbox 1954 2559 2105 2627; x_wconf 83' lang='lat' dir='ltr'><strong>prior</strong></span> <span class='ocrx_word' id='word_1_426' title='bbox 2134 2554 2236 2611; x_wconf 78' lang='lat' dir='ltr'><strong>fuit</strong></span> <span class='ocrx_word' id='word_1_427' title='bbox 2260 2554 2574 2611; x_wconf 81' lang='lat' dir='ltr'><strong>Praecursor</strong></span> <span class='ocrx_word' id='word_1_428' title='bbox 2603 2552 2810 2614; x_wconf 82' lang='lat' dir='ltr'><strong>Christi</strong></span> <span class='ocrx_word' id='word_1_429' title='bbox 2864 2561 3157 2616; x_wconf 85' lang='lat' dir='ltr'><strong>secundum</strong></span> <span class='ocrx_word' id='word_1_430' title='bbox 3191 2562 3525 2617; x_wconf 74' lang='lat' dir='ltr'><strong>nativitatem</strong></span> 
     </span>
    </p>
   </div>
   <div class='ocr_carea' id='block_1_56' title="bbox 1957 2651 3529 2731">
    <p class='ocr_par' dir='ltr' id='par_1_56' title="bbox 1957 2651 3529 2731">
     <span class='ocr_line' id='line_1_56' title="bbox 1957 2651 3529 2731; baseline 0.003 -24"><span class='ocrx_word' id='word_1_431' title='bbox 1957 2652 2010 2707; x_wconf 90' lang='lat' dir='ltr'><strong>in</strong></span> <span class='ocrx_word' id='word_1_432' title='bbox 2039 2667 2223 2731; x_wconf 76' lang='lat' dir='ltr'><strong>carne.</strong></span> <span class='ocrx_word' id='word_1_433' title='bbox 2251 2670 2271 2703; x_wconf 76' lang='grc' dir='ltr'>«ι</span> <span class='ocrx_word' id='word_1_434' title='bbox 2312 2651 2410 2704; x_wconf 85' lang='lat' dir='ltr'><strong>llic</strong></span> <span class='ocrx_word' id='word_1_435' title='bbox 2443 2663 2567 2707; x_wconf 88' lang='lat' dir='ltr'><strong>ante</strong></span> <span class='ocrx_word' id='word_1_436' title='bbox 2589 2669 2671 2707; x_wconf 90' lang='lat' dir='ltr'><strong>me</strong></span> <span class='ocrx_word' id='word_1_437' title='bbox 2694 2652 2869 2709; x_wconf 78' lang='lat' dir='ltr'><strong>factus</strong></span> <span class='ocrx_word' id='word_1_438' title='bbox 2892 2665 2997 2720; x_wconf 70' lang='grc' dir='ltr'>εει,</span> <span class='ocrx_word' id='word_1_439' title='bbox 3034 2673 3052 2705; x_wconf 77' lang='grc' dir='ltr'><strong>ι</strong></span> <span class='ocrx_word' id='word_1_440' title='bbox 3091 2656 3191 2712; x_wconf 87' lang='lat' dir='ltr'><strong>hoc</strong></span> <span class='ocrx_word' id='word_1_441' title='bbox 3222 2663 3326 2721; x_wconf 87' lang='lat' dir='ltr'><strong>est,</strong></span> <span class='ocrx_word' id='word_1_442' title='bbox 3369 2673 3529 2712; x_wconf 69' lang='grc' dir='ltr'>γοιιρο</span> 
     </span>
    </p>
   </div>
   <div class='ocr_carea' id='block_1_57' title="bbox 1957 2744 3530 2816">
    <p class='ocr_par' dir='ltr' id='par_1_57' title="bbox 1957 2744 3530 2816">
     <span class='ocr_line' id='line_1_57' title="bbox 1957 2744 3530 2816; baseline 0.003 -17"><span class='ocrx_word' id='word_1_443' title='bbox 1957 2745 2178 2800; x_wconf 84' lang='lat' dir='ltr'><strong>rabilior</strong></span> <span class='ocrx_word' id='word_1_444' title='bbox 2221 2754 2275 2800; x_wconf 89' lang='lat' dir='ltr'><strong>et</strong></span> <span class='ocrx_word' id='word_1_445' title='bbox 2316 2745 2604 2814; x_wconf 73' lang='lat' dir='ltr'><strong>gloriosior</strong></span> <span class='ocrx_word' id='word_1_446' title='bbox 2648 2760 2732 2800; x_wconf 85' lang='lat' dir='ltr'><strong>me</strong></span> <span class='ocrx_word' id='word_1_447' title='bbox 2776 2744 2950 2802; x_wconf 76' lang='lat' dir='ltr'><strong>factus</strong></span> <span class='ocrx_word' id='word_1_448' title='bbox 2982 2756 3085 2802; x_wconf 89' lang='lat' dir='ltr'><strong>est.</strong></span> <span class='ocrx_word' id='word_1_449' title='bbox 3121 2747 3345 2816; x_wconf 84' lang='lat' dir='ltr'><strong>Quare?</strong></span> <span class='ocrx_word' id='word_1_450' title='bbox 3393 2749 3530 2815; x_wconf 78' lang='lat' dir='ltr'><strong>Quia</strong></span> 
     </span>
    </p>
   </div>
   <div class='ocr_carea' id='block_1_58' title="bbox 1957 2837 3530 2907">
    <p class='ocr_par' dir='ltr' id='par_1_58' title="bbox 1957 2837 3530 2907">
     <span class='ocr_line' id='line_1_58' title="bbox 1957 2837 3530 2907; baseline 0.001 -13"><span class='ocrx_word' id='word_1_451' title='bbox 1957 2847 2011 2894; x_wconf 88' lang='lat' dir='ltr'><strong>et</strong></span> <span class='ocrx_word' id='word_1_452' title='bbox 2040 2837 2185 2906; x_wconf 82' lang='lat' dir='ltr'><strong>prior</strong></span> <span class='ocrx_word' id='word_1_453' title='bbox 2219 2853 2299 2896; x_wconf 66' lang='lat' dir='ltr'><strong>me</strong></span> <span class='ocrx_word' id='word_1_454' title='bbox 2325 2846 2461 2904; x_wconf 80' lang='lat' dir='ltr'><strong>erat,</strong></span> <span class='ocrx_word' id='word_1_455' title='bbox 2489 2838 2784 2893; x_wconf 84' lang='lat' dir='ltr'><strong>secundum</strong></span> <span class='ocrx_word' id='word_1_456' title='bbox 2826 2837 3102 2907; x_wconf 82' lang='lat' dir='ltr'><strong>deitatem.</strong></span> <span class='ocrx_word' id='word_1_457' title='bbox 3129 2840 3316 2897; x_wconf 83' lang='lat' dir='ltr'><strong>Ariani</strong></span> <span class='ocrx_word' id='word_1_458' title='bbox 3351 2852 3530 2896; x_wconf 83' lang='lat' dir='ltr'><strong>autem</strong></span> 
     </span>
    </p>
   </div>
   <div class='ocr_carea' id='block_1_59' title="bbox 1958 2930 3529 3001">
    <p class='ocr_par' dir='ltr' id='par_1_59' title="bbox 1958 2930 3529 3001">
     <span class='ocr_line' id='line_1_59' title="bbox 1958 2930 3529 3001; baseline 0.001 -14"><span class='ocrx_word' id='word_1_459' title='bbox 1958 2934 2122 2987; x_wconf 91' lang='lat' dir='ltr'><strong>stulte</strong></span> <span class='ocrx_word' id='word_1_460' title='bbox 2167 2930 2504 3001; x_wconf 85' lang='lat' dir='ltr'><strong>interpretati</strong></span> <span class='ocrx_word' id='word_1_461' title='bbox 2536 2930 2738 2987; x_wconf 87' lang='lat' dir='ltr'><strong>dictum</strong></span> <span class='ocrx_word' id='word_1_462' title='bbox 2791 2933 2894 2989; x_wconf 85' lang='lat' dir='ltr'><strong>hoc</strong></span> <span class='ocrx_word' id='word_1_463' title='bbox 2928 2934 3358 2992; x_wconf 72' lang='lat' dir='ltr'><strong>sunt.‘Volentes</strong></span> <span class='ocrx_word' id='word_1_464' title='bbox 3385 2942 3529 2992; x_wconf 85' lang='lat' dir='ltr'><strong>cnim</strong></span> 
     </span>
    </p>
   </div>
   <div class='ocr_carea' id='block_1_60' title="bbox 1958 3012 3533 3102">
    <p class='ocr_par' dir='ltr' id='par_1_60' title="bbox 1958 3012 3533 3102">
     <span class='ocr_line' id='line_1_60' title="bbox 1958 3012 3533 3102; baseline 0.004 -20"><span class='ocrx_word' id='word_1_465' title='bbox 1958 3026 2331 3082; x_wconf 84' lang='lat' dir='ltr'><strong>demonstrare</strong></span> <span class='ocrx_word' id='word_1_466' title='bbox 2353 3028 2496 3096; x_wconf 86' lang='lat' dir='ltr'><strong>quod</strong></span> <span class='ocrx_word' id='word_1_467' title='bbox 2520 3025 2689 3084; x_wconf 80' lang='lat' dir='ltr'><strong>Filius</strong></span> <span class='ocrx_word' id='word_1_468' title='bbox 2721 3028 2813 3082; x_wconf 91' lang='lat' dir='ltr'><strong>Dei</strong></span> <span class='ocrx_word' id='word_1_469' title='bbox 2835 3044 2939 3085; x_wconf 81' lang='lat' dir='ltr'><strong>non</strong></span> <span class='ocrx_word' id='word_1_470' title='bbox 2965 3012 3034 3085; x_wconf 85' lang='lat' dir='ltr'><strong>sit</strong></span> <span class='ocrx_word' id='word_1_471' title='bbox 3061 3032 3274 3102; x_wconf 80' lang='lat' dir='ltr'><strong>genitus</strong></span> <span class='ocrx_word' id='word_1_472' title='bbox 3291 3048 3319 3085; x_wconf 89' lang='lat' dir='ltr'><strong>a</strong></span> <span class='ocrx_word' id='word_1_473' title='bbox 3348 3030 3533 3099; x_wconf 81' lang='lat' dir='ltr'><strong>Patre,</strong></span> 
     </span>
    </p>
   </div>
   <div class='ocr_carea' id='block_1_61' title="bbox 1958 3119 3535 3189">
    <p class='ocr_par' dir='ltr' id='par_1_61' title="bbox 1958 3119 3535 3189">
     <span class='ocr_line' id='line_1_61' title="bbox 1958 3119 3535 3189; baseline 0.002 -14"><span class='ocrx_word' id='word_1_474' title='bbox 1958 3120 2051 3175; x_wconf 87' lang='lat' dir='ltr'><strong>sed</strong></span> <span class='ocrx_word' id='word_1_475' title='bbox 2106 3119 2281 3174; x_wconf 84' lang='lat' dir='ltr'><strong>factus</strong></span> <span class='ocrx_word' id='word_1_476' title='bbox 2310 3119 2382 3176; x_wconf 87' lang='lat' dir='ltr'><strong>sit</strong></span> <span class='ocrx_word' id='word_1_477' title='bbox 2428 3123 2568 3176; x_wconf 85' lang='lat' dir='ltr'><strong>sicut</strong></span> <span class='ocrx_word' id='word_1_478' title='bbox 2614 3137 2718 3176; x_wconf 86' lang='lat' dir='ltr'><strong>una</strong></span> <span class='ocrx_word' id='word_1_479' title='bbox 2753 3121 2979 3178; x_wconf 87' lang='lat' dir='ltr'><strong>aliarum</strong></span> <span class='ocrx_word' id='word_1_480' title='bbox 3012 3133 3402 3189; x_wconf 78' lang='lat' dir='ltr'><strong>creaturarum,</strong></span> <span class='ocrx_word' id='word_1_481' title='bbox 3454 3127 3535 3178; x_wconf 79' lang='lat' dir='ltr'><strong>tli-</strong></span> 
     </span>
    </p>
   </div>
   <div class='ocr_carea' id='block_1_62' title="bbox 274 3173 1852 3280">
    <p class='ocr_par' dir='ltr' id='par_1_62' title="bbox 274 3173 1852 3280">
     <span class='ocr_line' id='line_1_62' title="bbox 274 3173 1852 3280; baseline -0.003 -21"><span class='ocrx_word' id='word_1_482' title='bbox 274 3208 418 3279; x_wconf 68' lang='grc' dir='ltr'>νήθη</span> <span class='ocrx_word' id='word_1_483' title='bbox 450 3173 680 3263; x_wconf 43' lang='grc' dir='ltr'>ἀπὸ-τοῦ</span> <span class='ocrx_word' id='word_1_484' title='bbox 718 3173 948 3280; x_wconf 64' lang='grc' dir='ltr'>Πατρδς,</span> <span class='ocrx_word' id='word_1_485' title='bbox 983 3206 1119 3261; x_wconf 72' lang='grc' dir='ltr'>ἀλλὰ</span> <span class='ocrx_word' id='word_1_486' title='bbox 1143 3173 1368 3276; x_wconf 67' lang='grc' dir='ltr'>γέγονεν</span> <span class='ocrx_word' id='word_1_487' title='bbox 1394 3207 1468 3269; x_wconf 88' lang='grc' dir='ltr'>ὡς</span> <span class='ocrx_word' id='word_1_488' title='bbox 1486 3204 1543 3259; x_wconf 77' lang='grc' dir='ltr'>ἓν</span> <span class='ocrx_word' id='word_1_489' title='bbox 1562 3204 1670 3259; x_wconf 84' lang='grc' dir='ltr'>τῶν</span> <span class='ocrx_word' id='word_1_490' title='bbox 1699 3173 1852 3257; x_wconf 72' lang='grc' dir='ltr'>κτισ-</span> 
     </span>
    </p>
   </div>
   <div class='ocr_carea' id='block_1_63' title="bbox 1961 3173 3536 3280">
    <p class='ocr_par' dir='ltr' id='par_1_63' title="bbox 1961 3208 3536 3279">
     <span class='ocr_line' id='line_1_63' title="bbox 1961 3208 3536 3279; baseline 0.003 -13"><span class='ocrx_word' id='word_1_491' title='bbox 1961 3221 2118 3268; x_wconf 84' lang='lat' dir='ltr'><strong>cunt:</strong></span> <span class='ocrx_word' id='word_1_492' title='bbox 2154 3228 2173 3265; x_wconf 81' lang='grc' dir='ltr'><strong>ι</strong></span> <span class='ocrx_word' id='word_1_493' title='bbox 2226 3208 2365 3267; x_wconf 88' lang='lat' dir='ltr'><strong>Ecce</strong></span> <span class='ocrx_word' id='word_1_494' title='bbox 2405 3211 2642 3269; x_wconf 85' lang='lat' dir='ltr'><strong>Joannes</strong></span> <span class='ocrx_word' id='word_1_495' title='bbox 2683 3222 2910 3268; x_wconf 86' lang='lat' dir='ltr'><strong>testatur</strong></span> <span class='ocrx_word' id='word_1_496' title='bbox 2941 3213 3004 3267; x_wconf 89' lang='lat' dir='ltr'><strong>de</strong></span> <span class='ocrx_word' id='word_1_497' title='bbox 3030 3216 3117 3279; x_wconf 86' lang='lat' dir='ltr'><strong>eo,</strong></span> <span class='ocrx_word' id='word_1_498' title='bbox 3172 3230 3191 3265; x_wconf 76' lang='grc' dir='ltr'><strong>ι</strong></span> <span class='ocrx_word' id='word_1_499' title='bbox 3228 3230 3247 3264; x_wconf 86' lang='grc' dir='ltr'><strong>ι</strong></span> <span class='ocrx_word' id='word_1_500' title='bbox 3281 3212 3419 3269; x_wconf 85' lang='lat' dir='ltr'><strong>Ante</strong></span> <span class='ocrx_word' id='word_1_501' title='bbox 3450 3229 3536 3269; x_wconf 76' lang='lat' dir='ltr'><strong>me</strong></span> 
     </span>
    </p>
   </div>
   <div class='ocr_carea' id='block_1_64' title="bbox 274 3294 1854 3371">
    <p class='ocr_par' dir='ltr' id='par_1_64' title="bbox 274 3294 1854 3371">
     <span class='ocr_line' id='line_1_64' title="bbox 274 3294 1854 3371; baseline -0.004 -17"><span class='ocrx_word' id='word_1_502' title='bbox 274 3303 492 3370; x_wconf 78' lang='grc' dir='ltr'>μάτων,</span> <span class='ocrx_word' id='word_1_503' title='bbox 523 3303 705 3371; x_wconf 71' lang='grc' dir='ltr'>φασιν,</span> <span class='ocrx_word' id='word_1_504' title='bbox 734 3301 818 3355; x_wconf 74' lang='grc' dir='ltr'>ὃτι</span> <span class='ocrx_word' id='word_1_505' title='bbox 871 3300 1001 3355; x_wconf 75' lang='grc' dir='ltr'>Ἰδοὺ</span> <span class='ocrx_word' id='word_1_506' title='bbox 1047 3303 1075 3355; x_wconf 89' lang='lat'><strong>6</strong></span> <span class='ocrx_word' id='word_1_507' title='bbox 1135 3299 1390 3370; x_wconf 77' lang='grc' dir='ltr'>Ἰωάννης</span> <span class='ocrx_word' id='word_1_508' title='bbox 1419 3299 1690 3368; x_wconf 79' lang='grc' dir='ltr'>μαρτυρεῖ</span> <span class='ocrx_word' id='word_1_509' title='bbox 1726 3294 1854 3365; x_wconf 78' lang='grc' dir='ltr'>περὶ</span> 
     </span>
    </p>
   </div>
   <div class='ocr_carea' id='block_1_65' title="bbox 278 3387 1856 3466">
    <p class='ocr_par' dir='ltr' id='par_1_65' title="bbox 278 3387 1856 3466">
     <span class='ocr_line' id='line_1_65' title="bbox 278 3387 1856 3466; baseline -0.006 -18"><span class='ocrx_word' id='word_1_510' title='bbox 278 3392 452 3448; x_wconf 84' lang='grc' dir='ltr'>αὐτοῦ</span> <span class='ocrx_word' id='word_1_511' title='bbox 472 3395 553 3461; x_wconf 81' lang='grc' dir='ltr'>τὸ,</span> <span class='ocrx_word' id='word_1_512' title='bbox 579 3413 599 3447; x_wconf 83' lang='grc' dir='ltr'><strong>ι</strong></span> <span class='ocrx_word' id='word_1_513' title='bbox 630 3394 981 3466; x_wconf 80' lang='grc' dir='ltr'>Ἐμπροσθέν</span> <span class='ocrx_word' id='word_1_514' title='bbox 1006 3410 1107 3464; x_wconf 88' lang='grc' dir='ltr'><strong>μου</strong></span> <span class='ocrx_word' id='word_1_515' title='bbox 1130 3394 1374 3462; x_wconf 82' lang='grc' dir='ltr'>γέγονεν,</span> <span class='ocrx_word' id='word_1_516' title='bbox 1408 3409 1428 3443; x_wconf 75' lang='grc' dir='ltr'><strong>ι</strong></span> <span class='ocrx_word' id='word_1_517' title='bbox 1456 3388 1578 3446; x_wconf 73' lang='grc' dir='ltr'>ἀντὶ</span> <span class='ocrx_word' id='word_1_518' title='bbox 1607 3388 1727 3453; x_wconf 81' lang='grc' dir='ltr'>τοῦ,</span> <span class='ocrx_word' id='word_1_519' title='bbox 1750 3387 1856 3459; x_wconf 74' lang='grc' dir='ltr'><strong>πρὸ</strong></span> 
     </span>
    </p>
   </div>
   <div class='ocr_carea' id='block_1_66' title="bbox 272 3478 1857 3555">
    <p class='ocr_par' dir='ltr' id='par_1_66' title="bbox 272 3478 1857 3555">
     <span class='ocr_line' id='line_1_66' title="bbox 272 3478 1857 3555; baseline -0.006 -18"><span class='ocrx_word' id='word_1_520' title='bbox 272 3486 418 3554; x_wconf 78' lang='grc' dir='ltr'>ἐμοῦ</span> <span class='ocrx_word' id='word_1_521' title='bbox 441 3487 654 3554; x_wconf 79' lang='grc' dir='ltr'>γέγονε,</span> <span class='ocrx_word' id='word_1_522' title='bbox 682 3486 779 3540; x_wconf 81' lang='grc' dir='ltr'>καὶ</span> <span class='ocrx_word' id='word_1_523' title='bbox 811 3483 1034 3554; x_wconf 76' lang='grc' dir='ltr'>ἐκτίσθη</span> <span class='ocrx_word' id='word_1_524' title='bbox 1073 3484 1222 3555; x_wconf 77' lang='grc' dir='ltr'>παρὰ</span> <span class='ocrx_word' id='word_1_525' title='bbox 1250 3480 1345 3534; x_wconf 87' lang='grc' dir='ltr'><strong>τοῦ</strong></span> <span class='ocrx_word' id='word_1_526' title='bbox 1370 3480 1528 3544; x_wconf 86' lang='grc' dir='ltr'>Θεοῦ,</span> <span class='ocrx_word' id='word_1_527' title='bbox 1560 3480 1635 3541; x_wconf 80' lang='grc' dir='ltr'><strong>ὡς</strong></span> <span class='ocrx_word' id='word_1_528' title='bbox 1666 3478 1722 3530; x_wconf 78' lang='grc' dir='ltr'>ἓν</span> <span class='ocrx_word' id='word_1_529' title='bbox 1747 3478 1857 3530; x_wconf 83' lang='grc' dir='ltr'><strong>τῶν</strong></span> 
     </span>
    </p>
   </div>
   <div class='ocr_carea' id='block_1_67' title="bbox 280 3572 1857 3647">
    <p class='ocr_par' dir='ltr' id='par_1_67' title="bbox 280 3572 1857 3647">
     <span class='ocr_line' id='line_1_67' title="bbox 280 3572 1857 3647; baseline -0.001 -20"><span class='ocrx_word' id='word_1_530' title='bbox 280 3577 627 3647; x_wconf 78' lang='grc' dir='ltr'>ποιημάτων.</span> <span class='ocrx_word' id='word_1_531' title='bbox 671 3576 1020 3645; x_wconf 83' lang='grc' dir='ltr'>Ἐλέγχονται</span> <span class='ocrx_word' id='word_1_532' title='bbox 1056 3575 1135 3639; x_wconf 85' lang='grc' dir='ltr'><strong>δέ,</strong></span> <span class='ocrx_word' id='word_1_533' title='bbox 1168 3575 1355 3638; x_wconf 84' lang='grc' dir='ltr'>κακῶς</span> <span class='ocrx_word' id='word_1_534' title='bbox 1385 3572 1634 3637; x_wconf 86' lang='grc' dir='ltr'>νοοῦντες</span> <span class='ocrx_word' id='word_1_535' title='bbox 1663 3573 1724 3626; x_wconf 80' lang='grc' dir='ltr'><strong>τὸ</strong></span> <span class='ocrx_word' id='word_1_536' title='bbox 1756 3575 1857 3642; x_wconf 74' lang='grc' dir='ltr'>ρη-</span> 
     </span>
    </p>
   </div>
   <div class='ocr_carea' id='block_1_68' title="bbox 280 3664 1858 3737">
    <p class='ocr_par' dir='ltr' id='par_1_68' title="bbox 280 3664 1858 3737">
     <span class='ocr_line' id='line_1_68' title="bbox 280 3664 1858 3737; baseline -0.004 -17"><span class='ocrx_word' id='word_1_537' title='bbox 280 3666 377 3721; x_wconf 83' lang='grc' dir='ltr'><strong>τδν</strong></span> <span class='ocrx_word' id='word_1_538' title='bbox 404 3671 468 3720; x_wconf 79' lang='grc' dir='ltr'><strong>ἐκ</strong></span> <span class='ocrx_word' id='word_1_539' title='bbox 507 3666 600 3722; x_wconf 87' lang='grc' dir='ltr'><strong>τοῦ</strong></span> <span class='ocrx_word' id='word_1_540' title='bbox 627 3668 849 3736; x_wconf 78' lang='grc' dir='ltr'>ἐφεξῆς.</span> <span class='ocrx_word' id='word_1_541' title='bbox 884 3668 1021 3720; x_wconf 79' lang='grc' dir='ltr'>Ποία</span> <span class='ocrx_word' id='word_1_542' title='bbox 1052 3667 1160 3737; x_wconf 81' lang='grc' dir='ltr'><strong>γάρ</strong></span> <span class='ocrx_word' id='word_1_543' title='bbox 1211 3665 1389 3719; x_wconf 76' lang='grc' dir='ltr'>ἔννοια</span> <span class='ocrx_word' id='word_1_544' title='bbox 1438 3665 1767 3734; x_wconf 81' lang='grc' dir='ltr'>ἐμφαίνεται</span> <span class='ocrx_word' id='word_1_545' title='bbox 1799 3664 1858 3714; x_wconf 87' lang='grc' dir='ltr'><strong>ἐν</strong></span> 
     </span>
    </p>
   </div>
   <div class='ocr_carea' id='block_1_69' title="bbox 280 3751 1859 3831">
    <p class='ocr_par' dir='ltr' id='par_1_69' title="bbox 280 3751 1859 3831">
     <span class='ocr_line' id='line_1_69' title="bbox 280 3751 1859 3831; baseline -0.003 -20"><span class='ocrx_word' id='word_1_546' title='bbox 280 3760 374 3831; x_wconf 55' lang='lat' dir='ltr'><strong>et?</strong></span> <span class='ocrx_word' id='word_1_547' title='bbox 392 3762 588 3827; x_wconf 81' lang='grc' dir='ltr'>λέγειν,</span> <span class='ocrx_word' id='word_1_548' title='bbox 623 3760 706 3813; x_wconf 85' lang='grc' dir='ltr'>ὅτι</span> <span class='ocrx_word' id='word_1_549' title='bbox 738 3777 756 3810; x_wconf 82' lang='grc' dir='ltr'><strong>ι</strong></span> <span class='ocrx_word' id='word_1_550' title='bbox 794 3751 985 3826; x_wconf 74' lang='grc' dir='ltr'>Οὗτος,</span> <span class='ocrx_word' id='word_1_551' title='bbox 1028 3777 1047 3810; x_wconf 74' lang='grc' dir='ltr'><strong>ι</strong></span> <span class='ocrx_word' id='word_1_552' title='bbox 1086 3759 1115 3810; x_wconf 90' lang='lat'><strong>6</strong></span> <span class='ocrx_word' id='word_1_553' title='bbox 1148 3757 1380 3828; x_wconf 75' lang='grc' dir='ltr'>Χριστὸς</span> <span class='ocrx_word' id='word_1_554' title='bbox 1410 3756 1648 3827; x_wconf 85' lang='grc' dir='ltr'>δηλαδὴ,</span> <span class='ocrx_word' id='word_1_555' title='bbox 1707 3772 1726 3805; x_wconf 80' lang='grc' dir='ltr'><strong>ι</strong></span> <span class='ocrx_word' id='word_1_556' title='bbox 1755 3753 1859 3826; x_wconf 76' lang='grc' dir='ltr'><strong>ἔμ-</strong></span> 
     </span>
    </p>
   </div>
   <div class='ocr_carea' id='block_1_70' title="bbox 284 3844 1859 3924">
    <p class='ocr_par' dir='ltr' id='par_1_70' title="bbox 284 3844 1859 3924">
     <span class='ocr_line' id='line_1_70' title="bbox 284 3844 1859 3924; baseline -0.004 -19"><span class='ocrx_word' id='word_1_557' title='bbox 284 3853 523 3923; x_wconf 77' lang='grc' dir='ltr'>προσθέν</span> <span class='ocrx_word' id='word_1_558' title='bbox 546 3870 647 3924; x_wconf 86' lang='grc' dir='ltr'><strong>μου</strong></span> <span class='ocrx_word' id='word_1_559' title='bbox 673 3853 920 3922; x_wconf 82' lang='grc' dir='ltr'>γέγονεν,</span> <span class='ocrx_word' id='word_1_560' title='bbox 952 3870 971 3903; x_wconf 79' lang='lat' dir='ltr'><strong>t</strong></span> <span class='ocrx_word' id='word_1_561' title='bbox 998 3852 1115 3904; x_wconf 69' lang='grc' dir='ltr'>ἀντὶ</span> <span class='ocrx_word' id='word_1_562' title='bbox 1146 3849 1262 3916; x_wconf 86' lang='grc' dir='ltr'>τοῦ,</span> <span class='ocrx_word' id='word_1_563' title='bbox 1293 3851 1401 3921; x_wconf 70' lang='grc' dir='ltr'><strong>πρὸ</strong></span> <span class='ocrx_word' id='word_1_564' title='bbox 1435 3848 1568 3919; x_wconf 90' lang='grc' dir='ltr'>ἐμοῦ</span> <span class='ocrx_word' id='word_1_565' title='bbox 1611 3844 1859 3918; x_wconf 80' lang='grc' dir='ltr'>ἐκτίσθη,</span> 
     </span>
    </p>
   </div>
   <div class='ocr_carea' id='block_1_71' title="bbox 284 3942 1860 4019">
    <p class='ocr_par' dir='ltr' id='par_1_71' title="bbox 284 3942 1860 4019">
     <span class='ocr_line' id='line_1_71' title="bbox 284 3942 1860 4019; baseline -0.003 -19"><span class='ocrx_word' id='word_1_566' title='bbox 284 3967 309 3999; x_wconf 77' lang='grc' dir='ltr'><strong>τ</strong></span> <span class='ocrx_word' id='word_1_567' title='bbox 346 3947 481 4001; x_wconf 82' lang='grc' dir='ltr'>διότι</span> <span class='ocrx_word' id='word_1_568' title='bbox 520 3946 738 4018; x_wconf 82' lang='grc' dir='ltr'>πρῶτός</span> <span class='ocrx_word' id='word_1_569' title='bbox 777 3964 878 4019; x_wconf 88' lang='grc' dir='ltr'><strong>μου</strong></span> <span class='ocrx_word' id='word_1_570' title='bbox 900 3942 1004 4019; x_wconf 72' lang='grc' dir='ltr'>ἦνς</span> <span class='ocrx_word' id='word_1_571' title='bbox 1042 3964 1064 3999; x_wconf 73' lang='grc' dir='ltr'><strong>ι</strong></span> <span class='ocrx_word' id='word_1_572' title='bbox 1113 3946 1368 4016; x_wconf 83' lang='grc' dir='ltr'>Ἀνόητον</span> <span class='ocrx_word' id='word_1_573' title='bbox 1395 3943 1507 4015; x_wconf 81' lang='grc' dir='ltr'><strong>γάρ</strong></span> <span class='ocrx_word' id='word_1_574' title='bbox 1540 3942 1860 3997; x_wconf 83' lang='grc' dir='ltr'>παντάπασι</span> 
     </span>
    </p>
   </div>
   <div class='ocr_carea' id='block_1_72' title="bbox 284 4036 1863 4111">
    <p class='ocr_par' dir='ltr' id='par_1_72' title="bbox 284 4036 1863 4111">
     <span class='ocr_line' id='line_1_72' title="bbox 284 4036 1863 4111; baseline -0.004 -15"><span class='ocrx_word' id='word_1_575' title='bbox 284 4043 350 4096; x_wconf 74' lang='grc' dir='ltr'><strong>τὸ</strong></span> <span class='ocrx_word' id='word_1_576' title='bbox 370 4042 571 4111; x_wconf 75' lang='grc' dir='ltr'>λέγειν,</span> <span class='ocrx_word' id='word_1_577' title='bbox 602 4044 683 4096; x_wconf 85' lang='grc' dir='ltr'>ὅτι</span> <span class='ocrx_word' id='word_1_578' title='bbox 714 4040 919 4096; x_wconf 84' lang='grc' dir='ltr'>Τοῦτον</span> <span class='ocrx_word' id='word_1_579' title='bbox 949 4039 1164 4093; x_wconf 78' lang='grc' dir='ltr'>ἔκτισεν</span> <span class='ocrx_word' id='word_1_580' title='bbox 1182 4041 1221 4092; x_wconf 61' lang='grc' dir='ltr'><strong>’ὁ</strong></span> <span class='ocrx_word' id='word_1_581' title='bbox 1245 4037 1378 4102; x_wconf 79' lang='grc' dir='ltr'>Θεὸς</span> <span class='ocrx_word' id='word_1_582' title='bbox 1410 4037 1697 4108; x_wconf 87' lang='grc' dir='ltr'>πρότερον,</span> <span class='ocrx_word' id='word_1_583' title='bbox 1726 4036 1863 4090; x_wconf 85' lang='grc' dir='ltr'>διότι</span> 
     </span>
    </p>
   </div>
   <div class='ocr_carea' id='block_1_73' title="bbox 287 4126 1864 4211">
    <p class='ocr_par' dir='ltr' id='par_1_73' title="bbox 287 4126 1864 4211">
     <span class='ocr_line' id='line_1_73' title="bbox 287 4126 1864 4211; baseline -0.006 -18"><span class='ocrx_word' id='word_1_584' title='bbox 287 4139 504 4211; x_wconf 81' lang='grc' dir='ltr'>πρῶτός</span> <span class='ocrx_word' id='word_1_585' title='bbox 542 4156 643 4209; x_wconf 90' lang='grc' dir='ltr'><strong>μου</strong></span> <span class='ocrx_word' id='word_1_586' title='bbox 696 4134 784 4210; x_wconf 79' lang='grc' dir='ltr'>ἦν,</span> <span class='ocrx_word' id='word_1_587' title='bbox 819 4135 1144 4191; x_wconf 84' lang='grc' dir='ltr'>Τούναντίον</span> <span class='ocrx_word' id='word_1_588' title='bbox 1165 4135 1273 4206; x_wconf 78' lang='grc' dir='ltr'>γὰρ</span> <span class='ocrx_word' id='word_1_589' title='bbox 1303 4126 1511 4201; x_wconf 77' lang='grc' dir='ltr'>ὤφειλε</span> <span class='ocrx_word' id='word_1_590' title='bbox 1538 4131 1739 4203; x_wconf 80' lang='grc' dir='ltr'>μᾶλλον</span> <span class='ocrx_word' id='word_1_591' title='bbox 1787 4131 1864 4184; x_wconf 80' lang='grc' dir='ltr'>εί-</span> 
     </span>
    </p>
   </div>
   <div class='ocr_carea' id='block_1_74' title="bbox 288 4223 1864 4302">
    <p class='ocr_par' dir='ltr' id='par_1_74' title="bbox 288 4223 1864 4302">
     <span class='ocr_line' id='line_1_74' title="bbox 288 4223 1864 4302; baseline -0.004 -17"><span class='ocrx_word' id='word_1_592' title='bbox 288 4236 434 4295; x_wconf 80' lang='grc' dir='ltr'>ττεῖν,</span> <span class='ocrx_word' id='word_1_593' title='bbox 466 4233 548 4285; x_wconf 79' lang='grc' dir='ltr'><strong>ὅτι</strong></span> <span class='ocrx_word' id='word_1_594' title='bbox 578 4226 747 4294; x_wconf 67' lang='grc' dir='ltr'>Οὗτος</span> <span class='ocrx_word' id='word_1_595' title='bbox 789 4226 1005 4302; x_wconf 64' lang='grc' dir='ltr'>πρῶτός</span> <span class='ocrx_word' id='word_1_596' title='bbox 1041 4227 1145 4300; x_wconf 88' lang='grc' dir='ltr'><strong>μού</strong></span> <span class='ocrx_word' id='word_1_597' title='bbox 1188 4229 1324 4290; x_wconf 86' lang='grc' dir='ltr'>ἐστι,</span> <span class='ocrx_word' id='word_1_598' title='bbox 1368 4226 1501 4280; x_wconf 89' lang='grc' dir='ltr'>διότι</span> <span class='ocrx_word' id='word_1_599' title='bbox 1553 4223 1864 4296; x_wconf 79' lang='grc' dir='ltr'>ἔμπροσθέν</span> 
     </span>
    </p>
   </div>
   <div class='ocr_carea' id='block_1_75' title="bbox 291 4317 1865 4395">
    <p class='ocr_par' dir='ltr' id='par_1_75' title="bbox 291 4317 1865 4395">
     <span class='ocr_line' id='line_1_75' title="bbox 291 4317 1865 4395; baseline -0.005 -17"><span class='ocrx_word' id='word_1_600' title='bbox 291 4343 400 4395; x_wconf 84' lang='grc' dir='ltr'><strong>μου</strong></span> <span class='ocrx_word' id='word_1_601' title='bbox 439 4326 683 4393; x_wconf 81' lang='grc' dir='ltr'>γέγονεν,</span> <span class='ocrx_word' id='word_1_602' title='bbox 739 4323 908 4395; x_wconf 58' lang='lat' dir='ltr'><strong>{now</strong></span> <span class='ocrx_word' id='word_1_603' title='bbox 966 4321 1216 4392; x_wconf 78' lang='grc' dir='ltr'>ἐκτίσθη.</span> <span class='ocrx_word' id='word_1_604' title='bbox 1267 4320 1454 4374; x_wconf 87' lang='grc' dir='ltr'>Ταῦτα</span> <span class='ocrx_word' id='word_1_605' title='bbox 1501 4317 1601 4389; x_wconf 82' lang='grc' dir='ltr'><strong>μὲν</strong></span> <span class='ocrx_word' id='word_1_606' title='bbox 1640 4319 1710 4372; x_wconf 76' lang='grc' dir='ltr'>τὰ</span> <span class='ocrx_word' id='word_1_607' title='bbox 1758 4317 1865 4371; x_wconf 88' lang='grc' dir='ltr'><strong>τῶν</strong></span> 
     </span>
    </p>
   </div>
   <div class='ocr_carea' id='block_1_76' title="bbox 296 4409 1866 4487">
    <p class='ocr_par' dir='ltr' id='par_1_76' title="bbox 296 4409 1866 4487">
     <span class='ocr_line' id='line_1_76' title="bbox 296 4409 1866 4487; baseline -0.005 -15"><span class='ocrx_word' id='word_1_608' title='bbox 296 4416 619 4487; x_wconf 81' lang='grc' dir='ltr'>Ἀρειανῶν.</span> <span class='ocrx_word' id='word_1_609' title='bbox 668 4414 857 4487; x_wconf 84' lang='grc' dir='ltr'>Ἰιμεῐς</span> <span class='ocrx_word' id='word_1_610' title='bbox 888 4414 944 4469; x_wconf 88' lang='grc' dir='ltr'>δὲ</span> <span class='ocrx_word' id='word_1_611' title='bbox 994 4412 1289 4486; x_wconf 78' lang='grc' dir='ltr'>ὀροοδόξως</span> <span class='ocrx_word' id='word_1_612' title='bbox 1319 4412 1569 4476; x_wconf 80' lang='grc' dir='ltr'>νοοῦμεν,</span> <span class='ocrx_word' id='word_1_613' title='bbox 1598 4411 1680 4465; x_wconf 79' lang='grc' dir='ltr'>ὅτι</span> <span class='ocrx_word' id='word_1_614' title='bbox 1736 4429 1754 4462; x_wconf 87' lang='grc' dir='ltr'><strong>ι</strong></span> <span class='ocrx_word' id='word_1_615' title='bbox 1805 4409 1866 4464; x_wconf 87' lang='grc'><strong>’0</strong></span> 
     </span>
    </p>
   </div>
   <div class='ocr_carea' id='block_1_77' title="bbox 1957 3303 3536 3376">
    <p class='ocr_par' dir='ltr' id='par_1_77' title="bbox 1957 3303 3536 3376">
     <span class='ocr_line' id='line_1_77' title="bbox 1957 3303 3536 3376; baseline 0.003 -17"><span class='ocrx_word' id='word_1_616' title='bbox 1957 3303 2131 3360; x_wconf 79' lang='lat' dir='ltr'><strong>factus</strong></span> <span class='ocrx_word' id='word_1_617' title='bbox 2178 3314 2280 3370; x_wconf 89' lang='lat' dir='ltr'><strong>est,</strong></span> <span class='ocrx_word' id='word_1_618' title='bbox 2317 3324 2336 3356; x_wconf 71' lang='grc' dir='ltr'><strong>ι</strong></span> <span class='ocrx_word' id='word_1_619' title='bbox 2372 3307 2472 3362; x_wconf 89' lang='lat' dir='ltr'><strong>hoc</strong></span> <span class='ocrx_word' id='word_1_620' title='bbox 2522 3316 2626 3376; x_wconf 88' lang='lat' dir='ltr'><strong>est,</strong></span> <span class='ocrx_word' id='word_1_621' title='bbox 2689 3318 2813 3362; x_wconf 85' lang='lat' dir='ltr'><strong>ante</strong></span> <span class='ocrx_word' id='word_1_622' title='bbox 2856 3321 2941 3363; x_wconf 88' lang='lat' dir='ltr'><strong>me</strong></span> <span class='ocrx_word' id='word_1_623' title='bbox 2977 3306 3151 3362; x_wconf 82' lang='lat' dir='ltr'><strong>factus</strong></span> <span class='ocrx_word' id='word_1_624' title='bbox 3187 3317 3243 3363; x_wconf 90' lang='lat' dir='ltr'><strong>et</strong></span> <span class='ocrx_word' id='word_1_625' title='bbox 3288 3308 3536 3364; x_wconf 81' lang='lat' dir='ltr'><strong>conditus</strong></span> 
     </span>
    </p>
   </div>
   <div class='ocr_carea' id='block_1_78' title="bbox 1957 3394 3536 3469">
    <p class='ocr_par' dir='ltr' id='par_1_78' title="bbox 1957 3394 3536 3469">
     <span class='ocr_line' id='line_1_78' title="bbox 1957 3394 3536 3469; baseline 0.003 -20"><span class='ocrx_word' id='word_1_626' title='bbox 1957 3404 2040 3450; x_wconf 87' lang='lat' dir='ltr'><strong>est</strong></span> <span class='ocrx_word' id='word_1_627' title='bbox 2072 3413 2101 3461; x_wconf 87' lang='lat' dir='ltr'><strong>a</strong></span> <span class='ocrx_word' id='word_1_628' title='bbox 2132 3394 2240 3451; x_wconf 74' lang='lat' dir='ltr'><strong>Deo</strong></span> <span class='ocrx_word' id='word_1_629' title='bbox 2262 3395 2401 3451; x_wconf 89' lang='lat' dir='ltr'><strong>sicut</strong></span> <span class='ocrx_word' id='word_1_630' title='bbox 2436 3413 2538 3451; x_wconf 89' lang='lat' dir='ltr'><strong>una</strong></span> <span class='ocrx_word' id='word_1_631' title='bbox 2577 3408 2973 3455; x_wconf 86' lang='lat' dir='ltr'><strong>creaturarum.</strong></span> <span class='ocrx_word' id='word_1_632' title='bbox 3000 3397 3413 3469; x_wconf 77' lang='lat' dir='ltr'><strong>ltedarguuntnr</strong></span> <span class='ocrx_word' id='word_1_633' title='bbox 3438 3417 3536 3454; x_wconf 81' lang='lat' dir='ltr'><strong>au-</strong></span> 
     </span>
    </p>
   </div>
   <div class='ocr_carea' id='block_1_79' title="bbox 1959 3482 3534 3562">
    <p class='ocr_par' dir='ltr' id='par_1_79' title="bbox 1959 3482 3534 3562">
     <span class='ocr_line' id='line_1_79' title="bbox 1959 3482 3534 3562; baseline 0.003 -19"><span class='ocrx_word' id='word_1_634' title='bbox 1959 3500 2090 3554; x_wconf 88' lang='lat' dir='ltr'><strong>tem,</strong></span> <span class='ocrx_word' id='word_1_635' title='bbox 2125 3488 2263 3543; x_wconf 88' lang='lat' dir='ltr'><strong>male</strong></span> <span class='ocrx_word' id='word_1_636' title='bbox 2283 3482 2642 3561; x_wconf 80' lang='lat' dir='ltr'><strong>intelligentes</strong></span> <span class='ocrx_word' id='word_1_637' title='bbox 2667 3491 2891 3555; x_wconf 82' lang='lat' dir='ltr'><strong>dictum,</strong></span> <span class='ocrx_word' id='word_1_638' title='bbox 2918 3505 2986 3545; x_wconf 77' lang='lat' dir='ltr'><strong>ex</strong></span> <span class='ocrx_word' id='word_1_639' title='bbox 3020 3504 3086 3545; x_wconf 90' lang='lat' dir='ltr'><strong>eo</strong></span> <span class='ocrx_word' id='word_1_640' title='bbox 3107 3491 3248 3562; x_wconf 88' lang='lat' dir='ltr'><strong>quod</strong></span> <span class='ocrx_word' id='word_1_641' title='bbox 3270 3496 3534 3561; x_wconf 72' lang='lat' dir='ltr'><strong>sequitur.</strong></span> 
     </span>
    </p>
   </div>
   <div class='ocr_carea' id='block_1_80' title="bbox 1960 3578 3540 3654">
    <p class='ocr_par' dir='ltr' id='par_1_80' title="bbox 1960 3578 3540 3654">
     <span class='ocr_line' id='line_1_80' title="bbox 1960 3578 3540 3654; baseline 0.003 -19"><span class='ocrx_word' id='word_1_642' title='bbox 1960 3578 2091 3648; x_wconf 63' lang='lat' dir='ltr'><strong>Quae</strong></span> <span class='ocrx_word' id='word_1_643' title='bbox 2119 3582 2261 3636; x_wconf 88' lang='lat' dir='ltr'><strong>enim</strong></span> <span class='ocrx_word' id='word_1_644' title='bbox 2287 3586 2552 3639; x_wconf 86' lang='lat' dir='ltr'><strong>sententia</strong></span> <span class='ocrx_word' id='word_1_645' title='bbox 2580 3591 2802 3654; x_wconf 81' lang='lat' dir='ltr'><strong>apparet</strong></span> <span class='ocrx_word' id='word_1_646' title='bbox 2840 3585 2886 3640; x_wconf 91' lang='lat' dir='ltr'><strong>si</strong></span> <span class='ocrx_word' id='word_1_647' title='bbox 2918 3584 3166 3642; x_wconf 81' lang='lat' dir='ltr'><strong>dicatur:</strong></span> <span class='ocrx_word' id='word_1_648' title='bbox 3225 3585 3342 3652; x_wconf 90' lang='lat' dir='ltr'><strong>llic,</strong></span> <span class='ocrx_word' id='word_1_649' title='bbox 3387 3585 3540 3640; x_wconf 85' lang='lat' dir='ltr'><strong>Chri-</strong></span> 
     </span>
    </p>
   </div>
   <div class='ocr_carea' id='block_1_81' title="bbox 1961 3672 3537 3745">
    <p class='ocr_par' dir='ltr' id='par_1_81' title="bbox 1961 3672 3537 3745">
     <span class='ocr_line' id='line_1_81' title="bbox 1961 3672 3537 3745; baseline 0.001 -18"><span class='ocrx_word' id='word_1_650' title='bbox 1961 3685 2077 3731; x_wconf 87' lang='lat' dir='ltr'><strong>stus</strong></span> <span class='ocrx_word' id='word_1_651' title='bbox 2105 3672 2330 3740; x_wconf 82' lang='lat' dir='ltr'><strong>scilicet,</strong></span> <span class='ocrx_word' id='word_1_652' title='bbox 2351 3684 2475 3729; x_wconf 86' lang='lat' dir='ltr'><strong>ante</strong></span> <span class='ocrx_word' id='word_1_653' title='bbox 2503 3674 2777 3730; x_wconf 77' lang='lat' dir='ltr'><strong>tnet‘actns</strong></span> <span class='ocrx_word' id='word_1_654' title='bbox 2805 3685 2909 3737; x_wconf 88' lang='lat' dir='ltr'><strong>est,</strong></span> <span class='ocrx_word' id='word_1_655' title='bbox 2945 3675 3045 3729; x_wconf 87' lang='lat' dir='ltr'><strong>hoc</strong></span> <span class='ocrx_word' id='word_1_656' title='bbox 3072 3684 3177 3740; x_wconf 87' lang='lat' dir='ltr'><strong>est,</strong></span> <span class='ocrx_word' id='word_1_657' title='bbox 3208 3675 3354 3744; x_wconf 80' lang='lat' dir='ltr'><strong>prius</strong></span> <span class='ocrx_word' id='word_1_658' title='bbox 3378 3692 3537 3745; x_wconf 80' lang='lat' dir='ltr'><strong>quant</strong></span> 
     </span>
    </p>
   </div>
   <div class='ocr_carea' id='block_1_82' title="bbox 1964 3766 3540 3843">
    <p class='ocr_par' dir='ltr' id='par_1_82' title="bbox 1964 3766 3540 3843">
     <span class='ocr_line' id='line_1_82' title="bbox 1964 3766 3540 3843; baseline -0.004 -17"><span class='ocrx_word' id='word_1_659' title='bbox 1964 3787 2065 3843; x_wconf 79' lang='lat' dir='ltr'><strong>ego</strong></span> <span class='ocrx_word' id='word_1_660' title='bbox 2115 3774 2364 3826; x_wconf 84' lang='lat' dir='ltr'><strong>conditus</strong></span> <span class='ocrx_word' id='word_1_661' title='bbox 2406 3778 2509 3835; x_wconf 77' lang='lat' dir='ltr'><strong>est,</strong></span> <span class='ocrx_word' id='word_1_662' title='bbox 2548 3784 2613 3823; x_wconf 92' lang='lat' dir='ltr'><strong>eo</strong></span> <span class='ocrx_word' id='word_1_663' title='bbox 2640 3769 2782 3838; x_wconf 83' lang='lat' dir='ltr'><strong>quod</strong></span> <span class='ocrx_word' id='word_1_664' title='bbox 2810 3767 2961 3837; x_wconf 88' lang='lat' dir='ltr'><strong>prior</strong></span> <span class='ocrx_word' id='word_1_665' title='bbox 2991 3781 3076 3821; x_wconf 89' lang='lat' dir='ltr'><strong>me</strong></span> <span class='ocrx_word' id='word_1_666' title='bbox 3115 3766 3315 3823; x_wconf 79' lang='lat' dir='ltr'><strong>fuerit?</strong></span> <span class='ocrx_word' id='word_1_667' title='bbox 3353 3768 3540 3822; x_wconf 85' lang='lat' dir='ltr'><strong>Omni-</strong></span> 
     </span>
    </p>
   </div>
   <div class='ocr_carea' id='block_1_83' title="bbox 1964 3863 3539 3933">
    <p class='ocr_par' dir='ltr' id='par_1_83' title="bbox 1964 3863 3539 3933">
     <span class='ocr_line' id='line_1_83' title="bbox 1964 3863 3539 3933; baseline -0.002 -12"><span class='ocrx_word' id='word_1_668' title='bbox 1964 3867 2066 3921; x_wconf 85' lang='lat' dir='ltr'><strong>bus</strong></span> <span class='ocrx_word' id='word_1_669' title='bbox 2129 3865 2275 3919; x_wconf 88' lang='lat' dir='ltr'><strong>enim</strong></span> <span class='ocrx_word' id='word_1_670' title='bbox 2334 3863 2506 3919; x_wconf 83' lang='lat' dir='ltr'><strong>modis</strong></span> <span class='ocrx_word' id='word_1_671' title='bbox 2553 3864 2777 3917; x_wconf 87' lang='lat' dir='ltr'><strong>stultum</strong></span> <span class='ocrx_word' id='word_1_672' title='bbox 2824 3872 2905 3919; x_wconf 88' lang='lat' dir='ltr'><strong>est</strong></span> <span class='ocrx_word' id='word_1_673' title='bbox 2957 3863 3139 3919; x_wconf 83' lang='lat' dir='ltr'><strong>dicere</strong></span> <span class='ocrx_word' id='word_1_674' title='bbox 3201 3865 3342 3933; x_wconf 85' lang='lat' dir='ltr'><strong>quod</strong></span> <span class='ocrx_word' id='word_1_675' title='bbox 3392 3864 3539 3919; x_wconf 86' lang='lat' dir='ltr'><strong>illum</strong></span> 
     </span>
    </p>
   </div>
   <div class='ocr_carea' id='block_1_84' title="bbox 1964 3954 3541 4027">
    <p class='ocr_par' dir='ltr' id='par_1_84' title="bbox 1964 3954 3541 4027">
     <span class='ocr_line' id='line_1_84' title="bbox 1964 3954 3541 4027; baseline -0.001 -15"><span class='ocrx_word' id='word_1_676' title='bbox 1964 3957 2232 4013; x_wconf 85' lang='lat' dir='ltr'><strong>creaverit</strong></span> <span class='ocrx_word' id='word_1_677' title='bbox 2268 3954 2409 4011; x_wconf 86' lang='lat' dir='ltr'><strong>Deus</strong></span> <span class='ocrx_word' id='word_1_678' title='bbox 2442 3956 2614 4027; x_wconf 84' lang='lat' dir='ltr'><strong>prius,</strong></span> <span class='ocrx_word' id='word_1_679' title='bbox 2644 3971 2710 4011; x_wconf 92' lang='lat' dir='ltr'><strong>eo</strong></span> <span class='ocrx_word' id='word_1_680' title='bbox 2754 3956 2899 4026; x_wconf 83' lang='lat' dir='ltr'><strong>quod</strong></span> <span class='ocrx_word' id='word_1_681' title='bbox 2948 3958 3093 4024; x_wconf 80' lang='lat' dir='ltr'><strong>prior</strong></span> <span class='ocrx_word' id='word_1_682' title='bbox 3142 3971 3225 4010; x_wconf 90' lang='lat' dir='ltr'><strong>me</strong></span> <span class='ocrx_word' id='word_1_683' title='bbox 3257 3968 3374 4011; x_wconf 85' lang='lat' dir='ltr'><strong>erat</strong></span> <span class='ocrx_word' id='word_1_684' title='bbox 3408 3958 3541 4012; x_wconf 84' lang='lat' dir='ltr'><strong>:sed</strong></span> 
     </span>
    </p>
   </div>
   <div class='ocr_carea' id='block_1_85' title="bbox 1966 4048 3543 4117">
    <p class='ocr_par' dir='ltr' id='par_1_85' title="bbox 1966 4048 3543 4117">
     <span class='ocr_line' id='line_1_85' title="bbox 1966 4048 3543 4117; baseline -0.003 -10"><span class='ocrx_word' id='word_1_685' title='bbox 1966 4051 2300 4107; x_wconf 80' lang='lat' dir='ltr'><strong>contrarium</strong></span> <span class='ocrx_word' id='word_1_686' title='bbox 2336 4049 2506 4117; x_wconf 76' lang='lat' dir='ltr'><strong>magis</strong></span> <span class='ocrx_word' id='word_1_687' title='bbox 2556 4048 2740 4103; x_wconf 86' lang='lat' dir='ltr'><strong>dicere</strong></span> <span class='ocrx_word' id='word_1_688' title='bbox 2761 4050 3044 4117; x_wconf 82' lang='lat' dir='ltr'><strong>oportebat</strong></span> <span class='ocrx_word' id='word_1_689' title='bbox 3070 4066 3086 4103; x_wconf 88' lang='lat'><strong>:</strong></span> <span class='ocrx_word' id='word_1_690' title='bbox 3114 4048 3239 4117; x_wconf 81' lang='lat' dir='ltr'><strong>quia</strong></span> <span class='ocrx_word' id='word_1_691' title='bbox 3274 4049 3364 4107; x_wconf 84' lang='lat' dir='ltr'><strong>hic</strong></span> <span class='ocrx_word' id='word_1_692' title='bbox 3392 4052 3543 4117; x_wconf 85' lang='lat' dir='ltr'><strong>prior</strong></span> 
     </span>
    </p>
   </div>
   <div class='ocr_carea' id='block_1_86' title="bbox 1968 4138 3543 4205">
    <p class='ocr_par' dir='ltr' id='par_1_86' title="bbox 1968 4138 3543 4205">
     <span class='ocr_line' id='line_1_86' title="bbox 1968 4138 3543 4205; baseline -0.001 -11"><span class='ocrx_word' id='word_1_693' title='bbox 1968 4155 2054 4195; x_wconf 86' lang='lat' dir='ltr'><strong>tne</strong></span> <span class='ocrx_word' id='word_1_694' title='bbox 2087 4148 2189 4205; x_wconf 92' lang='lat' dir='ltr'><strong>est,</strong></span> <span class='ocrx_word' id='word_1_695' title='bbox 2226 4138 2345 4194; x_wconf 88' lang='lat' dir='ltr'><strong>ideo</strong></span> <span class='ocrx_word' id='word_1_696' title='bbox 2379 4156 2399 4190; x_wconf 78' lang='grc' dir='ltr'><strong>ι</strong></span> <span class='ocrx_word' id='word_1_697' title='bbox 2449 4147 2575 4193; x_wconf 89' lang='lat' dir='ltr'><strong>ante</strong></span> <span class='ocrx_word' id='word_1_698' title='bbox 2611 4154 2696 4193; x_wconf 87' lang='lat' dir='ltr'><strong>me</strong></span> <span class='ocrx_word' id='word_1_699' title='bbox 2730 4139 2901 4195; x_wconf 80' lang='lat' dir='ltr'><strong>lactus</strong></span> <span class='ocrx_word' id='word_1_700' title='bbox 2935 4148 3039 4205; x_wconf 83' lang='lat' dir='ltr'><strong>est,</strong></span> <span class='ocrx_word' id='word_1_701' title='bbox 3076 4156 3097 4190; x_wconf 75' lang='grc' dir='ltr'><strong>ι</strong></span> <span class='ocrx_word' id='word_1_702' title='bbox 3137 4140 3239 4196; x_wconf 84' lang='lat' dir='ltr'><strong>hoc</strong></span> <span class='ocrx_word' id='word_1_703' title='bbox 3275 4150 3377 4204; x_wconf 86' lang='lat' dir='ltr'><strong>est,</strong></span> <span class='ocrx_word' id='word_1_704' title='bbox 3411 4156 3543 4194; x_wconf 88' lang='lat' dir='ltr'><strong>cou-</strong></span> 
     </span>
    </p>
   </div>
   <div class='ocr_carea' id='block_1_87' title="bbox 1967 4231 3546 4300">
    <p class='ocr_par' dir='ltr' id='par_1_87' title="bbox 1967 4231 3546 4300">
     <span class='ocr_line' id='line_1_87' title="bbox 1967 4231 3546 4300; baseline -0.001 -13"><span class='ocrx_word' id='word_1_705' title='bbox 1967 4233 2111 4289; x_wconf 89' lang='lat' dir='ltr'><strong>ditus</strong></span> <span class='ocrx_word' id='word_1_706' title='bbox 2127 4242 2229 4287; x_wconf 89' lang='lat' dir='ltr'><strong>est.</strong></span> <span class='ocrx_word' id='word_1_707' title='bbox 2275 4232 2341 4286; x_wconf 85' lang='lat' dir='ltr'><strong>Et</strong></span> <span class='ocrx_word' id='word_1_708' title='bbox 2379 4231 2490 4285; x_wconf 63' lang='lat' dir='ltr'><strong>haec</strong></span> <span class='ocrx_word' id='word_1_709' title='bbox 2522 4231 2739 4300; x_wconf 79' lang='lat' dir='ltr'><strong>quidem</strong></span> <span class='ocrx_word' id='word_1_710' title='bbox 2764 4232 3082 4286; x_wconf 83' lang='lat' dir='ltr'><strong>Arianorum</strong></span> <span class='ocrx_word' id='word_1_711' title='bbox 3106 4241 3230 4286; x_wconf 90' lang='lat' dir='ltr'><strong>sunt</strong></span> <span class='ocrx_word' id='word_1_712' title='bbox 3255 4231 3415 4286; x_wconf 79' lang='lat' dir='ltr'><strong>dicta.</strong></span> <span class='ocrx_word' id='word_1_713' title='bbox 3438 4231 3546 4285; x_wconf 84' lang='lat' dir='ltr'><strong>Nos</strong></span> 
     </span>
    </p>
   </div>
   <div class='ocr_carea' id='block_1_88' title="bbox 1969 4320 3545 4394">
    <p class='ocr_par' dir='ltr' id='par_1_88' title="bbox 1969 4320 3545 4394">
     <span class='ocr_line' id='line_1_88' title="bbox 1969 4320 3545 4394; baseline -0.001 -15"><span class='ocrx_word' id='word_1_714' title='bbox 1969 4332 2146 4379; x_wconf 87' lang='lat' dir='ltr'><strong>autem</strong></span> <span class='ocrx_word' id='word_1_715' title='bbox 2198 4320 2496 4379; x_wconf 78' lang='lat' dir='ltr'><strong>orthodoxe</strong></span> <span class='ocrx_word' id='word_1_716' title='bbox 2548 4323 2901 4394; x_wconf 82' lang='lat' dir='ltr'><strong>intelligimus</strong></span> <span class='ocrx_word' id='word_1_717' title='bbox 2957 4323 3099 4393; x_wconf 83' lang='lat' dir='ltr'><strong>quod</strong></span> <span class='ocrx_word' id='word_1_718' title='bbox 3148 4325 3238 4394; x_wconf 89' lang='lat' dir='ltr'><strong>qui</strong></span> <span class='ocrx_word' id='word_1_719' title='bbox 3296 4335 3416 4393; x_wconf 86' lang='lat' dir='ltr'><strong>post</strong></span> <span class='ocrx_word' id='word_1_720' title='bbox 3461 4342 3545 4378; x_wconf 76' lang='lat' dir='ltr'><strong>tne</strong></span> 
     </span>
    </p>
   </div>
   <div class='ocr_carea' id='block_1_89' title="bbox 1970 4416 3546 4486">
    <p class='ocr_par' dir='ltr' id='par_1_89' title="bbox 1970 4416 3546 4486">
     <span class='ocr_line' id='line_1_89' title="bbox 1970 4416 3546 4486; baseline -0.001 -15"><span class='ocrx_word' id='word_1_721' title='bbox 1970 4427 2230 4472; x_wconf 83' lang='lat' dir='ltr'><strong>venturus</strong></span> <span class='ocrx_word' id='word_1_722' title='bbox 2279 4426 2417 4484; x_wconf 84' lang='lat' dir='ltr'><strong>erat,</strong></span> <span class='ocrx_word' id='word_1_723' title='bbox 2468 4417 2621 4486; x_wconf 80' lang='lat' dir='ltr'><strong>juxta</strong></span> <span class='ocrx_word' id='word_1_724' title='bbox 2665 4417 2995 4472; x_wconf 86' lang='lat' dir='ltr'><strong>nativitatem</strong></span> <span class='ocrx_word' id='word_1_725' title='bbox 3036 4416 3089 4470; x_wconf 91' lang='lat' dir='ltr'><strong>in</strong></span> <span class='ocrx_word' id='word_1_726' title='bbox 3114 4431 3280 4471; x_wconf 86' lang='lat' dir='ltr'><strong>carne</strong></span> <span class='ocrx_word' id='word_1_727' title='bbox 3310 4431 3374 4472; x_wconf 74' lang='lat' dir='ltr'><strong>ex</strong></span> <span class='ocrx_word' id='word_1_728' title='bbox 3418 4416 3546 4470; x_wconf 62' lang='lat' dir='ltr'><strong>Vir~</strong></span> 
     </span>
    </p>
   </div>
   <div class='ocr_carea' id='block_1_90' title="bbox 282 4503 1852 4580">
    <p class='ocr_par' dir='ltr' id='par_1_90' title="bbox 282 4503 1852 4580">
     <span class='ocr_line' id='line_1_90' title="bbox 282 4503 1852 4580; baseline -0.005 -17"><span class='ocrx_word' id='word_1_729' title='bbox 282 4513 467 4563; x_wconf 75' lang='grc' dir='ltr'>ὀπίσω</span> <span class='ocrx_word' id='word_1_730' title='bbox 500 4525 601 4580; x_wconf 86' lang='grc' dir='ltr'><strong>μου</strong></span> <span class='ocrx_word' id='word_1_731' title='bbox 639 4511 951 4580; x_wconf 84' lang='grc' dir='ltr'>ἐρχόμενος,</span> <span class='ocrx_word' id='word_1_732' title='bbox 985 4525 1006 4560; x_wconf 74' lang='grc' dir='ltr'><strong>ι</strong></span> <span class='ocrx_word' id='word_1_733' title='bbox 1062 4508 1204 4560; x_wconf 88' lang='grc' dir='ltr'>κατὰ</span> <span class='ocrx_word' id='word_1_734' title='bbox 1235 4506 1336 4577; x_wconf 81' lang='grc' dir='ltr'><strong>τὴν</strong></span> <span class='ocrx_word' id='word_1_735' title='bbox 1367 4508 1431 4558; x_wconf 84' lang='grc' dir='ltr'><strong>ἐκ</strong></span> <span class='ocrx_word' id='word_1_736' title='bbox 1489 4503 1767 4576; x_wconf 81' lang='grc' dir='ltr'>Παρθένου</span> <span class='ocrx_word' id='word_1_737' title='bbox 1804 4504 1852 4555; x_wconf 66' lang='grc' dir='ltr'><strong>ἐν</strong></span> 
     </span>
    </p>
   </div>
   <div class='ocr_carea' id='block_1_91' title="bbox 1961 4503 3546 4580">
    <p class='ocr_par' dir='ltr' id='par_1_91' title="bbox 1968 4506 3546 4579">
     <span class='ocr_line' id='line_1_91' title="bbox 1968 4506 3546 4579; baseline 0.001 -17"><span class='ocrx_word' id='word_1_738' title='bbox 1968 4506 2114 4579; x_wconf 80' lang='lat' dir='ltr'><strong>giae,</strong></span> <span class='ocrx_word' id='word_1_739' title='bbox 2167 4521 2294 4567; x_wconf 88' lang='lat' dir='ltr'><strong>ante</strong></span> <span class='ocrx_word' id='word_1_740' title='bbox 2349 4525 2435 4564; x_wconf 91' lang='lat' dir='ltr'><strong>me</strong></span> <span class='ocrx_word' id='word_1_741' title='bbox 2458 4508 2630 4564; x_wconf 78' lang='lat' dir='ltr'><strong>factus</strong></span> <span class='ocrx_word' id='word_1_742' title='bbox 2667 4521 2769 4577; x_wconf 89' lang='lat' dir='ltr'><strong>est,</strong></span> <span class='ocrx_word' id='word_1_743' title='bbox 2805 4512 2907 4565; x_wconf 86' lang='lat' dir='ltr'><strong>hoc</strong></span> <span class='ocrx_word' id='word_1_744' title='bbox 2936 4519 3039 4575; x_wconf 89' lang='lat' dir='ltr'><strong>est,</strong></span> <span class='ocrx_word' id='word_1_745' title='bbox 3073 4509 3354 4579; x_wconf 82' lang='lat' dir='ltr'><strong>gloriosior</strong></span> <span class='ocrx_word' id='word_1_746' title='bbox 3387 4522 3439 4563; x_wconf 84' lang='lat' dir='ltr'><strong>et</strong></span> <span class='ocrx_word' id='word_1_747' title='bbox 3465 4511 3546 4563; x_wconf 82' lang='lat' dir='ltr'><strong>di-</strong></span> 
     </span>
    </p>
   </div>
   <div class='ocr_carea' id='block_1_92' title="bbox 287 4595 1863 4674">
    <p class='ocr_par' dir='ltr' id='par_1_92' title="bbox 287 4595 1863 4674">
     <span class='ocr_line' id='line_1_92' title="bbox 287 4595 1863 4674; baseline -0.005 -19"><span class='ocrx_word' id='word_1_748' title='bbox 287 4604 461 4672; x_wconf 74' lang='grc' dir='ltr'>σαρκὶ</span> <span class='ocrx_word' id='word_1_749' title='bbox 507 4600 783 4674; x_wconf 79' lang='grc' dir='ltr'>γέννησιν,</span> <span class='ocrx_word' id='word_1_750' title='bbox 830 4616 848 4653; x_wconf 87' lang='grc' dir='ltr'><strong>ι</strong></span> <span class='ocrx_word' id='word_1_751' title='bbox 886 4599 1198 4672; x_wconf 76' lang='grc' dir='ltr'>ἔμπροσθέν</span> <span class='ocrx_word' id='word_1_752' title='bbox 1260 4615 1360 4670; x_wconf 87' lang='grc' dir='ltr'><strong>μου</strong></span> <span class='ocrx_word' id='word_1_753' title='bbox 1392 4597 1639 4666; x_wconf 80' lang='grc' dir='ltr'>γέγονεν,</span> <span class='ocrx_word' id='word_1_754' title='bbox 1681 4614 1700 4648; x_wconf 76' lang='grc' dir='ltr'><strong>ι</strong></span> <span class='ocrx_word' id='word_1_755' title='bbox 1740 4595 1863 4649; x_wconf 70' lang='grc' dir='ltr'>ἀντὶ</span> 
     </span>
    </p>
   </div>
   <div class='ocr_carea' id='block_1_93' title="bbox 284 4687 1867 4768">
    <p class='ocr_par' dir='ltr' id='par_1_93' title="bbox 284 4687 1867 4768">
     <span class='ocr_line' id='line_1_93' title="bbox 284 4687 1867 4768; baseline -0.007 -19"><span class='ocrx_word' id='word_1_756' title='bbox 284 4696 407 4762; x_wconf 82' lang='grc' dir='ltr'>τοῦ,</span> <span class='ocrx_word' id='word_1_757' title='bbox 439 4694 779 4768; x_wconf 74' lang='grc' dir='ltr'>ἐνδοξότερος</span> <span class='ocrx_word' id='word_1_758' title='bbox 817 4697 913 4747; x_wconf 72' lang='grc' dir='ltr'><strong>καὶ</strong></span> <span class='ocrx_word' id='word_1_759' title='bbox 960 4691 1357 4765; x_wconf 75' lang='grc' dir='ltr'>προτιμότερός</span> <span class='ocrx_word' id='word_1_760' title='bbox 1409 4707 1509 4759; x_wconf 92' lang='grc' dir='ltr'><strong>μου</strong></span> <span class='ocrx_word' id='word_1_761' title='bbox 1554 4687 1772 4756; x_wconf 83' lang='grc' dir='ltr'>ἐγένετο</span> <span class='ocrx_word' id='word_1_762' title='bbox 1801 4687 1867 4738; x_wconf 85' lang='grc' dir='ltr'><strong>ἐκ</strong></span> 
     </span>
    </p>
   </div>
   <div class='ocr_carea' id='block_1_94' title="bbox 287 4778 1868 4861">
    <p class='ocr_par' dir='ltr' id='par_1_94' title="bbox 287 4778 1868 4861">
     <span class='ocr_line' id='line_1_94' title="bbox 287 4778 1868 4861; baseline -0.009 -15"><span class='ocrx_word' id='word_1_763' title='bbox 287 4792 400 4846; x_wconf 81' lang='grc' dir='ltr'>τῶν</span> <span class='ocrx_word' id='word_1_764' title='bbox 431 4791 560 4861; x_wconf 69' lang='grc' dir='ltr'>περὶ</span> <span class='ocrx_word' id='word_1_765' title='bbox 612 4789 773 4845; x_wconf 71' lang='grc' dir='ltr'>αὑτὸν</span> <span class='ocrx_word' id='word_1_766' title='bbox 822 4787 1150 4859; x_wconf 75' lang='grc' dir='ltr'>συμϐάντων</span> <span class='ocrx_word' id='word_1_767' title='bbox 1178 4784 1500 4854; x_wconf 86' lang='grc' dir='ltr'>θαυμάτων,</span> <span class='ocrx_word' id='word_1_768' title='bbox 1555 4785 1620 4834; x_wconf 91' lang='grc' dir='ltr'><strong>ἐκ</strong></span> <span class='ocrx_word' id='word_1_769' title='bbox 1659 4778 1754 4833; x_wconf 88' lang='grc' dir='ltr'><strong>τοῦ</strong></span> <span class='ocrx_word' id='word_1_770' title='bbox 1778 4779 1868 4832; x_wconf 76' lang='grc' dir='ltr'>τό·</span> 
     </span>
    </p>
   </div>
   <div class='ocr_carea' id='block_1_95' title="bbox 287 4872 1866 4957">
    <p class='ocr_par' dir='ltr' id='par_1_95' title="bbox 287 4872 1866 4957">
     <span class='ocr_line' id='line_1_95' title="bbox 287 4872 1866 4957; baseline -0.01 -16"><span class='ocrx_word' id='word_1_771' title='bbox 287 4905 415 4951; x_wconf 82' lang='grc' dir='ltr'>κου,</span> <span class='ocrx_word' id='word_1_772' title='bbox 445 4890 510 4940; x_wconf 81' lang='grc' dir='ltr'><strong>ἐκ</strong></span> <span class='ocrx_word' id='word_1_773' title='bbox 548 4887 644 4957; x_wconf 80' lang='grc' dir='ltr'>τῆς</span> <span class='ocrx_word' id='word_1_774' title='bbox 672 4884 1005 4953; x_wconf 79' lang='grc' dir='ltr'>ἀνατροφῆς,</span> <span class='ocrx_word' id='word_1_775' title='bbox 1039 4883 1106 4933; x_wconf 84' lang='grc' dir='ltr'><strong>ἐκ</strong></span> <span class='ocrx_word' id='word_1_776' title='bbox 1141 4881 1241 4951; x_wconf 81' lang='grc' dir='ltr'>τῆς</span> <span class='ocrx_word' id='word_1_777' title='bbox 1299 4877 1514 4946; x_wconf 82' lang='grc' dir='ltr'>σοφίας.</span> <span class='ocrx_word' id='word_1_778' title='bbox 1569 4875 1678 4928; x_wconf 73' lang='grc' dir='ltr'>Καὶ</span> <span class='ocrx_word' id='word_1_779' title='bbox 1716 4872 1866 4927; x_wconf 84' lang='grc' dir='ltr'>εἰκό-</span> 
     </span>
    </p>
   </div>
   <div class='ocr_carea' id='block_1_96' title="bbox 286 4963 1869 5046">
    <p class='ocr_par' dir='ltr' id='par_1_96' title="bbox 286 4963 1869 5046">
     <span class='ocr_line' id='line_1_96' title="bbox 286 4963 1869 5046; baseline -0.011 -14"><span class='ocrx_word' id='word_1_780' title='bbox 286 4996 401 5043; x_wconf 79' lang='grc' dir='ltr'><strong>τως</strong></span> <span class='ocrx_word' id='word_1_781' title='bbox 426 4977 604 5031; x_wconf 87' lang='grc' dir='ltr'>τοῦτο.</span> <span class='ocrx_word' id='word_1_782' title='bbox 645 4979 754 5032; x_wconf 75' lang='lat' dir='ltr'><strong>Kal</strong></span> <span class='ocrx_word' id='word_1_783' title='bbox 788 4970 897 5046; x_wconf 76' lang='grc' dir='ltr'><strong>γάρ</strong></span> <span class='ocrx_word' id='word_1_784' title='bbox 934 4971 1152 5044; x_wconf 82' lang='grc' dir='ltr'>πρῶτός</span> <span class='ocrx_word' id='word_1_785' title='bbox 1194 4986 1299 5039; x_wconf 87' lang='grc' dir='ltr'><strong>μου</strong></span> <span class='ocrx_word' id='word_1_786' title='bbox 1336 4964 1426 5040; x_wconf 77' lang='grc' dir='ltr'>ἦν,</span> <span class='ocrx_word' id='word_1_787' title='bbox 1456 4967 1601 5020; x_wconf 84' lang='grc' dir='ltr'>κατά</span> <span class='ocrx_word' id='word_1_788' title='bbox 1627 4966 1727 5037; x_wconf 79' lang='grc' dir='ltr'><strong>τὴν</strong></span> <span class='ocrx_word' id='word_1_789' title='bbox 1759 4963 1869 5036; x_wconf 82' lang='grc' dir='ltr'><strong>πρὸ</strong></span> 
     </span>
    </p>
   </div>
   <div class='ocr_carea' id='block_1_97' title="bbox 290 5049 1869 5139">
    <p class='ocr_par' dir='ltr' id='par_1_97' title="bbox 290 5049 1869 5139">
     <span class='ocr_line' id='line_1_97' title="bbox 290 5049 1869 5139; baseline -0.011 -16"><span class='ocrx_word' id='word_1_790' title='bbox 290 5071 509 5124; x_wconf 76' lang='grc' dir='ltr'>αἰώνων</span> <span class='ocrx_word' id='word_1_791' title='bbox 537 5071 601 5123; x_wconf 86' lang='grc' dir='ltr'><strong>ἐκ</strong></span> <span class='ocrx_word' id='word_1_792' title='bbox 638 5067 849 5139; x_wconf 57' lang='lat' dir='ltr'><strong>{largi};</strong></span> <span class='ocrx_word' id='word_1_793' title='bbox 884 5066 1160 5135; x_wconf 81' lang='grc' dir='ltr'>γέννησιν,</span> <span class='ocrx_word' id='word_1_794' title='bbox 1185 5062 1234 5114; x_wconf 82' lang='grc' dir='ltr'><strong>εί</strong></span> <span class='ocrx_word' id='word_1_795' title='bbox 1273 5058 1372 5114; x_wconf 74' lang='grc' dir='ltr'><strong>καὶ</strong></span> <span class='ocrx_word' id='word_1_796' title='bbox 1399 5058 1575 5112; x_wconf 79' lang='grc' dir='ltr'>ὀπίσω</span> <span class='ocrx_word' id='word_1_797' title='bbox 1608 5073 1710 5127; x_wconf 88' lang='grc' dir='ltr'><strong>μου</strong></span> <span class='ocrx_word' id='word_1_798' title='bbox 1736 5049 1869 5126; x_wconf 80' lang='grc' dir='ltr'>ἦλθε</span> 
     </span>
    </p>
   </div>
   <div class='ocr_carea' id='block_1_98' title="bbox 208 5155 1225 5232">
    <p class='ocr_par' dir='ltr' id='par_1_98' title="bbox 208 5155 1225 5232">
     <span class='ocr_line' id='line_1_98' title="bbox 208 5155 1225 5232; baseline -0.011 -14"><span class='ocrx_word' id='word_1_799' title='bbox 208 5184 217 5191; x_wconf 80' lang='grc'><em>’</em></span> <span class='ocrx_word' id='word_1_800' title='bbox 294 5164 443 5217; x_wconf 79' lang='grc' dir='ltr'>κατὰ</span> <span class='ocrx_word' id='word_1_801' title='bbox 482 5163 582 5232; x_wconf 81' lang='grc' dir='ltr'>τὴν</span> <span class='ocrx_word' id='word_1_802' title='bbox 610 5164 667 5214; x_wconf 86' lang='grc' dir='ltr'><strong>ἐν</strong></span> <span class='ocrx_word' id='word_1_803' title='bbox 701 5160 867 5231; x_wconf 75' lang='grc' dir='ltr'>σαρκὶ</span> <span class='ocrx_word' id='word_1_804' title='bbox 894 5155 1225 5229; x_wconf 82' lang='grc' dir='ltr'>παρουσίαν.</span> 
     </span>
    </p>
   </div>
   <div class='ocr_carea' id='block_1_99' title="bbox 376 5238 1871 5323">
    <p class='ocr_par' dir='ltr' id='par_1_99' title="bbox 376 5238 1871 5323">
     <span class='ocr_line' id='line_1_99' title="bbox 376 5238 1871 5323; baseline -0.012 -14"><span class='ocrx_word' id='word_1_805' title='bbox 376 5273 395 5307; x_wconf 82' lang='grc' dir='ltr'><strong>ι</strong></span> <span class='ocrx_word' id='word_1_806' title='bbox 434 5257 545 5308; x_wconf 75' lang='grc' dir='ltr'>Καὶ</span> <span class='ocrx_word' id='word_1_807' title='bbox 593 5254 658 5307; x_wconf 88' lang='grc' dir='ltr'><strong>ἐκ</strong></span> <span class='ocrx_word' id='word_1_808' title='bbox 706 5253 802 5307; x_wconf 86' lang='grc' dir='ltr'><strong>τοῦ</strong></span> <span class='ocrx_word' id='word_1_809' title='bbox 856 5249 1225 5323; x_wconf 73' lang='grc' dir='ltr'>πληρώματος</span> <span class='ocrx_word' id='word_1_810' title='bbox 1274 5243 1439 5300; x_wconf 80' lang='grc' dir='ltr'>αὐτοῦ</span> <span class='ocrx_word' id='word_1_811' title='bbox 1473 5243 1635 5316; x_wconf 77' lang='grc' dir='ltr'>ἡμεῖς</span> <span class='ocrx_word' id='word_1_812' title='bbox 1669 5238 1871 5303; x_wconf 85' lang='grc' dir='ltr'>πάντες</span> 
     </span>
    </p>
   </div>
   <div class='ocr_carea' id='block_1_100' title="bbox 292 5328 1869 5418">
    <p class='ocr_par' dir='ltr' id='par_1_100' title="bbox 292 5328 1869 5418">
     <span class='ocr_line' id='line_1_100' title="bbox 292 5328 1869 5418; baseline -0.012 -16"><span class='ocrx_word' id='word_1_813' title='bbox 292 5349 586 5418; x_wconf 80' lang='grc' dir='ltr'>ἐλάϐομεν,</span> <span class='ocrx_word' id='word_1_814' title='bbox 620 5347 715 5400; x_wconf 70' lang='grc' dir='ltr'><strong>καὶ</strong></span> <span class='ocrx_word' id='word_1_815' title='bbox 742 5346 901 5417; x_wconf 85' lang='grc' dir='ltr'>χάριν</span> <span class='ocrx_word' id='word_1_816' title='bbox 931 5341 1055 5398; x_wconf 71' lang='grc' dir='ltr'>ἀντὶ</span> <span class='ocrx_word' id='word_1_817' title='bbox 1077 5346 1319 5414; x_wconf 81' lang='grc' dir='ltr'>χάριτος.</span> <span class='ocrx_word' id='word_1_818' title='bbox 1363 5358 1381 5392; x_wconf 76' lang='grc' dir='ltr'><strong>ι</strong></span> <span class='ocrx_word' id='word_1_819' title='bbox 1415 5338 1524 5391; x_wconf 77' lang='grc' dir='ltr'>Καὶ</span> <span class='ocrx_word' id='word_1_820' title='bbox 1564 5334 1740 5389; x_wconf 88' lang='grc' dir='ltr'>ταῦτα</span> <span class='ocrx_word' id='word_1_821' title='bbox 1773 5328 1869 5385; x_wconf 89' lang='grc' dir='ltr'><strong>τοῦ</strong></span> 
     </span>
    </p>
   </div>
   <div class='ocr_carea' id='block_1_101' title="bbox 296 5422 1867 5511">
    <p class='ocr_par' dir='ltr' id='par_1_101' title="bbox 296 5422 1867 5511">
     <span class='ocr_line' id='line_1_101' title="bbox 296 5422 1867 5511; baseline -0.01 -18"><span class='ocrx_word' id='word_1_822' title='bbox 296 5439 614 5511; x_wconf 78' lang='grc' dir='ltr'>ιιροδρόμου</span> <span class='ocrx_word' id='word_1_823' title='bbox 640 5439 744 5490; x_wconf 71' lang='grc' dir='ltr'>εἰσὶ</span> <span class='ocrx_word' id='word_1_824' title='bbox 778 5440 1003 5507; x_wconf 74' lang='grc' dir='ltr'>ῥήματα</span> <span class='ocrx_word' id='word_1_825' title='bbox 1033 5436 1285 5503; x_wconf 80' lang='grc' dir='ltr'>λέγοντος</span> <span class='ocrx_word' id='word_1_826' title='bbox 1319 5430 1449 5501; x_wconf 76' lang='grc' dir='ltr'>περὶ</span> <span class='ocrx_word' id='word_1_827' title='bbox 1477 5427 1573 5481; x_wconf 90' lang='grc' dir='ltr'><strong>τοῦ</strong></span> <span class='ocrx_word' id='word_1_828' title='bbox 1603 5422 1867 5498; x_wconf 84' lang='grc' dir='ltr'>Χριστοῦ,</span> 
     </span>
    </p>
   </div>
   <div class='ocr_carea' id='block_1_102' title="bbox 292 5519 1871 5600">
    <p class='ocr_par' dir='ltr' id='par_1_102' title="bbox 292 5519 1871 5600">
     <span class='ocr_line' id='line_1_102' title="bbox 292 5519 1871 5600; baseline -0.012 -12"><span class='ocrx_word' id='word_1_829' title='bbox 292 5536 380 5588; x_wconf 77' lang='grc' dir='ltr'>ὅτι</span> <span class='ocrx_word' id='word_1_830' title='bbox 414 5530 607 5600; x_wconf 82' lang='grc' dir='ltr'>Ἡμεῖς</span> <span class='ocrx_word' id='word_1_831' title='bbox 642 5530 842 5592; x_wconf 86' lang='grc' dir='ltr'>πάντες</span> <span class='ocrx_word' id='word_1_832' title='bbox 881 5529 932 5580; x_wconf 91' lang='grc' dir='ltr'>οἱ</span> <span class='ocrx_word' id='word_1_833' title='bbox 962 5528 1240 5598; x_wconf 84' lang='grc' dir='ltr'>προφῆται</span> <span class='ocrx_word' id='word_1_834' title='bbox 1263 5526 1328 5577; x_wconf 85' lang='grc' dir='ltr'><strong>ἐκ</strong></span> <span class='ocrx_word' id='word_1_835' title='bbox 1362 5521 1457 5575; x_wconf 91' lang='grc' dir='ltr'><strong>τοῦ</strong></span> <span class='ocrx_word' id='word_1_836' title='bbox 1502 5519 1871 5592; x_wconf 80' lang='grc' dir='ltr'>πληρώματος</span> 
     </span>
    </p>
   </div>
   <div class='ocr_carea' id='block_1_103' title="bbox 292 5613 1868 5690">
    <p class='ocr_par' dir='ltr' id='par_1_103' title="bbox 292 5613 1868 5690">
     <span class='ocr_line' id='line_1_103' title="bbox 292 5613 1868 5690; baseline -0.009 -15"><span class='ocrx_word' id='word_1_837' title='bbox 292 5622 464 5675; x_wconf 74' lang='grc' dir='ltr'>αῦτοῦ</span> <span class='ocrx_word' id='word_1_838' title='bbox 493 5620 780 5690; x_wconf 68' lang='grc' dir='ltr'>ἐλάϐομεν.</span> <span class='ocrx_word' id='word_1_839' title='bbox 819 5620 893 5672; x_wconf 82' lang='grc' dir='ltr'><strong>Οὺ</strong></span> <span class='ocrx_word' id='word_1_840' title='bbox 923 5618 1032 5688; x_wconf 83' lang='grc' dir='ltr'><strong>γάρ</strong></span> <span class='ocrx_word' id='word_1_841' title='bbox 1074 5617 1342 5685; x_wconf 78' lang='grc' dir='ltr'>τοσαύτην</span> <span class='ocrx_word' id='word_1_842' title='bbox 1374 5615 1487 5686; x_wconf 76' lang='grc' dir='ltr'>ἔχει</span> <span class='ocrx_word' id='word_1_843' title='bbox 1536 5614 1634 5684; x_wconf 81' lang='grc' dir='ltr'><strong>τὴν</strong></span> <span class='ocrx_word' id='word_1_844' title='bbox 1682 5613 1868 5682; x_wconf 87' lang='grc' dir='ltr'>χάριν,</span> 
     </span>
    </p>
   </div>
   <div class='ocr_carea' id='block_1_104' title="bbox 294 5701 1870 5783">
    <p class='ocr_par' dir='ltr' id='par_1_104' title="bbox 294 5701 1870 5783">
     <span class='ocr_line' id='line_1_104' title="bbox 294 5701 1870 5783; baseline -0.008 -15"><span class='ocrx_word' id='word_1_845' title='bbox 294 5717 428 5783; x_wconf 70' lang='grc' dir='ltr'>ἴσην</span> <span class='ocrx_word' id='word_1_846' title='bbox 473 5715 522 5766; x_wconf 82' lang='grc' dir='ltr'>οἱ</span> <span class='ocrx_word' id='word_1_847' title='bbox 578 5712 1088 5781; x_wconf 79' lang='grc' dir='ltr'>πνευματοφόρητοι</span> <span class='ocrx_word' id='word_1_848' title='bbox 1134 5708 1414 5778; x_wconf 74' lang='grc' dir='ltr'>ἄνθρωποι</span> <span class='ocrx_word' id='word_1_849' title='bbox 1439 5725 1453 5738; x_wconf 73' lang='grc' dir='ltr'><strong>ο</strong></span> <span class='ocrx_word' id='word_1_850' title='bbox 1513 5704 1651 5760; x_wconf 83' lang='grc' dir='ltr'>ἀλλὰ</span> <span class='ocrx_word' id='word_1_851' title='bbox 1717 5701 1870 5773; x_wconf 68' lang='grc' dir='ltr'>πηγὴ</span> 
     </span>
    </p>
   </div>
   <div class='ocr_carea' id='block_1_105' title="bbox 296 5795 1868 5877">
    <p class='ocr_par' dir='ltr' id='par_1_105' title="bbox 296 5795 1868 5877">
     <span class='ocr_line' id='line_1_105' title="bbox 296 5795 1868 5877; baseline -0.013 -14"><span class='ocrx_word' id='word_1_852' title='bbox 296 5809 564 5877; x_wconf 80' lang='grc' dir='ltr'>ὑπάρχων</span> <span class='ocrx_word' id='word_1_853' title='bbox 607 5805 807 5867; x_wconf 75' lang='grc' dir='ltr'>παντὸς</span> <span class='ocrx_word' id='word_1_854' title='bbox 865 5801 1094 5871; x_wconf 82' lang='grc' dir='ltr'>ἀγαυοῦ,</span> <span class='ocrx_word' id='word_1_855' title='bbox 1151 5803 1246 5853; x_wconf 85' lang='grc' dir='ltr'>καί</span> <span class='ocrx_word' id='word_1_856' title='bbox 1302 5802 1480 5867; x_wconf 70' lang='grc' dir='ltr'>πάτης</span> <span class='ocrx_word' id='word_1_857' title='bbox 1540 5795 1728 5865; x_wconf 59' lang='grc' dir='ltr'>σοφίας</span> <span class='ocrx_word' id='word_1_858' title='bbox 1776 5795 1868 5846; x_wconf 72' lang='grc' dir='ltr'><strong>καὶ</strong></span> 
     </span>
    </p>
   </div>
   <div class='ocr_carea' id='block_1_106' title="bbox 624 5897 1386 5963">
    <p class='ocr_par' dir='ltr' id='par_1_106' title="bbox 624 5897 1386 5963">
     <span class='ocr_line' id='line_1_106' title="bbox 624 5897 1386 5963; baseline -0.004 -2"><span class='ocrx_word' id='word_1_859' title='bbox 624 5903 890 5963; x_wconf 68' lang='grc' dir='ltr'>Ρλτιιοι..</span> <span class='ocrx_word' id='word_1_860' title='bbox 938 5899 1055 5959; x_wconf 79' lang='lat' dir='ltr'><strong>GR.</strong></span> <span class='ocrx_word' id='word_1_861' title='bbox 1107 5897 1386 5959; x_wconf 75' lang='lat' dir='ltr'><strong>CXXlll.</strong></span> 
     </span>
    </p>
   </div>
   <div class='ocr_carea' id='block_1_107' title="bbox 1971 4599 3543 4673">
    <p class='ocr_par' dir='ltr' id='par_1_107' title="bbox 1971 4599 3543 4673">
     <span class='ocr_line' id='line_1_107' title="bbox 1971 4599 3543 4673; baseline -0.003 -16"><span class='ocrx_word' id='word_1_862' title='bbox 1971 4601 2129 4673; x_wconf 77' lang='lat' dir='ltr'><strong>gnior</strong></span> <span class='ocrx_word' id='word_1_863' title='bbox 2187 4616 2274 4656; x_wconf 84' lang='lat' dir='ltr'><strong>me</strong></span> <span class='ocrx_word' id='word_1_864' title='bbox 2326 4600 2449 4667; x_wconf 82' lang='lat' dir='ltr'><strong>fuit,</strong></span> <span class='ocrx_word' id='word_1_865' title='bbox 2481 4612 2700 4669; x_wconf 87' lang='lat' dir='ltr'><strong>propter</strong></span> <span class='ocrx_word' id='word_1_866' title='bbox 2753 4602 3011 4656; x_wconf 87' lang='lat' dir='ltr'><strong>miracula</strong></span> <span class='ocrx_word' id='word_1_867' title='bbox 3055 4616 3174 4671; x_wconf 68' lang='lat' dir='ltr'><strong>qua:</strong></span> <span class='ocrx_word' id='word_1_868' title='bbox 3194 4601 3339 4655; x_wconf 80' lang='lat' dir='ltr'><strong>circa</strong></span> <span class='ocrx_word' id='word_1_869' title='bbox 3366 4599 3543 4670; x_wconf 88' lang='lat' dir='ltr'><strong>ipsum</strong></span> 
     </span>
    </p>
   </div>
   <div class='ocr_carea' id='block_1_108' title="bbox 1970 4692 3547 4763">
    <p class='ocr_par' dir='ltr' id='par_1_108' title="bbox 1970 4692 3547 4763">
     <span class='ocr_line' id='line_1_108' title="bbox 1970 4692 3547 4763; baseline -0.001 -16"><span class='ocrx_word' id='word_1_870' title='bbox 1970 4694 2283 4750; x_wconf 84' lang='lat' dir='ltr'><strong>acciderunt</strong></span> <span class='ocrx_word' id='word_1_871' title='bbox 2310 4693 2362 4746; x_wconf 92' lang='lat' dir='ltr'><strong>in</strong></span> <span class='ocrx_word' id='word_1_872' title='bbox 2405 4702 2582 4763; x_wconf 87' lang='lat' dir='ltr'><strong>partu,</strong></span> <span class='ocrx_word' id='word_1_873' title='bbox 2614 4694 2666 4748; x_wconf 86' lang='lat' dir='ltr'><strong>in</strong></span> <span class='ocrx_word' id='word_1_874' title='bbox 2697 4693 3032 4757; x_wconf 83' lang='lat' dir='ltr'><strong>educatione,</strong></span> <span class='ocrx_word' id='word_1_875' title='bbox 3079 4694 3133 4749; x_wconf 90' lang='lat' dir='ltr'><strong>in</strong></span> <span class='ocrx_word' id='word_1_876' title='bbox 3170 4692 3455 4763; x_wconf 80' lang='lat' dir='ltr'><strong>sapientia.</strong></span> <span class='ocrx_word' id='word_1_877' title='bbox 3479 4693 3547 4747; x_wconf 85' lang='lat' dir='ltr'><strong>Et</strong></span> 
     </span>
    </p>
   </div>
   <div class='ocr_carea' id='block_1_109' title="bbox 1972 4784 3547 4852">
    <p class='ocr_par' dir='ltr' id='par_1_109' title="bbox 1972 4784 3547 4852">
     <span class='ocr_line' id='line_1_109' title="bbox 1972 4784 3547 4852; baseline 0 -11"><span class='ocrx_word' id='word_1_878' title='bbox 1972 4786 2166 4841; x_wconf 89' lang='lat' dir='ltr'><strong>merito</strong></span> <span class='ocrx_word' id='word_1_879' title='bbox 2190 4786 2312 4840; x_wconf 85' lang='lat' dir='ltr'><strong>hoc.</strong></span> <span class='ocrx_word' id='word_1_880' title='bbox 2343 4784 2551 4839; x_wconf 85' lang='lat' dir='ltr'><strong>Etenim</strong></span> <span class='ocrx_word' id='word_1_881' title='bbox 2586 4785 2736 4852; x_wconf 89' lang='lat' dir='ltr'><strong>prior</strong></span> <span class='ocrx_word' id='word_1_882' title='bbox 2763 4801 2848 4841; x_wconf 85' lang='lat' dir='ltr'><strong>me</strong></span> <span class='ocrx_word' id='word_1_883' title='bbox 2874 4797 2991 4841; x_wconf 85' lang='lat' dir='ltr'><strong>erat</strong></span> <span class='ocrx_word' id='word_1_884' title='bbox 3022 4789 3317 4842; x_wconf 83' lang='lat' dir='ltr'><strong>secundum</strong></span> <span class='ocrx_word' id='word_1_885' title='bbox 3344 4787 3547 4841; x_wconf 79' lang='lat' dir='ltr'><strong>nativi-</strong></span> 
     </span>
    </p>
   </div>
   <div class='ocr_carea' id='block_1_110' title="bbox 1974 4877 3548 4949">
    <p class='ocr_par' dir='ltr' id='par_1_110' title="bbox 1974 4877 3548 4949">
     <span class='ocr_line' id='line_1_110' title="bbox 1974 4877 3548 4949; baseline 0.001 -17"><span class='ocrx_word' id='word_1_886' title='bbox 1974 4887 2135 4934; x_wconf 89' lang='lat' dir='ltr'><strong>tatem</strong></span> <span class='ocrx_word' id='word_1_887' title='bbox 2175 4878 2410 4933; x_wconf 77' lang='lat' dir='ltr'><strong>divinam</strong></span> <span class='ocrx_word' id='word_1_888' title='bbox 2450 4892 2516 4932; x_wconf 78' lang='lat' dir='ltr'><strong>ex</strong></span> <span class='ocrx_word' id='word_1_889' title='bbox 2560 4877 2742 4943; x_wconf 86' lang='lat' dir='ltr'><strong>Patre,</strong></span> <span class='ocrx_word' id='word_1_890' title='bbox 2787 4879 3035 4948; x_wconf 80' lang='lat' dir='ltr'><strong>quamvis</strong></span> <span class='ocrx_word' id='word_1_891' title='bbox 3065 4886 3187 4949; x_wconf 77' lang='lat' dir='ltr'><strong>post</strong></span> <span class='ocrx_word' id='word_1_892' title='bbox 3220 4892 3307 4933; x_wconf 86' lang='lat' dir='ltr'><strong>me</strong></span> <span class='ocrx_word' id='word_1_893' title='bbox 3339 4880 3548 4934; x_wconf 80' lang='lat' dir='ltr'><strong>venerit</strong></span> 
     </span>
    </p>
   </div>
   <div class='ocr_carea' id='block_1_111' title="bbox 1972 4970 2884 5026">
    <p class='ocr_par' dir='ltr' id='par_1_111' title="bbox 1972 4970 2884 5026">
     <span class='ocr_line' id='line_1_111' title="bbox 1972 4970 2884 5026; baseline 0.001 -1"><span class='ocrx_word' id='word_1_894' title='bbox 1972 4971 2262 5026; x_wconf 87' lang='lat' dir='ltr'><strong>secundum</strong></span> <span class='ocrx_word' id='word_1_895' title='bbox 2292 4973 2582 5025; x_wconf 82' lang='lat' dir='ltr'><strong>adventum</strong></span> <span class='ocrx_word' id='word_1_896' title='bbox 2614 4970 2669 5025; x_wconf 89' lang='lat' dir='ltr'><strong>in</strong></span> <span class='ocrx_word' id='word_1_897' title='bbox 2698 4983 2884 5026; x_wconf 85' lang='lat' dir='ltr'><strong>carne.</strong></span> 
     </span>
    </p>
   </div>
   <div class='ocr_carea' id='block_1_112' title="bbox 2044 5230 3549 5306">
    <p class='ocr_par' dir='ltr' id='par_1_112' title="bbox 2044 5230 3549 5306">
     <span class='ocr_line' id='line_1_112' title="bbox 2044 5230 3549 5306; baseline -0.003 -14"><span class='ocrx_word' id='word_1_898' title='bbox 2044 5237 2211 5293; x_wconf 64' lang='grc' dir='ltr'>νεεδ.</span> <span class='ocrx_word' id='word_1_899' title='bbox 2268 5237 2354 5294; x_wconf 74' lang='grc'>16.</span> <span class='ocrx_word' id='word_1_900' title='bbox 2403 5256 2422 5289; x_wconf 77' lang='grc' dir='ltr'><strong>ι</strong></span> <span class='ocrx_word' id='word_1_901' title='bbox 2476 5237 2543 5292; x_wconf 88' lang='lat' dir='ltr'><strong>Et</strong></span> <span class='ocrx_word' id='word_1_902' title='bbox 2564 5236 2630 5292; x_wconf 85' lang='lat' dir='ltr'><strong>de</strong></span> <span class='ocrx_word' id='word_1_903' title='bbox 2681 5230 3011 5306; x_wconf 86' lang='lat' dir='ltr'><strong>plenitudine</strong></span> <span class='ocrx_word' id='word_1_904' title='bbox 3071 5232 3192 5303; x_wconf 83' lang='lat' dir='ltr'><strong>ejus</strong></span> <span class='ocrx_word' id='word_1_905' title='bbox 3241 5234 3549 5305; x_wconf 76' lang='lat' dir='ltr'><strong>accepimus</strong></span> 
     </span>
    </p>
   </div>
   <div class='ocr_carea' id='block_1_113' title="bbox 1972 5323 3549 5398">
    <p class='ocr_par' dir='ltr' id='par_1_113' title="bbox 1972 5323 3549 5398">
     <span class='ocr_line' id='line_1_113' title="bbox 1972 5323 3549 5398; baseline -0.007 -11"><span class='ocrx_word' id='word_1_906' title='bbox 1972 5344 2183 5397; x_wconf 89' lang='lat' dir='ltr'><strong>omnes,</strong></span> <span class='ocrx_word' id='word_1_907' title='bbox 2209 5338 2267 5384; x_wconf 88' lang='lat' dir='ltr'><strong>et</strong></span> <span class='ocrx_word' id='word_1_908' title='bbox 2289 5328 2516 5398; x_wconf 82' lang='lat' dir='ltr'><strong>gratiam</strong></span> <span class='ocrx_word' id='word_1_909' title='bbox 2540 5342 2637 5397; x_wconf 89' lang='lat' dir='ltr'><strong>pro</strong></span> <span class='ocrx_word' id='word_1_910' title='bbox 2675 5328 2868 5397; x_wconf 78' lang='lat' dir='ltr'><strong>gratia.</strong></span> <span class='ocrx_word' id='word_1_911' title='bbox 2897 5343 2915 5377; x_wconf 73' lang='grc' dir='ltr'><strong>ι</strong></span> <span class='ocrx_word' id='word_1_912' title='bbox 2958 5324 3025 5379; x_wconf 82' lang='grc' dir='ltr'>Ει</span> <span class='ocrx_word' id='word_1_913' title='bbox 3053 5323 3170 5379; x_wconf 63' lang='lat' dir='ltr'><strong>haec</strong></span> <span class='ocrx_word' id='word_1_914' title='bbox 3189 5324 3549 5380; x_wconf 71' lang='lat' dir='ltr'><strong>Prtecnrsoris</strong></span> 
     </span>
    </p>
   </div>
   <div class='ocr_carea' id='block_1_114' title="bbox 1972 5414 3549 5487">
    <p class='ocr_par' dir='ltr' id='par_1_114' title="bbox 1972 5414 3549 5487">
     <span class='ocr_line' id='line_1_114' title="bbox 1972 5414 3549 5487; baseline -0.006 -10"><span class='ocrx_word' id='word_1_915' title='bbox 1972 5424 2136 5480; x_wconf 81' lang='lat' dir='ltr'><strong>verba</strong></span> <span class='ocrx_word' id='word_1_916' title='bbox 2173 5431 2321 5487; x_wconf 83' lang='lat' dir='ltr'><strong>sunt,</strong></span> <span class='ocrx_word' id='word_1_917' title='bbox 2362 5422 2592 5477; x_wconf 82' lang='lat' dir='ltr'><strong>dicentis</strong></span> <span class='ocrx_word' id='word_1_918' title='bbox 2615 5419 2681 5475; x_wconf 89' lang='lat' dir='ltr'><strong>de</strong></span> <span class='ocrx_word' id='word_1_919' title='bbox 2707 5418 2946 5486; x_wconf 82' lang='lat' dir='ltr'><strong>Christo,</strong></span> <span class='ocrx_word' id='word_1_920' title='bbox 2976 5414 3085 5472; x_wconf 83' lang='lat' dir='ltr'><strong>Nos</strong></span> <span class='ocrx_word' id='word_1_921' title='bbox 3134 5419 3409 5486; x_wconf 76' lang='lat' dir='ltr'><strong>propheta:</strong></span> <span class='ocrx_word' id='word_1_922' title='bbox 3431 5431 3549 5469; x_wconf 85' lang='lat' dir='ltr'><strong>ont-</strong></span> 
     </span>
    </p>
   </div>
   <div class='ocr_carea' id='block_1_115' title="bbox 1975 5506 3549 5581">
    <p class='ocr_par' dir='ltr' id='par_1_115' title="bbox 1975 5506 3549 5581">
     <span class='ocr_line' id='line_1_115' title="bbox 1975 5506 3549 5581; baseline -0.006 -13"><span class='ocrx_word' id='word_1_923' title='bbox 1975 5529 2070 5569; x_wconf 89' lang='lat' dir='ltr'><strong>nes</strong></span> <span class='ocrx_word' id='word_1_924' title='bbox 2117 5512 2183 5567; x_wconf 84' lang='lat' dir='ltr'><strong>de</strong></span> <span class='ocrx_word' id='word_1_925' title='bbox 2216 5510 2544 5581; x_wconf 87' lang='lat' dir='ltr'><strong>plenitudine</strong></span> <span class='ocrx_word' id='word_1_926' title='bbox 2583 5510 2700 5578; x_wconf 84' lang='lat' dir='ltr'><strong>ejus</strong></span> <span class='ocrx_word' id='word_1_927' title='bbox 2747 5511 3072 5578; x_wconf 84' lang='lat' dir='ltr'><strong>accepimus.</strong></span> <span class='ocrx_word' id='word_1_928' title='bbox 3122 5506 3377 5576; x_wconf 75' lang='lat' dir='ltr'><strong>Maiorem</strong></span> <span class='ocrx_word' id='word_1_929' title='bbox 3404 5506 3549 5561; x_wconf 87' lang='lat' dir='ltr'><strong>enim</strong></span> 
     </span>
    </p>
   </div>
   <div class='ocr_carea' id='block_1_116' title="bbox 1974 5601 3551 5677">
    <p class='ocr_par' dir='ltr' id='par_1_116' title="bbox 1974 5601 3551 5677">
     <span class='ocr_line' id='line_1_116' title="bbox 1974 5601 3551 5677; baseline -0.006 -17"><span class='ocrx_word' id='word_1_930' title='bbox 1974 5609 2199 5677; x_wconf 78' lang='lat' dir='ltr'><strong>gratiam</strong></span> <span class='ocrx_word' id='word_1_931' title='bbox 2248 5605 2432 5666; x_wconf 85' lang='lat' dir='ltr'><strong>habet.</strong></span> <span class='ocrx_word' id='word_1_932' title='bbox 2462 5621 2626 5675; x_wconf 87' lang='lat' dir='ltr'><strong>quam</strong></span> <span class='ocrx_word' id='word_1_933' title='bbox 2671 5606 2759 5673; x_wconf 89' lang='lat' dir='ltr'><strong>qui</strong></span> <span class='ocrx_word' id='word_1_934' title='bbox 2797 5605 3001 5671; x_wconf 77' lang='lat' dir='ltr'><strong>Spiritu</strong></span> <span class='ocrx_word' id='word_1_935' title='bbox 3027 5602 3346 5657; x_wconf 75' lang='lat' dir='ltr'><strong>aﬂiabantur</strong></span> <span class='ocrx_word' id='word_1_936' title='bbox 3378 5601 3551 5653; x_wconf 87' lang='lat' dir='ltr'><strong>homi-</strong></span> 
     </span>
    </p>
   </div>
   <div class='ocr_carea' id='block_1_117' title="bbox 1976 5695 3552 5762">
    <p class='ocr_par' dir='ltr' id='par_1_117' title="bbox 1976 5695 3552 5762">
     <span class='ocr_line' id='line_1_117' title="bbox 1976 5695 3552 5762; baseline -0.007 -7"><span class='ocrx_word' id='word_1_937' title='bbox 1976 5714 2089 5755; x_wconf 83' lang='lat' dir='ltr'><strong>nes.</strong></span> <span class='ocrx_word' id='word_1_938' title='bbox 2149 5695 2282 5751; x_wconf 83' lang='lat' dir='ltr'><strong>Nam</strong></span> <span class='ocrx_word' id='word_1_939' title='bbox 2334 5695 2452 5751; x_wconf 79' lang='lat' dir='ltr'><strong>fons</strong></span> <span class='ocrx_word' id='word_1_940' title='bbox 2510 5696 2686 5752; x_wconf 74' lang='lat' dir='ltr'><strong>euntis</strong></span> <span class='ocrx_word' id='word_1_941' title='bbox 2721 5698 2842 5752; x_wconf 89' lang='lat' dir='ltr'><strong>boui</strong></span> <span class='ocrx_word' id='word_1_942' title='bbox 2875 5708 2930 5753; x_wconf 88' lang='lat' dir='ltr'><strong>et</strong></span> <span class='ocrx_word' id='word_1_943' title='bbox 2964 5698 3142 5754; x_wconf 86' lang='lat' dir='ltr'><strong>onmis</strong></span> <span class='ocrx_word' id='word_1_944' title='bbox 3176 5695 3452 5762; x_wconf 72' lang='lat' dir='ltr'><strong>sapientia:</strong></span> <span class='ocrx_word' id='word_1_945' title='bbox 3488 5707 3552 5744; x_wconf 83' lang='lat' dir='ltr'><strong>ac</strong></span> 
     </span>
    </p>
   </div>
   <div class='ocr_carea' id='block_1_118' title="bbox 1977 5787 3550 5863">
    <p class='ocr_par' dir='ltr' id='par_1_118' title="bbox 1977 5787 3550 5863">
     <span class='ocr_line' id='line_1_118' title="bbox 1977 5787 3550 5863; baseline -0.006 -17"><span class='ocrx_word' id='word_1_946' title='bbox 1977 5792 2275 5863; x_wconf 65' lang='lat' dir='ltr'><strong>propin-tite</strong></span> <span class='ocrx_word' id='word_1_947' title='bbox 2314 5792 2606 5858; x_wconf 78' lang='lat' dir='ltr'><strong>cxsistens,</strong></span> <span class='ocrx_word' id='word_1_948' title='bbox 2657 5790 2957 5861; x_wconf 85' lang='lat' dir='ltr'><strong>superﬂuit,</strong></span> <span class='ocrx_word' id='word_1_949' title='bbox 3012 5797 3067 5843; x_wconf 86' lang='lat' dir='ltr'><strong>et</strong></span> <span class='ocrx_word' id='word_1_950' title='bbox 3112 5787 3202 5840; x_wconf 85' lang='lat' dir='ltr'><strong>dat</strong></span> <span class='ocrx_word' id='word_1_951' title='bbox 3233 5789 3401 5853; x_wconf 88' lang='lat' dir='ltr'><strong>ipsam</strong></span> <span class='ocrx_word' id='word_1_952' title='bbox 3430 5798 3550 5839; x_wconf 82' lang='lat' dir='ltr'><strong>om-</strong></span> 
     </span>
    </p>
   </div>
   <div class='ocr_carea' id='block_1_119' title="bbox 3156 5879 3228 5940">
    <p class='ocr_par' dir='ltr' id='par_1_119' title="bbox 3156 5879 3228 5940">
     <span class='ocr_line' id='line_1_119' title="bbox 3156 5879 3228 5940; baseline 0 0"><span class='ocrx_word' id='word_1_953' title='bbox 3156 5879 3228 5940; x_wconf 79' lang='lat'><strong>37</strong></span> 
     </span>
    </p>
   </div>
  </div>
