3960 6454
464 347 604 415 “63

1279 347 1851 408 THEOPHYLACTI
1886 347 2294 407 BULGARIIE
2333 351 2681 410 ARCHIEP.

3699 127 3732 140 μ

3581 347 3709 411 ΠΜ

454 468 616 520 nibus
649 461 843 532 dignis,
866 470 919 515 et
939 459 1163 514 enlnens
1214 457 1405 528 pletms
1438 465 1640 523 manet,
1668 470 1731 510 ac
1757 470 2026 525 nunquam

2135 458 2495 528 προφητείας,
2533 457 2863 528 ὑπερδλύζει
2899 457 3068 530 αὐτὴν
3093 460 3228 512 πᾶσι
3251 460 3365 523 τοῖς
3395 457 3588 526 ἀξίοις,
3613 460 3713 514 καὶ

453 554 1064 613 exhauriturnCratiam
1099 561 1277 608 autem
1303 554 1632 621 accepimus,
1668 549 1802 604 Novi
1828 551 2036 605 scilicet

454 651 810 715 Testamenti,
842 663 940 719 pro
991 648 1162 719 gratia
1230 646 1427 700 veteris
1469 645 1618 714 legis.
1656 643 1724 698 Et
1779 642 2034 712 quoniam

454 744 856 800 Testamentum
892 741 1018 796 illud
1073 740 1410 810 antiquatum
1465 747 1570 800 est,
1602 751 1700 805 pro
1730 750 1798 791 eo
1827 733 2035 790 Novum

452 836 780 905 accepimus.
827 833 892 888 Et
931 833 1220 904 quomodo,
1252 831 1444 900 inquit,
1484 827 1781 883 nominavit
1807 827 2034 897 gratiam

452 925 617 982 Vetus
641 925 1088 982 Testamentum?
1118 925 1195 979 Eo
1228 923 1369 994 quod
1393 919 1560 976 Juda-i
1623 919 1796 990 gratia
1828 919 1880 974 in
1903 919 2040 972 lilios

368 1010 381 1101 ξ
451 1019 687 1088 adoptati
714 1028 769 1074 et
798 1019 994 1088 recepti
1044 1017 1278 1072 luerunt.
1325 1014 1627 1070 Dicitenim
1659 1025 1674 1071 :
1711 1029 1729 1064 ι
1760 1010 1872 1068 Non
1905 1011 2029 1082 quia

443 1119 545 1166 vos
568 1110 879 1176 multiestis,
906 1111 997 1165 sed
1027 1118 1246 1178 propter
1274 1115 1454 1176 patres
1477 1113 1684 1160 vestros
1711 1119 1807 1159 vos
1828 1103 1986 1173 elegi.
2005 1120 2022 1154 ι

451 1199 638 1256 Patres
693 1215 908 1272 quoque
960 1199 1132 1272 gratia
1185 1196 1420 1268 suscepti
1470 1194 1710 1261 fuerunt,
1741 1204 1794 1250 et
1825 1209 1924 1250 nos
1959 1208 2025 1248 ex

445 1291 698 1346 confesso
727 1292 896 1361 gratia
927 1305 1115 1346 sumus
1147 1288 1363 1348 salvati.
1867 1300 1873 1308 '

2139 553 2198 602 ἐν
2229 550 2307 621 τῷ
2331 551 2696 622 ὑπερσλύζειν
2747 551 2962 623 πλήρης
3004 553 3297 623 διαμένων,
3336 554 3430 606 καὶ
3459 554 3713 605 οὐδέποτε

2139 642 2487 712 κενούμενος.
2512 644 2620 696 Καὶ
2651 643 2810 713 χάριν
2850 644 2906 698 δὲ
2942 643 3232 712 ἐλάϐομεν,
3289 643 3390 714 τὴν
3442 645 3541 712 τῆς
3578 644 3716 696 Και-

2137 734 2234 804 νῆς
2265 733 2464 806 δηλαδὴ
2490 734 2783 805 Διαθήκης,
2803 735 2922 789 ἀντὶ
2949 736 3050 804 τῆς
3081 736 3328 806 χάριτος,
3352 736 3449 806 τῆς
3474 736 3717 796 παλαιᾶς

2140 825 2483 895 νομοθεσίας.
2529 828 2682 880 Ἐπεὶ
2712 828 2819 897 γάρ
2874 828 3057 898 ἐκείνη
3088 829 3122 897 ἡ
3181 827 3432 896 Διαοήκη
3477 829 3716 895 ἐγήρασε

2139 911 2240 964 καὶ
2288 911 2597 982 ἐσαορώθη,
2660 915 2777 966 ἀντ’
2828 915 3044 984 ἐκείνης
3090 915 3191 986 τὴν
3235 913 3380 968 Νέαν
3425 915 3713 984 ἐλάϐομεν.

2141 1003 2252 1055 Καὶ
2278 1003 2416 1068 πῶς,
2451 1005 2636 1073 φησιν,
2683 1005 2932 1074 ὠνόμασε
2973 1008 3132 1077 χάριν
3164 1007 3263 1076 τὴν
3318 1008 3560 1060 Παλαιὰν
3589 1010 3717 1060 Δια-

2137 1095 2346 1167 θήκηνς
2379 1096 2525 1149 Διότι
2555 1098 2648 1150 καὶ.
2681 1099 2730 1150 οἱ
2774 1100 3017 1153 Ἰουδαῖοι
3083 1101 3271 1172 χάριτι
3323 1099 3717 1169 υἱοθετῄθησαν

2139 1188 2235 1242 καὶ
2269 1189 2738 1261 προσεδέχθησαν.
2794 1193 2936 1262 Φησλ⁸
2965 1193 3095 1263 γὰρ,
3127 1194 3208 1246 ὅτι
3243 1212 3260 1244 ι
3306 1195 3380 1246 Οὐ
3404 1193 3490 1245 διὰ
3524 1194 3587 1245 τὸ
3621 1211 3716 1244 πο-

2136 1280 2434 1352 λυπληοεῖν
2456 1285 2619 1354 ὑμᾶς.
2668 1285 2807 1338 άλλά
2830 1287 2922 1340 διά
2981 1288 3109 1351 τοὺς
3159 1288 3404 1358 πατέρας
3442 1288 3601 1359 ὑμῶν
3631 1289 3717 1352 £5-

449 1384 725 1456 ελεξάμην
773 1384 939 1455 ὑμᾶς.
975 1401 994 1435 ι
1029 1382 1140 1437 Καὶ
1188 1381 1236 1434 οι
1277 1378 1499 1434 παλαιοὶ
1565 1378 1742 1432 τοίνυν
1805 1375 1990 1448 χάριτι
2029 1375 2499 1445 προσεδέχθησαν,
2560 1377 2654 1430 καὶ
2708 1378 2870 1448 ἡμεῖς
2921 1378 2979 1434 δὲ
3030 1379 3484 1450 ὁμολογουμένως
3536 1382 3718 1452 χάριτί

447 1481 615 1548 ἐσμεν
643 1477 996 1549 σεσωσμένοι.

529 1573 694 1644 519
724 1573 887 1628 \‘Ens.
925 1568 1011 1628 17.
1048 1588 1070 1626 ι
1108 1571 1243 1639 Quia
1292 1572 1378 1628 lex
1408 1589 1504 1643 per
1525 1572 1706 1627 Mosen
1747 1573 1868 1624 dati
1915 1578 2020 1630 cst,

2208 1582 2225 1615 t
2264 1564 2388 1617 ’Ὀτι
2422 1565 2450 1616 ὁ
2483 1563 2646 1633 νόμος
2679 1563 2768 1618 διά
2799 1565 3047 1628 Μωσέως
3066 1564 3242 1636 ἐδόθη,
3271 1568 3305 1638 ἡ
3353 1566 3512 1637 χάρις
3544 1567 3640 1620 καὶ
3688 1570 3719 1636 ή

449 1664 621 1735 gratia
651 1675 704 1718 et
731 1665 931 1718 veritas
970 1679 1067 1734 per
1105 1661 1291 1719 Jesum
1337 1663 1615 1720 Christum
1658 1661 1800 1716 facta
1846 1671 1947 1716 est.
2000 1677 2018 1709 ι

2135 1655 2350 1727 ὶλήθεια
2378 1655 2466 1709 διά
2508 1655 2684 1725 Ἰησοῦ
2709 1656 2948 1728 Χριστοῦ
2976 1657 3213 1725 ἐγένετο.
3255 1677 3274 1710 ι
3320 1659 3720 1731 Ἐφερμηνεῦει

451 1761 838 1826 Interpretatur
880 1755 1036 1810 nobis
1072 1755 1349 1826 quomodo
1383 1754 1756 1826 acceperimus
1795 1753 2024 1824 gratiam

451 1863 698 1918 tnaguam
725 1863 819 1916 pro
853 1862 1015 1917 parva
1047 1848 1256 1918 gratia;
1285 1857 1339 1904 et
1363 1848 1492 1903 dicit
1523 1850 1662 1918 quod
1697 1848 1776 1900 lex
1809 1845 2023 1915 qnidetn

447 1954 542 2007 per
575 1939 756 1993 Mosen
800 1939 924 1992 data
975 1940 1067 2002 sit,
1101 1954 1222 1994 cum
1275 1949 1516 1995 uteretur
1558 1937 1697 1994 Deus
1732 1937 2025 1994 mediatore

451 2032 669 2085 homine
699 2030 863 2094 Illos‘e,
899 2029 1104 2084 Novum
1148 2040 1326 2084 autem
1364 2029 1771 2085 Testamentum
1812 2045 1906 2098 per
1939 2028 2026 2081 Je-

450 2139 567 2175 sum
594 2122 889 2187 Christum,
924 2123 1065 2190 quod
1116 2122 1332 2191 quidem
1376 2131 1430 2175 et
1480 2122 1654 2190 gratia
1691 2121 2021 2184 nominatur,

448 2232 513 2267 eo
552 2214 694 2284 qttod
737 2213 959 2284 largitus
990 2214 1060 2268 sit
1112 2214 1266 2269 nobis
1302 2212 1445 2268 Deus
1487 2229 1592 2267 non
1626 2214 1798 2266 solum
1831 2228 2025 2279 [uitrea-

448 2315 625 2359 torum
674 2303 1086 2369 remissionem,
1137 2305 1229 2358 sed
1270 2313 1324 2357 et
1373 2304 1605 2357 ﬁliorum
1659 2303 2022 2370 adoptionem.

451 2395 666 2454 Veritas
703 2406 882 2452 autem
917 2406 1164 2460 vocatur,
1205 2410 1270 2449 eo
1301 2397 1441 2464 quod
1479 2408 1817 2464 qua-cunque
1845 2404 2026 2462 patres

447 2489 575 2545 olim
612 2492 662 2542 in
697 2489 866 2558 figura
900 2487 982 2542 vel
1019 2487 1266 2540 viderunt
1296 2487 1379 2541 vel
1423 2486 1584 2541 locuti
1617 2498 1764 2550 sunt,
1792 2498 1855 2539 ea
1881 2485 2028 2539 clare

449 2580 549 2635 hoc
569 2580 893 2650 prmdienrit.
919 2578 1127 2632 Novum
1152 2575 2023 2647 igitur,inqnam,'l‘estamentum,

447 2677 589 2742 quod
619 2681 672 2726 et
715 2672 886 2742 gratia
939 2670 1247 2725 nominatur
1282 2679 1336 2722 et
1389 2670 1611 2734 veritas,
1667 2670 2023 2723 mediatorem

449 2783 555 2819 non
591 2765 774 2830 ,ltabet
832 2763 1131 2834 simplicem
1195 2769 1248 2818 et
1289 2777 1483 2832 purum
1553 2761 1847 2826 heminam,
1928 2758 2025 2814 sed

447 2857 642 2912 Filimn
675 2856 788 2911 Dei.
814 2855 879 2910 Et
915 2853 1032 2911 vide
1079 2856 1350 2924 quomodo
1375 2854 1440 2909 de
1471 2864 1654 2908 vetere
1681 2851 1844 2908 dicit:
1876 2870 1896 2904 ι
1931 2850 2030 2905 Da-

449 2964 562 3006 tum
601 2960 682 3005 est
709 2964 804 3019 per
833 2948 1078 3003 Mosen.»
1124 2946 1368 3002 Minister
1406 2947 1549 3002 enim
1581 2955 1635 3000 et
1661 2945 1906 3000 subditus
1937 2944 2024 2999 ille
2054 2985 2098 3044 ο

447 3054 583 3100 erat.
632 3044 705 3097 De
735 3040 882 3096 Novo
909 3050 1087 3096 autem
1119 3038 1469 3094 Testamento
1503 3053 1604 3092 non
1635 3037 1792 3103 dixit,
1824 3035 2021 3090 Datum

447 3147 552 3202 est,
602 3135 718 3200 sed,
760 3152 778 3186 ι
818 3131 1038 3188 Factum
1063 3133 1178 3205 [est
1217 3149 1231 3188 :
1280 3149 1299 3184 ι
1341 3141 1398 3186 ιιι
1441 3132 1690 3187 ostendat
1741 3145 1771 3184 a
1806 3129 2030 3185 Domino

449 3239 634 3286 n05tro
667 3226 792 3282 Jesu
848 3226 1082 3291 Christo,
1123 3225 1267 3281 velut
1307 3225 1550 3291 domino,
1580 3240 1688 3282 non
1738 3239 1919 3288 servo,
1951 3223 2031 3277 fa-

447 3329 592 3376 ctam
636 3328 690 3374 ct
715 3321 780 3373 ad
827 3321 985 3373 linem
1018 3318 1331 3389 perductam
1357 3318 1586 3387 gratiam
1632 3332 1696 3372 ac
1722 3315 2026 3373 veritatem.

447 3411 580 3465 Nam
631 3411 714 3465 lex
757 3408 974 3479 quidem
1006 3411 1128 3464 data
1171 3419 1253 3465 est
1285 3425 1316 3464 a
1348 3409 1496 3476 Deo,
1530 3409 1829 3464 mediatore
1858 3406 2026 3474 Mose,

447 3502 618 3573 gratia
658 3510 839 3556 autem
875 3500 1015 3554 facta
1042 3509 1147 3564 est,
1181 3515 1284 3555 non
1325 3501 1474 3566 data,
1509 3516 1606 3568 per
1639 3498 1823 3554 Jesum
1855 3496 2029 3553 Chri-

447 3604 611 3648 stum.
649 3592 870 3647 Factum
905 3607 1057 3659 esse,
1089 3591 1461 3648 auctoritatem
1493 3591 1785 3661 quamdam
1811 3597 1972 3646 sonat
2009 3606 2025 3644 :

449 3688 630 3740 datum
669 3698 816 3748 vero,
853 3683 1213 3738 ministerium
1252 3682 1473 3737 indicat.

525 3777 688 3832 Vns.
729 3777 812 3831 l8.
851 3795 868 3828 ι
909 3775 1076 3830 Deum
1104 3789 1264 3830 nemo
1295 3775 1428 3830 vidit
1474 3791 1736 3846 unquam,
1779 3773 2027 3844 unigeni-

453 3880 539 3923 tus
569 3867 760 3933 Filius,
810 3867 904 3937 qui
936 3876 1019 3922 est
1051 3866 1106 3921 in
1143 3868 1262 3922 sinu
1304 3865 1506 3930 Patris.
1549 3868 1638 3922 ille
1668 3868 1967 3922 enarravit.
2003 3883 2023 3917 ι

447 3960 715 4028 Quoniam
762 3961 973 4015 dixerat
1013 3959 1154 4028 quod
1192 3977 1212 4010 ι
1280 3960 1454 4031 gratia
1488 3967 1541 4013 et
1575 3960 1772 4013 veritas
1813 3972 1908 4029 per
1937 3953 2028 4011 Je-

449 4069 570 4108 sunt
620 4051 894 4108 Christum
932 4050 1070 4105 facta
1103 4051 1194 4115 sit,
1231 4069 1250 4103 ι
1305 4051 1448 4106 istud
1482 4051 1656 4119 ipsum
1703 4050 1887 4105 volens
1933 4053 2029 4104 ad-

450 4155 686 4210 struere,
721 4143 899 4198 dicit:
948 4143 1088 4197 Nihil
1139 4142 1451 4198 incredibile
1492 4143 1627 4198 dixi.
1678 4141 1811 4196 Natn
1852 4142 2026 4198 Moses

450 4235 668 4301 quidem
699 4249 871 4302 neque
902 4232 1071 4287 Deum
1106 4234 1258 4299 vidit,
1305 4235 1446 4289 sicut
1493 4249 1666 4303 neque
1699 4233 1838 4288 alius
1872 4235 2026 4304 quis-

2127 1749 2282 1816 ἡμῖν,
2327 1747 2445 1810 πῶς
2492 1747 2761 1818 ἐλάϐομεν
2819 1749 2982 1820 χάριν
3021 1749 3287 1819 μεγίστην
3342 1750 3464 1804 ἀντὶ
3515 1753 3721 1822 μικρᾶς

2129 1842 2381 1911 χάριτος·
2419 1841 2510 1893 καί
2561 1857 2749 1912 φησιν,
2800 1842 2882 1894 δτι
2925 1844 2952 1894 ό
3008 1842 3108 1911 μὲν
3137 1841 3301 1912 νόμος
3331 1841 3419 1896 διά
3473 1844 3721 1906 Μωσέως

2129 1932 2309 2002 ἐδόθη,
2347 1933 2540 2004 μεσίτῃ
2574 1934 2926 2004 χρησαμένου
2957 1934 3050 1988 τοῦ
3105 1934 3242 1989 Θεοῦ
3293 1935 3588 2008 ἀνθρώπῳ,
3641 1937 3722 2006 τῷ

2129 2024 2320 2078 Μωσεῖ
2347 2043 2490 2096 φημι
2512 2041 2526 2057 ·
2582 2028 2616 2096 ἡ
2646 2026 2704 2078 δὲ
2757 2027 2931 2098 Καινὴ
2967 2027 3210 2100 Διαθήκη
3241 2029 3330 2082 διὰ
3363 2030 3534 2100 Ἰησοῦ
3581 2031 3722 2100 Χρι-

2131 2115 2280 2178 στοῦ,
2336 2118 2458 2187 ἥτις
2507 2117 2602 2170 καὶ
2651 2119 2810 2188 χάρις
2851 2118 3212 2189 ὀνομάζεται,
3243 2120 3377 2174 διότι
3427 2121 3723 2193 ἐχαρίσατο

2129 2211 2263 2280 ἡμῖν
2293 2210 2321 2262 ό
2353 2210 2486 2274 Θεὸς
2540 2210 2601 2264 οὐ
2637 2211 2799 2281 μόνον
2852 2211 2950 2282 τὴν
2983 2213 3178 2282 ἄφεσιν
3226 2214 3338 2267 τῶν
3391 2214 3718 2284 ἁμαρτιῶν,

2129 2302 2264 2356 ἀλλὰ
2294 2303 2388 2356 καὶ
2416 2303 2512 2372 τὴν
2544 2303 2836 2358 υἱοθεσίαν.
2875 2305 3130 2376 Ἀλήθεια
3161 2307 3218 2360 δὲ
3269 2307 3540 2373 καλεῖται,
3593 2308 3719 2361 καθ’

2127 2397 2250 2450 ὅσον
2271 2397 2369 2449 ὅσα
2391 2398 2439 2450 οἱ
2472 2397 2638 2449 πάλαι
2674 2396 2920 2460 τυπικῶς
2954 2398 2987 2468 ἢ
3031 2394 3192 2462 εἶδον,
3249 2399 3282 2468 ἢ
3319 2393 3494 2463 εἷπον,
3543 2399 3719 2452 ταῦτα

2129 2488 2400 2559 λαμπρῶς
2429 2488 2564 2560 αῦτη
2598 2489 2951 2560 άνεκήρυξεν.
2994 2490 3060 2542 Ἠ
3107 2489 3287 2544 τοίνυν
3316 2490 3490 2560 Καινὴ
3516 2490 3718 2554 ΔιαΘὴ-

2129 2599 2222 2652 κη,
2253 2583 2286 2650 η
2313 2582 2407 2635 καὶ
2466 2582 2627 2652 χάρις
2661 2581 3036 2652 ὀνομαζομένη
3073 2583 3168 2634 καὶ
3203 2583 3450 2650 ἀλήθεια,
3481 2585 3584 2635 οὐκ
3619 2585 3718 2636 άν-

2129 2670 2335 2742 θρώπῳ
2381 2669 2522 2741 ψιλῷ
2579 2672 2775 2744 μεσίτῃ
2816 2673 3122 2742 ἐχρήσατο,
3179 2671 3313 2724 ἀλλὰ
3346 2672 3422 2742 τῷ
3454 2671 3568 2741 mp
3622 2670 3717 2723 τοῦ

2129 2762 2287 2817 Θεοῦ.
2341 2763 2450 2816 Καὶ
2491 2763 2591 2834 ὅρα
2641 2762 2758 2824 πῶς
2806 2763 2901 2816 ἐπὶ
2931 2763 3030 2833 μέν
3066 2761 3164 2832 τῆς
3211 2763 3454 2826 Παλαιᾶς
3475 2760 3598 2816 εἷπε
3632 2764 3713 2824 τὸ,

2135 2873 2154 2906 ι
2189 2854 2377 2925 Ἐδόθη
2399 2855 2486 2908 διά
2519 2855 2795 2918 Μωσέως⁶
2828 2875 2847 2906 ι
2879 2856 3151 2925 ὑπουργὸς
3177 2858 3286 2928 γάρ
3317 2859 3410 2910 καὶ
3439 2859 3720 2926 ὑπηρέτης

2129 2941 2283 3010 οὗτος
2312 2942 2400 3018 ἦν.
2425 2945 2547 2999 Ἐπὶ
2563 2947 2619 2999 δὲ
2646 2947 2746 3015 τῆς
2769 2947 2998 3016 Καινῆς,
3022 2949 3122 3001 οὐκ
3150 2944 3272 3001 εἶπε
3298 2950 3380 3011 τὸ,
3421 2967 3440 2999 ι
3485 2967 3502 2999 ι
3539 2950 3718 3014 ἐδόθη,

2131 3023 2266 3092 άλλά
2299 3039 2379 3102 τὸ,
2406 3057 2424 3090 ι
2474 3039 2710 3108 ἐγένετο,
2736 3056 2756 3090 ι
2794 3039 2882 3094 ἵνα
2908 3039 3056 3112 δείξῃ
3085 3041 3190 3094 ὑπὸ
3215 3041 3306 3094 τοῦ
3326 3042 3529 3111 Κυρίου
3556 3042 3716 3110 ἡμῶν

2146 3129 2319 3202 Ἰησοῦ
2351 3130 2612 3201 Χριστοῦ,
2646 3131 2722 3195 ὡς
2772 3131 3057 3194 δεσπότου,
3088 3133 3208 3203 οὐχὶ
3237 3132 3446 3198 δούλου,
3491 3134 3722 3202 γενομέ-

2131 3239 2249 3294 νην,
2282 3223 2377 3275 καὶ
2402 3224 2482 3284 εἰς
2509 3222 2662 3286 τέλος
2691 3222 2972 3293 προσᾶσαν
3016 3223 3115 3295 τὴν
3137 3225 3296 3295 χάριν
3325 3225 3422 3277 καὶ
3454 3225 3552 3292 τὴν
3582 3225 3719 3294 dli;-

2131 3315 2299 3369 θειαν.
2355 3314 2537 3384 Νόμος
2574 3314 2673 3385 μὲν
2729 3316 2837 3385 γὰρ
2877 3315 3033 3386 ἐδόθη
3063 3316 3214 3387 παρά
3243 3315 3379 3369 Θεοῦ
3409 3316 3495 3369 διά
3546 3317 3717 3386 μέσον

2129 3407 2225 3462 τοῦ
2255 3407 2529 3470 Μωσέως’
2562 3409 2595 3478 ἡ
2625 3405 2786 3478 χάρις
2813 3408 3049 3478 ἐγένετο,
3077 3409 3198 3478 οὐχὶ
3221 3409 3398 3479 ἐδόθη,
3423 3410 3508 3463 διά
3540 3409 3721 3480 Ἰησοῦ

2131 3499 2388 3571 Χριστοῦ.
2415 3499 2744 3555 Αὑθεντικδν
2792 3501 2894 3572 μὲν
2924 3502 3005 3568 τὸ,
3065 3521 3083 3554 ι
3121 3503 3390 3572 Ἐγένετο,
3424 3525 3441 3555 ι
3470 3505 3721 3556 δουλικὸν

2130 3593 2187 3647 δὲ
2219 3594 2298 3658 τὸ,
2343 3613 2362 3644 ι
2424 3594 2602 3665 ἐδόθη.
2646 3614 2665 3646 ι

2208 3794 2224 3826 ι
2261 3773 2394 3826 Θ-ὸν
2421 3773 2591 3835 οὐδεὶς
2617 3771 2830 3843 ἑώρακε
2863 3771 3082 3827 πώποτε
3106 3790 3119 3804 ·
3173 3776 3201 3826 ό
3235 3775 3530 3844 μονογενὴς
3563 3775 3713 3836 Υἱὸς.

2129 3867 2157 3919 ό
2179 3865 2253 3919 ῶν
2287 3867 2470 3928 ἐντοῖς
2500 3864 2719 3928 κόλποις
2747 3863 2838 3917 τοῦ
2863 3865 3094 3932 Πατρδς,
3118 3865 3323 3927 ἐκεῖνος
3349 3867 3712 3936 ἐξηγήσατο.»

2145 3957 2364 4029 Ἐπειδὴ
2396 3953 2570 4023 εἶπεν,
2607 3957 2688 4009 ὅτι
2739 3975 2756 4007 ι
2807 3956 2871 4010 'H
2927 3958 3086 4027 χάρις
3133 3958 3226 4011 καὶ
3275 3959 3308 4028 ἠ
3359 3958 3585 4028 ἀλήθεια
3626 3958 3717 4009 διὰ

2144 4049 2317 4121 Ἰησοῦ
2371 4048 2608 4120 Χριστοῦ
2639 4048 2874 4116 ἐγένετο,
2905 4069 2923 4102 ι
2965 4049 3123 4102 τοῦτο
3153 4049 3324 4103 Θέλων
3367 4052 3717 4102 κατασκευά-

2131 4159 2241 4208 σαι,
2273 4143 2459 4212 φησὶν,
2493 4141 2576 4194 ὅτι
2623 4141 2788 4194 Οὐδὲν
2817 4141 3046 4194 ἄπιστον
3079 4142 3298 4213 εἴρηκα.
3360 4142 3419 4196 ’0
3455 4144 3554 4212 μέν
3603 4145 3712 4211 γὰρ

2129 4233 2335 4303 Μωσῆς
2385 4231 2508 4285 οὔτε
2537 4232 2670 4284 Θεὸν
2703 4231 2970 4303 ἑώρακεν,
3026 4232 3218 4303 ῶσπερ
3257 4235 3368 4287 οὐδ’
3398 4235 3553 4298 ἄλλος
3603 4253 3708 4296 τις,

451 4325 591 4391 piatn
621 4340 638 4378 :
676 4339 774 4378 nec
800 4326 973 4393 potuit
1005 4325 1159 4379 nobis
1194 4325 1537 4381 manifestam
1569 4336 1623 4379 et
1655 4326 1920 4396 liquidam
1957 4328 2024 4380 de

2135 4323 2254 4378 οὔτε
2282 4321 2422 4393 εἶχεν
2449 4324 2579 4392 ἡμῖν
2602 4319 2861 4392 ἐξήγησιν
2884 4323 3256 4394 τρανεστάτην
3289 4325 3382 4376 καὶ
3412 4329 3555 4394 σαφῆ
3585 4327 3716 4394 περὶ

453 4418 545 4471 illo
599 4417 965 4472 narrationem
1012 4419 1198 4473 dicere
1251 4437 1264 4472 :
1315 4419 1408 4473 sed
1441 4434 1564 4474 cum
1611 4430 1761 4474 esset
1813 4435 2024 4483 servus,

455 4509 707 4563 minister
743 4508 842 4564 fuit
880 4510 1052 4565 solum
1097 4510 1515 4580 legalislilterae.
1559 4511 1807 4566 Christus
1848 4522 2025 4566 autem

453 4602 544 4670 qui
581 4609 664 4654 est
712 4599 916 4667 Filius,
952 4612 1005 4655 et
1052 4600 1394 4673 Uuigcnitus,
1443 4611 1498 4658 et
1537 4603 1588 4657 in
1637 4603 1758 4657 sinu
1803 4613 2028 4674 paterno

454 4703 557 4756 est,
589 4706 694 4746 non
727 4693 902 4748 solum
940 4692 1088 4747 illum
1121 4693 1284 4758 videt,
1327 4695 1419 4748 sed
1449 4693 1615 4749 etiam
1651 4695 1916 4750 omnibus
1941 4696 2031 4752 Ito-

451 4783 688 4838 rninihus
712 4786 778 4838 de
805 4785 895 4838 illo
927 4786 1243 4841 annuntiat:
1267 4797 1427 4854 atque
1452 4787 1548 4852 ita,
1577 4787 1702 4858 quia
1727 4786 1896 4842 Filius
1923 4797 2027 4856 est,

453 4886 507 4928 et
535 4873 750 4930 Patrem
780 4875 948 4941 videt,
979 4886 1032 4931 et
1062 4878 1112 4930 in
1141 4877 1262 4932 sinu
1285 4876 1406 4945 ejus
1435 4888 1540 4945 est,
1571 4881 1769 4934 merito
1795 4881 2024 4950 gratiam

453 4976 511 5022 et
541 4967 822 5022 veritatem
857 4969 1016 5023 nobis
1063 4969 1232 5023 dedit.
1267 4971 1534 5025 Caeterum
1565 4970 1767 5025 dixerit
1799 4972 1888 5027 hic
1917 4972 2028 5027 for-

453 5069 598 5113 tasse
627 5059 894 5129 quispiam
930 5076 946 5114 :
984 5061 1269 5126 Quomodo
1304 5061 1403 5116 hoc
1442 5062 1560 5117 loco
1593 5063 1852 5118 discimus
1877 5062 2024 5132 quod

453 5148 630 5202 nullus
679 5149 873 5205 viderit
907 5150 1094 5217 Deum,
1131 5166 1259 5207 cum
1309 5151 1568 5222 propheta
1603 5151 1751 5207 dicat
1787 5169 1801 5206 :
1835 5170 1861 5218 ,ι
1900 5152 2022 5207 Vidi

450 5239 742 5294 Dominum
761 5241 848 5296 υἷ’
883 5261 904 5294 ο
935 5241 1080 5297 Vidit
1100 5242 1315 5312 quidem
1341 5244 1600 5313 propheta
1624 5243 1816 5309 Deum,
1837 5253 1892 5298 at
1916 5259 2026 5299 non

454 5330 624 5400 ipsam
666 5331 1047 5400 substantiam,
1084 5333 1179 5388 sed
1221 5334 1633 5389 similitudinem
1677 5343 1732 5390 et
1763 5348 2028 5402 apparen-

455 5424 584 5478 tiam
618 5422 934 5491 quamdam,
974 5425 1114 5479 sicut
1145 5440 1337 5495 capere
1383 5434 1612 5496 poterat.
1652 5426 1718 5480 Et
1756 5426 1894 5480 alius
1927 5426 2028 5480 ite-

452 5527 572 5567 rum
622 5512 676 5566 in
727 5511 831 5566 alia
886 5512 1056 5583 ﬁgura
1101 5515 1256 5579 vidit,
1299 5526 1354 5572 et
1402 5517 1542 5571 alius
1598 5520 1650 5570 in
1707 5515 1832 5569 alia.
1874 5513 2028 5570 Unde

454 5603 662 5658 scilicet
691 5619 798 5659 non
846 5603 1018 5673 ipsam
1050 5607 1330 5663 veritatem
1376 5609 1629 5663 viderunt
1668 5623 1682 5660 :
1737 5623 1842 5662 non
1879 5608 2023 5662 enim

524 5779 570 5810 ⁸⁸
597 5779 697 5834 lsa.
721 5793 798 5846 vr,
830 5779 882 5833 1.

2131 4416 2298 4473 αὐτοῦ
2333 4417 2543 4469 εἰπεῖν·
2594 4414 2732 4468 άλλά
2793 4413 2978 4478 δοῦλος
3038 4414 3135 4478 ῶν,
3189 4415 3502 4488 ὑπηρέτησε
3551 4420 3714 4486 μόνον

2132 4509 2267 4579 πρὸς
2321 4508 2420 4578 τὴν
2453 4506 2548 4559 τοῦ
2598 4504 2826 4576 νομικοῦ
2860 4506 3188 4577 γράμματος
3220 4507 3520 4562 διακονίαν.
3567 4511 3626 4563 '0
3655 4511 3714 4564 δὲ

2132 4600 2386 4673 Χριστὸς,
2416 4598 2540 4662 Υἱὸς
2564 4597 2639 4651 ῶν
2670 4599 2763 4652 καὶ
2791 4599 3123 4670 Μονογενὴς,
3155 4601 3250 4654 καὶ
3274 4602 3331 4654 ἐν
3355 4603 3468 4666 τοῖς
3493 4603 3713 4666 κόλποις

2129 4695 2204 4749 ὢν
2233 4698 2341 4758 τοῖς
2366 4692 2748 4763 πατρικοῖς,οὐ
2783 4693 2944 4763 μόνον
2972 4692 3133 4746 αὐτὸν
3163 4694 3290 4765 ὁρᾷ,
3320 4694 3459 4749 ἀλλὰ
3485 4697 3579 4748 καὶ
3610 4700 3716 4749 sri-

2132 4805 2218 4841 σιν
2271 4784 2579 4856 ἀνθρώποις
2623 4784 2898 4854 ἐξηγεῖται
2929 4784 3061 4856 περὶ
3107 4785 3295 4840 αὐτοῦ.
3327 4786 3491 4840 Ὥστε
3525 4789 3712 4856 ἐπειδὴ

2130 4878 2258 4941 Υἱός
2290 4877 2429 4941 ἐστι,
2483 4874 2579 4928 καὶ
2604 4874 2695 4928 τὸν
2729 4874 2948 4944 Πατέρα
2978 4876 3107 4947 ὁρᾷ,
3138 4869 3227 4930 οἷα
3250 4876 3312 4946 δὴ
3363 4880 3421 4930 ἐν
3447 4881 3559 4939 τοῖς
3589 4880 3709 4931 κόλ-

2131 4985 2252 5031 ποις
2286 4965 2448 5019 αὑτοῦ
2478 4964 2573 5030 ὢν,
2609 4964 2834 5027 εἰκότως
2867 4965 2966 5036 τὴν
3005 4967 3166 5037 χάριν
3190 4955 3282 5020 καὶ
3321 4969 3419 5038 τὴν
3451 4967 3708 5040 ἀλήθειαν

2133 5062 2264 5131 ημῖν
2299 5059 2522 5112 ἔδωκεν.
2549 5055 2690 5108 Ἀλλ’
2715 5057 2832 5126 ἐρεῖ
2858 5073 2939 5118 τις
2973 5057 3099 5121 ἴσως
3121 5073 3135 5088 ⁸
3170 5059 3294 5122 Πῶς
3335 5060 3569 5113 ἐνταῦθα
3609 5061 3708 5129 μὲν

2133 5147 2502 5221 μανθάνομεν,
2533 5147 2616 5198 ὅτι
2649 5145 2822 5209 οὐδεὶς
2865 5145 3078 5218 ἑώρακε
3105 5147 3196 5201 τὸν
3228 5148 3380 5215 Θεὸν,
3424 5152 3452 5202 ό
3481 5151 3537 5204 δὲ
3574 5168 3706 5218 προ-

2131 5243 2307 5312 φήτης
2335 5239 2480 5308 λέγει
2506 5255 2521 5270 ο
2557 5257 2574 5288 ι
2606 5232 2757 5290 Εἶδον
2784 5237 2875 5291 τὸν
2906 5239 3148 5309 Κύριον;
3189 5259 3208 5292 ι
3249 5237 3370 5293 Εἷδε
3405 5241 3505 5311 μὲν
3531 5245 3558 5296 ὁ
3579 5259 3710 5312 προ-

2133 5334 2332 5404 φήτης,
2359 5330 2473 5385 ἀλλ’
2504 5329 2602 5383 οὐκ
2633 5329 2801 5400 αὐτὴν
2829 5331 2928 5398 τὴν
2956 5331 3144 5385 οὐσίαν
3169 5372 3184 5395 ,
3229 5332 3345 5386 ἀλλ’
3377 5336 3626 5404 ὁμοίωμά
3653 5354 3706 5387 τι

2133 5425 2226 5479 καὶ
2252 5425 2548 5494 φαντασίαν
2573 5422 2712 5487 τινὰ,
2735 5422 2810 5486 ὡς
2834 5423 3030 5496 ἐχώρει
3055 5425 3203 5480 ἰδεῖν.
3223 5427 3332 5479 Καὶ
3357 5427 3513 5492 ἄλλος
3548 5431 3704 5481 πάλιν

2131 5519 2189 5569 ἐν
2215 5516 2357 5588 ἄλλῳ
2386 5515 2541 5586 τύπῳ
2564 5509 2694 5580 εἶδε,
2743 5513 2838 5568 καὶ
2864 5515 3022 5579 ἄλλος
3050 5516 3110 5569 ἐν
3135 5517 3302 5588 ἄλλῳ.
3336 5519 3497 5572 Ὅθεν
3524 5519 3699 5590 δῆλον,

2131 5609 2212 5662 ὅτι
2243 5607 2343 5658 οὐκ
2375 5605 2544 5674 αὐτὴν
2578 5603 2676 5674 τὴν
2719 5604 2976 5675 ἀλήθειαν
3016 5605 3272 5661 ἐόλεπονο
3318 5610 3381 5663 οὐ
3411 5611 3516 5680 γάρ
3550 5611 3614 5664 ἂν
3639 5614 3698 5662 ἐν
