3960 6454
523 308 650 372 Ξὶῡΐ

1393 309 1974 370 ΤΠΕΟΡΗΥΙΛΕΤΙ
2021 309 2428 369 [ιι]ιῦΑῆἰῶ
2468 309 2823 369 ARCHIEP.

3589 317 3695 382 ιιθι

513 425 676 490 igitur
708 429 762 476 et
807 423 926 476 huc.
964 439 980 473 ι
1025 419 1287 490 Propheta
1347 421 1438 474 ille
1483 431 1542 474 es
1569 420 1666 474 tu?
1708 439 1725 470 ι
1766 419 1935 489 Negat
1979 419 2080 474 hoc

2195 424 2352 473 νεῖται
2380 415 2471 474 οὖν
2493 424 2585 474 καὶ
2614 421 2790 476 τοῦτο.
2830 441 2850 474 ι
2893 420 2953 475 Ὅ
3004 423 3293 494 προφήτης.
3325 419 3376 476 εί
3407 424 3503 490 σύ;
3534 447 3548 477 ι
3605 431 3706 502 Ἄρ.

512 520 698 575 etiam.
741 515 951 572 tametsi
998 513 1254 584 propheta
1306 523 1470 568 esset.
1523 513 1585 566 Et
1615 513 1882 582 quomodo
1917 512 2080 580 igitur

517 611 717 680 negat?
747 609 1065 675 Quomodo?
1098 608 1231 675 Quia
1284 623 1387 661 non
1422 608 1894 678 interrogaverunt
1935 620 2081 668 eum,

517 702 781 770 Propheta
832 699 926 755 es?
961 700 1052 755 sed
1084 720 1098 755 :
1139 719 1157 752 ι
1190 697 1456 768 Propheta
1503 697 1589 752 ille
1619 697 1715 751 es?
1756 715 1774 748 ι
1826 697 1966 751 facta
2002 696 2084 750 in-

515 791 884 858 terrogatione
930 807 1052 845 cum
1092 791 1356 855 articulo,
1405 789 1507 844 hoc
1549 799 1652 852 est,
1689 788 1948 860 propheta
1996 787 2084 842 ille

523 883 615 951 qui
644 886 1081 952 exspectabatur,
1114 884 1179 937 de
1209 898 1314 952 quo
1344 883 1478 937 dixit
1504 880 1700 946 Moses,
1733 879 2082 948 «Prophetam

517 974 800 1030 suscitabit
839 973 990 1029 vobis
1043 973 1297 1028 Dominus
1337 973 1474 1027 Deus
1525 973 1592 1026 “.
1651 991 1670 1024 ›
1705 971 1821 1027 Νοη
1870 971 2086 1042 negavit

518 1068 700 1135 itaque
733 1062 972 1119 Joannes
1004 1080 1063 1119 se
1094 1066 1410 1135 prophetam
1443 1080 1564 1119 esse
1589 1105 1604 1128 ,
1637 1065 1729 1120 sed
1763 1065 2084 1134 prophetam

519 1157 675 1228 521
734 1156 884 1210 illum
911 1196 927 1225 ,
964 1157 1054 1225 qui
1091 1155 1531 1225 exspectabatur.
1569 1155 1703 1222 Quia
1756 1156 1900 1211 enim
1929 1155 2085 1209 audi-

519 1261 671 1306 erant
697 1249 876 1306 Mosen
907 1251 1170 1304 dicentem
1195 1249 1511 1319 prophetam
1535 1251 1926 1315 suscitandum,
1959 1265 2084 1319 spe-

522 1345 713 1398 rabant
754 1351 974 1412 propter
1003 1342 1322 1396 occasiones
1355 1343 1612 1409 quasdam
1651 1342 1792 1396 hunc
1845 1342 2082 1395 futurum

521 1435 667 1487 illum
700 1433 1033 1501 prophetam.
1093 1429 1293 1482 Deinde
1323 1429 1516 1482 iterum
1549 1431 1772 1493 instant,
1809 1448 1828 1482 ι
1868 1428 1962 1484 Dic
1993 1443 2087 1482 no-

522 1527 602 1578 bis
629 1525 750 1592 quis
783 1523 885 1576 es‘l
923 1539 941 1572 ι
974 1520 1128 1576 Tunc
1165 1522 1439 1591 respondit
1471 1522 1552 1577 eis
1591 1539 1602 1575 :
1643 1541 1659 1572 ι
1699 1523 1810 1592 Ego
1844 1538 1938 1574 vox
1977 1522 2086 1573 cla-

521 1617 719 1668 mantis
754 1617 803 1666 in
837 1614 1073 1667 deserto.
1108 1633 1127 1664 ι
1160 1612 1292 1683 Ego,
1319 1613 1514 1683 inquit,
1541 1629 1681 1678 sum,
1721 1615 1784 1667 de
1817 1629 1924 1682 quo
1947 1614 2084 1668 seri-

523 1718 668 1776 ptntn
702 1717 824 1760 est:
865 1724 882 1757 ι
927 1705 1036 1760 Vox
1068 1705 1351 1760 clamantis
1375 1705 1427 1760 in
1460 1706 1693 1760 deserto.
1731 1725 1748 1758 ι
1789 1704 1897 1758 Nisi
1941 1704 2085 1758 enim

521 1801 785 1871 adjeceris
809 1840 824 1864 ,
849 1819 867 1850 ι
893 1801 957 1852 de
989 1813 1097 1867 quo
1127 1800 1384 1867 scriptum
1413 1806 1515 1860 est,
1541 1815 1557 1847 ι
1585 1796 1812 1850 absurda
1843 1798 2086 1865 quasdam
2123 1777 2160 1834 Β

522 1891 1105 1962 νὶιίιιιειιιι-εοτιιιοιιίε
1156 1889 1516 1944 constructio.
1565 1886 1702 1954 Quid
1752 1899 1932 1942 autem
1980 1890 2091 1942 cla-

522 1983 764 2039 mantis?
807 2001 822 2033 ι
871 1981 1093 2051 Dirigite
1121 1980 1260 2034 viam
1296 1979 1529 2034 Domini.
1570 1998 1586 2030 ι
1630 1978 1851 2040 Servus.
1895 1979 2090 2048 inquit,

523 2092 665 2140 sum,
686 2085 740 2128 et
769 2074 881 2128 vias
905 2087 1149 2143 praepara
1174 2071 1422 2134 Domino,
1450 2070 1607 2124 corda
1638 2081 1832 2124 vestra.
1865 2068 2093 2124 Proinde

524 2168 612 2221 illa
671 2167 830 2220 facite
880 2175 1050 2229 rceta,
1086 2163 1254 2218 dolosi
1300 2177 1398 2218 vos
1443 2171 1497 2217 et
1543 2161 1767 2232 obliqui,
1818 2171 1871 2215 et
1931 2161 2088 2216 facite

524 2273 697 2328 aequa,
732 2256 802 2310 ita
840 2265 896 2309 ut
929 2255 1190 2308 Dominus
1223 2252 1469 2305 Christus
1503 2265 1598 2320 per
1635 2265 1727 2306 vos
1762 2249 1866 2304 iter
1910 2248 2090 2304 faciat.

525 2351 657 2407 Post
700 2351 816 2406 haec
857 2347 1061 2403 inducit
1095 2347 1288 2401 Isaiam
1323 2353 1533 2399 testem.
1567 2342 1699 2397 Nam
1724 2358 1847 2396 cum
1888 2342 2095 2411 magni-

528 2447 624 2499 lica
669 2444 895 2498 dixisset
928 2443 992 2494 de
1039 2438 1256 2494 Christo
1300 2438 1442 2506 quod
1489 2436 1748 2492 Dominus
1786 2444 1954 2502 esset,
1982 2435 2096 2504 ipse

525 2551 654 2590 vero
681 2533 822 2588 serti
867 2543 922 2587 et
966 2531 1232 2602 praeconis
1278 2530 1610 2600 suscepisset
1647 2545 1803 2599 opus,
1854 2528 2094 2600 confugit

528 2629 592 2682 ad
625 2626 959 2698 prophetam.
992 2623 1260 2678 Fortassis
1291 2632 1470 2677 autem
1499 2621 1619 2690 quis
1667 2621 1747 2677 sic
1763 2621 2094 2691 exposuerit,

533 2742 558 2774 ο
588 2722 697 2791 Ego
727 2733 827 2774 vox
861 2716 1170 2781 clamantis,
1201 2733 1220 2766 ι
1260 2716 1360 2768 Ιιυο
1389 2723 1504 2768 est:
1528 2713 1648 2784 Ego.
1673 2729 1789 2767 sum
1823 2729 1922 2766 vox
1942 2711 2100 2767 Chri-

528 2815 595 2869 sti
644 2809 952 2876 clamantis,
997 2808 1048 2862 id
1099 2816 1202 2870 est,
1231 2807 1514 2862 veritatem
1564 2804 1847 2860 manifeste
1890 2819 2100 2857 annth

530 2905 740 2960 tiantis.’
767 2903 967 2960 Omnes
998 2901 1139 2956 enim
1172 2899 1264 2970 qui
1308 2900 1360 2952 in
1390 2900 1504 2968 lege
1537 2908 1712 2964 erant,
1747 2898 2012 2952 submisse
2044 2905 2098 2948 et
2138 2888 2139 2891 “

530 2997 803 3052 humiliter
833 2993 1120 3058 sonabant,
1147 3001 1331 3061 utpote
1356 2993 1446 3060 qui
1480 2991 1714 3045 nondum
1739 2996 2097 3058 pervenerant

529 3092 593 3143 ad
631 3099 838 3158 tempus
873 3085 1206 3156 Evangelicze
1247 3083 1509 3137 veritatis.
1557 3081 1625 3136 Et
1670 3083 1784 3138 haec
1821 3096 1951 3137 sane
1979 3092 2097 3138 erat

2187 514 2355 565 νεῖται
2390 518 2484 567 καὶ
2512 513 2689 579 τοῦτο,
2742 519 2918 568 καίτοι
2949 531 3010 582 γε
3065 516 3344 585 «po-mm;
3371 512 3454 586 ἦν.
3487 518 3595 581 Πῶς
3632 522 3706 578 οὖν

2186 607 2426 675 ἀρνεῖται
2447 623 2459 671 ;
2489 607 2612 669 Πῶς
2633 623 2650 667 ;
2675 607 2797 660 ’Ὁτι
2821 607 2920 659 οὐκ
2946 606 3232 676 ἠρώτησαν
3252 608 3432 665 αὑτὸν.
3457 609 3708 683 ῐίργςήτης

2187 692 2234 748 εί
2270 696 2370 761 σύ;
2409 698 2546 762 ἀλλ’,
2588 717 2606 748 ι
2648 699 2708 752 Ὀ
2738 699 3020 768 προφήτης
3069 694 3153 760 ei;
3191 718 3209 751 ι
3247 703 3383 769 μετὰ
3413 702 3522 761 τοῦ,
3553 723 3568 754 ι
3600 707 3657 764 6.
3689 727 3704 758 ι

2186 788 2392 860 ἄρθρου
2421 789 2779 860 ποιησάμενοι
2810 788 2910 860 τὴν
2933 789 3221 860 ἐρώτησιν,
3251 792 3371 844 ἀντὶ
3407 792 3511 853 τοῦ,
3541 792 3710 859 ἐκεῖνος

2187 881 2216 934 ὀ
2244 881 2527 950 προφήτης
2556 883 2582 933 ὁ
2625 880 3094 951 προσδοκώμενος,
3145 882 3203 934 δν
3242 879 3361 934 εἷπε
3404 885 3610 955 Μωσῆς.
3649 891 3714 943 ὅτι

2193 990 2213 1024 ι
2245 973 2540 1042 Προφήτην
2569 971 2698 1041 ὑμῖν
2746 974 3039 1042 ἀναστήσει
3074 974 3273 1042 Κύριος
3300 975 3330 1026 ὁ
3363 975 3512 1037 Θεός.
3549 993 3565 1025 ι
3626 981 3714 1031 Οέκ

2186 1064 2458 1134 ¹ἠρνήσατο
2508 1058 2654 1118 οὗνὸ
2717 1064 2969 1135 Ἰωάννης
3000 1064 3060 1117 τὸ
3105 1068 3389 1136 προφήτης
3435 1063 3580 1125 εἶναι,
3610 1070 3716 1123 ἀλλὰ

2187 1156 2270 1221 τὸ,
2331 1174 2349 1208 ι
2401 1159 2430 1210 ὁ
2483 1157 2804 1228 προφήτης,
2844 1174 2862 1207 ι
2942 1157 3148 1219 ἐκεῖνος
3199 1159 3228 1210 ό
3286 1159 3713 1229 προσδοκώμενος.

2200 1249 2353 1302 Ἐπεὶ
2382 1248 2491 1321 γάρ
2517 1251 2754 1320 ἥκουσαν
2780 1249 3025 1311 Μωσέως
3055 1250 3323 1313 εἰπόντος,
3359 1253 3441 1304 ὅτι
3477 1256 3718 1324 προφήτης

2187 1341 2570 1411 ἀναστήσεται,
2589 1339 2814 1412 ήλπιζον
2843 1341 2982 1394 κατά
3004 1359 3154 1404 τινας
3183 1343 3412 1413 καιροὺς
3438 1347 3719 1413 γενήσεσθαι

2187 1433 2374 1485 τοῦτον
2405 1433 2497 1484 τὸν
2528 1432 2835 1502 προφήτην.
2864 1429 2994 1484 Εἶτα
3023 1431 3185 1484 πάλιν
3237 1433 3536 1484 ἐπίκεινται
3560 1450 3572 1464 ·
3614 1436 3718 1490 Εἰπὲ

2188 1520 2280 1576 οὖν
2313 1527 2464 1595 ἡμῖν,
2497 1523 2577 1586 τίς
2613 1520 2696 1586 ei;
2732 1521 2864 1574 Τότε
2895 1522 3248 1592 ἀποκρίνεται
3293 1525 3506 1585 αὐτοῖς·
3551 1544 3567 1574 ι
3611 1520 3722 1590 Ἐγὼ

2190 1617 2342 1686 φωνὴ
2397 1615 2625 1685 βοῶντος
2657 1616 2714 1667 ὲν
2743 1616 2808 1684 τῇ
2838 1615 3049 1684 ἐρήμῳ.
3088 1633 3106 1664 ι
3169 1614 3311 1681 Ἰῖγὼ
3337 1653 3352 1677 ,
3405 1617 3582 1684 φησὶ-ι,
3613 1621 3723 1683 εἰμὶ,

2193 1709 2319 1776 περὶ
2346 1703 2406 1762 οὗ
2439 1708 2784 1777 γέγραπται·
2820 1724 2836 1756 ι
2875 1706 3030 1775 Φωνὴ
3061 1704 3291 1774 βοῶντος
3318 1706 3378 1757 ὲν
3410 1708 3473 1775 τῇ
3503 1708 3718 1776 ἐρήμῳ.»

2192 1801 2251 1852 Εἰ
2290 1799 2364 1870 μὴ
2412 1800 2518 1868 γάρ
2565 1797 2891 1869 προσθήσεις
2919 1797 3002 1855 τὸ.
3041 1815 3059 1848 ι
3101 1798 3226 1866 περὶ
3277 1789 3340 1852 οὗ
3370 1796 3720 1868 γέγραπται.»

2191 1893 2385 1954 ἄτοπός
2419 1909 2498 1954 τις
2535 1892 2784 1958 φαίνεται
2837 1891 2869 1959 ή
2925 1890 3019 1942 τοῦ
3069 1889 3228 1956 λόγου
3285 1888 3554 1952 σύνταξις.
3587 1891 3640 1941 Ti
3681 1893 3725 1944 δὲ

2193 1983 2451 2052 βοῶντος
2501 2001 2518 2032 ι
2552 1982 2820 2034 Εὐθύνατε
2843 1983 2940 2051 τὴν
2963 1980 3077 2033 ὁδὸν
3102 1979 3327 2050 Κυρίου.
3369 1999 3388 2032 ι
3422 1980 3618 2044 Δοζλος,
3647 1999 3726 2049 φη-

2193 2074 2298 2139 σιν,
2354 2075 2490 2143 εἰμὶ,
2547 2074 2641 2126 καὶ
2678 2071 3014 2142 πρωδοποιῶ
3053 2071 3131 2141 τῷ
3169 2071 3362 2142 Κυρίῳ
3409 2072 3505 2135 τάς
3533 2074 3724 2143 καρδίας

2193 2165 2365 2236 ὑμῶν.
2406 2165 2676 2218 Εὐθύνατε
2707 2160 2799 2216 οὖν
2846 2165 3071 2227 ταύτας,
3102 2165 3150 2216 oi
3184 2164 3395 2216 σκολιοὶ
3443 2166 3534 2217 καὶ
3574 2167 3725 2226 δόλιοι,

2192 2254 2288 2306 καὶ
2313 2251 2628 2321 όμαλίσατε,
2660 2251 2798 2305 ὥστε
2821 2252 2937 2304 ὁδὸν
2969 2252 3218 2320 γενέσθαι
3248 2253 3328 2321 τῷ
3348 2254 3532 2324 Κυρίῳ
3551 2256 3724 2325 Χριστῷ

2192 2343 2260 2398 δι’
2286 2343 2460 2412 ὑμῶν.
2493 2339 2623 2398 Εἶτα
2645 2345 2922 2412 ἐπεισάγει
2945 2344 3035 2398 τὸν
3085 2343 3323 2398 Ἡσαΐαν
3359 2347 3615 2416 μάρτυρα.
3641 2349 3724 2399 Ms-

2193 2437 2337 2505 γάλα
2366 2435 2478 2506 γὰρ
2503 2435 2673 2489 εἰπὼν
2706 2437 2836 2508 περὶ
2861 2435 2954 2490 τοῦ
2985 2436 3252 2506 Χριστοῦ,
3283 2438 3367 2490 ὅτι
3400 2439 3591 2509 Κύριός
3612 2441 3722 2498 ἐστι.

2196 2527 2287 2580 καὶ
2317 2527 2394 2579 δτι
2427 2526 2588 2590 αὐτὸς
2621 2525 2807 2580 δούλου
2835 2527 2931 2581 καὶ
2973 2529 3213 2598 κήρυκος
3245 2528 3412 2599 ἔργον
3453 2532 3721 2601 μεταχειρί·

2198 2618 2369 2684 ζεται,
2401 2617 2739 2688 καταφεύγει
2771 2619 2864 2671 ἐπὶ
2889 2620 2982 2672 τὸν
3013 2621 3320 2690 προφήτην.
3347 2621 3498 2690 Τάχα
3519 2621 3559 2674 δ’
3584 2623 3639 2675 ἄν
3664 2641 3725 2684 τις

2196 2711 2278 2776 τὸ,
2313 2729 2331 2761 ι
2377 2709 2520 2778 Ἐγὼ
2578 2710 2730 2780 φωνὴ
2767 2711 3022 2780 βοῶντος,
3060 2730 3078 2763 ι
3140 2711 3315 2775 οὕτως
3367 2713 3727 2782 ἑρμηνεύσειεν,

2196 2800 2278 2854 ὅτι
2303 2797 2446 2868 Ἐγὼ
2499 2801 2619 2868 εἰμι
2651 2801 2801 2869 φωνὴ
2828 2799 2920 2853 τοῦ
2972 2801 3206 2872 Χριστοῦ
3243 2802 3341 2856 τοῦ
3371 2804 3608 2873 βὼντος,
3635 2822 3726 2857 τον-

2197 2890 2366 2953 τέστι,
2412 2891 2508 2944 τοῦ
2536 2890 2632 2962 τὴν
2679 2890 2939 2962 ἀλήθειαν
2988 2894 3200 2963 τρανῶς
3230 2894 3640 2963 διαγγέλλοντος.
3679 2898 3726 2949 Οί

2201 2981 2303 3053 μὲν
2333 2981 2438 3052 γάρ
2462 2979 2555 3034 τοῦ
2584 2981 2748 3050 νόμου
2800 2981 3000 3045 πάντες
3035 2983 3381 3051 ίσχνᾶφωνοι,
3411 2978 3500 3037 οἷα
3539 2986 3606 3054 μὴ
3651 2984 3724 3054 τῆς

2199 3066 2452 3138 ἀληθείας
2485 3066 2577 3120 τοῦ
2613 3067 2940 3136 Εύαγγελίου
2976 3071 3164 3141 καιρὸν
3193 3071 3462 3140 ἐχούσης·
3497 3074 3728 3126 καὶτοῦτο

529 3134 593 3143 ε-.
631 3134 838 3158 --...,..--
873 3134 912 3141 ..
952 3134 1202 3156 ---ορηη
1557 3134 1621 3136 _,
1929 3134 1946 3137 -
1987 3134 2028 3138 --
2084 3134 2093 3136 ε

529 3180 677 3236 vocis
724 3180 928 3236 ruditas
977 3179 1030 3234 in
1079 3177 1246 3243 Mose,
1300 3179 1426 3248 quia
1475 3175 1559 3232 lex
1604 3178 1833 3231 obscura
1869 3184 2008 3240 erat,
2043 3182 2094 3229 et

2197 3155 2264 3228 ἦν
2289 3134 2408 3230 ⁷ἄρα
2436 3157 2494 3211 τὸ
2527 3134 2853 3229 ἰσχνόφωνον
2907 3159 3000 3212 τοῦ
3059 3134 3325 3225 Μωσέως,
3365 3134 3426 3216 τὸ
3473 3163 3559 3217 τοῦ
3590 3164 3720 3232 νόμον

531 3287 638 3328 non
672 3271 977 3327 manifesta.
997 3270 1248 3328 Christus
1270 3279 1449 3324 autem
1483 3284 1602 3322 cum
1635 3269 1706 3323 sit
1736 3269 1935 3323 veritas
1959 3267 2094 3337 ipsa,

531 3373 585 3419 et
617 3364 905 3418 annuntiet
940 3363 1096 3418 nobis
1127 3362 1307 3417 omnia
1343 3376 1462 3431 quae
1496 3360 1691 3423 Patris,
1723 3359 1964 3414 clamans
1991 3369 2094 3414 est.

530 3457 660 3511 Ideo
685 3453 922 3510 Joannes
951 3453 1078 3508 dicit
1108 3469 1120 3499 τ
1175 3453 1285 3522 Ego
1306 3467 1422 3507 sum
1453 3466 1554 3505 vox
1593 3449 1755 3505 Verbi
1789 3449 2097 3516 clamantis,

533 3557 756 3599 versans
787 3543 838 3596 in
879 3543 1113 3598 deserto.
1177 3541 1380 3596 Deinde
1435 3541 1679 3610 sequitur
1709 3538 1850 3592 aliud
1901 3537 2101 3608 princi-

535 3636 709 3704 pium,
751 3651 770 3685 ι
812 3632 1036 3703 Dirigite
1072 3633 1214 3686 viam
1246 3631 1480 3686 Domini.
1522 3649 1540 3682 ι
1578 3629 1769 3685 Merito
1799 3638 1978 3683 autem
2018 3628 2100 3682 di-

530 3727 671 3781 citur
695 3723 930 3780 Joannes
960 3739 1083 3789 vox.
1113 3737 1177 3778 eo
1211 3725 1352 3794 quod
1380 3722 1690 3779 Pratcursor
1719 3731 1836 3777 erat
1869 3719 2096 3786 Christi,

531 3817 668 3872 sicut
707 3825 760 3871 et
793 3830 896 3870 vox
939 3814 1162 3870 verbum
1195 3815 1497 3886 praecurrit.
1535 3812 1601 3868 Et
1653 3822 1716 3868 ut.
1761 3812 2100 3868 manifestius

531 3910 744 3964 dicam:
771 3907 886 3963 Vox
933 3909 1147 3980 quidem
1183 3916 1268 3964 est
1297 3908 1520 3978 spiritus
1560 3905 1958 3969 lnarticulatus,
2006 3904 2097 3973 qui

531 4015 560 4053 a
591 4009 805 4070 pectore
831 3999 1108 4070 egreditur
1141 4016 1156 4055 :
1189 3999 1407 4069 quando
1445 4009 1622 4054 autem
1670 3997 1849 4068 lingua
1898 3995 2102 4050 articu-

530 4093 694 4156 latur,
749 4101 874 4146 tunc
944 4091 1002 4145 ﬁt
1056 4093 1300 4146 verbum.
1358 4091 1598 4146 Primum
1659 4090 1822 4160 igitur
1868 4103 1996 4154 vox,
2045 4097 2100 4144 et

531 4183 726 4239 deinde
759 4185 1002 4238 verbum.
1038 4182 1194 4238 Prior
1229 4182 1487 4250 Joannes,
1523 4192 1578 4238 et
1619 4182 1816 4237 deinde
1849 4181 2098 4236 Christus

532 4273 826 4327 secundum
860 4274 1148 4328 adventum
1183 4275 1235 4328 in
1271 4289 1452 4330 carne.
1485 4274 1552 4328 Et
1580 4273 1850 4342 baptisma
1877 4273 2094 4342 quidem

531 4361 756 4417 Joannis
800 4377 907 4416 non
955 4374 1071 4418 erat
1117 4364 1457 4419 articulatum
1492 4375 1508 4422 :
1542 4380 1646 4418 non
1670 4363 1810 4419 enim
1848 4363 2008 4417 fiebat
2041 4363 2094 4417 in

2199 3249 2513 3320 άτράνωτον
2542 3251 2636 3303 καὶ
2683 3250 2914 3319 ἀσαφές.
2965 3251 3029 3304 Ὀ
3059 3251 3114 3304 δὲ
3142 3254 3384 3323 Χριστὸς
3410 3250 3496 3307 οἷα
3522 3258 3578 3324 δὴ
3609 3258 3731 3307 αὺτο-

2199 3340 2425 3411 αλήθεια
2449 3338 2545 3403 ὢν,
2587 3341 2678 3393 καὶ
2712 3339 2889 3393 πάντα
2923 3341 3052 3410 ἡμῖν
3082 3343 3432 3410 ἀπαγγείλας
3461 3344 3524 3396 τά
3541 3343 3620 3397 τοῦ
3649 3346 3734 3397 Πα-

2197 3433 2347 3503 τρδς,
2381 3433 2518 3503 βυῶν
2547 3432 2717 3486 ἐστιν..
2759 3433 2819 3485 '0
2854 3433 3033 3485 τοίνυν
3096 3435 3356 3505 Ἰωάννης
3399 3437 3585 3506 φησίνο
3624 3437 3732 3501 Ἐγώ

2199 3526 2373 3598 εἰμιή
2419 3524 2572 3596 φωνὴ
2625 3523 2717 3577 τοῦ
2748 3525 2923 3593 Λόγου
2969 3524 3062 3578 τοῦ
3100 3525 3360 3593 βοῶντος,
3404 3528 3461 3578 ὲν
3489 3530 3549 3597 τῇ
3578 3527 3731 3596 ἐρήμῳ

2199 3619 2419 3687 διάγων.
2453 3614 2586 3672 Εἶτα
2618 3615 2714 3671 ἀπ’
2739 3617 2905 3689 ἄλλης
2935 3617 3108 3688 ἀρχῆς
3129 3632 3144 3648 ⁸
3184 3636 3204 3670 ι
3240 3619 3514 3672 Εὐθύνατε
3539 3621 3623 3688 τὴν
3645 3619 3734 3669 ὁδὸν

2198 3707 2290 3761 τοῦ
2324 3708 2548 3778 Κυρίου.
2595 3727 2612 3759 ι
2649 3707 2886 3771 Εἰκότως
2914 3707 3128 3775 λέγεται
3160 3709 3314 3778 φωνή
3343 3713 3370 3762 ό
3411 3708 3732 3778 Ἰωάννης,ὠς

2205 3801 2520 3872 Πρόδρομος
2542 3798 2617 3852 ὣν
2643 3800 2733 3853 τοῦ
2755 3798 3014 3870 Χριστοῦ,
3049 3798 3240 3871 ὥσπερ
3268 3802 3363 3854 καὶ
3399 3801 3431 3871 ή
3465 3799 3603 3870 φωνὴ
3627 3815 3730 3866 προ-

2198 3891 2382 3962 στρέχει
2412 3889 2506 3942 τοῦ
2527 3889 2684 3956 λόγου
2703 3905 2716 3917 ·
2749 3883 2881 3953 οἷον,
2911 3889 2999 3943 ἵνα
3034 3890 3372 3959 σαφέστερον
3407 3893 3564 3952 εἴπω,
3611 3887 3732 3956 φωνὴ

2202 3983 2302 4050 μέν
2322 3983 2469 4034 ἐστιν
2510 3981 2726 4050 πνεῦμα
2770 3980 3158 4052 ἀδιάρθρωτον,
3219 3979 3247 4032 ὃ
3286 3983 3353 4034 ἐκ
3391 3981 3482 4034 τοῦ
3528 3981 3730 4048 θώρακος

2200 4073 2398 4136 ἔξεισιν
2418 4089 2433 4104 ο
2467 4073 2594 4126 ὅταν
2643 4072 2699 4124 δὲ
2730 4072 2836 4125 ὑπὸ
2863 4072 2962 4142 τῆς
2993 4071 3240 4141 γλώττης
3288 4073 3610 4144 διαρθρωθῇ,
3635 4071 3730 4122 τότε

2199 4165 2408 4234 γίνεται
2452 4163 2629 4233 λόγος.
2671 4163 2896 4235 Πρῶτον
2937 4163 3030 4217 οὖν
3081 4168 3316 4236 ἡφωνή,
3375 4163 3494 4218 εἶτα
3529 4166 3554 4217 ὁ
3580 4164 3728 4229 λόγος’

2202 4257 2466 4328 πρότερος
2489 4256 2766 4327 Ἰωάννης,
2803 4253 2921 4308 εἶτα
2955 4257 3187 4327 Χριστὸς
3223 4257 3368 4310 κατὰ
3397 4256 3492 4326 τήν
3517 4258 3568 4308 ἐν
3598 4253 3729 4323 σαρκὶ

2200 4347 2526 4418 παρουσίαν.
2591 4348 2701 4400 Καὶ
2747 4346 2808 4398 τὸ
2858 4346 2957 4414 μὲν
3002 4346 3095 4399 τοῦ
3162 4348 3412 4401 Ἰωάννου
3468 4347 3730 4416 βάπτισμα,

536 4454 741 4522 Spiritu
777 4470 793 4506 :
821 4451 1018 4507 Christi
1048 4469 1174 4510 vero
1223 4455 1562 4510 articulatum
1592 4463 1729 4508 erat.
1778 4452 1922 4507 Nihil
1951 4454 2092 4508 enini

2203 4438 2609 4510 ἀδιάρθρωτονο
2645 4439 2707 4491 οὐ
2762 4438 2870 4508 γάρ
2923 4433 3034 4508 εἶχε
3075 4439 3170 4504 τὸ,
3202 4457 3221 4490 ι
3266 4441 3326 4492 ὲν
3392 4439 3681 4505 Πνεύματι·
3712 4455 3726 4484 ι

533 4545 847 4597 umbrarum
887 4543 969 4599 vel
1019 4543 1309 4615 figurarum
1341 4544 1672 4610 continebat,
1719 4544 1813 4598 sed
1857 4543 2020 4598 flebat
2047 4544 2098 4597 in

533 4634 755 4705 Spiritu.

606 4726 770 4782 Vens.
796 4728 889 4794 24,
920 4729 1011 4785 25.
1058 4749 1076 4782 ι
1127 4730 1189 4784 Et
1231 4731 1320 4800 qui
1354 4730 1501 4784 missi
1552 4730 1798 4797 fuerant,
1829 4739 1986 4785 erant
2031 4745 2093 4784 ex

538 4817 844 4883 Pharisa-is,
875 4833 927 4874 et
955 4821 1420 4886 interrogaverunt
1464 4835 1584 4875 eum
1628 4835 1690 4874 ac
1726 4820 1978 4874 dixerunt
2009 4820 2094 4873 ei:

535 4912 643 4964 Cur
681 4928 807 4983 ergo
873 4912 1135 4982 baptizas,
1183 4912 1229 4967 si
1275 4922 1330 4964 tu
1374 4928 1477 4966 nou
1507 4927 1565 4968 es
1597 4911 1869 4976 Christus,
1918 4926 2094 4980 neque

538 5002 702 5067 Elias,
736 5021 904 5073 neque
933 5009 1187 5073 propheta
1230 5002 1364 5058 ille?
1398 5021 1416 5053 ι
1450 5003 1736 5068 Postquam
1786 5018 1881 5074 per
1911 5001 2096 5056 adula-

535 5095 733 5150 tionem
761 5111 866 5149 non
901 5106 1192 5162 potuerunt
1221 5111 1343 5150 eum
1380 5093 1449 5148 ad
1489 5110 1614 5149 suas
1647 5104 1827 5164 partes
1857 5095 2095 5160 trahere,

535 5188 897 5242 atrocioribus
924 5197 976 5242 et
1010 5187 1312 5242 minacibus
1341 5189 1519 5243 verbis
1549 5196 1774 5252 terrent,
1803 5196 1858 5239 ut
1894 5187 2100 5240 diceret

534 5282 676 5347 quod
721 5281 989 5346 volebant,
1039 5290 1093 5334 et
1136 5278 1489 5333 conﬁteretur
1536 5293 1594 5333 se
1642 5290 1763 5332 esse
1798 5275 2097 5342 Christum,

2200 4530 2260 4584 τὸ
2291 4530 2346 4583 δὲ
2379 4531 2474 4583 τοῦ
2534 4530 2770 4600 Χριστοῦ
2791 4571 2805 4595 ,
2863 4529 3268 4601 διηρθρωμένον
3292 4570 3308 4595 ,
3373 4531 3467 4585 καὶ
3501 4530 3635 4582 οὐδὲν
3657 4527 3727 4580 το]

2199 4623 2458 4688 σκιώδους
2495 4623 2589 4676 καὶ
2623 4623 2856 4678 τυπικοῦ
2909 4625 3064 4694 ἕχον·
3103 4643 3120 4675 ι
3162 4627 3219 4676 ἐν
3266 4625 3541 4694 Πνεύματι
3576 4641 3594 4674 ι
3629 4619 3728 4690 γάρ.

2275 4740 2293 4772 ι
2333 4721 2443 4776 Καὶ
2475 4722 2527 4774 οί
2548 4721 2946 4792 ἀπεσταλμένοι
2992 4717 3132 4793 ἦσαν
3165 4725 3229 4775 ὲκ
3261 4723 3370 4775 τῶν
3429 4717 3724 4791 Φαρισαίων·

2197 4813 2288 4866 καὶ
2327 4811 2616 4883 ἠρώτησαν
2635 4811 2816 4878 αὑτὸν,
2841 4815 2935 4865 καὶ
2967 4809 3119 4866 εἷπον
3149 4813 3333 4884 αύτῷ·
3367 4813 3432 4865 Τί
3464 4809 3550 4863 οὖν
3581 4805 3730 4880 31mi-

2199 4904 2333 4969 ζεις,
2387 4906 2436 4957 εί
2488 4905 2551 4957 σὺ
2601 4906 2700 4957 ούκ
2733 4901 2783 4958 εί
2823 4906 2860 4958 ὁ.
2883 4905 3140 4976 Χριστὸς,
3172 4904 3295 4958 οὕτε
3345 4904 3551 4967 Ἠλίας,
3582 4898 3729 4954 οὔτεὸ

2202 4985 2525 5068 προφήτηςς
2569 5015 2586 5048 ι
2637 4997 2856 5068 Ἐπειδὴ
2902 4998 2992 5052 διά
3035 4995 3327 5060 κολακείας
3370 4997 3472 5049 οὐκ
3509 4993 3733 5064 ἠδύναντο

2205 5087 2368 5142 αὑτὸν
2404 5087 2544 5140 ἑλεῖν
2568 5129 2582 5152 ,
2623 5086 2711 5140 διὰ
2746 5087 3125 5160 σκληροτέρων
3160 5090 3252 5141 καὶ
3300 5080 3730 5156 ἐπιπληκτικωτέ·

2210 5199 2318 5252 ρων
2346 5181 2517 5249 λόγων
2552 5177 2874 5248 ὲκφοὸοὖσιν
2894 5196 2908 5210 ·
2940 5180 3028 5234 ἵνα
3065 5179 3192 5252 εῐπῃ
3223 5179 3252 5232 ὃ
3280 5177 3489 5251 ήθελον,
3519 5179 3602 5229 καὶ
3622 5174 3726 5241 ὁμου

2197 5272 2402 5346 λογήσῃ
2430 5272 2618 5327 ἑαυτὸν
2641 5271 2892 5342 Χριστὸν,
2933 5291 2951 5324 ι
2976 5271 3042 5325 Τί
3069 5266 3160 5326 οὖν
3195 5270 3476 5341 βαπτίζεις
3500 5286 3544 5333 ;›
3583 5265 3732 5330 λέγονο

534 5367 670 5432 Quid
697 5369 854 5436 igitur
885 5371 1122 5438 baptiZas
1150 5370 1435 5424 ?dicentes
1455 5386 1470 5434 ;
1493 5368 1624 5436 Quis
1666 5368 1756 5422 tibi
1791 5366 1929 5421 hanc
1953 5367 2094 5420 dedit

2197 5383 2288 5428 τες
2307 5382 2320 5395 ⁹
2349 5367 2429 5428 τίς
2461 5383 2541 5418 σοι
2572 5365 2841 5435 τοσαύτην
2870 5363 3118 5432 ἐξουσίαν
3152 5363 3381 5428 ἔδωκεν;
3419 5363 3573 5414 Ὅσον
3680 5355 3732 5404 ἐκ

537 5459 928 5514 autoritatettl?
961 5460 1274 5517 Ostenditur
1317 5473 1498 5516 autent
1560 5477 1626 5516 ex
1680 5461 1785 5516 hoc
1829 5471 2100 5521 sermone,

539 5549 661 5602 illos
689 5548 852 5602 alium
887 5559 1102 5616 putasse
1148 5565 1239 5606 ese
1267 5551 1572 5617 Christum,
1613 5560 1668 5606 et
1719 5549 1884 5604 alium
1920 5546 2095 5610 illum,

609 5732 657 5764 ιδ
682 5731 834 5788 Deut.
868 5745 1026 5799 xvttt,
1062 5731 1150 5785 18.

2200 5457 2292 5510 τοῦ
2321 5457 2480 5525 λόγου
2510 5456 2722 5521 τούτου,
2755 5458 3150 5525 δείκνυται,ὅτι
3173 5458 3330 5512 ἄλλον
3358 5452 3494 5508 εἶναι
3520 5448 3729 5520 ἐνόμιζον

2201 5549 2290 5602 τὸν
2327 5548 2580 5620 Χριστὸν,
2614 5550 2707 5603 καὶ
2744 5549 2904 5606 ἄλλον
2944 5549 3038 5604 τὸν
3081 5546 3525 5622 προσδοκώμενον
3553 5541 3727 5612 ﬁmi?
