3960 6454
196 455 335 519 i161

892 463 1341 526 ENARRATIO
1379 464 1461 524 IN
1501 459 2000 525 EVAKGELIUM
2037 456 2383 519 JOANN'iS.
2426 481 2493 493 -
2540 457 2700 518 CAP.
2736 456 2785 514 ῐ.

3305 443 3441 508 ῙῙῖθ

181 595 306 648 την.
341 578 576 648 Λέγουσι
605 580 747 652 γάρ’
788 600 805 633 ι
833 582 894 635 Ei
936 584 1008 636 σῦ
1034 584 1135 638 οὑκ
1162 578 1212 638 εἴ
1243 585 1272 637 6
1299 583 1553 653 Χριστὸς,
1588 579 1712 634 οὒτε
1742 581 1771 633 6

1883 576 1964 646 qui
2008 572 2446 642 exspecmbatur,
2496 575 2831 643 prophetam.
2866 570 3060 626 Dicunt
3087 568 3231 624 enim
3266 584 3281 622 :
3321 587 3341 621 ι
3381 568 3441 622 Si

189 675 512 743 προφήτην
545 692 564 726 ι
598 673 784 744 ἕτερον
805 675 1053 740 νοοῦντες
1088 678 1180 729 τὸν
1219 677 1455 747 Χριστὸν
1488 669 1647 735 εἶναι,
1678 674 1774 729 καὶ

187 762 349 817 ἀλλον
367 763 455 817 τὸν
475 766 778 835 προφήτην,
796 768 981 831 κακῶς
1006 769 1226 831 ειδότες.
1257 768 1317 820 ’0
1334 769 1442 837 γὰρ
1486 769 1774 838 προφήτης

189 854 350 917 αὑτός
376 856 520 909 ἐστιν
538 857 565 910 6
588 858 820 926 Χριστὸς
842 859 936 913 καὶ
953 860 1085 924 Θεὸς
1102 860 1277 931 ήμῶν.
1312 860 1494 915 Ταῦτα
1508 860 1564 914 δὲ
1595 861 1773 914 πάντα

191 948 399 1015 ἔλεγον,
427 948 500 1013 ὡς
525 948 680 1019 ἔφην,
712 950 788 1015 ὡς
811 952 875 1004 ἂν
907 954 1400 1022 καταναγκάσωσιν
1434 952 1771 1023 ὁμολογῆσαι

174 1039 388 1094 «ἑαυτὸν
417 1041 679 1111 Χριστόν·
696 1043 906 1111 μᾶλλον
925 1044 1002 1107 δὲ,
1020 1045 1070 1098 εί
1088 1045 1194 1115 χρὴ
1221 1044 1282 1098 τὸ
1313 1044 1673 1114 ἀληθέστερον
1695 1044 1781 1106 εῖτ

194 1128 423 1195 ἔτεῖν,ὼς
459 1129 841 1201 βασκαίνοντες
871 1134 1033 1188 αὑτοῦ
1060 1138 1158 1205 τῆς
1184 1133 1654 1207 δόξης,ὲρωτῶσιν
1670 1135 1771 1189 αὑ-

190 1222 308 1279 τόν.
344 1222 435 1276 Διὸ
466 1223 585 1276 οὐδὲ
604 1224 983 1292 πυνθάνονται,
1012 1226 1240 1290 είαύτός
1268 1229 1415 1281 ἐστιν
1448 1228 1477 1280 6
1510 1226 1769 1297 Χριστὸς,

191 1312 353 1378 saxa,
396 1333 416 1366 ι
449 1315 519 1371 Σὺ
552 1316 635 1380 τίς
686 1312 772 1383 ei;
801 1336 821 1371 ι
859 1317 1061 1372 ὡσανεὶ
1105 1318 1355 1388 λέγοντες
1378 1337 1392 1350 ο
1432 1319 1528 1383 Τίς
1567 1314 1622 1373 ei
1647 1320 1713 1373 σὺ
1742 1322 1772 1374 6

190 1406 498 1478 τηλικούτῳ
526 1408 672 1479 ἔργῳ
696 1411 1018 1481 ἐπιχειρῶν,
1040 1410 1118 1481 τῷ
1150 1412 1432 1481 βαπτίζειν
1455 1412 1551 1467 καὶ
1581 1411 1773 1467 καθαί-

194 1515 313 1570 ρειν
336 1501 460 1563 τοὺς
490 1500 1052 1572 ὲξομελογουμένουςς
1082 1507 1198 1558 Καὶ
1221 1505 1330 1575 γάρ
1367 1522 1456 1575 μοι
1487 1506 1772 1573 φαίνονται

191 1592 242 1643 ei
294 1593 535 1646 Ἰουδαῖοι
566 1593 810 1658 θέλοντες
853 1596 989 1665 μηδὲ
1013 1596 1107 1649 τὸν
1136 1596 1390 1666 Ἰωάννην
1427 1596 1576 1661 δόξαι
1617 1596 1774 1667 παρὰ

194 1686 310 1747 τοῖς
343 1685 555 1749 πολλοῖς
587 1687 844 1757 Χριστὸν,
880 1688 997 1742 ἀλλ’
1032 1689 1142 1742 ἀπὸ
1192 1690 1385 1759 φθόνου
1433 1692 1526 1744 καὶ
1562 1690 1773 1761 βασκα-

195 1776 320 1839 νίας
348 1778 565 1849 ἐρωτᾷν
616 1779 807 1834 αὐτόν·
852 1799 872 1832 ι
905 1781 977 1834 Σὺ
1021 1781 1106 1844 τίς
1136 1777 1221 1848 εἷς
1248 1802 1266 1834 ι
1312 1783 1773 1853 Καταρατὼτατοι

192 1868 399 1933 τοίνυν,
426 1871 475 1924 οἱ
503 1871 832 1941 βαπτίζοντα
862 1874 1249 1945 ὑποδεχόμενοι
1268 1916 1283 1938 ,
1318 1877 1483 1945 μεθ’δ
1501 1877 1558 1930 δὲ
1585 1876 1774 1945 βαπτι-

195 1957 422 2022 σθῶσιν,
451 1963 911 2032 ἀγνωμονοῦντες,
945 1965 1115 2029 ὅντως
1143 1964 1453 2037 γεννήματα
1482 1967 1704 2037 ἐχιδνῶν
1721 1970 1771 2023 ei

206 2047 476 2104 Ἰουδαῖοι.

275 2158 295 2191 ι
331 2142 629 2215 ’Λπεκρίθη
663 2145 896 2209 αὑτοῖςό
944 2147 1197 2218 Ἰωάννης
1244 2148 1455 2216 λέγων⁸
1502 2148 1649 2219 Ἐγὼ
1672 2149 1771 2220 βα-

194 2232 375 2297 πτίζω
406 2235 464 2288 ἂν
506 2234 687 2289 ῦδατιο
726 2237 891 2306 μέσος
933 2238 989 2292 δὲ
1024 2238 1178 2305 ὑμῶν
1212 2240 1476 2311 ἕστηκεν,
1526 2239 1585 2294 ὃν
1613 2242 1772 2312 ὑμεῖς

193 2325 297 2383 οὐκ
322 2327 529 2382 οἴδατε»
560 2330 723 2393 αὐτός
771 2329 921 2384 ἑστιν
948 2334 977 2385 6
1006 2332 1181 2387 ὀπίσω
1213 2350 1316 2401 μου
1360 2334 1674 2405 ἐρχόμενος,
1713 2333 1775 2399 ὃς

194 2416 507 2488 ἔμπροσθέν
561 2437 665 2491 μου
692 2423 938 2491 γέγονεν,
962 2418 1023 2478 οῦ
1060 2425 1161 2477 οὐκ
1183 2426 1299 2497 είμὶ
1325 2425 1492 2491 ἄξιος,
1520 2426 1606 2481 ἵνα
1627 2425 1774 2480 λύσω

196 2510 365 2564 αὑτοῦ
388 2512 480 2566 τὶν
505 2513 706 2583 ἱμάντα
727 2513 822 2569 τοῦ
850 2515 1246 2587 ὑποδήματος.»
1274 2518 1381 2572 Ἴδε
1403 2518 1499 2572 καὶ
1524 2517 1621 2589 τὴν
1641 2532 1775 2589 πρα-

194 2600 365 2672 ότητα
397 2603 491 2656 τοῦ
524 2605 698 2674 ἁγίου,
724 2610 821 2662 καὶ
838 2608 936 2678 τὴν
960 2608 1250 2681 ἀλήθειαν*
1277 2609 1376 2680 τὴν
1418 2611 1535 2680 μὲν,
1563 2611 1646 2664 ὅτι
1676 2610 1773 2663 οὑ-

195 2692 286 2747 δὲν
310 2694 447 2766 πρὸς
468 2697 665 2760 αὐτοὺς
684 2700 859 2769 τραχὺ
880 2698 1201 2768 φθέγγεται,
1227 2700 1404 2755 καίτοι
1426 2702 1775 2772 ἐπηρεαστάς

195 2785 386 2849 δνταςο
420 2787 523 2857 τὴν
566 2788 625 2842 δὲ
650 2788 931 2860 ἀλήθειαν,
973 2792 1057 2846 ὅτι
1114 2793 1331 2864 μάρτυς
1376 2795 1492 2847 ἐστὶ
1548 2794 1649 2863 τῆς
1677 2795 1772 2847 τοῦ

195 2874 437 2945 Χριστοῦ
464 2878 619 2949 δόξης
646 2881 1154 2954 εύπαρῤησίαστος·
1180 2887 1277 2940 καὶ
1291 2885 1392 2939 οὑκ
1424 2886 1776 2956 ἀποκρύπτε-

194 2982 285 3023 ται
315 2966 416 3037 τὴν
466 2967 624 3034 δόξαν
670 2970 766 3024 τοῦ
816 2972 1059 3043 Κυρίου,
1103 2974 1280 3044 ἑαυτῷ
1319 2974 1775 3046 περιποιούμενος

197 3056 470 3124 εὔκλειαν,
502 3061 619 3115 ἀλλ’
654 3064 930 3134 ὁμολογεῖ,
963 3065 1046 3119 ὅτι
1074 3065 1218 3135 Ἐγὼ
1260 3066 1358 3138 μὲν
1402 3068 1653 3137 βαπτίζω
1680 3068 1773 3122 εὑ-

194 3151 351 3214 τελὲς
381 3152 704 3225 βάπτισμα·
750 3159 809 3210 ὲν
863 3156 1015 3211 ὕδατι
1064 3159 1172 3230 γὰρ
1227 3161 1391 3230 μόνῳ,
1434 3161 1536 3215 οὑκ
1579 3161 1775 3231 ἄφεσιν

1877 683 1933 726 ιιι
1967 686 2071 725 non
2113 685 2173 725 es
2198 669 2477 733 Christus,
2511 683 2687 739 neque
2732 668 2993 738 propheta
3030 665 3121 720 ille
3162 684 3178 721 :
3223 682 3243 716 ι
3280 663 3442 716 aiitlttt

1874 763 2242 833 inteiiigeutes
2268 761 2567 825 Christum,
2602 770 2657 815 et
2686 759 2849 813 alium
2896 758 3213 829 prophetam
3270 755 3442 818 ilium,

1876 853 2017 908 male
2058 853 2377 908 sentientes.
2400 850 2535 906 Nam
2576 851 2836 918 propheta
2880 848 2986 914 ille,
3021 848 3138 918 ipse
3174 857 3258 902 est
3278 845 3445 900 Chri-

1875 955 1991 999 stus
2014 954 2070 998 et
2112 943 2251 997 Deus
2282 951 2483 997 uoster.
2519 940 2680 1012 522
2722 937 2846 994 Haec
2878 947 3057 993 autem
3088 937 3265 991 omnia
3294 936 3445 990 dice-

1875 1037 2026 1102 bant,
2060 1039 2201 1092 sicut
2251 1037 2382 1101 dixi,
2432 1044 2491 1091 ut
2520 1042 2777 1104 urgerent
2819 1048 2943 1086 eum
2981 1031 3122 1100 quod
3156 1027 3445 1085 conﬁtere-

1876 1142 1964 1186 tur
1995 1146 2055 1186 se
2088 1146 2210 1186 esse
2247 1130 2546 1185 Christum.
2597 1128 2710 1182 imo
2751 1126 2798 1181 si
2828 1125 3046 1180 veriora
3088 1124 3268 1178 dicere
3298 1122 3443 1186 licet,

1874 1225 2360 1295 quasiinvideutes
2387 1223 2503 1294 ejus
2538 1224 2741 1295 gloriae,
2774 1235 2896 1275 eum
2924 1217 3287 1288 interrogant.
3323 1215 3447 1269 ideo

1877 1333 1982 1373 non
2012 1327 2261 1387 quaerunt
2288 1333 2412 1371 num
2440 1317 2553 1387 ipse
2582 1316 2654 1371 sit
2679 1314 2956 1375 Christus,
2985 1312 3078 1367 sed
3110 1328 3123 1363 :
3158 1329 3176 1362 ι
3214 1308 3293 1364 Τιι
3326 1310 3448 1377 quis

1873 1411 1975 1468 es?
2003 1429 2022 1464 ι
2044 1410 2195 1481 quasi
2232 1409 2489 1473 dicentes,
2519 1406 2652 1475 Quis
2668 1422 2727 1464 es
2747 1417 2826 1471 tu,
2852 1405 2941 1475 qui
2976 1402 3082 1459 tale
3112 1417 3247 1473 opus
3273 1408 3450 1456 atten-

1876 1511 1981 1567 tas,
2034 1502 2319 1569 baptizans
2363 1510 2419 1555 et
2472 1498 2767 1567 puriﬁcans
2817 1497 3187 1553 conﬁtentes?
3235 1495 3447 1548 Etenim

1875 1610 2048 1665 neque
2075 1593 2336 1650 Joannem
2368 1594 2511 1662 apud
2539 1593 2735 1648 mullos
2769 1591 3097 1662 proCbristo
3128 1587 3321 1643 baberi
3347 1586 3446 1641 Ju-

1874 1684 1977 1740 dmi
2024 1685 2157 1740 mihi
2204 1684 2339 1739 velle
2390 1684 2663 1749 videntur,
2704 1684 2798 1738 sed
2830 1698 2897 1737 ex
2942 1681 3111 1735 livore
3144 1690 3199 1734 et
3246 1678 3448 1733 invidia

1876 1778 2216 1847 interrogare
2265 1792 2413 1841 eum,
2460 1794 2479 1827 ι
2535 1774 2615 1830 Tu
2641 1775 2763 1845 quis
2811 1774 2914 1830 es?
2959 1793 2977 1827 ι
3011 1772 3243 1827 Maxime
3286 1771 3449 1843 igitur

1877 1870 2146 1925 maledicti
2178 1866 2369 1935 Judaei,
2414 1876 2470 1923 et
2516 1883 2640 1922 vere
2668 1867 2950 1936 progenies
2987 1867 3312 1935 viperarum,
3345 1863 3436 1933 qui

1878 1960 2134 2017 Joannem
2154 1964 2371 2034 quidem
2392 1962 2754 2033 baptizantem
2781 1969 3106 2029 acceperunt
3127 1978 3141 2015 :
3167 1967 3449 2029 postquam

1881 2066 2059 2109 autem
2082 2054 2334 2123 haptizati
2359 2064 2506 2115 sunt,
2543 2048 2752 2125 ingrati
2768 2054 3007 2109 fuerunt.

1954 2145 2113 2201 Vsus.
2142 2146 2254 2212 '26,
2277 2146 2368 2199 ‘21.
2408 2163 2426 2193 ι
2472 2143 2771 2215 Respondit
2809 2143 2887 2198 eis
2916 2141 3174 2209 Joannes,
3206 2141 3396 2199 dicens
3432 2155 3449 2197 :

1881 2234 1994 2305 Ego
2038 2236 2249 2303 b:tptizo
2298 2236 2353 2289 in
2402 2249 2589 2303 aqua:
2631 2235 2725 2289 sed
2774 2233 2982 2289 medius
3040 2245 3277 2289 vestrum
3320 2240 3447 2295 stat,

1881 2341 2043 2394 quem
2084 2340 2181 2381 vos
2211 2326 2426 2381 nescitis
2472 2344 2484 2381 :
2525 2326 2641 2395 ipse
2669 2334 2751 2381 est
2795 2326 2883 2396 qui
2917 2336 3038 2394 post
3074 2339 3163 2379 me
3190 2333 3452 2379 venturus

1879 2431 1986 2483 est,
2030 2419 2120 2488 qui
2161 2427 2284 2473 ante
2333 2433 2417 2473 me
2463 2417 2639 2475 iactus
2688 2427 2793 2482 est,
2825 2416 2982 2487 cujus
3028 2432 3128 2485 ego
3175 2432 3280 2471 non
3330 2432 3450 2471 sum

1882 2511 2076 2581 dignus
2135 2519 2194 2564 ut
2242 2509 2444 2565 solvam
2494 2510 2613 2581 ejus
2656 2510 2944 2580 corrigiam
2996 2509 3366 2565 calceamenti.
3427 2526 3446 2560 ι

1882 2598 2021 2654 Vide
2061 2609 2116 2654 et
2150 2601 2615 2654 mansuetudinem
2664 2610 2719 2653 et
2756 2598 3038 2653 veritatem
3074 2599 3270 2654 sancti.
3299 2598 3451 2653 Man-

1882 2692 2221 2747 suetudinem
2252 2691 2493 2761 quidem,
2520 2705 2586 2745 eo
2610 2692 2753 2761 quod
2789 2691 2924 2745 nihil
2954 2706 3204 2759 asperum
3253 2692 3318 2744 ad
3359 2706 3454 2745 eos

1882 2784 2137 2852 loquitur,
2152 2783 2398 2852 quamvis
2416 2782 2702 2838 insolentes
2726 2791 2926 2838 essent.
2938 2780 3224 2838 Veritatem
3250 2795 3453 2851 autem,

1881 2877 2008 2945 quia
2056 2875 2367 2932 liberrimas
2420 2876 2573 2931 testis
2619 2884 2739 2931 erat
2783 2875 2969 2946 gloriae
3005 2875 3231 2936 Christi,
3277 2891 3455 2947 neque

1884 2965 2094 3020 Domini
2135 2966 2361 3037 gloriam
2395 2966 2729 3031 occultabat,
2760 2975 2819 3023 ut
2850 2966 2954 3022 sibi
2990 2967 3324 3022 nobilitatem
3355 2983 3451 3037 pa-

1884 3069 2047 3121 reret.
2112 3061 2207 3114 sed
2240 3059 2600 3114 conﬁtebatur
2634 3060 2788 3130 :Ego
2833 3058 3047 3128 quidem
3087 3059 3299 3128 baptizo
3353 3061 3453 3114 im-

1883 3148 2124 3219 perfecto
2153 3150 2420 3220 baptismo
2455 3166 2469 3203 :
2507 3164 2631 3204 nam
2667 3150 2719 3205 in
2757 3150 2870 3206 sola
2896 3167 3055 3222 aqua,
3087 3168 3191 3207 non
3227 3154 3456 3208 habente

196 3244 485 3317 ἁμαρτιῶν
536 3248 735 3317 ἔχοντι,
787 3248 922 3304 ἀλλὰ
975 3254 1557 3322 προπαρασκευάζοντι
1595 3257 1673 3318 είς
1715 3256 1775 3308 τὸ

1885 3255 2225 3312 peccatorum
2262 3242 2655 3307 remissionem,
2689 3246 2782 3299 sed
2812 3257 3153 3315 praeparante
3191 3246 3257 3300 ad
3285 3238 3457 3300 suscié

190 3335 451 3402 δέξασθαι
482 3341 540 3395 τὸ
575 3344 946 3412 πνευματικὸν
996 3346 1304 3417 βάπτισμα,
1351 3348 1412 3401 τὸ
1453 3347 1552 3418 τὴν
1586 3348 1780 3417 ἄφεσιν

189 3428 306 3482 τῶν
337 3429 624 3500 ἁμαρτιῶν
663 3433 1033 3506 δωρούμενον.
1072 3457 1091 3490 ι
1123 3438 1305 3502 Μίσος
1338 3439 1397 3492 δὲ
1430 3440 1584 3509 ὑμῶν
1614 3439 1779 3512 ἕστη-

193 3538 317 3583 κεν,
344 3521 403 3575 ὃν
449 3524 608 3594 ὑμεῖς
632 3527 731 3591 οὐκ
758 3527 935 3581 οἴδατε
954 3544 966 3558 ·
1003 3549 1022 3581 ι
1079 3530 1538 3600 ἀναμεμιγμένος
1565 3530 1672 3601 γάρ
1702 3532 1781 3602 τῷ

195 3615 399 3685 πλήθει
424 3617 452 3669 6
480 3616 705 3685 Κύριος,
730 3620 981 3687 ἠγνοεῖτο
994 3620 1078 3685 τίς
1097 3621 1186 3692 είη
1234 3623 1328 3676 καὶ
1347 3623 1533 3677 πόθεν.
1558 3624 1710 3694 Τάχα
1732 3625 1779 3680 δ’

190 3704 263 3759 ἄν
290 3722 375 3769 τις
404 3707 567 3769 εῖποι,
593 3711 676 3763 δτι
705 3711 800 3764 καὶ
824 3710 945 3764 κατ’
973 3710 1133 3767 ἄλλον
1160 3712 1362 3785 τρόπον
1394 3714 1555 3783 μέσος
1589 3716 1781 3768 ἵστατο

190 3798 307 3857 τῶν
329 3800 641 3872 Φαρισαίων
685 3805 715 3856 6
745 3803 968 3873 Κύριος,
997 3804 1113 3857 ἀλλ’
1144 3805 1373 3875 ἠγνόουν
1407 3806 1592 3860 αὐτόν.
1628 3805 1782 3861 Ἐπεὶ

190 3891 308 3963 γὰρ
328 3894 483 3947 αὐτοὶ
511 3895 607 3959 τὰς
636 3895 862 3966 Γραφὰς
893 3898 1110 3950 ἐδόκουν
1130 3898 1451 3969 ἐκμελετᾷν,
1484 3900 1541 3952 ὲν
1560 3899 1615 3951 δὲ
1648 3899 1782 3952 ταύ-

189 4001 320 4047 ταις
351 3988 758 4056 κατηγγέλλετο
783 3991 811 4041 ό
856 3989 1081 4059 Κύριος,
1128 3990 1293 4061 μέσος
1322 3992 1502 4045 αὐτῶν
1541 3987 1632 4061 ἦν,
1659 4010 1782 4047 του-

190 4078 404 4139 τέστιν,
429 4079 487 4132 ὲν
513 4083 634 4143 ταῖς
668 4081 920 4151 καρδίαις
963 4083 1166 4149 αὐτῶν,
1190 4083 1304 4137 ἀλλ’
1338 4084 1568 4153 ἠγνόουν
1597 4085 1778 4147 αὑτὸν.

190 4164 287 4221 οἷα
311 4169 386 4239 μὴ
409 4169 660 4235 νοοῦντες
691 4172 789 4235 τὰς
816 4174 1066 4243 Γραφὰς,
1088 4176 1138 4228 εί
1171 4174 1268 4229 καὶ
1293 4178 1350 4229 ὲν
1382 4176 1500 4238 ταῖς
1532 4175 1783 4246 καρδίαις

1882 3337 2137 3406 piendum
2186 3336 2468 3405 spirituale
2517 3336 2782 3405 baptisma
2809 3375 2824 3402 ,
2865 3337 3010 3407 quod
3049 3338 3211 3394 donat
3251 3341 3414 3396 remis

1881 3429 2090 3484 sionem
2133 3439 2501 3499 peccatorum.
2543 3448 2561 3481 ι
2595 3428 2804 3485 Medius
2830 3439 3010 3485 autem
3050 3440 3292 3485 vestrum
3323 3442 3451 3497 stat,

1882 3538 2042 3591 quem
2077 3538 2172 3578 vos
2217 3521 2459 3578 nescitis.
2499 3540 2520 3575 ι
2559 3521 2697 3577 Nam
2732 3521 2995 3578 Dominus
3038 3522 3364 3577 multitudini
3398 3540 3457 3578 se

1886 3616 2199 3680 miscuerat,
2225 3624 2281 3671 et
2316 3614 2668 3685 ignorabatur
2694 3616 2817 3685 quis
2846 3625 2989 3671 esset
3046 3626 3101 3671 et
3130 3618 3293 3673 unde.
3324 3616 3456 3670 For-

1885 3708 2050 3763 tassis
2096 3718 2275 3762 autem
2310 3708 2577 3777 quispiam
2622 3707 2819 3762 dixerit
2863 3708 3007 3777 quod
3053 3715 3107 3762 et
3148 3708 3252 3762 alio
3296 3709 3455 3762 modo

1886 3801 2096 3855 medius
2126 3800 2338 3855 steterit
2367 3802 2508 3853 inter
2539 3800 2841 3855 Pharisaaos
2870 3800 3151 3867 Dominus,
3184 3802 3277 3857 sed
3312 3801 3455 3871 igno-

1886 3896 2056 3947 rarint
2094 3909 2243 3948 eum.
2282 3893 2417 3960 Quia
2451 3893 2594 3947 enim
2628 3894 2950 3949 videbantur
2997 3893 3308 3963 Scripturas
3339 3894 3454 3949 edi.

1881 3985 2099 4049 dieiSse,
2134 3984 2735 4054 quilms'anuuntiatus
2780 3983 2883 4038 iuit
2933 3982 3213 4051 Dominus,
3247 3985 3455 4039 medius

1884 4076 1984 4130 fuit
2030 4079 2175 4132 inter
2216 4091 2332 4143 eos,
2384 4078 2488 4131 hoc
2537 4087 2653 4143 est,
2687 4078 2738 4131 in
2781 4077 3040 4133 cordibus
3073 4092 3259 4132 eorum
3310 4094 3323 4131 :
3359 4078 3454 4132 sed

1884 4171 2201 4238 ignorabant
2228 4185 2375 4235 eum,
2403 4182 2656 4239 tanquam
2689 4184 2797 4224 non
2820 4169 3180 4238 intelligentes
3207 4170 3456 4239 Scriptu-

190 4261 404 4321 ταύτας
435 4258 602 4331 εἶχον.
648 4266 738 4334 Μή
781 4281 914 4318 ποτε
965 4266 1022 4320 δὲ
1061 4267 1156 4320 καὶ
1189 4266 1324 4320 καθὸ
1377 4267 1607 4337 μεσίτης
1644 4265 1777 4319 Θεοῦ

1886 4275 2015 4321 ras,
2068 4261 2318 4329 quamvis
2371 4262 2624 4317 cordibus
2679 4262 2796 4317 illas
2856 4270 3126 4317 tenerent.
3182 4261 3456 4317 Fortassis

191 4355 294 4406 καὶ
324 4353 632 4425 ἀνθρώπων
659 4352 749 4428 ’ἦν
778 4359 806 4410 6
830 4357 1058 4429 Κύριος,
1104 4359 1271 4428 μέσος
1308 4358 1501 4412 ἵστατο
1533 4358 1644 4411 τῶν
1669 4359 1777 4410 Φα-

1883 4360 2063 4407 autem
2092 4363 2148 4407 et
2177 4354 2472 4409 secundum
2501 4354 2642 4424 quod
2675 4355 2940 4411 mediator
2972 4353 3065 4409 Dei
3095 4364 3151 4410 et
3179 4356 3454 4410 hominum

192 4446 448 4516 ρισαίων,
480 4448 928 4514 ἀποκαταλλάξαι
958 4451 1130 4503 θέλων
1161 4452 1355 4514 αὐτοὺς
1385 4451 1462 4521 τῷ
1482 4450 1630 4519 Θεῷ,
1665 4449 1777 4503 anu

1887 4444 1986 4498 iuit
2032 4446 2314 4507 Dominus,
2351 4448 2559 4503 medius
2591 4450 2739 4503 stetit
2784 4448 2926 4503 inter
2956 4447 3293 4515 Pharisazos,
3329 4465 3459 4505 con-

188 4534 429 4604 ἠγνόουν
477 4537 663 4591 αὐτόν.
714 4538 963 4608 Συνεχῶς
1012 4539 1072 4592 δὲ
1102 4539 1284 4610 τίθησι
1310 4540 1406 4592 τό*
1448 4559 1466 4591 ι
1521 4540 1577 4592 'U
1604 4540 1777 4594 ὀπίσω

1886 4537 2076 4591 ciiiare
2116 4537 2238 4593 illos
2262 4539 2450 4593 volens
2490 4540 2619 4604 Deo,
2654 4540 2746 4593 sed
2781 4540 3101 4611 ignorabant
3126 4557 3270 4595 cum.
3312 4540 3457 4596 Cen-

193 4642 304 4696 μου
326 4626 624 4697 ἐρχόμενος
642 4647 688 4681 οι
709 4630 1089 4695 δεικνύων,ὅτι
1115 4633 1175 4686 οὐ
1202 4632 1548 4687 τελειωτικόν
1573 4636 1691 4687 ἐστι
1718 4634 1777 4687 τὸ

1888 4628 2038 4683 tiuue
2088 4637 2268 4683 autem
2323 4632 2472 4699 ponit
2522 4630 2656 4688 ltOc:
2710 4649 2728 4682 ι
2768 4632 2868 4696 Qui
2910 4641 3031 4701 post
3077 4648 3161 4687 nte
3198 4641 3457 4687 Venturos

189 4719 363 4775 αὑτοῦ
402 4719 707 4792 βάπτισμα,
726 4721 866 4776 ἀλλά
895 4723 1382 4795 προοδοποιητικὸν
1410 4724 1505 4779 τοῦ
1534 4741 1783 4794 πνευμα-

189 4812 351 4866 τικοῦ
377 4813 778 4884 βαπτίσματος.
810 4815 885 4868 Τὸ
919 4815 995 4882 δὲ,
1036 4835 1057 4869 ι
1095 4815 1449 4888 Ἐμπροσθέν
1488 4833 1591 4887 μου
1618 4818 1782 4886 γέγο-

192 4922 311 4969 νεν,
343 4923 364 4958 ι
395 4905 520 4960 ἀντὶ
541 4906 655 4967 τοῦ,
682 4907 1052 4980 ἐντιμότερος,
1074 4907 1440 4980 ἔνδοξότερος,
1469 4912 1565 4966 καὶ
1589 4909 1782 4964 τοσοῦ·-

188 5014 314 5061 τον,
349 4995 493 5051 ὥστε
527 4999 648 5053 οὐδὲ
682 4999 741 5052 ὲν
789 5003 902 5063 τοῖς
935 5001 1185 5071 ἐσχάτοις
1235 5002 1343 5056 τῶν
1376 5005 1546 5061 αὑτοῦ
1581 5007 1784 5062 δούλων

193 5090 662 5163 καταριθμεῖσθαί
697 5109 765 5162 με
791 5110 805 5124 ·
855 5092 917 5146 τὸ
946 5093 1056 5163 γὰρ
1097 5093 1249 5149 λύειν
1278 5095 1343 5149 τδ
1377 5098 1637 5171 ὑπόδημα
1682 5100 1784 5169 τῆς

192 5188 437 5259 ἑσχάτης
461 5187 735 5253 διακονίας
758 5190 925 5244 ἐστίν.
949 5184 1079 5243 Οἶδα
1097 5190 1154 5244 δὲ
1178 5192 1330 5261 παρά
1346 5209 1454 5246 τινι
1478 5194 1586 5247 τῶν
1611 5194 1783 5261 άγίων

191 5285 458 5352 τοιαύτην
492 5285 762 5353 ἀναγνοὺς
789 5284 1084 5356 ὲξήγησινο
1118 5285 1193 5339 Τὸ
1228 5286 1483 5355 ὑπόδημα
1567 5289 1649 5350 είς
1680 5286 1781 5358 τὴν

191 5378 311 5432 τῶν
342 5378 686 5449 ἁμαρτωλῶν
715 5380 914 5450 σάρκα,
951 5380 1051 5434 καὶ
1079 5382 1145 5451 τῇ
1179 5380 1356 5452 φθορᾷ
1386 5381 1778 5453 ὑποκειμένην,

193 5471 541 5540 λαμὸάνεται
572 5470 883 5543 πανταχοῦ·
936 5473 966 5526 6
1005 5473 1061 5527 δὲ
1089 5474 1240 5541 ἱμάς,
1276 5474 1441 5544 ἧτοιό
1468 5473 1662 5545 λῶρος.
1699 5476 1780 5537 είς

192 5565 293 5617 τὸν
340 5564 541 5631 δεσμὸν
585 5564 693 5618 τῶν
732 5564 1042 5636 ἁμαρτιῶν.
1090 5566 1149 5619 Ὀ
1179 5568 1357 5620 τοίνυν
1422 5566 1674 5637 Ἰωάννης
1719 5568 1778 5621 ὲν

200 5658 305 5725 μὲν
335 5657 449 5718 τοῖς
476 5654 679 5721 ἄλλοις,
702 5657 815 5719 τοῖς
846 5657 1306 5727 ἐκπορευομένοις
1334 5657 1469 5727 πρὸς
1501 5658 1663 5711 αὑτὸν
1687 5659 1782 5711 καὶ

197 5745 744 5815 ἐξομολογουμένοις,
780 5747 932 5819 ἴσχυε
957 5746 1107 5801 λύειν
1127 5747 1217 5801 τὸν
1246 5749 1446 5819 ἱμάντα
1468 5748 1576 5803 τῶν
1603 5750 1781 5818 ἁμαρ·

199 5839 361 5891 mw
408 5840 619 5908 σειραῖς
644 5840 752 5912 γάρ
774 5840 883 5894 τῶν
907 5838 1126 5894 οίκείων
1158 5840 1442 5910 ἁμαρτιῶν
1478 5842 1782 5911 σφιγγόμε-

210 5948 289 5985 κδι
315 5929 611 6001 ἐξήρχοντο
644 5933 778 6003 πῇς
803 5932 984 5987 αὐτόν’
1010 5932 1114 5986 καὶ
1131 5931 1220 5986 διὰ
1257 5930 1349 5984 τοῦ
1376 5931 1451 5995 είς
1492 5932 1780 6003 μετάνοιαν

1887 4731 2016 4777 est:
2064 4741 2083 4774 ι
2120 4725 2414 4777 ostendens
2459 4725 2598 4791 quod
2631 4738 2803 4792 neque
2843 4726 3140 4795 perfectum
3192 4742 3348 4781 suum
3386 4727 3459 4782 sit

1889 4817 2172 4885 baptisma,
2217 4815 2311 4871 sed
2361 4825 2565 4870 tanttun
2615 4819 2871 4887 praevium
2921 4820 2987 4873 ad
3038 4821 3319 4889 spirituale
3368 4822 3459 4875 ba-

1887 4912 2105 4982 ptisma.
2144 4927 2167 4962 ι
2201 4911 2340 4965 Ante
2369 4927 2452 4963 me
2484 4910 2659 4965 iactus
2700 4920 2805 4974 est,
2844 4928 2862 4962 ι
2900 4910 3001 4965 hoc
3031 4922 3133 4977 est,
3166 4914 3378 4985 dignior
3404 4922 3460 4968 et

1887 5003 2193 5072 gloriosior,
2243 5001 2299 5056 in
2342 5011 2547 5056 tantum
2586 5013 2642 5056 ut
2670 5018 2771 5072 ego
2800 5017 2883 5056 me
2925 5018 3030 5057 non
3064 5005 3233 5059 ausim
3274 5022 3459 5059 nume-

1887 5110 2010 5149 rare
2044 5093 2126 5147 vel
2175 5094 2228 5148 in
2263 5094 2467 5149 ultimis
2507 5095 2623 5165 ejus
2655 5096 2848 5151 servis.
2898 5095 3121 5153 Solvere
3148 5097 3292 5151 enim
3331 5100 3458 5152 cal-

1883 5204 2039 5244 ceum
2099 5188 2330 5244 extremi
2360 5190 2647 5244 ministerii
2687 5197 2792 5245 est.
2826 5188 2951 5243 Scio
2981 5198 3159 5245 autem
3196 5206 3281 5245 me
3317 5190 3457 5261 apud

1886 5293 2202 5340 sanctorum
2250 5285 2536 5354 quemdam
2592 5284 2756 5338 etiam
2804 5284 2946 5337 banc
3002 5284 3195 5353 legisse
3242 5287 3458 5354 exposi-

1890 5376 2088 5430 tionem
2140 5394 2152 5429 :
2189 5375 2419 5432 Calceus
2466 5391 2679 5444 semper
2723 5376 2957 5432 sumitur
3004 5376 3070 5431 ad
3107 5380 3456 5446 peccatricem

1888 5482 2134 5531 carnem,
2174 5476 2231 5521 et
2277 5468 2613 5536 corruptioni
2658 5467 2929 5522 subditam
2967 5486 2981 5524 :
3014 5471 3243 5540 corrigia
3279 5480 3456 5524 autem

1888 5570 1947 5615 nt
1992 5560 2267 5616 vinculum
2322 5571 2691 5630 peccatorum.
2750 5561 2917 5630 igitur
2963 5560 3199 5617 Joannes
3241 5561 3292 5616 in
3337 5563 3459 5616 aliis

1886 5654 2106 5720 quidem
2139 5655 2229 5723 qui
2273 5655 2340 5707 ad
2385 5668 2443 5709 se
2474 5654 2891 5724 egrediebantur
2947 5666 3001 5709 et
3035 5657 3455 5718 conﬁtebantur,

1888 5755 2102 5816 poterat
2170 5746 2381 5803 solvere
2439 5747 2728 5816 corrigiam
2792 5757 3161 5818 peccatorum.
3219 5744 3457 5801 Vincolis
3568 5782 3571 5785 -

1887 5838 2034 5892 enim
2066 5854 2282 5893 suorum
2316 5851 2657 5908 peccatorum
2685 5841 2963 5895 constricti
2998 5840 3064 5895 ad
3095 5840 3270 5908 ipsum
3304 5854 3460 5910 egre.

1888 5936 2196 5992 diebantur.
2245 5932 2306 5989 Et
2339 5949 2433 6005 per
2477 5935 2577 5990 hoc
2606 5935 2745 6005 quod
2793 5932 3018 5990 vocabat
3067 5930 3227 6004 523
3272 5949 3365 5991 eos
3396 5935 3460 5989 ad

2480 6024 2501 6048 Χ
