3920 6588
518 506 650 572 1171

1361 499 1936 564 THEOPHYLACTI
1976 502 2380 564 BULGARl/E
2418 506 2765 568 ARCHIEP.

3626 511 3746 575 1172

517 618 906 693 paenitentiam,
946 613 1089 672 viam
1122 616 1446 686 praeparavit
1486 615 1567 670 eis
1607 616 1674 668 ad
1710 614 1811 669 hoc
1858 623 1920 669 ut
1965 629 2083 684 per-

2189 616 2387 678 αὐτοὺς
2419 618 2780 687 παρακαλεῖν,
2839 618 3196 689 προωδοποίει
3234 620 3423 685 αὐτοῖς
3450 622 3535 684 είς
3574 623 3635 675 τὸ
3665 626 3747 677 καὶ

515 715 655 769 l‘ecte
677 708 967 780 corrigiam
1020 704 1166 762 illam
1197 715 1254 761 et
1281 705 1709 760 calceamentum
1750 704 1955 774 peccati
1984 704 2085 759 ab-

511 802 704 874 jiciant
735 816 749 854 :
780 800 830 855 in
863 796 1084 853 Christo
1113 804 1293 852 autem
1324 810 1430 850 non
1458 795 1741 853 inveniens
1770 794 2085 863 corrigiam,

517 897 618 948 hoc
661 899 747 948 est
779 888 1050 946 vinculum
1091 887 1318 958 peccati,
1351 887 1543 940 merito
1576 899 1748 952 neque
1778 884 1960 950 solvit,
1988 899 2084 938 ne-

513 1000 618 1055 que
646 983 856 1039 solvere
886 980 1083 1052 potuit.
1113 978 1395 1046 Quomodo
1419 977 1561 1033 enim
1592 976 1864 1041 solvisset,
1892 977 1945 1031 in
1976 990 2083 1046 quo

515 1091 621 1131 non
649 1075 957 1131 inveniebat
984 1075 1009 1129 Ἰ
1044 1091 1063 1127 ι
1100 1071 1391 1128 Peccatum
1417 1069 1565 1127 enim
1596 1084 1701 1125 non
1734 1066 1882 1135 fecit,
1911 1082 2085 1139 neque

514 1169 766 1224 inventus
797 1177 881 1223 est
915 1166 1068 1222 dolus
1098 1165 1152 1221 in
1194 1177 1290 1219 ore
1330 1163 1448 1232 ejus
1479 1161 1548 1215 ⁸⁵.
1589 1178 1607 1212 ι
1648 1161 2083 1216 Calceamentum

513 1268 692 1315 autem
740 1266 829 1316 est
849 1258 1113 1315 adventus
1138 1254 1350 1312 Domini
1377 1254 1444 1308 ad
1469 1266 1567 1307 nos
1595 1268 1610 1307 :
1642 1252 1872 1322 corrigia
1902 1260 2082 1307 autem

511 1351 652 1421 ejus,
677 1351 868 1406 modus
894 1346 1312 1411 incarnationis.
1344 1360 1452 1416 quo
1486 1345 1723 1401 Verbum
1749 1343 1841 1399 Dei
1871 1342 2080 1398 unitum

512 1450 570 1497 et
616 1441 1019 1512 quodammodo
1042 1438 1350 1509 colligatum
1378 1436 1616 1507 corpori.
1687 1433 1886 1505 Utique
1937 1435 2083 1497 hunc

515 1533 714 1592 nodum
757 1531 970 1589 solvere
1018 1529 1350 1601 impossibile
1392 1539 1494 1585 est.
1530 1527 1663 1601 Quis
1711 1527 1858 1583 enim
1898 1533 2083 1599 posset

512 1624 743 1690 solvere,
768 1622 1037 1694 quomodo
1072 1620 1214 1679 Deus
1240 1624 1458 1693 corpori
1486 1624 1767 1691 colligatus
1794 1621 1915 1676 sit?

588 1716 752 1773 Vsus.
780 1716 870 1773 28.
913 1734 933 1768 r
984 1715 1110 1772 llaec
1160 1716 1215 1772 in
1258 1715 1523 1773 Bethania
1576 1716 1717 1771 facta
1769 1723 1894 1772 sunt
1933 1724 2083 1769 trans

509 1808 826 1871 Jordanem,
877 1809 965 1864 ubi
1008 1818 1125 1863 erat
1203 1807 1443 1865 Joannes
1486 1808 1784 1879 baptizans.
1841 1824 1860 1861 ι
1903 1806 2083 1874 Quare

512 1900 649 1955 dixit
686 1900 831 1970 quod
863 1903 974 1956 haec
1006 1901 1062 1956 in
1090 1900 1346 1960 Bethania
1378 1899 1519 1955 facta
1552 1898 1709 1954 sint?
1738 1898 1805 1955 Ut
1832 1900 2081 1955 ostendat

2185 706 2406 770 τελείως
2427 708 2799 763 ἀποσαλέσθαι
2819 708 2909 762 τὸν
2938 711 3135 778 ἱμάντα
3152 710 3361 775 τοῦτον,
3380 711 3477 764 καὶ
3504 712 3568 765 τὸ
3592 713 3749 782 ἀμαρ-

2184 796 2354 852 τωλὸν
2394 798 2649 869 ὑπόδημα
2673 815 2688 830 °
2726 799 2822 852 ἐπὶ
2846 795 2904 851 δὲ
2934 799 3202 869 Χριστοῦ,
3256 803 3460 870 ίμάντα
3500 803 3577 872 μὴ
3610 804 3748 873 stipi-

2187 908 2353 953 σκων,
2381 892 2498 962 ἦτοι
2526 893 2824 963 σύνδεσμον
2868 892 3167 963 ἁμαρτίας,
3207 894 3434 958 εἰκότως
3460 894 3590 947 οῦδὲ
3612 894 3750 947 λύειν

2184 983 2348 1036 αὐτὸν
2367 983 2609 1039 ἐδύνατο.
2639 987 2763 1049 Πῶς
2787 987 2918 1059 γὰρ,
2943 987 3004 1041 ὃν
3032 987 3131 1057 οὐχ
3154 988 3448 1057 εῦρισκεν;
3487 1007 3508 1040 ι
3555 986 3752 1061 Ἀμαρ-

2184 1074 2305 1128 τίαν
2339 1076 2446 1145 γὰρ
2470 1077 2571 1131 οῦκ
2608 1078 2864 1148 ἐπτοίησεν
2886 1120 2902 1147 ,
2929 1079 3052 1133 οὐδὲ
3080 1080 3282 1152 εὑρέθη
3320 1080 3383 1134 ὲν
3411 1079 3495 1149 τῷ
3532 1082 3749 1149 στόματι

2185 1166 2350 1221 αὑτοῦ
2375 1167 2546 1233 δόλος.
2574 1187 2594 1221 ι
2653 1169 2937 1241 ’Υπόδημα
2969 1171 3027 1225 δὲ
3054 1173 3088 1243 ἡ
3120 1171 3393 1243 παρουσία
3418 1169 3520 1224 τοῦ
3557 1171 3748 1241 Κυρίου

2182 1263 2217 1334 η
2248 1264 2329 1326 είς
2350 1263 2498 1333 ἡμᾶς
2514 1279 2530 1295 ⁸
2560 1263 2690 1335 ίμάς
2717 1265 2773 1319 δὲ
2794 1265 2988 1336 αὐτῆς,
3008 1266 3038 1317 6
3057 1267 3257 1335 τρόπος
3287 1266 3390 1335 τῆς
3409 1264 3751 1334 σαρπεὼσεως,

2184 1356 2281 1410 καὶ
2311 1354 2406 1409 τοῦ
2439 1355 2556 1420 πῶς
2588 1356 2844 1427 συνεδέθη
2882 1356 2962 1428 τῷ
2989 1355 3203 1426 σώματι
3224 1358 3253 1410 6
3275 1357 3455 1424 Λόγος
3481 1356 3581 1410 τοῦ
3608 1355 3750 1411 Θεοῦ.

2185 1446 2386 1502 Τοῦτον
2411 1446 2505 1503 οῦν
2535 1450 2628 1503 τὸν
2663 1448 2864 1519 τρόπον
2885 1449 3036 1504 λύειν
3073 1449 3336 1505 ἀδύνατον
3373 1465 3390 1481 ο
3430 1450 3521 1512 τίς
3544 1448 3650 1522 γάρ
3672 1448 3753 1501 δύο

2184 1556 2343 1596 ναται
2369 1539 2529 1596 λῦσαι
2557 1540 2675 1605 πῶς
2704 1540 2962 1612 συνεδέθη
2996 1541 3075 1610 τῷ
3107 1539 3322 1611 σώματι
3345 1540 3518 1607 Θεόςς

2262 1744 2281 1777 ι
2312 1725 2497 1779 Ταῦτα
2518 1726 2576 1779 ὲν
2601 1725 2846 1797 Βηθανίᾳ
2875 1727 3097 1794 ἐγένετο
3129 1741 3302 1795 περαν
3333 1725 3429 1777 τοῦ
3474 1723 3751 1792 Ἰορδάνου,

2182 1819 2316 1872 ὅπου
2360 1813 2428 1886 ἦν
2483 1818 2737 1888 Ἰωάννης
2800 1817 3098 1886 βαπτίζων.
3156 1817 3312 1880 Τίνος
3365 1818 3558 1870 ἕνεκεν
3590 1810 3751 1880 εἶπεν,

2183 1910 2266 1963 ὅτι
2318 1927 2337 1960 ι
2377 1908 2561 1963 Ταῦτα
2614 1911 2672 1962 ἐν
2702 1908 2943 1981 Βηθανίᾳ
2966 1909 3210 1976 ἑγένετος
3252 1928 3270 1961 ι
3332 1909 3456 1961 Ἵνα
3487 1906 3633 1976 δείξῃ
3663 1905 3750 1976 τὴν

516 1992 691 2063 magni
748 1993 1011 2063 pmconis
1061 1993 1390 2058 libertatem,
1434 1995 1578 2062 quod
1624 2008 1729 2045 non
1792 1992 1845 2046 in
1899 1990 2081 2056 domo,

2189 2001 2501 2072 παρρησίαν
2551 1999 2645 2054 τοῦ
2705 2001 2942 2069 μεγάλου
2976 2002 3236 2070 κήρυκος,
3265 2000 3351 2053 ὅτι
3379 2000 3482 2051 οὐκ
3508 1999 3568 2050 ἐν
3595 1998 3752 2068 οἰκία,

513 2102 688 2157 neque
714 2088 768 2142 in
788 2088 1003 2157 angulo,
1028 2090 1123 2143 sed
1147 2088 1291 2142 circa
1321 2085 1635 2148 Jordanem.
1665 2086 1721 2142 in
1751 2084 1925 2140 media
1947 2083 2084 2138 mul-

517 2177 749 2233 titudine
798 2178 914 2234 haec
964 2178 1030 2232 de
1070 2177 1292 2239 Christo
1343 2178 1737 2249 praedicaverit.
1790 2176 2081 2232 Sciendum

513 2279 696 2324 autem
719 2269 863 2340 quod
905 2270 1237 2340 exemplaria
1282 2270 1653 2331 emendatiora
1706 2268 1930 2334 habent,
1972 2286 1991 2321 ι
2030 2268 2083 2322 in

516 2359 837 2421 Betbabara.
879 2381 900 2415 ε
953 2360 1212 2420 Bethania
1266 2363 1411 2420 enim
1458 2378 1568 2423 non
1614 2373 1763 2420 trans
1795 2360 2083 2419 Jordauem

512 2464 620 2520 cst.
652 2456 746 2511 sed
778 2470 945 2527 prope
975 2455 1346 2529 Hierosolyma
1381 2456 1406 2515 ἲ

582 2543 752 2601 Vens.
781 2545 872 2603 29.
915 2564 935 2599 ι
968 2545 1194 2604 Postero
1226 2547 1313 2602 die
1338 2547 1483 2604 videt
1511 2546 1748 2604 Joannes
1777 2548 1962 2604 Jesum
1995 2561 2085 2604 ve-

512 2638 752 2697 nientem
778 2639 844 2693 ad
890 2653 972 2707 se,
1005 2645 1059 2701 et
1101 2639 1180 2694 ait
1222 2656 1237 2694 :
1283 2640 1425 2696 Ecce
1463 2654 1633 2711 agnus
1683 2640 1771 2697 ille
1807 2642 1938 2705 Dei,
1989 2641 2084 2713 qui

511 2731 652 2790 tollit
702 2740 979 2801 peccatum
1025 2732 1234 2790 mundi.
1274 2752 1294 2787 ι
1328 2734 1485 2804 Seps
1519 2733 1780 2791 Dominus
1823 2735 1973 2791 venit
2017 2738 2084 2791 ad

515 2823 940 2892 Praecursorem,
984 2824 1195 2893 quare?
1236 2822 1336 2881 Vel
1376 2824 1598 2880 omnino
1649 2825 2083 2896 quandoquidem

512 2916 661 2975 sicut
698 2932 837 2972 unus
884 2932 952 2975 ex
987 2916 1172 2972 multis
1211 2926 1268 2973 et
1316 2916 1430 2987 ipse
1460 2931 1487 2969 a
1528 2913 1740 2972 Joanne
1780 2916 2087 2987 baptizatus

510 3014 677 3074 esset,
711 3023 779 3063 ne
806 3016 997 3078 putent
1037 3007 1256 3078 quidam
1286 3008 1429 3078 quod
1453 3008 1613 3077 quasi
1645 3008 1884 3078 peccatis
1912 3009 2086 3064 obno-

511 3098 653 3163 xius,
705 3097 987 3168 aequaliter
1033 3112 1157 3153 cum
1206 3097 1328 3153 aliis
1374 3098 1683 3168 baptizatus
1735 3100 1828 3155 sit.
1876 3099 2084 3154 Idcirco

512 3192 705 3244 iterum
744 3191 909 3256 \enit,
960 3190 1098 3246 dans
1142 3188 1340 3249 Joanni
1389 3190 1731 3247 occasionem
1781 3191 2083 3259 corrigendi

2185 2091 2307 2145 οὐδὲ
2337 2094 2393 2144 ὲν
2430 2091 2620 2163 γωνίᾳ,
2674 2091 2811 2145 ἀλλὰ
2838 2092 2931 2144 τὸν
2980 2092 3252 2162 Ἰορδάνην
3310 2087 3655 2153 καταλαϐὼν,
3700 2090 3752 2141 ὲν

2188 2183 2339 2254 μέσῳ
2366 2182 2605 2254 πλήθους
2627 2183 2800 2237 ταῦτα
2819 2182 2951 2254 περὶ
2982 2182 3220 2255 Χριστοῦ
3250 2184 3616 2253 ἀνεκήρυττε.
3641 2180 3752 2251 Χρὴ

2184 2276 2238 2330 δὲ
2274 2275 2586 2344 γινώσκειν,
2619 2276 2701 2330 ὅτι
2728 2277 2796 2330 τὰ
2821 2275 3026 2349 ἀκριόἧ
3062 2276 3170 2330 τῶν
3218 2275 3600 2345 ἀντιγράφων,
3646 2292 3666 2326 ι
3698 2275 3754 2325 ὲν

2186 2368 2503 2441 Βηθασαρᾷ,
2530 2388 2550 2423 ε
2588 2369 2734 2441 ἔχει’
2774 2370 2808 2440 ἡ
2836 2369 2946 2438 γὰρ
2972 2370 3210 2439 Βηθανία
3265 2369 3391 2439 οὐχὶ
3453 2368 3631 2439 πέραν
3665 2367 3752 2421 τοῦ

2196 2459 2484 2531 Ἰορδάνου.
2511 2459 2627 2515 ἀλλ’
2651 2460 2816 2528 ἐγγύς
2844 2477 2948 2515 που
2980 2461 3091 2514 τῶν
3126 2460 3525 2531 Ἱεροσολύμων
3558 2459 3720 2513 ἐστίν.

2260 2568 2280 2602 ι
2309 2550 2388 2621 Τῇ
2440 2549 2703 2621 ἐπαύριον
2736 2551 2924 2622 βλέπει
2959 2551 3037 2620 (a)
3067 2551 3158 2605 τὸν
3203 2549 3420 2620 Ἰησοῦν
3472 2550 3753 2620 ἐρχόμενον

2185 2643 2323 2714 πρὸς
2351 2642 2537 2708 αὑτὸν,
2568 2644 2661 2696 καὶ
2682 2641 2832 2713 λέγει
2851 2658 2868 2674 ·
2901 2644 3006 2697 Ἴδε
3037 2644 3066 2696 6
3094 2643 3266 2714 ἀμνὸς
3305 2642 3405 2696 τοῦ
3436 2644 3600 2705 Θεοῦ,
3628 2644 3656 2695 6
3674 2642 3749 2695 αἶ-

2189 2754 2298 2807 ρων
2328 2736 2428 2810 τὴν
2461 2735 2737 2806 ἁμαρτίαν
2764 2734 2860 2790 τοῦ
2897 2736 3125 2804 κόσμου.
3161 2754 3179 2786 ι
3218 2734 3471 2804 Συνεχῶς
3497 2734 3528 2786 6
3564 2732 3749 2803 Κύριος

2184 2828 2406 2899 ἔρχεται
2435 2827 2569 2899 πρὸς
2591 2827 2683 2881 τὸν
2701 2826 3015 2898 Πρόδρομον
3031 2825 3200 2889 ’τίνος
3224 2826 3526 2891 ἓνεκεν;⁹11
3553 2825 3745 2885 πάντως

2183 2920 2372 2992 ιπειδὴ
2397 2918 2474 2981 ὡς
2502 2913 2583 2983 εἷς
2619 2918 2731 2973 τῶν
2770 2918 2981 2972 πολλῶν
3012 2917 3314 2988 ἐϐαπτίσθη
3338 2918 3437 2971 καὶ
3470 2917 3634 2979 αὐτὸς
3660 2917 3748 2969 ὑπὸ

2197 3013 2468 3079 Ἰωάννου,
2505 3011 2594 3066 ἵνα
2625 3011 2701 3082 μὴ
2734 3010 3000 3081 νομίσωσί
3033 3025 3197 3073 τινες,
3230 3010 3314 3062 ὅτι
3359 3009 3441 3071 ὡς
3470 3005 3749 3076 ἁμαρτίας

2184 3106 2366 3175 ἔνοχος
2384 3103 2461 3159 ὢν
2485 3105 2678 3173 ἐπίσης
2694 3104 2741 3173 (l
2754 3105 2832 3169 Δ),
2858 3104 2971 3166 τοῖς
2994 3101 3175 3163 ἀλλοις
3190 3099 3552 3162 ὲὸαπτίσατο,
3565 3098 3749 3166 ταύτην

2183 3196 2281 3269 τὴν
2316 3197 2571 3251 ὑπόνοιαν
2593 3194 2987 3265 διορθώσασθαι
3022 3193 3343 3264 βουλόμενος
3372 3193 3403 3245 6
3431 3188 3749 3258 Βαπτιστὴς,

514 3282 651 3341 lianc
716 3283 1047 3351 opinionem.
1095 3279 1224 3338 Ideo
1270 3291 1325 3338 et
1371 3280 1612 3353 Baptista
1666 3283 1819 3345 dicit.
1874 3303 1892 3336 ι
1945 3285 2083 3339 Ecce

2189 3290 2381 3360 φησίνο
2411 3308 2430 3340 r
2463 3288 2609 3342 Ἱδεό
2638 3287 2811 3353 ἀμνὸς
2841 3284 2934 3340 τοῦ
2967 3285 3127 3350 Θεοῦ,
3164 3287 3195 3339 6
3222 3285 3401 3352 αἴρων
3431 3281 3533 3334 τοῦ
3563 3282 3749 3348 κόσμοι)

510 3390 682 3444 agnus
713 3375 826 3443 Dei,
849 3376 940 3446 qui
978 3374 1119 3439 tollit
1147 3385 1367 3445 peccata
1401 3374 1602 3430 mundi.
1630 3394 1650 3435 ι
1681 3374 1811 3430 Nam
1852 3378 1944 3445 qui
1976 3390 2081 3431 tam

509 3484 677 3539 purus
698 3479 801 3535 est,
834 3480 893 3525 ut
924 3470 1153 3525 aliorum
1187 3479 1406 3538 peccata
1444 3469 1632 3525 tollere
1668 3480 1722 3525 et
1750 3470 1968 3526 abolere
1993 3488 2084 3525 va-

511 3559 642 3626 leat,
669 3560 1013 3619 manifestum
1045 3563 1185 3632 quod
1213 3578 1322 3625 non
1350 3562 1623 3633 acceperit
1655 3562 1937 3632 aequaliter
1961 3579 2084 3618 cum

509 3654 631 3712 aliis
669 3654 1033 3712 confessionis
1066 3654 1358 3725 baptisma.
1397 3653 1635 3725 Exquire
1659 3665 1841 3710 autem
1866 3654 2089 3727 diligen-

510 3755 593 3801 ter
613 3746 712 3801 hoc
737 3746 958 3808 dictum.
990 3765 1013 3811 ς
1047 3744 1187 3804 Ecce
1214 3761 1386 3817 agnus
1407 3746 1497 3802 ille
1527 3745 1621 3804 Dei
1657 3762 1672 3800 :
1704 3765 1724 3807 ι
1758 3747 1881 3817 quia
1906 3762 2087 3804 sermo

508 3848 593 3894 est
621 3840 686 3893 ad
720 3839 1003 3910 cupientes
1045 3848 1101 3899 et
1139 3848 1448 3911 qumrentes
1484 3838 1670 3896 videre
1703 3838 1854 3896 illum
1887 3856 2083 3911 agnum

509 3932 602 4002 qui
634 3932 703 3989 ab
727 3931 860 3986 lsaia
886 3933 1184 4003 praedictus
1208 3942 1309 3988 est.
1366 3933 1528 3999 Ecce,
1564 3934 1761 4003 inquit,
1796 3948 1965 4005 agnus
1995 3934 2086 3991 ille

510 4026 599 4095 qui
645 4027 1087 4107 quaerituruecce
1134 4028 1309 4091 adest.
1376 4027 1673 4101 Probabile
1698 4028 1846 4083 enim
1886 4026 2084 4083 multos

522 4119 839 4189 prophetico
910 4120 1051 4174 libro
1107 4118 1261 4176 Isaia:
1325 4121 1548 4176 edoctos
1577 4119 1893 4189 quaesivisse
1928 4119 2083 4189 quis-

511 4227 632 4267 n.nn
659 4211 751 4267 ille
767 4226 940 4282 agnus
959 4212 1313 4283 esset..lgitur
1325 4210 1562 4271 Joannes
1583 4212 1916 4267 demonstrat
1935 4225 2081 4268 eum.

513 4300 624 4355 Non
660 4301 799 4369 dixit
831 4311 1036 4369 antem,
1067 4318 1261 4374 agnus,
1322 4303 1419 4358 sed
1455 4303 1611 4369 dixit,
1649 4321 1668 4354 ι
1709 4302 1802 4358 ille
1826 4317 2016 4372 agnus.
2057 4319 2076 4352 ι

510 4391 644 4447 Nam
672 4393 826 4456 multi
854 4395 1071 4463 quidem
1103 4395 1247 4464 agni,
1272 4396 1412 4449 sicut
1439 4405 1495 4453 et
1528 4394 1681 4449 multi
1710 4394 1909 4453 Christi
1934 4412 1952 4451 :
1987 4395 2083 4451 sed

514 4485 603 4540 ille
657 4492 741 4539 est
783 4500 943 4542 verus
982 4501 1156 4553 agnus
1207 4486 1362 4556 quia
1409 4484 1555 4541 Mose
1604 4488 1884 4557 ligm-atur,
1915 4498 1971 4544 et
2016 4489 2084 4544 ab

510 4576 647 4632 Isaia
686 4578 1017 4647 praedicitur.
1054 4578 1223 4633 Porro
1256 4594 1425 4647 agnus
1489 4579 1587 4638 Dei
1632 4580 1833 4635 dicitur
1893 4580 2079 4635 Chris-

2185 3384 2284 3451 τὴν
2316 3381 2613 3451 ἁμαρτίαν.
2650 3398 2668 3431 ι
2714 3381 2770 3433 '0
2796 3379 2908 3449 γὰρ
2927 3378 3071 3433 οὕτω
3109 3378 3370 3449 καθαρὸς.
3393 3377 3539 3431 ὥστε
3568 3377 3658 3429 καὶ
3692 3376 3752 3428 τὰ

2185 3472 2294 3527 τῶν
2323 3471 2499 3536 ἀλλων
2529 3471 2906 3541 ἁμαρτήματα.
2932 3471 3110 3540 αἴρειν
3155 3471 3250 3525 καὶ
3287 3468 3605 3539 ἀφανίζειν,
3633 3467 3753 3537 πρι-

2184 3562 2367 3634 δηλον,
2400 3564 2482 3617 ἔτι
2508 3563 2608 3623 οὐκ
2641 3562 2709 3619 ἂν
2746 3561 2807 3616 τὸ
2833 3561 2935 3633 τῆς
2986 3561 3436 3633 ὲξομολογήσεως
3480 3561 3752 3630 βάπτισμα

2185 3655 2382 3726 ἐπίσης
2406 3657 2519 3720 τοῖς
2557 3655 2741 3720 ἄλλοις
2768 3654 3009 3722 ἐδέξατο.
3045 3655 3329 3722 Ἐξέτασον
3356 3654 3418 3709 δέ
3445 3671 3539 3723 μοι
3583 3653 3673 3709 καὶ
3693 3654 3752 3705 τὸ

2187 3747 2350 3819 ῥητόν
2371 3764 2384 3778 ·
2405 3767 2426 3799 ι
2451 3748 2557 3802 Ἴδε
2578 3749 2607 3802 6
2632 3747 2804 3819 ἀμνὸς
2830 3746 2930 3801 τοῦ
2955 3746 3146 3810 Θεοῦ.»
3163 3747 3240 3810 ὡς
3262 3746 3403 3817 πρὸς
3430 3743 3752 3816 ἐπιθυμοῦν-

2183 3856 2283 3905 τας
2315 3840 2445 3895 ἰδεῖν
2473 3840 2562 3895 τὸν
2590 3839 2694 3895 ὕπὸ
2725 3840 2821 3895 τοῦ
2864 3840 3087 3901 Ἡσαΐου
3131 3838 3545 3909 κηρυττόμενον
3570 3839 3749 3908 ἀμνὸν,

2185 3934 2214 3988 6
2255 3933 2413 4001 λόγος
2462 3934 2629 3986 ἐστίν.
2667 3932 2774 3986 Ἴδε
2806 3934 2834 3986 6
2862 3932 3053 4002 ἀμνὸς,
3103 3933 3293 4001 φησιν,
3331 3933 3362 3986 6
3405 3931 3751 4000 ζητοῦμενδςι

2185 4025 2391 4089 ἐκεῖνος
2438 4025 2469 4078 6
2493 4025 2664 4094 ἀμνὸς
2694 4024 2804 4079 ῑδοὺ
2834 4025 3119 4095 πάρεστιν.
3152 4025 3317 4088 Εἰκὸς
3370 4024 3500 4094 γὰρ,
3537 4021 3752 4080 mils-Ia;

2184 4118 2250 4187 τῇ
2280 4119 2588 4187 προφητικῇ
2631 4116 2725 4170 τοῦ
2766 4115 2986 4171 Ἡσαΐου
3040 4114 3207 4185 βίϐλῳ
3253 4115 3747 4184 ὲμμώετήσαντιςι

2185 4209 2370 4278 ζητεῖν
2396 4208 2478 4272 τίς
2511 4207 2577 4262 ἂν
2608 4207 2693 4278 είη
2725 4209 2754 4261 6
2796 4207 2985 4278 ἀμνός.
3024 4207 3086 4260 'U
3107 4207 3288 4261 τοίνυν
3344 4206 3594 4276 Ἰωάννης
3621 4206 3750 4257 iam»

2184 4302 2457 4358 δείκνυσιν
2511 4301 2708 4355 αὐτόν·
2766 4301 2866 4357 οὐκ
2928 4296 3051 4356 εἷπε
3123 4301 3203 4366 δὲ,
3265 4300 3456 4370 ἀμνὸς,
3504 4299 3633 4362 ἀλλ’,
3664 4315 3684 4348 ι
3718 4299 3751 4349 ὁ

2185 4395 2376 4465 ἀμνός.
2410 4413 2431 4446 ι
2466 4393 2658 4449 Πολλοὶ
2690 4394 2790 4465 μὲν
2836 4394 2946 4463 γὰρ
2980 4392 3167 4463 ἀμνοὶ,
3200 4390 3395 4463 ὥσπερ
3445 4390 3542 4443 καὶ

2186 4484 2412 4557 Χριστοί
2435 4501 2450 4515 ο
2501 4484 2615 4539 ἀλλ’
2650 4486 2678 4537 6
2712 4483 2964 4553 ἀληθινὸς
3012 4484 3183 4554 ἀμνὸς
3223 4486 3254 4537 6
3284 4482 3435 4552 παρά
3464 4482 3626 4549 Mani,
3652 4496 3746 4530 τυ-

2186 4582 2479 4650 πούμενος.
2529 4579 2623 4632 καὶ
2663 4578 2814 4649 παρὰ
2872 4575 3097 4639 Ἠσαίου
3135 4576 3556 4648 κηρυττόμενος,
3597 4568 3745 4633 οἶσε-ἐς

510 4682 615 4734 tus,
672 4671 788 4727 sive
848 4672 989 4740 quod
1018 4671 1160 4727 Deus
1189 4672 1461 4740 acceperit
1484 4682 1710 4728 mortem
1737 4673 1937 4729 Christi
1985 4689 2083 4743 pro

2189 4676 2325 4727 ἐστι.
2358 4672 2463 4727 Τοῦ
2491 4671 2625 4726 Θεοῦ
2650 4672 2706 4726 δὲ
2750 4672 2963 4739 λέγεται
2994 4670 3166 4740 ἀμνὸς
3194 4672 3223 4723 ὁ
3245 4669 3497 4738 Χριστὸς,
3525 4667 3626 4719 εἴτε
3645 4662 3747 4716 τοῦ

510 4773 691 4819 nostra
756 4763 972 4835 salute,
1034 4763 1150 4819 sive
1205 4764 1348 4833 quod
1425 4765 1564 4819 Deus
1593 4764 1882 4821 tradiderit
1921 4765 2074 4823 illum

506 4869 604 4923 pro
636 4854 791 4910 nobis
821 4855 889 4910 ad
922 4864 1150 4923 mortem
1177 4874 1191 4921 ς
1225 4856 1687 4924 quemadmodum
1728 4858 1914 4913 dicere
1939 4856 2083 4914 sole-

509 4964 627 5005 mus
659 4966 674 5003 :
704 4948 1044 5020 Sacriﬁcium
1080 4952 1181 5010 hoc
1207 4950 1353 5007 illius
1378 4960 1486 5016 est.
1540 4953 1644 5007 hoc
1663 4964 1768 5018 εει,
1800 4950 1891 5006 ille
1917 4951 2083 5007 sacri-

506 5042 687 5098 ticium
723 5045 825 5097 hoc
872 5040 1085 5100 obtulit.
1134 5042 1226 5095 Sic
1277 5042 1443 5111 igitur
1481 5051 1537 5098 et
1577 5043 1840 5102 Doriiirius
1883 5043 2081 5098 dicitur

505 5148 678 5205 agnus
705 5133 821 5199 Dei,
844 5147 910 5195 eo
928 5132 1076 5202 quod
1110 5130 1253 5196 Deus
1292 5131 1476 5201 Pater,
1506 5145 1726 5205 propter
1755 5136 1853 5190 cba
1865 5134 2079 5189 ritatem

504 5238 659 5279 suam
691 5240 818 5296 erga
848 5240 970 5289 nos,
996 5223 1148 5279 illum
1178 5223 1386 5280 dederit
1414 5227 1482 5282 ad
1513 5236 1765 5283 mortem.
1795 5225 1915 5283 Non
1947 5226 2082 5281 dixit

521 5323 734 5382 autem,
768 5317 872 5385 Qui
921 5318 1148 5386 abstulit
1187 5327 1487 5391 peccatum,
1541 5318 1656 5386 sed,
1694 5338 1712 5371 ι
1746 5318 1849 5387 Qui
1891 5318 2025 5377 tollit
2053 5337 2077 5383 ι

581 5496 626 5531 ⁸⁸
669 5497 771 5551 lsa.
822 5513 943 5573 cur,
976 5499 1010 5555 9
1036 5510 1088 5555 et
1114 5497 1133 5562 l
1157 5500 1303 5562 Pctr.
1338 5515 1400 5566 ll,
1424 5499 1516 5570 2:2.

2184 4763 2320 4819 Θεοῦ
2347 4764 2423 4830 ὡς
2456 4764 2895 4835 προσδεξαμένου
2924 4763 3017 4816 τὸν
3067 4762 3160 4815 ἐπὶ
3202 4761 3451 4832 σωτηρίᾳ
3477 4758 3622 4830 ἡμῶν
3644 4756 3753 4809 65-

2184 4873 2342 4911 νατον
2369 4856 2465 4910 τοῦ
2492 4856 2754 4929 Χριστοῦ,
2803 4856 2917 4910 εἴτε
2960 4855 3038 4920 ὡς
3075 4854 3174 4909 τοῦ
3207 4853 3345 4908 Θεοῦ
3371 4854 3542 4913 δόντος
3586 4850 3753 4904 αὑτὸν

2187 4948 2330 5018 ὑπὲρ
2360 4947 2521 5017 ἡμῶν
2564 4950 2646 5011 είς
2675 4947 2929 5005 θάνατον.
2968 4948 3182 5020 Ὠσπερ
3215 4946 3483 5017 εἰώθαμεν
3528 4944 3709 5012 λέγω
3734 4958 3759 4973 ’

2190 5038 2321 5099 Τόδε
2355 5040 2416 5092 τὸ
2459 5039 2607 5111 θῦμα
2630 5038 2724 5092 τοῦ
2772 5039 2942 5104 δεῖνος
2971 5042 3139 5103 ἐστιν.
3185 5039 3310 5094 ἀντὶ
3333 5038 3459 5093 τοῦθ
3497 5038 3550 5090 '0
3596 5036 3760 5089 δεῖνι-³

2187 5132 2347 5185 τοῦτο
2377 5130 2731 5202 προσήγαγεν
2753 5146 2768 5160 ·
2799 5129 2972 5195 οὕτως
3005 5129 3098 5184 οῦν
3122 5130 3220 5185 καὶ
3256 5132 3285 5184 6
3315 5129 3507 5201 Κύριος
3528 5126 3763 5197 λέγεται

2187 5224 2359 5294 ἀμνὸς
2407 5222 2500 5277 τοῦ
2534 5221 2692 5289 Θεοῦ,
2743 5222 2819 5287 ὡς
2865 5221 2960 5277 τοῦ
2989 5221 3125 5277 Θεοῦ
3181 5222 3281 5276 καὶ
3311 5222 3511 5292 [ἰατρὸς
3531 5219 3615 5275 διὰ
3642 5218 3763 5287 τὴν

2189 5314 2325 5386 πρὸς
2354 5314 2501 5385 ἡμᾶς
2547 5312 2768 5385 ἀγάπην
2823 5312 3002 5377 δόντος
3055 5310 3223 5367 αὐτὸν
3268 5312 3351 5376 είς
3380 5309 3578 5380 σφαγὴν
3604 5305 3763 5376 ὑπὲρ

1484 5643 1578 5704 Ex
1612 5641 1958 5703 collatione
1994 5640 2183 5702 codd.
2218 5640 2442 5701 Venet.
2473 5641 2535 5701 S.
2571 5638 2790 5724 Merci.

579 5768 694 5831 (14)
718 5765 889 5822 Codd.
913 5766 984 5821 26
1002 5767 1142 5836 8150
1172 5766 1250 5819 sic
1275 5786 1288 5818 :
1315 5765 1683 5836 Ἐπίσηςίτοίς
1726 5765 1902 5836 ἄλλοις
1958 5764 2088 5834 ἐϐα-

507 5839 759 5906 πτίσατο.
791 5837 891 5891 Διὰ
912 5836 1073 5891 τοῦτο
1115 5834 1278 5891 πάλιν
1302 5836 1524 5908 ἔρχεται
1556 5835 1729 5897 διδοὺς
1759 5834 1835 5905 τῷ
1864 5836 2086 5905 Ἰωάννῃ

2195 5765 2399 5839 ταύτην
2424 5764 2521 5839 τῂν
2544 5763 2800 5839 ὑπόνοιαν
2832 5760 3253 5833 διορθώσασθαι.
3285 5761 3376 5819 Διὸ
3412 5758 3494 5814 καί
3516 5776 3690 5829 φησιν
3723 5760 3753 5812 ἑ

2195 5833 2530 5905 unum},
2561 5852 2612 5887 κ.
2636 5851 2686 5888 τ.
2723 5833 2773 5888 λ.

585 5958 657 6034 (qi
693 5954 749 6028 lu
782 5966 931 6029 textu
962 5957 1113 6015 deest
1143 5958 1170 6013 6
1211 5953 1483 6027 ’lwaivvng,
1532 5956 1607 6011 uti
1648 5957 1699 6009 in
1743 5954 1862 6019 aliis
1902 5951 2179 6023 codicibus
2212 5955 2348 6030 apud
2380 5952 2539 6008 Joun.
2578 5950 2802 6021 Millium
2829 5950 2896 6006 ad
2931 5949 3073 6006 hunc
3100 5948 3303 6029 locum.
