3960 6454
270 398 408 466 1173

984 392 1429 460 ENARRATIO
1464 394 1549 458 IN
1588 390 2091 457 EVANGELIUM
2126 391 2466 454 IOANNIS.
2501 417 2574 432 --
2608 393 2769 456 CAP.
2807 392 2860 455 Ι.

3393 388 3529 456 1176

268 512 451 585 ἡμῶν.
482 512 598 567 Οὑκ
618 506 740 565 εἶπε
764 510 842 577 δὲ,
865 510 895 564 6
922 509 1062 580 ἄρας
1084 507 1182 580 τὴν
1230 506 1528 580 ἁμαρτίαν,
1581 502 1721 569 ἀλλ’,
1762 520 1781 554 ι
1810 502 1839 555 6

1966 516 1998 554 ιι
2047 503 2296 570 praesenti
2346 510 2569 572 peccata
2622 513 2831 559 nostra.
2873 499 3336 581 Quotidiegszﬁ.
3377 504 3524 559 enim

268 609 467 677 αἴρων*
499 624 519 657 ο
578 602 702 657 καθ’
765 602 1005 674 ἑκάστην
1047 601 1158 671 γὰρ
1216 600 1364 673 αἴρει
1417 598 1518 662 τὰς
1571 594 1853 668 ἁμαρτίας

265 697 451 768 ⁸ἡμῶν,
509 696 611 760 τὰς
671 696 772 767 μὲν
827 693 915 749 διὰ
968 693 1064 748 τοῦ
1097 692 1497 765 βαπτίσματος,
1527 690 1627 753 τὰς
1665 688 1723 742 δὲ
1765 685 1856 741 διὰ

270 786 582 858 μετανοίας.
620 785 732 840 Καὶ
755 785 804 838 οί
825 785 926 855 μὲν
961 783 1217 854 θυόμενοι
1249 785 1305 837 ὲν
1336 785 1403 856 τῇ
1434 781 1651 852 Παλαιᾷ
1668 778 1852 850 ἀμνοὶ,

265 879 483 941 οὐδενὸς
536 877 815 948 ἁμαρτίας
864 874 1148 940 παντελῶς
1205 874 1568 946 ὲξηφάνιξονο
1614 866 1770 935 οὗτος
1799 870 1856 926 δὲ

267 971 362 1024 τοῦ
395 969 605 1039 κόσμου
636 968 839 1032 παντὸς
884 969 983 1038 τὴν
1029 968 1306 1039 ἁμαρτίαν
1353 966 1521 1039 αἴρει,
1577 966 1857 1020 τουτέστιν

265 1055 546 1126 ἀφανίζει,
576 1057 642 1110 ὲκ
674 1057 841 1127 μέσου
860 1059 1025 1112 ποιεῖ.
1058 1056 1215 1121 Τίνος
1244 1057 1301 1111 δὲ
1331 1056 1519 1111 ἕνεκεν
1543 1057 1647 1110 οὑκ
1677 1052 1853 1121 εἶπεν,

266 1149 546 1219 ἁμαρτίας
573 1164 587 1178 ⁸
622 1148 762 1215 ἀλλ’,
829 1168 847 1201 ι
887 1149 1204 1225 άμαρτίαν;
1242 1168 1261 1200 ι
1307 1150 1460 1220 Τάχα
1494 1150 1593 1220 μὲν
1624 1150 1717 1202 καὶ
1768 1146 1857 1202 διὰ

264 1240 366 1294 τοῦ
392 1258 413 1292 r
450 1240 751 1312 ἁμαρτίαν,
792 1258 811 1292 ι
850 1241 1054 1306 είπεῖν,
1099 1242 1406 1307 καθολικῶς
1445 1238 1623 1310 εἶπεν,
1667 1243 1857 1316 ὥσπερ

264 1332 545 1399 είώθαμεν
576 1332 782 1401 λέγειν,
829 1334 913 1387 δτι
943 1334 1155 1404 ἀπέστη
1177 1335 1205 1389 6
1235 1334 1542 1407 ἄνθρωπος,
1575 1337 1696 1391 6wl.
1737 1335 1856 1404 τοῦ,

264 1427 426 1481 πᾶσα
457 1427 491 1497 ἡ
515 1425 612 1481 ἀνθ
621 1426 874 1497 ρωπότης
897 1427 1007 1482 ἀπὸ
1034 1428 1170 1482 Θεοῦ
1193 1443 1207 1459 ·
1235 1428 1411 1494 οὕτως
1448 1426 1543 1485 οὖν
1575 1430 1860 1487 κάνταῦθα

264 1521 371 1592 τὴν
404 1519 680 1593 ἁμαρτίαν
709 1518 897 1583 εἰπὼν,
929 1522 1109 1586 πάσας
1125 1520 1223 1587 τὰς
1263 1523 1540 1593 ἁμαρτίας
1567 1524 1854 1596 ἐδήλωσεν·

264 1610 410 1681 τάχα
427 1609 508 1675 δὲ,
543 1609 665 1663 ἐπεὶ
697 1609 1057 1680 παρακούσας
1087 1612 1116 1664 6
1145 1611 1434 1684 ἄνθρωπος
1462 1611 1557 1667 τοῦ
1588 1613 1748 1680 Θεοῦ,
1776 1615 1859 1678 είς

268 1703 338 1756 τὰ
370 1703 516 1773 πάθη
549 1702 999 1773 ὲξετραχηλίσθη,
1060 1705 1094 1774 ἡ
1139 1705 1383 1777 ἁμαρτία
1432 1706 1526 1760 τοῦ
1581 1708 1792 1779 κόσμου
1824 1708 1858 1778 ή

269 1793 530 1867 παρακοὴ
558 1790 647 1865 ἦν,
680 1797 746 1866 ῆν
777 1797 842 1848 ὲκ
864 1796 1039 1865 μέσου
1074 1791 1209 1867 ἦρεν
1240 1797 1269 1850 6
1304 1797 1527 1870 Κύριος.
1565 1799 1857 1869 γενόμενος

272 1886 517 1957 ὑπήκοος
545 1886 708 1959 μέχρι
739 1886 996 1953 Θανάτου,
1039 1890 1130 1943 καὶ
1159 1888 1220 1944 τὸ
1253 1889 1495 1944 ἐναντίον
1522 1889 1602 1963 τῷ
1627 1890 1855 1962 ἐναντίῳ

273 1977 595 2047 ίασάμενος.

348 2087 367 2121 ι
403 2061 572 2131 Οὗτός
601 2070 718 2123 ἐστι
754 2070 883 2142 περὶ
911 2063 973 2125 οὑ
1004 2069 1117 2141 ἐγὼ
1149 2063 1303 2125 εἷπον
1330 2092 1344 2105 ’
1392 2073 1597 2128 Ὀπίσω
1631 2092 1732 2145 μου
1761 2074 1856 2145 ἕρ-

271 2177 426 2231 χεται
454 2160 615 2233 ἀνὴρ,
647 2161 708 2226 ὃς
736 2152 1050 2234 ἔμπροσθέν
1093 2182 1197 2234 μου
1244 2165 1487 2234 γέγονεν,
1524 2167 1606 2220 ὃτι
1636 2167 1857 2238 πρῶτός

272 2269 378 2320 μου
409 2248 499 2322 ἦν.
536 2271 556 2305 ι
598 2254 745 2307 ’Δνω
774 2255 873 2323 μὲν
906 2257 1016 2320 τοῖς
1052 2256 1162 2310 ἀπὸ
1185 2257 1295 2310 τῶν
1322 2260 1638 2330 Φαρισαίων
1666 2260 1856 2314 ἐλθοῦ-

271 2359 359 2396 σιν
390 2342 418 2394 6
455 2330 707 2410 Ἰωάννης
742 2344 948 2417 ἔλεγεν,
975 2347 1058 2401 ὅτι
1088 2365 1108 2400 r
1135 2348 1315 2410 Μέσος
1340 2350 1493 2420 ὑμῶν
1516 2350 1768 2422 ἕστηκεν,
1798 2352 1858 2407 ὃν

271 2432 430 2503 ὑμεῖς
464 2436 563 2489 οὑκ
590 2435 767 2490 οἴδατε
788 2476 806 2502 ,
859 2437 919 2501 ὃς
966 2438 1279 2509 ἔμπροσθέν
1311 2458 1411 2511 μου
1433 2442 1624 2513 γέγονε
1645 2461 1660 2477 ·
1700 2465 1719 2497 ι
1761 2446 1857 2500 νῦν

268 2523 327 2579 δὲ
380 2525 475 2579 καὶ
523 2525 958 2584 δακτυλοδεικτεῖ
1014 2530 1199 2594 αὑτὸν,
1258 2531 1355 2585 καὶ
1409 2534 1700 2604 ἐμφανίζει
1742 2539 1859 2602 τοῖς

269 2617 579 2685 ἀγνοοῦσιν.
633 2614 802 2683 Οὗτος
831 2620 1042 2686 ἐκεῖνός
1070 2623 1186 2676 ἐστι
1220 2625 1348 2696 περὶ
1377 2620 1438 2680 οὑ
1485 2618 1856 2697 ὲμαρτιῖἶρουν,

271 2706 409 2783 φησι
457 2709 595 2778 πρὸς
625 2711 752 2774 τοὺς
779 2711 1129 2782 Φαρισαίους,
1183 2715 1265 2769 ὅτι
1294 2716 1605 2789 ἔμπροσθέν
1636 2738 1738 2791 μου
1767 2722 1863 2791 γέκ

270 2813 454 2867 τονεν,
471 2800 592 2853 ἀντὶ
617 2800 736 2867 τοῦ,
771 2805 1181 2877 ἑπισημότερός
1213 2825 1318 2878 μου
1353 2809 1449 2862 καὶ
1490 2812 1857 2885 ἐντιμότερος.

272 2892 463 2960 Διατί;
503 2913 524 2947 ε
555 2894 678 2949 Ὀτι
709 2897 927 2967 πρῶτός
957 2916 1059 2969 μου
1088 2894 1178 2972 ἦν.
1216 2920 1236 2954 ι
1278 2903 1502 2970 ΙΙἌκουε,
1525 2906 1730 2977 Ἀρειε,
1759 2909 1861 2964 οὑκ

273 2983 565 3053 εἷπεν,ὃτι
600 2989 825 3060 Πρῶτός
880 3008 983 3062 μου
1035 2992 1281 3066 ἐκτίσθη,
1339 2995 1456 3049 ἀλλ’
1515 3017 1532 3050 ι
1571 2999 1654 3053 ὅτι
1711 2995 1801 3072 ἦν.
1834 3019 1853 3054 ι

278 3076 483 3131 ’Δκουε
519 3078 635 3142 καὶ,
668 3080 701 3151 ἡ
730 3081 826 3135 τοῦ
857 3082 1220 3152 Σαμοσατίως
1266 3087 1494 3155 φατρία,
1522 3090 1604 3142 ὅτι
1627 3091 1727 3144 οὑκ
1754 3092 1863 3149 ἀπδ

1958 595 2093 650 tollit
2138 605 2361 665 peccata
2407 605 2615 662 nostra,
2658 604 2713 651 et
2746 595 2980 651 aliorum
3029 594 3250 665 quidem
3307 609 3405 667 per
3440 597 3532 652 ba-

1956 689 2231 756 ptismum,
2262 687 2492 741 aliorum
2520 696 2701 741 autem
2753 702 2849 757 per
2879 687 3281 756 paenitentiam.
3312 684 3376 743 Et
3406 689 3530 760 agni

1956 780 2175 851 quidem
2224 781 2318 851 qui
2368 780 2421 835 in
2463 779 2632 834 veteri
2681 778 2799 849 lege
2850 780 3290 847 immolabantur,
3326 780 3529 837 nullius

1957 884 2238 944 peccatum
2296 872 2517 929 omnino
2573 871 2862 927 abolebaut
2915 889 2931 929 :
2988 872 3080 928 hic
3124 883 3304 928 autem
3362 873 3530 929 totius

1964 966 2151 1022 mundi
2198 975 2478 1036 peccatum
2528 965 2668 1030 tollit
2703 981 2734 1020 e
2769 966 2945 1022 medio
2997 973 3055 1021 et
3103 964 3306 1022 abolet.
3351 964 3531 1032 Quare

1959 1067 2140 1113 autem
2167 1074 2272 1114 non
2301 1056 2458 1124 dixit,
2491 1057 2738 1123 Peccata,
2774 1056 2888 1124 sed,
2925 1075 2945 1110 ι
2978 1056 3309 1113 Peccatum!
3343 1074 3361 1108 ι
3396 1053 3529 1112 For-

1961 1162 2103 1206 tasse
2125 1151 2340 1219 quidem
2365 1166 2459 1221 per
2490 1151 2591 1205 hoc
2618 1152 2758 1220 quod
2780 1149 2910 1205 dicit
2935 1157 3241 1222 peccatum,
3263 1149 3315 1204 in
3339 1162 3535 1216 genere

1960 1242 2095 1297 dixit
2130 1251 2185 1297 et
2224 1242 2291 1296 de
2324 1241 2595 1297 omnibus.
2632 1238 2787 1297 Sicut
2829 1241 2976 1301 enim
3021 1240 3204 1298 dicere
3252 1240 3533 1296 solemus:

1960 1332 2167 1390 Defet-it
2199 1334 2383 1402 homo,
2430 1333 2533 1389 hoc
2567 1342 2652 1389 est
2688 1335 2866 1389 omnis
2903 1333 3238 1398 humanitas,
3283 1347 3315 1387 a
3356 1331 3469 1387 Deo
3515 1346 3533 1386 :

1960 1425 2033 1481 ita
2063 1435 2117 1482 et
2147 1426 2250 1482 hoc
2276 1426 2395 1482 loco
2426 1427 2610 1483 dicens
2645 1444 2665 1479 ι
2702 1434 3013 1497 peccatum,
3055 1442 3075 1478 ι
3106 1424 3286 1480 omnia
3316 1432 3537 1496 peccata

1959 1518 2307 1591 signiﬁcavit.
2349 1518 2621 1576 Fortassis
2662 1528 2867 1581 autem,
2908 1518 3038 1592 quia
3086 1516 3399 1572 inobediens
3436 1514 3540 1572 fuit

1962 1608 2129 1665 homo
2161 1610 2273 1666 Deo
2293 1650 2307 1675 ,
2341 1619 2396 1667 et
2425 1612 2477 1667 in
2511 1610 2690 1669 varias
2730 1609 3044 1669 affectiones
3076 1608 3268 1664 incidit
3301 1626 3314 1664 :
3344 1624 3536 1679 pecca-

1966 1713 2078 1757 tum
2110 1702 2298 1766 mundi
2350 1703 2712 1760 inobedientia
2739 1703 2861 1771 fuit,
2903 1719 3064 1773 quam
3088 1718 3119 1760 e
3147 1703 3324 1758 medio
3354 1703 3538 1757 abstu-

1963 1795 2022 1849 lit
2057 1795 2343 1864 Dominus,
2387 1797 2561 1853 l’actus
2596 1799 2856 1854 obediens
2887 1813 3059 1868 usque
3092 1799 3160 1853 ad
3210 1807 3438 1854 mortem
3465 1797 3537 1862 ³⁸.

1959 1897 2013 1944 et
2038 1890 2374 1946 contrarium
2408 1891 2686 1947 contrario
2719 1907 2948 1948 sanans.

2032 2068 2197 2126 Vens.
2230 2070 2322 2127 '50.
2369 2089 2391 2124 ι
2427 2069 2527 2129 Hic
2553 2080 2638 2129 est
2687 2072 2755 2129 de
2793 2087 2900 2142 quo
2932 2087 3033 2144 ego
3077 2071 3364 2129 dicebam:
3408 2070 3541 2129 Post

1958 2178 2045 2218 me
2073 2162 2225 2218 venit
2261 2162 2378 2231 vir,
2407 2164 2498 2234 qui
2528 2172 2657 2219 ante
2706 2178 2793 2219 me
2825 2162 3001 2220 factus
3043 2172 3146 2228 est,
3208 2164 3336 2234 quia
3377 2164 3528 2235 prior

1960 2271 2047 2313 me
2071 2266 2213 2312 erat.
2253 2276 2273 2310 ι
2318 2257 2580 2328 Superius
2608 2258 2827 2329 quidem
2857 2258 2921 2312 iis
2943 2257 3034 2327 qui
3066 2272 3094 2310 a
3125 2256 3414 2314 Pliarisaeis
3443 2271 3541 2312 ve-

1961 2357 2174 2413 nerant,
2219 2345 2455 2402 Joannes
2499 2346 2761 2403 dicebat:
2810 2365 2829 2399 ‹
2875 2345 3080 2402 Medius
3119 2356 3358 2402 vestrum
3409 2355 3539 2413 stat,

1960 2454 2120 2509 quem
2147 2439 2394 2504 nescitis,
2421 2440 2512 2508 qui
2540 2447 2666 2494 ante
2703 2452 2787 2493 me
2814 2437 2990 2494 factus
3013 2447 3095 2493 est
3126 2455 3139 2492 :
3178 2456 3197 2491 ι
3238 2453 3378 2493 nunc
3410 2453 3541 2494 vero

1958 2528 2121 2583 etiam
2144 2527 2315 2596 digito
2354 2527 2595 2582 ostendit
2623 2527 2798 2592 illum,
2828 2532 2884 2580 et
2927 2526 3243 2581 manifestat
3278 2527 3538 2596 ignoran-

1963 2621 2127 2676 tibus.
2209 2620 2309 2675 Hic
2361 2629 2445 2677 est
2485 2619 2575 2676 ille
2636 2621 2702 2676 de
2754 2635 2865 2692 quo
2937 2619 3287 2686 testiﬁcabar,
3368 2619 3546 2689 inquit

1959 2711 2269 2780 Pharisaeis,
2357 2713 2498 2783 quod
2571 2720 2696 2767 ante
2735 2728 2822 2766 me
2890 2711 3066 2768 factus
3108 2711 3200 2777 sit,
3283 2711 3385 2768 hoc
3426 2720 3533 2778 est,

1963 2804 2179 2876 dignior
2219 2821 2306 2862 me
2338 2815 2393 2861 et
2435 2806 2720 2877 insignior.
2759 2804 2982 2874 Quare?
3011 2823 3031 2858 ι
3068 2804 3205 2873 Quia
3254 2805 3406 2875 prior
3456 2820 3544 2860 me

1973 2906 2112 2952 erat.
2153 2916 2174 2951 ι
2206 2896 2366 2963 Audi,
2391 2898 2508 2965 Διὶ,
2533 2913 2639 2953 non
2667 2897 2825 2964 dixit,
2851 2896 3008 2951 Prior
3030 2911 3120 2952 me
3158 2888 3409 2953 Conditus
3435 2903 3541 2962 est,

1962 2991 2078 3057 sed,
2116 3009 2136 3044 ι
2173 3001 2312 3047 erat.
2360 3010 2379 3045 ι
2413 2992 2551 3066 Audi
2586 3001 2639 3047 el
2669 3003 2748 3059 tu,
2789 2990 2942 3046 Pauli
2996 2988 3339 3051 Samosateni
3372 2997 3542 3056 secta,

1963 3085 2107 3155 quod
2148 3099 2253 3140 non
2284 3100 2314 3139 a
2350 3084 2516 3140 Maria
2550 3100 2670 3140 esse
2709 3085 2939 3155 coeperit
2968 3082 3253 3148 Dominus,
3281 3082 3375 3138 sed
3404 3080 3547 3137 Pim-

276 3170 500 3242 Μαρίας
522 3170 726 3242 ἧρξατο
765 3172 858 3226 τοῦ
887 3173 1027 3229 εἶναι
1057 3177 1085 3229 6
1110 3177 1337 3247 Κύριος,
1386 3178 1524 3234 ἀλλὰ
1552 3181 1770 3251 πρῶτος
1795 3179 1861 3255 ἦν

1968 3192 2195 3234 cursore
2236 3178 2386 3248 prior
2422 3177 2584 3232 {inerit
2635 3179 2930 3233 secundum
2978 3176 3335 3234 substantiam
3365 3190 3542 3241 suam,

272 3262 370 3317 τοῦ
408 3263 744 3335 Προδρόμου,
773 3266 914 3321 κατὰ
933 3267 1041 3338 τὴν,
1065 3269 1395 3339 προαιὼνιον
1422 3270 1678 3343 ὕπαρξιν.
1706 3275 1860 3329 Ἐπεὶ

274 3356 395 3422 ἐὰν,
419 3356 494 3418 ὡς
533 3357 694 3427 ὑμεῖς
728 3358 1042 3431 φλυαρεῖτε,
1097 3361 1206 3415 ἀπὸ
1239 3364 1460 3436 Μαρίας
1487 3367 1663 3437 ἀρχὴν
1698 3362 1875 3423 ἔλασε

271 3448 373 3503 τοῦ
406 3445 548 3503 εἶναι
588 3452 616 3504 6
652 3450 876 3520 Κύριος,
906 3451 1023 3517 πῶς
1053 3448 1122 3525 ἦν
1142 3453 1357 3527 πρῶτος
1386 3456 1480 3510 τοῦ
1509 3458 1858 3531 Προδρόμου;

274 3534 449 3606 υὺτος
474 3543 582 3614 γάρ
602 3560 683 3598 τοι
711 3544 991 3616 προδήλως
1016 3544 1077 3611 ἓξ
1106 3546 1239 3618 μησί
1258 3552 1515 3620 προτερεῖ
1533 3550 1628 3603 τοῦ
1652 3553 1860 3619 Κυρίου

276 3634 423 3687 κατὰ
454 3634 554 3706 τὴν
582 3637 641 3689 ὲν
673 3636 838 3708 σαρκὶ
864 3637 1139 3709 γέννησιν.
1189 3640 1351 3712 Ἀνὴρ
1372 3641 1429 3696 δὲ
1455 3642 1673 3709 λέγεται
1693 3647 1721 3699 6
1748 3646 1863 3700 Κύ-

276 3742 416 3800 ριος,
439 3728 580 3799 τάχα
611 3728 710 3799 μὲν
738 3731 830 3784 καὶ
860 3730 947 3783 διὰ
969 3731 1030 3785 τὸ
1062 3731 1160 3803 τῆς
1193 3732 1409 3804 ἡλικίας
1426 3736 1635 3789 τέλειον
1658 3754 1673 3769 ·
1706 3756 1863 3810 τρια-

276 3820 573 3890 κονταετὴς
604 3823 712 3892 γὰρ
762 3821 1094 3878 ὲὸαπτίσατο
1117 3842 1132 3857 ⁸
1164 3825 1305 3898 τάχα
1345 3825 1401 3880 δὲ
1432 3828 1527 3883 καὶ
1575 3829 1662 3893 ὡς
1681 3831 1864 3904 πάσης

275 3909 459 3980 ψυχῆς
481 3911 640 3984 ἀνὴρ,
671 3915 765 3967 καὶ
797 3914 898 3985 τῆς
941 3917 1271 3990 Ἐκκλησίας
1299 3923 1552 3990 νυμφίος.
1590 3941 1611 3973 ι
1650 3922 1863 3995 1199.6-

279 4001 466 4073 σάμην
502 4003 634 4075 γάρ,
667 4004 832 4074 φησὶν
860 4009 888 4060 6
918 4007 1150 4073 Παῦλος,
1188 4011 1332 4081 ὑμᾶς
1371 4013 1453 4066 ἑνὶ
1483 4014 1638 4082 ἀνδρὶ
1682 4032 1864 4086 παρα-

280 4092 500 4164 στῆσαι,
528 4114 548 4148 ι
582 4096 659 4166 τῷ
688 4098 911 4170 Χριστῷ
929 4099 1152 4172 δηλαδή.
1170 4103 1339 4175 Φησὶν
1364 4103 1456 4159 οὖν
1478 4108 1507 4161 6
1523 4108 1858 4180 Πρόδρομος,

275 4186 362 4240 δτι
393 4185 537 4255 ἐγὼ
569 4189 668 4258 μέν
714 4191 830 4261 ειμι
876 4191 904 4244 ὁ
933 4196 1306 4265 νυμφαγωγὸς
1343 4198 1435 4252 καὶ
1478 4200 1858 4273 προξενητής’

274 4279 496 4348 ἔρχεται
524 4280 581 4334 δὲ
622 4281 799 4339 ὀπίσω
831 4301 933 4354 μου
967 4287 996 4338 6
1030 4288 1193 4360 ἀνήρ.
1228 4288 1371 4359 Ἐγὼ
1399 4291 1509 4360 γὰρ
1557 4294 1862 4366 ἑφέλκομαι

274 4371 375 4436 τὰς
405 4371 585 4444 ψυχὰς
630 4376 772 4447 πρὸς
797 4376 896 4449 τὴν
945 4381 1025 4445 τίς
1053 4382 1290 4453 Χριστὸν
1341 4385 1529 4442 πίστιν
1548 4405 1564 4421 ο
1611 4389 1775 4454 αὑτὸς
1805 4390 1865 4446 δέ

276 4465 435 4523 ἐστιν,
458 4467 488 4520 6
514 4468 677 4541 ἀνὴρ,
708 4472 737 4525 6
760 4473 988 4539 ταύταις
1026 4476 1239 4547 μέλλων
1263 4479 1631 4554 ἁρμοσθῆναι.

288 4736 535 4811 Ἰσραὴλ,
556 4740 646 4796 διὰ
672 4742 834 4798 τοῦτο
859 4740 1025 4817 ἦλθον
1050 4746 1162 4818 ἐγὼ
1183 4750 1241 4803 ὲν
1274 4750 1352 4822 τῷ
1376 4751 1533 4808 ῦδατι
1561 4754 1868 4824 βαπτίζων.

280 4831 391 4897 Καὶ
420 4831 804 4906 ἐμαρτύρησεν
853 4836 883 4889 6
926 4836 1183 4911 Ἰωάννης
1212 4840 1412 4911 λέγων,
1465 4846 1549 4899 ὅτι
1584 4845 1867 4918 Τεθέαμαι

276 4921 338 4975 τὸ
367 4922 592 4994 Πνεῦμα
618 4926 948 4982 καταϐαῖνον
985 4928 1128 4984 ὡσεὶ
1145 4934 1481 5007 περιστερὰν
1510 4936 1580 5003 ἐξ
1608 4938 1865 5010 οὐρανοῦ,

278 5017 379 5077 καὶ,
398 5013 616 5084 ἔμεινεν
663 5018 753 5072 ἐπ’
781 5020 968 5087 αὑτὸν,
1005 5023 1103 5077 καὶ
1151 5025 1253 5080 οὑκ
1281 5026 1432 5098 ᾔδειν
1462 5030 1625 5085 αὑτόν
1650 5047 1666 5064 ο
1695 5032 1814 5087 ἀλλ’
1840 5036 1870 5088 6

279 5104 504 5176 πέμψας
536 5125 603 5178 με
652 5110 939 5180 βαπτίζειν
976 5116 1035 5169 ὲν
1070 5115 1245 5181 ὑδατι,
1302 5119 1509 5185 ἐκεῖνος
1543 5139 1633 5192 μοι
1663 5118 1819 5178 εἶπεν
1843 5140 1858 5156 ⁸

290 5200 409 5270 Ἐφ’
438 5200 498 5255 ὃν
529 5202 597 5256 ἂν
619 5202 734 5283 ίδῃς
759 5205 820 5259 τὸ
846 5207 1070 5280 Πνεῦμα
1095 5211 1424 5267 καταϐαῖνον
1453 5217 1549 5268 καὶ
1582 5218 1743 5286 μένον
1770 5217 1863 5273 ἐπ’

278 5294 473 5362 αὑτὸν,
490 5288 648 5361 οὗτός
683 5299 836 5353 ἐστιν
886 5302 915 5355 6
967 5300 1249 5372 βαπτίζων
1281 5307 1340 5360 ὲν
1375 5307 1654 5378 Πνεῦματι
1694 5312 1858 5384 ἁγίῳ.

277 5387 454 5456 Κάγὼ
477 5386 725 5460 ἑώρακα,
751 5391 848 5446 καὶ
891 5394 1318 5469 μεμαρτύρηκα,
1359 5400 1444 5453 ὅτι
1467 5394 1623 5465 οὗτός
1655 5404 1808 5458 ἐστιν
1834 5407 1864 5459 6

282 5479 411 5543 Υίρς
442 5479 538 5534 τοῦ
570 5482 729 5539 θεοῦ.
774 5504 800 5545 ι,
869 5485 1086 5559 Ἐπειδὴ
1120 5490 1391 5563 συγγενὴς
1430 5488 1499 5564 ἦν
1528 5493 1623 5549 τοῦ
1650 5496 1860 5569 Κυρίου

277 5573 309 5626 6
333 5572 649 5644 πρόδρομος
685 5592 701 5607 ν
739 5575 873 5647 φησι
900 5579 1009 5649 γὰρ
1037 5579 1066 5632 6
1093 5581 1327 5650 ἄγγελος
1375 5584 1510 5650 πρὸς
1564 5588 1665 5655 τὴν
1711 5588 1862 5659 Παρο

279 5662 433 5720 θάνον
461 5704 479 5730 ,
538 5666 619 5720 ὅτι
685 5685 705 5720 ι
764 5668 895 5724 Ἰδοὺ
957 5672 992 5743 ἠ
1068 5674 1336 5745 συγγενής
1404 5692 1498 5729 σου
1573 5679 1854 5737 Ἐλισάδετ

356 5843 408 5880 ⁸⁸
439 5842 579 5909 Phil.
604 5862 664 5913 ιι,
700 5848 753 5904 8.
832 5849 877 5881 ⁸⁷
912 5849 953 5905 l1
1000 5850 1125 5908 Cur.
1158 5867 1234 5920 χι,
1267 5852 1329 5917 2,
1403 5855 1469 5888 ⁸⁸·
1509 5856 1555 5889 ³⁸
1579 5854 1711 5913 Luc.
1742 5871 1783 5923 ι,
1811 5855 1905 5914 ‘56.

1962 3286 2124 3342 quam
2155 3279 2279 3325 ante
2304 3270 2499 3326 saecula
2537 3271 2745 3336 habuit,
2781 3270 3038 3341 quoniam
3073 3271 3145 3340 si,
3185 3269 3544 3341 quemadmo-

1963 3363 2090 3419 dum
2132 3378 2230 3419 vos
2260 3364 2559 3433 nugamini,
2609 3362 2869 3420 Dominus
2921 3380 2949 3418 a
2980 3362 3150 3418 Maria
3181 3362 3391 3418 initium
3434 3375 3546 3418 Suae

1962 3456 2276 3511 substantia:
2296 3456 2701 3532 assumpsissrt,
2723 3457 2994 3527 quomodo
3019 3459 3163 3526 prior
3183 3455 3370 3513 fuisset
3403 3454 3517 3511 Prae
3533 3484 3549 3497 -

1962 3548 2229 3604 cursore?
2270 3548 2481 3605 Etenim
2505 3548 2817 3606 Prwcursor
2845 3547 3132 3606 manifeste
3152 3564 3246 3606 sex
3275 3548 3549 3605 mensibus

1964 3638 2257 3695 antecessit
2291 3640 2577 3694 Dominum
2600 3639 2757 3710 juxta
2784 3640 3121 3695 nativitatem
3150 3641 3202 3695 in
3229 3655 3412 3695 carne.
3453 3639 3549 3696 Vir

1968 3742 2152 3785 autem
2197 3730 2399 3784 dicitur
2425 3730 2712 3796 Dominus,
2764 3730 3015 3786 fortassis
3067 3740 3287 3800 propter
3330 3739 3545 3787 aetatem

1964 3819 2284 3891 perlectam.
2332 3822 2586 3890 quoniam
2661 3821 2880 3891 triginta
2942 3836 3209 3876 annorum
3260 3830 3379 3875 erat
3423 3836 3546 3875 cum

1965 3914 2365 3985 baptizaretur.
2390 3914 2666 3970 Fortassis
2687 3924 2864 3971 autem
2897 3915 3038 3984 quod
3070 3923 3124 3969 et
3148 3915 3324 3969 omnis
3353 3915 3547 3977 anime

1965 4010 2049 4060 vir
2078 4007 2169 4073 sit,
2202 4016 2258 4062 et
2293 4006 2550 4063 Ecclesia!
2590 4022 2844 4076 sponsus.
2884 4025 2904 4060 ι
2950 4006 3216 4077 Adaptavi
3255 4006 3423 4071 enim,
3461 4007 3545 4058 iu-

1963 4104 2083 4175 quit
2108 4101 2332 4169 Paulus,
2376 4119 2473 4159 vos
2505 4102 2594 4157 uni
2624 4104 2742 4158 viro
2768 4112 2827 4159 ut
2848 4102 3118 4174 virginem
3152 4114 3355 4157 castam
3392 4101 3547 4156 exhi-

1963 4198 2149 4252 berem
2166 4197 2212 4231 "
2252 4214 2272 4250 ι
2300 4195 2538 4262 Christo,
2566 4196 2796 4252 scilicet.
2840 4196 2984 4252 Dicit
3010 4195 3176 4268 igitur
3194 4196 3543 4251 Pl’iBClll‘SOl':

1965 4290 2078 4360 Ego
2100 4290 2316 4360 quidem
2350 4290 2633 4362 pronubus
2654 4289 3124 4356 etinternuntius,
3159 4289 3334 4345 veniet
3365 4300 3546 4343 autem

1963 4395 2087 4453 post
2131 4398 2216 4438 me
2268 4383 2372 4439 vir.
2422 4381 2559 4438 Nam
2613 4397 2713 4455 ego
2762 4383 2982 4455 quidem
3037 4382 3194 4438 traho
3240 4383 3450 4437 animas
3482 4381 3549 4437 ad

1970 4476 2125 4530 tidem
2178 4474 2232 4530 in
2283 4475 2562 4531 Christum
2605 4492 2620 4531 :
2661 4475 2777 4545 ipse
2820 4484 3001 4531 autem
3054 4475 3136 4529 vir
3171 4484 3253 4530 est
3298 4474 3389 4543 qui
3431 4473 3548 4529 illas

1899 4555 1946 4609 ι)
1974 4568 2076 4623 sibi
2111 4569 2392 4639 adjnnget.

357 4664 379 4699 ι
402 4646 575 4716 Κάγὼ
621 4650 723 4705 οὐκ
770 4651 921 4724 ᾔδειν
954 4654 1119 4709 αὑτόν
1146 4672 1175 4699 ἠ
1199 4656 1316 4712 ἀλλ’
1348 4659 1435 4714 ίνα
1470 4664 1758 4735 φανερωθῇ
1790 4662 1868 4735 τῷ
1894 4682 1907 4691 ‘

2035 4661 2203 4718 Vnus.
2232 4663 2422 4718 51-36.
2464 4681 2483 4715 ι
2530 4662 2599 4716 Ει
2641 4677 2743 4730 ego
2779 4642 3088 4717 nesciebam
3124 4660 3273 4714 illum
3306 4675 3320 4711 :
3353 4658 3446 4714 sed
3490 4668 3549 4713 ut

1965 4757 2351 4813 manifestetur
2404 4755 2612 4821 lsraeli,
2661 4764 2945 4826 propterea
2994 4753 3117 4809 veni
3150 4762 3251 4824 ego
3297 4755 3350 4810 in
3402 4769 3543 4822 aqua

1964 4849 2271 4918 baptizans.
2317 4847 2386 4903 Et
2421 4858 2653 4905 testatus
2704 4856 2788 4904 est
2839 4845 3102 4911 Joannes,
3150 4846 3383 4901 dicens:
3416 4844 3545 4899 Vidi

1970 4941 2233 5012 Spiritum
2260 4942 2681 4998 descendentem
2706 4942 2887 5011 specie
2915 4940 3180 4995 columba:
3207 4939 3273 4993 de
3300 4936 3458 5002 caelo,
3494 4946 3549 4992 et

1969 5033 2170 5089 mansit
2218 5048 2382 5104 super
2420 5049 2567 5099 eum,
2605 5043 2660 5088 et
2698 5048 2799 5103 ego
2843 5033 3181 5088 nesciveram
3232 5046 3354 5085 eum
3406 5032 3546 5084 :sed

1971 5127 2059 5183 hic
2107 5126 2203 5197 qui
2252 5126 2400 5181 misit
2448 5141 2533 5182 me
2574 5133 2631 5179 ut
2679 5124 3009 5194 baptizarem
3069 5138 3231 5194 aqua,
3277 5122 3366 5178 ille
3415 5122 3547 5176 milii

1969 5216 2109 5274 dixit
2155 5235 2167 5272 :
2206 5216 2384 5287 Super
2435 5232 2592 5287 quem
2632 5216 2835 5273 videris
2883 5215 3144 5285 Spiritum
3197 5213 3546 5278 descendere,

1970 5320 2026 5365 et
2065 5325 2287 5365 manere
2313 5325 2479 5381 super
2514 5324 2660 5375 eum,
2694 5309 2782 5365 hic
2807 5320 2889 5364 est
2936 5307 3025 5378 qui
3062 5307 3301 5378 baptizat
3343 5305 3548 5372 Spiritu

1969 5415 2183 5461 sancta.
2216 5404 2281 5458 Et
2315 5418 2415 5473 ego
2445 5404 2554 5457 vidi
2598 5411 2653 5457 et
2695 5409 2920 5457 testatus
2963 5417 3083 5457 sum
3119 5401 3260 5459 hunc
3298 5413 3420 5457 osse
3462 5398 3551 5454 [τίς

1968 5498 2098 5553 lium
2148 5496 2268 5553 Dei.
2315 5515 2334 5548 ι
2368 5496 2630 5565 Quoniam
2676 5507 2939 5565 cognatus
2986 5494 3195 5549 Domini
3246 5504 3362 5549 erat
3402 5492 3547 5548 Prm-

1969 5606 2179 5658 cursor,
2210 5590 2340 5646 dicit
2385 5590 2527 5644 enim
2563 5588 2786 5662 angelus
2817 5588 3011 5660 virgini
3045 5606 3060 5644 :
3105 5587 3276 5642 «Ecce
3309 5594 3538 5656 cognata

1967 5682 2130 5756 525
2149 5693 2235 5738 tua
2255 5681 2533 5740 Elisabeth
2562 5682 2810 5757 concepit
2828 5681 2898 5716 "-
2918 5683 2963 5716 ⁸⁹
2987 5699 3008 5735 ο
3045 5690 3103 5736 ιιι
3124 5696 3192 5737 ne
3224 5679 3345 5755 quis
3370 5678 3550 5751 suspi-
