3920 6576
238 432 370 498 ῙῙἸΊ
908 434 1343 496 ENARRATIO
1383 436 1465 497 IN
1503 434 2000 497 EVANGELIUM
2033 433 2380 496 JOANNIS.
2414 461 2481 475 --
2517 438 2675 500 CAP.
2718 438 2765 499 Ι.
2957 496 2960 499 .
3352 435 3492 504 1178

234 540 390 611 οὗτός
416 547 565 599 ἐστιν
590 547 618 598 6
654 545 780 610 Υἱὸς
810 544 902 599 τοῦ
952 546 1119 615 Θεοῦς
1169 548 1421 618 Οὐδαμοῦ
1473 548 1582 619 γὰρ
1611 549 1813 619 γέγραο

1941 562 2017 603 tes
2037 547 2178 617 quod
2200 549 2287 603 hic
2307 557 2390 602 est
2419 549 2585 606 Filius
2611 551 2703 607 Dei
2728 551 2750 606 l
2770 549 3047 621 Nusquam
3069 550 3212 605 enim
3239 551 3498 619 scriptum

237 657 370 694 πται
396 638 553 693 τοῦτο
573 656 586 670 ·
621 637 795 709 ἀμνὸν
830 638 931 709 μὲν
970 640 1079 710 γὰρ
1118 640 1288 707 λέγει,
1318 641 1444 695 Υίὺν
1468 642 1525 695 δὲ
1556 641 1693 694 Θεοῦ
1720 641 1813 694 ού-

1941 649 2021 700 ιδι.
2075 638 2208 693 Nam
2261 655 2458 707 agnum
2489 642 2706 710 quidem
2759 644 2927 709 dicit,
2958 642 3155 697 Filium
3191 653 3372 699 autem
3408 644 3501 698 Dei

231 728 429 800 δαμοῦ.
492 728 655 782 Ὀθεν
716 727 864 792 εἰκὸς
927 731 1306 801 στοχάζεσθαι,
1369 733 1452 785 ὅτι
1517 734 1614 787 καὶ
1652 734 1814 804 ἕτερα

1941 746 2206 800 tusquatn.
2254 731 2412 793 Unde
2464 733 2757 789 verisimile
2804 744 2888 790 est
2916 735 3226 805 coniectam
3270 737 3427 801 quod.
3448 746 3502 791 et

235 819 455 873 πλείονα
513 819 979 890 παραλέλειπται·
1035 822 1096 875 ού
1154 823 1261 894 γὰρ
1314 824 1496 878 πάντα
1549 825 1817 898 συνεγρά-

1941 825 2069 878 tlura
2113 824 2217 879 alia
2250 825 2616 892 praetermissa
2653 827 2784 882 sint.
2820 826 2937 883 Non
2973 828 3116 885 enim
3151 830 3330 884 omnia
3371 844 3503 884 con-

236 928 436 983 φησαν.
1362 962 1365 963 ,

1941 916 2117 985 cripta
2152 925 2298 971 sunt.
2800 975 2807 982 _

316 1022 336 1057 ι
373 1005 451 1074 Τῇ
488 1004 748 1075 ἐπαύριον
782 1005 942 1059 πάλιν
985 1006 1231 1078 εἱστήκει
1257 1008 1286 1060 6
1325 1008 1601 1079 Ἰωάννης,
1635 1010 1727 1063 καὶ
1752 1010 1818 1067 ἐκ

1992 1008 2155 1063 Vens.
2197 1008 2390 1064 55-57.
2430 1027 2449 1060 ι
2494 1012 2719 1067 Postero
2750 1009 2837 1067 die
2873 1009 3072 1065 iterum
3109 1011 3288 1066 stabat
3337 1010 3504 1067 Joan-

232 1094 342 1149 τῶν
375 1093 636 1166 μαθητῶν
680 1094 845 1150 αὐτοῦ
896 1094 1010 1160 δύο,
1052 1097 1148 1151 καὶ
1196 1097 1476 1167 ὲμσλέψας
1522 1098 1600 1168 τῷ
1642 1098 1816 1170 Ἰησοῦ

1941 1116 2038 1163 tes,
2085 1112 2139 1154 et
2174 1117 2240 1156 ex
2296 1103 2579 1173 discipulis
2630 1103 2750 1172 ejus
2781 1105 2907 1169 duo.
2943 1115 2998 1158 et
3042 1106 3268 1160 intuitus
3318 1104 3502 1159 Jesnm

237 1187 654 1256 περιπατοῦντι,
709 1187 891 1256 λέγει·
925 1190 1031 1243 Ἴδε
1078 1191 1106 1243 6
1134 1191 1307 1261 ἀμνὸς
1354 1190 1450 1244 τοῦ
1497 1191 1656 1246 Θεοῦ.
1710 1194 1820 1246 Καὶ

1941 1193 2312 1259 ttnbulantcttt,
2346 1196 2475 1255 dicit
2508 1211 2523 1251 :
2550 1198 2690 1251 Ecce
2723 1198 2907 1267 Agnus
2937 1196 3025 1251 ille
3060 1197 3174 1251 Dei.
3214 1198 3278 1250 Et
3317 1196 3507 1250 audie-

235 1281 476 1347 ἥκουσαν
523 1278 690 1332 αὑτοῦ
734 1279 786 1332 oi
817 1278 910 1331 δύο
958 1279 1198 1349 μαθηταὶ
1224 1280 1536 1346 λαλοῦντος,
1565 1282 1658 1335 καὶ
1689 1284 1822 1353 ἡκο-

1941 1295 2050 1340 'unt
2096 1302 2220 1345 eum
2273 1288 2381 1344 duo
2426 1288 2675 1359 discipuli
2714 1289 3044 1358 loquentem,
3079 1300 3134 1343 et
3182 1289 3349 1343 secuti
3378 1297 3506 1342 sunt
3586 1304 3589 1307 '

236 1369 507 1437 λούθησαν
544 1368 622 1439 τῷ
684 1368 879 1431 Ἰησοῦ.
922 1389 939 1422 ι
973 1371 1071 1429 Διά
1101 1371 1199 1442 τὴν
1228 1372 1337 1425 τῶν
1375 1373 1680 1427 ἀκουόντων
1718 1377 1814 1445 ρᾳ-

1941 1377 2131 1436 lesum.
2180 1399 2199 1432 ι
2266 1379 2497 1451 Propter
2552 1381 2889 1438 audientium
2955 1381 3231 1452 ignaviam
3297 1381 3507 1450 cogitur

238 1459 438 1530 θυμίαν
472 1460 853 1529 ἀναγκάζεται
880 1461 909 1513 6
954 1461 1208 1532 Ἰωάννης
1234 1465 1302 1517 τὰ
1341 1465 1477 1520 αύτά
1504 1465 1704 1533 λέγειν,
1736 1466 1822 1523 ἴνα

1941 1468 2161 1527 Ioannes
2186 1472 2374 1525 cadent
2403 1474 2604 1532 dicere.
2636 1482 2695 1527 ut
2721 1473 2803 1527 vel
2833 1472 3024 1527 crebro
3050 1471 3363 1526 testimonio
3396 1469 3513 1525 elli-

237 1552 315 1622 τῷ
351 1554 563 1622 συνεχεί
610 1552 739 1619 γοῦν
772 1552 872 1620 τῆς
923 1553 1233 1623 μαρτυρίας
1288 1553 1698 1626 κατεργάσηται
1743 1573 1818 1611 τι.

442 1640 468 1660 τ
739 1643 763 1660 ..
831 1644 842 1660 .
903 1643 986 1660 ιι.
1275 1646 1327 1660 ..
1498 1647 1521 1660 η
1611 1648 1619 1660 .

1941 1565 2032 1619 :iat
2058 1566 2263 1636 aliquid
2300 1584 2313 1620 :
2346 1581 2525 1637 neque
2550 1566 2716 1624 falsus
2748 1579 2830 1624 est
2860 1586 2873 1621 :
2901 1567 3118 1623 Christo
3147 1567 3291 1623 enim
3319 1566 3505 1620 statim

241 1645 354 1698 Οὐκ
410 1643 504 1697 οῦν
558 1644 683 1698 οὐδὲ
732 1643 1051 1713 διεψεύσθη,
1082 1645 1218 1700 ἀλλά
1270 1646 1364 1700 δύο
1414 1647 1665 1719 μαθητὰς
1689 1666 1824 1720 προ-

1943 1658 2060 1715 luos
2101 1659 2396 1729 discipulos
2432 1661 2650 1716 obtulit.
2679 1661 2815 1717 Nam
2856 1677 2981 1715 cunt
3009 1676 3195 1715 revera
3232 1659 3510 1730 pronubas

242 1741 449 1808 σήγαγε
473 1736 665 1808 (15)τῷ
684 1736 922 1809 Χριστῷ.
948 1737 1334 1808 Νυμφαγωγὸς
1357 1739 1466 1811 γὰρ
1490 1737 1566 1793 ὢν
1588 1740 1664 1810 τῷ
1688 1739 1822 1806 ὄντι,

1941 1761 2094 1816 :sset,
2124 1753 2304 1807 omnia
2343 1751 2593 1817 faciebat,
2623 1765 2679 1807 ut
2712 1753 3001 1808 humanam
3028 1763 3278 1809 naturam
3312 1765 3511 1820 sponso

241 1828 422 1881 πάντα
452 1827 651 1893 ἐποίει,
681 1828 822 1881 ὥστε
845 1832 1218 1899 προσαγαγεῖν
1247 1829 1324 1898 τῷ
1351 1830 1570 1901 νυμφίῳ
1598 1833 1697 1899 τὴν
1729 1834 1825 1885 ἀν-

1941 1843 2240 1899 tdduceret.
2271 1836 2399 1899 Ideo
2434 1854 2489 1899 et
2515 1845 2761 1900 Christus
2792 1845 3008 1915 quidem
3044 1855 3208 1909 tacet,
3245 1853 3303 1897 ttt
3346 1858 3513 1912 spon-

244 1919 524 1992 θρωπίνην
578 1920 767 1989 φύσιν·
821 1921 901 1974 διὸ
952 1922 1047 1974 καὶ
1086 1923 1114 1975 6
1165 1923 1266 1993 μὲν
1304 1925 1545 1994 Χριστὸς
1585 1926 1714 1996 σιγᾷ
1747 1925 1824 1990 ὡς

1941 1950 2020 1990 ius
2054 1952 2067 1988 :
2100 1937 2383 2006 prunubus
2425 1948 2606 1993 autem
2639 1940 2822 1993 omnia
2857 1938 3114 2008 loquitur.
3152 1938 3217 1991 Et
3252 1936 3513 1991 Dominus

240 2014 496 2083 νυμφίος,
527 2014 556 2067 6
600 2014 658 2069 δὲ
699 2015 958 2086 πρόξενος
994 2018 1212 2071 ἅπαντα
1247 2017 1567 2085 φθέγγεται.
1609 2018 1719 2071 Καὶ
1750 2019 1825 2082 ὡς

1941 2028 2071 2082 sicut
2115 2043 2348 2096 sponsus
2401 2032 2553 2084 venit
2607 2031 2674 2085 ad
2730 2031 3152 2085 multitudinem.
3214 2032 3271 2083 in
3313 2029 3516 2098 nuptiis

241 2106 474 2177 νυμφίος
526 2106 584 2160 δὲ
623 2108 986 2178 παραγίνεται
1016 2108 1152 2179 πρὸς
1192 2109 1253 2164 τὸ
1283 2109 1485 2181 πλῆθος
1521 2110 1549 2163 6
1598 2110 1803 2181 Κύριος

1941 2118 2072 2172 snitu
2099 2134 2207 2172 non
2240 2134 2436 2188 sponsa
2465 2123 2532 2175 ad
2563 2138 2841 2190 sponsum.
2876 2122 2969 2176 sed
3003 2137 3249 2191 sponsus
3267 2123 3332 2175 ad
3362 2123 3512 2175 illam

254 2196 380 2252 Ἐπὶ
409 2199 518 2270 γὰρ
538 2198 646 2252 τῶν
673 2200 868 2270 γάμων
891 2201 990 2271 οὐχ
1017 2203 1050 2271 ἠ
1075 2200 1261 2272 νύμφη
1295 2202 1432 2274 πρὸς
1454 2202 1544 2255 τὸν
1568 2203 1825 2273 νυμφίον,

1941 2210 2059 2271 thit.
2101 2211 2264 2266 etiam
2303 2215 2346 2267 si
2387 2214 2530 2282 regis
2565 2214 2707 2267 [ilius
2736 2216 2827 2269 sit.
2865 2213 2988 2268 Ideo
3029 2223 3083 2268 et
3122 2214 3377 2267 Dominus
3416 2227 3517 2266 na-

242 2290 360 2345 ἀλλ’
393 2284 547 2353 οὗτος
585 2291 721 2362 πρὸς
767 2291 983 2362 ἐκείνην
1032 2291 1241 2357 ἄπεισι,
1286 2293 1389 2346 κᾶν
1440 2292 1704 2363 βασιλέως
1738 2293 1822 2364 εἴη

1941 2314 2106 2356 utram
2134 2312 2382 2357 nostram
2415 2307 2870 2373 deslionsaturns,
2899 2305 3175 2360 descendit
3205 2304 3271 2359 ad
3305 2319 3423 2357 eam
3459 2304 3513 2356 in

244 2385 377 2447 υἱός.
411 2383 502 2437 Διὸ
529 2385 625 2440 καὶ
656 2383 755 2457 τὴν
782 2383 944 2454 φύσιν
974 2383 1134 2456 ήμῖιν
1168 2385 1378 2456 μέλλων
1408 2386 1828 2457 νυμφεύσασθαι

1941 2403 2156 2460 terram,
2187 2406 2239 2448 et
2285 2394 2442 2451 lactis
2472 2399 2672 2465 nuptiis
2699 2408 3007 2468 assumptus
3048 2397 3100 2451 in
3138 2397 3358 2463 malum,
3392 2396 3515 2451 tulit

240 2478 269 2529 6
299 2477 522 2549 Κύριος,
557 2477 762 2547 κατέϐη
797 2476 933 2548 πρὸς
957 2476 1128 2549 αὐτὴν
1159 2480 1252 2531 ἐπὶ
1275 2481 1373 2548 τὴν
1399 2479 1522 2549 γῆν,
1550 2480 1643 2547 καὶ
1673 2494 1830 2547 γενο-

1941 2501 2053 2540 sam
2107 2487 2160 2541 in
2200 2488 2417 2542 domum
2451 2490 2652 2546 Patris.
2711 2491 2900 2561 Itaque
2946 2506 3066 2545 cum
3110 2490 3338 2544 intuitus
3369 2500 3518 2544 esset

248 2568 423 2637 μένων
449 2569 558 2622 τῶν
581 2569 798 2651 γάμων,
827 2571 1019 2626 ἐλαϐεν
1038 2572 1227 2644 αὐτὴν,
1260 2571 1593 2642 ἀναληφθεὶς
1626 2574 1708 2636 εὶς
1734 2574 1828 2625 τὸν

1941 2577 2112 2634 Iesum
2141 2581 2403 2647 Joannes,
2438 2583 2541 2638 hoc
2571 2592 2673 2650 est,
2711 2586 2875 2640 etiam
2922 2585 3296 2654 corporalibus
3343 2581 3517 2638 oculis

244 2655 395 2715 οἷκον
430 2660 520 2714 τὸν
569 2663 859 2732 πατρικόν.
902 2682 921 2716 ί
977 2663 1288 2733 Ἐμὸλέψας
1341 2658 1459 2727 οὖν,
1513 2662 1698 2731 φησὶν,
1748 2660 1827 2732 τῷ

1941 2688 2042 2741 prec
2080 2688 2140 2729 se
2178 2674 2393 2729 tulisset
2438 2678 2690 2744 gaudium
2725 2678 2870 2746 quod
2908 2676 3221 2731 habebatin
3272 2674 3517 2739 Christo,

256 2747 433 2821 ἰησοῦ
463 2755 491 2806 6
535 2749 810 2824 Ἰωάννης,
851 2773 871 2806 ι
915 2754 1187 2817 τουτέστι,
1219 2753 1315 2808 καὶ
1366 2755 1479 2816 τοῖς
1526 2752 1828 2824 ὀφθαλμοῖς

1941 2774 1994 2819 et
2023 2766 2478 2836 admirationem;
2513 2787 2533 2821 ί
2577 2770 2736 2835 Ecce,
2772 2769 2966 2838 inquit,
3016 2768 3204 2838 Agnus
3241 2767 3348 2822 ille.
3393 2784 3412 2819 ι
3449 2767 3518 2823 At

245 2843 655 2914 ἐνδεικνύμενος
699 2846 797 2917 τὴν
828 2847 1003 2918 γαράν
1036 2848 1103 2918 ἣν
1137 2843 1283 2917 εἶχεν
1325 2847 1419 2900 ἐπὶ
1447 2846 1528 2917 τῷ
1577 2845 1823 2918 Χριστῷ,

248 2938 341 2992 καὶ
370 2938 430 2991 τὸ
455 2937 661 3009 θαῦμα,
695 2957 713 2990 t
772 2940 898 3004 Ἴδε,
933 2940 1121 3010 φησὶν,
1169 2943 1197 2994 6
1229 2941 1421 3009 άμνός.
1469 2958 1488 2992 ι
1529 2939 1594 2993 Οί
1624 2940 1680 2993 δὲ
1718 2957 1825 3011 μα-

249 3032 409 3104 θηταὶ
426 3031 673 3104 συνεχέσι
709 3033 1038 3106 μαρτυρίαις
1053 3031 1831 3104 καταμαλαχθέντες,ὴκολού-

1934 2856 2189 2927 discipuli
2236 2860 2446 2915 crebris
2497 2862 2818 2917 testimoniis
2867 2862 3118 2927 detttulsi,
3177 2859 3347 2915 secuti
3389 2867 3520 2914 sunt

1935 2945 2118 3003 Jesum
2151 2968 2166 3009 :
2203 2967 2308 3005 non
2359 2952 2572 3022 quidem
2625 2964 3036 3009 contemnentes
3089 2951 3375 3017 Joannem,
3417 2952 3516 3007 sed

1943 3042 2115 3112 magis
2140 3043 2556 3111 obedientes-ei,
2583 3046 2802 3102 testanti
2827 3048 2894 3100 de
2918 3045 3139 3138 Christo
3166 3045 3415 3101 meliora.

249 3128 423 3195 θησαν
467 3126 547 3198 τῷ
605 3126 819 3196 Ἰησοῦ,
872 3127 933 3181 οὑ
1009 3112 1525 3198 καταφρονήσαντες
1588 3126 1871 3197 Ἶωάννω,
1905 3132 2105 3204 μᾶλλον
2147 3137 2205 3191 δὲ
2253 3138 2571 3204 πεισθέντες
2622 3138 2773 3211 αὐτῷ
2843 3112 3212 3211 patric/096mm
3264 3136 3523 3208 περὶτοῦ

249 3218 488 3290 Χριστοῦ
515 3217 585 3271 τὰ
616 3219 927 3290 κρείττονα.

324 3337 344 3372 ι
382 3318 649 3388 Στραφεὶς
700 3317 755 3371 δὲ
794 3319 822 3371 6
864 3314 1091 3384 Ἰησοῦς,
1129 3316 1222 3370 καὶ
1259 3315 1596 3387 θεασάμενος
1634 3318 1832 3382 αὐτοὺς

2017 3324 2176 3382 Vens.
2202 3326 2293 3389 38,
2328 3327 2419 3383 59.
2457 3344 2476 3379 ι
2512 3326 2817 3382 Conversus
2847 3336 3028 3380 autem
3077 3323 3257 3386 Jesns.
3305 3333 3358 3378 et
3381 3339 3518 3378 con—

250 3413 698 3476 ἁκολουθοῦντας,
728 3411 874 3479 λέγει
899 3412 1082 3476 αὐτοῖς
1102 3427 1118 3449 ο
1145 3411 1210 3464 Τί
1241 3410 1486 3482 {metu}
1518 3413 1582 3466 Οί
1600 3413 1656 3467 δὲ
1679 3412 1832 3468 εἶπον

250 3508 436 3578 αὐτῷ·
474 3504 668 3561 Ῥαὸὄὶ
705 3524 725 3558 ο
789 3502 819 3557 6
864 3502 1086 3571 λέγεται
1141 3504 1601 3574 ἑρμηνευόμενον,
1660 3504 1832 3559 διδά-

249 3600 475 3662 σκαλε,
544 3596 647 3650 ποῦ
746 3597 964 3665 μένεις;
1042 3593 1207 3662 Λέγει
1261 3594 1476 3657 αὐτοῖς·
1543 3594 1830 3666 Ἔρχεσθε,

250 3694 348 3746 καὶ
377 3692 538 3745 ἴδετε.
571 3688 772 3747 ’Βλθον
801 3687 925 3750 οὖν.
956 3688 1052 3741 καὶ
1074 3683 1214 3740 εἶδον
1247 3687 1349 3741 ποῦ
1376 3689 1550 3757 μένει,
1581 3691 1675 3742 καὶ
1699 3689 1832 3759 παρ’

251 3785 405 3856 αὑτῷ
450 3785 673 3855 ἔμειναν
719 3782 817 3853 τὴν
852 3782 1064 3852 ἡμέραν
1094 3780 1334 3851 ἐκείνην.
1373 3781 1513 3850 Ὥρα
1546 3782 1604 3834 δὲ
1645 3776 1713 3851 ἦν
1757 3781 1835 3845 ὠς

250 3878 476 3948 δεκάτη.
511 3896 529 3929 ι
581 3876 640 3930 'O
677 3876 775 3947 μὲν
824 3874 1102 3937 Ματθαῖος
1153 3873 1406 3944 περὶτοῦ
1456 3872 1836 3944 βαπτίσματος

252 3969 351 4025 τοῦ
386 3970 589 4041 Κυρίου
611 3969 1036 4039 διηγησάμενος,
1063 3968 1257 4035 ἀνάγει
1286 3964 1446 4018 αὐτὸν
1474 3966 1637 4030 εὐθὺς
1663 3967 1742 4030 είς
1775 3966 1837 4020 τὸ

252 4066 381 4137 ὅρος
405 4063 909 4135 πειρασθησόμενον
930 4079 944 4095 ο
977 4064 1005 4114 6
1027 4060 1085 4114 δέ
1111 4078 1174 4128 γε
1204 4059 1396 4128 παρὼν
1418 4060 1833 4133 εύαγγελιστὴς,

253 4158 356 4215 ὅσα
387 4156 578 4226 ἐκείνῳ
607 4158 822 4228 εἴρηται
850 4152 1037 4219 ἐάσας,
1069 4155 1137 4207 τά
1163 4153 1300 4223 μετά
1328 4150 1427 4221 τὴν
1456 4151 1521 4204 ἐκ
1554 4150 1648 4205 τοῦ
1677 4152 1837 4223 ὅρους

256 4250 484 4306 κάθοδον
525 4250 816 4319 διηγεῖται.
855 4247 966 4301 Καὶ
1013 4247 1046 4317 ή
1088 4246 1196 4300 τῶν
1248 4246 1502 4317 μαθητῶν
1532 4246 1710 4300 τοίνυν
1741 4245 1836 4300 τοῦ

269 4345 519 4401 ’ῐωάννου
545 4341 924 4411 ἀκολούθησις,
949 4340 1042 4394 καὶ
1066 4340 1203 4410 πρδς
1222 4341 1316 4394 τὸν
1342 4340 1575 4409 Χριστὸν
1604 4339 1834 4403 ἕλευσις,

260 4436 402 4507 μετὰ
460 4434 521 4489 τὸ
573 4432 853 4488 κατελθεῖν
898 4422 964 4485 ἔκ
1006 4431 1101 4485 τοῦ
1146 4431 1303 4500 ὅρους
1338 4431 1434 4484 καὶ
1479 4431 1838 4502 πειρασθῆναι

256 4530 506 4599 γίνεταιο
547 4524 877 4588 δεικνύντος,
928 4518 1106 4595 οἶμαι,
1157 4523 1252 4577 τοῦ
1300 4524 1483 4593 λόγου,
1515 4524 1599 4577 ὅτι
1636 4524 1699 4577 ού
1731 4522 1837 4594 χρὴ

256 4619 577 4678 διδάσκαλόν
604 4635 726 4671 τινα
756 4616 1136 4682 καθίστασθαι,
1166 4616 1215 4668 εί
1258 4617 1332 4686 μὴ
1371 4616 1647 4687 πρότερον
1676 4616 1839 4677 αὐτος

1936 3420 2175 3487 spicatus
2198 3433 2298 3474 eos
2334 3429 2623 3490 sequentes
2652 3435 2736 3484 se,
2764 3419 2896 3474 dicit
2918 3420 3034 3473 eis:
3070 3415 3207 3483 Quid
3240 3415 3521 3484 quzeritisl

1935 3512 2014 3567 Illi
2046 3524 2225 3568 autem
2260 3514 2511 3569 dicebant
2537 3516 2585 3568 ei
2616 3530 2632 3569 :
2662 3513 2863 3577 -l{abbi,
2905 3513 3046 3582 quod
3081 3510 3299 3573 dicitur,
3322 3509 3365 3562 si
3398 3507 3520 3578 quis

1938 3604 2346 3676 interpretetur,
2378 3608 2655 3677 magister,
2709 3607 2799 3661 ubi
2837 3604 3067 3660 manes?
3099 3603 3241 3658 Dicit
3274 3602 3376 3667 eis,
3414 3600 3521 3656 Ve:

1936 3704 2050 3758 nite
2104 3713 2159 3757 et
2202 3704 2398 3757 videte.
2453 3701 2731 3756 Venerunt
2778 3702 2962 3767 igitur,
3016 3707 3071 3754 ct
3123 3697 3375 3751 viderunt
3428 3695 3521 3749 ubi

1939 3808 2183 3851 maneret
2220 3814 2234 3851 :
2274 3807 2327 3850 et
2373 3804 2689 3850 manserunt
2739 3795 2882 3864 apud
2916 3793 3063 3845 illum
3093 3791 3182 3845 die
3226 3790 3334 3843 illo.
3375 3788 3517 3841 "ora

1939 3895 2117 3941 autem
2151 3887 2437 3954 eratqnasi
2482 3884 2713 3939 decima.
2755 3903 2774 3935 ι
2816 3883 3102 3936 Mattltmus
3147 3881 3361 3949 quidem
3395 3896 3516 3935 cum

1939 3980 2005 4033 tle
2034 3979 2361 4049 baptismate
2410 3986 2711 4044 uarrassel,
2769 3977 2949 4030 statim
2992 3975 3244 4028 subducit
3277 3975 3423 4026 illunt
3463 3973 3516 4024 itt

1940 4085 2177 4129 montem
2212 4083 2270 4127 ut
2305 4081 2604 4127 tentaretur
2635 4088 2653 4130 :
2689 4079 2744 4124 at
2789 4083 3027 4138 praesens
3069 4068 3400 4136 evangelista
3437 4081 3522 4119 re-

1944 4168 2086 4222 liClis
2112 4168 2202 4231 iis,
2231 4180 2351 4236 qum
2378 4165 2446 4219 ab
2476 4164 2566 4219 illo
2601 4165 2743 4218 dicta
2773 4170 2918 4241 sunt.
2947 4160 3113 4215 refert
3158 4174 3221 4214 ea
3254 4173 3372 4227 quae
3403 4164 3522 4224 post

1942 4259 2265 4314 descensum
2311 4259 2377 4312 de
2424 4266 2609 4312 monte
2659 4255 2805 4309 facta
2842 4263 2988 4308 sunt.
3031 4253 3198 4322 Igitur
3235 4258 3519 4321 postquam

1943 4351 2010 4404 de
2045 4359 2226 4404 monte
2261 4350 2347 4404 ulti
2382 4357 2619 4403 tentatus
2664 4347 2784 4415 fuit,
2824 4348 3123 4413 descendit,
3160 4347 3409 4415 sequitur
3437 4343 3521 4395 di-

1953 4441 2297 4512 scipulorum,
2328 4438 2551 4494 Joannis
2589 4438 2870 4495 comitatio
2901 4450 2954 4492 et
2982 4452 3238 4492 accessus
3268 4436 3332 4491 ad
3360 4433 3524 4489 Citri-

1943 4546 2108 4593 stnm.
2139 4535 2344 4605 Opinor
2370 4535 2511 4604 quod
2539 4547 2721 4587 sermo
2751 4532 3086 4586 demonstret
3115 4529 3254 4596 quod
3293 4542 3397 4579 non
3429 4528 3525 4577 de-

1946 4632 2071 4685 beat
2098 4629 2295 4697 aliquis
2321 4626 2575 4681 constitui
2608 4627 2820 4687 doctor,
2850 4622 2953 4676 nisi
2985 4621 3135 4691 prius
3157 4620 3222 4671 ad
3246 4616 3520 4684 fastigium

257 4677 501 4770 ἀνελθὼν
538 4716 630 4770 ἐπὶ
682 4714 746 4768 τὸ
791 4713 892 4784 τῆς
925 4677 1332 4784 ἀρετῆςψᾶκρον
1633 4710 1742 4781 γὰρ
1779 4710 1837 4763 τὸ

1948 4677 2070 4685 --ν-
2098 4677 2292 4697 πυτ-η
2616 4677 2627 4679 ἡ
2688 4677 2700 4679 -
2808 4677 2819 4687 .
2987 4677 2997 4691 ,
3377 4677 3402 4684 _

1944 4721 2321 4776 conscenderit
2358 4718 2616 4771 virtutum
2660 4734 2673 4771 :
2708 4719 2809 4771 hoc
2842 4714 2985 4768 enim
3029 4728 3183 4766 mons
3209 4710 3520 4778 signiﬁcat:

254 4809 422 4883 ὅρος)
456 4809 550 4863 καὶ
589 4808 764 4862 πάντα
816 4808 1046 4877 νικήσας
1094 4805 1422 4879 πειρασμὸν,
1452 4804 1561 4874 ἄρῃ
1603 4804 1666 4857 τὸ
1716 4804 1845 4874 τρό-

261 4921 429 4958 παιον
477 4903 617 4956 κατὰ
647 4901 742 4956 τοῦ
795 4900 1171 4973 πειράζοντος.
1235 4898 1617 4952 ’Δκολουθοῦσι
1661 4896 1845 4950 τοίνυν

260 4996 481 5066 πρῶτον
514 4995 563 5049 oi
599 4994 861 5066 μαθηταὶ,
900 4997 993 5047 καὶ
1040 4993 1162 5046 τότε
1198 4991 1478 5063 ἐρωτῶσιν
1530 4989 1695 5044 αὐτὸν
1739 4987 1842 5043 ποῦ

262 5090 439 5157 μένει.
467 5089 542 5145 Οὐ
571 5090 680 5160 γὰρ
708 5086 943 5158 δημοσίᾳ
979 5084 1191 5139 πολλῶν
1220 5085 1527 5153 παρόντων,
1559 5082 1695 5135 ἀλλά
1725 5078 1849 5134 κατ’

261 5180 404 5234 ἰδίαν
429 5180 595 5250 ἐχρῆν
621 5177 972 5249 διαλεχθῆναι
1000 5176 1077 5239 ὡς
1105 5178 1235 5247 περὶ
1258 5174 1592 5243 ἀναγκαίων.
1629 5171 1846 5227 Μᾶλλον

256 5273 343 5336 δὲ,
377 5272 497 5325 οὐδὲ
527 5272 681 5325 αὐτοὶ
702 5270 910 5343 πρῶτοι
939 5269 1241 5340 ἐρωτῶσιν,
1275 5268 1391 5323 ἀλλ’
1420 5271 1447 5322 6
1478 5268 1714 5338 Χριστὸς
1744 5266 1845 5320 αὖε

263 5365 357 5427 τὸς
388 5364 579 5433 νὲνὰγει
601 5366 680 5427 εις
707 5364 767 5417 τὸ
800 5366 1095 5436 ἐρωτῆσαι.
1126 5363 1292 5430 Λέγει
1323 5362 1436 5432 γὰρ
1468 5361 1650 5423 αὐτοῖς
1670 5373 1686 5391 ⁶
1723 5376 1745 5412 ι
1778 5358 1844 5415 Τί

261 5458 517 5528 {rt-reita;
576 5476 595 5510 ι
636 5459 733 5528 οὐχ
772 5457 848 5521 ὡς
889 5457 1097 5525 ἀγνοῶν
1165 5456 1305 5527 (πῶς
1340 5455 1451 5527 γὰρ
1482 5457 1511 5509 6
1548 5454 1702 5518 εἰδὼς
1745 5453 1847 5518 τὰς

261 5553 493 5619 καρδίας
531 5552 641 5607 τῶν
670 5552 974 5624 ἀνθρώπων
1007 5551 1068 5621 ;),
1112 5551 1226 5604 ἀλλ’
1259 5552 1347 5607 ἵνα.
1377 5551 1467 5605 διὰ
1494 5550 1595 5621 τῆς
1624 5551 1838 5622 ἐρωτή-

266 5660 406 5707 σεως
448 5644 892 5714 προσκαλέσηται
937 5644 1132 5707 αὐτοὺς
1164 5647 1242 5707 εἰς
1267 5643 1329 5701 t6.
1360 5644 1535 5697 εἰπεῖν
1572 5642 1599 5696 ὃ
1627 5642 1845 5713 βούλον-

1940 4822 1996 4870 et
2049 4828 2263 4868 omnem
2318 4811 2579 4865 devicerit
2635 4809 3008 4872 tentationem,
3067 4806 3395 4868 triumphum
3454 4801 3525 4855 de

1941 4911 2211 4959 leutatore
2253 4900 2517 4956 referens.
2554 4886 2869 4969 Sequuntur
2897 4899 3062 4965 igitur
3088 4896 3324 4965 primum
3357 4891 3520 4944 disci-

1942 4996 2075 5068 puli,
2126 4992 2179 5051 ei
2227 5004 2357 5050 tunc
2410 4995 2749 5062 interrogant
2798 5007 2918 5046 eum
2978 4990 3067 5042 tthi
3114 4995 3349 5042 maneat.
3400 4984 3520 5036 Non

1943 5085 2104 5158 527
2132 5085 2274 5140 enim
2308 5083 2521 5151 publice
2552 5082 2733 5136 multis
2763 5078 3140 5150 praesentibus.
3168 5077 3260 5128 sed
3295 5074 3520 5128 scorsim

1944 5181 2229 5250 oportebat
2261 5175 2521 5246 colloqui,
2551 5175 2705 5242 quasi
2751 5174 2817 5228 de
2866 5170 3027 5225 rebus
3076 5169 3393 5237 quibusdam
3426 5181 3525 5218 ne—

1946 5270 2226 5327 cessariis.
2292 5269 2408 5324 lmo
2453 5267 2527 5322 illi
2589 5282 2693 5320 non
2748 5266 2959 5335 priores
3007 5263 3365 5324 interrogant,
3426 5255 3523 5310 ειεά

1941 5363 2192 5419 Christus
2250 5363 2395 5431 ipsos
2458 5361 2664 5415 inducit
2726 5359 2792 5411 ad
2859 5357 3324 5426 interrogandum.
3389 5352 3524 5406 Dicit

1940 5457 2085 5512 enim
2111 5456 2212 5521 eis,
2245 5473 2264 5507 ι
2298 5453 2435 5521 Quid
2466 5452 2742 5523 quaeritis?
2769 5471 2787 5504 ι
2825 5467 2928 5505 non
2963 5459 3217 5518 tanquam
3246 5448 3525 5526 ignorans!

1944 5546 2255 5621 [quomodo
2288 5547 2432 5601 cnim
2470 5547 2765 5616 ignoraret,
2799 5544 2889 5613 qui
2922 5544 3126 5599 sciebat
3156 5541 3315 5597 corda
3348 5540 3522 5592 ltotnio.

1946 5639 2153 5714 nlllll?]
2194 5641 2287 5695 sed
2321 5650 2380 5693 ut
2415 5654 2511 5709 per
2546 5638 3028 5710 interrogationem
3080 5639 3397 5707 provocaret
3430 5644 3526 5685 eos

1249 5783 1341 5842 Ex
1371 5756 1713 5844 collatione
1760 5782 1942 5855 codd.
1970 5784 2197 5846 Venet.
2230 5782 2295 5843 S.
2336 5780 2557 5844 Marci.

342 5913 455 5991 £15)
476 5911 609 5971 Cod.
632 5911 720 5967 5|.
758 5909 918 5974 εὐθὺς
949 5910 1290 5981 προσήγαγε.
