  <div class='ocr_page' id='page_1' title='image "/cluster/home/n/w/nwhite01/storage/ocr_20150623/123/hvd.32044019208198/599.png"; bbox 0 0 3920 6588; ppageno 0'>
   <div class='ocr_carea' id='block_1_1' title="bbox 456 435 595 499">
    <p class='ocr_par' dir='ltr' id='par_1_1' title="bbox 456 435 595 499">
     <span class='ocr_line' id='line_1_1' title="bbox 456 435 595 499; baseline 0 -2"><span class='ocrx_word' id='word_1_1' title='bbox 456 435 595 499; x_wconf 74' lang='lat'><strong>1173</strong></span> 
     </span>
    </p>
   </div>
   <div class='ocr_carea' id='block_1_2' title="bbox 1309 435 2750 507">
    <p class='ocr_par' dir='ltr' id='par_1_2' title="bbox 1309 435 2750 507">
     <span class='ocr_line' id='line_1_2' title="bbox 1309 435 2750 507; baseline 0.007 -11"><span class='ocrx_word' id='word_1_2' title='bbox 1309 435 1900 499; x_wconf 73' lang='lat' dir='ltr'><strong>THEOPHYLACTI</strong></span> <span class='ocrx_word' id='word_1_3' title='bbox 1936 438 2354 504; x_wconf 63' lang='lat' dir='ltr'><strong>BULGARIE</strong></span> <span class='ocrx_word' id='word_1_4' title='bbox 2388 443 2750 507; x_wconf 75' lang='lat' dir='ltr'><strong>ARCHIEP.</strong></span> 
     </span>
    </p>
   </div>
   <div class='ocr_carea' id='block_1_3' title="bbox 3511 462 3617 527">
    <p class='ocr_par' dir='ltr' id='par_1_3' title="bbox 3511 462 3617 527">
     <span class='ocr_line' id='line_1_3' title="bbox 3511 462 3617 527; baseline 0.038 -4"><span class='ocrx_word' id='word_1_5' title='bbox 3511 462 3617 527; x_wconf 74' lang='grc' dir='ltr'><strong>11ἓο</strong></span> 
     </span>
    </p>
   </div>
   <div class='ocr_carea' id='block_1_4' title="bbox 452 541 2025 628">
    <p class='ocr_par' dir='ltr' id='par_1_4' title="bbox 452 541 2025 612">
     <span class='ocr_line' id='line_1_4' title="bbox 452 541 2025 612; baseline 0.004 -16"><span class='ocrx_word' id='word_1_6' title='bbox 452 545 522 597; x_wconf 76' lang='lat' dir='ltr'><strong>ad</strong></span> <span class='ocrx_word' id='word_1_7' title='bbox 554 543 842 601; x_wconf 76' lang='lat' dir='ltr'><strong>dicendum</strong></span> <span class='ocrx_word' id='word_1_8' title='bbox 867 542 997 612; x_wconf 83' lang='lat' dir='ltr'><strong>quid</strong></span> <span class='ocrx_word' id='word_1_9' title='bbox 1028 541 1248 600; x_wconf 78' lang='lat' dir='ltr'><strong>vellent.</strong></span> <span class='ocrx_word' id='word_1_10' title='bbox 1289 542 1596 601; x_wconf 68' lang='lat' dir='ltr'><strong>Verisimile</strong></span> <span class='ocrx_word' id='word_1_11' title='bbox 1647 548 1790 602; x_wconf 90' lang='lat' dir='ltr'><strong>enim</strong></span> <span class='ocrx_word' id='word_1_12' title='bbox 1828 556 1915 604; x_wconf 90' lang='lat' dir='ltr'><strong>est</strong></span> <span class='ocrx_word' id='word_1_13' title='bbox 1942 563 2025 603; x_wconf 72' lang='lat' dir='ltr'><strong>eos</strong></span> 
     </span>
    </p>
   </div>
   <div class='ocr_carea' id='block_1_5' title="bbox 2129 541 3613 628">
    <p class='ocr_par' dir='ltr' id='par_1_5' title="bbox 2140 549 3613 628">
     <span class='ocr_line' id='line_1_5' title="bbox 2140 549 3613 628; baseline 0.018 -28"><span class='ocrx_word' id='word_1_14' title='bbox 2140 564 2250 601; x_wconf 82' lang='grc' dir='ltr'><strong>ται.</strong></span> <span class='ocrx_word' id='word_1_15' title='bbox 2284 549 2445 615; x_wconf 73' lang='grc' dir='ltr'><strong>Εἰκὸς</strong></span> <span class='ocrx_word' id='word_1_16' title='bbox 2478 552 2588 622; x_wconf 76' lang='grc' dir='ltr'><strong>γὰρ</strong></span> <span class='ocrx_word' id='word_1_17' title='bbox 2621 552 2820 617; x_wconf 74' lang='grc' dir='ltr'><strong>αὐτοὺς</strong></span> <span class='ocrx_word' id='word_1_18' title='bbox 2847 554 2942 607; x_wconf 76' lang='grc' dir='ltr'><strong>καὶ</strong></span> <span class='ocrx_word' id='word_1_19' title='bbox 2999 553 3271 628; x_wconf 77' lang='grc' dir='ltr'><strong>ὲρυθριᾷν,</strong></span> <span class='ocrx_word' id='word_1_20' title='bbox 3297 563 3378 620; x_wconf 75' lang='grc' dir='ltr'><strong>καὶ</strong></span> <span class='ocrx_word' id='word_1_21' title='bbox 3393 563 3613 628; x_wconf 68' lang='grc' dir='ltr'><strong>δεδοικέναι</strong></span> 
     </span>
    </p>
   </div>
   <div class='ocr_carea' id='block_1_6' title="bbox 449 635 2037 700">
    <p class='ocr_par' dir='ltr' id='par_1_6' title="bbox 449 635 2037 700">
     <span class='ocr_line' id='line_1_6' title="bbox 449 635 2037 700; baseline 0.003 -9"><span class='ocrx_word' id='word_1_22' title='bbox 449 635 763 700; x_wconf 76' lang='lat' dir='ltr'><strong>erubuisse,</strong></span> <span class='ocrx_word' id='word_1_23' title='bbox 796 645 850 691; x_wconf 90' lang='lat' dir='ltr'><strong>et</strong></span> <span class='ocrx_word' id='word_1_24' title='bbox 882 636 1151 691; x_wconf 80' lang='lat' dir='ltr'><strong>reverites</strong></span> <span class='ocrx_word' id='word_1_25' title='bbox 1173 636 1322 693; x_wconf 89' lang='lat' dir='ltr'><strong>illum</strong></span> <span class='ocrx_word' id='word_1_26' title='bbox 1350 652 1475 695; x_wconf 84' lang='lat' dir='ltr'><strong>esse</strong></span> <span class='ocrx_word' id='word_1_27' title='bbox 1503 641 1588 695; x_wconf 92' lang='lat' dir='ltr'><strong>cui</strong></span> <span class='ocrx_word' id='word_1_28' title='bbox 1622 639 1861 698; x_wconf 83' lang='lat' dir='ltr'><strong>Joannes</strong></span> <span class='ocrx_word' id='word_1_29' title='bbox 1884 643 2037 697; x_wconf 87' lang='lat' dir='ltr'><strong>testi-</strong></span> 
     </span>
    </p>
   </div>
   <div class='ocr_carea' id='block_1_7' title="bbox 452 730 2038 799">
    <p class='ocr_par' dir='ltr' id='par_1_7' title="bbox 452 730 2038 799">
     <span class='ocr_line' id='line_1_7' title="bbox 452 730 2038 799; baseline 0.006 -17"><span class='ocrx_word' id='word_1_30' title='bbox 452 731 694 784; x_wconf 79' lang='lat' dir='ltr'><strong>inonium</strong></span> <span class='ocrx_word' id='word_1_31' title='bbox 716 734 837 798; x_wconf 86' lang='lat' dir='ltr'><strong>plus</strong></span> <span class='ocrx_word' id='word_1_32' title='bbox 856 730 1100 799; x_wconf 85' lang='lat' dir='ltr'><strong>quamde</strong></span> <span class='ocrx_word' id='word_1_33' title='bbox 1122 730 1341 788; x_wconf 89' lang='lat' dir='ltr'><strong>homine</strong></span> <span class='ocrx_word' id='word_1_34' title='bbox 1361 733 1600 789; x_wconf 86' lang='lat' dir='ltr'><strong>dederat.</strong></span> <span class='ocrx_word' id='word_1_35' title='bbox 1626 734 1702 789; x_wconf 84' lang='lat' dir='ltr'><strong>Te</strong></span> <span class='ocrx_word' id='word_1_36' title='bbox 1732 745 1911 791; x_wconf 81' lang='lat' dir='ltr'><strong>autem</strong></span> <span class='ocrx_word' id='word_1_37' title='bbox 1943 751 2038 791; x_wconf 86' lang='lat' dir='ltr'><strong>ve-</strong></span> 
     </span>
    </p>
   </div>
   <div class='ocr_carea' id='block_1_8' title="bbox 451 819 2036 896">
    <p class='ocr_par' dir='ltr' id='par_1_8' title="bbox 451 819 2036 896">
     <span class='ocr_line' id='line_1_8' title="bbox 451 819 2036 896; baseline 0.005 -22"><span class='ocrx_word' id='word_1_38' title='bbox 451 819 544 875; x_wconf 88' lang='lat' dir='ltr'><strong>lim</strong></span> <span class='ocrx_word' id='word_1_39' title='bbox 576 821 834 876; x_wconf 84' lang='lat' dir='ltr'><strong>admirari</strong></span> <span class='ocrx_word' id='word_1_40' title='bbox 864 822 1060 876; x_wconf 80' lang='lat' dir='ltr'><strong>bonam</strong></span> <span class='ocrx_word' id='word_1_41' title='bbox 1094 822 1310 878; x_wconf 89' lang='lat' dir='ltr'><strong>illorum</strong></span> <span class='ocrx_word' id='word_1_42' title='bbox 1342 822 1682 880; x_wconf 78' lang='lat' dir='ltr'><strong>all&#39;ectionem</strong></span> <span class='ocrx_word' id='word_1_43' title='bbox 1718 842 1843 896; x_wconf 74' lang='lat' dir='ltr'><strong>erga</strong></span> <span class='ocrx_word' id='word_1_44' title='bbox 1875 827 2036 882; x_wconf 64' lang='lat' dir='ltr'><strong>Chrio</strong></span> 
     </span>
    </p>
   </div>
   <div class='ocr_carea' id='block_1_9' title="bbox 450 910 2036 983">
    <p class='ocr_par' dir='ltr' id='par_1_9' title="bbox 450 910 2036 983">
     <span class='ocr_line' id='line_1_9' title="bbox 450 910 2036 983; baseline 0.005 -17"><span class='ocrx_word' id='word_1_45' title='bbox 450 922 613 966; x_wconf 90' lang='lat' dir='ltr'><strong>stum.</strong></span> <span class='ocrx_word' id='word_1_46' title='bbox 639 910 756 965; x_wconf 83' lang='lat' dir='ltr'><strong>Non</strong></span> <span class='ocrx_word' id='word_1_47' title='bbox 787 913 932 968; x_wconf 91' lang='lat' dir='ltr'><strong>enim</strong></span> <span class='ocrx_word' id='word_1_48' title='bbox 960 915 1135 969; x_wconf 90' lang='lat' dir='ltr'><strong>solum</strong></span> <span class='ocrx_word' id='word_1_49' title='bbox 1165 915 1335 970; x_wconf 90' lang='lat' dir='ltr'><strong>secuti</strong></span> <span class='ocrx_word' id='word_1_50' title='bbox 1363 926 1509 983; x_wconf 89' lang='lat' dir='ltr'><strong>sunt,</strong></span> <span class='ocrx_word' id='word_1_51' title='bbox 1542 918 1635 972; x_wconf 88' lang='lat' dir='ltr'><strong>sed</strong></span> <span class='ocrx_word' id='word_1_52' title='bbox 1669 926 1723 973; x_wconf 90' lang='lat' dir='ltr'><strong>et</strong></span> <span class='ocrx_word' id='word_1_53' title='bbox 1747 917 1919 973; x_wconf 75' lang='lat' dir='ltr'><strong>Rabbi</strong></span> <span class='ocrx_word' id='word_1_54' title='bbox 1946 934 2036 974; x_wconf 83' lang='lat' dir='ltr'><strong>sa-</strong></span> 
     </span>
    </p>
   </div>
   <div class='ocr_carea' id='block_1_10' title="bbox 451 1000 2036 1077">
    <p class='ocr_par' dir='ltr' id='par_1_10' title="bbox 451 1000 2036 1077">
     <span class='ocr_line' id='line_1_10' title="bbox 451 1000 2036 1077; baseline 0.008 -23"><span class='ocrx_word' id='word_1_55' title='bbox 451 1000 649 1066; x_wconf 85' lang='lat' dir='ltr'><strong>lutant,</strong></span> <span class='ocrx_word' id='word_1_56' title='bbox 683 1002 787 1057; x_wconf 88' lang='lat' dir='ltr'><strong>hoc</strong></span> <span class='ocrx_word' id='word_1_57' title='bbox 824 1014 912 1058; x_wconf 87' lang='lat' dir='ltr'><strong>est</strong></span> <span class='ocrx_word' id='word_1_58' title='bbox 937 1006 1216 1074; x_wconf 74' lang='lat' dir='ltr'><strong>magister,</strong></span> <span class='ocrx_word' id='word_1_59' title='bbox 1256 1007 1418 1077; x_wconf 83' lang='lat' dir='ltr'><strong>idque</strong></span> <span class='ocrx_word' id='word_1_60' title='bbox 1445 1023 1567 1062; x_wconf 91' lang='lat' dir='ltr'><strong>cum</strong></span> <span class='ocrx_word' id='word_1_61' title='bbox 1603 1008 1737 1064; x_wconf 86' lang='lat' dir='ltr'><strong>nihil</strong></span> <span class='ocrx_word' id='word_1_62' title='bbox 1766 1011 1940 1065; x_wconf 90' lang='lat' dir='ltr'><strong>adhuc</strong></span> <span class='ocrx_word' id='word_1_63' title='bbox 1968 1012 2036 1067; x_wconf 88' lang='lat' dir='ltr'><strong>ab</strong></span> 
     </span>
    </p>
   </div>
   <div class='ocr_carea' id='block_1_11' title="bbox 449 1093 2038 1174">
    <p class='ocr_par' dir='ltr' id='par_1_11' title="bbox 449 1093 2038 1174">
     <span class='ocr_line' id='line_1_11' title="bbox 449 1093 2038 1174; baseline 0.009 -27"><span class='ocrx_word' id='word_1_64' title='bbox 449 1093 544 1148; x_wconf 90' lang='lat' dir='ltr'><strong>illo</strong></span> <span class='ocrx_word' id='word_1_65' title='bbox 569 1094 872 1152; x_wconf 78' lang='lat' dir='ltr'><strong>audissent.</strong></span> <span class='ocrx_word' id='word_1_66' title='bbox 909 1095 1163 1154; x_wconf 77' lang='lat' dir='ltr'><strong>Volentes</strong></span> <span class='ocrx_word' id='word_1_67' title='bbox 1188 1100 1372 1170; x_wconf 89' lang='lat' dir='ltr'><strong>itaque</strong></span> <span class='ocrx_word' id='word_1_68' title='bbox 1394 1102 1626 1157; x_wconf 89' lang='lat' dir='ltr'><strong>seorsim</strong></span> <span class='ocrx_word' id='word_1_69' title='bbox 1658 1102 1860 1174; x_wconf 88' lang='lat' dir='ltr'><strong>aliquid</strong></span> <span class='ocrx_word' id='word_1_70' title='bbox 1882 1106 1950 1160; x_wconf 84' lang='lat' dir='ltr'><strong>ab</strong></span> <span class='ocrx_word' id='word_1_71' title='bbox 1970 1119 2038 1161; x_wconf 90' lang='lat' dir='ltr'><strong>eo</strong></span> 
     </span>
    </p>
   </div>
   <div class='ocr_carea' id='block_1_12' title="bbox 450 1185 2032 1266">
    <p class='ocr_par' dir='ltr' id='par_1_12' title="bbox 450 1185 2032 1266">
     <span class='ocr_line' id='line_1_12' title="bbox 450 1185 2032 1266; baseline 0.01 -28"><span class='ocrx_word' id='word_1_72' title='bbox 450 1185 684 1250; x_wconf 72' lang='lat' dir='ltr'><strong>dist-ere,</strong></span> <span class='ocrx_word' id='word_1_73' title='bbox 736 1189 1075 1259; x_wconf 81' lang='lat' dir='ltr'><strong>interrogant</strong></span> <span class='ocrx_word' id='word_1_74' title='bbox 1124 1191 1212 1246; x_wconf 89' lang='lat' dir='ltr'><strong>ubi</strong></span> <span class='ocrx_word' id='word_1_75' title='bbox 1258 1202 1497 1248; x_wconf 88' lang='lat' dir='ltr'><strong>maneat.</strong></span> <span class='ocrx_word' id='word_1_76' title='bbox 1538 1194 1596 1250; x_wconf 85' lang='lat' dir='ltr'><strong>In</strong></span> <span class='ocrx_word' id='word_1_77' title='bbox 1651 1196 1835 1266; x_wconf 91' lang='lat' dir='ltr'><strong>quiete</strong></span> <span class='ocrx_word' id='word_1_78' title='bbox 1887 1198 2032 1253; x_wconf 89' lang='lat' dir='ltr'><strong>enim</strong></span> 
     </span>
    </p>
   </div>
   <div class='ocr_carea' id='block_1_13' title="bbox 448 1280 2034 1347">
    <p class='ocr_par' dir='ltr' id='par_1_13' title="bbox 448 1280 2034 1347">
     <span class='ocr_line' id='line_1_13' title="bbox 448 1280 2034 1347; baseline 0.009 -16"><span class='ocrx_word' id='word_1_79' title='bbox 448 1280 792 1336; x_wconf 72' lang='grc' dir='ltr'><strong>εοηιιιιοάἱιιδ</strong></span> <span class='ocrx_word' id='word_1_80' title='bbox 815 1291 868 1335; x_wconf 91' lang='lat' dir='ltr'><strong>et</strong></span> <span class='ocrx_word' id='word_1_81' title='bbox 897 1281 1099 1337; x_wconf 89' lang='lat' dir='ltr'><strong>dicitur</strong></span> <span class='ocrx_word' id='word_1_82' title='bbox 1123 1294 1177 1338; x_wconf 89' lang='lat' dir='ltr'><strong>et</strong></span> <span class='ocrx_word' id='word_1_83' title='bbox 1200 1285 1439 1341; x_wconf 80' lang='lat' dir='ltr'><strong>auditur.</strong></span> <span class='ocrx_word' id='word_1_84' title='bbox 1474 1287 1731 1346; x_wconf 81' lang='lat' dir='ltr'><strong>Dominus</strong></span> <span class='ocrx_word' id='word_1_85' title='bbox 1765 1304 1896 1346; x_wconf 86' lang='lat' dir='ltr'><strong>vero</strong></span> <span class='ocrx_word' id='word_1_86' title='bbox 1927 1305 2034 1347; x_wconf 92' lang='lat' dir='ltr'><strong>non</strong></span> 
     </span>
    </p>
   </div>
   <div class='ocr_carea' id='block_1_14' title="bbox 450 1370 2035 1453">
    <p class='ocr_par' dir='ltr' id='par_1_14' title="bbox 450 1370 2035 1453">
     <span class='ocr_line' id='line_1_14' title="bbox 450 1370 2035 1453; baseline 0.009 -28"><span class='ocrx_word' id='word_1_87' title='bbox 450 1370 580 1425; x_wconf 82' lang='lat' dir='ltr'><strong>dicit</strong></span> <span class='ocrx_word' id='word_1_88' title='bbox 619 1373 698 1425; x_wconf 86' lang='lat' dir='ltr'><strong>eis</strong></span> <span class='ocrx_word' id='word_1_89' title='bbox 738 1375 951 1442; x_wconf 77' lang='lat' dir='ltr'><strong>s&#39;gnum</strong></span> <span class='ocrx_word' id='word_1_90' title='bbox 983 1377 1175 1430; x_wconf 88' lang='lat' dir='ltr'><strong>domus</strong></span> <span class='ocrx_word' id='word_1_91' title='bbox 1209 1393 1225 1431; x_wconf 86' lang='lat'><strong>:</strong></span> <span class='ocrx_word' id='word_1_92' title='bbox 1267 1379 1381 1440; x_wconf 88' lang='lat' dir='ltr'><strong>sed,</strong></span> <span class='ocrx_word' id='word_1_93' title='bbox 1426 1397 1445 1431; x_wconf 80' lang='grc' dir='ltr'>ι</span> <span class='ocrx_word' id='word_1_94' title='bbox 1489 1378 1701 1448; x_wconf 82' lang='lat' dir='ltr'><strong>Venite,</strong></span> <span class='ocrx_word' id='word_1_95' title='bbox 1754 1382 1950 1453; x_wconf 86' lang='lat' dir='ltr'><strong>inquit,</strong></span> <span class='ocrx_word' id='word_1_96' title='bbox 1982 1394 2035 1439; x_wconf 89' lang='lat' dir='ltr'><strong>et</strong></span> 
     </span>
    </p>
   </div>
   <div class='ocr_carea' id='block_1_15' title="bbox 450 1462 2035 1542">
    <p class='ocr_par' dir='ltr' id='par_1_15' title="bbox 450 1462 2035 1542">
     <span class='ocr_line' id='line_1_15' title="bbox 450 1462 2035 1542; baseline 0.013 -28"><span class='ocrx_word' id='word_1_97' title='bbox 450 1462 651 1518; x_wconf 85' lang='lat' dir='ltr'><strong>videte.</strong></span> <span class='ocrx_word' id='word_1_98' title='bbox 688 1484 706 1517; x_wconf 73' lang='grc' dir='ltr'><strong>ι</strong></span> <span class='ocrx_word' id='word_1_99' title='bbox 742 1465 856 1521; x_wconf 87' lang='lat' dir='ltr'><strong>Hoc</strong></span> <span class='ocrx_word' id='word_1_100' title='bbox 883 1479 1060 1523; x_wconf 82' lang='lat' dir='ltr'><strong>autem</strong></span> <span class='ocrx_word' id='word_1_101' title='bbox 1098 1468 1225 1525; x_wconf 90' lang='lat' dir='ltr'><strong>facit</strong></span> <span class='ocrx_word' id='word_1_102' title='bbox 1266 1480 1374 1525; x_wconf 90' lang='lat' dir='ltr'><strong>tum</strong></span> <span class='ocrx_word' id='word_1_103' title='bbox 1412 1481 1467 1527; x_wconf 91' lang='lat' dir='ltr'><strong>ut</strong></span> <span class='ocrx_word' id='word_1_104' title='bbox 1504 1476 1675 1542; x_wconf 75' lang='lat' dir='ltr'><strong>magis</strong></span> <span class='ocrx_word' id='word_1_105' title='bbox 1706 1476 1910 1532; x_wconf 86' lang='lat' dir='ltr'><strong>alliciat</strong></span> <span class='ocrx_word' id='word_1_106' title='bbox 1940 1493 2035 1534; x_wconf 89' lang='lat' dir='ltr'><strong>eos</strong></span> 
     </span>
    </p>
   </div>
   <div class='ocr_carea' id='block_1_16' title="bbox 448 1553 2030 1633">
    <p class='ocr_par' dir='ltr' id='par_1_16' title="bbox 448 1553 2030 1633">
     <span class='ocr_line' id='line_1_16' title="bbox 448 1553 2030 1633; baseline 0.012 -28"><span class='ocrx_word' id='word_1_107' title='bbox 448 1553 517 1606; x_wconf 81' lang='lat' dir='ltr'><strong>ad</strong></span> <span class='ocrx_word' id='word_1_108' title='bbox 540 1559 874 1624; x_wconf 79' lang='lat' dir='ltr'><strong>sequendum</strong></span> <span class='ocrx_word' id='word_1_109' title='bbox 903 1572 983 1623; x_wconf 89' lang='lat' dir='ltr'><strong>se,</strong></span> <span class='ocrx_word' id='word_1_110' title='bbox 1019 1567 1128 1613; x_wconf 91' lang='lat' dir='ltr'><strong>tum</strong></span> <span class='ocrx_word' id='word_1_111' title='bbox 1160 1570 1217 1615; x_wconf 91' lang='lat' dir='ltr'><strong>ut</strong></span> <span class='ocrx_word' id='word_1_112' title='bbox 1242 1565 1436 1631; x_wconf 85' lang='lat' dir='ltr'><strong>probet</strong></span> <span class='ocrx_word' id='word_1_113' title='bbox 1458 1580 1646 1619; x_wconf 89' lang='lat' dir='ltr'><strong>eorum</strong></span> <span class='ocrx_word' id='word_1_114' title='bbox 1675 1567 2030 1633; x_wconf 83' lang='lat' dir='ltr'><strong>desiderium,</strong></span> 
     </span>
    </p>
   </div>
   <div class='ocr_carea' id='block_1_17' title="bbox 450 1644 2034 1726">
    <p class='ocr_par' dir='ltr' id='par_1_17' title="bbox 450 1644 2034 1726">
     <span class='ocr_line' id='line_1_17' title="bbox 450 1644 2034 1726; baseline 0.013 -30"><span class='ocrx_word' id='word_1_115' title='bbox 450 1660 517 1697; x_wconf 87' lang='lat' dir='ltr'><strong>ne</strong></span> <span class='ocrx_word' id='word_1_116' title='bbox 563 1658 860 1715; x_wconf 74' lang='lat' dir='ltr'><strong>graventur</strong></span> <span class='ocrx_word' id='word_1_117' title='bbox 895 1665 962 1704; x_wconf 79' lang='lat' dir='ltr'><strong>ex</strong></span> <span class='ocrx_word' id='word_1_118' title='bbox 1012 1651 1225 1708; x_wconf 81' lang='lat' dir='ltr'><strong>itinere.</strong></span> <span class='ocrx_word' id='word_1_119' title='bbox 1267 1652 1404 1708; x_wconf 77' lang='lat' dir='ltr'><strong>Nam</strong></span> <span class='ocrx_word' id='word_1_120' title='bbox 1432 1656 1476 1710; x_wconf 91' lang='lat' dir='ltr'><strong>si</strong></span> <span class='ocrx_word' id='word_1_121' title='bbox 1511 1655 1702 1726; x_wconf 77' lang='lat' dir='ltr'><strong>frigida</strong></span> <span class='ocrx_word' id='word_1_122' title='bbox 1735 1644 1912 1717; x_wconf 78' lang='lat' dir='ltr'><strong>inente</strong></span> <span class='ocrx_word' id='word_1_123' title='bbox 1938 1675 2034 1716; x_wconf 81' lang='lat' dir='ltr'><strong>ac-</strong></span> 
     </span>
    </p>
   </div>
   <div class='ocr_carea' id='block_1_18' title="bbox 448 1738 2030 1812">
    <p class='ocr_par' dir='ltr' id='par_1_18' title="bbox 448 1738 2030 1812">
     <span class='ocr_line' id='line_1_18' title="bbox 448 1738 2030 1812; baseline 0.011 -23"><span class='ocrx_word' id='word_1_124' title='bbox 448 1738 768 1806; x_wconf 68' lang='lat' dir='ltr'><strong>cessissent,</strong></span> <span class='ocrx_word' id='word_1_125' title='bbox 827 1742 1144 1812; x_wconf 89' lang='lat' dir='ltr'><strong>neutiquam</strong></span> <span class='ocrx_word' id='word_1_126' title='bbox 1198 1743 1267 1798; x_wconf 91' lang='lat' dir='ltr'><strong>ad</strong></span> <span class='ocrx_word' id='word_1_127' title='bbox 1299 1745 1515 1800; x_wconf 89' lang='lat' dir='ltr'><strong>domum</strong></span> <span class='ocrx_word' id='word_1_128' title='bbox 1552 1747 1784 1804; x_wconf 73' lang='lat' dir='ltr'><strong>fuissent</strong></span> <span class='ocrx_word' id='word_1_129' title='bbox 1834 1752 2030 1807; x_wconf 86' lang='lat' dir='ltr'><strong>secuti.</strong></span> 
     </span>
    </p>
   </div>
   <div class='ocr_carea' id='block_1_19' title="bbox 448 1825 2033 1911">
    <p class='ocr_par' dir='ltr' id='par_1_19' title="bbox 448 1825 2033 1911">
     <span class='ocr_line' id='line_1_19' title="bbox 448 1825 2033 1911; baseline 0.013 -32"><span class='ocrx_word' id='word_1_130' title='bbox 448 1825 729 1894; x_wconf 85' lang='lat' dir='ltr'><strong>Quomodo</strong></span> <span class='ocrx_word' id='word_1_131' title='bbox 782 1842 960 1886; x_wconf 87' lang='lat' dir='ltr'><strong>autem</strong></span> <span class='ocrx_word' id='word_1_132' title='bbox 995 1833 1421 1892; x_wconf 59' lang='lat' dir='ltr'><strong>Christussalibi</strong></span> <span class='ocrx_word' id='word_1_133' title='bbox 1458 1838 1589 1893; x_wconf 86' lang='lat' dir='ltr'><strong>dicit</strong></span> <span class='ocrx_word' id='word_1_134' title='bbox 1621 1843 1764 1911; x_wconf 90' lang='lat' dir='ltr'><strong>quod</strong></span> <span class='ocrx_word' id='word_1_135' title='bbox 1799 1862 1818 1894; x_wconf 78' lang='grc' dir='ltr'><strong>ι</strong></span> <span class='ocrx_word' id='word_1_136' title='bbox 1862 1842 2033 1899; x_wconf 84' lang='lat' dir='ltr'><strong>Filius</strong></span> 
     </span>
    </p>
   </div>
   <div class='ocr_carea' id='block_1_20' title="bbox 452 1918 2033 1998">
    <p class='ocr_par' dir='ltr' id='par_1_20' title="bbox 452 1918 2033 1998">
     <span class='ocr_line' id='line_1_20' title="bbox 452 1918 2033 1998; baseline 0.011 -27"><span class='ocrx_word' id='word_1_137' title='bbox 452 1918 689 1975; x_wconf 79' lang='lat' dir='ltr'><strong>hominis</strong></span> <span class='ocrx_word' id='word_1_138' title='bbox 740 1936 845 1976; x_wconf 88' lang='lat' dir='ltr'><strong>nou</strong></span> <span class='ocrx_word' id='word_1_139' title='bbox 899 1922 1101 1980; x_wconf 85' lang='lat' dir='ltr'><strong>habeat</strong></span> <span class='ocrx_word' id='word_1_140' title='bbox 1152 1928 1243 1982; x_wconf 91' lang='lat' dir='ltr'><strong>ubi</strong></span> <span class='ocrx_word' id='word_1_141' title='bbox 1276 1936 1438 1997; x_wconf 89' lang='lat' dir='ltr'><strong>caput</strong></span> <span class='ocrx_word' id='word_1_142' title='bbox 1472 1930 1695 1984; x_wconf 87' lang='lat' dir='ltr'><strong>reclinet</strong></span> <span class='ocrx_word' id='word_1_143' title='bbox 1721 1933 1790 1998; x_wconf 83' lang='grc'><strong>⁸⁸,</strong></span> <span class='ocrx_word' id='word_1_144' title='bbox 1863 1952 1883 1986; x_wconf 73' lang='grc' dir='ltr'><strong>ι</strong></span> <span class='ocrx_word' id='word_1_145' title='bbox 1932 1934 2033 1989; x_wconf 94' lang='lat' dir='ltr'><strong>hoc</strong></span> 
     </span>
    </p>
   </div>
   <div class='ocr_carea' id='block_1_21' title="bbox 448 2008 2033 2078">
    <p class='ocr_par' dir='ltr' id='par_1_21' title="bbox 448 2008 2033 2078">
     <span class='ocr_line' id='line_1_21' title="bbox 448 2008 2033 2078; baseline 0.011 -19"><span class='ocrx_word' id='word_1_146' title='bbox 448 2018 629 2062; x_wconf 83' lang='lat' dir='ltr'><strong>autem</strong></span> <span class='ocrx_word' id='word_1_147' title='bbox 662 2008 780 2065; x_wconf 87' lang='lat' dir='ltr'><strong>loco</strong></span> <span class='ocrx_word' id='word_1_148' title='bbox 812 2012 1027 2068; x_wconf 90' lang='lat' dir='ltr'><strong>videtur</strong></span> <span class='ocrx_word' id='word_1_149' title='bbox 1059 2014 1263 2070; x_wconf 87' lang='lat' dir='ltr'><strong>habere</strong></span> <span class='ocrx_word' id='word_1_150' title='bbox 1296 2016 1556 2073; x_wconf 82' lang='lat' dir='ltr'><strong>domum?</strong></span> <span class='ocrx_word' id='word_1_151' title='bbox 1591 2018 1708 2073; x_wconf 74' lang='lat' dir='ltr'><strong>Non</strong></span> <span class='ocrx_word' id='word_1_152' title='bbox 1746 2020 1860 2076; x_wconf 57' lang='lat' dir='ltr'><strong>haec</strong></span> <span class='ocrx_word' id='word_1_153' title='bbox 1892 2023 2033 2078; x_wconf 88' lang='lat' dir='ltr'><strong>inter</strong></span> 
     </span>
    </p>
   </div>
   <div class='ocr_carea' id='block_1_22' title="bbox 448 2101 2034 2180">
    <p class='ocr_par' dir='ltr' id='par_1_22' title="bbox 448 2101 2034 2180">
     <span class='ocr_line' id='line_1_22' title="bbox 448 2101 2034 2180; baseline 0.011 -28"><span class='ocrx_word' id='word_1_154' title='bbox 448 2113 510 2154; x_wconf 87' lang='lat' dir='ltr'><strong>se</strong></span> <span class='ocrx_word' id='word_1_155' title='bbox 549 2101 835 2158; x_wconf 73' lang='lat' dir='ltr'><strong>dissident.</strong></span> <span class='ocrx_word' id='word_1_156' title='bbox 888 2104 1103 2162; x_wconf 85' lang='lat' dir='ltr'><strong>Etenim</strong></span> <span class='ocrx_word' id='word_1_157' title='bbox 1138 2110 1358 2178; x_wconf 87' lang='lat' dir='ltr'><strong>quando</strong></span> <span class='ocrx_word' id='word_1_158' title='bbox 1391 2111 1521 2165; x_wconf 86' lang='lat' dir='ltr'><strong>dicit</strong></span> <span class='ocrx_word' id='word_1_159' title='bbox 1554 2112 1696 2180; x_wconf 86' lang='lat' dir='ltr'><strong>quod</strong></span> <span class='ocrx_word' id='word_1_160' title='bbox 1735 2130 1754 2165; x_wconf 83' lang='grc' dir='ltr'><strong>ι</strong></span> <span class='ocrx_word' id='word_1_161' title='bbox 1796 2128 1900 2168; x_wconf 93' lang='lat' dir='ltr'><strong>non</strong></span> <span class='ocrx_word' id='word_1_162' title='bbox 1934 2114 2034 2169; x_wconf 88' lang='lat' dir='ltr'><strong>ba-</strong></span> 
     </span>
    </p>
   </div>
   <div class='ocr_carea' id='block_1_23' title="bbox 445 2199 2028 2274">
    <p class='ocr_par' dir='ltr' id='par_1_23' title="bbox 445 2199 2028 2274">
     <span class='ocr_line' id='line_1_23' title="bbox 445 2199 2028 2274; baseline 0.006 -22"><span class='ocrx_word' id='word_1_163' title='bbox 445 2199 571 2252; x_wconf 85' lang='lat' dir='ltr'><strong>beat</strong></span> <span class='ocrx_word' id='word_1_164' title='bbox 615 2200 705 2253; x_wconf 84' lang='lat' dir='ltr'><strong>ubi</strong></span> <span class='ocrx_word' id='word_1_165' title='bbox 749 2211 913 2270; x_wconf 86' lang='lat' dir='ltr'><strong>caput</strong></span> <span class='ocrx_word' id='word_1_166' title='bbox 961 2202 1207 2268; x_wconf 86' lang='lat' dir='ltr'><strong>reclinet,</strong></span> <span class='ocrx_word' id='word_1_167' title='bbox 1249 2221 1269 2256; x_wconf 79' lang='grc'><strong>»</strong></span> <span class='ocrx_word' id='word_1_168' title='bbox 1338 2220 1445 2258; x_wconf 92' lang='lat' dir='ltr'><strong>non</strong></span> <span class='ocrx_word' id='word_1_169' title='bbox 1479 2205 1606 2258; x_wconf 91' lang='lat' dir='ltr'><strong>dicit</strong></span> <span class='ocrx_word' id='word_1_170' title='bbox 1634 2204 1775 2274; x_wconf 89' lang='lat' dir='ltr'><strong>quod</strong></span> <span class='ocrx_word' id='word_1_171' title='bbox 1825 2205 2028 2261; x_wconf 89' lang='lat' dir='ltr'><strong>nullum</strong></span> 
     </span>
    </p>
   </div>
   <div class='ocr_carea' id='block_1_24' title="bbox 445 2290 2033 2364">
    <p class='ocr_par' dir='ltr' id='par_1_24' title="bbox 445 2290 2033 2364">
     <span class='ocr_line' id='line_1_24' title="bbox 445 2290 2033 2364; baseline 0.006 -21"><span class='ocrx_word' id='word_1_172' title='bbox 445 2290 672 2345; x_wconf 91' lang='lat' dir='ltr'><strong>omnino</strong></span> <span class='ocrx_word' id='word_1_173' title='bbox 706 2291 905 2347; x_wconf 86' lang='lat' dir='ltr'><strong>haheat</strong></span> <span class='ocrx_word' id='word_1_174' title='bbox 935 2295 1314 2358; x_wconf 83' lang='lat' dir='ltr'><strong>diversorium,</strong></span> <span class='ocrx_word' id='word_1_175' title='bbox 1351 2295 1444 2349; x_wconf 89' lang='lat' dir='ltr'><strong>sed</strong></span> <span class='ocrx_word' id='word_1_176' title='bbox 1496 2297 1639 2364; x_wconf 87' lang='lat' dir='ltr'><strong>quod</strong></span> <span class='ocrx_word' id='word_1_177' title='bbox 1678 2311 1783 2352; x_wconf 93' lang='lat' dir='ltr'><strong>non</strong></span> <span class='ocrx_word' id='word_1_178' title='bbox 1834 2296 2033 2352; x_wconf 83' lang='lat' dir='ltr'><strong>habeat</strong></span> 
     </span>
    </p>
   </div>
   <div class='ocr_carea' id='block_1_25' title="bbox 445 2381 2031 2456">
    <p class='ocr_par' dir='ltr' id='par_1_25' title="bbox 445 2381 2031 2456">
     <span class='ocr_line' id='line_1_25' title="bbox 445 2381 2031 2456; baseline 0.006 -24"><span class='ocrx_word' id='word_1_179' title='bbox 445 2381 744 2450; x_wconf 88' lang='lat' dir='ltr'><strong>proprium.</strong></span> <span class='ocrx_word' id='word_1_180' title='bbox 798 2381 855 2437; x_wconf 90' lang='lat' dir='ltr'><strong>Si</strong></span> <span class='ocrx_word' id='word_1_181' title='bbox 896 2383 1063 2451; x_wconf 77' lang='lat' dir='ltr'><strong>igitur</strong></span> <span class='ocrx_word' id='word_1_182' title='bbox 1108 2384 1388 2439; x_wconf 80' lang='lat' dir='ltr'><strong>habitabat</strong></span> <span class='ocrx_word' id='word_1_183' title='bbox 1442 2385 1493 2438; x_wconf 92' lang='lat' dir='ltr'><strong>in</strong></span> <span class='ocrx_word' id='word_1_184' title='bbox 1541 2388 1721 2452; x_wconf 88' lang='lat' dir='ltr'><strong>domo,</strong></span> <span class='ocrx_word' id='word_1_185' title='bbox 1762 2402 1867 2440; x_wconf 91' lang='lat' dir='ltr'><strong>non</strong></span> <span class='ocrx_word' id='word_1_186' title='bbox 1902 2402 2031 2456; x_wconf 83' lang='lat' dir='ltr'><strong>pro-</strong></span> 
     </span>
    </p>
   </div>
   <div class='ocr_carea' id='block_1_26' title="bbox 447 2474 2027 2542">
    <p class='ocr_par' dir='ltr' id='par_1_26' title="bbox 447 2474 2027 2542">
     <span class='ocr_line' id='line_1_26' title="bbox 447 2474 2027 2542; baseline 0.005 -17"><span class='ocrx_word' id='word_1_187' title='bbox 447 2474 618 2542; x_wconf 88' lang='lat' dir='ltr'><strong>priam</strong></span> <span class='ocrx_word' id='word_1_188' title='bbox 650 2475 1007 2539; x_wconf 83' lang='lat' dir='ltr'><strong>inhabitahat,</strong></span> <span class='ocrx_word' id='word_1_189' title='bbox 1041 2476 1135 2529; x_wconf 87' lang='lat' dir='ltr'><strong>sed</strong></span> <span class='ocrx_word' id='word_1_190' title='bbox 1170 2475 1423 2530; x_wconf 84' lang='lat' dir='ltr'><strong>alienam.</strong></span> <span class='ocrx_word' id='word_1_191' title='bbox 1458 2475 1573 2528; x_wconf 82' lang='lat' dir='ltr'><strong>Non</strong></span> <span class='ocrx_word' id='word_1_192' title='bbox 1613 2474 1813 2531; x_wconf 81' lang='lat' dir='ltr'><strong>frustra</strong></span> <span class='ocrx_word' id='word_1_193' title='bbox 1845 2489 2027 2533; x_wconf 88' lang='lat' dir='ltr'><strong>autem</strong></span> 
     </span>
    </p>
   </div>
   <div class='ocr_carea' id='block_1_27' title="bbox 445 2564 2028 2636">
    <p class='ocr_par' dir='ltr' id='par_1_27' title="bbox 445 2564 2028 2636">
     <span class='ocr_line' id='line_1_27' title="bbox 445 2564 2028 2636; baseline 0.003 -18"><span class='ocrx_word' id='word_1_194' title='bbox 445 2566 778 2632; x_wconf 71' lang='lat' dir='ltr'><strong>evangelista</strong></span> <span class='ocrx_word' id='word_1_195' title='bbox 817 2566 1058 2634; x_wconf 80' lang='lat' dir='ltr'><strong>assignat</strong></span> <span class='ocrx_word' id='word_1_196' title='bbox 1094 2575 1328 2635; x_wconf 79' lang='lat' dir='ltr'><strong>tempus,</strong></span> <span class='ocrx_word' id='word_1_197' title='bbox 1352 2566 1495 2635; x_wconf 86' lang='lat' dir='ltr'><strong>quod</strong></span> <span class='ocrx_word' id='word_1_198' title='bbox 1527 2564 1693 2620; x_wconf 86' lang='lat' dir='ltr'><strong>fuerit</strong></span> <span class='ocrx_word' id='word_1_199' title='bbox 1718 2566 1847 2620; x_wconf 89' lang='lat' dir='ltr'><strong>hora</strong></span> <span class='ocrx_word' id='word_1_200' title='bbox 1872 2567 2028 2636; x_wconf 87' lang='lat' dir='ltr'><strong>quasi</strong></span> 
     </span>
    </p>
   </div>
   <div class='ocr_carea' id='block_1_28' title="bbox 445 2657 2028 2727">
    <p class='ocr_par' dir='ltr' id='par_1_28' title="bbox 445 2657 2028 2727">
     <span class='ocr_line' id='line_1_28' title="bbox 445 2657 2028 2727; baseline 0.003 -15"><span class='ocrx_word' id='word_1_201' title='bbox 445 2657 676 2721; x_wconf 87' lang='lat' dir='ltr'><strong>decima,</strong></span> <span class='ocrx_word' id='word_1_202' title='bbox 720 2657 816 2712; x_wconf 88' lang='lat' dir='ltr'><strong>sed</strong></span> <span class='ocrx_word' id='word_1_203' title='bbox 863 2667 921 2711; x_wconf 89' lang='lat' dir='ltr'><strong>ut</strong></span> <span class='ocrx_word' id='word_1_204' title='bbox 970 2660 1163 2713; x_wconf 84' lang='lat' dir='ltr'><strong>doceat</strong></span> <span class='ocrx_word' id='word_1_205' title='bbox 1209 2669 1263 2714; x_wconf 88' lang='lat' dir='ltr'><strong>et</strong></span> <span class='ocrx_word' id='word_1_206' title='bbox 1296 2660 1550 2716; x_wconf 84' lang='lat' dir='ltr'><strong>doctores</strong></span> <span class='ocrx_word' id='word_1_207' title='bbox 1598 2671 1655 2715; x_wconf 91' lang='lat' dir='ltr'><strong>et</strong></span> <span class='ocrx_word' id='word_1_208' title='bbox 1709 2660 2028 2727; x_wconf 88' lang='lat' dir='ltr'><strong>discipulos,</strong></span> 
     </span>
    </p>
   </div>
   <div class='ocr_carea' id='block_1_29' title="bbox 444 2750 2031 2822">
    <p class='ocr_par' dir='ltr' id='par_1_29' title="bbox 444 2750 2031 2822">
     <span class='ocr_line' id='line_1_29' title="bbox 444 2750 2031 2822; baseline 0.003 -18"><span class='ocrx_word' id='word_1_209' title='bbox 444 2754 591 2820; x_wconf 76' lang='lat' dir='ltr'><strong>quod</strong></span> <span class='ocrx_word' id='word_1_210' title='bbox 621 2760 842 2820; x_wconf 79' lang='lat' dir='ltr'><strong>propter</strong></span> <span class='ocrx_word' id='word_1_211' title='bbox 875 2750 1079 2805; x_wconf 71' lang='lat' dir='ltr'><strong>mullum</strong></span> <span class='ocrx_word' id='word_1_212' title='bbox 1111 2762 1322 2822; x_wconf 88' lang='lat' dir='ltr'><strong>tempus</strong></span> <span class='ocrx_word' id='word_1_213' title='bbox 1352 2755 1531 2808; x_wconf 89' lang='lat' dir='ltr'><strong>studia</strong></span> <span class='ocrx_word' id='word_1_214' title='bbox 1559 2769 1654 2808; x_wconf 89' lang='lat' dir='ltr'><strong>sua</strong></span> <span class='ocrx_word' id='word_1_215' title='bbox 1690 2752 1905 2808; x_wconf 80' lang='lat' dir='ltr'><strong>dill‘erre</strong></span> <span class='ocrx_word' id='word_1_216' title='bbox 1933 2754 2031 2808; x_wconf 87' lang='lat' dir='ltr'><strong>de-</strong></span> 
     </span>
    </p>
   </div>
   <div class='ocr_carea' id='block_1_30' title="bbox 448 2843 2028 2917">
    <p class='ocr_par' dir='ltr' id='par_1_30' title="bbox 448 2843 2028 2917">
     <span class='ocr_line' id='line_1_30' title="bbox 448 2843 2028 2917; baseline 0.004 -22"><span class='ocrx_word' id='word_1_217' title='bbox 448 2843 630 2907; x_wconf 86' lang='lat' dir='ltr'><strong>beant,</strong></span> <span class='ocrx_word' id='word_1_218' title='bbox 654 2856 831 2910; x_wconf 84' lang='lat' dir='ltr'><strong>neqne</strong></span> <span class='ocrx_word' id='word_1_219' title='bbox 863 2843 1052 2897; x_wconf 89' lang='lat' dir='ltr'><strong>doctor</strong></span> <span class='ocrx_word' id='word_1_220' title='bbox 1084 2854 1346 2911; x_wconf 63' lang='lat' dir='ltr'><strong>praetexat</strong></span> <span class='ocrx_word' id='word_1_221' title='bbox 1369 2844 1596 2915; x_wconf 90' lang='lat' dir='ltr'><strong>aliquid,</strong></span> <span class='ocrx_word' id='word_1_222' title='bbox 1626 2855 1681 2901; x_wconf 90' lang='lat' dir='ltr'><strong>et</strong></span> <span class='ocrx_word' id='word_1_223' title='bbox 1703 2845 1848 2901; x_wconf 81' lang='lat' dir='ltr'><strong>dicat</strong></span> <span class='ocrx_word' id='word_1_224' title='bbox 1886 2847 2028 2917; x_wconf 90' lang='lat' dir='ltr'><strong>quod</strong></span> 
     </span>
    </p>
   </div>
   <div class='ocr_carea' id='block_1_31' title="bbox 445 2935 2029 3008">
    <p class='ocr_par' dir='ltr' id='par_1_31' title="bbox 445 2935 2029 3008">
     <span class='ocr_line' id='line_1_31' title="bbox 445 2935 2029 3008; baseline 0.006 -21"><span class='ocrx_word' id='word_1_225' title='bbox 445 2947 673 3002; x_wconf 78' lang='lat' dir='ltr'><strong>vespere</strong></span> <span class='ocrx_word' id='word_1_226' title='bbox 721 2935 790 2988; x_wconf 89' lang='lat' dir='ltr'><strong>sit</strong></span> <span class='ocrx_word' id='word_1_227' title='bbox 824 2951 839 2988; x_wconf 89' lang='lat'><strong><em>:</em></strong></span> <span class='ocrx_word' id='word_1_228' title='bbox 873 2945 929 2989; x_wconf 90' lang='lat' dir='ltr'><strong>et</strong></span> <span class='ocrx_word' id='word_1_229' title='bbox 974 2935 1271 3005; x_wconf 86' lang='lat' dir='ltr'><strong>discipulus</strong></span> <span class='ocrx_word' id='word_1_230' title='bbox 1299 2937 1435 2991; x_wconf 82' lang='lat' dir='ltr'><strong>sciat</strong></span> <span class='ocrx_word' id='word_1_231' title='bbox 1463 2952 1627 2992; x_wconf 88' lang='lat' dir='ltr'><strong>onme</strong></span> <span class='ocrx_word' id='word_1_232' title='bbox 1664 2946 1875 3008; x_wconf 86' lang='lat' dir='ltr'><strong>tempus</strong></span> <span class='ocrx_word' id='word_1_233' title='bbox 1903 2954 2029 2996; x_wconf 87' lang='lat' dir='ltr'><strong>esse</strong></span> 
     </span>
    </p>
   </div>
   <div class='ocr_carea' id='block_1_32' title="bbox 445 3027 2024 3095">
    <p class='ocr_par' dir='ltr' id='par_1_32' title="bbox 445 3027 2024 3095">
     <span class='ocr_line' id='line_1_32' title="bbox 445 3027 2024 3095; baseline 0.007 -15"><span class='ocrx_word' id='word_1_234' title='bbox 445 3027 726 3095; x_wconf 68' lang='lat' dir='ltr'><strong>doctrinae,</strong></span> <span class='ocrx_word' id='word_1_235' title='bbox 783 3044 885 3084; x_wconf 82' lang='lat' dir='ltr'><strong>nec</strong></span> <span class='ocrx_word' id='word_1_236' title='bbox 926 3028 1288 3086; x_wconf 76' lang='lat' dir='ltr'><strong>din‘ereudum</strong></span> <span class='ocrx_word' id='word_1_237' title='bbox 1326 3033 1567 3088; x_wconf 90' lang='lat' dir='ltr'><strong>auditum</strong></span> <span class='ocrx_word' id='word_1_238' title='bbox 1613 3034 1669 3089; x_wconf 91' lang='lat' dir='ltr'><strong>in</strong></span> <span class='ocrx_word' id='word_1_239' title='bbox 1704 3037 2024 3092; x_wconf 85' lang='lat' dir='ltr'><strong>crastinum.</strong></span> 
     </span>
    </p>
   </div>
   <div class='ocr_carea' id='block_1_33' title="bbox 444 3116 2028 3195">
    <p class='ocr_par' dir='ltr' id='par_1_33' title="bbox 444 3116 2028 3195">
     <span class='ocr_line' id='line_1_33' title="bbox 444 3116 2028 3195; baseline 0.009 -23"><span class='ocrx_word' id='word_1_240' title='bbox 444 3116 583 3175; x_wconf 88' lang='lat' dir='ltr'><strong>Hinc</strong></span> <span class='ocrx_word' id='word_1_241' title='bbox 612 3129 795 3173; x_wconf 86' lang='lat' dir='ltr'><strong>autem</strong></span> <span class='ocrx_word' id='word_1_242' title='bbox 841 3121 1107 3176; x_wconf 78' lang='lat' dir='ltr'><strong>discimus</strong></span> <span class='ocrx_word' id='word_1_243' title='bbox 1129 3125 1275 3194; x_wconf 88' lang='lat' dir='ltr'><strong>quod</strong></span> <span class='ocrx_word' id='word_1_244' title='bbox 1303 3124 1552 3195; x_wconf 90' lang='lat' dir='ltr'><strong>discipuli</strong></span> <span class='ocrx_word' id='word_1_245' title='bbox 1597 3126 1873 3189; x_wconf 87' lang='lat' dir='ltr'><strong>habebant</strong></span> <span class='ocrx_word' id='word_1_246' title='bbox 1898 3144 2028 3185; x_wconf 89' lang='lat' dir='ltr'><strong>ven-</strong></span> 
     </span>
    </p>
   </div>
   <div class='ocr_carea' id='block_1_34' title="bbox 444 3209 2097 3310">
    <p class='ocr_par' dir='ltr' id='par_1_34' title="bbox 444 3209 2097 3310">
     <span class='ocr_line' id='line_1_34' title="bbox 444 3209 2097 3310; baseline 0.01 -48"><span class='ocrx_word' id='word_1_247' title='bbox 444 3214 584 3263; x_wconf 86' lang='lat' dir='ltr'><strong>trem</strong></span> <span class='ocrx_word' id='word_1_248' title='bbox 629 3209 852 3266; x_wconf 88' lang='lat' dir='ltr'><strong>minime</strong></span> <span class='ocrx_word' id='word_1_249' title='bbox 903 3222 1208 3276; x_wconf 88' lang='lat' dir='ltr'><strong>oneratum,</strong></span> <span class='ocrx_word' id='word_1_250' title='bbox 1246 3214 1340 3269; x_wconf 88' lang='lat' dir='ltr'><strong>sed</strong></span> <span class='ocrx_word' id='word_1_251' title='bbox 1367 3214 1587 3285; x_wconf 81' lang='lat' dir='ltr'><strong>jejuniis</strong></span> <span class='ocrx_word' id='word_1_252' title='bbox 1624 3228 1929 3286; x_wconf 83' lang='lat' dir='ltr'><strong>assuetum,</strong></span> <span class='ocrx_word' id='word_1_253' title='bbox 1962 3235 2027 3277; x_wconf 89' lang='lat' dir='ltr'><strong>eo</strong></span> <span class='ocrx_word' id='word_1_254' title='bbox 2052 3250 2097 3310; x_wconf 64' lang='grc' dir='ltr'><em>ε</em></span> 
     </span>
    </p>
   </div>
   <div class='ocr_carea' id='block_1_35' title="bbox 442 3304 2027 3380">
    <p class='ocr_par' dir='ltr' id='par_1_35' title="bbox 442 3304 2027 3380">
     <span class='ocr_line' id='line_1_35' title="bbox 442 3304 2027 3380; baseline 0.008 -26"><span class='ocrx_word' id='word_1_255' title='bbox 442 3304 588 3368; x_wconf 88' lang='lat' dir='ltr'><strong>quod</strong></span> <span class='ocrx_word' id='word_1_256' title='bbox 627 3312 839 3372; x_wconf 87' lang='lat' dir='ltr'><strong>tempus</strong></span> <span class='ocrx_word' id='word_1_257' title='bbox 868 3304 1012 3375; x_wconf 89' lang='lat' dir='ltr'><strong>quod</strong></span> <span class='ocrx_word' id='word_1_258' title='bbox 1058 3305 1151 3360; x_wconf 91' lang='lat' dir='ltr'><strong>alii</strong></span> <span class='ocrx_word' id='word_1_259' title='bbox 1186 3307 1501 3377; x_wconf 87' lang='lat' dir='ltr'><strong>impendunt</strong></span> <span class='ocrx_word' id='word_1_260' title='bbox 1542 3310 1597 3364; x_wconf 91' lang='lat' dir='ltr'><strong>in</strong></span> <span class='ocrx_word' id='word_1_261' title='bbox 1629 3311 1870 3380; x_wconf 83' lang='lat' dir='ltr'><strong>quietem</strong></span> <span class='ocrx_word' id='word_1_262' title='bbox 1907 3328 2027 3369; x_wconf 90' lang='lat' dir='ltr'><strong>cor-</strong></span> 
     </span>
    </p>
   </div>
   <div class='ocr_carea' id='block_1_36' title="bbox 444 3391 2027 3472">
    <p class='ocr_par' dir='ltr' id='par_1_36' title="bbox 444 3391 2027 3472">
     <span class='ocr_line' id='line_1_36' title="bbox 444 3391 2027 3472; baseline 0.009 -27"><span class='ocrx_word' id='word_1_263' title='bbox 444 3391 613 3461; x_wconf 86' lang='lat' dir='ltr'><strong>poris,</strong></span> <span class='ocrx_word' id='word_1_264' title='bbox 641 3392 778 3449; x_wconf 85' lang='lat' dir='ltr'><strong>cibis</strong></span> <span class='ocrx_word' id='word_1_265' title='bbox 812 3396 1043 3463; x_wconf 77' lang='lat' dir='ltr'><strong>gravati,</strong></span> <span class='ocrx_word' id='word_1_266' title='bbox 1075 3406 1130 3451; x_wconf 91' lang='lat' dir='ltr'><strong>et</strong></span> <span class='ocrx_word' id='word_1_267' title='bbox 1173 3411 1278 3451; x_wconf 93' lang='lat' dir='ltr'><strong>non</strong></span> <span class='ocrx_word' id='word_1_268' title='bbox 1308 3399 1551 3455; x_wconf 86' lang='lat' dir='ltr'><strong>valentes</strong></span> <span class='ocrx_word' id='word_1_269' title='bbox 1593 3401 1739 3457; x_wconf 90' lang='lat' dir='ltr'><strong>serio</strong></span> <span class='ocrx_word' id='word_1_270' title='bbox 1765 3404 1917 3472; x_wconf 81' lang='lat' dir='ltr'><strong>operi</strong></span> <span class='ocrx_word' id='word_1_271' title='bbox 1942 3405 2027 3459; x_wconf 92' lang='lat' dir='ltr'><strong>in-</strong></span> 
     </span>
    </p>
   </div>
   <div class='ocr_carea' id='block_1_37' title="bbox 447 3484 2027 3551">
    <p class='ocr_par' dir='ltr' id='par_1_37' title="bbox 447 3484 2027 3551">
     <span class='ocr_line' id='line_1_37' title="bbox 447 3484 2027 3551; baseline 0.009 -14"><span class='ocrx_word' id='word_1_272' title='bbox 447 3484 690 3551; x_wconf 89' lang='lat' dir='ltr'><strong>tendere,</strong></span> <span class='ocrx_word' id='word_1_273' title='bbox 721 3486 821 3540; x_wconf 90' lang='lat' dir='ltr'><strong>hoc</strong></span> <span class='ocrx_word' id='word_1_274' title='bbox 850 3485 926 3540; x_wconf 91' lang='lat' dir='ltr'><strong>illi</strong></span> <span class='ocrx_word' id='word_1_275' title='bbox 951 3486 1300 3543; x_wconf 87' lang='lat' dir='ltr'><strong>insumebant</strong></span> <span class='ocrx_word' id='word_1_276' title='bbox 1327 3488 1380 3541; x_wconf 91' lang='lat' dir='ltr'><strong>in</strong></span> <span class='ocrx_word' id='word_1_277' title='bbox 1410 3491 1735 3547; x_wconf 86' lang='lat' dir='ltr'><strong>doctrinam.</strong></span> <span class='ocrx_word' id='word_1_278' title='bbox 1760 3491 1836 3548; x_wconf 82' lang='lat' dir='ltr'><strong>Ita</strong></span> <span class='ocrx_word' id='word_1_279' title='bbox 1870 3505 2027 3551; x_wconf 90' lang='lat' dir='ltr'><strong>erant</strong></span> 
     </span>
    </p>
   </div>
   <div class='ocr_carea' id='block_1_38' title="bbox 445 3575 2023 3655">
    <p class='ocr_par' dir='ltr' id='par_1_38' title="bbox 445 3575 2023 3655">
     <span class='ocr_line' id='line_1_38' title="bbox 445 3575 2023 3655; baseline 0.01 -27"><span class='ocrx_word' id='word_1_280' title='bbox 445 3588 572 3629; x_wconf 83' lang='lat' dir='ltr'><strong>vere</strong></span> <span class='ocrx_word' id='word_1_281' title='bbox 618 3575 865 3645; x_wconf 86' lang='lat' dir='ltr'><strong>discipuli</strong></span> <span class='ocrx_word' id='word_1_282' title='bbox 919 3576 1145 3633; x_wconf 84' lang='lat' dir='ltr'><strong>Joannis</strong></span> <span class='ocrx_word' id='word_1_283' title='bbox 1189 3580 1412 3651; x_wconf 86' lang='lat' dir='ltr'><strong>jejuniis</strong></span> <span class='ocrx_word' id='word_1_284' title='bbox 1437 3582 1593 3637; x_wconf 83' lang='lat' dir='ltr'><strong>clari.</strong></span> <span class='ocrx_word' id='word_1_285' title='bbox 1636 3583 1771 3641; x_wconf 85' lang='lat' dir='ltr'><strong>Vide</strong></span> <span class='ocrx_word' id='word_1_286' title='bbox 1811 3596 2023 3655; x_wconf 84' lang='lat' dir='ltr'><strong>autem,</strong></span> 
     </span>
    </p>
   </div>
   <div class='ocr_carea' id='block_1_39' title="bbox 444 3668 2022 3748">
    <p class='ocr_par' dir='ltr' id='par_1_39' title="bbox 444 3668 2022 3748">
     <span class='ocr_line' id='line_1_39' title="bbox 444 3668 2022 3748; baseline 0.006 -26"><span class='ocrx_word' id='word_1_287' title='bbox 444 3668 696 3734; x_wconf 88' lang='lat' dir='ltr'><strong>obsecro,</strong></span> <span class='ocrx_word' id='word_1_288' title='bbox 737 3670 881 3747; x_wconf 85' lang='lat' dir='ltr'><strong>quod</strong></span> <span class='ocrx_word' id='word_1_289' title='bbox 922 3670 1177 3727; x_wconf 74' lang='lat' dir='ltr'><strong>Christus</strong></span> <span class='ocrx_word' id='word_1_290' title='bbox 1203 3675 1473 3730; x_wconf 90' lang='lat' dir='ltr'><strong>convertit</strong></span> <span class='ocrx_word' id='word_1_291' title='bbox 1513 3691 1573 3732; x_wconf 90' lang='lat' dir='ltr'><strong>se</strong></span> <span class='ocrx_word' id='word_1_292' title='bbox 1613 3678 1679 3730; x_wconf 89' lang='lat' dir='ltr'><strong>ad</strong></span> <span class='ocrx_word' id='word_1_293' title='bbox 1714 3691 2022 3748; x_wconf 83' lang='lat' dir='ltr'><strong>sequentes,</strong></span> 
     </span>
    </p>
   </div>
   <div class='ocr_carea' id='block_1_40' title="bbox 442 3759 2022 3840">
    <p class='ocr_par' dir='ltr' id='par_1_40' title="bbox 442 3759 2022 3840">
     <span class='ocr_line' id='line_1_40' title="bbox 442 3759 2022 3840; baseline 0.008 -27"><span class='ocrx_word' id='word_1_294' title='bbox 442 3768 500 3813; x_wconf 91' lang='lat' dir='ltr'><strong>et</strong></span> <span class='ocrx_word' id='word_1_295' title='bbox 530 3760 769 3814; x_wconf 90' lang='lat' dir='ltr'><strong>ostendit</strong></span> <span class='ocrx_word' id='word_1_296' title='bbox 808 3760 889 3817; x_wconf 88' lang='lat' dir='ltr'><strong>eis</strong></span> <span class='ocrx_word' id='word_1_297' title='bbox 924 3759 1118 3817; x_wconf 88' lang='lat' dir='ltr'><strong>faciem</strong></span> <span class='ocrx_word' id='word_1_298' title='bbox 1151 3779 1327 3822; x_wconf 86' lang='lat' dir='ltr'><strong>suam.</strong></span> <span class='ocrx_word' id='word_1_299' title='bbox 1366 3765 1478 3821; x_wconf 80' lang='lat' dir='ltr'><strong>Nisi</strong></span> <span class='ocrx_word' id='word_1_300' title='bbox 1527 3768 1670 3822; x_wconf 90' lang='lat' dir='ltr'><strong>enim</strong></span> <span class='ocrx_word' id='word_1_301' title='bbox 1703 3786 1799 3840; x_wconf 91' lang='lat' dir='ltr'><strong>per</strong></span> <span class='ocrx_word' id='word_1_302' title='bbox 1828 3771 2022 3826; x_wconf 91' lang='lat' dir='ltr'><strong>bonam</strong></span> 
     </span>
    </p>
   </div>
   <div class='ocr_carea' id='block_1_41' title="bbox 440 3851 2024 3932">
    <p class='ocr_par' dir='ltr' id='par_1_41' title="bbox 440 3851 2024 3932">
     <span class='ocr_line' id='line_1_41' title="bbox 440 3851 2024 3932; baseline 0.008 -27"><span class='ocrx_word' id='word_1_303' title='bbox 440 3851 809 3922; x_wconf 85' lang='lat' dir='ltr'><strong>operationem</strong></span> <span class='ocrx_word' id='word_1_304' title='bbox 866 3863 1086 3908; x_wconf 88' lang='lat' dir='ltr'><strong>secutus</strong></span> <span class='ocrx_word' id='word_1_305' title='bbox 1125 3854 1296 3912; x_wconf 90' lang='lat' dir='ltr'><strong>fueris</strong></span> <span class='ocrx_word' id='word_1_306' title='bbox 1338 3856 1543 3925; x_wconf 85' lang='lat' dir='ltr'><strong>Jesum,</strong></span> <span class='ocrx_word' id='word_1_307' title='bbox 1586 3876 1692 3914; x_wconf 90' lang='lat' dir='ltr'><strong>non</strong></span> <span class='ocrx_word' id='word_1_308' title='bbox 1740 3866 2024 3932; x_wconf 84' lang='lat' dir='ltr'><strong>pervenies</strong></span> 
     </span>
    </p>
   </div>
   <div class='ocr_carea' id='block_1_42' title="bbox 440 3944 2021 4022">
    <p class='ocr_par' dir='ltr' id='par_1_42' title="bbox 440 3944 2021 4022">
     <span class='ocr_line' id='line_1_42' title="bbox 440 3944 2021 4022; baseline 0.008 -26"><span class='ocrx_word' id='word_1_309' title='bbox 440 3944 508 3996; x_wconf 84' lang='lat' dir='ltr'><strong>ad</strong></span> <span class='ocrx_word' id='word_1_310' title='bbox 540 3945 1050 4014; x_wconf 69' lang='lat' dir='ltr'><strong>contemplationem</strong></span> <span class='ocrx_word' id='word_1_311' title='bbox 1089 3946 1248 4003; x_wconf 83' lang='lat' dir='ltr'><strong>faciei</strong></span> <span class='ocrx_word' id='word_1_312' title='bbox 1290 3950 1527 4017; x_wconf 83' lang='lat' dir='ltr'><strong>Domini,</strong></span> <span class='ocrx_word' id='word_1_313' title='bbox 1578 3969 1755 4022; x_wconf 85' lang='lat' dir='ltr'><strong>neque</strong></span> <span class='ocrx_word' id='word_1_314' title='bbox 1808 3955 1909 4008; x_wconf 87' lang='lat' dir='ltr'><strong>ibis</strong></span> <span class='ocrx_word' id='word_1_315' title='bbox 1954 3956 2021 4009; x_wconf 88' lang='lat' dir='ltr'><strong>ad</strong></span> 
     </span>
    </p>
   </div>
   <div class='ocr_carea' id='block_1_43' title="bbox 442 4034 2021 4111">
    <p class='ocr_par' dir='ltr' id='par_1_43' title="bbox 442 4034 2021 4111">
     <span class='ocr_line' id='line_1_43' title="bbox 442 4034 2021 4111; baseline 0.007 -22"><span class='ocrx_word' id='word_1_316' title='bbox 442 4034 829 4090; x_wconf 88' lang='lat' dir='ltr'><strong>habitationem</strong></span> <span class='ocrx_word' id='word_1_317' title='bbox 860 4035 999 4105; x_wconf 87' lang='lat' dir='ltr'><strong>ejus,</strong></span> <span class='ocrx_word' id='word_1_318' title='bbox 1035 4037 1137 4093; x_wconf 87' lang='lat' dir='ltr'><strong>hoc</strong></span> <span class='ocrx_word' id='word_1_319' title='bbox 1163 4049 1267 4105; x_wconf 88' lang='lat' dir='ltr'><strong>est,</strong></span> <span class='ocrx_word' id='word_1_320' title='bbox 1313 4056 1414 4094; x_wconf 90' lang='lat' dir='ltr'><strong>non</strong></span> <span class='ocrx_word' id='word_1_321' title='bbox 1449 4044 1732 4111; x_wconf 86' lang='lat' dir='ltr'><strong>pervenies</strong></span> <span class='ocrx_word' id='word_1_322' title='bbox 1772 4046 1837 4098; x_wconf 86' lang='lat' dir='ltr'><strong>ad</strong></span> <span class='ocrx_word' id='word_1_323' title='bbox 1904 4046 2021 4100; x_wconf 88' lang='lat' dir='ltr'><strong>illu-</strong></span> 
     </span>
    </p>
   </div>
   <div class='ocr_carea' id='block_1_44' title="bbox 443 4127 2018 4205">
    <p class='ocr_par' dir='ltr' id='par_1_44' title="bbox 443 4127 2018 4205">
     <span class='ocr_line' id='line_1_44' title="bbox 443 4127 2018 4205; baseline 0.009 -26"><span class='ocrx_word' id='word_1_324' title='bbox 443 4127 794 4183; x_wconf 88' lang='lat' dir='ltr'><strong>minationem</strong></span> <span class='ocrx_word' id='word_1_325' title='bbox 844 4130 1042 4185; x_wconf 73' lang='lat' dir='ltr'><strong>divinae</strong></span> <span class='ocrx_word' id='word_1_326' title='bbox 1089 4132 1355 4189; x_wconf 68' lang='lat' dir='ltr'><strong>scientiae.</strong></span> <span class='ocrx_word' id='word_1_327' title='bbox 1393 4132 1527 4188; x_wconf 81' lang='lat' dir='ltr'><strong>Nam</strong></span> <span class='ocrx_word' id='word_1_328' title='bbox 1570 4135 1763 4191; x_wconf 85' lang='lat' dir='ltr'><strong>domus</strong></span> <span class='ocrx_word' id='word_1_329' title='bbox 1790 4137 2018 4205; x_wconf 86' lang='lat' dir='ltr'><strong>Christi,</strong></span> 
     </span>
    </p>
   </div>
   <div class='ocr_carea' id='block_1_45' title="bbox 441 4218 2015 4295">
    <p class='ocr_par' dir='ltr' id='par_1_45' title="bbox 441 4218 2015 4295">
     <span class='ocr_line' id='line_1_45' title="bbox 441 4218 2015 4295; baseline 0.006 -22"><span class='ocrx_word' id='word_1_330' title='bbox 441 4218 551 4273; x_wconf 79' lang='lat' dir='ltr'><strong>lux.</strong></span> <span class='ocrx_word' id='word_1_331' title='bbox 612 4238 630 4271; x_wconf 81' lang='grc' dir='ltr'>ι</span> <span class='ocrx_word' id='word_1_332' title='bbox 662 4219 862 4276; x_wconf 89' lang='lat' dir='ltr'><strong>Lucem</strong></span> <span class='ocrx_word' id='word_1_333' title='bbox 887 4223 1055 4291; x_wconf 87' lang='lat' dir='ltr'><strong>enim,</strong></span> <span class='ocrx_word' id='word_1_334' title='bbox 1087 4224 1282 4295; x_wconf 86' lang='lat' dir='ltr'><strong>inquit,</strong></span> <span class='ocrx_word' id='word_1_335' title='bbox 1308 4225 1515 4280; x_wconf 85' lang='lat' dir='ltr'><strong>habitat</strong></span> <span class='ocrx_word' id='word_1_336' title='bbox 1542 4227 1877 4285; x_wconf 85' lang='lat' dir='ltr'><strong>inaccessam</strong></span> <span class='ocrx_word' id='word_1_337' title='bbox 1898 4232 1966 4287; x_wconf 82' lang='grc'><strong>⁶¹.</strong></span> <span class='ocrx_word' id='word_1_338' title='bbox 1996 4250 2015 4283; x_wconf 77' lang='grc' dir='ltr'><strong>ι</strong></span> 
     </span>
    </p>
   </div>
   <div class='ocr_carea' id='block_1_46' title="bbox 443 4312 2022 4395">
    <p class='ocr_par' dir='ltr' id='par_1_46' title="bbox 443 4312 2022 4395">
     <span class='ocr_line' id='line_1_46' title="bbox 443 4312 2022 4395; baseline 0.009 -28"><span class='ocrx_word' id='word_1_339' title='bbox 443 4312 734 4383; x_wconf 79' lang='lat' dir='ltr'><strong>Propterea</strong></span> <span class='ocrx_word' id='word_1_340' title='bbox 796 4317 900 4371; x_wconf 89' lang='lat' dir='ltr'><strong>nisi</strong></span> <span class='ocrx_word' id='word_1_341' title='bbox 952 4318 1075 4385; x_wconf 89' lang='lat' dir='ltr'><strong>quis</strong></span> <span class='ocrx_word' id='word_1_342' title='bbox 1112 4320 1347 4388; x_wconf 87' lang='lat' dir='ltr'><strong>seipsum</strong></span> <span class='ocrx_word' id='word_1_343' title='bbox 1397 4320 1799 4389; x_wconf 82' lang='lat' dir='ltr'><strong>purificaverit,</strong></span> <span class='ocrx_word' id='word_1_344' title='bbox 1843 4338 1901 4380; x_wconf 88' lang='lat' dir='ltr'><strong>et</strong></span> <span class='ocrx_word' id='word_1_345' title='bbox 1927 4340 2022 4395; x_wconf 81' lang='lat' dir='ltr'><strong>per</strong></span> 
     </span>
    </p>
   </div>
   <div class='ocr_carea' id='block_1_47' title="bbox 441 4406 2020 4482">
    <p class='ocr_par' dir='ltr' id='par_1_47' title="bbox 441 4406 2020 4482">
     <span class='ocr_line' id='line_1_47' title="bbox 441 4406 2020 4482; baseline 0.009 -23"><span class='ocrx_word' id='word_1_346' title='bbox 441 4406 877 4475; x_wconf 78' lang='lat' dir='ltr'><strong>purificationem</strong></span> <span class='ocrx_word' id='word_1_347' title='bbox 908 4418 1130 4465; x_wconf 88' lang='lat' dir='ltr'><strong>secutus</strong></span> <span class='ocrx_word' id='word_1_348' title='bbox 1158 4409 1342 4477; x_wconf 88' lang='lat' dir='ltr'><strong>fuerit,</strong></span> <span class='ocrx_word' id='word_1_349' title='bbox 1383 4415 1656 4482; x_wconf 91' lang='lat' dir='ltr'><strong>quomodo</strong></span> <span class='ocrx_word' id='word_1_350' title='bbox 1683 4414 1910 4471; x_wconf 82' lang='lat' dir='ltr'><strong>scientia</strong></span> <span class='ocrx_word' id='word_1_351' title='bbox 1951 4418 2020 4473; x_wconf 84' lang='lat' dir='ltr'><strong>il-</strong></span> 
     </span>
    </p>
   </div>
   <div class='ocr_carea' id='block_1_48' title="bbox 442 4497 798 4552">
    <p class='ocr_par' dir='ltr' id='par_1_48' title="bbox 442 4497 798 4552">
     <span class='ocr_line' id='line_1_48' title="bbox 442 4497 798 4552; baseline 0.003 -1"><span class='ocrx_word' id='word_1_352' title='bbox 442 4497 798 4552; x_wconf 84' lang='lat' dir='ltr'><strong>lustrabitnr?</strong></span> 
     </span>
    </p>
   </div>
   <div class='ocr_carea' id='block_1_49' title="bbox 2144 640 3618 728">
    <p class='ocr_par' dir='ltr' id='par_1_49' title="bbox 2144 640 3618 728">
     <span class='ocr_line' id='line_1_49' title="bbox 2144 640 3618 728; baseline 0.016 -33"><span class='ocrx_word' id='word_1_353' title='bbox 2144 640 2329 705; x_wconf 71' lang='grc' dir='ltr'><strong>αὐτὸν,</strong></span> <span class='ocrx_word' id='word_1_354' title='bbox 2355 642 2432 707; x_wconf 86' lang='grc' dir='ltr'><strong>ὡς</strong></span> <span class='ocrx_word' id='word_1_355' title='bbox 2466 644 2605 715; x_wconf 82' lang='grc' dir='ltr'><strong>ὑπὲρ</strong></span> <span class='ocrx_word' id='word_1_356' title='bbox 2629 644 2920 715; x_wconf 69' lang='grc' dir='ltr'><strong>ἄνθρωπον</strong></span> <span class='ocrx_word' id='word_1_357' title='bbox 2959 648 3377 720; x_wconf 69' lang='grc' dir='ltr'><strong>μαρτυρούμενον</strong></span> <span class='ocrx_word' id='word_1_358' title='bbox 3405 661 3522 728; x_wconf 64' lang='grc' dir='ltr'><strong>παρὰ</strong></span> <span class='ocrx_word' id='word_1_359' title='bbox 3551 667 3618 719; x_wconf 71' lang='grc' dir='ltr'><strong>τοῦ</strong></span> 
     </span>
    </p>
   </div>
   <div class='ocr_carea' id='block_1_50' title="bbox 2155 731 3618 823">
    <p class='ocr_par' dir='ltr' id='par_1_50' title="bbox 2155 731 3618 823">
     <span class='ocr_line' id='line_1_50' title="bbox 2155 731 3618 823; baseline 0.012 -38"><span class='ocrx_word' id='word_1_360' title='bbox 2155 731 2425 787; x_wconf 75' lang='grc' dir='ltr'><strong>Ἰωάννου.</strong></span> <span class='ocrx_word' id='word_1_361' title='bbox 2476 737 2548 790; x_wconf 77' lang='grc' dir='ltr'>Σὺ</span> <span class='ocrx_word' id='word_1_362' title='bbox 2598 736 2658 789; x_wconf 76' lang='grc' dir='ltr'><strong>δέ</strong></span> <span class='ocrx_word' id='word_1_363' title='bbox 2709 755 2801 808; x_wconf 88' lang='grc' dir='ltr'><strong>μοι</strong></span> <span class='ocrx_word' id='word_1_364' title='bbox 2850 737 3130 808; x_wconf 76' lang='grc' dir='ltr'><strong>θαύμασον</strong></span> <span class='ocrx_word' id='word_1_365' title='bbox 3170 740 3262 811; x_wconf 76' lang='grc' dir='ltr'><strong>τὴν</strong></span> <span class='ocrx_word' id='word_1_366' title='bbox 3291 745 3618 823; x_wconf 69' lang='grc' dir='ltr'><strong>εὐγνωμοσύνην</strong></span> 
     </span>
    </p>
   </div>
   <div class='ocr_carea' id='block_1_51' title="bbox 2143 824 3623 916">
    <p class='ocr_par' dir='ltr' id='par_1_51' title="bbox 2143 824 3623 916">
     <span class='ocr_line' id='line_1_51' title="bbox 2143 824 3623 916; baseline 0.016 -39"><span class='ocrx_word' id='word_1_367' title='bbox 2143 824 2370 882; x_wconf 84' lang='grc' dir='ltr'><strong>τούτων.</strong></span> <span class='ocrx_word' id='word_1_368' title='bbox 2403 828 2476 881; x_wconf 86' lang='grc' dir='ltr'><strong>Οὐ</strong></span> <span class='ocrx_word' id='word_1_369' title='bbox 2521 828 2633 898; x_wconf 77' lang='grc' dir='ltr'><strong>γὰρ</strong></span> <span class='ocrx_word' id='word_1_370' title='bbox 2659 832 2820 901; x_wconf 87' lang='grc' dir='ltr'><strong>μόνον</strong></span> <span class='ocrx_word' id='word_1_371' title='bbox 2848 832 3238 905; x_wconf 77' lang='grc' dir='ltr'><strong>ἠκολούθησαν,</strong></span> <span class='ocrx_word' id='word_1_372' title='bbox 3271 835 3390 891; x_wconf 70' lang='grc' dir='ltr'><strong>ἀλλὰ</strong></span> <span class='ocrx_word' id='word_1_373' title='bbox 3409 843 3484 895; x_wconf 75' lang='grc' dir='ltr'><strong>καὶ</strong></span> <span class='ocrx_word' id='word_1_374' title='bbox 3507 846 3623 916; x_wconf 73' lang='grc' dir='ltr'><strong>ραδδι</strong></span> 
     </span>
    </p>
   </div>
   <div class='ocr_carea' id='block_1_52' title="bbox 2143 915 3622 992">
    <p class='ocr_par' dir='ltr' id='par_1_52' title="bbox 2143 915 3622 992">
     <span class='ocr_line' id='line_1_52' title="bbox 2143 915 3622 992; baseline 0.014 -22"><span class='ocrx_word' id='word_1_375' title='bbox 2143 915 2306 970; x_wconf 73' lang='grc' dir='ltr'><strong>αὐτὸν</strong></span> <span class='ocrx_word' id='word_1_376' title='bbox 2364 917 2656 987; x_wconf 79' lang='grc' dir='ltr'><strong>καλοῦσιν,</strong></span> <span class='ocrx_word' id='word_1_377' title='bbox 2709 919 2738 973; x_wconf 85' lang='grc' dir='ltr'><strong>δ</strong></span> <span class='ocrx_word' id='word_1_378' title='bbox 2795 922 2949 988; x_wconf 67' lang='grc' dir='ltr'><strong>ἔστι,</strong></span> <span class='ocrx_word' id='word_1_379' title='bbox 3012 922 3316 992; x_wconf 74' lang='grc' dir='ltr'><strong>διδάσκαλε,</strong></span> <span class='ocrx_word' id='word_1_380' title='bbox 3378 931 3457 982; x_wconf 70' lang='grc' dir='ltr'><strong>καὶ</strong></span> <span class='ocrx_word' id='word_1_381' title='bbox 3498 935 3622 990; x_wconf 73' lang='grc' dir='ltr'><strong>ταῦτα</strong></span> 
     </span>
    </p>
   </div>
   <div class='ocr_carea' id='block_1_53' title="bbox 2142 1008 3625 1094">
    <p class='ocr_par' dir='ltr' id='par_1_53' title="bbox 2142 1008 3625 1094">
     <span class='ocr_line' id='line_1_53' title="bbox 2142 1008 3625 1094; baseline 0.007 -32"><span class='ocrx_word' id='word_1_382' title='bbox 2142 1008 2296 1063; x_wconf 71' lang='grc' dir='ltr'><strong>οὔπω</strong></span> <span class='ocrx_word' id='word_1_383' title='bbox 2332 1010 2487 1065; x_wconf 78' lang='grc' dir='ltr'><strong>οὐδὲν</strong></span> <span class='ocrx_word' id='word_1_384' title='bbox 2535 1013 2666 1085; x_wconf 77' lang='grc' dir='ltr'><strong>παρ’</strong></span> <span class='ocrx_word' id='word_1_385' title='bbox 2713 1012 2882 1067; x_wconf 80' lang='grc' dir='ltr'><strong>αὐτοῦ</strong></span> <span class='ocrx_word' id='word_1_386' title='bbox 2944 1014 3284 1080; x_wconf 83' lang='grc' dir='ltr'><strong>ἀκούσαντες.</strong></span> <span class='ocrx_word' id='word_1_387' title='bbox 3337 1020 3445 1093; x_wconf 67' lang='grc' dir='ltr'><strong>’ἰδίᾳ</strong></span> <span class='ocrx_word' id='word_1_388' title='bbox 3494 1026 3625 1094; x_wconf 70' lang='grc' dir='ltr'><strong>μέντοι</strong></span> 
     </span>
    </p>
   </div>
   <div class='ocr_carea' id='block_1_54' title="bbox 2143 1101 3622 1180">
    <p class='ocr_par' dir='ltr' id='par_1_54' title="bbox 2143 1101 3622 1180">
     <span class='ocr_line' id='line_1_54' title="bbox 2143 1101 3622 1180; baseline 0.01 -25"><span class='ocrx_word' id='word_1_389' title='bbox 2143 1101 2392 1165; x_wconf 77' lang='grc' dir='ltr'><strong>θέλοντές</strong></span> <span class='ocrx_word' id='word_1_390' title='bbox 2441 1119 2496 1157; x_wconf 89' lang='grc' dir='ltr'><strong>τι</strong></span> <span class='ocrx_word' id='word_1_391' title='bbox 2552 1105 2685 1178; x_wconf 85' lang='grc' dir='ltr'><strong>παρ’</strong></span> <span class='ocrx_word' id='word_1_392' title='bbox 2733 1106 2903 1160; x_wconf 80' lang='grc' dir='ltr'><strong>αὐτοῦ</strong></span> <span class='ocrx_word' id='word_1_393' title='bbox 2962 1106 3174 1178; x_wconf 81' lang='grc' dir='ltr'><strong>μαθεῖν,</strong></span> <span class='ocrx_word' id='word_1_394' title='bbox 3230 1110 3471 1180; x_wconf 78' lang='grc' dir='ltr'><strong>ἐρωτῶσι·</strong></span> <span class='ocrx_word' id='word_1_395' title='bbox 3500 1135 3514 1166; x_wconf 84' lang='grc' dir='ltr'><strong>ι</strong></span> <span class='ocrx_word' id='word_1_396' title='bbox 3546 1120 3622 1171; x_wconf 71' lang='grc' dir='ltr'><strong>Ποῦ</strong></span> 
     </span>
    </p>
   </div>
   <div class='ocr_carea' id='block_1_55' title="bbox 2145 1194 3626 1281">
    <p class='ocr_par' dir='ltr' id='par_1_55' title="bbox 2145 1194 3626 1281">
     <span class='ocr_line' id='line_1_55' title="bbox 2145 1194 3626 1281; baseline 0.011 -33"><span class='ocrx_word' id='word_1_397' title='bbox 2145 1194 2360 1263; x_wconf 72' lang='grc' dir='ltr'><strong>μένειςς</strong></span> <span class='ocrx_word' id='word_1_398' title='bbox 2405 1215 2425 1248; x_wconf 74' lang='lat' dir='ltr'><strong>r</strong></span> <span class='ocrx_word' id='word_1_399' title='bbox 2457 1198 2513 1251; x_wconf 75' lang='grc' dir='ltr'><strong>ὲν</strong></span> <span class='ocrx_word' id='word_1_400' title='bbox 2542 1199 2744 1270; x_wconf 68' lang='grc' dir='ltr'><strong>ἡσυχίᾳ</strong></span> <span class='ocrx_word' id='word_1_401' title='bbox 2773 1201 2884 1271; x_wconf 81' lang='grc' dir='ltr'><strong>γάρ</strong></span> <span class='ocrx_word' id='word_1_402' title='bbox 2921 1201 2983 1255; x_wconf 86' lang='grc' dir='ltr'><strong>τδ</strong></span> <span class='ocrx_word' id='word_1_403' title='bbox 3007 1202 3201 1262; x_wconf 87' lang='grc' dir='ltr'><strong>είπεῖν,</strong></span> <span class='ocrx_word' id='word_1_404' title='bbox 3241 1205 3326 1256; x_wconf 79' lang='grc' dir='ltr'><strong>καὶ</strong></span> <span class='ocrx_word' id='word_1_405' title='bbox 3350 1205 3626 1281; x_wconf 57' lang='lat' dir='ltr'><strong>inﬁtiata?-</strong></span> 
     </span>
    </p>
   </div>
   <div class='ocr_carea' id='block_1_56' title="bbox 2145 1283 3628 1370">
    <p class='ocr_par' dir='ltr' id='par_1_56' title="bbox 2145 1283 3628 1370">
     <span class='ocr_line' id='line_1_56' title="bbox 2145 1283 3628 1370; baseline 0.011 -35"><span class='ocrx_word' id='word_1_406' title='bbox 2145 1283 2494 1355; x_wconf 83' lang='grc' dir='ltr'><strong>μοδιώτερον.</strong></span> <span class='ocrx_word' id='word_1_407' title='bbox 2553 1286 2617 1340; x_wconf 90' lang='lat'><strong>&#39;0</strong></span> <span class='ocrx_word' id='word_1_408' title='bbox 2672 1287 2730 1342; x_wconf 84' lang='grc' dir='ltr'><strong>δὲ</strong></span> <span class='ocrx_word' id='word_1_409' title='bbox 2768 1288 2973 1359; x_wconf 82' lang='grc' dir='ltr'><strong>Κύριος</strong></span> <span class='ocrx_word' id='word_1_410' title='bbox 3014 1290 3075 1343; x_wconf 87' lang='grc' dir='ltr'><strong>οὑ</strong></span> <span class='ocrx_word' id='word_1_411' title='bbox 3113 1289 3261 1357; x_wconf 81' lang='grc' dir='ltr'><strong>λέγει</strong></span> <span class='ocrx_word' id='word_1_412' title='bbox 3306 1293 3466 1357; x_wconf 77' lang='grc' dir='ltr'><strong>αὐτοῖς</strong></span> <span class='ocrx_word' id='word_1_413' title='bbox 3488 1300 3539 1351; x_wconf 65' lang='lat' dir='ltr'><strong>vi</strong></span> <span class='ocrx_word' id='word_1_414' title='bbox 3560 1316 3628 1370; x_wconf 79' lang='grc' dir='ltr'><strong>ση-</strong></span> 
     </span>
    </p>
   </div>
   <div class='ocr_carea' id='block_1_57' title="bbox 2144 1375 3623 1453">
    <p class='ocr_par' dir='ltr' id='par_1_57' title="bbox 2144 1375 3623 1453">
     <span class='ocr_line' id='line_1_57' title="bbox 2144 1375 3623 1453; baseline 0.013 -26"><span class='ocrx_word' id='word_1_415' title='bbox 2144 1377 2274 1444; x_wconf 76' lang='grc' dir='ltr'><strong>μεῖα</strong></span> <span class='ocrx_word' id='word_1_416' title='bbox 2303 1375 2403 1447; x_wconf 83' lang='grc' dir='ltr'><strong>τῆς</strong></span> <span class='ocrx_word' id='word_1_417' title='bbox 2428 1377 2632 1444; x_wconf 74' lang='grc' dir='ltr'><strong>οἰκίας.</strong></span> <span class='ocrx_word' id='word_1_418' title='bbox 2661 1379 2799 1447; x_wconf 70' lang='grc' dir='ltr'><strong>ἀλλ’,</strong></span> <span class='ocrx_word' id='word_1_419' title='bbox 2834 1400 2852 1433; x_wconf 83' lang='grc' dir='ltr'>ι</span> <span class='ocrx_word' id='word_1_420' title='bbox 2888 1381 3179 1453; x_wconf 77' lang='grc' dir='ltr'><strong>Ἔρχεσθε,</strong></span> <span class='ocrx_word' id='word_1_421' title='bbox 3214 1384 3449 1452; x_wconf 47' lang='lat' dir='ltr'><strong>meimei</strong></span> <span class='ocrx_word' id='word_1_422' title='bbox 3468 1388 3623 1446; x_wconf 72' lang='grc' dir='ltr'><strong>ἴδετε.»</strong></span> 
     </span>
    </p>
   </div>
   <div class='ocr_carea' id='block_1_58' title="bbox 2141 1465 3629 1543">
    <p class='ocr_par' dir='ltr' id='par_1_58' title="bbox 2141 1465 3629 1543">
     <span class='ocr_line' id='line_1_58' title="bbox 2141 1465 3629 1543; baseline 0.012 -25"><span class='ocrx_word' id='word_1_423' title='bbox 2141 1465 2314 1520; x_wconf 83' lang='grc' dir='ltr'><strong>Τοῦτο</strong></span> <span class='ocrx_word' id='word_1_424' title='bbox 2338 1466 2395 1520; x_wconf 70' lang='grc' dir='ltr'><strong>δὲ</strong></span> <span class='ocrx_word' id='word_1_425' title='bbox 2435 1472 2600 1533; x_wconf 78' lang='grc' dir='ltr'><strong>ποιεῖ,</strong></span> <span class='ocrx_word' id='word_1_426' title='bbox 2638 1469 2755 1539; x_wconf 76' lang='grc' dir='ltr'><strong>ἅμα</strong></span> <span class='ocrx_word' id='word_1_427' title='bbox 2790 1471 2891 1539; x_wconf 85' lang='grc' dir='ltr'><strong>μὲν</strong></span> <span class='ocrx_word' id='word_1_428' title='bbox 2919 1474 3299 1543; x_wconf 71' lang='grc' dir='ltr'><strong>ἐπισπώμενος</strong></span> <span class='ocrx_word' id='word_1_429' title='bbox 3329 1476 3494 1541; x_wconf 71' lang='grc' dir='ltr'><strong>αὐτοὺς</strong></span> <span class='ocrx_word' id='word_1_430' title='bbox 3514 1480 3629 1536; x_wconf 80' lang='grc' dir='ltr'><strong>πλέον</strong></span> 
     </span>
    </p>
   </div>
   <div class='ocr_carea' id='block_1_59' title="bbox 2141 1558 3629 1634">
    <p class='ocr_par' dir='ltr' id='par_1_59' title="bbox 2141 1558 3629 1634">
     <span class='ocr_line' id='line_1_59' title="bbox 2141 1558 3629 1634; baseline 0.011 -25"><span class='ocrx_word' id='word_1_431' title='bbox 2141 1558 2280 1628; x_wconf 79' lang='grc' dir='ltr'><strong>πρὸς</strong></span> <span class='ocrx_word' id='word_1_432' title='bbox 2303 1559 2405 1631; x_wconf 77' lang='grc' dir='ltr'><strong>τὴν</strong></span> <span class='ocrx_word' id='word_1_433' title='bbox 2433 1559 2817 1632; x_wconf 79' lang='grc' dir='ltr'><strong>ἀκολούθησιν,</strong></span> <span class='ocrx_word' id='word_1_434' title='bbox 2850 1561 2969 1633; x_wconf 73' lang='grc' dir='ltr'><strong>ἅμα</strong></span> <span class='ocrx_word' id='word_1_435' title='bbox 2996 1562 3054 1616; x_wconf 76' lang='grc' dir='ltr'><strong>δὲ</strong></span> <span class='ocrx_word' id='word_1_436' title='bbox 3093 1564 3375 1634; x_wconf 73' lang='grc' dir='ltr'><strong>γυμνάζων</strong></span> <span class='ocrx_word' id='word_1_437' title='bbox 3401 1569 3545 1623; x_wconf 78' lang='grc' dir='ltr'><strong>αὐτῶν</strong></span> <span class='ocrx_word' id='word_1_438' title='bbox 3570 1575 3629 1626; x_wconf 71' lang='grc' dir='ltr'><strong>τὸν</strong></span> 
     </span>
    </p>
   </div>
   <div class='ocr_carea' id='block_1_60' title="bbox 2144 1648 3633 1730">
    <p class='ocr_par' dir='ltr' id='par_1_60' title="bbox 2144 1648 3633 1730">
     <span class='ocr_line' id='line_1_60' title="bbox 2144 1648 3633 1730; baseline 0.01 -29"><span class='ocrx_word' id='word_1_439' title='bbox 2144 1648 2330 1715; x_wconf 86' lang='grc' dir='ltr'><strong>πόθον,</strong></span> <span class='ocrx_word' id='word_1_440' title='bbox 2366 1650 2415 1703; x_wconf 84' lang='grc' dir='ltr'><strong>εί</strong></span> <span class='ocrx_word' id='word_1_441' title='bbox 2444 1649 2521 1724; x_wconf 75' lang='grc' dir='ltr'><strong>μὴ</strong></span> <span class='ocrx_word' id='word_1_442' title='bbox 2546 1652 2884 1723; x_wconf 81' lang='grc' dir='ltr'><strong>ἁποκάμοιεν</strong></span> <span class='ocrx_word' id='word_1_443' title='bbox 2905 1654 3043 1725; x_wconf 74' lang='grc' dir='ltr'><strong>πρὸς</strong></span> <span class='ocrx_word' id='word_1_444' title='bbox 3061 1656 3164 1727; x_wconf 76' lang='grc' dir='ltr'><strong>τὴν</strong></span> <span class='ocrx_word' id='word_1_445' title='bbox 3191 1655 3332 1708; x_wconf 75' lang='grc' dir='ltr'><strong>όδόνο</strong></span> <span class='ocrx_word' id='word_1_446' title='bbox 3354 1659 3398 1709; x_wconf 75' lang='grc' dir='ltr'><strong>εἰ</strong></span> <span class='ocrx_word' id='word_1_447' title='bbox 3422 1660 3510 1729; x_wconf 70' lang='grc' dir='ltr'><strong>γὰρ</strong></span> <span class='ocrx_word' id='word_1_448' title='bbox 3534 1666 3633 1730; x_wconf 69' lang='lat' dir='ltr'><strong>peti</strong></span> 
     </span>
    </p>
   </div>
   <div class='ocr_carea' id='block_1_61' title="bbox 2138 1740 3632 1821">
    <p class='ocr_par' dir='ltr' id='par_1_61' title="bbox 2138 1740 3632 1821">
     <span class='ocr_line' id='line_1_61' title="bbox 2138 1740 3632 1821; baseline 0.009 -26"><span class='ocrx_word' id='word_1_449' title='bbox 2138 1740 2356 1811; x_wconf 81' lang='grc' dir='ltr'><strong>ψυχρᾶς</strong></span> <span class='ocrx_word' id='word_1_450' title='bbox 2384 1741 2611 1816; x_wconf 78' lang='grc' dir='ltr'><strong>γνώμης</strong></span> <span class='ocrx_word' id='word_1_451' title='bbox 2646 1747 2975 1818; x_wconf 81' lang='grc' dir='ltr'><strong>προσῆλθον,</strong></span> <span class='ocrx_word' id='word_1_452' title='bbox 3009 1746 3117 1800; x_wconf 74' lang='grc' dir='ltr'><strong>οὐδ’</strong></span> <span class='ocrx_word' id='word_1_453' title='bbox 3156 1747 3225 1802; x_wconf 83' lang='grc' dir='ltr'><strong>ἂν</strong></span> <span class='ocrx_word' id='word_1_454' title='bbox 3251 1748 3376 1820; x_wconf 65' lang='grc' dir='ltr'><strong>πρὸς</strong></span> <span class='ocrx_word' id='word_1_455' title='bbox 3403 1750 3485 1821; x_wconf 73' lang='grc' dir='ltr'><strong>τὴν</strong></span> <span class='ocrx_word' id='word_1_456' title='bbox 3503 1757 3632 1809; x_wconf 79' lang='grc' dir='ltr'><strong>οἰκίαν</strong></span> 
     </span>
    </p>
   </div>
   <div class='ocr_carea' id='block_1_62' title="bbox 2139 1832 3634 1909">
    <p class='ocr_par' dir='ltr' id='par_1_62' title="bbox 2139 1832 3634 1909">
     <span class='ocr_line' id='line_1_62' title="bbox 2139 1832 3634 1909; baseline 0.009 -24"><span class='ocrx_word' id='word_1_457' title='bbox 2139 1832 2536 1903; x_wconf 79' lang='grc' dir='ltr'><strong>ἠκολούθησαν.</strong></span> <span class='ocrx_word' id='word_1_458' title='bbox 2583 1836 2706 1900; x_wconf 86' lang='grc' dir='ltr'><strong>Πῶς</strong></span> <span class='ocrx_word' id='word_1_459' title='bbox 2733 1836 2791 1889; x_wconf 78' lang='grc' dir='ltr'><strong>δὲ</strong></span> <span class='ocrx_word' id='word_1_460' title='bbox 2827 1836 3059 1907; x_wconf 81' lang='grc' dir='ltr'><strong>ἀλλαχοῦ</strong></span> <span class='ocrx_word' id='word_1_461' title='bbox 3087 1855 3284 1908; x_wconf 80' lang='grc' dir='ltr'><strong>φησιν,</strong></span> <span class='ocrx_word' id='word_1_462' title='bbox 3314 1840 3388 1894; x_wconf 82' lang='grc' dir='ltr'><strong>ὅτι</strong></span> <span class='ocrx_word' id='word_1_463' title='bbox 3418 1859 3443 1895; x_wconf 78' lang='grc' dir='ltr'>ι</span> <span class='ocrx_word' id='word_1_464' title='bbox 3475 1843 3520 1896; x_wconf 89' lang='grc' dir='ltr'>Ὀ</span> <span class='ocrx_word' id='word_1_465' title='bbox 3546 1846 3634 1909; x_wconf 60' lang='lat' dir='ltr'><strong>fit;</strong></span> 
     </span>
    </p>
   </div>
   <div class='ocr_carea' id='block_1_63' title="bbox 2137 1924 3629 2003">
    <p class='ocr_par' dir='ltr' id='par_1_63' title="bbox 2137 1924 3629 2003">
     <span class='ocr_line' id='line_1_63' title="bbox 2137 1924 3629 2003; baseline 0.008 -26"><span class='ocrx_word' id='word_1_466' title='bbox 2137 1924 2232 1977; x_wconf 82' lang='grc' dir='ltr'><strong>τοῦ</strong></span> <span class='ocrx_word' id='word_1_467' title='bbox 2261 1924 2553 1996; x_wconf 81' lang='grc' dir='ltr'><strong>ἀνθρώπου</strong></span> <span class='ocrx_word' id='word_1_468' title='bbox 2578 1927 2679 1980; x_wconf 82' lang='grc' dir='ltr'><strong>οὐκ</strong></span> <span class='ocrx_word' id='word_1_469' title='bbox 2729 1926 2843 1999; x_wconf 67' lang='grc' dir='ltr'><strong>ἔχει</strong></span> <span class='ocrx_word' id='word_1_470' title='bbox 2888 1927 2990 1982; x_wconf 79' lang='grc' dir='ltr'><strong>ποῦ</strong></span> <span class='ocrx_word' id='word_1_471' title='bbox 3039 1929 3140 2000; x_wconf 83' lang='grc' dir='ltr'><strong>τὴν</strong></span> <span class='ocrx_word' id='word_1_472' title='bbox 3178 1931 3405 2003; x_wconf 76' lang='grc' dir='ltr'><strong>κεφαλὴν</strong></span> <span class='ocrx_word' id='word_1_473' title='bbox 3435 1934 3588 1999; x_wconf 78' lang='grc' dir='ltr'><strong>κλῖναι,</strong></span> <span class='ocrx_word' id='word_1_474' title='bbox 3617 1959 3629 1988; x_wconf 82' lang='grc' dir='ltr'><strong>ι</strong></span> 
     </span>
    </p>
   </div>
   <div class='ocr_carea' id='block_1_64' title="bbox 2138 2016 3636 2091">
    <p class='ocr_par' dir='ltr' id='par_1_64' title="bbox 2138 2016 3636 2091">
     <span class='ocr_line' id='line_1_64' title="bbox 2138 2016 3636 2091; baseline 0.007 -19"><span class='ocrx_word' id='word_1_475' title='bbox 2138 2016 2374 2072; x_wconf 69' lang='grc' dir='ltr'><strong>ἐνταῦθα</strong></span> <span class='ocrx_word' id='word_1_476' title='bbox 2398 2017 2455 2072; x_wconf 75' lang='grc' dir='ltr'><strong>δὲ</strong></span> <span class='ocrx_word' id='word_1_477' title='bbox 2479 2017 2730 2086; x_wconf 84' lang='grc' dir='ltr'><strong>φαίνεται</strong></span> <span class='ocrx_word' id='word_1_478' title='bbox 2758 2021 2937 2076; x_wconf 85' lang='grc' dir='ltr'><strong>οίκίαν</strong></span> <span class='ocrx_word' id='word_1_479' title='bbox 2962 2020 3133 2091; x_wconf 77' lang='grc' dir='ltr'><strong>ἔχωνς</strong></span> <span class='ocrx_word' id='word_1_480' title='bbox 3167 2024 3281 2076; x_wconf 72' lang='grc' dir='ltr'><strong>Οὐκ</strong></span> <span class='ocrx_word' id='word_1_481' title='bbox 3301 2025 3506 2079; x_wconf 73' lang='grc' dir='ltr'><strong>ἐναντίον</strong></span> <span class='ocrx_word' id='word_1_482' title='bbox 3522 2028 3636 2083; x_wconf 77' lang='grc' dir='ltr'><strong>τοῦτο</strong></span> 
     </span>
    </p>
   </div>
   <div class='ocr_carea' id='block_1_65' title="bbox 2139 2110 3634 2193">
    <p class='ocr_par' dir='ltr' id='par_1_65' title="bbox 2139 2110 3634 2193">
     <span class='ocr_line' id='line_1_65' title="bbox 2139 2110 3634 2193; baseline 0.007 -31"><span class='ocrx_word' id='word_1_483' title='bbox 2139 2110 2356 2180; x_wconf 76' lang='grc' dir='ltr'><strong>ἐκείνῳ.</strong></span> <span class='ocrx_word' id='word_1_484' title='bbox 2414 2112 2524 2165; x_wconf 81' lang='grc' dir='ltr'><strong>Καὶ</strong></span> <span class='ocrx_word' id='word_1_485' title='bbox 2578 2112 2687 2185; x_wconf 81' lang='grc' dir='ltr'><strong>γάρ</strong></span> <span class='ocrx_word' id='word_1_486' title='bbox 2721 2114 2851 2168; x_wconf 83' lang='grc' dir='ltr'><strong>ὅταν</strong></span> <span class='ocrx_word' id='word_1_487' title='bbox 2904 2115 3060 2187; x_wconf 74' lang='grc' dir='ltr'><strong>λέγῃ,</strong></span> <span class='ocrx_word' id='word_1_488' title='bbox 3101 2135 3120 2167; x_wconf 81' lang='grc' dir='ltr'>ι</span> <span class='ocrx_word' id='word_1_489' title='bbox 3162 2118 3276 2169; x_wconf 85' lang='grc' dir='ltr'><strong>Οὐκ</strong></span> <span class='ocrx_word' id='word_1_490' title='bbox 3314 2118 3414 2188; x_wconf 75' lang='grc' dir='ltr'><strong>ἔχει</strong></span> <span class='ocrx_word' id='word_1_491' title='bbox 3447 2120 3529 2174; x_wconf 78' lang='grc' dir='ltr'><strong>ποῦ</strong></span> <span class='ocrx_word' id='word_1_492' title='bbox 3565 2125 3634 2193; x_wconf 76' lang='grc' dir='ltr'><strong>τὴν</strong></span> 
     </span>
    </p>
   </div>
   <div class='ocr_carea' id='block_1_66' title="bbox 2136 2202 3635 2287">
    <p class='ocr_par' dir='ltr' id='par_1_66' title="bbox 2136 2202 3635 2287">
     <span class='ocr_line' id='line_1_66' title="bbox 2136 2202 3635 2287; baseline 0.009 -31"><span class='ocrx_word' id='word_1_493' title='bbox 2136 2202 2383 2273; x_wconf 81' lang='grc' dir='ltr'><strong>κεφαλὴν</strong></span> <span class='ocrx_word' id='word_1_494' title='bbox 2408 2204 2610 2267; x_wconf 83' lang='grc' dir='ltr'><strong>κλῖναι,</strong></span> <span class='ocrx_word' id='word_1_495' title='bbox 2654 2225 2674 2258; x_wconf 70' lang='grc' dir='ltr'><strong>ο</strong></span> <span class='ocrx_word' id='word_1_496' title='bbox 2699 2207 2761 2260; x_wconf 83' lang='grc' dir='ltr'><strong>οὐ</strong></span> <span class='ocrx_word' id='word_1_497' title='bbox 2789 2207 2946 2260; x_wconf 73' lang='grc' dir='ltr'><strong>τοῦτο</strong></span> <span class='ocrx_word' id='word_1_498' title='bbox 2974 2208 3143 2277; x_wconf 82' lang='grc' dir='ltr'><strong>λέγει,</strong></span> <span class='ocrx_word' id='word_1_499' title='bbox 3172 2210 3236 2263; x_wconf 81' lang='grc' dir='ltr'><strong>τὸ</strong></span> <span class='ocrx_word' id='word_1_500' title='bbox 3266 2211 3382 2280; x_wconf 74' lang='grc' dir='ltr'><strong>μηδ’</strong></span> <span class='ocrx_word' id='word_1_501' title='bbox 3403 2212 3514 2278; x_wconf 83' lang='grc' dir='ltr'><strong>ὅλως</strong></span> <span class='ocrx_word' id='word_1_502' title='bbox 3534 2215 3635 2287; x_wconf 78' lang='grc' dir='ltr'><strong>ἔχειν</strong></span> 
     </span>
    </p>
   </div>
   <div class='ocr_carea' id='block_1_67' title="bbox 2135 2293 3634 2373">
    <p class='ocr_par' dir='ltr' id='par_1_67' title="bbox 2135 2293 3634 2373">
     <span class='ocr_line' id='line_1_67' title="bbox 2135 2293 3634 2373; baseline 0.009 -27"><span class='ocrx_word' id='word_1_503' title='bbox 2135 2293 2505 2363; x_wconf 77' lang='grc' dir='ltr'><strong>καταγώγιον,</strong></span> <span class='ocrx_word' id='word_1_504' title='bbox 2543 2297 2680 2350; x_wconf 75' lang='grc' dir='ltr'><strong>ἀλλὰ</strong></span> <span class='ocrx_word' id='word_1_505' title='bbox 2708 2298 2769 2351; x_wconf 86' lang='grc' dir='ltr'><strong>τὸ</strong></span> <span class='ocrx_word' id='word_1_506' title='bbox 2811 2299 2885 2369; x_wconf 81' lang='grc' dir='ltr'><strong>μὴ</strong></span> <span class='ocrx_word' id='word_1_507' title='bbox 2923 2299 3054 2352; x_wconf 75' lang='grc' dir='ltr'><strong>ἴδιον</strong></span> <span class='ocrx_word' id='word_1_508' title='bbox 3100 2300 3266 2370; x_wconf 80' lang='grc' dir='ltr'><strong>ἔχειν.</strong></span> <span class='ocrx_word' id='word_1_509' title='bbox 3311 2303 3367 2355; x_wconf 79' lang='grc' dir='ltr'><strong>ΕΞ</strong></span> <span class='ocrx_word' id='word_1_510' title='bbox 3394 2304 3550 2373; x_wconf 80' lang='grc' dir='ltr'><strong>ἔμενεν</strong></span> <span class='ocrx_word' id='word_1_511' title='bbox 3571 2306 3634 2360; x_wconf 71' lang='grc' dir='ltr'><strong>οὖν</strong></span> 
     </span>
    </p>
   </div>
   <div class='ocr_carea' id='block_1_68' title="bbox 2134 2380 3634 2465">
    <p class='ocr_par' dir='ltr' id='par_1_68' title="bbox 2134 2380 3634 2465">
     <span class='ocr_line' id='line_1_68' title="bbox 2134 2380 3634 2465; baseline 0.013 -35"><span class='ocrx_word' id='word_1_512' title='bbox 2134 2380 2193 2431; x_wconf 74' lang='grc' dir='ltr'><strong>εν</strong></span> <span class='ocrx_word' id='word_1_513' title='bbox 2222 2380 2391 2452; x_wconf 68' lang='grc' dir='ltr'><strong>οἰκίᾳ,</strong></span> <span class='ocrx_word' id='word_1_514' title='bbox 2428 2382 2529 2435; x_wconf 81' lang='grc' dir='ltr'><strong>οὐκ</strong></span> <span class='ocrx_word' id='word_1_515' title='bbox 2579 2385 2637 2435; x_wconf 83' lang='grc' dir='ltr'><strong>ὲν</strong></span> <span class='ocrx_word' id='word_1_516' title='bbox 2672 2383 2778 2456; x_wconf 75' lang='grc' dir='ltr'><strong>ἰδίᾳ</strong></span> <span class='ocrx_word' id='word_1_517' title='bbox 2826 2386 3037 2454; x_wconf 80' lang='grc' dir='ltr'><strong>ἔμενεν,</strong></span> <span class='ocrx_word' id='word_1_518' title='bbox 3086 2389 3202 2441; x_wconf 81' lang='grc' dir='ltr'><strong>ἀλλ’</strong></span> <span class='ocrx_word' id='word_1_519' title='bbox 3238 2391 3300 2443; x_wconf 76' lang='grc' dir='ltr'><strong>ἐκ</strong></span> <span class='ocrx_word' id='word_1_520' title='bbox 3328 2391 3559 2465; x_wconf 69' lang='grc' dir='ltr'><strong>ἀλλοτρίᾳ.</strong></span> <span class='ocrx_word' id='word_1_521' title='bbox 3584 2399 3634 2449; x_wconf 70' lang='grc' dir='ltr'><strong>Οὔ</strong></span> 
     </span>
    </p>
   </div>
   <div class='ocr_carea' id='block_1_69' title="bbox 2137 2474 3632 2561">
    <p class='ocr_par' dir='ltr' id='par_1_69' title="bbox 2137 2474 3632 2561">
     <span class='ocr_line' id='line_1_69' title="bbox 2137 2474 3632 2561; baseline 0.014 -37"><span class='ocrx_word' id='word_1_522' title='bbox 2137 2474 2314 2543; x_wconf 78' lang='grc' dir='ltr'><strong>μάτην</strong></span> <span class='ocrx_word' id='word_1_523' title='bbox 2343 2474 2399 2528; x_wconf 84' lang='grc' dir='ltr'><strong>δὲ</strong></span> <span class='ocrx_word' id='word_1_524' title='bbox 2435 2477 2863 2547; x_wconf 72' lang='grc' dir='ltr'><strong>ἐπισημαίνεται</strong></span> <span class='ocrx_word' id='word_1_525' title='bbox 2893 2482 2919 2533; x_wconf 83' lang='grc' dir='ltr'><strong>δ</strong></span> <span class='ocrx_word' id='word_1_526' title='bbox 2961 2482 3353 2555; x_wconf 81' lang='grc' dir='ltr'><strong>εύαγγελιστὴς</strong></span> <span class='ocrx_word' id='word_1_527' title='bbox 3381 2488 3463 2541; x_wconf 76' lang='grc' dir='ltr'><strong>τὸν</strong></span> <span class='ocrx_word' id='word_1_528' title='bbox 3483 2492 3632 2561; x_wconf 60' lang='lat' dir='ltr'><strong>ampla,</strong></span> 
     </span>
    </p>
   </div>
   <div class='ocr_carea' id='block_1_70' title="bbox 2133 2563 3638 2644">
    <p class='ocr_par' dir='ltr' id='par_1_70' title="bbox 2133 2563 3638 2644">
     <span class='ocr_line' id='line_1_70' title="bbox 2133 2563 3638 2644; baseline 0.015 -30"><span class='ocrx_word' id='word_1_529' title='bbox 2133 2563 2214 2615; x_wconf 86' lang='grc' dir='ltr'><strong>ὄτι</strong></span> <span class='ocrx_word' id='word_1_530' title='bbox 2252 2581 2271 2615; x_wconf 85' lang='grc' dir='ltr'>ι</span> <span class='ocrx_word' id='word_1_531' title='bbox 2307 2564 2448 2636; x_wconf 81' lang='grc' dir='ltr'><strong>Ὦρα</strong></span> <span class='ocrx_word' id='word_1_532' title='bbox 2479 2563 2545 2637; x_wconf 80' lang='grc' dir='ltr'><strong>ἦν</strong></span> <span class='ocrx_word' id='word_1_533' title='bbox 2591 2568 2665 2631; x_wconf 86' lang='grc' dir='ltr'><strong>ὡς</strong></span> <span class='ocrx_word' id='word_1_534' title='bbox 2695 2569 2920 2641; x_wconf 84' lang='grc' dir='ltr'><strong>δεκάτη,</strong></span> <span class='ocrx_word' id='word_1_535' title='bbox 2963 2593 2981 2624; x_wconf 76' lang='grc' dir='ltr'><strong>ι</strong></span> <span class='ocrx_word' id='word_1_536' title='bbox 3019 2575 3134 2628; x_wconf 82' lang='grc' dir='ltr'><strong>ἀλλ’</strong></span> <span class='ocrx_word' id='word_1_537' title='bbox 3167 2576 3256 2630; x_wconf 79' lang='grc' dir='ltr'><strong>ἵνα</strong></span> <span class='ocrx_word' id='word_1_538' title='bbox 3287 2580 3376 2632; x_wconf 81' lang='grc' dir='ltr'><strong>καὶ</strong></span> <span class='ocrx_word' id='word_1_539' title='bbox 3406 2582 3511 2644; x_wconf 70' lang='grc' dir='ltr'><strong>τοὺς</strong></span> <span class='ocrx_word' id='word_1_540' title='bbox 3535 2584 3638 2636; x_wconf 60' lang='lat' dir='ltr'><strong>Mi-</strong></span> 
     </span>
    </p>
   </div>
   <div class='ocr_carea' id='block_1_71' title="bbox 2135 2659 3638 2743">
    <p class='ocr_par' dir='ltr' id='par_1_71' title="bbox 2135 2659 3638 2743">
     <span class='ocr_line' id='line_1_71' title="bbox 2135 2659 3638 2743; baseline 0.015 -37"><span class='ocrx_word' id='word_1_541' title='bbox 2135 2671 2365 2719; x_wconf 85' lang='grc' dir='ltr'><strong>σκοντας</strong></span> <span class='ocrx_word' id='word_1_542' title='bbox 2427 2659 2520 2711; x_wconf 76' lang='grc' dir='ltr'><strong>καὶ</strong></span> <span class='ocrx_word' id='word_1_543' title='bbox 2563 2661 2694 2723; x_wconf 71' lang='grc' dir='ltr'><strong>τοὺς</strong></span> <span class='ocrx_word' id='word_1_544' title='bbox 2737 2662 3120 2732; x_wconf 81' lang='grc' dir='ltr'><strong>μαθητιῶντας</strong></span> <span class='ocrx_word' id='word_1_545' title='bbox 3167 2668 3375 2743; x_wconf 71' lang='grc' dir='ltr'><strong>διδάξῃ,</strong></span> <span class='ocrx_word' id='word_1_546' title='bbox 3407 2672 3476 2724; x_wconf 80' lang='grc' dir='ltr'><strong>ὅτι</strong></span> <span class='ocrx_word' id='word_1_547' title='bbox 3507 2674 3553 2724; x_wconf 74' lang='grc' dir='ltr'><strong>οὐ</strong></span> <span class='ocrx_word' id='word_1_548' title='bbox 3578 2675 3638 2728; x_wconf 66' lang='grc' dir='ltr'><strong>διὰ</strong></span> 
     </span>
    </p>
   </div>
   <div class='ocr_carea' id='block_1_72' title="bbox 2132 2744 3640 2821">
    <p class='ocr_par' dir='ltr' id='par_1_72' title="bbox 2132 2744 3640 2821">
     <span class='ocr_line' id='line_1_72' title="bbox 2132 2744 3640 2821; baseline 0.016 -25"><span class='ocrx_word' id='word_1_549' title='bbox 2132 2744 2225 2798; x_wconf 76' lang='grc' dir='ltr'><strong>τὸν</strong></span> <span class='ocrx_word' id='word_1_550' title='bbox 2251 2748 2442 2818; x_wconf 73' lang='grc' dir='ltr'><strong>καιρὸν</strong></span> <span class='ocrx_word' id='word_1_551' title='bbox 2474 2751 2871 2806; x_wconf 81' lang='grc' dir='ltr'><strong>ἁναὸάλλεσθαι</strong></span> <span class='ocrx_word' id='word_1_552' title='bbox 2903 2757 3005 2821; x_wconf 83' lang='grc' dir='ltr'><strong>δεῖ,</strong></span> <span class='ocrx_word' id='word_1_553' title='bbox 3036 2756 3170 2811; x_wconf 70' lang='grc' dir='ltr'><strong>ἀλλὰ</strong></span> <span class='ocrx_word' id='word_1_554' title='bbox 3209 2761 3302 2813; x_wconf 76' lang='grc' dir='ltr'><strong>καὶ</strong></span> <span class='ocrx_word' id='word_1_555' title='bbox 3334 2762 3417 2815; x_wconf 72' lang='grc' dir='ltr'><strong>τὸν</strong></span> <span class='ocrx_word' id='word_1_556' title='bbox 3450 2764 3640 2819; x_wconf 76' lang='grc' dir='ltr'><strong>διδάσκα-</strong></span> 
     </span>
    </p>
   </div>
   <div class='ocr_carea' id='block_1_73' title="bbox 2132 2835 3638 2924">
    <p class='ocr_par' dir='ltr' id='par_1_73' title="bbox 2132 2835 3638 2924">
     <span class='ocr_line' id='line_1_73' title="bbox 2132 2835 3638 2924; baseline 0.014 -34"><span class='ocrx_word' id='word_1_557' title='bbox 2132 2835 2223 2891; x_wconf 85' lang='grc' dir='ltr'><strong>λον</strong></span> <span class='ocrx_word' id='word_1_558' title='bbox 2272 2839 2347 2911; x_wconf 76' lang='grc' dir='ltr'><strong>μὴ</strong></span> <span class='ocrx_word' id='word_1_559' title='bbox 2400 2841 2809 2911; x_wconf 75' lang='grc' dir='ltr'><strong>ὑπερτίθεσθαι,</strong></span> <span class='ocrx_word' id='word_1_560' title='bbox 2850 2846 2942 2899; x_wconf 74' lang='grc' dir='ltr'><strong>καὶ</strong></span> <span class='ocrx_word' id='word_1_561' title='bbox 2992 2847 3193 2919; x_wconf 83' lang='grc' dir='ltr'><strong>λέγειν,</strong></span> <span class='ocrx_word' id='word_1_562' title='bbox 3236 2853 3316 2906; x_wconf 83' lang='grc' dir='ltr'><strong>ὅτι</strong></span> <span class='ocrx_word' id='word_1_563' title='bbox 3364 2856 3477 2924; x_wconf 58' lang='grc' dir='ltr'><strong>Ὸᾷέ</strong></span> <span class='ocrx_word' id='word_1_564' title='bbox 3516 2860 3638 2924; x_wconf 76' lang='grc' dir='ltr'><strong>ἐστιν,</strong></span> 
     </span>
    </p>
   </div>
   <div class='ocr_carea' id='block_1_74' title="bbox 2131 2928 3642 3020">
    <p class='ocr_par' dir='ltr' id='par_1_74' title="bbox 2131 2928 3642 3020">
     <span class='ocr_line' id='line_1_74' title="bbox 2131 2928 3642 3020; baseline 0.017 -39"><span class='ocrx_word' id='word_1_565' title='bbox 2131 2928 2322 3000; x_wconf 82' lang='grc' dir='ltr'><strong>αὔριον</strong></span> <span class='ocrx_word' id='word_1_566' title='bbox 2379 2934 2623 3007; x_wconf 80' lang='grc' dir='ltr'><strong>μαθήσῃ.</strong></span> <span class='ocrx_word' id='word_1_567' title='bbox 2695 2939 2789 2990; x_wconf 76' lang='grc' dir='ltr'><strong>καὶ</strong></span> <span class='ocrx_word' id='word_1_568' title='bbox 2832 2940 2925 2991; x_wconf 79' lang='grc' dir='ltr'><strong>τὸν</strong></span> <span class='ocrx_word' id='word_1_569' title='bbox 2990 2942 3246 3015; x_wconf 78' lang='grc' dir='ltr'><strong>μαθητὴν</strong></span> <span class='ocrx_word' id='word_1_570' title='bbox 3299 2945 3463 3001; x_wconf 79' lang='grc' dir='ltr'><strong>πάντα</strong></span> <span class='ocrx_word' id='word_1_571' title='bbox 3502 2952 3642 3020; x_wconf 57' lang='grc' dir='ltr'><strong>καιρὸν</strong></span> 
     </span>
    </p>
   </div>
   <div class='ocr_carea' id='block_1_75' title="bbox 2131 3021 3641 3116">
    <p class='ocr_par' dir='ltr' id='par_1_75' title="bbox 2131 3021 3641 3116">
     <span class='ocr_line' id='line_1_75' title="bbox 2131 3021 3641 3116; baseline 0.013 -40"><span class='ocrx_word' id='word_1_572' title='bbox 2131 3021 2421 3091; x_wconf 77' lang='grc' dir='ltr'><strong>γινώσκειν</strong></span> <span class='ocrx_word' id='word_1_573' title='bbox 2482 3028 2800 3099; x_wconf 78' lang='grc' dir='ltr'><strong>μαθήσεως,</strong></span> <span class='ocrx_word' id='word_1_574' title='bbox 2866 3033 2963 3086; x_wconf 80' lang='grc' dir='ltr'><strong>καὶ</strong></span> <span class='ocrx_word' id='word_1_575' title='bbox 3026 3035 3102 3109; x_wconf 73' lang='grc' dir='ltr'><strong>μὴ</strong></span> <span class='ocrx_word' id='word_1_576' title='bbox 3162 3038 3534 3095; x_wconf 75' lang='grc' dir='ltr'><strong>ἀναϐάλλεσθαι</strong></span> <span class='ocrx_word' id='word_1_577' title='bbox 3572 3044 3641 3116; x_wconf 66' lang='grc' dir='ltr'><strong>τὴν</strong></span> 
     </span>
    </p>
   </div>
   <div class='ocr_carea' id='block_1_76' title="bbox 2132 3113 3641 3204">
    <p class='ocr_par' dir='ltr' id='par_1_76' title="bbox 2132 3113 3641 3204">
     <span class='ocr_line' id='line_1_76' title="bbox 2132 3113 3641 3204; baseline 0.013 -37"><span class='ocrx_word' id='word_1_578' title='bbox 2132 3113 2397 3185; x_wconf 74' lang='grc' dir='ltr'><strong>ἀκρόασιν</strong></span> <span class='ocrx_word' id='word_1_579' title='bbox 2421 3118 2503 3182; x_wconf 86' lang='grc' dir='ltr'><strong>είς</strong></span> <span class='ocrx_word' id='word_1_580' title='bbox 2544 3119 2644 3193; x_wconf 80' lang='grc' dir='ltr'><strong>τὴν</strong></span> <span class='ocrx_word' id='word_1_581' title='bbox 2683 3120 2895 3196; x_wconf 72' lang='grc' dir='ltr'><strong>αὔριον.</strong></span> <span class='ocrx_word' id='word_1_582' title='bbox 2930 3126 3042 3180; x_wconf 73' lang='grc' dir='ltr'><strong>Καὶ</strong></span> <span class='ocrx_word' id='word_1_583' title='bbox 3077 3127 3319 3185; x_wconf 70' lang='grc' dir='ltr'><strong>τοῦτοδὲ</strong></span> <span class='ocrx_word' id='word_1_584' title='bbox 3348 3113 3641 3204; x_wconf 69' lang='grc' dir='ltr'><strong>μανθάνομεν,</strong></span> 
     </span>
    </p>
   </div>
   <div class='ocr_carea' id='block_1_77' title="bbox 2130 3206 3641 3294">
    <p class='ocr_par' dir='ltr' id='par_1_77' title="bbox 2130 3206 3641 3294">
     <span class='ocr_line' id='line_1_77' title="bbox 2130 3206 3641 3294; baseline 0.014 -33"><span class='ocrx_word' id='word_1_585' title='bbox 2130 3206 2215 3261; x_wconf 84' lang='grc' dir='ltr'><strong>δτι</strong></span> <span class='ocrx_word' id='word_1_586' title='bbox 2231 3208 2405 3274; x_wconf 76' lang='grc' dir='ltr'><strong>οὕτως</strong></span> <span class='ocrx_word' id='word_1_587' title='bbox 2421 3208 2568 3282; x_wconf 77' lang='grc' dir='ltr'><strong>εἶχον</strong></span> <span class='ocrx_word' id='word_1_588' title='bbox 2579 3213 2757 3286; x_wconf 81' lang='grc' dir='ltr'><strong>ἀϐαρῆ</strong></span> <span class='ocrx_word' id='word_1_589' title='bbox 2782 3216 2881 3288; x_wconf 79' lang='grc' dir='ltr'><strong>τὴν</strong></span> <span class='ocrx_word' id='word_1_590' title='bbox 2900 3220 3163 3291; x_wconf 83' lang='grc' dir='ltr'><strong>γαστέρα,</strong></span> <span class='ocrx_word' id='word_1_591' title='bbox 3192 3225 3290 3277; x_wconf 73' lang='grc' dir='ltr'><strong>καὶ</strong></span> <span class='ocrx_word' id='word_1_592' title='bbox 3305 3224 3528 3294; x_wconf 72' lang='grc' dir='ltr'><strong>ἔννηφον,</strong></span> <span class='ocrx_word' id='word_1_593' title='bbox 3541 3228 3641 3282; x_wconf 74' lang='grc' dir='ltr'><strong>ὥστε</strong></span> 
     </span>
    </p>
   </div>
   <div class='ocr_carea' id='block_1_78' title="bbox 2129 3302 3642 3388">
    <p class='ocr_par' dir='ltr' id='par_1_78' title="bbox 2129 3302 3642 3388">
     <span class='ocr_line' id='line_1_78' title="bbox 2129 3302 3642 3388; baseline 0.011 -32"><span class='ocrx_word' id='word_1_594' title='bbox 2129 3302 2222 3357; x_wconf 80' lang='grc' dir='ltr'><strong>τὸν</strong></span> <span class='ocrx_word' id='word_1_595' title='bbox 2240 3305 2433 3376; x_wconf 84' lang='grc' dir='ltr'><strong>καιρδν</strong></span> <span class='ocrx_word' id='word_1_596' title='bbox 2446 3304 2504 3357; x_wconf 83' lang='grc' dir='ltr'><strong>δν</strong></span> <span class='ocrx_word' id='word_1_597' title='bbox 2518 3304 2666 3361; x_wconf 76' lang='grc' dir='ltr'><strong>ἄλλοι</strong></span> <span class='ocrx_word' id='word_1_598' title='bbox 2690 3307 3003 3365; x_wconf 75' lang='grc' dir='ltr'><strong>δαπανῶσιν</strong></span> <span class='ocrx_word' id='word_1_599' title='bbox 3017 3315 3095 3378; x_wconf 87' lang='grc' dir='ltr'><strong>είς</strong></span> <span class='ocrx_word' id='word_1_600' title='bbox 3112 3316 3416 3371; x_wconf 82' lang='grc' dir='ltr'><strong>ἀνάπαυσιν</strong></span> <span class='ocrx_word' id='word_1_601' title='bbox 3435 3319 3642 3388; x_wconf 75' lang='grc' dir='ltr'><strong>σώματος,</strong></span> 
     </span>
    </p>
   </div>
   <div class='ocr_carea' id='block_1_79' title="bbox 2129 3393 3644 3480">
    <p class='ocr_par' dir='ltr' id='par_1_79' title="bbox 2129 3393 3644 3480">
     <span class='ocr_line' id='line_1_79' title="bbox 2129 3393 3644 3480; baseline 0.014 -34"><span class='ocrx_word' id='word_1_602' title='bbox 2129 3393 2464 3467; x_wconf 80' lang='grc' dir='ltr'><strong>βαρούμενοι</strong></span> <span class='ocrx_word' id='word_1_603' title='bbox 2504 3398 2679 3468; x_wconf 80' lang='grc' dir='ltr'><strong>δήπου</strong></span> <span class='ocrx_word' id='word_1_604' title='bbox 2723 3403 2832 3464; x_wconf 75' lang='grc' dir='ltr'><strong>τοῖς</strong></span> <span class='ocrx_word' id='word_1_605' title='bbox 2871 3403 3141 3475; x_wconf 81' lang='grc' dir='ltr'><strong>βρώμασι,</strong></span> <span class='ocrx_word' id='word_1_606' title='bbox 3175 3408 3276 3461; x_wconf 77' lang='grc' dir='ltr'><strong>καὶ</strong></span> <span class='ocrx_word' id='word_1_607' title='bbox 3308 3411 3379 3479; x_wconf 82' lang='grc' dir='ltr'><strong>μὴ</strong></span> <span class='ocrx_word' id='word_1_608' title='bbox 3419 3410 3644 3480; x_wconf 74' lang='grc' dir='ltr'><strong>δυνάμενοι</strong></span> 
     </span>
    </p>
   </div>
   <div class='ocr_carea' id='block_1_80' title="bbox 2128 3487 3647 3574">
    <p class='ocr_par' dir='ltr' id='par_1_80' title="bbox 2128 3487 3647 3574">
     <span class='ocr_line' id='line_1_80' title="bbox 2128 3487 3647 3574; baseline 0.012 -34"><span class='ocrx_word' id='word_1_609' title='bbox 2128 3487 2403 3559; x_wconf 80' lang='grc' dir='ltr'><strong>σπουδαίῳ</strong></span> <span class='ocrx_word' id='word_1_610' title='bbox 2430 3489 2577 3563; x_wconf 77' lang='grc' dir='ltr'><strong>ἔργῳ</strong></span> <span class='ocrx_word' id='word_1_611' title='bbox 2606 3493 2979 3564; x_wconf 71' lang='grc' dir='ltr'><strong>ἐπιχειρῆσαι,</strong></span> <span class='ocrx_word' id='word_1_612' title='bbox 3009 3501 3204 3553; x_wconf 57' lang='grc' dir='ltr'><strong>τοῦτον</strong></span> <span class='ocrx_word' id='word_1_613' title='bbox 3230 3501 3385 3555; x_wconf 74' lang='grc' dir='ltr'><strong>αὐτοὶ</strong></span> <span class='ocrx_word' id='word_1_614' title='bbox 3417 3505 3647 3574; x_wconf 66' lang='grc' dir='ltr'><strong>ἀνήλισκον</strong></span> 
     </span>
    </p>
   </div>
   <div class='ocr_carea' id='block_1_81' title="bbox 2125 3580 3645 3668">
    <p class='ocr_par' dir='ltr' id='par_1_81' title="bbox 2125 3580 3645 3668">
     <span class='ocr_line' id='line_1_81' title="bbox 2125 3580 3645 3668; baseline 0.011 -36"><span class='ocrx_word' id='word_1_615' title='bbox 2125 3580 2207 3641; x_wconf 80' lang='grc' dir='ltr'><strong>είς</strong></span> <span class='ocrx_word' id='word_1_616' title='bbox 2221 3581 2508 3651; x_wconf 82' lang='grc' dir='ltr'><strong>ἀκρόασιν.</strong></span> <span class='ocrx_word' id='word_1_617' title='bbox 2541 3585 2747 3650; x_wconf 82' lang='grc' dir='ltr'><strong>Ὄντως</strong></span> <span class='ocrx_word' id='word_1_618' title='bbox 2779 3588 3026 3643; x_wconf 78' lang='grc' dir='ltr'><strong>Ἰωάννου</strong></span> <span class='ocrx_word' id='word_1_619' title='bbox 3058 3592 3150 3644; x_wconf 76' lang='grc' dir='ltr'><strong>τοῦ</strong></span> <span class='ocrx_word' id='word_1_620' title='bbox 3177 3593 3412 3664; x_wconf 66' lang='grc' dir='ltr'><strong>ἀτρόφου</strong></span> <span class='ocrx_word' id='word_1_621' title='bbox 3433 3592 3549 3668; x_wconf 73' lang='grc' dir='ltr'><strong>ἦσαν</strong></span> <span class='ocrx_word' id='word_1_622' title='bbox 3571 3615 3645 3666; x_wconf 83' lang='grc' dir='ltr'><strong>μα-</strong></span> 
     </span>
    </p>
   </div>
   <div class='ocr_carea' id='block_1_82' title="bbox 2126 3672 3648 3760">
    <p class='ocr_par' dir='ltr' id='par_1_82' title="bbox 2126 3672 3648 3760">
     <span class='ocr_line' id='line_1_82' title="bbox 2126 3672 3648 3760; baseline 0.011 -35"><span class='ocrx_word' id='word_1_623' title='bbox 2126 3672 2458 3745; x_wconf 82' lang='grc' dir='ltr'><strong>θηταί.”ορα</strong></span> <span class='ocrx_word' id='word_1_624' title='bbox 2475 3676 2530 3729; x_wconf 78' lang='grc' dir='ltr'><strong>δέ</strong></span> <span class='ocrx_word' id='word_1_625' title='bbox 2557 3696 2669 3745; x_wconf 89' lang='grc' dir='ltr'><strong>μοι,</strong></span> <span class='ocrx_word' id='word_1_626' title='bbox 2694 3681 2776 3734; x_wconf 78' lang='grc' dir='ltr'><strong>ὅτι</strong></span> <span class='ocrx_word' id='word_1_627' title='bbox 2801 3685 2935 3751; x_wconf 80' lang='grc' dir='ltr'><strong>πρὸς</strong></span> <span class='ocrx_word' id='word_1_628' title='bbox 2962 3685 3090 3749; x_wconf 76' lang='grc' dir='ltr'><strong>τοὺς</strong></span> <span class='ocrx_word' id='word_1_629' title='bbox 3114 3686 3525 3753; x_wconf 76' lang='grc' dir='ltr'><strong>ἀκολουθοῦντας</strong></span> <span class='ocrx_word' id='word_1_630' title='bbox 3542 3691 3648 3760; x_wconf 74' lang='grc' dir='ltr'><strong>αὐτῷ</strong></span> 
     </span>
    </p>
   </div>
   <div class='ocr_carea' id='block_1_83' title="bbox 2127 3768 3644 3843">
    <p class='ocr_par' dir='ltr' id='par_1_83' title="bbox 2127 3768 3644 3843">
     <span class='ocr_line' id='line_1_83' title="bbox 2127 3768 3644 3843; baseline 0.01 -25"><span class='ocrx_word' id='word_1_631' title='bbox 2127 3768 2418 3835; x_wconf 77' lang='grc' dir='ltr'><strong>στρέφεται</strong></span> <span class='ocrx_word' id='word_1_632' title='bbox 2450 3771 2479 3822; x_wconf 81' lang='grc' dir='ltr'><strong>ὁ</strong></span> <span class='ocrx_word' id='word_1_633' title='bbox 2516 3771 2746 3838; x_wconf 76' lang='grc' dir='ltr'><strong>Ἰησοῦς,</strong></span> <span class='ocrx_word' id='word_1_634' title='bbox 2789 3776 2884 3827; x_wconf 76' lang='grc' dir='ltr'><strong>καὶ</strong></span> <span class='ocrx_word' id='word_1_635' title='bbox 2928 3776 3166 3831; x_wconf 84' lang='grc' dir='ltr'><strong>δεικνύει</strong></span> <span class='ocrx_word' id='word_1_636' title='bbox 3199 3780 3386 3843; x_wconf 82' lang='grc' dir='ltr'><strong>αὐτοῖς</strong></span> <span class='ocrx_word' id='word_1_637' title='bbox 3415 3783 3470 3834; x_wconf 83' lang='grc' dir='ltr'><strong>τὸ</strong></span> <span class='ocrx_word' id='word_1_638' title='bbox 3498 3782 3644 3835; x_wconf 64' lang='grc' dir='ltr'><strong>ἑαυτῦῦ</strong></span> 
     </span>
    </p>
   </div>
   <div class='ocr_carea' id='block_1_84' title="bbox 2127 3858 3649 3943">
    <p class='ocr_par' dir='ltr' id='par_1_84' title="bbox 2127 3858 3649 3943">
     <span class='ocr_line' id='line_1_84' title="bbox 2127 3858 3649 3943; baseline 0.012 -34"><span class='ocrx_word' id='word_1_639' title='bbox 2127 3858 2438 3928; x_wconf 85' lang='grc' dir='ltr'><strong>πρόσωπον.</strong></span> <span class='ocrx_word' id='word_1_640' title='bbox 2470 3861 2535 3915; x_wconf 75' lang='grc' dir='ltr'><strong>ΕΞ</strong></span> <span class='ocrx_word' id='word_1_641' title='bbox 2571 3864 2647 3933; x_wconf 87' lang='grc' dir='ltr'><strong>μὴ</strong></span> <span class='ocrx_word' id='word_1_642' title='bbox 2679 3868 2787 3936; x_wconf 77' lang='grc' dir='ltr'><strong>γὰρ</strong></span> <span class='ocrx_word' id='word_1_643' title='bbox 2814 3867 2904 3919; x_wconf 75' lang='grc' dir='ltr'><strong>διὰ</strong></span> <span class='ocrx_word' id='word_1_644' title='bbox 2934 3869 3031 3937; x_wconf 80' lang='grc' dir='ltr'><strong>τῆς</strong></span> <span class='ocrx_word' id='word_1_645' title='bbox 3058 3871 3275 3941; x_wconf 75' lang='grc' dir='ltr'><strong>ἀγαθῆς</strong></span> <span class='ocrx_word' id='word_1_646' title='bbox 3305 3873 3534 3943; x_wconf 77' lang='grc' dir='ltr'><strong>πράξεως</strong></span> <span class='ocrx_word' id='word_1_647' title='bbox 3553 3876 3649 3928; x_wconf 55' lang='lat' dir='ltr'><strong>ﬁxo.</strong></span> 
     </span>
    </p>
   </div>
   <div class='ocr_carea' id='block_1_85' title="bbox 2122 3949 3648 4035">
    <p class='ocr_par' dir='ltr' id='par_1_85' title="bbox 2122 3949 3648 4035">
     <span class='ocr_line' id='line_1_85' title="bbox 2122 3949 3648 4035; baseline 0.01 -33"><span class='ocrx_word' id='word_1_648' title='bbox 2122 3949 2396 4023; x_wconf 75' lang='grc' dir='ltr'><strong>λουθήσῃς</strong></span> <span class='ocrx_word' id='word_1_649' title='bbox 2422 3954 2500 4026; x_wconf 78' lang='grc' dir='ltr'><strong>τῷ</strong></span> <span class='ocrx_word' id='word_1_650' title='bbox 2537 3956 2734 4026; x_wconf 77' lang='grc' dir='ltr'><strong>Ἰησοῦ,</strong></span> <span class='ocrx_word' id='word_1_651' title='bbox 2765 3958 2867 4013; x_wconf 87' lang='grc' dir='ltr'><strong>ούκ</strong></span> <span class='ocrx_word' id='word_1_652' title='bbox 2900 3959 2965 4013; x_wconf 80' lang='grc' dir='ltr'><strong>ἂν</strong></span> <span class='ocrx_word' id='word_1_653' title='bbox 2996 3961 3214 4035; x_wconf 80' lang='grc' dir='ltr'><strong>φθάσῃς</strong></span> <span class='ocrx_word' id='word_1_654' title='bbox 3244 3965 3328 4028; x_wconf 84' lang='grc' dir='ltr'><strong>είς</strong></span> <span class='ocrx_word' id='word_1_655' title='bbox 3357 3966 3562 4035; x_wconf 76' lang='grc' dir='ltr'><strong>θεωρίαν</strong></span> <span class='ocrx_word' id='word_1_656' title='bbox 3582 3965 3648 4018; x_wconf 76' lang='grc' dir='ltr'><strong>τοῦ</strong></span> 
     </span>
    </p>
   </div>
   <div class='ocr_carea' id='block_1_86' title="bbox 2123 4043 3653 4129">
    <p class='ocr_par' dir='ltr' id='par_1_86' title="bbox 2123 4043 3653 4129">
     <span class='ocr_line' id='line_1_86' title="bbox 2123 4043 3653 4129; baseline 0.01 -35"><span class='ocrx_word' id='word_1_657' title='bbox 2123 4043 2421 4114; x_wconf 80' lang='grc' dir='ltr'><strong>προσώπου</strong></span> <span class='ocrx_word' id='word_1_658' title='bbox 2477 4048 2708 4118; x_wconf 81' lang='grc' dir='ltr'><strong>Κυρίου,</strong></span> <span class='ocrx_word' id='word_1_659' title='bbox 2760 4052 2881 4105; x_wconf 80' lang='grc' dir='ltr'><strong>οὐδὲ</strong></span> <span class='ocrx_word' id='word_1_660' title='bbox 2925 4053 3207 4127; x_wconf 80' lang='grc' dir='ltr'><strong>άπελεύσῃ</strong></span> <span class='ocrx_word' id='word_1_661' title='bbox 3241 4058 3379 4128; x_wconf 78' lang='grc' dir='ltr'><strong>πρὸς</strong></span> <span class='ocrx_word' id='word_1_662' title='bbox 3418 4058 3504 4129; x_wconf 70' lang='grc' dir='ltr'><strong>τὴν</strong></span> <span class='ocrx_word' id='word_1_663' title='bbox 3527 4075 3653 4111; x_wconf 77' lang='grc' dir='ltr'><strong>κατα-</strong></span> 
     </span>
    </p>
   </div>
   <div class='ocr_carea' id='block_1_87' title="bbox 2130 4134 3651 4219">
    <p class='ocr_par' dir='ltr' id='par_1_87' title="bbox 2130 4134 3651 4219">
     <span class='ocr_line' id='line_1_87' title="bbox 2130 4134 3651 4219; baseline 0.01 -34"><span class='ocrx_word' id='word_1_664' title='bbox 2130 4134 2301 4204; x_wconf 75' lang='grc' dir='ltr'><strong>μονὴν</strong></span> <span class='ocrx_word' id='word_1_665' title='bbox 2323 4136 2515 4203; x_wconf 81' lang='grc' dir='ltr'><strong>αὑτοῦ,</strong></span> <span class='ocrx_word' id='word_1_666' title='bbox 2546 4141 2848 4208; x_wconf 81' lang='grc' dir='ltr'><strong>τουτέστιν,</strong></span> <span class='ocrx_word' id='word_1_667' title='bbox 2883 4145 2944 4197; x_wconf 84' lang='grc' dir='ltr'><strong>ού</strong></span> <span class='ocrx_word' id='word_1_668' title='bbox 2971 4145 3197 4214; x_wconf 78' lang='grc' dir='ltr'><strong>φθάσεις</strong></span> <span class='ocrx_word' id='word_1_669' title='bbox 3225 4150 3308 4212; x_wconf 75' lang='grc' dir='ltr'><strong>εἰς</strong></span> <span class='ocrx_word' id='word_1_670' title='bbox 3332 4150 3422 4203; x_wconf 74' lang='grc' dir='ltr'><strong>τὸν</strong></span> <span class='ocrx_word' id='word_1_671' title='bbox 3442 4151 3524 4219; x_wconf 70' lang='grc' dir='ltr'><strong>τῆς</strong></span> <span class='ocrx_word' id='word_1_672' title='bbox 3541 4151 3651 4210; x_wconf 76' lang='grc' dir='ltr'><strong>θείας</strong></span> 
     </span>
    </p>
   </div>
   <div class='ocr_carea' id='block_1_88' title="bbox 2122 4226 3650 4312">
    <p class='ocr_par' dir='ltr' id='par_1_88' title="bbox 2122 4226 3650 4312">
     <span class='ocr_line' id='line_1_88' title="bbox 2122 4226 3650 4312; baseline 0.012 -34"><span class='ocrx_word' id='word_1_673' title='bbox 2122 4226 2379 4295; x_wconf 85' lang='grc' dir='ltr'><strong>γνώσεως</strong></span> <span class='ocrx_word' id='word_1_674' title='bbox 2400 4233 2679 4303; x_wconf 82' lang='grc' dir='ltr'><strong>φωτισμόν</strong></span> <span class='ocrx_word' id='word_1_675' title='bbox 2698 4251 2714 4266; x_wconf 74' lang='grc'><em>”</em></span> <span class='ocrx_word' id='word_1_676' title='bbox 2742 4237 2888 4290; x_wconf 80' lang='grc' dir='ltr'><strong>οἰκία</strong></span> <span class='ocrx_word' id='word_1_677' title='bbox 2918 4238 3026 4310; x_wconf 84' lang='grc' dir='ltr'><strong>γὰρ</strong></span> <span class='ocrx_word' id='word_1_678' title='bbox 3055 4240 3150 4294; x_wconf 85' lang='grc' dir='ltr'><strong>τοῦ</strong></span> <span class='ocrx_word' id='word_1_679' title='bbox 3184 4242 3425 4312; x_wconf 75' lang='grc' dir='ltr'><strong>Χριστοῦ</strong></span> <span class='ocrx_word' id='word_1_680' title='bbox 3464 4243 3516 4295; x_wconf 73' lang='grc' dir='ltr'><strong>τὸ</strong></span> <span class='ocrx_word' id='word_1_681' title='bbox 3548 4243 3650 4310; x_wconf 74' lang='grc' dir='ltr'><strong>φῶς.</strong></span> 
     </span>
    </p>
   </div>
   <div class='ocr_carea' id='block_1_89' title="bbox 2130 4319 3649 4405">
    <p class='ocr_par' dir='ltr' id='par_1_89' title="bbox 2130 4319 3649 4405">
     <span class='ocr_line' id='line_1_89' title="bbox 2130 4319 3649 4405; baseline 0.012 -36"><span class='ocrx_word' id='word_1_682' title='bbox 2130 4336 2149 4369; x_wconf 81' lang='grc' dir='ltr'>ι</span> <span class='ocrx_word' id='word_1_683' title='bbox 2189 4319 2309 4385; x_wconf 76' lang='grc' dir='ltr'><strong>Φῶς</strong></span> <span class='ocrx_word' id='word_1_684' title='bbox 2358 4321 2489 4395; x_wconf 84' lang='grc' dir='ltr'><strong>γὰρ,</strong></span> <span class='ocrx_word' id='word_1_685' title='bbox 2534 4324 2730 4395; x_wconf 67' lang='grc' dir='ltr'><strong>φησιν,</strong></span> <span class='ocrx_word' id='word_1_686' title='bbox 2756 4329 2923 4383; x_wconf 71' lang='grc' dir='ltr'><strong>οἰκῶν</strong></span> <span class='ocrx_word' id='word_1_687' title='bbox 2961 4332 3284 4400; x_wconf 83' lang='grc' dir='ltr'><strong>ἀπρόσιτον.</strong></span> <span class='ocrx_word' id='word_1_688' title='bbox 3321 4355 3340 4387; x_wconf 76' lang='grc' dir='ltr'><strong>ο</strong></span> <span class='ocrx_word' id='word_1_689' title='bbox 3396 4338 3449 4389; x_wconf 88' lang='lat'><strong>&#39;0</strong></span> <span class='ocrx_word' id='word_1_690' title='bbox 3479 4336 3649 4405; x_wconf 81' lang='grc' dir='ltr'><strong>γάρτοι</strong></span> 
     </span>
    </p>
   </div>
   <div class='ocr_carea' id='block_1_90' title="bbox 2081 4410 3654 4498">
    <p class='ocr_par' dir='ltr' id='par_1_90' title="bbox 2081 4410 3654 4498">
     <span class='ocr_line' id='line_1_90' title="bbox 2081 4410 3654 4498; baseline 0.009 -33"><span class='ocrx_word' id='word_1_691' title='bbox 2081 4473 2085 4477; x_wconf 94' lang='lat'>_</span> <span class='ocrx_word' id='word_1_692' title='bbox 2125 4410 2201 4481; x_wconf 83' lang='grc' dir='ltr'><strong>μὴ</strong></span> <span class='ocrx_word' id='word_1_693' title='bbox 2228 4412 2475 4486; x_wconf 84' lang='grc' dir='ltr'><strong>καθάρας</strong></span> <span class='ocrx_word' id='word_1_694' title='bbox 2501 4417 2717 4484; x_wconf 76' lang='grc' dir='ltr'><strong>ἑαυτὸν,</strong></span> <span class='ocrx_word' id='word_1_695' title='bbox 2749 4422 2843 4474; x_wconf 54' lang='grc' dir='ltr'><strong>καὶ⁸</strong></span> <span class='ocrx_word' id='word_1_696' title='bbox 2860 4422 2949 4475; x_wconf 77' lang='grc' dir='ltr'><strong>διὰ</strong></span> <span class='ocrx_word' id='word_1_697' title='bbox 2985 4424 3087 4493; x_wconf 79' lang='grc' dir='ltr'><strong>τῆς</strong></span> <span class='ocrx_word' id='word_1_698' title='bbox 3114 4426 3441 4498; x_wconf 80' lang='grc' dir='ltr'><strong>καθάρσεως</strong></span> <span class='ocrx_word' id='word_1_699' title='bbox 3476 4427 3654 4482; x_wconf 60' lang='grc' dir='ltr'><strong>ἀκολου,</strong></span> 
     </span>
    </p>
   </div>
   <div class='ocr_carea' id='block_1_91' title="bbox 2123 4501 3243 4585">
    <p class='ocr_par' dir='ltr' id='par_1_91' title="bbox 2123 4501 3243 4585">
     <span class='ocr_line' id='line_1_91' title="bbox 2123 4501 3243 4585; baseline 0.014 -30"><span class='ocrx_word' id='word_1_700' title='bbox 2123 4501 2318 4570; x_wconf 83' lang='grc' dir='ltr'><strong>θήσας,</strong></span> <span class='ocrx_word' id='word_1_701' title='bbox 2347 4507 2464 4571; x_wconf 81' lang='grc' dir='ltr'><strong>πῶς</strong></span> <span class='ocrx_word' id='word_1_702' title='bbox 2492 4509 2552 4562; x_wconf 80' lang='grc' dir='ltr'><strong>ἐν</strong></span> <span class='ocrx_word' id='word_1_703' title='bbox 2574 4509 2773 4578; x_wconf 86' lang='grc' dir='ltr'><strong>γνώσει</strong></span> <span class='ocrx_word' id='word_1_704' title='bbox 2801 4515 3203 4585; x_wconf 65' lang='grc' dir='ltr'><strong>ᾳωτισθήσεται</strong></span> <span class='ocrx_word' id='word_1_705' title='bbox 3227 4536 3243 4585; x_wconf 92' lang='grc'><strong>;</strong></span> 
     </span>
    </p>
   </div>
   <div class='ocr_carea' id='block_1_92' title="bbox 519 4556 2025 4682">
    <p class='ocr_par' dir='ltr' id='par_1_92' title="bbox 519 4556 2016 4652">
     <span class='ocr_line' id='line_1_92' title="bbox 519 4556 2016 4652; baseline 0.007 -11"><span class='ocrx_word' id='word_1_706' title='bbox 519 4585 679 4644; x_wconf 75' lang='lat' dir='ltr'><strong>Vens.</strong></span> <span class='ocrx_word' id='word_1_707' title='bbox 711 4587 902 4644; x_wconf 72' lang='grc' dir='ltr'><strong>ιο-ιε.</strong></span> <span class='ocrx_word' id='word_1_708' title='bbox 935 4609 953 4641; x_wconf 79' lang='grc' dir='ltr'><strong>ι</strong></span> <span class='ocrx_word' id='word_1_709' title='bbox 995 4589 1124 4643; x_wconf 87' lang='lat' dir='ltr'><strong>Erat</strong></span> <span class='ocrx_word' id='word_1_710' title='bbox 1153 4600 1333 4645; x_wconf 89' lang='lat' dir='ltr'><strong>autem</strong></span> <span class='ocrx_word' id='word_1_711' title='bbox 1367 4556 1615 4649; x_wconf 83' lang='lat' dir='ltr'><strong>Andreas</strong></span> <span class='ocrx_word' id='word_1_712' title='bbox 1639 4593 1809 4650; x_wconf 89' lang='lat' dir='ltr'><strong>frater</strong></span> <span class='ocrx_word' id='word_1_713' title='bbox 1839 4594 2016 4652; x_wconf 80' lang='lat' dir='ltr'><strong>Simo-</strong></span> 
     </span>
    </p>
   </div>
   <div class='ocr_carea' id='block_1_93' title="bbox 2129 4556 3654 4682">
    <p class='ocr_par' dir='ltr' id='par_1_93' title="bbox 2175 4556 3654 4682">
     <span class='ocr_line' id='line_1_93' title="bbox 2175 4556 3654 4682; baseline 0.011 -35"><span class='ocrx_word' id='word_1_714' title='bbox 2175 4556 2218 4647; x_wconf 46' lang='grc' dir='ltr'>ἰ</span> <span class='ocrx_word' id='word_1_715' title='bbox 2250 4556 2361 4650; x_wconf 53' lang='lat' dir='ltr'><strong>&#39;Iiv</strong></span> <span class='ocrx_word' id='word_1_716' title='bbox 2398 4556 2461 4651; x_wconf 57' lang='grc' dir='ltr'><strong>δέ</strong></span> <span class='ocrx_word' id='word_1_717' title='bbox 2503 4556 2758 4672; x_wconf 59' lang='grc' dir='ltr'><strong>Ἀνδρέας</strong></span> <span class='ocrx_word' id='word_1_718' title='bbox 2787 4556 3073 4676; x_wconf 52' lang='grc' dir='ltr'><strong>ὁγάδελφδς</strong></span> <span class='ocrx_word' id='word_1_719' title='bbox 3107 4561 3361 4677; x_wconf 69' lang='grc' dir='ltr'><strong>Σίμωνος</strong></span> <span class='ocrx_word' id='word_1_720' title='bbox 3394 4613 3575 4682; x_wconf 64' lang='grc' dir='ltr'><strong>Πέτρου</strong></span> <span class='ocrx_word' id='word_1_721' title='bbox 3596 4609 3654 4674; x_wconf 77' lang='grc' dir='ltr'><strong>εἷς</strong></span> 
     </span>
    </p>
   </div>
   <div class='ocr_carea' id='block_1_94' title="bbox 439 4676 2015 4755">
    <p class='ocr_par' dir='ltr' id='par_1_94' title="bbox 439 4676 2015 4755">
     <span class='ocr_line' id='line_1_94' title="bbox 439 4676 2015 4755; baseline 0.008 -23"><span class='ocrx_word' id='word_1_722' title='bbox 439 4676 527 4734; x_wconf 89' lang='lat' dir='ltr'><strong>nis</strong></span> <span class='ocrx_word' id='word_1_723' title='bbox 561 4677 730 4745; x_wconf 80' lang='lat' dir='ltr'><strong>Petri,</strong></span> <span class='ocrx_word' id='word_1_724' title='bbox 765 4694 902 4734; x_wconf 91' lang='lat' dir='ltr'><strong>unus</strong></span> <span class='ocrx_word' id='word_1_725' title='bbox 943 4696 1008 4735; x_wconf 79' lang='lat' dir='ltr'><strong>ex</strong></span> <span class='ocrx_word' id='word_1_726' title='bbox 1044 4682 1252 4736; x_wconf 89' lang='lat' dir='ltr'><strong>duobus</strong></span> <span class='ocrx_word' id='word_1_727' title='bbox 1280 4682 1370 4752; x_wconf 91' lang='lat' dir='ltr'><strong>qui</strong></span> <span class='ocrx_word' id='word_1_728' title='bbox 1397 4684 1682 4740; x_wconf 82' lang='lat' dir='ltr'><strong>audierant</strong></span> <span class='ocrx_word' id='word_1_729' title='bbox 1725 4703 1754 4741; x_wconf 93' lang='lat' dir='ltr'><strong>a</strong></span> <span class='ocrx_word' id='word_1_730' title='bbox 1782 4687 2015 4755; x_wconf 67' lang='lat' dir='ltr'><strong>Joanne,</strong></span> 
     </span>
    </p>
   </div>
   <div class='ocr_carea' id='block_1_95' title="bbox 437 4768 2014 4847">
    <p class='ocr_par' dir='ltr' id='par_1_95' title="bbox 437 4768 2014 4847">
     <span class='ocr_line' id='line_1_95' title="bbox 437 4768 2014 4847; baseline 0.006 -23"><span class='ocrx_word' id='word_1_731' title='bbox 437 4776 495 4824; x_wconf 85' lang='lat' dir='ltr'><strong>et</strong></span> <span class='ocrx_word' id='word_1_732' title='bbox 532 4768 699 4824; x_wconf 84' lang='lat' dir='ltr'><strong>secuti</strong></span> <span class='ocrx_word' id='word_1_733' title='bbox 751 4771 973 4824; x_wconf 88' lang='lat' dir='ltr'><strong>fuerunt</strong></span> <span class='ocrx_word' id='word_1_734' title='bbox 1022 4770 1196 4826; x_wconf 86' lang='lat' dir='ltr'><strong>illum.</strong></span> <span class='ocrx_word' id='word_1_735' title='bbox 1248 4772 1455 4829; x_wconf 90' lang='lat' dir='ltr'><strong>Invenit</strong></span> <span class='ocrx_word' id='word_1_736' title='bbox 1489 4775 1575 4831; x_wconf 92' lang='lat' dir='ltr'><strong>hic</strong></span> <span class='ocrx_word' id='word_1_737' title='bbox 1607 4777 1755 4847; x_wconf 88' lang='lat' dir='ltr'><strong>prior</strong></span> <span class='ocrx_word' id='word_1_738' title='bbox 1793 4779 2014 4835; x_wconf 89' lang='lat' dir='ltr'><strong>fratrem</strong></span> 
     </span>
    </p>
   </div>
   <div class='ocr_carea' id='block_1_96' title="bbox 436 4859 2014 4943">
    <p class='ocr_par' dir='ltr' id='par_1_96' title="bbox 436 4859 2014 4943">
     <span class='ocr_line' id='line_1_96' title="bbox 436 4859 2014 4943; baseline 0.009 -31"><span class='ocrx_word' id='word_1_739' title='bbox 436 4874 593 4915; x_wconf 88' lang='lat' dir='ltr'><strong>suum</strong></span> <span class='ocrx_word' id='word_1_740' title='bbox 629 4859 927 4927; x_wconf 89' lang='lat' dir='ltr'><strong>Simonem,</strong></span> <span class='ocrx_word' id='word_1_741' title='bbox 966 4875 1020 4918; x_wconf 92' lang='lat' dir='ltr'><strong>et</strong></span> <span class='ocrx_word' id='word_1_742' title='bbox 1047 4864 1180 4920; x_wconf 90' lang='lat' dir='ltr'><strong>dicit</strong></span> <span class='ocrx_word' id='word_1_743' title='bbox 1210 4865 1296 4920; x_wconf 88' lang='lat' dir='ltr'><strong>ei:</strong></span> <span class='ocrx_word' id='word_1_744' title='bbox 1334 4866 1645 4924; x_wconf 82' lang='lat' dir='ltr'><strong>Invenimus</strong></span> <span class='ocrx_word' id='word_1_745' title='bbox 1674 4868 1839 4943; x_wconf 74' lang='lat'><strong>528</strong></span> <span class='ocrx_word' id='word_1_746' title='bbox 1872 4872 2014 4926; x_wconf 78' lang='lat' dir='ltr'><strong>Mes-</strong></span> 
     </span>
    </p>
   </div>
   <div class='ocr_carea' id='block_1_97' title="bbox 435 4949 2016 5025">
    <p class='ocr_par' dir='ltr' id='par_1_97' title="bbox 435 4949 2016 5025">
     <span class='ocr_line' id='line_1_97' title="bbox 435 4949 2016 5025; baseline 0.011 -22"><span class='ocrx_word' id='word_1_747' title='bbox 435 4949 594 5019; x_wconf 87' lang='lat' dir='ltr'><strong>siam,</strong></span> <span class='ocrx_word' id='word_1_748' title='bbox 636 4956 779 5022; x_wconf 87' lang='lat' dir='ltr'><strong>quod</strong></span> <span class='ocrx_word' id='word_1_749' title='bbox 824 4968 906 5011; x_wconf 88' lang='lat' dir='ltr'><strong>est</strong></span> <span class='ocrx_word' id='word_1_750' title='bbox 945 4957 990 5012; x_wconf 85' lang='lat' dir='ltr'><strong>si</strong></span> <span class='ocrx_word' id='word_1_751' title='bbox 1021 4958 1413 5025; x_wconf 88' lang='lat' dir='ltr'><strong>interpreteris,</strong></span> <span class='ocrx_word' id='word_1_752' title='bbox 1455 4960 1724 5018; x_wconf 83' lang='lat' dir='ltr'><strong>Christus.</strong></span> <span class='ocrx_word' id='word_1_753' title='bbox 1764 4965 1824 5019; x_wconf 82' lang='lat' dir='ltr'><strong>Et</strong></span> <span class='ocrx_word' id='word_1_754' title='bbox 1860 4967 2016 5021; x_wconf 71' lang='lat' dir='ltr'><strong>(luxit</strong></span> 
     </span>
    </p>
   </div>
   <div class='ocr_carea' id='block_1_98' title="bbox 437 5040 2010 5119">
    <p class='ocr_par' dir='ltr' id='par_1_98' title="bbox 437 5040 2010 5119">
     <span class='ocr_line' id='line_1_98' title="bbox 437 5040 2010 5119; baseline 0.012 -26"><span class='ocrx_word' id='word_1_755' title='bbox 437 5040 588 5095; x_wconf 85' lang='lat' dir='ltr'><strong>illum</strong></span> <span class='ocrx_word' id='word_1_756' title='bbox 617 5046 682 5096; x_wconf 90' lang='lat' dir='ltr'><strong>ad</strong></span> <span class='ocrx_word' id='word_1_757' title='bbox 711 5043 917 5101; x_wconf 81' lang='lat' dir='ltr'><strong>Jesum.</strong></span> <span class='ocrx_word' id='word_1_758' title='bbox 955 5047 1192 5104; x_wconf 85' lang='lat' dir='ltr'><strong>lutuitus</strong></span> <span class='ocrx_word' id='word_1_759' title='bbox 1221 5059 1396 5105; x_wconf 86' lang='lat' dir='ltr'><strong>autem</strong></span> <span class='ocrx_word' id='word_1_760' title='bbox 1443 5051 1590 5105; x_wconf 89' lang='lat' dir='ltr'><strong>illum</strong></span> <span class='ocrx_word' id='word_1_761' title='bbox 1623 5051 1803 5119; x_wconf 82' lang='lat' dir='ltr'><strong>Jesus,</strong></span> <span class='ocrx_word' id='word_1_762' title='bbox 1834 5057 1970 5112; x_wconf 77' lang='lat' dir='ltr'><strong>dixit</strong></span> <span class='ocrx_word' id='word_1_763' title='bbox 1996 5077 2010 5112; x_wconf 90' lang='lat'><strong>:</strong></span> 
     </span>
    </p>
   </div>
   <div class='ocr_carea' id='block_1_99' title="bbox 434 5129 2012 5216">
    <p class='ocr_par' dir='ltr' id='par_1_99' title="bbox 434 5129 2012 5216">
     <span class='ocr_line' id='line_1_99' title="bbox 434 5129 2012 5216; baseline 0.014 -34"><span class='ocrx_word' id='word_1_764' title='bbox 434 5129 514 5184; x_wconf 84' lang='lat' dir='ltr'><strong>Tu</strong></span> <span class='ocrx_word' id='word_1_765' title='bbox 544 5146 603 5186; x_wconf 82' lang='lat' dir='ltr'><strong>es</strong></span> <span class='ocrx_word' id='word_1_766' title='bbox 628 5134 815 5189; x_wconf 86' lang='lat' dir='ltr'><strong>Simon</strong></span> <span class='ocrx_word' id='word_1_767' title='bbox 848 5137 990 5192; x_wconf 80' lang='lat' dir='ltr'><strong>filius</strong></span> <span class='ocrx_word' id='word_1_768' title='bbox 1023 5137 1186 5205; x_wconf 84' lang='lat' dir='ltr'><strong>Joua,</strong></span> <span class='ocrx_word' id='word_1_769' title='bbox 1221 5150 1276 5194; x_wconf 94' lang='lat' dir='ltr'><strong>tu</strong></span> <span class='ocrx_word' id='word_1_770' title='bbox 1306 5143 1587 5198; x_wconf 88' lang='lat' dir='ltr'><strong>vocaberis</strong></span> <span class='ocrx_word' id='word_1_771' title='bbox 1615 5143 1844 5214; x_wconf 80' lang='lat' dir='ltr'><strong>Cephas,</strong></span> <span class='ocrx_word' id='word_1_772' title='bbox 1869 5151 2012 5216; x_wconf 91' lang='lat' dir='ltr'><strong>quod</strong></span> 
     </span>
    </p>
   </div>
   <div class='ocr_carea' id='block_1_100' title="bbox 435 5220 2012 5304">
    <p class='ocr_par' dir='ltr' id='par_1_100' title="bbox 435 5220 2012 5304">
     <span class='ocr_line' id='line_1_100' title="bbox 435 5220 2012 5304; baseline 0.014 -30"><span class='ocrx_word' id='word_1_773' title='bbox 435 5220 781 5290; x_wconf 88' lang='lat' dir='ltr'><strong>interpretari</strong></span> <span class='ocrx_word' id='word_1_774' title='bbox 816 5228 961 5294; x_wconf 89' lang='lat' dir='ltr'><strong>licet,</strong></span> <span class='ocrx_word' id='word_1_775' title='bbox 997 5229 1212 5286; x_wconf 82' lang='lat' dir='ltr'><strong>Petrus.</strong></span> <span class='ocrx_word' id='word_1_776' title='bbox 1254 5251 1273 5284; x_wconf 74' lang='grc' dir='ltr'><strong>ι</strong></span> <span class='ocrx_word' id='word_1_777' title='bbox 1307 5234 1537 5289; x_wconf 67' lang='lat' dir='ltr'><strong>Andreae</strong></span> <span class='ocrx_word' id='word_1_778' title='bbox 1562 5238 1777 5304; x_wconf 78' lang='lat' dir='ltr'><strong>quidem</strong></span> <span class='ocrx_word' id='word_1_779' title='bbox 1808 5255 2012 5296; x_wconf 89' lang='lat' dir='ltr'><strong>nomen</strong></span> 
     </span>
    </p>
   </div>
   <div class='ocr_carea' id='block_1_101' title="bbox 433 5311 2014 5393">
    <p class='ocr_par' dir='ltr' id='par_1_101' title="bbox 433 5311 2014 5393">
     <span class='ocr_line' id='line_1_101' title="bbox 433 5311 2014 5393; baseline 0.015 -29"><span class='ocrx_word' id='word_1_780' title='bbox 433 5311 641 5383; x_wconf 90' lang='lat' dir='ltr'><strong>profert</strong></span> <span class='ocrx_word' id='word_1_781' title='bbox 687 5318 865 5383; x_wconf 83' lang='lat' dir='ltr'><strong>nobis,</strong></span> <span class='ocrx_word' id='word_1_782' title='bbox 914 5321 1008 5375; x_wconf 86' lang='lat' dir='ltr'><strong>sed</strong></span> <span class='ocrx_word' id='word_1_783' title='bbox 1056 5337 1163 5376; x_wconf 92' lang='lat' dir='ltr'><strong>non</strong></span> <span class='ocrx_word' id='word_1_784' title='bbox 1190 5322 1438 5380; x_wconf 87' lang='lat' dir='ltr'><strong>alterius.</strong></span> <span class='ocrx_word' id='word_1_785' title='bbox 1470 5325 1693 5393; x_wconf 86' lang='lat' dir='ltr'><strong>Quidam</strong></span> <span class='ocrx_word' id='word_1_786' title='bbox 1720 5343 1897 5386; x_wconf 87' lang='lat' dir='ltr'><strong>autem</strong></span> <span class='ocrx_word' id='word_1_787' title='bbox 1931 5333 2014 5387; x_wconf 90' lang='lat' dir='ltr'><strong>di-</strong></span> 
     </span>
    </p>
   </div>
   <div class='ocr_carea' id='block_1_102' title="bbox 434 5406 2015 5484">
    <p class='ocr_par' dir='ltr' id='par_1_102' title="bbox 434 5406 2015 5484">
     <span class='ocr_line' id='line_1_102' title="bbox 434 5406 2015 5484; baseline 0.014 -25"><span class='ocrx_word' id='word_1_788' title='bbox 434 5416 563 5460; x_wconf 92' lang='lat' dir='ltr'><strong>cunt</strong></span> <span class='ocrx_word' id='word_1_789' title='bbox 591 5406 742 5462; x_wconf 91' lang='lat' dir='ltr'><strong>illum</strong></span> <span class='ocrx_word' id='word_1_790' title='bbox 778 5424 902 5466; x_wconf 86' lang='lat' dir='ltr'><strong>esse</strong></span> <span class='ocrx_word' id='word_1_791' title='bbox 930 5411 1220 5478; x_wconf 84' lang='lat' dir='ltr'><strong>Joannem,</strong></span> <span class='ocrx_word' id='word_1_792' title='bbox 1251 5418 1341 5484; x_wconf 90' lang='lat' dir='ltr'><strong>qui</strong></span> <span class='ocrx_word' id='word_1_793' title='bbox 1374 5420 1488 5473; x_wconf 67' lang='lat' dir='ltr'><strong>haec</strong></span> <span class='ocrx_word' id='word_1_794' title='bbox 1515 5420 1726 5476; x_wconf 85' lang='lat' dir='ltr'><strong>scribit.</strong></span> <span class='ocrx_word' id='word_1_795' title='bbox 1761 5420 2015 5481; x_wconf 84' lang='lat' dir='ltr'><strong>Nonnulli</strong></span> 
     </span>
    </p>
   </div>
   <div class='ocr_carea' id='block_1_103' title="bbox 433 5500 2011 5573">
    <p class='ocr_par' dir='ltr' id='par_1_103' title="bbox 433 5500 2011 5573">
     <span class='ocr_line' id='line_1_103' title="bbox 433 5500 2011 5573; baseline 0.011 -22"><span class='ocrx_word' id='word_1_796' title='bbox 433 5504 614 5553; x_wconf 80' lang='lat' dir='ltr'><strong>autem</strong></span> <span class='ocrx_word' id='word_1_797' title='bbox 652 5500 828 5562; x_wconf 89' lang='lat' dir='ltr'><strong>aiunt,</strong></span> <span class='ocrx_word' id='word_1_798' title='bbox 875 5504 1016 5571; x_wconf 88' lang='lat' dir='ltr'><strong>quod</strong></span> <span class='ocrx_word' id='word_1_799' title='bbox 1061 5521 1167 5560; x_wconf 89' lang='lat' dir='ltr'><strong>non</strong></span> <span class='ocrx_word' id='word_1_800' title='bbox 1202 5504 1365 5562; x_wconf 88' lang='lat' dir='ltr'><strong>fuerit</strong></span> <span class='ocrx_word' id='word_1_801' title='bbox 1397 5525 1461 5564; x_wconf 77' lang='lat' dir='ltr'><strong>ex</strong></span> <span class='ocrx_word' id='word_1_802' title='bbox 1505 5510 1863 5568; x_wconf 87' lang='lat' dir='ltr'><strong>nobilioribus</strong></span> <span class='ocrx_word' id='word_1_803' title='bbox 1899 5514 2011 5573; x_wconf 89' lang='lat' dir='ltr'><strong>ille.</strong></span> 
     </span>
    </p>
   </div>
   <div class='ocr_carea' id='block_1_104' title="bbox 434 5588 2007 5668">
    <p class='ocr_par' dir='ltr' id='par_1_104' title="bbox 434 5588 2007 5668">
     <span class='ocr_line' id='line_1_104' title="bbox 434 5588 2007 5668; baseline 0.015 -24"><span class='ocrx_word' id='word_1_804' title='bbox 434 5588 699 5649; x_wconf 73' lang='lat' dir='ltr'><strong>Praeterea</strong></span> <span class='ocrx_word' id='word_1_805' title='bbox 734 5594 878 5649; x_wconf 89' lang='lat' dir='ltr'><strong>nulla</strong></span> <span class='ocrx_word' id='word_1_806' title='bbox 917 5596 1121 5653; x_wconf 87' lang='lat' dir='ltr'><strong>utilitas</strong></span> <span class='ocrx_word' id='word_1_807' title='bbox 1170 5599 1349 5657; x_wconf 87' lang='lat' dir='ltr'><strong>fuerat</strong></span> <span class='ocrx_word' id='word_1_808' title='bbox 1395 5604 1559 5659; x_wconf 90' lang='lat' dir='ltr'><strong>etiam</strong></span> <span class='ocrx_word' id='word_1_809' title='bbox 1615 5609 1758 5665; x_wconf 87' lang='lat' dir='ltr'><strong>scire</strong></span> <span class='ocrx_word' id='word_1_810' title='bbox 1792 5624 2007 5668; x_wconf 87' lang='lat' dir='ltr'><strong>nomen.</strong></span> 
     </span>
    </p>
   </div>
   <div class='ocr_carea' id='block_1_105' title="bbox 2123 4686 3653 4770">
    <p class='ocr_par' dir='ltr' id='par_1_105' title="bbox 2123 4686 3653 4770">
     <span class='ocr_line' id='line_1_105' title="bbox 2123 4686 3653 4770; baseline 0.012 -31"><span class='ocrx_word' id='word_1_811' title='bbox 2123 4686 2190 4740; x_wconf 66' lang='grc' dir='ltr'><strong>ἐκ</strong></span> <span class='ocrx_word' id='word_1_812' title='bbox 2217 4688 2325 4741; x_wconf 88' lang='grc' dir='ltr'><strong>τῶν</strong></span> <span class='ocrx_word' id='word_1_813' title='bbox 2350 4689 2443 4745; x_wconf 87' lang='grc' dir='ltr'><strong>δύο</strong></span> <span class='ocrx_word' id='word_1_814' title='bbox 2463 4692 2572 4745; x_wconf 89' lang='grc' dir='ltr'><strong>τῶν</strong></span> <span class='ocrx_word' id='word_1_815' title='bbox 2600 4695 2948 4751; x_wconf 76' lang='grc' dir='ltr'><strong>ἀκουσάντων</strong></span> <span class='ocrx_word' id='word_1_816' title='bbox 2973 4700 3124 4770; x_wconf 79' lang='grc' dir='ltr'><strong>παρὰ</strong></span> <span class='ocrx_word' id='word_1_817' title='bbox 3158 4702 3436 4769; x_wconf 83' lang='grc' dir='ltr'><strong>Ἰωάννου,</strong></span> <span class='ocrx_word' id='word_1_818' title='bbox 3461 4706 3540 4757; x_wconf 82' lang='grc' dir='ltr'><strong>καὶ</strong></span> <span class='ocrx_word' id='word_1_819' title='bbox 3559 4706 3587 4760; x_wconf 75' lang='grc' dir='ltr'><strong><em>ἀ</em></strong></span> <span class='ocrx_word' id='word_1_820' title='bbox 3606 4722 3653 4757; x_wconf 77' lang='lat' dir='ltr'><strong>.c—</strong></span> 
     </span>
    </p>
   </div>
   <div class='ocr_carea' id='block_1_106' title="bbox 2121 4776 3656 4865">
    <p class='ocr_par' dir='ltr' id='par_1_106' title="bbox 2121 4776 3656 4865">
     <span class='ocr_line' id='line_1_106' title="bbox 2121 4776 3656 4865; baseline 0.012 -34"><span class='ocrx_word' id='word_1_821' title='bbox 2121 4776 2505 4850; x_wconf 76' lang='grc' dir='ltr'><strong>λουθησάντων</strong></span> <span class='ocrx_word' id='word_1_822' title='bbox 2525 4785 2696 4856; x_wconf 77' lang='grc' dir='ltr'><strong>αὐτῷ.</strong></span> <span class='ocrx_word' id='word_1_823' title='bbox 2721 4788 2979 4860; x_wconf 79' lang='grc' dir='ltr'><strong>Εὑρίσκει</strong></span> <span class='ocrx_word' id='word_1_824' title='bbox 3004 4785 3161 4858; x_wconf 76' lang='grc' dir='ltr'><strong>οὗτος</strong></span> <span class='ocrx_word' id='word_1_825' title='bbox 3187 4796 3412 4865; x_wconf 86' lang='grc' dir='ltr'><strong>πρῶτον</strong></span> <span class='ocrx_word' id='word_1_826' title='bbox 3438 4798 3520 4851; x_wconf 72' lang='grc' dir='ltr'><strong>τὸν</strong></span> <span class='ocrx_word' id='word_1_827' title='bbox 3542 4799 3656 4853; x_wconf 66' lang='grc' dir='ltr'><strong>ἁδελ-</strong></span> 
     </span>
    </p>
   </div>
   <div class='ocr_carea' id='block_1_107' title="bbox 2123 4870 3653 4959">
    <p class='ocr_par' dir='ltr' id='par_1_107' title="bbox 2123 4870 3653 4959">
     <span class='ocr_line' id='line_1_107' title="bbox 2123 4870 3653 4959; baseline 0.012 -38"><span class='ocrx_word' id='word_1_828' title='bbox 2123 4870 2223 4938; x_wconf 73' lang='grc' dir='ltr'><strong>φὸν</strong></span> <span class='ocrx_word' id='word_1_829' title='bbox 2246 4870 2338 4924; x_wconf 84' lang='grc' dir='ltr'><strong>τὸν</strong></span> <span class='ocrx_word' id='word_1_830' title='bbox 2372 4873 2505 4928; x_wconf 76' lang='grc' dir='ltr'><strong>ἴδιον</strong></span> <span class='ocrx_word' id='word_1_831' title='bbox 2555 4877 2798 4946; x_wconf 87' lang='grc' dir='ltr'><strong>Σίμωνα,</strong></span> <span class='ocrx_word' id='word_1_832' title='bbox 2834 4883 2927 4935; x_wconf 73' lang='grc' dir='ltr'><strong>καὶ</strong></span> <span class='ocrx_word' id='word_1_833' title='bbox 2963 4882 3109 4952; x_wconf 84' lang='grc' dir='ltr'><strong>λέγει</strong></span> <span class='ocrx_word' id='word_1_834' title='bbox 3153 4888 3345 4959; x_wconf 77' lang='grc' dir='ltr'><strong>αὐτῷ·</strong></span> <span class='ocrx_word' id='word_1_835' title='bbox 3379 4892 3653 4959; x_wconf 73' lang='grc' dir='ltr'><strong>Εὑρήκαμεν</strong></span> 
     </span>
    </p>
   </div>
   <div class='ocr_carea' id='block_1_108' title="bbox 2119 4963 3649 5052">
    <p class='ocr_par' dir='ltr' id='par_1_108' title="bbox 2119 4963 3649 5052">
     <span class='ocr_line' id='line_1_108' title="bbox 2119 4963 3649 5052; baseline 0.011 -38"><span class='ocrx_word' id='word_1_836' title='bbox 2119 4963 2212 5016; x_wconf 83' lang='grc' dir='ltr'><strong>τὸν</strong></span> <span class='ocrx_word' id='word_1_837' title='bbox 2250 4966 2514 5032; x_wconf 81' lang='grc' dir='ltr'><strong>Μεσσίαν,</strong></span> <span class='ocrx_word' id='word_1_838' title='bbox 2544 4970 2572 5022; x_wconf 80' lang='grc' dir='ltr'><strong>ὃ</strong></span> <span class='ocrx_word' id='word_1_839' title='bbox 2599 4970 2715 5022; x_wconf 79' lang='grc' dir='ltr'><strong>ἐστι</strong></span> <span class='ocrx_word' id='word_1_840' title='bbox 2748 4973 3321 5044; x_wconf 72' lang='grc' dir='ltr'><strong>μεθερμηνευόμενον,</strong></span> <span class='ocrx_word' id='word_1_841' title='bbox 3352 5001 3372 5033; x_wconf 80' lang='grc' dir='ltr'>ι</span> <span class='ocrx_word' id='word_1_842' title='bbox 3401 4983 3649 5052; x_wconf 72' lang='grc' dir='ltr'><strong>Χριστδςί</strong></span> 
     </span>
    </p>
   </div>
   <div class='ocr_carea' id='block_1_109' title="bbox 2119 5056 3654 5143">
    <p class='ocr_par' dir='ltr' id='par_1_109' title="bbox 2119 5056 3654 5143">
     <span class='ocr_line' id='line_1_109' title="bbox 2119 5056 3654 5143; baseline 0.019 -36"><span class='ocrx_word' id='word_1_843' title='bbox 2119 5056 2214 5108; x_wconf 75' lang='grc' dir='ltr'><strong>καὶ</strong></span> <span class='ocrx_word' id='word_1_844' title='bbox 2267 5058 2475 5127; x_wconf 68' lang='grc' dir='ltr'><strong>ἢγαγεν</strong></span> <span class='ocrx_word' id='word_1_845' title='bbox 2520 5062 2681 5115; x_wconf 74' lang='grc' dir='ltr'><strong>αὐτὸν</strong></span> <span class='ocrx_word' id='word_1_846' title='bbox 2717 5066 2853 5133; x_wconf 76' lang='grc' dir='ltr'><strong>πρὸς</strong></span> <span class='ocrx_word' id='word_1_847' title='bbox 2883 5068 2975 5121; x_wconf 76' lang='grc' dir='ltr'><strong>τὸν</strong></span> <span class='ocrx_word' id='word_1_848' title='bbox 3025 5070 3256 5139; x_wconf 79' lang='grc' dir='ltr'><strong>Ἰησοῦν.</strong></span> <span class='ocrx_word' id='word_1_849' title='bbox 3305 5073 3588 5143; x_wconf 63' lang='grc' dir='ltr'><strong>Ἐμδλέψας</strong></span> <span class='ocrx_word' id='word_1_850' title='bbox 3613 5072 3654 5124; x_wconf 56' lang='grc' dir='ltr'><strong>δὲ</strong></span> 
     </span>
    </p>
   </div>
   <div class='ocr_carea' id='block_1_110' title="bbox 2117 5148 3653 5234">
    <p class='ocr_par' dir='ltr' id='par_1_110' title="bbox 2117 5148 3653 5234">
     <span class='ocr_line' id='line_1_110' title="bbox 2117 5148 3653 5234; baseline 0.011 -33"><span class='ocrx_word' id='word_1_851' title='bbox 2117 5148 2266 5220; x_wconf 73' lang='grc' dir='ltr'><strong>αὐτῷ</strong></span> <span class='ocrx_word' id='word_1_852' title='bbox 2293 5154 2322 5204; x_wconf 83' lang='grc' dir='ltr'>ὁ</span> <span class='ocrx_word' id='word_1_853' title='bbox 2368 5153 2594 5223; x_wconf 73' lang='grc' dir='ltr'><strong>Ἰησοῦς,</strong></span> <span class='ocrx_word' id='word_1_854' title='bbox 2626 5152 2745 5209; x_wconf 83' lang='grc' dir='ltr'><strong>εἷπε</strong></span> <span class='ocrx_word' id='word_1_855' title='bbox 2767 5174 2782 5188; x_wconf 78' lang='lat'><strong>&#39;</strong></span> <span class='ocrx_word' id='word_1_856' title='bbox 2820 5160 2890 5212; x_wconf 83' lang='grc' dir='ltr'>Σὺ</span> <span class='ocrx_word' id='word_1_857' title='bbox 2925 5157 2976 5214; x_wconf 84' lang='grc' dir='ltr'><strong>εἷ</strong></span> <span class='ocrx_word' id='word_1_858' title='bbox 3002 5163 3185 5234; x_wconf 88' lang='grc' dir='ltr'><strong>Σίμων</strong></span> <span class='ocrx_word' id='word_1_859' title='bbox 3214 5165 3246 5217; x_wconf 79' lang='grc' dir='ltr'><strong><em>ὁ</em></strong></span> <span class='ocrx_word' id='word_1_860' title='bbox 3279 5166 3396 5230; x_wconf 76' lang='grc' dir='ltr'><strong>υἱὸς</strong></span> <span class='ocrx_word' id='word_1_861' title='bbox 3434 5166 3587 5227; x_wconf 70' lang='grc' dir='ltr'><strong>Ἰωνᾶ,</strong></span> <span class='ocrx_word' id='word_1_862' title='bbox 3608 5165 3653 5218; x_wconf 64' lang='lat' dir='ltr'><strong>e3</strong></span> 
     </span>
    </p>
   </div>
   <div class='ocr_carea' id='block_1_111' title="bbox 2117 5238 3653 5326">
    <p class='ocr_par' dir='ltr' id='par_1_111' title="bbox 2117 5238 3653 5326">
     <span class='ocr_line' id='line_1_111' title="bbox 2117 5238 3653 5326; baseline 0.004 -27"><span class='ocrx_word' id='word_1_863' title='bbox 2117 5238 2364 5314; x_wconf 74' lang='grc' dir='ltr'><strong>κληθήσῃ</strong></span> <span class='ocrx_word' id='word_1_864' title='bbox 2391 5244 2588 5313; x_wconf 81' lang='grc' dir='ltr'><strong>Κηφᾶς</strong></span> <span class='ocrx_word' id='word_1_865' title='bbox 2609 5285 2625 5310; x_wconf 88' lang='grc'>,</span> <span class='ocrx_word' id='word_1_866' title='bbox 2649 5246 2678 5300; x_wconf 85' lang='grc' dir='ltr'><strong>ὃ</strong></span> <span class='ocrx_word' id='word_1_867' title='bbox 2728 5249 3115 5321; x_wconf 82' lang='grc' dir='ltr'><strong>ἑρμηνεύεται,</strong></span> <span class='ocrx_word' id='word_1_868' title='bbox 3168 5257 3402 5326; x_wconf 76' lang='grc' dir='ltr'><strong>Πέτρος.</strong></span> <span class='ocrx_word' id='word_1_869' title='bbox 3432 5278 3452 5311; x_wconf 75' lang='grc' dir='ltr'><strong>ι</strong></span> <span class='ocrx_word' id='word_1_870' title='bbox 3486 5258 3547 5309; x_wconf 81' lang='grc' dir='ltr'><strong>Τὸ</strong></span> <span class='ocrx_word' id='word_1_871' title='bbox 3581 5257 3653 5325; x_wconf 80' lang='grc' dir='ltr'><strong>μὲν</strong></span> 
     </span>
    </p>
   </div>
   <div class='ocr_carea' id='block_1_112' title="bbox 2114 5331 3654 5417">
    <p class='ocr_par' dir='ltr' id='par_1_112' title="bbox 2114 5331 3654 5417">
     <span class='ocr_line' id='line_1_112' title="bbox 2114 5331 3654 5417; baseline 0.008 -28"><span class='ocrx_word' id='word_1_872' title='bbox 2114 5331 2210 5389; x_wconf 71' lang='grc' dir='ltr'><strong>τοῦ</strong></span> <span class='ocrx_word' id='word_1_873' title='bbox 2251 5334 2506 5406; x_wconf 81' lang='grc' dir='ltr'><strong>Ἀνδρέου</strong></span> <span class='ocrx_word' id='word_1_874' title='bbox 2529 5338 2976 5413; x_wconf 56' lang='grc' dir='ltr'><strong>δνομαςγνωρίζει</strong></span> <span class='ocrx_word' id='word_1_875' title='bbox 3010 5347 3164 5417; x_wconf 78' lang='grc' dir='ltr'><strong>ἡμῖν,</strong></span> <span class='ocrx_word' id='word_1_876' title='bbox 3192 5349 3258 5402; x_wconf 80' lang='grc' dir='ltr'><strong>τὸ</strong></span> <span class='ocrx_word' id='word_1_877' title='bbox 3294 5350 3354 5404; x_wconf 71' lang='grc' dir='ltr'><strong>δὲ</strong></span> <span class='ocrx_word' id='word_1_878' title='bbox 3390 5350 3481 5404; x_wconf 80' lang='grc' dir='ltr'><strong>τοῦ</strong></span> <span class='ocrx_word' id='word_1_879' title='bbox 3507 5349 3654 5417; x_wconf 75' lang='grc' dir='ltr'><strong>ἑτέρον</strong></span> 
     </span>
    </p>
   </div>
   <div class='ocr_carea' id='block_1_113' title="bbox 2114 5426 3657 5507">
    <p class='ocr_par' dir='ltr' id='par_1_113' title="bbox 2114 5426 3657 5507">
     <span class='ocr_line' id='line_1_113' title="bbox 2114 5426 3657 5507; baseline 0.01 -29"><span class='ocrx_word' id='word_1_880' title='bbox 2114 5426 2390 5498; x_wconf 81' lang='grc' dir='ltr'><strong>οὐδαμῶς.</strong></span> <span class='ocrx_word' id='word_1_881' title='bbox 2432 5430 2572 5485; x_wconf 72' lang='grc' dir='ltr'><strong>Φασὶ</strong></span> <span class='ocrx_word' id='word_1_882' title='bbox 2596 5433 2704 5506; x_wconf 83' lang='grc' dir='ltr'><strong>γάρ</strong></span> <span class='ocrx_word' id='word_1_883' title='bbox 2752 5452 2895 5500; x_wconf 85' lang='grc' dir='ltr'><strong>τινες</strong></span> <span class='ocrx_word' id='word_1_884' title='bbox 2924 5438 3090 5492; x_wconf 81' lang='grc' dir='ltr'><strong>αὐτὸν</strong></span> <span class='ocrx_word' id='word_1_885' title='bbox 3129 5435 3275 5493; x_wconf 78' lang='grc' dir='ltr'><strong>εἶναι</strong></span> <span class='ocrx_word' id='word_1_886' title='bbox 3316 5442 3410 5495; x_wconf 83' lang='grc' dir='ltr'><strong>τὸν</strong></span> <span class='ocrx_word' id='word_1_887' title='bbox 3451 5441 3657 5507; x_wconf 69' lang='grc' dir='ltr'><strong>Ἰωάννην</strong></span> 
     </span>
    </p>
   </div>
   <div class='ocr_carea' id='block_1_114' title="bbox 2112 5517 3655 5604">
    <p class='ocr_par' dir='ltr' id='par_1_114' title="bbox 2112 5517 3655 5604">
     <span class='ocr_line' id='line_1_114' title="bbox 2112 5517 3655 5604; baseline 0.009 -34"><span class='ocrx_word' id='word_1_888' title='bbox 2112 5517 2204 5571; x_wconf 74' lang='grc' dir='ltr'><strong>τὸν</strong></span> <span class='ocrx_word' id='word_1_889' title='bbox 2231 5518 2405 5574; x_wconf 76' lang='grc' dir='ltr'><strong>ταῦτα</strong></span> <span class='ocrx_word' id='word_1_890' title='bbox 2429 5522 2710 5593; x_wconf 80' lang='grc' dir='ltr'><strong>γράφοντα</strong></span> <span class='ocrx_word' id='word_1_891' title='bbox 2728 5544 2743 5561; x_wconf 79' lang='grc' dir='ltr'><strong>ο</strong></span> <span class='ocrx_word' id='word_1_892' title='bbox 2775 5529 2919 5593; x_wconf 68' lang='grc' dir='ltr'><strong>τινὲς</strong></span> <span class='ocrx_word' id='word_1_893' title='bbox 2949 5531 3004 5584; x_wconf 74' lang='grc' dir='ltr'><strong>ει</strong></span> <span class='ocrx_word' id='word_1_894' title='bbox 3028 5530 3109 5584; x_wconf 84' lang='grc' dir='ltr'><strong>ὅτι</strong></span> <span class='ocrx_word' id='word_1_895' title='bbox 3140 5532 3244 5586; x_wconf 83' lang='grc' dir='ltr'><strong>οὐκ</strong></span> <span class='ocrx_word' id='word_1_896' title='bbox 3273 5528 3349 5604; x_wconf 79' lang='grc' dir='ltr'><strong>ἦν</strong></span> <span class='ocrx_word' id='word_1_897' title='bbox 3372 5532 3477 5586; x_wconf 86' lang='grc' dir='ltr'><strong>τῶν</strong></span> <span class='ocrx_word' id='word_1_898' title='bbox 3502 5531 3655 5597; x_wconf 49' lang='lat' dir='ltr'><strong>tensi-</strong></span> 
     </span>
    </p>
   </div>
   <div class='ocr_carea' id='block_1_115' title="bbox 2112 5612 3655 5692">
    <p class='ocr_par' dir='ltr' id='par_1_115' title="bbox 2112 5612 3655 5692">
     <span class='ocr_line' id='line_1_115' title="bbox 2112 5612 3655 5692; baseline 0.008 -30"><span class='ocrx_word' id='word_1_899' title='bbox 2112 5626 2233 5680; x_wconf 90' lang='grc' dir='ltr'><strong>μων</strong></span> <span class='ocrx_word' id='word_1_900' title='bbox 2272 5612 2516 5678; x_wconf 69' lang='grc' dir='ltr'><strong>ἐκεῖνος·</strong></span> <span class='ocrx_word' id='word_1_901' title='bbox 2548 5615 2665 5692; x_wconf 72' lang='grc' dir='ltr'><strong>ἅμα</strong></span> <span class='ocrx_word' id='word_1_902' title='bbox 2702 5616 2759 5669; x_wconf 69' lang='grc' dir='ltr'><strong>δὲ</strong></span> <span class='ocrx_word' id='word_1_903' title='bbox 2792 5618 2912 5673; x_wconf 79' lang='grc' dir='ltr'><strong>οὐδὲ</strong></span> <span class='ocrx_word' id='word_1_904' title='bbox 2938 5621 3133 5692; x_wconf 80' lang='grc' dir='ltr'><strong>κέρδος</strong></span> <span class='ocrx_word' id='word_1_905' title='bbox 3181 5618 3255 5691; x_wconf 78' lang='grc' dir='ltr'><strong>ἦν</strong></span> <span class='ocrx_word' id='word_1_906' title='bbox 3288 5640 3346 5677; x_wconf 84' lang='grc' dir='ltr'><strong>τι</strong></span> <span class='ocrx_word' id='word_1_907' title='bbox 3373 5625 3436 5677; x_wconf 79' lang='grc' dir='ltr'><strong>ὲκ</strong></span> <span class='ocrx_word' id='word_1_908' title='bbox 3465 5621 3547 5682; x_wconf 77' lang='grc' dir='ltr'><strong>τοῦ</strong></span> <span class='ocrx_word' id='word_1_909' title='bbox 3573 5635 3655 5687; x_wconf 75' lang='grc' dir='ltr'><strong>μα-</strong></span> 
     </span>
    </p>
   </div>
   <div class='ocr_carea' id='block_1_116' title="bbox 432 5680 2025 5787">
    <p class='ocr_par' dir='ltr' id='par_1_116' title="bbox 432 5680 2009 5773">
     <span class='ocr_line' id='line_1_116' title="bbox 432 5680 2009 5773; baseline 0.013 -34"><span class='ocrx_word' id='word_1_910' title='bbox 432 5680 699 5739; x_wconf 69' lang='grc' dir='ltr'><strong>εαιιοτιωι</strong></span> <span class='ocrx_word' id='word_1_911' title='bbox 729 5685 962 5743; x_wconf 70' lang='lat' dir='ltr'><strong>Andreae</strong></span> <span class='ocrx_word' id='word_1_912' title='bbox 986 5692 1312 5747; x_wconf 90' lang='lat' dir='ltr'><strong>mentionem</strong></span> <span class='ocrx_word' id='word_1_913' title='bbox 1342 5695 1492 5761; x_wconf 85' lang='lat' dir='ltr'><strong>facit,</strong></span> <span class='ocrx_word' id='word_1_914' title='bbox 1517 5699 1645 5768; x_wconf 88' lang='lat' dir='ltr'><strong>quia</strong></span> <span class='ocrx_word' id='word_1_915' title='bbox 1669 5710 1722 5755; x_wconf 91' lang='lat' dir='ltr'><strong>et</strong></span> <span class='ocrx_word' id='word_1_916' title='bbox 1750 5700 2009 5773; x_wconf 79' lang='lat' dir='ltr'><strong>iusiguior</strong></span> 
     </span>
    </p>
   </div>
   <div class='ocr_carea' id='block_1_117' title="bbox 2129 5680 3654 5787">
    <p class='ocr_par' dir='ltr' id='par_1_117' title="bbox 2129 5680 3654 5787">
     <span class='ocr_line' id='line_1_117' title="bbox 2129 5680 3654 5787; baseline 0.004 -30"><span class='ocrx_word' id='word_1_917' title='bbox 2129 5703 2225 5757; x_wconf 61' lang='grc' dir='ltr'><strong>ἐἶν</strong></span> <span class='ocrx_word' id='word_1_918' title='bbox 2252 5704 2313 5759; x_wconf 80' lang='grc' dir='ltr'><strong>τὸ</strong></span> <span class='ocrx_word' id='word_1_919' title='bbox 2353 5704 2549 5778; x_wconf 74' lang='grc' dir='ltr'><strong>ὄνομα.</strong></span> <span class='ocrx_word' id='word_1_920' title='bbox 2587 5680 2693 5763; x_wconf 55' lang='grc' dir='ltr'><strong>Ῠοῦ</strong></span> <span class='ocrx_word' id='word_1_921' title='bbox 2723 5711 2907 5781; x_wconf 78' lang='grc' dir='ltr'><strong>μέντοι</strong></span> <span class='ocrx_word' id='word_1_922' title='bbox 2971 5680 3219 5787; x_wconf 65' lang='grc' dir='ltr'><strong>’Ᾰνδρέου</strong></span> <span class='ocrx_word' id='word_1_923' title='bbox 3260 5680 3553 5786; x_wconf 77' lang='grc' dir='ltr'><strong>μέμνηται,</strong></span> <span class='ocrx_word' id='word_1_924' title='bbox 3573 5680 3654 5762; x_wconf 32' lang='grc' dir='ltr'><strong>’καὶ</strong></span> 
     </span>
    </p>
   </div>
   <div class='ocr_carea' id='block_1_118' title="bbox 503 5860 1543 5939">
    <p class='ocr_par' dir='ltr' id='par_1_118' title="bbox 503 5860 1543 5939">
     <span class='ocr_line' id='line_1_118' title="bbox 503 5860 1543 5939; baseline 0.011 -22"><span class='ocrx_word' id='word_1_925' title='bbox 503 5860 551 5894; x_wconf 81' lang='grc'><strong><em>⁸⁸</em></strong></span> <span class='ocrx_word' id='word_1_926' title='bbox 581 5860 714 5920; x_wconf 84' lang='lat' dir='ltr'><strong>Luc.</strong></span> <span class='ocrx_word' id='word_1_927' title='bbox 749 5881 825 5934; x_wconf 84' lang='lat' dir='ltr'><strong>tx,</strong></span> <span class='ocrx_word' id='word_1_928' title='bbox 867 5868 957 5927; x_wconf 82' lang='lat'><strong>53.</strong></span> <span class='ocrx_word' id='word_1_929' title='bbox 1035 5867 1079 5900; x_wconf 78' lang='lat'>“</span> <span class='ocrx_word' id='word_1_930' title='bbox 1103 5867 1125 5924; x_wconf 89' lang='grc' dir='ltr'>Ι</span> <span class='ocrx_word' id='word_1_931' title='bbox 1152 5865 1295 5923; x_wconf 86' lang='lat' dir='ltr'><strong>Tim.</strong></span> <span class='ocrx_word' id='word_1_932' title='bbox 1332 5884 1404 5939; x_wconf 87' lang='lat' dir='ltr'><strong>vt,</strong></span> <span class='ocrx_word' id='word_1_933' title='bbox 1453 5872 1543 5928; x_wconf 74' lang='lat'><strong>26.</strong></span> 
     </span>
    </p>
   </div>
  </div>
