3960 6454
320 329 461 398 1185

956 328 1399 391 ENARRATIO
1439 328 1521 391 IN
1562 325 2057 389 EVANGEIJUM
2092 325 2433 388 JOANNIS.
2470 351 2541 365 --
2576 328 2733 391 CAP.
2774 327 2824 390 Ι.

3430 325 3565 391 11ιὺ

312 452 453 523 πλὴν
481 448 649 505 αὑτοῦ
681 448 772 505 καὶ
805 446 1099 511 Φιλίππου,
1127 445 1203 508 ὡς
1230 445 1549 516 καταμόνας
1576 441 1882 514 λαληθέντα

1992 440 2185 511 detegit
2212 452 2269 496 et
2296 456 2453 497 suam
2500 443 2778 499 deitatem.
2831 441 2966 499 Nam
2994 442 3272 515 Philippus
3312 446 3462 503 Solus
3510 459 3571 504 et

310 544 407 599 καὶ
434 540 772 614 πραχθέντα,
820 538 1195 593 ἀποκαλύπτει
1229 537 1329 608 τὴν
1362 536 1569 590 οἰκείαν
1622 526 1881 603 θεότητα.

322 635 381 689 '0
414 635 523 705 γάρ
548 651 632 689 τοι
655 633 920 696 Φίλιππος
942 630 1257 700 καταμόνας
1309 629 1403 684 καὶ
1427 627 1642 691 οὐδενὸς
1668 626 1879 698 παρόν-

310 743 398 787 τος
436 726 541 778 ὑπὸ
586 724 685 796 τὴν
733 727 905 791 συκῆν
964 721 1242 792 ὡμίλησεν
1295 720 1373 791 τῷ
1406 718 1724 787 Ναθαναὴλ,
1753 717 1881 789 ἃ.δὴ

311 818 489 871 πάντα
520 817 550 868 6
582 815 816 885 Χριστὸς
854 815 948 869 καὶ
997 815 1075 885 μὴ
1098 811 1287 883 παρὼν
1319 812 1614 881 ἐγίνωσκεο
1651 812 1731 866 διὸ
1785 812 1882 867 καί

311 923 511 977 φησιν’
552 926 570 958 ι
615 908 783 961 Ὄντα
817 906 923 960 ὑπὸ
947 907 1046 977 τὴν
1069 904 1244 976 συκῆν
1273 899 1416 957 εἶδόν
1454 920 1537 959 σε.
1581 921 1601 955 ι
1642 903 1757 975 Πρδ
1781 904 1877 959 τοῦ

311 999 611 1068 πλησιάσαι
633 997 689 1050 δὲ
715 997 806 1051 τὸν
833 997 1101 1051 Φίλιππον
1124 993 1280 1051 εἶπεν
1306 997 1335 1048 6
1380 994 1585 1067 Κύριος
1626 998 1757 1068 περὶ
1779 993 1875 1049 τοῦ

315 1089 635 1160 Ναθαναὴλ,
666 1089 753 1143 ἵνα
809 1089 887 1159 μή
916 1105 1001 1152 τις
1048 1087 1392 1159 ὑποπτεύσῃ,
1439 1087 1572 1141 ὃτιό
1613 1088 1881 1152 Φίλιππος

308 1176 432 1234 εἷπε
470 1182 531 1235 τὸ
563 1181 815 1252 περὶτῆς
847 1181 1021 1252 συκῆς
1049 1182 1145 1235 καὶ
1172 1180 1283 1235 τῶν
1326 1180 1524 1246 ἀλλων,
1560 1179 1598 1236 ἃ.
1622 1176 1877 1252 διελέχθη

308 1275 387 1346 τῷ
412 1274 726 1346 Ναθαναήλ.
760 1275 924 1329 ὐθεν
961 1278 990 1328 6
1018 1274 1315 1345 Ναθαναὴλ
1358 1275 1629 1343 ἐπιγνοὺς
1651 1274 1745 1328 τὸν
1772 1273 1884 1328 Κύ-

310 1385 450 1438 ριον,
483 1366 836 1438 ὡμολόγησεν
866 1366 1029 1421 αὑτὸν
1056 1366 1183 1421 Υἰὸν
1232 1366 1388 1423 Θεοῦ.
1430 1368 1632 1420 Ἀκουε
1669 1381 1780 1437 γαρ
1828 1366 1887 1421 τι

311 1457 499 1527 φησίν.

388 1568 408 1603 ι
459 1549 757 1620 Ἀπεκρίθη
806 1550 1124 1622 Ναθαναὴλ,
1170 1552 1264 1607 καὶ
1312 1551 1461 1620 λέγει
1495 1551 1676 1623 αὐτῷ·
1720 1550 1883 1604 Ῥαϐ-

309 1644 389 1704 οι,
429 1645 495 1698 σὺ
518 1639 569 1697 εἴ
596 1645 624 1696 ό
682 1642 810 1707 Υἱὸς
859 1643 953 1696 τοῦ
1005 1644 1163 1708 Θεοῦ,
1197 1645 1261 1698 σὺ
1320 1641 1371 1698 εἶ
1412 1646 1439 1698 6
1479 1643 1734 1716 βασιλεὺς
1788 1644 1883 1697 τοῦ

319 1736 561 1805 Ἰσραήλ.
604 1735 901 1807 Ἀπεκρίθη
941 1735 1169 1806 Ἰησοῦς,
1208 1736 1303 1789 καὶ
1335 1730 1490 1790 εἶπεν
1536 1733 1685 1804 αύτῷ
1712 1749 1725 1763 ·
1755 1734 1883 1788 Ὅτι

1992 533 2136 588 nullo
2188 544 2456 603 praesente
2508 538 2612 592 sub
2643 538 2747 593 ficu
2800 537 3014 595 locutus
3048 552 3167 593 erat
3219 539 3561 608 Nathanaeli,

1989 641 2108 695 quae
2136 641 2267 682 sane
2290 630 2474 683 omnia
2501 628 2749 687 Christus
2783 634 2949 687 etiam
3007 632 3206 688 absens
3267 648 3564 703 cognosce-

1989 720 2103 775 bat.
2138 719 2373 776 Proinde
2401 730 2455 776 et
2497 722 2631 777 dicit
2657 740 2679 784 ι
2722 740 2743 775 ι
2797 724 2932 781 Cum
2963 740 3116 782 esses
3143 725 3247 782 sub
3286 726 3409 791 licu,
3452 728 3565 782 vidi

1992 818 2063 866 te.
2093 828 2113 864 r
2154 809 2471 883 Priusquam
2504 823 2684 868 autem
2714 819 3055 888 appropiaret
3096 818 3390 887 Philippus,
3429 819 3573 873 dixit

1991 901 2252 960 Dominus
2280 906 2347 960 de
2372 904 2723 971 Nathanaele,
2754 918 2813 963 ut
2840 924 2907 965 ne
2931 912 3052 978 quis
3083 913 3389 979 suspicetur
3411 911 3556 980 quod

1990 994 2272 1073 Philippus
2318 996 2538 1052 Christo
2586 998 2790 1054 dixerit
2824 1002 2889 1055 de
2921 1002 3045 1068 ﬁcu,
3083 1011 3136 1057 et
3167 1005 3291 1057 aliis
3324 1017 3443 1071 qua:
3478 1004 3559 1057 lo-

1991 1096 2149 1143 cutus
2183 1088 2255 1144 sit
2286 1104 2409 1145 cum
2437 1089 2789 1147 Natbauaele.
2829 1091 2995 1148 Unde
3028 1094 3348 1159 Nathanael,
3377 1097 3571 1165 agnito

1990 1177 2245 1246 Domino,
2293 1180 2493 1237 fatetur
2526 1198 2652 1238 cum
2675 1182 2873 1238 Filium
2922 1184 3040 1240 Dei.
3074 1186 3213 1241 Audi
3255 1189 3398 1241 enim
3428 1187 3567 1256 quid

1989 1272 2157 1329 dicat.

2066 1537 2231 1595 Vsus.
2261 1540 2449 1599 49-51.
2488 1560 2509 1596 ι
2545 1541 2839 1616 Respondit
2889 1545 3226 1616 Nathanael,
3257 1561 3308 1605 et
3347 1552 3420 1604 ait
3466 1553 3559 1609 ei:

1991 1628 2189 1698 Rabbi,
2224 1644 2281 1689 tu
2318 1650 2376 1690 es
2417 1634 2507 1692 ille
2536 1635 2709 1693 Filius
2758 1638 2873 1705 Dei,
2926 1649 2981 1694 tu
3015 1656 3074 1697 es
3117 1642 3206 1697 ille
3250 1659 3339 1697 rex
3378 1645 3567 1701 Israel.

1992 1714 2292 1795 Respondit
2314 1726 2496 1792 Iesus,
2534 1740 2589 1785 et
2615 1730 2756 1786 dixit
2787 1733 2835 1789 ei
2862 1751 2878 1788 :
2909 1734 3046 1801 Quia
3080 1736 3192 1791 dixi
3224 1737 3357 1792 tibi:
3396 1736 3562 1792 Vide-

306 1826 465 1880 εἶπόν
500 1845 603 1891 σοι,
634 1823 783 1881 Εῐδόν
834 1844 891 1880 σε
925 1827 1182 1882 ὑποκάτω
1221 1830 1321 1897 τῆς
1356 1828 1552 1898 συκῆς,
1583 1826 1878 1892 πιστεύεις

1992 1819 2110 1875 bam
2146 1830 2199 1876 te
2246 1823 2349 1878 sub
2381 1823 2511 1890 ficu,
2558 1826 2771 1881 credis:
2827 1829 3033 1897 majora
3078 1829 3162 1884 his
3210 1830 3439 1886 videbis.
3498 1832 3569 1886 Et

310 1918 488 1991 μείζω
520 1918 724 1972 τούτων
752 1918 895 1989 ὄψει.
935 1920 1050 1973 Καὶ
1100 1918 1249 1987 λέγει
1274 1917 1457 1987 αύτῷο
1507 1918 1702 1989 Ἀμὴν,
1736 1918 1882 1990 ἀμὴν

304 2015 453 2081 λέγω
477 2013 625 2083 ὑμῖν,
649 2012 855 2083 ἀπάρτι
874 2011 1071 2081 ὄψεσθε
1086 2013 1177 2066 τὸν
1204 2012 1431 2083 οὐρανὸν
1462 2014 1763 2085 ἀνεῳγότα,
1790 2014 1887 2068 καὶ

305 2107 449 2169 τοὺς.
466 2105 735 2175 ἀγγέλους
774 2105 869 2159 τοῦ
922 2104 1057 2158 Θεοῦ
1121 2103 1513 2169 ἀναϐαίνοντας
1576 2105 1670 2160 καὶ
1707 2122 1885 2159 κατα-

307 2198 595 2263 ϐαίνοντας
622 2200 712 2251 ἐπὶ
738 2197 829 2251 τὸν
856 2197 986 2251 Υίὸν
1010 2197 1103 2251 τοῦ
1133 2192 1444 2268 ἀνθρώπου.
1482 2195 1504 2249 ὸ
1536 2196 1617 2250 Τά
1640 2198 1735 2268 με’,
1754 2214 1882 2251 ιττα

305 2288 537 2342 δύναται
564 2290 599 2360 ἡ
632 2289 940 2360 προφητεία
968 2290 1047 2351 εἰς
1084 2288 1143 2341 τὸ
1177 2286 1583 2358 ὲφελκύσασθαί
1614 2305 1773 2352 τινας
1801 2290 1884 2350 είς

309 2383 519 2449 πίστιν,
550 2383 644 2436 καὶ
674 2382 898 2435 πλείονα
926 2380 982 2434 δὲ
1013 2380 1120 2434 τῶν
1160 2380 1459 2447 θαυμάτων
1489 2379 1718 2451 δύναμιν
1750 2379 1886 2451 ἔχει.

308 2476 395 2528 Τά
430 2475 527 2547 μὲν
574 2474 684 2545 γὰρ
712 2472 971 2544 θαύματα
999 2472 1255 2527 δύνανται
1291 2472 1674 2542 φαντασιωδῶς
1713 2474 1805 2524 καὶ
1836 2468 1889 2525 oi.

308 2567 572 2636 δαίμονες
597 2566 991 2637 ὑποκρίνεσθαι
1016 2582 1030 2596 ’
1063 2564 1163 2637 τὴν
1198 2565 1256 2618 δὲ
1291 2566 1598 2638 πρόγνωσιν
1620 2563 1728 2617 τῶν
1753 2563 1886 2634 μελ-

310 2657 517 2710 λόντων
538 2654 632 2710 καὶ
680 2656 1081 2729 προαγόρευσιν
1121 2656 1297 2714 οὐδεὶς
1319 2655 1566 2727 ἀκριϐῶς
1597 2654 1733 2726 ἔχει,
1761 2654 1888 2709 οὔτε

310 2750 569 2818 ἄγγελος,
599 2749 724 2803 οὔτε
767 2746 946 2820 πολλῷ
986 2749 1186 2819 μᾶλλον
1232 2749 1504 2820 δαίμονες.
1547 2748 1639 2802 Διὸ
1670 2750 1887 2804 καὶτὸν

309 2842 608 2914 Ναθαναὴλ
636 2843 665 2895 6
698 2842 898 2911 Κύριος
931 2843 1301 2909 ἐπεσπάσατο,
1329 2840 1500 2896 εἰπὼν
1523 2842 1673 2912 αύτῷ
1701 2842 1795 2895 τόν
1826 2859 1885 2897 τε

310 2936 503 3001 τόπον,
535 2937 628 2990 καὶ
663 2936 746 2989 ὅτι
776 2934 1055 3005 ἐφώνησεν
1093 2934 1257 2990 αὑτὸν
1288 2936 1316 2988 6
1347 2935 1635 3000 Φίλιππος,
1667 2935 1761 2987 καὶ
1799 2935 1884 2988 δτι

312 3027 532 3097 ἀληθῶς
592 3029 739 3080 ἐστιν
812 3027 1177 3098 Ἰσραηλίτης.
1254 3026 1519 3090 Ἀκούσας
1571 3023 1666 3081 οὖν
1712 3025 1889 3080 ταῦτα

310 3118 634 3189 Ναθαναὴλ,
672 3119 728 3171 ὲν
770 3119 1120 3189 συναισθήσει
1149 3117 1362 3185 γίνεται
1400 3116 1505 3188 τῆς
1548 3117 1644 3172 τοῦ
1676 3117 1886 3189 Κυρίου

315 3211 762 3283 μεγαλειότητος,
793 3212 916 3266 καθ’
958 3208 1082 3264 ὅσον
1121 3211 1259 3274 τέως
1312 3209 1465 3282 ἐνῆν,
1500 3212 1597 3266 καὶ
1631 3212 1889 3283 ὁμολογεῖ

311 3303 480 3355 αὑτὸν
509 3303 632 3355 mu
653 3302 825 3372 ,Θεοῦ.
880 3300 1028 3373 Πλὴν
1057 3302 1107 3354 εί
1142 3301 1240 3354 καὶ
1289 3300 1417 3354 Υίὸν
1445 3300 1585 3355 Θεοῦ
1614 3301 1885 3373 ὁμολογεῖ,

310 3387 430 3448 ἀλλ’
463 3390 555 3447 οὖν
579 3396 676 3465 οὑχ
702 3394 776 3457 ὡς
807 3395 835 3446 ό
866 3394 1093 3465 Πέτρος.
1143 3394 1205 3447 ’0
1237 3393 1337 3464 μὲν
1370 3393 1481 3465 γὰρ
1530 3395 1735 3466 Πέτρος
1759 3394 1889 3448 Υίὺν

312 3484 452 3539 Θεοῦ
483 3486 924 3556 ἀνωμολόγησεν,
960 3483 1035 3547 ὡς
1063 3483 1194 3537 Θεὸν
1233 3482 1407 3554 ἀληθῆ
1425 3500 1438 3514 ·
1468 3484 1549 3537 διὸ
1579 3484 1675 3538 καὶ
1706 3500 1888 3554 μακα-

317 3576 560 3648 ρίζεται,
591 3576 687 3630 καὶ
712 3576 811 3646 τὴν
847 3575 1178 3647 Ἐκκλησίαν
1218 3575 1563 3630 πιστεύεται.
1602 3574 1662 3628 ’0
1694 3573 1750 3628 δὲ
1774 3575 1889 3628 Να-

312 3669 526 3741 θαναὴλ
556 3664 632 3733 ὡς
650 3662 953 3737 ’ἄνθρωπον
972 3666 1128 3737 ψιλὸν
1153 3662 1317 3721 αὑτὸν
1335 3667 1681 3739 ὡμολόγησε.
1711 3667 1892 3738 χάριτι

309 3763 404 3816 διὰ
448 3764 548 3832 τὴν
599 3762 801 3831 ἀρετὴν
857 3760 1241 3831 υἱοθετηθέντα
1268 3759 1345 3831 τῷ
1370 3760 1523 3831 Θεῷ·
1576 3762 1670 3813 καὶ
1716 3758 1813 3812 τοῦ
1830 3775 1888 3811 το

312 3853 476 3924 δῆλον
512 3854 578 3905 ἐκ
608 3851 703 3905 τοῦ
740 3854 1072 3920 ἐπαγαγεῖνι
1137 3871 1155 3904 ι
1211 3853 1283 3905 Σὺ
1316 3846 1367 3904 εἴ
1412 3850 1439 3903 ὁ
1488 3850 1745 3921 βασιλεὺς
1794 3846 1891 3903 τοῦ

326 3939 564 4012 Ἰσραὴλ.
604 3958 623 3993 ι
664 3940 849 4011 Ὁρᾷς,
881 3942 966 3994 ὃτι
992 3930 1145 3994 οὔπω
1178 3940 1413 4010 ἔφθασεν
1442 3941 1522 4003 είς
1544 3942 1643 4010 τὴν
1676 3938 1893 3993 τελείαν

313 4038 523 4102 γνιιρσιν
543 4033 642 4104 τῆς
675 4032 910 4102 ἀληθοῦς
959 4032 1214 4104 θεότητος
1261 4032 1354 4086 τοῦ
1406 4022 1745 4102 Μούογενοῦς
1771 4048 1785 4098 ;
1815 4031 1893 4096 ὡς

314 4125 603 4196 ἄνθρωπον
636 4124 745 4195 γάρ
769 4125 1014 4195 θεοφιλῆ,
1044 4127 1138 4177 καὶ
1167 4124 1243 4188 ὡς
1284 4125 1508 4195 βασιλέα
1534 4124 1629 4178 τοῦ
1669 4123 1891 4196 Ἰσραὴλ

314 4221 481 4274 αὐτὸν
522 4220 768 4274 πιστεύει
804 4216 967 4273 εἶναι.
1015 4218 1077 4271 El
1102 4218 1158 4272 δὲ
1195 4218 1409 4288 ἀληθῶς
1442 4218 1573 4272 Θεὸν
1603 4218 1892 4289 ὡμολόγη-

316 4328 437 4375 σεν,
468 4312 569 4365 οὑκ
609 4308 675 4364 ἂν
706 4308 862 4363 εἶπεν
888 4309 1051 4363 αὑτὸν
1085 4308 1315 4379 βασιλέα
1338 4309 1433 4363 τοῦ
1477 4309 1715 4380 Ἰσραὴλ,
1756 4309 1892 4364 άλλά

314 4404 547 4474 βασιλέα
598 4402 695 4457 τοῦ
751 4402 990 4466 παντός·
1037 4402 1119 4456 διὸ
1167 4400 1290 4456 οὑδὲ
1331 4403 1700 4474 μακαρίςεται
1748 4403 1822 4468 ὡς
1861 4402 1892 4456 6

1985 1912 2119 1967 dicit
2161 1914 2210 1968 ei
2236 1931 2252 1969 :
2276 1913 2474 1981 Amen,
2504 1930 2662 1969 amen
2691 1918 2814 1971 dico
2842 1918 3017 1981 vobis,
3064 1920 3288 1988 posthac
3315 1921 3571 1976 videbitis

1984 2002 2181 2057 caelum
2238 2012 2509 2070 apertum,
2567 2016 2621 2059 et
2672 2008 2895 2075 angelos
2953 2008 3045 2062 Dei
3099 2011 3454 2066 ascendentes
3507 2020 3566 2067 et

1985 2093 2378 2151 descendentes
2408 2112 2571 2166 super
2592 2096 2788 2154 Filium
2836 2100 3092 2156 hominis.
3131 2122 3151 2157 ι
3188 2105 3426 2158 Maxime
3466 2119 3563 2173 po-

1988 2196 2105 2243 tens
2135 2198 2220 2243 est
2271 2191 2573 2258 prophetia,
2614 2200 2669 2246 et
2702 2191 2969 2249 ellicacior
3028 2196 3307 2250 miraculis
3336 2199 3405 2252 ad
3452 2197 3565 2252 alli-

1986 2280 2237 2336 ciendum
2271 2284 2535 2353 quosdam
2565 2286 2630 2339 ad
2662 2284 2843 2340 ﬁdem.
2880 2286 3162 2343 Damoues
3208 2290 3351 2344 enim
3400 2291 3563 2344 etiam

1986 2384 2217 2443 possunt
2248 2375 2509 2430 miracula
2540 2377 2827 2444 simulare,
2861 2388 2921 2433 et
2969 2389 3296 2450 apparentur
3343 2381 3523 2437 facere
3544 2397 3573 2441 :

1986 2466 2387 2536 praescientiam
2440 2477 2617 2523 autem
2672 2470 2978 2526 futurorum
3052 2482 3108 2528 et
3158 2475 3567 2543 prtedictionem

1946 2599 1950 2602 ‹
1987 2559 2291 2613 evidentem
2329 2558 2505 2614 nullus
2535 2558 2721 2629 habet,
2777 2576 2950 2631 neque
2974 2562 3223 2633 angelus,
3273 2574 3329 2619 et
3359 2574 3570 2633 quanto

1989 2651 2171 2706 minus
2217 2650 2534 2707 daemones?
2579 2652 2703 2709 Ideo
2753 2664 2810 2710 et
2851 2653 3241 2711 Nathanaelem
3303 2655 3575 2711 Dominus

1989 2742 2218 2796 attraxit
2247 2742 2434 2796 dicens
2483 2743 2535 2798 ei
2593 2744 2793 2809 locum,
2828 2754 2881 2800 et
2939 2746 3081 2814 quod
3139 2756 3386 2800 vocasset
3438 2762 3562 2800 eum

1989 2833 2291 2905 Philippus,
2322 2842 2376 2889 et
2419 2835 2564 2905 quod
2596 2836 2720 2891 vere
2759 2847 2903 2892 esset
2952 2836 3214 2893 Israelita.
3262 2838 3571 2893 Nathanael

1991 2925 2156 2997 igitur
2211 2926 2412 2982 auditis
2476 2926 2585 2983 illis
2641 2929 2848 2987 sentire
2906 2929 3074 3001 coepit
3132 2932 3562 3002 magnitudinem

1990 3019 2229 3087 Domini,
2267 3032 2528 3088 quantum
2584 3031 2714 3077 tunc
2759 3023 3014 3092 possibile
3067 3035 3206 3090 erat,
3262 3032 3318 3078 et
3365 3023 3568 3077 fatetur

1992 3109 2145 3164 illum
2192 3110 2385 3166 Filium
2431 3111 2554 3168 Dei.
2623 3113 3006 3170 Verumtamen
3069 3114 3318 3189 quamvis
3370 3112 3564 3169 Filium

1993 3203 2088 3259 Dei
2124 3203 2379 3272 fateatur,
2412 3222 2520 3262 non
2550 3215 2729 3263 tamen
2757 3209 2898 3264 sicut
2931 3208 3143 3266 Petrus.
3188 3207 3324 3263 Nam
3371 3208 3573 3265 Petrus

1993 3300 2212 3369 quidem
2251 3300 2535 3358 confessus
2564 3310 2650 3357 est
2695 3301 2893 3358 Filium
2940 3304 3029 3358 Dei
3062 3312 3121 3357 ut
3152 3302 3322 3359 Deum
3354 3317 3563 3363 verum.

1995 3393 2116 3448 ideo
2143 3399 2199 3447 et
2224 3392 2417 3450 beatus
2448 3395 2795 3465 praedicatur,
2822 3403 2878 3450 et
2906 3393 3147 3450 Ecclesia
3190 3396 3241 3449 ei
3283 3393 3573 3449 concrediv

1996 3486 2174 3541 tur“.
2215 3486 2515 3542 Nathanael
2556 3502 2686 3543 vero
2718 3496 2774 3542 ut
2801 3487 3075 3543 hominem
3109 3489 3311 3543 nudum
3342 3487 3562 3556 quidem

1996 3593 2120 3635 eum
2152 3580 2374 3646 fatetur,
2404 3584 2781 3647 gratiaautcm
2812 3589 3033 3653 prepter
3062 3581 3316 3636 virtutem
3342 3581 3569 3653 adopta-

1996 3681 2108 3727 tum
2142 3674 2196 3727 in
2227 3672 2419 3728 Filium
2451 3674 2546 3729 Dei
2573 3691 2589 3729 :
2617 3683 2672 3728 et
2708 3674 2813 3729 hoc
2852 3674 3203 3729 manifestum
3237 3687 3305 3728 ex
3333 3687 3398 3727 eo
3426 3671 3571 3744 quod

1993 3763 2265 3830 subditur,
2303 3781 2323 3814 ι
2357 3762 2437 3818 Tu
2469 3779 2529 3819 es
2562 3762 2651 3818 ille
2678 3777 2774 3818 rex
2800 3760 2984 3818 Israel.
3023 3780 3041 3812 ι
3078 3759 3239 3816 Vides
3257 3762 3397 3831 quod
3430 3774 3569 3813 non-

1996 3855 2121 3908 dum
2154 3864 2377 3909 venerat
2412 3856 2477 3908 ad
2502 3852 2807 3915 perfectam
2862 3852 3225 3925 cognitionem
3278 3866 3419 3906 verre
3451 3851 3573 3905 dei-

1998 3945 2124 4000 tatis
2150 3932 2468 4016 Unigeniti?
2496 3942 2708 3999 Etenim
2734 3943 2889 4013 quasi
2924 3944 3157 3999 amicum
3187 3943 3303 4011 Dei,
3330 3952 3383 3998 et
3409 3943 3567 4014 quasi

1995 4053 2179 4106 regem
2213 4036 2381 4093 Israel
2426 4052 2549 4091 eum
2585 4036 2753 4092 credit
2798 4052 2941 4092 esse.
2979 4033 3133 4103 Quod
3176 4034 3221 4091 si
3270 4050 3396 4090 vere
3439 4048 3571 4090 eum

1996 4129 2164 4185 Deum
2216 4139 2362 4185 esset
2414 4128 2718 4192 confessus,
2771 4144 2878 4183 non
2934 4128 3164 4183 dixisset
3197 4142 3323 4181 eum
3383 4140 3569 4196 regem

1995 4221 2181 4287 Israel,
2224 4223 2320 4279 sed
2366 4237 2547 4294 regem
2582 4222 2838 4277 universi.
2883 4218 3036 4276 Unde
3080 4235 3185 4274 non
3242 4218 3571 4289 pradicatur

1995 4316 2212 4383 beatus,
2251 4317 2394 4370 sicut
2419 4312 2644 4369 Petrus:
2698 4323 2752 4369 et
2796 4312 3058 4369 Dominus
3112 4311 3390 4380 corrigens
3417 4325 3572 4373 eum,

1996 4418 2050 4464 et
2081 4409 2347 4465 inducens
2377 4407 2443 4463 ad
2469 4408 2904 4477 cognoscendum
2938 4405 3198 4476 quiddam
3231 4406 3448 4474 dignum
3473 4418 3573 4456 sua

317 4498 544 4567 Πέτρος.
577 4496 746 4550 Ὀθεν
773 4499 867 4549 καὶ
892 4497 922 4548 6
947 4494 1147 4566 Κύριος
1172 4494 1552 4567 διορθούμενος
1576 4497 1761 4562 αὑτὸν,
1795 4497 1886 4550 καὶ

1996 4502 2219 4568 deitate,
2256 4522 2275 4555 ι
2310 4502 2593 4570 Videbitis,
2647 4501 2841 4571 inquit,
2876 4498 3098 4570 angelos
3135 4494 3226 4551 Dei
3268 4494 3572 4549 ascenden-

314 4589 540 4657 ἀνάγων
571 4588 650 4651 είς
681 4588 743 4642 τὸ
767 4585 960 4657 νοῆσαί
990 4603 1044 4639 τι
1082 4587 1233 4651 ἀξιον
1264 4587 1361 4656 τῆς
1396 4587 1565 4640 αὑτοῦ
1608 4589 1885 4659 θεότητος,

325 4703 351 4735 ο
380 4679 640 4750 ⁸οψεσθε,
665 4679 823 4750 φησὶ,
843 4677 968 4740 τοὺς
996 4677 1264 4746 ἀγγέλους
1291 4677 1384 4730 τοῦ
1413 4677 1546 4730 Θεοῦ
1573 4678 1891 4733 ἀναϐαίνον-

315 4794 416 4839 τας
445 4778 537 4829 καὶ
566 4774 992 4836 καταϐαίνοντας
1016 4773 1109 4825 ἐπὶ
1133 4772 1223 4824 τὸν
1252 4773 1378 4824 Υίξν
1411 4773 1505 4826 τοῦ
1527 4775 1837 4844 ἀνθρώπου.
1863 4794 1887 4827 ι

316 4871 411 4943 Μὴ
442 4872 551 4941 γάρ
592 4887 683 4939 με,
741 4869 930 4939 φησὶν,
977 4867 1330 4937 ὑπολάμϐανε
1373 4868 1528 4938 ψιλὸν
1574 4866 1887 4940 ἄνθρωπον,

318 4965 457 5017 ἀλλὰ
498 4963 776 5031 Δεσπότην
812 4959 921 5014 τῶν
968 4960 1236 5028 ἀγγέλων.
1270 4954 1342 5034 ᾯ
1371 4961 1481 5032 γὰρ
1520 4961 1742 5031 ἄγγελοι
1773 4962 1890 5017 δια,-

317 5054 592 5119 κονοῦσιν,
644 5055 744 5108 οῦκ
784 5052 851 5107 ἂν
898 5052 984 5124 εἴη
1032 5052 1316 5122 ἄνθρωπος
1354 5054 1537 5123 ψιλὸς⁷
1586 5054 1723 5107 ἀλλά
1754 5054 1889 5120 Θεὸς

315 5147 546 5217 ἀληθής.
588 5147 711 5199 Ἐπὶ
749 5146 807 5199 δὲ
841 5145 936 5198 τοῦ
988 5142 1225 5216 σταυροῦ
1268 5146 1362 5199 καὶ
1406 5146 1506 5213 τῆς
1562 5146 1890 5218 ἀναλήψεως

317 5239 491 5291 ταῦτα
519 5236 803 5306 ἐξέϐησαν.
849 5239 958 5292 Καὶ
983 5237 1092 5309 γὰρ
1122 5238 1216 5289 καὶ
1265 5237 1397 5307 πρὸς
1456 5237 1532 5308 τῷ
1582 5238 1762 5309 καιρῷ
1789 5238 1884 5292 τοῦ

318 5329 523 5391 τωους
550 5328 779 5395 ἄγγελος
810 5328 905 5382 ἀπ’
939 5328 1170 5399 οὐρανοῦ
1204 5328 1486 5399 ἐνίσχυσεν
1542 5331 1707 5383 αὐτόν
1735 5347 1747 5360 ·
1785 5332 1883 5384 καὶ

318 5423 378 5473 ἐν
432 5420 511 5489 τῷ
560 5420 735 5489 τάφῳ,
771 5418 1034 5487 ἄγγελος·
1080 5420 1177 5474 καὶ
1232 5423 1289 5474 ὲν
1318 5425 1384 5492 τῇ
1440 5420 1724 5495 ἀναλήψει,
1760 5424 1835 5488 ὡς
1862 5425 1895 5478 ὁ

316 5515 530 5574 on/.5;
564 5512 783 5580 ἱστορεῖ.
821 5509 978 5575 Τινὲς
1001 5512 1060 5566 δὲ
1091 5513 1263 5583 συκῆν
1302 5515 1530 5586 ἐνόησαν
1562 5517 1654 5568 τὸν
1694 5520 1880 5588 νόμον,

316 5605 391 5666 ὡς
453 5605 663 5675 καρπὸν
711 5604 906 5674 ἔχοντα
966 5606 1100 5678 πρὸς
1152 5607 1345 5680 καιρὸν
1374 5608 1760 5677 γλυκαίνοντα,
1820 5606 1885 5685 τῇ

387 5779 435 5810 θ’
473 5777 663 5834 Matth.
698 5795 806 5845 xrt,
844 5778 925 5837 I6.

1993 4603 2080 4650 tes
2102 4604 2157 4650 et
2185 4593 2576 4650 descendentes
2605 4607 2768 4662 super
2817 4590 3010 4645 Filium
3055 4589 3311 4644 hominis.
3351 4605 3369 4637 ι
3407 4583 3573 4655 53.1

1993 4686 2071 4742 Ne
2086 4689 2253 4751 enim,
2272 4688 2466 4756 inquit,
2492 4686 2782 4756 suspiceris
2809 4697 2895 4739 me
2909 4681 3112 4739 nudum
3148 4680 3442 4741 hominem,
3474 4678 3573 4730 scd

1996 4782 2286 4836 Dominum
2318 4779 2657 4848 angelorum.
2704 4777 2803 4831 Cul
2852 4777 2995 4830 enim
3032 4774 3204 4844 angi-li
3234 4772 3574 4831 ministrant,

1994 4875 2043 4929 is
2074 4875 2259 4943 utique
2286 4888 2392 4928 non
2441 4870 2607 4927 fuerit
2636 4887 2807 4943 purus
2836 4872 3020 4935 homo,
3057 4871 3151 4924 sed
3194 4880 3355 4922 verus
3404 4866 3574 4919 Deus.

1996 4965 2168 5021 Porro
2194 4964 2314 5021 haec
2345 4968 2398 5019 in
2430 4979 2593 5019 cruce
2621 4973 2674 5019 et
2719 4964 3036 5018 ascensione
3075 4966 3397 5015 evenerunt.
3432 4954 3573 5009 Nam

1993 5068 2051 5113 et
2092 5070 2219 5114 ante
2267 5069 2479 5127 tempus
2528 5058 2794 5127 passionis
2827 5056 3052 5124 angelus
3080 5054 3147 5106 de
3185 5050 3322 5106 caelo
3352 5046 3570 5104 confor-

1994 5150 2126 5203 tavit
2159 5164 2305 5213 eum,
2337 5156 2393 5202 ct
2440 5150 2491 5201 in
2547 5147 2797 5217 sepulcro
2846 5147 2994 5198 visus
3019 5153 3103 5198 est
3128 5141 3376 5214 angelus,
3407 5151 3461 5193 et
3515 5154 3575 5192 to

1994 5241 2399 5309 assumptione,
2447 5238 2590 5293 sicut
2646 5235 2824 5290 Lucas
2885 5236 3081 5305 prodit.
3130 5228 3267 5287 Sunt
3320 5232 3411 5301 qui
3474 5242 3579 5299 per

1996 5331 2156 5385 ficum
2194 5330 2364 5402 lugent
2419 5330 2823 5390 intellexerunt,
2856 5327 3009 5397 quasi
3062 5325 3302 5379 fructum
3360 5324 3566 5379 baben-

1993 5432 2100 5476 tem
2133 5424 2198 5475 ad
2232 5432 2443 5489 tempus
2476 5423 2708 5483 dulcem,
2750 5422 3049 5491 asperitate
3095 5428 3272 5473 autem
3315 5416 3575 5486 legalium

1995 5518 2432 5572 observatiooum
2495 5526 2552 5571 et
2601 5516 2914 5570 dillicultate
2965 5516 3365 5577 mandatorum,
3416 5508 3577 5577 quasi

1995 5609 2139 5664 foliis
2196 5610 2489 5664 obtectam.
2545 5608 2739 5665 Dicunt
2765 5609 2927 5681 igitur
2974 5606 3115 5680 quod
3178 5602 3567 5659 Nathaaavlem
