3920 6566
383 350 519 418 11Βῖ

1275 352 1849 422 THEOPHYLACTI
1896 355 2304 422 BULGARLE
2349 345 2724 418 ABCHIEP:

3501 351 3620 417 118i

377 464 638 520 Dominus
691 461 908 530 viderit,
966 465 1018 520 id
1071 476 1175 530 est,
1215 469 1425 539 placide
1479 472 1707 526 intuitus
1761 472 1851 536 sit,
1909 481 1963 526 et

2076 469 2364 541 τραχύτητι
2395 467 2452 520 δὲ
2481 467 2586 520 τῶν
2613 463 2856 534 νομικῶν
2887 466 3405 536 παρατηρημάτων,
3441 467 3536 520 καὶ
3559 468 3627 536 τῷ

373 556 710 612 intellectum
744 555 860 624 ejus
895 557 1212 624 illustrarit,
1235 562 1485 629 quamvis
1518 563 1695 617 adlmc
1723 563 1824 618 sub
1847 563 1964 631 lege

377 657 546 703 esset.
579 649 658 703 Tu
693 659 746 703 et
773 650 873 704 hoc
907 650 1066 717 scias,
1093 651 1136 706 si
1161 652 1288 720 quid
1311 664 1366 708 et
1394 654 1507 708 haec
1532 654 1794 720 arrident,
1819 656 1962 727 quod

378 740 762 795 Nathauaelem
796 740 1054 796 Dominus
1087 742 1220 797 vidit
1276 745 1380 799 sub
1421 745 1522 800 ficu
1553 785 1568 808 ,
1607 747 1817 801 scilicet
1859 748 1961 801 sub

374 835 488 904 lege
506 835 852 889 cxsistentem
871 834 970 906 (τι),
989 835 1091 891 hoc
1111 848 1212 900 est,
1238 836 1375 891 intra
1399 837 1590 909 legem,
1614 849 1668 894 et
1697 840 1958 908 profunda

377 927 506 995 legis
552 936 908 983 scrutantem.
933 927 1068 983 Nam
1127 930 1171 986 si
1213 946 1318 986 non
1353 941 1497 987 esset
1523 941 1798 988 scrutatus
1833 948 1960 1003 pro-

378 1017 542 1071 funda
616 1017 748 1087 legis
849 1021 1164 1091 neutiquam
1222 1022 1448 1078 vidisset
1502 1038 1626 1078 eum
1681 1025 1960 1080 Dominus.

380 1108 535 1162 Scias
561 1119 743 1163 autem
789 1119 845 1164 et
907 1111 1030 1176 hoc,
1093 1111 1236 1181 quod
1291 1113 1511 1169 Galitaza
1575 1115 1965 1186 interpretatur

389 1219 407 1252 ι
434 1200 818 1257 dcvolubilis.»
850 1203 1028 1260 Exivit
1054 1205 1218 1278 igitur
1249 1205 1508 1263 Dominus
1531 1208 1584 1262 in
1607 1209 1962 1264 devolubilem

384 1293 542 1362 hujus
571 1296 756 1350 mundi
805 1297 1102 1367 regionem,
1133 1299 1218 1354 vel
1252 1300 1420 1355 etiam
1463 1300 1755 1356 humanam
1801 1310 1962 1356 natu-

385 1397 533 1438 ram:
563 1395 616 1440 et
649 1402 748 1442 nos
773 1389 874 1444 sub
901 1389 1002 1444 lien
1037 1406 1248 1457 sumus,
1281 1391 1385 1448 hoc
1433 1401 1514 1448 est
1545 1403 1770 1463 peccato
1795 1395 1960 1458 dulci,

379 1479 466 1533 cui
501 1479 664 1534 etiam
715 1497 822 1537 non
871 1498 1060 1551 parum
1110 1485 1493 1542 amaritudinis
1559 1489 1711 1544 adest
1743 1499 1966 1558 praptcr

383 1573 774 1642 paenitudinem
801 1585 854 1630 et
881 1576 1082 1645 judicia
1125 1587 1402 1634 secutura.
1448 1577 1600 1634 Sicut
1656 1579 1964 1634 misericors

382 1664 526 1719 videt
560 1681 624 1720 ac
653 1666 802 1735 eligit
854 1682 947 1723 eos
976 1669 1066 1738 qui
1098 1669 1342 1724 fatentur
1383 1671 1560 1742 ipsum
1607 1668 1801 1725 Filium
1845 1669 1961 1735 Dei,

2063 562 2293 617 δυσκατε
2305 562 2522 632 ργὰστῳ
2543 559 2650 612 τῶν
2677 558 2932 624 ἐντολῶν,
2971 558 3161 626 ὥσπερ
3187 558 3410 627 φύλλοις
3444 561 3630 613 σκεπὸι

2067 673 2251 728 μενον.
2295 655 2463 706 Φασὶν
2489 651 2601 710 οὖν,
2637 652 2718 704 ὅτι
2741 651 2832 704 τὸν
2859 649 3153 722 Ναθαναὴλ
3195 646 3332 704 εἶδεν
3362 652 3391 703 ὁ
3418 650 3628 720 Κύριος,

2065 749 2186 801 ἀντὶ
2229 747 2322 800 τοῦ
2353 744 2554 814 ίλαρῶ·
2597 742 2887 812 ἑπέϐλεψε,
2925 743 3020 794 καὶ
3054 741 3151 812 τὴν
3214 742 3435 795 σύνεσιν
3477 743 3630 795 αὑτοῦ

2065 836 2418 906 κατενόησεν,
2453 836 2547 890 καὶ
2575 835 2654 887 ἐτι
2685 835 2789 887 ὑπὸ
2818 833 2910 886 τὺν
2943 834 3112 903 νόμον
3133 834 3308 897 ὄντος.
3358 835 3433 886 Σὺ
3465 835 3521 889 δέ
3550 851 3632 904 μοι

2064 931 2159 983 καὶ
2183 928 2361 999 τούτῳ
2385 928 2478 981 τὸν
2497 927 2622 979 νοῦν
2648 926 2968 995 ἐπίστησον,
3001 925 3118 992 εἴγε
3138 924 3305 995 Θέλγη
3331 927 3447 987 τοῖς
3468 922 3631 977 τοιού.

2063 1039 2202 1087 τοις,
2231 1021 2315 1076 δτι
2377 1019 2470 1074 τὸν
2508 1016 2805 1087 Ναθαναὴλ
2852 1017 2881 1069 ὁ
2929 1016 3136 1087 Κύριος
3202 1011 3346 1070 εἶδεν
3399 1015 3506 1069 ὑπὸ
3539 1015 3630 1085 τὴν

2067 1117 2264 1188 συκῆν,
2299 1115 2420 1186 ήτοι
2474 1113 2582 1167 ὑπὸ
2643 1111 2736 1165 τὸν
2785 1109 2973 1182 νόμον,
3024 1110 3308 1164 τουτέστιν
3347 1110 3502 1174 ἐντὸς
3549 1109 3633 1165 τοῦ

2065 1209 2260 1279 νόμου,
2315 1204 2506 1260 καὶτὰ
2537 1203 2676 1275 βάθη
2733 1202 2900 1257 αὑτοῦ
2940 1203 3273 1273 ἐρευνῶντα.
3307 1203 3369 1255 Ei
3417 1203 3526 1274 γὰρ
3571 1203 3636 1272 μή

2061 1301 2133 1353 τὰ
2163 1299 2302 1372 βάθη
2333 1297 2428 1352 τοῦ
2489 1297 2658 1366 νόμου
2705 1296 2938 1368 ὴρεύνα,
2967 1297 3070 1349 οὐκ
3107 1297 3172 1350 ἂν
3225 1295 3389 1348 αὑτὸν
3424 1292 3566 1348 εἶδεν
3612 1298 3636 1348 ὁ

2064 1393 2292 1464 Κύριος.
2329 1391 2469 1447 Ἴσθι
2497 1391 2555 1446 δὲ
2595 1391 2687 1446 καὶ
2722 1389 2908 1453 τοῦτο,
2941 1390 3023 1444 ὅτι
3047 1389 3308 1443 Γαλιλαία
3340 1388 3636 1459 ἑρμηνεύε-

2061 1503 2173 1549 ται,
2209 1483 2644 1550 κατακυλιστή.
2695 1482 2954 1553 Ἐξῆλθεν
2978 1477 3074 1536 οὖν
3113 1483 3143 1534 ὁ
3198 1481 3406 1552 Κύριος
3437 1483 3519 1544 είς
3547 1483 3635 1550 τὴν

2063 1577 2472 1647 κατακυλιστὴν
2497 1578 2688 1631 τούτου
2720 1576 2818 1630 τοῦ
2844 1576 3051 1646 κόσμου
3083 1575 3116 1646 ἦ
3149 1574 3358 1647 χώραν,
3429 1576 3525 1627 καὶ
3549 1575 3635 1645 τὴν

2063 1669 2226 1739 φύσιν
2248 1670 2346 1738 τὴν
2391 1667 2766 1740 ἀνθρωπίνην,
2828 1669 2924 1722 καὶ
2977 1668 3140 1730 ὄντας
3187 1669 3338 1738 ήμᾶς
3385 1667 3491 1720 ύπδ
3548 1669 3636 1736 τὴν

381 1761 438 1808 et
464 1769 641 1826 regem
671 1757 789 1826 ejus
820 1757 984 1812 Israel
1026 1759 1116 1827 qui
1146 1759 1292 1814 videt
1332 1759 1520 1814 Deum.
1568 1758 1634 1813 Et
1662 1759 1706 1812 si
1742 1757 1961 1829 quidem

2076 1762 2258 1828 συκῆν,
2287 1761 2540 1814 τουτέστι
2589 1761 2690 1830 τὴν
2719 1761 2972 1831 ὲνήδονον
2999 1758 3299 1830 ἁμαρτίαν,
3393 1758 3487 1812 καὶ
3531 1758 3635 1829 δρι-

384 1846 624 1902 studium
657 1849 1088 1913 adhibuerimus,
1112 1860 1165 1906 et
1195 1850 1494 1921 majoribus
1519 1865 1618 1906 nos
1652 1850 1965 1919 dignabitur

2076 1855 2247 1926 μύτης
2269 1853 2370 1908 οὐκ
2400 1853 2556 1924 ὀλίγη
2589 1853 2806 1908 σύνεστι
2835 1853 2925 1907 διὰ
2959 1852 3059 1925 τήν
3098 1853 3496 1924 μεταμέλειαν,
3556 1853 3638 1904 καὶ

380 1940 738 2009 spectaculis,
820 1951 876 1996 et
943 1942 1246 1999 videbimus
1324 1943 1548 2015 angelos
1609 1946 1966 1998 ascendentes

380 2033 596 2101 quidem
651 2035 718 2088 ad
761 2037 1128 2092 summitatem
1179 2037 1503 2107 cognitionis
1543 2036 1680 2092 Dei:
1735 2037 1966 2092 descen-

381 2130 570 2179 dentes
601 2141 728 2181 vero
773 2128 993 2194 iterum,
1032 2129 1516 2199 incognoscibilem
1561 2132 1680 2202 ejus
1707 2133 1970 2187 substano

383 2217 514 2271 tiam
539 2218 948 2288 deprehendere
979 2237 1084 2276 non
1117 2223 1382 2280 valentes.
1415 2223 1513 2279 Vel
1543 2224 1720 2287 aliter,
1755 2224 1962 2279 Ascen-

385 2311 464 2364 dit
499 2314 644 2381 quis,
677 2313 894 2383 quando
925 2326 1173 2370 versatur
1202 2316 1258 2371 in
1286 2316 1632 2372 sermonibus
1663 2317 1730 2371 de
1760 2317 1962 2372 deitate

387 2400 670 2472 Unigenitl
693 2421 709 2458 :
730 2405 1007 2459 descendit
1037 2416 1241 2472 autem,
1266 2408 1483 2478 quando
1509 2417 1742 2462 tractare
1771 2409 1967 2476 gaudet

383 2507 662 2551 Sermones
690 2497 755 2551 de
780 2495 1156 2552 incarnatione
1199 2509 1252 2555 et
1283 2502 1545 2556 descensu
1570 2499 1624 2553 in
1667 2498 1963 2554 infernum.

2063 1947 2134 2000 τὰ
2187 1948 2304 2000 ἐκεῖ
2351 1947 2737 2018 δικαιωτήρια,
2783 1946 2860 2010 ὡς
2915 1946 3302 2018 φιλάνθρωπος
3367 1942 3502 2006 εἶδε,
3559 1944 3638 1997 καί

2067 2036 2353 2104 ἐξελέξατο
2376 2037 2779 2108 ὁμολογοῦντας
2807 2039 2973 2092 αὑτὸν
3007 2037 3137 2090 Υίὸν
3173 2036 3334 2098 Θεοῦ,
3375 2037 3473 2089 καὶ
3497 2036 3639 2104 βατι-

2070 2129 2171 2184 λέα
2197 2129 2295 2183 τοῦ
2336 2129 2555 2202 Ἰσραὴλ
2589 2129 2684 2184 τοῦ
2708 2130 2947 2202 ὁρῶντος
2977 2129 3134 2184 Θεὸν.
3175 2131 3237 2183 El
3271 2130 3330 2183 δέ
3362 2146 3427 2198 γε
3454 2127 3643 2181 ἐπιτεί-

2067 2237 2256 2290 νοιμεν
2282 2220 2382 2292 τήν
2415 2220 2672 2292 σπουδήν,
2700 2224 2796 2274 καὶ
2834 2221 3099 2291 μειζόνων
3143 2220 3481 2284 καταξιὼσει
3508 2221 3641 2290 ἡμᾶς

2069 2312 2382 2384 θεαμάτων,
2418 2315 2512 2366 καὶ
2534 2313 2783 2385 ὀψόμεθα
2815 2313 2943 2377 τοὺς
2965 2313 3232 2383 ἀγγέλους
3252 2312 3640 2374 ἀναϐαίνοντας

2073 2407 2175 2478 μὲν
2210 2407 2347 2478 πρὸς
2391 2407 2453 2460 τὸ
2486 2407 2620 2478 ὕψος
2653 2408 2752 2478 τῆς
2784 2406 2952 2461 αὐτοῦ
2990 2406 3446 2476 θείαςιγνὼσεως,
3487 2421 3642 2459 κατα-

2073 2497 2366 2562 ϐαίνοντας
2429 2498 2489 2553 δὲ
2538 2499 2726 2565 πάλιν,
2757 2498 2849 2553 διὰ
2877 2498 2973 2553 τοῦ
3016 2499 3092 2571 μή
3120 2499 3348 2568 φθάνειν
3391 2496 3647 2566 κατανοῆ-

386 2599 475 2640 σαι
501 2587 601 2659 τήν
631 2587 910 2660 ἄγνωστον
935 2591 1147 2646 οὐσίαν.
1185 2592 1296 2648 Καὶ
1341 2592 1517 2656 ἄλλως
1540 2593 1619 2659 δὲ,
1666 2590 1954 2646 ἀναϐαίνει
1985 2608 2094 2655 τις.
2163 2593 2254 2646 ὅτε
2288 2596 2401 2658 τοῖς
2458 2592 2712 2662 περὶτῆς
2741 2592 2996 2664 θεότητος
3045 2591 3138 2646 τοῦ
3182 2591 3530 2661 Μονογενοῦς
3552 2590 3631 2644 λό·

381 2695 501 2748 γοις
533 2680 895 2752 ἐνδιατρίϐει·
931 2683 1255 2738 καταϐαίνει
1288 2683 1369 2750 δὲ,
1402 2685 1491 2738 ὅτε
1516 2687 1629 2748 τοῖς
1653 2701 1718 2737 πε
1731 2683 1784 2757 pl.
1821 2680 2024 2756 σαρκὸς
2050 2683 2147 2739 καὶ
2181 2683 2284 2755 τῆς
2315 2684 2375 2737 tv
2406 2681 2484 2755 τῷ
2507 2683 2608 2756 ᾄδῃ
2640 2682 3006 2748 καταϐάσεως
3047 2684 3443 2757 ἐμφιλοχωρεῖ.

1004 2796 1237 2855 CAPUT
1274 2799 1342 2856 il.

385 2891 465 2950 De
489 2892 687 2964 nuptiis
711 2894 763 2966 i_n
791 2891 942 2966 Cana
974 2890 1242 2966 patum.
1290 2893 1364 2948 De
1401 2894 1634 2966 expulsis
1667 2911 1694 2950 e
1751 2895 1942 2966 templo

703 2963 782 3018 De
808 2964 928 3030 hoc,
961 2964 1161 3020 Solvite
1199 2966 1445 3035 templum
1478 2965 1644 3021 istud.

461 3146 628 3203 Vens.
660 3145 776 3202 ιυι.
813 3165 836 3200 ι
872 3145 940 3202 Ει
969 3145 1055 3202 die
1083 3146 1243 3203 tertia
1295 3145 1452 3203 facta;
1505 3156 1632 3203 sunt
1681 3148 1883 3220 nuptia:
1916 3147 1969 3204 in

385 3241 530 3296 Cana
565 3240 835 3306 Galilma',
871 3250 923 3297 et
950 3250 1069 3296 erat
1112 3250 1284 3296 mater
1306 3239 1436 3297 Jesu
1476 3227 1575 3296 ibi.
1621 3241 1862 3298 Vocatus
1887 3250 1974 3298 est

388 3345 567 3386 autem
597 3344 648 3386 et
675 3333 831 3387 Jesus
861 3348 924 3387 ac
952 3333 1202 3403 discipuli
1243 3333 1362 3402 ejus
1386 3335 1452 3388 ad
1482 3334 1721 3403 nuptias.
1753 3334 1818 3389 Et
1848 3349 1970 3389 cum

388 3425 681 3481 defecisset
720 3427 928 3485 vinum.
964 3425 1095 3480 dicit
1128 3436 1304 3480 ntatcr
1332 3424 1459 3481 Jcsu
1489 3429 1555 3480 ad
1579 3442 1700 3482 eum
1729 3447 1744 3482 :
1780 3427 1970 3482 Vinum

387 3533 497 3572 non
541 3518 764 3573 habent.
803 3517 942 3572 Dicit
970 3518 1018 3572 ei
1065 3515 1224 3572 Jesus
1249 3533 1268 3575 :
1296 3516 1433 3584 Quid
1477 3517 1608 3572 mihi
1641 3527 1696 3572 et
1733 3519 1830 3573 tibi
1869 3528 1970 3582 est,

390 3611 630 3665 mulier?
692 3609 939 3664 Nondum

393 3703 608 3773 nuptias
655 3701 965 3768 Dominum,
999 3719 1104 3758 non
1136 3705 1278 3775 quod
1305 3703 1539 3759 viderint
1574 3701 1856 3768 miracula,
1887 3701 1972 3757 vel

392 3791 536 3846 aliud
575 3791 832 3861 quiddam
878 3808 1169 3862 magnum:
1205 3795 1298 3850 sed
1341 3792 1664 3863 simpliciter
1692 3801 1890 3850 vocant
1916 3801 1975 3848 ut

392 3897 602 3951 notum,
659 3888 804 3942 unde
855 3885 956 3941 hoc.
1013 3887 1326 3955 signiﬁcans
1380 3886 1746 3960 Evangelista,
1802 3887 1971 3943 dicit:

396 3993 417 4031 ι
453 3978 583 4033 Erat
638 3988 817 4034 autem
854 3989 1031 4035 mater
1081 3978 1209 4035 Jesu
1258 3986 1315 4036 et
1364 3979 1565 4037 fratres
1644 3980 1764 4052 ejus
1811 3979 1908 4034 ibi.
1949 3998 1969 4033 s

393 4070 563 4140 Igitur
593 4070 734 4126 sicut
767 4070 914 4124 illam
945 4076 1002 4126 et
1050 4068 1270 4138 fratres,
1323 4069 1396 4125 ita
1431 4079 1488 4126 et
1527 4068 1714 4126 Jesum
1739 4085 1974 4126 vocave-

396 4170 545 4218 runt.
577 4162 746 4218 Afl'uit
769 4171 948 4219 autem
981 4164 1116 4233 ipse,
1148 4172 1202 4220 et
1233 4163 1573 4220 vocationem
1610 4179 1716 4219 non
1746 4163 1968 4235 repulit,

394 4255 522 4323 quia
572 4270 680 4309 non
737 4257 977 4325 respexit
1035 4258 1100 4310 ad
1155 4271 1308 4311 suam
1367 4257 1704 4327 dignitatem,
1756 4259 1850 4312 sed
1907 4258 1974 4311 ad

393 4348 680 4401 utilitatem
709 4355 765 4402 et
810 4346 1074 4402 beneficia
1115 4354 1323 4402 nostra.
1354 4348 1492 4401 Nam
1532 4349 1622 4418 qui
1673 4362 1778 4402 non
1819 4349 1970 4403 dedi-

999 3610 1144 3664 venit
1192 3609 1326 3664 hora
1377 3623 1520 3664 mea.
1565 3631 1586 3663 s
1648 3607 1860 3664 Vocant
1903 3608 1991 3664 ad.

2673 2801 2926 2858 ΚΕΦΑΛ.
2976 2801 3052 2858 B'.

2075 2891 2216 2966 Περὶ
2247 2889 2356 2966 τοῦ
2389 2891 2459 2946 ἐν
2491 2891 2656 2966 Κᾳνᾷ
2686 2893 2899 2966 γάμου.
2923 2897 3063 2966 Περὶ
3087 2893 3207 2951 τῶν
3244 2897 3648 2966 ἐκϐληθέντων

2149 2962 2349 3034 ἐκίτοῦ
2414 2964 2598 3032 ίεροῦ.
2668 2962 2813 3034 "apt
2867 2962 3015 3032 τοῦί
3051 2971 3293 3023 Λύσατε
3354 2962 3465 3024 τὸν·
3510 2975 3647 3024 ναὸν

1994 3028 2038 3088 C
2139 3033 2358 3088 τοῦτον
2371 3072 2386 3088 .

2148 3164 2168 3198 ι
2210 3146 2321 3200 Καὶ
2345 3148 2412 3218 τῇ
2447 3147 2632 3221 ήμέρᾳ
2668 3152 2735 3222 τῇ
2772 3151 2932 3226 τρίτῃ
2979 3153 3155 3226 γάμος
3188 3155 3410 3225 ἐγένετο
3441 3156 3501 3209 ἐν
3536 3158 3648 3211 Κα-

2071 3239 2139 3310 νᾷ
2161 3240 2257 3310 τῆς
2288 3240 2602 3307 Γαλιλαίας,
2637 3245 2728 3297 καὶ
2755 3239 2823 3314 ἦν
2853 3247 2886 3316 ή
2934 3247 3120 3319 μήτηρ
3151 3248 3246 3302 τοῦ
3310 3249 3489 3320 Ἰησοῦ
3518 3251 3648 3306 ἐκεῖ.

2086 3331 2321 3402 Ἐκλήθη
2368 3331 2427 3385 δὲ
2473 3333 2569 3387 καὶ
2627 3335 2656 3388 ὁ
2704 3335 2935 3406 Ἰησοῦς,
2969 3337 3066 3392 καὶ
3120 3341 3170 3392 οἱ
3214 3341 3464 3412 μαθηταὶ
3491 3341 3649 3396 αὐτοῦ

2073 3422 2156 3486 είς
2207 3424 2302 3477 τὸν
2347 3423 2546 3494 γάμον.
2597 3427 2708 3479 Καὶ
2754 3427 3155 3500 ὑστερήσαντος
3213 3432 3381 3497 οἴνου,
3445 3434 3652 3503 λέγειή

2076 3513 2261 3585 μήτηρ
2303 3513 2397 3567 τοῦ
2441 3513 2622 3586 Ἰησοῦ
2675 3517 2814 3587 πρὸς
2861 3519 3059 3572 αὐτόν’
3106 3515 3264 3574 Οἶνον
3303 3523 3404 3576 οὐκ
3452 3523 3648 3594 ἔχουσι.

2073 3604 2238 3673 Λέγει
2283 3607 2421 3678 αὐτῇ
2474 3607 2503 3660 ὁ
2569 3606 2802 3679 Ἰησοῦς
2861 3606 2926 3662 Τί
2961 3611 3084 3680 ἐμοὶ
3131 3612 3226 3665 καὶ
3293 3614 3398 3676 σοὶ,
3450 3615 3651 3683 γύναι;

2073 3697 2242 3755 Οὔπω
2270 3700 2463 3772 ήκειή
2505 3700 2625 3774 ὥρα
2661 3718 2789 3774 μου.
2831 3721 2850 3756 s
2890 3703 3166 3758 Καλοῦσιν
3199 3707 3281 3770 τίς
3331 3706 3427 3760 τὸν
3483 3710 3654 3779 γάρον

2074 3789 2166 3845 τὸν
2197 3789 2424 3862 Κύριον,
2460 3789 2561 3862 οὐχ
2594 3789 2671 3856 ὡς
2710 3790 2967 3864 θαύματα
3001 3792 3203 3857 ἰδόντες
3226 3835 3241 3860 ,
3296 3795 3408 3849 οὐδ’
3436 3797 3515 3860 ὡς
3567 3801 3657 3867 μὶ-

2074 3898 2179 3951 γαν
2203 3883 2344 3946 τινὰ,
2385 3882 2500 3936 ἀλλ’
2525 3881 2712 3948 ἀπλως
2735 3885 2830 3938 καὶ
2863 3885 2939 3946 ὡς
3005 3884 3317 3958 γνώριμον,
3353 3885 3479 3942 ὅθεν
3505 3888 3656 3942 τοῦτο

2079 3973 2362 4044 σημαίνων
2393 3975 2422 4027 ὀ
2445 3973 2862 4045 εύαγγελιστής,
2890 3976 3054 4045 φησίν
3078 3989 3094 4007 ο
3133 3995 3152 4028 ι
3187 3972 3298 4030 Ἦν
3322 3975 3380 4032 δὲ
3412 3979 3446 4049 ή
3478 3978 3657 4049 ρήτηρ

2077 4065 2173 4118 τοῦ
2221 4065 2398 4137 Ἰησοῦ
2436 4066 2530 4121 καὶ
2555 4068 2604 4120 οί
2629 4066 2849 4136 ἀδελφοὶ
2883 4068 3047 4121 αὐτοῦ
3072 4069 3208 4122 ἐκεῖ.
3253 4087 3273 4122 s
3309 4069 3529 4138 Ὥσπερ
3568 4067 3657 4122 οὖν

2076 4157 2296 4229 ἐκείνην
2343 4159 2440 4212 καὶ
2486 4161 2614 4224 τοὺς
2652 4160 2941 4230 ἀδελφοὺς,
2973 4160 3117 4216 οὕτω
3147 4163 3244 4217 καὶ
3294 4163 3391 4215 τον
3456 4163 3657 4233 Κύριον

2079 4251 2365 4306 ἐκάλεσαν.
2415 4250 2472 4306 Ὀ
2503 4253 2558 4305 δὲ
2586 4252 2787 4323 Κύριος
2827 4254 3214 4324 παραγίνεται,
3251 4257 3348 4308 καὶ
3383 4257 3486 4308 οὐκ
3522 4257 3658 4308 ἀπα·

2081 4343 2184 4408 ξιοϊ
2235 4343 2334 4416 τήν
2365 4345 2583 4415 κλῆσιν,
2606 4346 2687 4399 ὅτι
2714 4345 2788 4418 μὴ
2813 4348 2894 4412 είς
2938 4349 3035 4417 τὴν
3061 4348 3269 4402 οἰκείαν
3297 4348 3460 4414 ἀξίαν
3495 4350 3656 4420 ἑώρα,

395 4451 590 4510 gnatus
631 4437 792 4510 532
841 4449 926 4494 est
967 4439 1096 4497 .lieri
1155 4454 1346 4494 servus
1372 4479 1390 4504 ,
1430 4439 1602 4494 multo
1642 4440 1812 4508 magis
1869 4454 1967 4493 non

2083 4436 2218 4490 ἀλλά
2252 4436 2388 4506 πρὸς
2422 4439 2520 4508 τὴν
2558 4437 2830 4507 ὠφέλειαν
2868 4439 2961 4493 καὶ
2999 4441 3324 4513 εὐεργεσίαν
3359 4440 3542 4511 ἡμῶν.
3607 4441 3659 4492 '0

397 4533 721 4602 dedignatus
752 4542 836 4587 est
869 4529 1056 4585 venire
1107 4531 1172 4585 ad
1209 4532 1450 4602 nuptias.
1493 4528 1828 4585 Exltortatur
1875 4547 1974 4585 att-

397 4635 504 4680 tem
544 4626 692 4679 illum
729 4634 902 4680 mater
927 4635 985 4678 ut
1018 4623 1178 4679 facint
1206 4623 1547 4686 miraculum,
1576 4637 1694 4692 quas
1720 4637 1973 4694 magnam

396 4718 463 4772 de
507 4718 674 4787 ipsius
724 4725 993 4787 pmestate
1039 4725 1349 4783 sumpserat
1379 4715 1722 4784 opinionem,
1762 4725 1868 4769 tam
1905 4716 1974 4770 ob

397 4813 834 4879 conceptionem,
863 4823 1025 4878 quam
1067 4809 1136 4862 ob
1167 4818 1404 4879 partum.
1437 4806 1632 4861 Omnia
1663 4808 1808 4863 enim
1845 4822 1978 4862 con-

399 4901 656 4956 servabat
688 4901 739 4954 in
772 4898 940 4955 corde
977 4914 1078 4954 suo
1099 4899 1167 4964 “,
1202 4911 1256 4954 ct
1282 4915 1346 4954 ex
1380 4898 1486 4954 illis
1503 4899 1777 4968 cogitabat
1810 4898 1978 4953 [ilium

2083 4531 2193 4601 γὰρ
2246 4529 2322 4601 μή
2382 4530 2702 4594 ἀπαξιώσας
2763 4531 3018 4600 γενέσθαι
3076 4535 3135 4588 ὲν
3191 4532 3426 4596 δούλοις,
3475 4531 3654 4601 πολλῷ

2085 4621 2290 4692 μᾶλλον
2312 4623 2413 4675 οὐκ
2449 4622 2515 4676 ἂν
2541 4623 2855 4691 ἀπηξίωσεν
2902 4624 2985 4684 είς
3017 4623 3194 4695 γάμον
3239 4625 3442 4678 ἐλθεῖν.
3476 4627 3659 4696 Παρα-

2081 4713 2239 4769 καλεῖ
2274 4715 2331 4768 δὲ
2360 4715 2525 4768 αὑτὸν
2559 4717 2591 4787 ἡ
2631 4717 2818 4787 μήτηρ
2849 4717 2932 4780 είς
2980 4716 3454 4788 θαυματουργίαν,
3490 4719 3660 4800 μέγὰ-

2076 4807 2178 4878 λην
2230 4809 2360 4880 περὶ
2413 4808 2512 4879 τῆς
2558 4807 2723 4861 αὑτοῦ
2779 4808 3064 4879 δυνάμεως
3110 4809 3354 4863 λαϐοῦσα
3389 4809 3653 4880 ὑπόληψιν

2076 4898 2188 4952 ἀπό
2209 4915 2267 4952 τε
2299 4899 2398 4970 τῆς
2457 4899 2796 4972 συλλήψεως,
2837 4902 2948 4955 ἀπό
2990 4919 3051 4955 τε
3115 4902 3208 4956 τοῦ
3237 4903 3432 4958 τόκου.
3479 4905 3655 4957 Πάντι

398 4991 601 5060 aliquid
642 5005 802 5059 posse
847 5005 1012 5063 supra
1064 4990 1366 5043 hominem.
1401 4987 1588 5058 Neque
1624 4989 1770 5042 enim
1811 4998 1967 5042 matet

2079 4990 2191 5062 γὰρ
2222 4992 2511 5062 συνετήρει
2547 4993 2606 5046 ὲν
2635 4996 2702 5064 τῇ
2752 4993 2954 5067 καρδίᾳ
2982 4995 3177 5066 αὐτῆς,
3221 4995 3319 5049 καὶ
3360 4998 3428 5050 ἐκ
3460 4995 3656 5050 τούτων

396 5084 515 5155 ejus
544 5092 604 5138 ut
627 5093 812 5139 oraret
845 5099 970 5139 cum
1009 5083 1077 5138 ad
1109 5081 1416 5138 faciendum
1467 5081 1683 5152 aliquod
1734 5081 1968 5135 miracu-

398 5178 534 5245 lum,
566 5195 633 5235 ex
660 5178 767 5234 alio
798 5177 943 5249 quod
975 5175 1128 5246 prius
1153 5177 1366 5231 viderat
1400 5175 1600 5242 facere,
1630 5174 1845 5229 inducta
1875 5185 1978 5230 est.

397 5271 533 5327 Nam
587 5287 712 5326 cum
765 5284 899 5341 puer
937 5280 1103 5335 esset,
1169 5268 1377 5323 nullum
1433 5266 1561 5322 fecit
1616 5266 1976 5323 miraculum:

2079 5080 2360 5149 ἐλογίζετο
2397 5081 2488 5134 τὸν
2506 5081 2622 5135 υίδν
2653 5082 2794 5154 ὑπὲρ
2818 5082 3105 5155 ἂνθρωπον
3125 5083 3412 5138 δύνασθαι.
3452 5086 3527 5137 Οὔ
3554 5083 3655 5151 γὰρ

2080 5173 2146 5246 δή
2173 5174 2281 5228 ἀπὸ
2301 5173 2397 5227 τοῦ
2431 5173 2530 5229 καὶ
2557 5174 2692 5229 ἄλλα
2724 5174 2985 5247 θαύματα
3018 5178 3243 5246 ποιῆσαι
3289 5177 3383 5230 τὸν
3431 5175 3654 5245 Ἰησοῦν.

2088 5268 2469 5339 παρακαλέσαι
2523 5270 2688 5324 αὐτὸν
2737 5270 2988 5341 προήχθη
3032 5271 3066 5342 ή
3105 5271 3291 5341 μήτηρ
3348 5272 3432 5333 εἰς
3485 5269 3654 5322 τοῦτο.

397 5364 526 5433 quia
571 5361 616 5417 si
667 5359 902 5426 fecisset,
953 5372 1116 5418 notus
1148 5360 1341 5416 luisset
1379 5359 1652 5415 omnibus.
1685 5357 1967 5412 Andiverat

2088 5362 2224 5426 Παῖς
2253 5363 2362 5433 γὰρ
2397 5361 2496 5429 ὢν,
2551 5363 2703 5416 οὐδὲν
2755 5363 3314 5433 ὲθαυματούργησεν·
3358 5356 3395 5434 ἦ
3453 5361 3560 5430 γὰρ
3589 5359 3655 5410 ᾰν

399 5457 527 5510 item
577 5465 752 5510 tnater
795 5455 864 5512 de
901 5453 1228 5510 testimoniis
1271 5449 1522 5515 Joannis,
1574 5465 1693 5519 qua:
1746 5450 1813 5504 dc
1865 5451 1979 5519 ipso

399 5559 516 5606 erat
558 5559 812 5616 testatus,
851 5549 1175 5617 videbatque
1219 5547 1330 5616 jam
1376 5554 1432 5600 et
1460 5543 1756 5614 discipulos
1803 5543 1976 5613 ipsum

467 5687 512 5720 “
537 5685 668 5741 Luc.
704 5699 862 5750 ινιιι,
905 5682 992 5738 t9.

2085 5455 2356 5527 ἐπίσημος
2401 5458 2567 5511 πᾶσιν
2605 5452 2694 5527 ἦν.
2756 5457 2908 5528 ’Λμα
2965 5456 3023 5509 δὲ
3082 5458 3116 5526 ή
3171 5457 3361 5527 μήτηρ
3415 5455 3511 5507 καὶ
3555 5450 3658 5504 τῶν

2091 5549 2410 5622 μαρτυριῶν
2451 5548 2698 5604 Ἰωάννου
2723 5549 3026 5622 ἐμέμνητο,
3059 5546 3123 5613 ἀς
3140 5549 3272 5621 περὶ
3291 5545 3459 5602 αὑτοῦ
3490 5547 3658 5616 Epap-

473 5832 549 5904 (α)
568 5829 712 5885 Edit.
744 5825 868 5883 Lut.
905 5823 1187 5880 Dominum
1220 5820 1347 5875 vidit
1379 5820 1553 5874 adhuc
1585 5820 1678 5874 sub
1707 5819 1812 5892 lege
1840 5821 2194 5877 exsistentem.
