3960 6454
304 319 449 394 1189

918 315 1362 378 ENARRATIO
1399 315 1482 376 IN
1524 311 2022 376 EVANGELIUM
2061 309 2407 376 JOANNIS.
2445 335 2512 350 ·-
2545 311 2700 374 CAP.
2742 311 2824 370 II.

3414 308 3548 374 1190

300 430 564 502 τύρησεν,
597 427 792 484 ἔϐλεπέ
818 445 878 483 τε
907 427 1009 499 ἤδη
1043 426 1138 483 καὶ
1165 425 1413 498 μαθητὰς
1449 424 1600 496 αὑτῷ
1643 425 1867 478 ἀκολου-

1980 435 2305 493 sequentes:
2342 434 2396 479 et
2433 439 2500 480 ex
2531 425 2614 480 his
2643 424 2895 479 omnibus
2925 421 3261 492 conjectabat
3290 423 3545 480 virtutem

302 520 571 586 θοῦνταςο
614 523 709 576 καί
738 522 804 574 ἐκ
859 517 1068 574 τούτων
1119 518 1336 572 πάντων
1374 515 1734 586 ἐτεκμαίρετο
1772 515 1873 587 τὴν

302 613 540 685 δύναμιν
562 613 655 667 τοῦ
686 613 904 677 Παιδός.
943 611 1005 666 '0
1031 612 1088 665 δὲ
1108 611 1336 681 ἐπιτιμᾷ
1365 610 1503 681 αὑτῇ
1520 608 1620 662 οὑκ
1641 609 1869 676 ἀλόγως.

303 706 368 758 El
400 707 531 776 γὰρ,
567 706 749 775 φησὶν,
776 704 877 756 οὑκ
911 703 1057 757 ἐστιν
1080 698 1245 770 οἶνος,
1276 701 1384 755 ἔδει
1415 700 1612 764 αὑτοὺς
1637 699 1874 762 ἐκείνους

301 795 430 858 τοὺς
465 795 538 864 μὴ
570 794 793 864 ἔχοντας
823 792 1163 865 προσελθεῖν,
1221 792 1316 844 καὶ
1353 789 1606 855 ἀξιῶσαι,
1637 789 1762 858 οὑχ).
1813 790 1872 842 σέ

301 891 405 956 τὴν
435 887 683 956 Μητέρα.
723 886 786 938 Ἠ
819 883 926 956 γὰρ
954 882 1214 953 περὶτῶν
1253 881 1468 935 οἰκείων
1527 880 1874 951 παράκλησις

305 979 602 1032 σκάνδαλον
648 980 857 1045 γίνεται
913 977 1024 1039 τοῖς
1063 975 1294 1045 ὀρῶσινο
1332 975 1462 1027 ὅταν
1510 973 1568 1026 δὲ
1602 974 1650 1026 οἱ
1685 973 1874 1044 χρείαν

301 1070 521 1140 ἔχοντες
559 1072 714 1124 αὑτοὶ
766 1071 1016 1131 δέωνται,
1044 1069 1355 1121 ἀνύποπτον
1379 1066 1438 1118 τὸ
1463 1067 1697 1136 πρᾶγμα
1721 1065 1872 1134 γίνε-

300 1180 414 1216 ται.
449 1162 521 1215 Τὸ
546 1163 624 1228 δὲ,
671 1181 688 1213 ι
731 1160 895 1215 Οὔπω
929 1160 1118 1230 ἥκειή
1169 1158 1285 1229 ὥρα
1320 1176 1442 1229 μου,
1483 1176 1501 1208 ι
1546 1159 1732 1228 φησὶν,
1774 1158 1870 1227 οὑχ

299 1253 378 1316 ὥς
411 1254 768 1324 ὑποκείμενος
800 1253 1068 1320 ἀνάγκαις
1097 1250 1324 1321 καιρῶν,
1359 1252 1390 1324 ἢ
1426 1249 1573 1318 ὥρας
1615 1266 1868 1320 παρατη-

303 1343 571 1417 ρούμενος
632 1345 749 1407 πῶς
786 1345 894 1414 γὰρ
941 1344 968 1396 ὁ
1007 1343 1242 1412 Ποιητὴς
1272 1342 1379 1394 τῶν
1406 1340 1612 1412 χρόνων
1647 1342 1738 1394 καὶ
1766 1341 1874 1394 τῶν

299 1436 516 1490 αἰώνων
533 1437 570 1504 ς)
602 1434 715 1488 ἀλλ’
744 1436 828 1488 ὅτι
858 1437 1034 1489 πάντα
1066 1432 1205 1503 μετὰ
1229 1432 1323 1486 τοῦ
1359 1431 1552 1503 καιροῦ
1586 1431 1680 1484 τοῦ
1704 1447 1873 1501 προσ-

298 1530 530 1598 ήκοντος
575 1526 890 1599 ἐργάζεται.
945 1525 1100 1579 Ἐπεί¹
1168 1523 1262 1578 οὑν
1304 1523 1499 1594 ἄδηλος
1526 1518 1595 1594 ἦν
1635 1521 1737 1589 ἔτι,
1781 1522 1877 1576 καὶ

297 1622 580 1690 ἄγνωστος
607 1623 718 1683 τοῖς
755 1619 990 1682 πολλοῖς,
1031 1616 1126 1670 καὶ
1147 1614 1271 1669 οὑδέ
1292 1614 1419 1678 τοὺς
1458 1613 1707 1684 μαθητὰς
1737 1613 1874 1668 πάν-

298 1729 402 1775 τας
426 1706 589 1782 εἶχεν,
616 1706 728 1764 ἀλλ’
759 1709 878 1764 οὐδὲ
906 1711 955 1762 oi
985 1709 1042 1760 ἐν
1064 1706 1142 1778 τῷ
1164 1707 1329 1778 γάμῳ
1358 1705 1862 1776 αὑτὸνξέγίνωσκοψ

1976 513 2121 570 Filii.
2163 517 2232 568 At
2280 514 2368 570 ille
2422 515 2666 586 increpat
2725 531 2868 581 eam,
2928 528 3034 569 non
3097 515 3348 570 absurde.
3409 515 3546 572 Dicit

1977 601 2142 666 enim,
2173 594 2229 658 Si
2261 617 2370 658 non
2402 604 2553 658 adest
2582 604 2788 669 vinum,
2821 612 3036 672 oportet
3067 602 3188 658 illos
3217 605 3382 674 ipsos,
3426 608 3548 676 qui-

1976 694 2077 750 bus
2107 695 2279 757 deest,
2309 696 2568 750 accedere
2598 705 2650 750 et
2684 712 2894 766 rogare,
2941 704 2996 752 el.
3055 712 3160 750 non
3197 705 3249 751 te
3295 707 3542 753 matrem.

1975 783 2108 840 Nam
2141 787 2356 856 quando
2388 786 2672 840 hortantur
2701 805 2728 840 a
2759 790 3090 858 domeSIicis,
3124 789 3436 844 scandalum
3486 791 3542 844 lit

1974 878 2302 934 videntibus.
2363 879 2586 946 Quando
2641 887 2821 932 autem
2887 881 2935 933 lii
3002 889 3194 949 rogant
3258 881 3348 950 qui
3405 897 3542 950 Opus

1977 969 2198 1034 habent,
2262 972 2569 1041 suspicione
2635 986 2720 1027 res
2781 981 2950 1025 caret.
3012 973 3275 1027 Caeterum
3336 974 3540 1037 dicens,

1935 1087 1941 1091 -
1983 1079 2001 1112 ι
2023 1058 2265 1115 Nondum
2290 1063 2439 1116 venit
2465 1063 2595 1117 hora
2622 1077 2757 1129 mea,
2785 1082 2804 1114 ι
2835 1079 2938 1116 non
2965 1065 3077 1118 vult
3103 1065 3246 1133 quod
3275 1065 3543 1119 obnoxius

1977 1155 2049 1208 sit
2085 1155 2501 1209 necessitatibus
2536 1166 2871 1224 temporum.
2931 1155 3012 1210 vel
3068 1158 3228 1210 horas
3270 1156 3540 1222 observet,

1975 1242 2268 1317 (quomodo
2302 1245 2443 1298 enim
2480 1245 2580 1298 hoc
2640 1245 2820 1298 dicere
2867 1259 3145 1312 possemus
3191 1245 3257 1300 de
3313 1238 3544 1301 Factore

1977 1343 2277 1405 temporum
2305 1345 2358 1388 et
2384 1335 2702 1390 surculorum
2727 1335 2771 1408 ?)
2804 1337 2896 1390 sed
2929 1337 3071 1405 quod
3101 1337 3279 1391 omnia
3303 1346 3543 1404 tempore

1975 1441 2213 1495 congruo
2263 1437 2536 1495 operetur.
2575 1423 2742 1496 Igitur
2781 1425 3036 1498 quoniam
3078 1427 3255 1482 adhuc
3305 1427 3545 1495 incognia

1975 1523 2061 1568 tus
2119 1523 2258 1577 erat,
2317 1525 2369 1568 et
2407 1513 2650 1568 occultus
2702 1515 2934 1581 mult'is,’
2972 1522 3026 1570 et
3077 1515 3316 1568 nondum
3351 1528 3543 1568 omnes

1973 1604 2208 1660 habebat
2233 1606 2546 1674 discipulos,
2575 1617 2628 1661 et
2647 1622 2818 1676 neque
2842 1606 2920 1672 hi,
2940 1606 3031 1676 qui
3062 1606 3114 1660 in
3139 1607 3341 1675 nuptiis
3366 1611 3542 1664 erant.

1973 1713 2096 1752 eum
2127 1699 2488 1770 agnoscebant
2526 1715 2539 1750 :
2575 1713 2696 1751 nam
2724 1696 2960 1768 alioquin
3009 1698 3108 1768 ipsi
3163 1701 3543 1762 accessissen',

293 1800 330 1875 ἦ
370 1804 480 1875 γὰρ
510 1806 573 1857 ἂν
601 1803 756 1858 αὑτοὶ
784 1800 1088 1872 προσῆλθον
1114 1799 1209 1854 καὶ
1245 1798 1590 1869 παρεκάλουν
1621 1798 1749 1866 περί
1773 1796 1867 1850 τοῦ

1974 1798 2026 1844 et
2059 1799 2339 1859 rogassent
2381 1805 2479 1860 pro
2516 1789 2642 1844 vino
2674 1805 2691 1842 :
2718 1790 2841 1860 quia
2880 1791 2993 1845 haec
3019 1791 3198 1844 omnia
3241 1791 3311 1842 ita
3353 1805 3409 1843 se
3445 1789 3543 1843 ha-

295 1897 444 1949 οῐνου
468 1913 481 1925 ·
515 1896 637 1949 ἐπεὶ
675 1889 766 1948 οὖν
789 1893 962 1946 ταῦτα
997 1893 1175 1946 πάντα
1205 1888 1294 1964 ἦν,
1347 1891 1438 1945 διὰ
1468 1890 1625 1943 τοῦτὸ
1665 1903 1866 1959 φησιν’

301 2009 320 2039 ι
361 1986 529 2042 Οὔπω
569 1990 694 2060 ἥκει
748 1988 781 2056 ἡ
833 1986 950 2055 ὥρα
987 1999 1108 2057 μοι)⁹
1147 2003 1166 2036 ι
1217 1983 1518 2047 τουτέστιν,
1560 1982 1870 2051 ἐπιτήδειος

295 2081 490 2151 καιρὸς
517 2081 579 2134 ού
601 2082 880 2151 πάρεστιν.
914 2077 1054 2130 Ἀλλ’
1078 2078 1155 2129 ἔτι
1173 2074 1452 2128 ἐνίσταται
1484 2075 1517 2142 ἡ
1535 2072 1627 2126 τοῦ
1658 2073 1868 2142 Ἀρείου

293 2169 488 2236 λύττα,
541 2169 709 2234 δεῖξαι
757 2167 1072 2239 πειρωμένη
1119 2165 1208 2220 τὸν
1261 2163 1465 2236 Κύριον
1503 2164 1864 2231 ὑποκείμενον

293 2262 470 2332 ὥραις
509 2262 599 2316 καὶ
665 2260 894 2332 καιροῖς.
930 2261 1185 2314 Μάνθανε
1228 2257 1429 2320 τοίνυν,
1481 2249 1525 2308 ὥ
1563 2255 1866 2326 κατάρατε,

293 2353 372 2415 ὡς
409 2355 456 2406 εἱ
490 2351 743 2404 ὑπέκειτο
778 2350 970 2419 ὥραις,
1012 2349 1129 2412 πῶς
1166 2347 1350 2400 λοιπὸν
1390 2347 1615 2418 ἐποίησε
1647 2347 1704 2398 τὸ
1733 2347 1864 2400 θαῦ-

299 2461 421 2514 μα;
463 2443 608 2497 Ἔδει
643 2443 771 2513 γάρ,
814 2444 956 2494 κατὰ
995 2442 1085 2494 τὸν
1131 2440 1222 2493 σὺν
1267 2440 1446 2507 λόγον,
1479 2441 1598 2492 ἐπεὶ
1625 2439 1868 2492 δουλεύει

294 2538 471 2606 ὥραις
512 2537 606 2589 καὶ
639 2538 874 2605 καιροῖς,
916 2533 1069 2587 οὑπω
1101 2533 1155 2586 δέ
1190 2527 1382 2604 ἧκενὴ
1417 2532 1536 2603 ὥρα
1553 2531 1741 2597 αὑτοῦ,
1793 2532 1868 2603 μὴ

292 2629 592 2700 δυνηθῆναι
623 2627 1110 2697 θαυματουργῆσαι
1135 2643 1148 2656 ι
1179 2625 1314 2679 ἀλλὰ
1343 2625 1450 2696 μὴν
1491 2624 1868 2697 ὲθαυματούρ·

292 2738 468 2792 γησεν
498 2737 518 2751 ο
544 2720 642 2773 οὑκ
695 2720 802 2790 ἄρα
855 2717 1096 2772 δουλεύει
1127 2717 1318 2788 ὥραις.
1359 2717 1503 2788 Ὀρα
1535 2718 1590 2769 δέ
1626 2734 1714 2787 μοι
1753 2716 1868 2779 πῶς

291 2817 398 2868 οὑκ
445 2816 572 2886 ἄχρι
630 2814 840 2878 τέλους,
898 2811 1016 2864 οὑδὲ
1048 2811 1138 2864 διὰ
1194 2811 1414 2864 πάντων
1450 2809 1740 2864 ἀντιτείνει
1797 2811 1864 2878 τῇ

293 2907 507 2975 Μητρί·
563 2905 675 2959 ἀλλ’
724 2902 1029 2973 ἐπιπλήξας
1075 2903 1288 2974 μικρὸν,
1321 2901 1482 2956 πάλιν
1515 2901 1614 2972 τὴν
1645 2899 1867 2965 ἀξίωσιν

290 2998 465 3066 αὑτῆς
497 2997 716 3068 πληροῖ,
748 2995 926 3065 τιμῶν
951 2993 1144 3064 αὐτὴν,
1173 2996 1264 3047 καὶ
1294 2995 1428 3065 ἡμῖν
1449 2993 1653 3057 τύπους
1683 2992 1864 3056 διδοὺς

289 3088 392 3159 τῆς
434 3088 571 3159 πρὸς
596 3087 723 3152 τοὺς
748 3085 1006 3148 τεκόντας
1032 3083 1235 3146 αἰδοῦς.

371 3282 390 3316 ι
432 3264 596 3331 Λέγει
625 3263 658 3334 ἡ
690 3262 894 3333 Μήτηρ
923 3259 1086 3314 αὑτοῦ
1121 3262 1234 3325 τοῖς
1273 3260 1576 3325 διακόνοις⁶
1608 3261 1677 3314 Ὅ
1699 3278 1749 3315 τι
1799 3260 1866 3315 ἂν

285 3357 428 3430 λέγῃ
460 3358 606 3425 ὑμῖν,
639 3356 927 3426 ποιήσατε.
959 3349 1141 3407 Ἦσαν
1182 3353 1239 3406 δὲ
1293 3355 1409 3406 ἐκεῖ
1434 3353 1614 3424 ὑδρίαι
1655 3352 1862 3406 λίθιναι

287 3449 354 3514 ἐξ
413 3447 660 3507 κείμεναι
713 3445 853 3497 κατὰ
889 3443 979 3496 τὸν
1019 3442 1362 3513 καθαρισμὸν
1414 3442 1520 3495 τῶν
1563 3441 1862 3507 Ἰουδαίων,

291 3535 572 3608 χωροῦσαι
601 3534 704 3586 ἀνὰ
737 3532 1012 3603 μετρητὰς
1055 3531 1204 3600 δύοῆ
1252 3534 1422 3600 τρεῖς.
1479 3532 1641 3600 Λέγει
1676 3533 1865 3594 αὑτοῖς

288 3631 320 3681 ὁ
371 3625 602 3696 Ἰησοῦς
645 3624 913 3693 Γεμίσατε
966 3623 1065 3685 τὰς
1106 3621 1294 3692 ὑδρίας
1337 3621 1550 3684 ὓδατος.
1601 3623 1713 3676 Καὶ
1745 3623 1869 3689 ἐγέ-

294 3737 465 3790 μισαν
497 3716 668 3778 αὑτάς
710 3716 814 3779 ἓως
857 3715 990 3769 ἄνω.
1044 3716 1152 3767 Καὶ
1200 3714 1348 3782 λέγει
1387 3715 1600 3776 αὑτοῖς·
1647 3714 1865 3784 Ἀντλή-

291 3827 422 3862 σατε
446 3808 560 3870 νῦν,
590 3809 684 3861 καὶ
702 3809 894 3879 φέρετε
914 3806 991 3878 τῷ
1008 3808 1416 3879 ἀρχιτρικλίνῳ.
1443 3808 1550 3862 Καὶ
1566 3808 1821 3878 ἧνεγκαν
1842 3824 1862 3859 ι

287 3905 416 3965 Τοῖς
440 3901 708 3964 διακόνοις
734 3899 883 3969 λέγει
907 3902 940 3970 ἡ
970 3901 1193 3970 Μήτηρο
1229 3918 1248 3951 ι
1280 3901 1347 3953 ’Ὁ
1376 3916 1428 3953 τι
1458 3901 1523 3954 ἂν
1549 3899 1682 3971 λέγῃ
1713 3899 1864 3969 ὑμῖν,

288 3996 580 4062 ποιήσατε·
621 4011 639 4042 ι
673 3991 815 4045 ὥστε
874 3991 1102 4044 πλείονα
1161 3990 1419 4060 γενέσθαι
1474 3993 1573 4062 τὴν
1621 3995 1862 4062 αἴτησιν,

288 4079 703 4152 προσελθόντων
737 4079 918 4134 αὑτῶν
947 4080 1040 4132 καὶ
1079 4080 1485 4150 αἰτησαμένων·
1519 4082 1592 4144 ὠς
1622 4081 1690 4136 ἂν
1724 4082 1867 4153 δειχ·

287 4171 382 4242 θῇ,
421 4171 502 4224 ὅτι
529 4171 637 4222 οὑκ
665 4169 949 4234 ἀσθενείας
971 4167 1037 4242 ἦν
1066 4172 1100 4241 ἡ
1123 4172 1476 4243 παραίτησις,
1509 4173 1644 4226 ἀλλὰ
1662 4173 1757 4227 τοῦ
1792 4175 1866 4246 μὴ

285 4262 437 4327 δόξαι
484 4262 794 4333 ἐπιτρέχειν
824 4265 942 4324 ταῖς
987 4263 1456 4335 θαυματουργίαις
1502 4264 1590 4317 διὰ
1641 4263 1866 4332 ἔνδειξιν

287 4353 387 4407 καὶ
411 4353 566 4406 κενὸν
598 4352 784 4422 τύφον.
812 4355 877 4406 Ai
899 4352 954 4405 δὲ
985 4353 1164 4424 ὑδρίαι
1201 4354 1258 4407 αί
1291 4354 1510 4417 λίθιναι,
1539 4356 1620 4420 είς
1645 4355 1736 4408 τὸν
1761 4374 1862 4410 κα-

1971 1879 2214 1935 bellant:
2257 1896 2276 1930 ι
2323 1879 2570 1933 Nondum
2606 1918 2622 1947 ,
2675 1881 2890 1949 inquit,
2942 1882 3090 1935 venit
3141 1881 3270 1935 hora
3321 1895 3477 1946 mea,
3519 1899 3538 1933 ι

1973 1971 2074 2026 hoc
2109 1983 2215 2035 est,
2251 1981 2614 2040 opportunum
2650 1981 2863 2041 tempus
2892 1973 3128 2026 nondum
3161 1972 3333 2025 adest.
3361 1973 3426 2024 At
3455 1973 3542 2025 hic

1972 2061 2145 2115 adhuc
2173 2071 2324 2131 urget
2351 2061 2463 2114 Arii
2502 2062 2673 2127 l'uror,
2710 2063 2800 2132 qui
2858 2071 3160 2117 monstrare
3197 2064 3387 2116 nititur
3441 2064 3543 2116 Do-

1973 2152 2176 2204 minum
2212 2151 2360 2206 horis
2387 2162 2440 2206 et
2471 2153 2806 2222 temporibus
2842 2152 3142 2207 subditum.
3176 2154 3330 2208 Disce
3361 2151 3542 2222 igitur,

1971 2255 2004 2295 0
2035 2242 2338 2306 malediCte,
2391 2244 2533 2310 quod
2569 2244 2614 2299 si
2672 2243 2861 2298 fuisset
2908 2243 3057 2298 boris
3107 2253 3162 2298 et
3215 2244 3546 2314 temporibus

1971 2335 2270 2403 subjectus,
2331 2336 2599 2402 quomodo
2662 2345 2847 2404 postea
2909 2335 3130 2391 fecisset
3181 2333 3548 2390 miraculum?

1969 2426 2266 2496 Oportebat
2293 2428 2460 2489 enim,
2496 2431 2795 2482 secundum
2833 2444 3140 2483 sermonem
3177 2437 3350 2494 tuum,
3378 2443 3548 2498 quau-

1971 2521 2260 2589 doquidem
2301 2520 2532 2576 serviret
2593 2519 2742 2575 horis
2794 2529 2850 2574 et
2906 2521 3259 2588 temporibus,
3307 2521 3543 2573 nondum

1969 2622 2145 2665 autem
2183 2612 2418 2666 venisset
2447 2612 2577 2664 hora
2617 2611 2753 2680 ejus,
2804 2620 2859 2664 ut
2905 2626 3008 2665 non
3057 2620 3242 2680 posset
3277 2611 3538 2664 miracula

1970 2702 2152 2758 facere
2177 2721 2189 2754 :
2218 2703 2310 2756 sed
2338 2703 2656 2756 miraculum
2683 2702 2833 2756 fecit:
2862 2718 2966 2756 non
3001 2703 3163 2774 igitur
3182 2704 3348 2756 servit
3375 2702 3541 2756 horis.

1973 2795 2104 2849 \‘ide
2157 2804 2359 2860 autem,
2397 2809 2516 2860 oro,
2548 2795 2820 2864 quomodo
2867 2811 2974 2848 non
3025 2810 3196 2864 usque
3239 2796 3306 2848 ad
3358 2794 3542 2853 linem.

1969 2905 2142 2958 neque
2170 2905 2265 2956 per
2292 2888 2469 2940 omnia
2497 2887 2700 2942 resistit
2731 2889 2915 2954 matri,
2941 2889 3034 2943 sed
3056 2903 3177 2942 cum
3205 2903 3323 2942 eam
3353 2901 3542 2957 parum

1968 2981 2400 3051 perstrinxisset,
2428 2980 2618 3033 iterum
2655 2995 2844 3049 preces
2879 2978 2996 3048 ejus
3040 2979 3247 3050 implet,
3271 2980 3544 3035 bonorans

1971 3073 2142 3140 illam,
2205 3085 2258 3127 et
2296 3071 2452 3128 nubis
2491 3073 2583 3126 dat
2638 3071 2863 3127 formam
2919 3071 3236 3128 reverentiae
3285 3086 3412 3143 erga
3452 3088 3544 3142 pa-

1969 3179 2173 3238 rentes.

2049 3257 2213 3312 Vens.
2249 3257 2368 3312 5-8.
2408 3274 2428 3309 ι
2478 3258 2610 3312 Dicit
2651 3255 2823 3312 Mater
2864 3256 2983 3328 ejus
3017 3257 3315 3314 ministris:
3360 3258 3545 3324 Quod-

1967 3365 2181 3419 cunque
2207 3351 2403 3404 dixerit
2426 3349 2602 3412 vobis,
2640 3350 2822 3406 facite.
2849 3349 3018 3404 Erant
3045 3360 3223 3403 autem
3250 3349 3320 3403 ibi
3345 3350 3547 3420 hydri:e

1969 3443 2194 3510 lapideae
2229 3458 2319 3496 sex
2358 3442 2548 3512 posita:
2577 3443 2873 3496 secundum
2912 3440 3345 3512 purificatioaem
3372 3441 3546 3495 Judt'c-

1967 3549 2143 3596 orum,
2179 3537 2457 3603 rapientes
2484 3534 2709 3602 singulm
2743 3544 3001 3587 metretas
3037 3533 3195 3588 binas
3235 3549 3296 3588 ac
3339 3543 3542 3588 ternas.

1967 3624 2110 3679 Dicit
2141 3626 2218 3680 cis
2262 3624 2459 3681 Jesus:
2496 3625 2724 3694 ltnplete
2767 3626 2987 3698 bydrias
3023 3641 3183 3695 aqua.
3227 3625 3292 3679 Et
3350 3625 3542 3693 imple-

1967 3728 2160 3772 verunt
2196 3734 2289 3773 eas
2320 3733 2491 3789 usque
2525 3721 2588 3772 ad
2637 3735 2928 3774 summum.
2974 3719 3038 3772 Et
3073 3719 3206 3773 dicit
3237 3720 3317 3774 eis
3347 3737 3358 3772 :
3398 3719 3546 3772 lian-

1967 3810 2072 3863 rite
2124 3825 2290 3875 nunc,
2345 3820 2398 3864 et
2454 3809 2591 3864 l‘erte
2650 3811 3064 3865 architricllno:
3117 3819 3173 3865 et
3222 3812 3482 3868 tulerunt.
3523 3830 3540 3862 ι

1967 3898 2230 3954 Ministris
2275 3898 2408 3954 dicit
2460 3898 2671 3953 Mater:
2730 3917 2748 3951 ι
2786 3898 3056 3968 Quidquid
3109 3900 3307 3956 dixerit
3357 3901 3533 3962 vobis.

1967 3991 2152 4046 facile.
2219 4010 2238 4044 ι
2299 3993 2474 4061 Atque
2548 3992 2622 4045 ita
2671 4007 2793 4045 cum
2867 3991 3041 4061 major
3105 3993 3262 4049 ﬁeret
3315 3995 3542 4066 petitio,

1968 4098 2200 4154 cumque
2259 4083 2614 4138 accessissent
2672 4093 2727 4138 et
2780 4081 2900 4148 illi,
2973 4098 3038 4139 ac
3092 4083 3420 4154 petissent:
3486 4096 3543 4140 ut

1969 4183 2300 4230 monstretur
2349 4176 2492 4244 quod
2547 4189 2652 4229 non
2708 4173 3044 4230 infirmitatis
3090 4173 3255 4231 fuerit
3308 4176 3542 4247 repulsa,

1967 4272 2059 4323 sed
2117 4283 2182 4320 ne
2231 4267 2507 4322 videretur
2560 4281 2846 4322 accurrere
2905 4276 2960 4323 et
3014 4265 3277 4325 festinare
3322 4272 3390 4324 ad
3443 4271 3544 4323 mi-

1967 4357 2272 4413 raculorum
2354 4359 2725 4427 operationem
2811 4370 3031 4430 propter
3116 4363 3542 4416 oStentationem

289 4446 558 4516 θαρισμδν
585 4445 692 4498 τῶν
752 4445 1021 4499 Ἰουδαίων
1060 4447 1449 4518 ἐχρημάτιζον.
1479 4449 1542 4500 Ol
1583 4449 1691 4518 γὰρ
1733 4447 1862 4503 Ἰουο

1971 4447 2130 4520 533
2162 4459 2214 4504 et
2242 4463 2432 4504 vanam
2466 4449 2718 4519 gloriam.
2753 4447 2998 4520 Lapidem
3026 4457 3204 4504 autem
3245 4453 3449 4521 hydria:
3476 4452 3542 4502 ad

289 4539 430 4592 δαίοι
469 4537 593 4592 καθ’
631 4537 868 4607 ἑκάστην
919 4537 1102 4607 σχεδὸν
1133 4537 1523 4604 άπεπλύνοντο,
1564 4540 1660 4604 καὶ
1694 4540 1864 4604 οὑτως

288 4628 478 4698 ἤσθιον
498 4644 512 4660 ·
535 4621 666 4692 οἷον,
699 4628 746 4680 εί
764 4626 965 4697 λεπροῦ
991 4627 1220 4698 ἥψαντο,
1247 4627 1296 4679 εί
1327 4627 1545 4697 νεκροῦ,
1577 4629 1622 4679 εί
1644 4629 1866 4696 γυναικὶ

287 4719 596 4790 ὡμίλησαν,
629 4717 703 4780 ὡς
755 4716 1054 4789 ἀκάθαρτοι
1099 4717 1285 4771 λοιπὸν
1313 4718 1466 4781 ὄντες
1515 4718 1862 4774 άπελούοντο.

300 4813 456 4864 Ἐπεὶ
484 4808 576 4864 οὖν
605 4810 638 4880 ἡ
669 4809 998 4880 Παλαιστίνη
1023 4809 1250 4880 ἄνυδρος
1283 4805 1372 4880 ἦν,
1404 4811 1496 4863 καὶ
1519 4810 1618 4862 οὑκ
1644 4806 1711 4881 ἦν
1740 4811 1866 4864 πολ-

287 4902 456 4974 λαχοῦ
503 4901 685 4972 πηγάς
737 4902 1036 4974 εὑρίσκειν,
1079 4901 1350 4970 ἐπλήρουν
1399 4902 1485 4955 άεὶ
1531 4901 1630 4965 τὰς
1679 4903 1866 4973 ὑδρίας

291 4999 508 5062 ὓδατος,
538 4995 678 5049 ὥστε
716 4995 790 5066 μὴ
819 4996 1032 5067 τρέχειν
1066 4998 1144 5058 εἰς
1175 4997 1477 5065 ποταμοὺς,
1519 4996 1702 5048 εἴποτε
1734 4997 1866 5047 ἀκά-

290 5089 480 5158 θαρτοι
521 5087 780 5156 γένοιντο.
825 5088 938 5156 Οὐχ
967 5087 1152 5149 άπλῶς
1187 5083 1282 5140 οὖν
1330 5083 1504 5150 εἶπεν,
1535 5087 1617 5139 ὃτι
1656 5106 1675 5138 ε
1714 5087 1857 5140 κατὰ

286 5181 380 5235 τὸν
413 5179 759 5249 καθαρισμὸν
807 5178 914 5231 τῶν
956 5177 1257 5232 Ἰουδαίων·
1299 5197 1317 5232 ι
1353 5177 1468 5233 ἀλλ’
1500 5178 1584 5231 ἵνα
1626 5180 1699 5249 μή
1723 5195 1868 5242 τινες

286 5271 398 5324 τῶν
428 5269 673 5324 ἀπίστων
721 5270 1158 5336 ὑποπτεύσωσιν,
1191 5271 1274 5324 ὅτι
1305 5269 1505 5340 τρυγία
1537 5287 1618 5333 τις
1646 5266 1714 5340 ἦν
1745 5272 1868 5324 ένα-

288 5359 621 5430 πομείνασα,
653 5355 773 5413 εἶτα
805 5360 896 5412 τοῦ
929 5359 1118 5423 ὓδατος
1146 5359 1529 5431 ἐπιϐληθέντος
1577 5359 1672 5412 καὶ
1702 5377 1869 5432 κερα-

291 5453 534 5516 σθέντος,
591 5446 730 5513 οἶνος
789 5451 1116 5516 λεπτότατος
1170 5453 1385 5521 γέγονε,
1442 5451 1736 5519 δείκνυσιν,
1783 5453 1866 5507 ὃτι

286 5545 545 5598 οὐδέποτε
576 5544 756 5596 ἐκεῖνα
785 5543 1072 5611 γεγόνασιν
1101 5545 1242 5597 οἴνου
1271 5544 1472 5613 δοχεῖα.
1490 5540 1617 5615 Ἆρ’
1647 5543 1739 5597 οὑν
1767 5545 1867 5598 οὑκ

287 5637 523 5706 ἠδύνατο
551 5635 646 5688 καὶ
688 5636 858 5706 χωρὶς
888 5636 982 5690 τοῦ
1015 5637 1345 5708 γεμισθῆναι
1385 5637 1484 5700 τὰς
1515 5637 1699 5709 ὑδρίας
1744 5636 1867 5689 ὕδα-

289 5743 406 5794 τος,
451 5725 850 5800 δημιουργῆσαι
897 5723 1038 5782 οῐνον
1085 5729 1144 5793 ἐξ
1189 5731 1288 5783 οὑκ
1337 5730 1539 5798 δντων;
1603 5731 1860 5783 Ἡδύνατο

1966 4543 2399 4612 purificationem
2458 4540 2768 4597 Iudaeorum
2843 4543 3090 4596 aderant.
3167 4539 3336 4596 Judaei
3393 4545 3539 4596 enim

1966 4635 2136 4688 ferme
2187 4634 2413 4703 singulis
2463 4633 2615 4690 horis
2669 4633 3047 4697 abluebantur,
3081 4644 3135 4688 et
3169 4634 3248 4688 sic
3283 4636 3540 4688 comede-

1963 4725 2099 4778 bant
2129 4743 2143 4779 :
2178 4733 2234 4778 ut
2257 4725 2303 4780 si
2338 4726 2645 4794 tetigissent
2673 4726 2966 4794 leprosum,
3007 4725 3085 4780 vel
3130 4737 3422 4793 mortumn,
3454 4727 3539 4781 vel

1967 4829 2080 4868 rem
2140 4814 2460 4870 habuissent
2511 4831 2632 4870 cunt
2681 4815 2924 4882 muliere,
2958 4832 3016 4871 se
3058 4817 3332 4879 lavabaut,
3383 4820 3534 4887 quasi

1966 4903 2227 4958 immundi
2253 4904 2447 4960 forent.
2477 4905 2686 4961 Etcum
2713 4905 2995 4961 Palaestina
3028 4909 3283 4976 inaqnosa
3314 4909 3404 4974 sit,
3439 4924 3537 4964 nec

1968 4995 2166 5064 ubique
2191 4997 2536 5052 inveniantur
2556 4997 2750 5064 fontes,
2776 4997 3069 5065 implebant
3089 5013 3302 5068 semper
3321 5000 3538 5071 bydrias

1967 5102 2130 5155 aqua,
2161 5097 2216 5141 ut
2247 5104 2351 5142 non
2396 5099 2681 5144 currerent
2715 5089 2781 5143 ad
2831 5089 3074 5152 ﬂumina,
3104 5089 3148 5143 si
3187 5094 3404 5157 quando
3435 5091 3540 5146 im-

1969 5180 2149 5235 mundi
2172 5179 2383 5234 (ierent.
2418 5180 2533 5234 Non
2569 5191 2771 5234 temere
2797 5181 2962 5248 igitur
2988 5181 3121 5234 dixit
3148 5198 3162 5235 :
3191 5197 3210 5232 ι
3239 5184 3534 5236 secundum

1969 5273 2401 5345 puriﬁcationem
2431 5264 2766 5328 Judazorum.
2795 5291 2813 5324 ι
2855 5272 2962 5326 Sed
2992 5287 3059 5325 ne
3089 5273 3385 5328 inﬁdelium
3418 5277 3538 5344 qui.

1968 5369 2090 5423 dam
2149 5369 2556 5437 su5picarentnr
2602 5365 2745 5434 quod
2802 5365 3130 5420 mansissent
3179 5365 3235 5418 in
3280 5381 3342 5420 ea
3393 5366 3540 5421 faecis

1968 5459 2212 5530 qumdam
2245 5459 2505 5528 reliquiae,
2536 5469 2586 5514 et
2619 5458 2742 5512 dein
2775 5473 2911 5526 aqua
2959 5455 3136 5512 infusa
3160 5467 3211 5511 el
3247 5459 3424 5520 mista,
3463 5472 3544 5508 νι-

1969 5568 2094 5606 num
2120 5553 2311 5605 deinde
2348 5552 2726 5606 tenuissimum
2763 5551 2830 5603 lat
2850 5557 2962 5603 tum
3005 5550 3097 5614 sit,
3127 5551 3363 5604 ostendit
3395 5553 3540 5617 quod

1969 5655 2241 5707 ttunquam
2296 5639 2383 5691 illa
2419 5639 2618 5694 fuerint
2657 5641 2764 5694 vitii
2817 5639 3173 5708 receptacula.
3225 5638 3370 5702 Jam,
3407 5654 3534 5689 nunt

1971 5727 2145 5798 patuit
2204 5728 2366 5781 etiam
2421 5730 2627 5803 absque
2667 5743 2732 5783 co
2763 5728 2905 5798 quod
2939 5728 3290 5797 implerentur
3335 5727 3540 5795 hydria:
