3960 6454
362 316 495 388 2191
1220 302 1797 373 THEOPHYLACTI
1844 307 1958 367 ΒΗ]

2062 305 2259 366 sum
2301 288 2658 367 Ananiae.
3504 299 3644 363 me

356 451 520 503 aqua,
554 446 745 491 creare
779 428 962 486 vinum
997 443 1062 485 ex
1094 426 1310 483 nihilo?
1354 427 1536 483 Potuit
1571 425 1814 495 quidem,
1845 423 1940 477 sed

2062 423 2170 486 λεν,
2204 420 2338 474 ἀλλὰ
2369 416 2636 488 πολλαχοῦ
2664 415 2983 489 περικόπτει
3012 413 3073 469 τὺ
3103 415 3334 487 μέγεθος
3362 415 3473 469 τῶν
3500 416 3647 469 θαυ-

361 540 500 595 sape
549 526 707 581 obest
781 522 1095 593 magnitudo
1139 535 1205 574 ne
1242 518 1504 574 miracula
1576 518 1787 573 creditu
1838 517 1949 571 sint

2062 517 2256 584 asinina,
2301 512 2375 575 ti);
2416 510 2481 566 ἂν
2531 505 3041 582 εὑπαραδεκτότερα
3090 509 3368 576 γένοιντο·
3428 508 3548 578 ἅμα
3578 508 3643 561 δὲ

363 616 569 674 facilia.
604 616 825 672 Interim
856 616 971 684 hoc,
989 613 1219 678 accedit,
1249 620 1304 665 ttt
1340 622 1507 666 testes
1542 611 1789 666 miraculi
1819 611 1949 663 ﬁant

2062 605 2137 659 ἵνα
2166 609 2257 657 καὶ
2290 603 2416 664 τοὺς
2446 600 2727 664 διακόνους
2761 600 3044 670 μάρτυρας
3072 598 3169 670 ἔχῃ
3194 598 3291 651 τοῦ
3324 596 3643 668 θαύματος,

364 708 625 773 ministri,
653 710 743 780 qui
779 723 974 778 aquam
1009 706 1321 760 infnderant
1369 703 1595 775 hydriis.
1634 704 1860 771 Insuper
1891 709 1948 755 nt

2062 699 2175 761 τοὺς
2214 696 2272 750 τὸ
2311 693 2455 766 ὕδωρ
2489 694 2933 765 ὲπιφορήσαντας
2985 693 3108 755 ταῖς
3153 692 3400 766 mpm;-
3444 693 3531 745 ἔτι
3576 709 3647 743 τε

366 807 639 859 discamus
669 806 813 872 quod
846 802 961 870 ipse
993 800 1060 854 sit
1101 801 1188 854 ille
1228 798 1318 867 qui
1354 809 1409 853 et
1451 798 1504 853 in
1542 797 1651 851 vite
1684 796 1946 866 liquorem

364 909 517 964 aqure
549 894 603 947 in
629 894 814 946 vinum
849 898 1155 947 convertat.
1181 887 1347 944 Jubet
1376 898 1555 943 autem
1592 890 1874 943 ministros
1892 896 1952 942 nt

364 984 735 1039 architriclino
781 985 1102 1053 gustandum
1152 982 1463 1037 exhibeant.
1500 977 1618 1035 Non
1652 979 1945 1045 immerito,

365 1075 458 1130 sed
497 1086 553 1129 ut
592 1089 660 1129 ne
695 1077 1041 1144 suspicentur
1072 1075 1289 1143 quidam
1322 1074 1466 1141 quod
1512 1070 1787 1127 ebriorum
1815 1085 1950 1125 con-

370 1180 565 1223 ventus
621 1166 804 1234 fuerit,
840 1180 1072 1237 quorum
1125 1176 1314 1237 gustus
1362 1173 1651 1234 corruptus
1705 1173 1869 1229 esset,
1898 1172 1954 1217 et

371 1262 463 1332 qui
497 1261 781 1317 ebrietatis
810 1262 939 1313 vitio
977 1257 1367 1312 existimarent
1409 1272 1604 1325 aquam
1634 1255 1841 1308 viuum.
1875 1253 1953 1309 Ne

372 1354 539 1426 igitur
569 1352 744 1408 locum
770 1350 998 1405 haberet
1023 1348 1147 1405 talis
1169 1348 1429 1417 suspicio,
1456 1346 1608 1417 jubet
1630 1346 1951 1416 gustandum

367 1442 483 1495 dari
519 1442 911 1509 architriclino,
945 1440 1034 1508 qui
1068 1437 1283 1495 sobrius
1314 1444 1454 1492 erat.
1498 1435 1709 1490 Etenim
1741 1436 1794 1490 hi
1827 1434 1953 1506 qni-

371 1534 470 1587 bus
505 1535 611 1589 tale
641 1532 1018 1590 concreditum
1051 1539 1135 1587 est
1169 1529 1557 1595 ministerium,
1586 1528 1756 1598 magis
1783 1527 1953 1583 sobrii

368 1639 519 1692 sunt,
552 1635 607 1680 ut
633 1641 820 1680 eorum
846 1624 1001 1692 jussu
1039 1622 1221 1677 omnia
1254 1638 1376 1693 qua:
1409 1620 1515 1675 illic
1550 1604 1828 1691 geruntur,
1861 1634 1953 1674 or-

2051 790 2139 843 ίνα
2182 784 2464 859 μάθωμεν.
2518 789 2601 842 ὅτι
2644 788 2805 851 αὑτός
2837 789 3008 852 ἔστιν,
3048 788 3076 841 δ
3104 787 3196 841 καὶ
3233 786 3294 839 τὸ
3322 787 3422 855 τῆς
3452 784 3647 857 ἀμπέ-

2051 882 2142 936 λου
2171 883 2359 953 ὑγρὸν,
2387 882 2529 954 ὕδωρ
2556 881 2772 945 πάντως
2795 881 2874 944 δν,
2909 881 2989 945 είς
3004 877 3146 934 οἶνον
3177 881 3655 951 ματασκευὰζων.

2051 975 2279 1032 Κελεὺει
2308 973 2401 1028 οὖν
2426 976 2539 1038 τοῖς
2568 971 2858 1040 διακόνοις,
2888 974 2974 1027 ἵνα
3005 973 3083 1045 τῷ
3106 975 3504 1046 ἀρχιτρικλίνῳ
3532 972 3656 1028 δεί-

2053 1068 2186 1135 ξωσι
2225 1066 2287 1121 τὸ
2328 1066 2508 1137 γεῦμα
2531 1083 2544 1098 ο
2595 1067 2698 1121 οὑκ
2740 1066 3070 1130 ἀπεικότως,
3119 1067 3235 1120 ἀλλ’
3264 1068 3353 1119 ἵνα
3386 1067 3463 1137 μή
3499 1080 3657 1119 rava:

2054 1157 2476 1211 ὑποπτεὺσωσιν
2511 1156 2646 1226 (17),
2681 1156 2764 1210 ὅτι
2795 1154 3103 1227 μεθυόντων
3133 1154 3392 1226 σύλλογος
3428 1153 3523 1228 ἦν,
3550 1157 3661 1210 καὶ

2052 1249 2345 1320 διέφθαρτο
2392 1248 2635 1319 αὑτοῐςὴ
2673 1250 2946 1321 αἴσθησις,
3001 1251 3097 1303 καὶ
3132 1250 3207 1313 ὡς
3249 1250 3659 1321 διεφθαρμένοι

2053 1342 2119 1411 τῇ
2170 1338 2308 1412 μέθῃ
2352 1338 2525 1411 ᾤοντο
2554 1340 2615 1393 τὸ
2646 1339 2790 1411 ὕδωρ
2819 1334 2983 1393 οἶνον.
3020 1340 3139 1393 Ἵνα
3184 1339 3367 1392 τοίνυν
3414 1341 3495 1408 μὴ
3540 1341 3657 1408 σχῇ

2054 1433 2239 1504 χώραν
2255 1434 2289 1503 ὴ
2313 1431 2534 1502 τοιαύτη
2560 1430 2805 1496 ὑπόνοια,
2831 1426 2912 1502 τῷ
2933 1430 3324 1502 ἀρχιτρικλίνῳ
3352 1429 3660 1499 ἐπιτρέπει

2057 1525 2155 1596 τὴν
2187 1523 2399 1594 γεῦσιν,
2434 1520 2513 1594 τῷ
2550 1526 2794 1595 νήφοντι.
2849 1521 2958 1577 Καὶ
2993 1526 3102 1592 γὰρ
3134 1523 3193 1575 ὲν
3225 1523 3337 1586 τοῖς
3379 1522 3663 1582 tom-Stat;

2056 1617 2107 1671 οἱ
2172 1616 2329 1686 τήνδε
2375 1616 2476 1686 τὴν
2517 1615 2795 1670 διακονίαν
2857 1612 3354 1686 δμτιεπιστευμένοι
3405 1615 3662 1685 μάλιστα

369 1720 552 1772 dinate
592 1718 723 1769 ﬁant
748 1726 800 1770 et
837 1714 1156 1783 composite.
1189 1711 1456 1767 Cteterum
1494 1723 1714 1765 oremus
1743 1717 1802 1764 ut
1836 1708 1953 1764 btet:

2062 1711 2347 1779 νήφουσιν,
2398 1707 2485 1762 ἴνα
2511 1709 2570 1763 ὲν
2597 1708 2750 1774 τάξει
2785 1709 2879 1763 καὶ
2920 1709 3189 1780 εὐκοσμία
3216 1708 3284 1762 τὰ
3328 1710 3510 1761 πάντα
3554 1706 3661 1761 διὰ

371 1807 426 1862 in
461 1808 618 1862 nobis
647 1822 863 1878 quoque
894 1805 1224 1876 impleantur
1249 1807 1412 1860 etiam
1450 1821 1593 1862 nunc
1621 1822 1636 1859 :
1673 1819 1865 1876 nempe
1890 1814 1950 1859 ut

2062 1800 2423 1871 κελεύσματος
2453 1798 2637 1855 αὑτῶν
2661 1803 2941 1871 γίνωνται.
2977 1801 3120 1855 Ἀλλ’
3155 1800 3440 1873 εὑξὼμεθα
3464 1802 3663 1856 ταῦτα

373 1900 503 1953 ﬁant
544 1901 766 1969 nuptim,
818 1901 919 1954 hoc
966 1908 1051 1953 est
1099 1898 1413 1968 conjunctio
1462 1897 1556 1954 Dei
1606 1912 1730 1954 cum
1772 1898 1951 1952 anima

371 2004 578 2056 nostra,
628 1991 868 2061 quautliu
919 2008 1108 2047 sumus
1144 1992 1196 2045 in
1227 1991 1372 2046 Cana
1400 1988 1653 2056 Galilam,
1695 1991 1832 2057 loco,
1864 1989 1952 2044 in-

373 2100 555 2153 quam,
582 2082 854 2137 inferioris
899 2084 1059 2151 hujus
1081 2067 1136 2138 et
1161 2083 1479 2138 devolubilis
1502 2082 1838 2150 mundi,ejus
1862 2080 1953 2153 qui

376 2184 604 2239 rotatur,
636 2184 689 2228 et
736 2184 880 2227 rotat
935 2173 1063 2228 alia.
1108 2172 1323 2243 Nuptiae
1370 2172 1471 2227 illa:
1506 2187 1611 2226 non
1660 2172 1793 2226 ﬁunt
1840 2173 1957 2226 sine

373 2264 657 2335 νιιιξειηιιὶο
714 2262 941 2328 Christi,
979 2273 1029 2319 et
1084 2280 1196 2318 suae
1243 2261 1449 2327 Matris,
1482 2270 1537 2317 et
1562 2260 1955 2333 discipulorum

371 2362 513 2427 ejus.
559 2356 671 2411 {Nisi
710 2359 853 2411 enim
908 2359 1028 2424 quis
1078 2355 1376 2411 crediderit
1422 2358 1473 2410 in
1518 2354 1820 2422 Christum,
1862 2354 1955 2426 qui

376 2466 535 2503 natus
566 2460 650 2504 est
675 2465 740 2503 ex
762 2448 931 2502 Maria
957 2449 1183 2521 virgine,
1203 2457 1258 2503 et
1287 2447 1499 2504 loeutus
1523 2456 1605 2504 est
1634 2464 1731 2518 per
1750 2456 1962 2518 aposto-

373 2545 476 2609 los,
503 2544 774 2612 quomodo
806 2542 1164 2611 conjungetur
1185 2540 1331 2598 Deo?
1362 2540 1612 2597 Sciamus
1635 2542 1799 2613 igitur
1828 2541 1957 2613 quid

374 2635 619 2690 miraculi
654 2644 910 2704 Operetur
948 2635 1205 2689 Dominus
1234 2636 1284 2688 in
1320 2634 1519 2691 talibus
1568 2635 1793 2704 nuptiis,
1823 2642 1879 2688 et
1903 2634 1957 2690 in

377 2727 465 2779 tali
507 2725 889 2795 eunjunctione
925 2724 1017 2779 Dei
1055 2726 1123 2779 ad
1155 2725 1409 2779 animam.
1449 2727 1659 2794 Aquam
1689 2724 1742 2778 in
1774 2725 1957 2780 vinum

372 2820 663 2883 convertit,
688 2827 743 2874 et
762 2834 855 2873 sex
882 2829 1097 2873 nostras
1116 2817 1361 2890 lapideas
1384 2819 1604 2890 hydrias
1631 2819 1835 2889 implet.
1855 2817 1961 2876 Per

374 2926 569 2979 aquam
605 2922 656 2965 tu
679 2911 897 2982 quidem
924 2911 1255 2967 intellexeris
1278 2910 1688 2967 dissolutionem
1715 2920 1955 2966 nostram

377 3015 431 3057 et
467 3005 746 3059 mollitiem
780 3005 831 3058 iu
870 3004 978 3057 vita
1011 3019 1074 3059 ac
1108 3004 1354 3058 doctrina
1388 3020 1402 3056 :
1438 3019 1533 3087 per
1568 3002 1790 3075 hydrias
1831 3016 1960 3058 vero

2056 1891 2375 1961 τελεσθῆναι
2418 1893 2513 1945 καὶ
2543 1892 2628 1962 ἐφ’
2656 1894 2809 1964 ἡμῖν,
2858 1891 2954 1945 νῦν
2985 1887 3095 1946 οἷον
3124 1893 3303 1964 γάμον
3338 1894 3436 1965 μὲν
3484 1894 3664 1962 γενέ-

2057 1983 2204 2049 σθαι,
2260 1985 2381 2055 ἤτοι
2420 1985 2720 2055 συνάφειαν
2765 1983 2860 2039 τοῦ
2895 1984 3033 2038 Θεοῦ
3066 1986 3203 2057 πρὸς
3238 1986 3336 2056 τὴν
3364 1987 3661 2057 ἡμετέραν

2054 2076 2271 2149 ψυχὴν,
2318 2077 2426 2142 ἓως
2472 2078 2553 2131 ἔτι
2594 2078 2761 2148 ἐσμὲν
2791 2079 2849 2131 ὲν
2889 2080 2956 2151 τῇ
2985 2079 3141 2150 Κανᾷ
3181 2079 3278 2150 τῆς
3326 2079 3657 2144 Γαλιλαίας,

2057 2168 2136 2239 τῷ
2166 2168 2370 2240 χωρίῳ,
2404 2167 2569 2237 λέγω,
2601 2168 2694 2221 τοῦ
2721 2169 2873 2222 κάτω
2900 2168 3093 2223 τούτου
3126 2171 3218 2222 καὶ
3239 2167 3659 2223 κατακυλιστοῦ

2058 2261 2289 2330 κόσμου,
2319 2258 2414 2314 τοῦ
2444 2259 2631 2314 ἄλλοτε
2680 2258 2857 2324 ἄλλως
2920 2261 3377 2330 μετακυλιομένου
3412 2261 3511 2315 καὶ
3548 2278 3663 2330 με-

2057 2351 2423 2415 τακυλίοντος.
2461 2349 2522 2406 '0
2544 2351 2719 2424 γάμος
2748 2351 2804 2404 δὲ
2852 2346 3006 2415 οὗτος
3042 2353 3170 2407 ἄνευ
3212 2353 3311 2422 τῆς
3337 2352 3663 2423 παρουσίας

2059 2443 2322 2515 Χριστοῦ,
2353 2443 2575 2515 καὶτῆς
2617 2443 2786 2499 αὑτοῦ
2822 2447 3048 2516 μητρὸς,
3078 2447 3173 2499 καὶ
3202 2444 3310 2500 τῶν
3357 2445 3659 2515 μαθητῶν,

2059 2538 2122 2590 οὑ
2154 2537 2387 2607 γίνεται.
2418 2537 2480 2591 Ei
2512 2540 2587 2609 μὴ
2616 2538 2725 2608 γάρ
2754 2554 2837 2603 τις
2871 2537 3151 2592 πιστεύσει
3182 2539 3262 2602 είς
3290 2538 3531 2610 Χριστὸν
3554 2538 3661 2591 τὶν

2060 2630 2125 2683 ἐκ
2161 2630 2381 2702 Μαρίας
2410 2630 2760 2701 γεννηθέντα,
2788 2632 2883 2685 καὶ
2914 2633 2971 2685 ἐν
2995 2633 3107 2693 τοῖς
3136 2631 3446 2695 ἀποστόλοις
3475 2631 3663 2701 λαλήπ-

2063 2740 2252 2791 σαντα,
2280 2723 2400 2788 πῶς
2435 2724 2838 2797 συναφθήσεται
2869 2723 2947 2796 τῷ
2979 2724 3140 2795 Θεῷ;
3179 2725 3410 2796 ’Ῑδωμεν
3443 2720 3568 2787 οὖν,
3600 2725 3663 2779 τί

2063 2816 2473 2888 θαυματουργεῖ
2494 2819 2521 2870 ό
2547 2817 2751 2888 Κύριος
2780 2819 2839 2871 ὲν
2872 2816 2950 2887 τῷ
2976 2817 3203 2889 τοιούτῳ
3233 2818 3416 2891 γάμῳ,
3450 2822 3551 2873 καὶ
3579 2822 3661 2890 τῇ

2059 2908 2287 2980 τοιαύτῃ
2314 2908 2579 2983 συναφείᾳ
2620 2907 2716 2962 τοῦ
2735 2907 2871 2963 Θεοῦ
2898 2909 3034 2979 πρὸς
3058 2909 3155 2982 τὴν
3176 2909 3373 2981 ψυχήν.
3401 2912 3477 2963 Τὸ
3502 2910 3665 2982 ὕδωρ

2062 3001 2144 3067 είς
2175 2998 2319 3057 οἶνον
2351 3005 2657 3074 μεταποιεῖ,
2688 3002 2786 3066 τὰς
2814 3001 2874 3067 ἒξ
2907 3002 3093 3074 ὑδρίας
3118 3003 3275 3074 ἡμῶν
3305 3004 3402 3066 τὰς
3433 3003 3663 3066 λιθίνας

376 3114 498 3158 sex,
528 3098 768 3165 quinque
792 3111 989 3151 sensus
1020 3111 1117 3165 per
1147 3111 1284 3165 quos
1317 3096 1371 3151 in
1398 3097 1653 3165 operibus
1683 3095 1951 3151 labimur:

2065 3094 2288 3166 πληροῖ.
2341 3094 2529 3165 ’Υδωρ
2571 3095 2671 3164 μὲν
2699 3093 2792 3147 οὖν
2830 3095 3050 3164 νοήσαις
3084 3090 3150 3146 διν
3178 3092 3239 3146 τδ
3281 3090 3501 3164 ὑδαρὲς,
3552 3093 3663 3145 καὶ

371 3202 425 3244 et
453 3200 663 3243 sextam
715 3188 987 3259 hydriam,
1046 3188 1366 3243 rationalem
1415 3189 1547 3255 vim,
1577 3203 1673 3257 per
1705 3203 1872 3258 quam
1905 3188 1957 3243 in

373 3281 640 3335 doctrinis
668 3278 1059 3349 periclitamur.
1099 3280 1281 3351 Itaque
1306 3279 1568 3335 Dominus
1594 3291 1780 3334 noster
1802 3276 1962 3336 Iesus

374 3374 649 3441 Christus,
702 3372 947 3438 verbum,
974 3372 1228 3442 inquatn,
1291 3373 1685 3444 evangelicum,
1747 3385 1963 3430 nostros

378 3482 592 3528 sensus,
626 3466 739 3519 sive
774 3466 825 3518 in
855 3466 1059 3517 virtute
1088 3465 1350 3534 practica,
1378 3468 1493 3521 sive
1518 3467 1959 3538 contemplativa,

378 3560 421 3612 si
456 3558 585 3627 quid
621 3557 676 3611 in
705 3556 786 3610 eis
816 3572 1049 3626 aquetnn
1103 3566 1186 3610 est
1216 3567 1271 3611 et
1318 3556 1639 3616 reSolutum.
1686 3560 1739 3613 in
1778 3559 1961 3614 vinum

381 3650 675 3713 convertit,
733 3644 1042 3716 astringens
1079 3658 1132 3702 et
1161 3648 1442 3704 ltetilicaus
1479 3650 1643 3703 vitam
1674 3661 1728 3705 et
1751 3667 1964 3707 sermo-

382 3757 503 3795 ncnt
537 3758 551 3796 :
583 3752 747 3812 atque
783 3741 855 3795 ita
883 3739 1017 3811 ittth
1053 3755 1179 3795 tttut‘
1216 3742 1421 3813 hydria:
1453 3750 1655 3797 nostra:
1692 3744 1834 3797 bono
1860 3746 1964 3801 hoc

376 3834 562 3901 potulo
591 3852 604 3888 :
632 3849 831 3889 sensus
856 3835 1089 3901 scilicet,
1128 3851 1195 3889 ne
1227 3836 1277 3887 iu
1308 3836 1583 3903 operativa
1614 3830 1777 3906 53a
1806 3838 1857 3890 vi
1887 3836 1961 3890 la-

379 3927 598 3992 bantur,
650 3937 703 3981 et
755 3927 914 3994 ratio,
951 3943 1022 3983 ne
1054 3928 1107 3981 in
1146 3943 1311 3998 prava
1352 3927 1655 3982 incidamus
1688 3929 1962 3998 dogmata.

350 4020 615 4099 ‘Observa
656 4006 834 4074 autem
889 4021 1033 4090 quod
1072 4031 1129 4075 et
1175 4018 1397 4090 lapidea:
1462 4019 1668 4091 hydria:
1736 4031 1963 4089 propter

383 4110 814 4179 puriﬁcationem
903 4112 1215 4167 Judmorum
1304 4113 1523 4168 stabant
1620 4113 1749 4169 illic.
1824 4111 1961 4167 Nam

377 4200 546 4258 Judas
569 4202 789 4275 quidem
820 4205 1024 4261 dicitur
1058 4224 1077 4257 ι
1112 4205 1417 4273 confessio;
1456 4224 1475 4258 ι
1513 4207 1833 4274 puriﬁcatur
1866 4223 1966 4262 au-

383 4307 489 4347 tem
537 4300 625 4365 qui
676 4297 1008 4366 conﬁtetur,
1057 4314 1151 4366 per
1210 4300 1452 4367 quinque
1511 4314 1705 4353 sensus
1766 4300 1964 4367 quibus

383 4389 531 4456 prius
576 4395 846 4456 peccarat.
881 4387 1085 4443 Oculus
1141 4392 1279 4445 male
1330 4392 1572 4457 viderat,
1626 4392 1720 4447 sed
1772 4391 1961 4445 oculus

2065 3187 2254 3256 ὑγρὸν,
2280 3186 2374 3241 καὶ
2407 3186 2790 3258 διαλελυμένον
2822 3186 2980 3258 ἡμῶν
3010 3185 3067 3240 ἐν
3096 3204 3156 3238 τε
3181 3186 3280 3257 βίῳ
3309 3186 3405 3239 καὶ
3432 3186 3659 3257 δόγμα·

2066 3296 2151 3332 σιν
2175 3296 2190 3311 ·
2226 3280 2414 3350 ὑδρίας
2443 3278 2499 3332 δὲ
2522 3277 2602 3344 ἒξ,
2638 3280 2735 3343 τάς
2771 3296 2830 3332 τε
2864 3279 3027 3333 πέντε
3061 3280 3358 3350 αἰσθήσεις,
3385 3278 3453 3332 δι’
3484 3273 3567 3334 ὧν
3592 3280 3665 3332 ἐν

2064 3374 2187 3435 ταῖς
2218 3373 2451 3443 πράξεσι
2495 3372 2869 3443 σφαλλόμεθα,
2917 3376 3007 3427 καὶ
3048 3372 3213 3445 ἕκτην
3253 3373 3437 3444 ὑδρίαν
3470 3375 3537 3426 τὸ
3565 3373 3670 3427 λο-

2063 3464 2331 3533 γιστικὸν,
2352 3465 2419 3519 δι’
2441 3458 2502 3520 οὑ
2520 3468 2577 3519 ὲν
2601 3468 2712 3528 τοῖς
2735 3465 2968 3535 δόγμασι
2998 3465 3281 3537 σφαλερῶς
3298 3466 3660 3535 διακείμεθα.

2075 3553 2135 3609 Ὀ
2162 3556 2342 3610 τοίνυν
2393 3556 2596 3629 Κύριος
2643 3558 2799 3628 ἡμῶν
2845 3558 3051 3628 Ἰησοῦς
3086 3559 3338 3629 Χριστὸς,
3374 3562 3405 3613 ὁ
3429 3561 3597 3628 λόγος
3630 3562 3664 3614 ὁ

2063 3648 2450 3717 εὑαγγελικὸς,
2487 3650 2653 3721 φημὶ,
2689 3649 2917 3720 ίὼμενος
2943 3654 3010 3704 τὰ
3038 3652 3283 3722 ἡμέτερα
3325 3652 3661 3721 σφάλματα,

2063 3741 2131 3795 τὰ
2160 3741 2218 3795 ἐν
2248 3758 2309 3795 τε
2337 3742 2414 3811 τῷ
2449 3742 2738 3813 πρακτικῷ
2775 3743 2873 3797 atat
2895 3743 2971 3813 τῷ
2997 3744 3333 3813 δογματικῷ,
3370 3745 3489 3816 ἦτοι
3517 3744 3666 3799 θεω-

2066 3834 2297 3907 ρητικῷ,
2329 3835 2390 3888 τὸ
2408 3836 2465 3889 ὲν
2482 3835 2692 3899 τούτοις
2726 3837 2918 3908 ὑδαρὲς
2944 3838 3039 3891 καὶ
3060 3837 3366 3892 εὐδιάλυτον
3397 3840 3480 3903 είς
3507 3834 3666 3892 οἶνον

2068 3927 2413 3998 μετατίθησι,
2445 3928 2538 3982 τὸν
2564 3928 2834 3999 στύφοντα
2862 3926 3007 3997 λέγω
3026 3930 3119 3983 καὶ
3145 3930 3510 4001 εὐφραίνοντα
3537 3931 3665 4001 βίον

2064 4018 2159 4073 καὶ
2184 4016 2374 4088 λόγον·
2407 4019 2503 4073 καὶ
2546 4018 2690 4074 οὕτω
2734 4020 3063 4094 πληροῦνται
3087 4023 3145 4076 αἱ
3172 4023 3237 4088 ἓξ
3263 4024 3442 4095 ὑδρίαι
3489 4026 3666 4096 ἡμῶν

2065 4110 2258 4167 τούτου
2286 4111 2383 4166 τοῦ
2430 4112 2597 4166 καλοῦ
2629 4113 2873 4183 πόματος
2894 4127 2910 4143 ⁸
2946 4114 3090 4168 αἵτε
3118 4115 3426 4187 αἰσθήσεις,
3450 4117 3545 4171 ἴνα
3577 4121 3665 4190 μὴ

2065 4204 2207 4257 κατὰ
2232 4204 2293 4258 τὸ
2317 4204 2621 4275 πρακτικὸν
2646 4206 2947 4276 πταίωμεν,
2974 4207 3069 4259 καὶ
3091 4208 3119 4260 ὀ
3149 4206 3429 4278 λογισμὸς,
3459 4209 3554 4262 ἵνα
3576 4213 3663 4280 μὴ

2065 4297 2125 4350 ἐν
2153 4298 2266 4359 τοῖς
2303 4296 2539 4366 δόγμασι
2593 4300 3048 4368 προσπταίωμεν.
3102 4300 3345 4371 Πρόσχες
3376 4300 3436 4353 δὲ
3478 4300 3568 4354 ὅτι
3596 4306 3661 4356 αἱ

2065 4387 2265 4441 λίθιναι
2313 4388 2493 4458 ὑδρίαι
2540 4388 2629 4443 διὰ
2679 4390 2769 4443 τὸν
2822 4389 3164 4463 καθαρισμὸν
3204 4392 3315 4447 τῶν
3379 4394 3661 4448 Ἰουδαίων

384 4482 580 4533 iterum
674 4480 945 4552 iacrytnas
1035 4484 1089 4536 in
1164 4482 1511 4537 confessione
1612 4482 1957 4553 profundit,

2067 4481 2285 4534 ἵσταντο
2318 4482 2451 4535 ἐκεῖ.
2495 4478 2693 4543 Ἰούδας
2726 4481 2824 4552 μὲν
2850 4481 3069 4550 λέγεται
3101 4501 3121 4533 ι
3158 4483 3554 4556 ἐξομολόγησις
3577 4503 3592 4516 ·
3626 4507 3651 4539 ι

383 4586 547 4642 atque
595 4572 665 4624 ita
713 4572 879 4626 servit
924 4573 1255 4644 purgationi.
1308 4575 1530 4628 Audivit
1583 4575 1734 4629 auris
1785 4576 1944 4630 verba

334 4652 719 4729 ’tueretrieia,
768 4665 863 4717 sed
911 4663 1109 4718 iterum
1155 4680 1214 4720 se
1262 4666 1489 4720 inclinat
1530 4672 1596 4721 ad
1641 4668 1805 4721 verba
1850 4669 1966 4723 oris

387 4756 503 4809 Di.
564 4754 640 4808 Ita
696 4767 753 4809 et
806 4755 858 4808 iu
909 4755 1030 4810 aliis
1100 4758 1368 4823 sensibus.
1435 4759 1525 4815 Sic
1576 4770 1631 4813 et
1678 4761 1965 4816 rationalis

386 4850 557 4903 virtus
598 4848 651 4901 in
699 4848 1046 4919 dogmatibus
1097 4860 1308 4920 peccat,
1356 4853 1450 4906 sed
1500 4853 1692 4907 iterum
1743 4856 1968 4910 mundat

388 4943 627 5010 priorem
684 4939 948 4994 malitiam
1006 4944 1220 5011 quando
1262 4944 1329 4997 ad
1374 4946 1462 5014 pia
1504 4945 1755 5015 dogmata
1800 4946 1965 5003 redit.

385 5037 652 5092 Caeterum
708 5038 932 5108 lapidea:
988 5037 1193 5107 hydria:
1243 5037 1365 5092 ideo
1406 5047 1553 5102 sunt,
1596 5038 1677 5091 vel
1716 5038 1858 5108 quod
1894 5054 1963 5095 ex

390 5137 532 5181 terra
566 5129 779 5185 formati
826 5145 1040 5195 sumus,
1087 5128 1166 5184 vel
1216 5128 1359 5199 quod
1399 5129 1567 5184 solida
1624 5130 1963 5201 receptacula

388 5219 507 5271 talis
537 5221 642 5273 vini
674 5238 792 5277 esse
820 5229 1093 5290 oporteat,
1118 5232 1173 5277 et
1202 5236 1469 5291 nusquam
1505 5219 1700 5275 iutilia.
1729 5221 1965 5292 Lapides

393 5314 746 5383 ltydriaeerat
796 5316 944 5370 Pauli
1000 5313 1344 5371 rationabilis
1372 5315 1478 5376 vis.
1540 5312 1704 5368 etiam
1747 5315 1966 5384 quando

2071 4575 2430 4646 καθαρίζεται
2480 4576 2538 4629 δὲ
2576 4577 2605 4629 ὀ
2646 4576 3141 4647 ἐξομολογούμενος
3190 4577 3276 4631 διὰ
3323 4579 3433 4632 τῶν
3485 4582 3660 4634 πέντε

2071 4670 2398 4740 αἰσθήσεων,
2431 4667 2497 4721 δι’
2523 4661 2600 4722 ὧν
2620 4668 2888 4741 πρότερον
2914 4669 3246 4739 ἡμάρτανεν.
3286 4672 3346 4725 ’0
3371 4672 3659 4742 ὀφθαλμὸς

2072 4758 2179 4817 εἶδε
2225 4762 2452 4826 κακῶς,
2500 4760 2619 4816 ἀλλ’
2667 4762 2950 4831 ὀφθαλμὸς
3002 4764 3165 4817 πάλιν
3215 4764 3443 4834 δακρύει
3482 4771 3543 4819 ἐν
3583 4773 3656 4841 τῇ

2071 4853 2502 4925 ἐξομολογήσει,
2570 4854 2666 4907 καὶ
2708 4852 2853 4906 οὕτω
2903 4854 3113 4922 γίνεται
3149 4858 3231 4920 είς
3281 4859 3655 4930 καθαρισμὸν.

2071 4949 2310 5003 Ἤκουσε
2344 4946 2408 5000 τὺ
2433 4945 2524 5009 οὓς
2556 4947 2793 5019 πορνικὰ
2817 4946 3063 5019 ᾅσματα,
3091 4949 3207 5003 ἀλλ’
3228 4946 3385 5014 αὖθις
3409 4953 3656 5008 κλίνεται

2065 5043 2144 5103 εἰς
2182 5041 2403 5112 ῥήματα
2434 5039 2703 5107 στόματος
2732 5039 2869 5094 Θεοῦ
2889 5056 2906 5073 ο
2937 5040 3080 5095 οὕτω
3108 5044 3204 5097 καὶ
3223 5044 3316 5096 επὶ
3338 5044 3449 5097 τῶν
3472 5046 3659 5099 ἄλλων

2074 5131 2433 5203 αἰσθήσεωνη
2463 5131 2633 5185 Πάλιν
2677 5131 2738 5185 τὸ
2768 5132 3081 5201 λογιστικδν
3122 5135 3419 5203 σφάλλεται
3451 5139 3510 5189 ὲν
3539 5140 3656 5201 τοῖς

2070 5225 2357 5296 δόγμασιν,
2387 5223 2503 5278 ἀλλ’
2534 5220 2690 5287 αὖθις
2719 5223 2971 5293 καθαίρει
3001 5225 3101 5296 τὴν
3123 5206 3396 5297 προτέραν
3425 5231 3648 5294 κακίαν,

2072 5321 2157 5380 εἰς
2218 5316 2282 5369 τὸ
2322 5314 2498 5387 ὀρθῶς
2561 5314 2914 5385 δογματίζειν
2972 5320 3297 5386 μεταπεσόν.
3338 5320 3553 5375 Λίθιναι
3591 5323 3653 5375 ἃ

389 5409 839 5478 persequi-batur.
872 5410 1087 5465 Zetutor
1137 5412 1284 5464 enim
1318 5421 1437 5464 erat
1466 5421 1818 5480 paternarum
1855 5419 1958 5463 tra.

2077 5408 2281 5480 ὑδρίαι,
2311 5408 2344 5477 ἢ
2374 5406 2508 5459 διότι
2561 5406 2671 5460 ἀπὸ
2704 5405 2805 5475 γῆς
2846 5407 3004 5477 ἡμῶν
3034 5410 3067 5477 ἡ
3101 5407 3379 5474 σύστασις.
3406 5410 3442 5482 ἦ
3472 5410 3562 5464 διὰ
3590 5413 3653 5463 τὸ

1348 5527 1437 5586 Ex
1476 5523 1823 5589 collatione
1860 5529 2051 5593 codd.
2092 5529 2324 5589 Venet.
2358 5526 2419 5588 S.
2453 5523 2672 5588 Marci.
3072 5555 3077 5563 -
3232 5522 3241 5531 “

462 5645 575 5715 (ΙἩ
609 5646 739 5721 Citii.
899 5645 1019 5701 Ἶνα
1046 5648 1121 5717 τῷ
1152 5648 1541 5721 ᾀρχιτρικλίνῳ
1574 5650 1869 5718 ἑνέγκωσιν
1903 5652 1967 5707 ὲκ

392 5722 489 5768 τοῦ
516 5716 964 5793 μεταβῇ-θέντος
994 5722 1075 5782 εἰς
1098 5716 1261 5793 οἶνον
1290 5716 1698 5793 ὑ’δατος,’τοῦτο
1731 5722 1786 5793 δὲ
1821 5724 1966 5793 rimo.

395 5787 629 5857 νομήθη,
657 5786 729 5850 ti);
759 5787 824 5839 ἂν
862 5791 934 5860 μή
960 5806 1100 5851 τινες
1132 5790 1536 5856 ὑποπτεὺσωσι,
1567 5808 1618 5844 κ.
1660 5809 1709 5847 τ,
1746 5792 1801 5847 λ.
1836 5786 1861 5843 ἰ
1902 5794 1968 5847 Lt

2076 5650 2468 5706 architriclinio
2518 5649 2723 5705 ferrent
2778 5651 2843 5706 de
2893 5664 3029 5722 aqua
3082 5658 3288 5706 mutata
3340 5653 3391 5706 in
3444 5654 3646 5705 vinum.

2078 5724 2188 5775 Hoc
2241 5738 2369 5776 vero
2408 5723 2478 5775 ita
2514 5722 2836 5793 dispositum
2876 5723 3001 5788 fuit,
3056 5739 3122 5778 ne
3170 5722 3337 5794 aliqui
3379 5722 3643 5792 suSpicari

2078 5805 2320 5862 possent.
2359 5812 2379 5845 ο
2417 5807 2519 5849 ειμι.
