3960 6454
551 296 688 361 1135

1399 298 1974 359 THEOPHYLACTI
2014 301 2424 364 BULGARHE
2466 307 2817 369 ARCHIEP.

3643 312 3775 377 1196

543 413 690 464 huc:
727 424 849 462 nam
903 424 1023 462 cum
1053 408 1203 478 plura
1235 409 1308 465 ibi
1349 408 1538 464 fecerit
1568 410 1741 478 signa,
1787 411 1887 466 hoc
1935 421 2104 465 tamen

2219 419 2462 487 σημείων
2496 419 2658 491 αῦτη,
2687 421 2801 474 ἀλλ’
2835 423 2953 492 οὐχὶ
2983 423 3223 491 πάντων,
3245 425 3380 479 ἀλλὰ
3402 425 3514 480 τῶν
3537 426 3597 479 ἐν
3630 427 3781 498 Κανᾴ

546 503 778 572 primum
812 499 932 554 fuit.
973 502 1039 554 Et
1070 502 1181 556 btnc
1211 502 1423 571 quidem
1461 501 1535 556 illi
1567 502 1801 556 dixerint
1834 521 1847 555 :
1883 517 1980 557 nos
2009 518 2110 557 au-

551 604 654 646 tem
708 592 954 660 quamvis
1013 591 1178 645 multa
1247 592 1542 647 habeamus
1580 591 1647 646 ad
1701 593 2106 648 monstrandum

543 684 686 755 quod
717 683 928 738 initium
967 683 1128 738 fuerit
1151 684 1396 738 omnium
1427 685 1705 756 signorum
1742 685 1960 752 (etenim
1985 701 2109 740 cum

543 777 715 841 dicit,
753 794 772 828 ι
814 775 1174 831 Manifestavit
1203 775 1426 848 gloriam
1474 791 1648 843 suam,
1682 788 1736 833 et
1769 778 2113 833 crediderunt

543 869 597 924 in
625 885 744 923 eum
777 868 1020 939 discipuli
1053 867 1195 939 ejus,
1249 885 1267 920 ι
1303 867 1504 923 indicat
1531 869 1673 936 quod
1712 878 1836 923 ante
1873 871 1974 925 hoc
2005 885 2110 924 non

541 960 733 1015 fecerit
771 961 1089 1015 miraculum
1143 959 1311 1026 aliud,
1345 961 1412 1016 ab
1455 960 1545 1016 illo
1573 963 1716 1015 enim
1748 959 2113 1015 manifestavit

541 1056 764 1126 gloriam
792 1057 992 1127 suam),
1011 1065 1246 1112 attamen
1275 1072 1380 1112 non
1411 1056 1848 1127 disceptabimus,
1873 1056 1985 1112 sive
2010 1057 2112 1112 hoc

542 1147 656 1201 sive
692 1145 836 1200 aliud
874 1145 1036 1201 fuerit
1067 1149 1234 1214 prius.
1279 1146 1558 1215 Quomodo
1589 1158 1768 1204 autem
1801 1148 2112 1204 manifesta-

538 1235 618 1290 vit
663 1236 889 1306 gloriam
922 1237 1114 1292 suam?
1143 1235 1258 1292 Non
1294 1238 1448 1292 multi
1504 1239 1887 1305 interfuerunt,
1938 1255 2112 1308 neque

539 1340 724 1382 coram
757 1325 948 1396 popqu
969 1325 1067 1380 fuit
1099 1327 1322 1384 factum.
1356 1327 1552 1384 Verum
1578 1329 1795 1398 quidem
1821 1343 1926 1384 non
1962 1339 2108 1396 tunc,

541 1418 635 1474 sed
670 1429 856 1487 postea
906 1418 1221 1473 miraculum
1262 1419 1362 1474 hoc
1413 1419 1648 1472 audituri
1701 1429 1856 1473 erant
1901 1433 2109 1483 omnes,

543 1508 686 1563 unde
714 1522 884 1577 usque
914 1507 968 1562 in
997 1508 1138 1562 hunc
1175 1509 1317 1564 diem
1368 1509 1692 1575 celebratur,
1730 1519 1784 1563 et
1817 1510 1868 1564 in
1901 1509 2113 1564 occulto

544 1612 651 1656 non
680 1609 784 1656 est.
823 1599 976 1667 Quod
1030 1608 1208 1654 autem
1253 1608 1307 1655 et
1338 1599 1587 1670 discipuli
1620 1601 1737 1671 ejus
1786 1601 2113 1656 crediderint

541 1694 596 1748 in
628 1707 775 1758 eum,
800 1692 870 1747 ita
905 1691 1166 1760 intellige,
1203 1692 1341 1760 quod
1375 1691 1531 1748 fidem
1581 1694 1891 1762 ampliorem
1924 1704 1976 1748 et
2007 1694 2112 1746 lir-

2212 513 2312 580 τῆς
2350 511 2660 575 Γαλιλαίας.
2690 513 2931 584 Διάφορα
2965 514 3096 584 γὰρ,
3122 517 3306 587 φησὶν,
3343 517 3598 586 θαύματα
3627 522 3783 590 ποιήε-

2214 619 2406 668 σαντος
2441 607 2498 658 ὲν
2547 607 2724 676 Κανᾷ,
2771 607 2910 678 αὕτη
2959 607 3108 660 ἐστὶν
3148 609 3180 678 ή
3221 609 3384 679 ἀρχή.
3446 607 3636 664 Ταῦτα
3687 610 3782 680 μὲν

2212 697 2354 750 εῐποι
2383 715 2466 763 τις
2495 698 2561 753 ἄν
2581 713 2596 730 ο
2629 700 2788 770 ἡμεῖς
2807 700 2884 768 δὲ,
2914 702 3090 755 καίτοι
3115 701 3284 756 πολλὰ
3309 703 3525 772 ἔχοντες
3559 703 3696 774 πρὸς
3723 705 3784 757 τὸ

2211 791 2402 858 δεῖξαι,
2449 794 2533 847 ότι
2583 797 2676 848 καὶ
2728 794 2946 849 πάντων
2998 796 3109 849 τῶν
3165 796 3406 867 σημείων
3456 796 3610 850 ἐστὶν
3642 797 3781 868 ἀρχὴ

2214 885 2329 955 (καὶ
2359 885 2467 957 γάρ
2489 887 2568 953 τὺ,
2611 906 2630 938 ι
2679 888 3024 960 Ἐφανέρωσε
3091 888 3189 960 τὴν
3263 889 3422 957 δόξαν
3465 889 3658 954 αὑτοῦ,
3695 891 3784 944 καὶ

2211 976 2273 1030 τὸ
2314 995 2332 1028 ι
2372 977 2729 1033 Ἐπίστευσαν
2781 982 2863 1043 είς
2915 980 3081 1034 αὐτὸν
3137 983 3185 1034 ci
3235 981 3476 1052 μαθηταὶ
3527 981 3717 1047 αὐτοῦ,
3756 1000 3776 1033 ι

2213 1068 2610 1134 ἐνδείκνυνται,
2681 1072 2763 1125 ὅτι
2810 1072 2996 1144 ἕτερον
3055 1071 3161 1140 πρὸ
3205 1073 3398 1127 τούτου
3456 1072 3647 1143 θαῦμα
3685 1074 3785 1128 οὐκ

2212 1159 2464 1230 ἐποίησεν
2491 1175 2505 1190 ο
2551 1159 2647 1213 ἀπ’
2688 1161 2898 1215 ἐκείνου
2952 1161 3062 1232 γὰρ
3114 1164 3427 1234 ἑφανέρωσε
3478 1163 3581 1233 τὴν
3626 1161 3783 1228 δόξαν

2213 1250 2422 1322 αὑτοῦ),
2459 1252 2606 1321 ὅμως
2630 1251 2690 1304 οὐ
2716 1252 3109 1322 διαφερόμεθα,
3151 1255 3260 1307 εἴτε
3297 1254 3457 1307 τοῦτο
3492 1253 3779 1325 πρότερον,

2213 1343 2322 1394 εῖτε
2345 1342 2529 1411 ἓτερον
2559 1341 2770 1412 γέγονε.
2806 1342 2929 1406 Πῶς
2952 1343 3008 1397 δὲ
3033 1343 3141 1414 ἄρα
3169 1345 3483 1415 ἐφανέρωσε
3507 1345 3612 1416 τὴν
3631 1345 3784 1411 δόξαν

2213 1433 2419 1500 adacti;
2453 1433 2586 1486 Οὐδὲ
2631 1434 2738 1503 γὰρ
2793 1433 2978 1489 πολλοὶ
3031 1438 3316 1506 προσεῖχον
3356 1436 3433 1507 τῷ
3484 1437 3784 1508 γενομένῳ,

2212 1525 2334 1578 οὐδὲ
2379 1524 2610 1578 ἐνώπιον
2637 1525 2810 1594 δήμου
2855 1531 3097 1597 γέγονεν.
3142 1528 3280 1582 Ἀλλ’
3309 1531 3360 1582 εἰ
3393 1528 3492 1584 καὶ
3534 1530 3613 1601 μὴ
3644 1531 3784 1593 τότε,

2213 1618 2328 1672 ἀλλ’
2364 1617 2588 1691 ὓστερον
2617 1620 2839 1692 ἔμελλον
2872 1621 2931 1674 τὸ
2959 1620 3143 1691 θαῦμα
3169 1621 3503 1676 ἀκούσεσθαι
3543 1622 3748 1686 πάντες
3767 1637 3782 1652 ⁹

2214 1710 2338 1764 ὅθεν
2383 1713 2476 1765 καὶ
2518 1713 2680 1784 μέχρι
2711 1713 2804 1766 τοῦ
2838 1713 2932 1768 νῦν
2984 1713 3191 1785 ᾅδεται,
3230 1714 3324 1768 καὶ
3353 1715 3414 1766 οὐ
3445 1715 3685 1770 διέλαθε.
3714 1716 3785 1769 Τὸ

541 1783 770 1839 miorem
821 1785 1128 1854 acceperint
1155 1801 1167 1838 :
1199 1784 1320 1853 quia
1351 1793 1401 1839 et
1431 1784 1582 1855 prius
1621 1785 1835 1854 quidem
1869 1783 2104 1839 credide-

2214 1801 2291 1865 δὲ,
2323 1821 2340 1853 ι
2377 1803 2437 1854 0i
2472 1780 2708 1874 μαθηταὶ
2738 1803 2902 1858 αὑτοῦ
2925 1780 3250 1859 ἐπίστευσαν
3279 1805 3358 1867 είς
3378 1805 3562 1868 αὑτὸν,
3594 1823 3616 1857 ι
3646 1804 3786 1858 οὕτω

542 1882 686 1940 rant,
715 1874 808 1928 sed
833 1888 940 1928 non
981 1883 1088 1927 tam
1119 1872 1367 1926 tirtuitcr.

614 2140 782 2197 Vens.
815 2141 998 2195 12-17.
1056 2159 1074 2193 ι
1113 2141 1236 2196 l’ost
1280 2143 1393 2196 baec
1442 2143 1717 2198 descendit
1770 2143 2109 2213 Capernaum

549 2232 664 2302 ipse
689 2243 742 2288 et
773 2245 946 2288 mater
972 2231 1108 2302 ejus,
1137 2244 1190 2288 et
1217 2233 1416 2288 fratres
1445 2236 1581 2304 ejus,
1609 2244 1663 2289 et
1697 2235 1937 2304 discipuli
1969 2237 2107 2306 ejus,

539 2334 598 2379 et
629 2324 700 2379 ibi
733 2334 1172 2378 manseruntnon
1206 2323 1388 2379 multis
1413 2325 1620 2380 diebus.
1646 2325 1710 2379 Et
1735 2327 1788 2380 in
1811 2328 2110 2397 propinquo

540 2423 660 2470 erat
694 2414 900 2470 Paseba
932 2413 1265 2478 Iudaeorum,
1299 2427 1351 2471 et
1384 2419 1626 2470 ascendit
1659 2416 1814 2470 'Jesus
1847 2416 2108 2472 llieruso-

541 2504 703 2579 lyma,
737 2516 791 2562 et
817 2508 1017 2577 reperit
1048 2507 1097 2560 in
1137 2507 1332 2578 templo
1357 2523 1449 2563 eos
1479 2509 1569 2579 qui
1595 2509 1898 2562 vendebzmt
1924 2511 2106 2576 bores,

540 2607 596 2654 et
621 2612 770 2663 oves,
805 2608 858 2652 et
888 2600 1184 2662 columbas,
1212 2611 1265 2652 et
1300 2601 1690 2655 nummularius
1739 2600 2008 2655 sedentes.
2046 2601 2109 2654 Et

539 2703 665 2745 cum
712 2687 928 2744 fecisset
962 2688 1226 2759 ﬂagellum
1259 2703 1288 2744 e
1314 2688 1591 2752 funiculis,
1626 2705 1818 2744 umnes
1851 2690 2012 2758 ejerit
2043 2690 2108 2745 de

541 2780 757 2849 templo.
813 2795 942 2836 oves
994 2781 1155 2836 simul
1187 2797 1249 2836 ac
1279 2783 1463 2844 boves,
1517 2791 1571 2835 et
1621 2781 2106 2835 nummulariorum

538 2871 725 2928 effudit
757 2888 850 2938 res,
902 2888 1223 2943 mensasque
1256 2874 1538 2938 subvertit,
1571 2881 1626 2927 et
1660 2874 1726 2926 iis
1757 2873 1847 2942 qui
1886 2872 2107 2927 colunt-

537 2963 638 3019 bas
665 2964 990 3030 vendebant,
1024 2965 1156 3020 dixit
1187 2985 1199 3020 :
1233 2964 1458 3021 Auferte
1505 2965 1606 3019 ista
1639 2964 1781 3025 biuc,
1823 2979 1918 3017 nec
1950 2964 2108 3018 facile

539 3051 756 3108 domum
783 3053 954 3107 Patris
978 3054 1080 3108 mei
1099 3053 1315 3108 domum
1345 3066 1640 3108 mercatus.
1674 3052 1958 3108 Recordati
1980 3067 2107 3107 vero

537 3154 664 3198 sunt
694 3142 945 3212 discipuli
975 3143 1092 3214 ejus
1119 3144 1258 3212 quod
1286 3144 1546 3213 scriptum
1579 3153 1661 3199 est
1689 3162 1702 3198 :
1730 3142 1888 3197 Zelus
1919 3144 2110 3198 domus

539 3244 643 3289 tua:
663 3234 844 3289 exedit
873 3233 1073 3287 ωιτη.»
1103 3233 1388 3290 Descendit
1407 3235 1458 3288 in
1475 3235 1806 3301 Capernaum
1832 3233 2107 3298 Dominus,

537 3341 646 3382 non
696 3325 918 3382 alterius
969 3341 1100 3381 usus
1123 3306 1342 3396 \gratia,
1375 3341 1534 3396 quam
1573 3332 1631 3380 ut
1674 3334 1903 3380 matrem
1953 3339 2105 3380 suam

538 3417 648 3474 illic
677 3416 917 3473 residere
945 3418 1166 3484 faceret,
1194 3427 1251 3471 ut
1280 3433 1346 3472 ne
1374 3417 1518 3472 illam
1544 3417 1744 3487 ubique
1778 3427 1895 3487 post
1916 3430 1976 3471 se
2005 3425 2110 3470 tra-

537 3509 712 3566 heret.
747 3509 1010 3576 Quoniam
1050 3509 1192 3564 enim
1227 3510 1294 3564 ad
1325 3511 1539 3580 nuptias
1564 3520 1824 3565 venerant
1853 3511 1905 3564 in
1937 3510 2104 3574 Cana,

537 3601 741 3670 nuptiis
789 3601 985 3658 habitis
1014 3601 1230 3656 adducit
1265 3612 1489 3657 matrem
1515 3602 1568 3657 iu
1619 3603 1836 3657 domum
1869 3616 2019 3657 suam
2052 3603 2103 3656 in

533 3690 890 3762 Capernaum.
920 3691 1266 3748 Manifestum
1311 3704 1492 3749 autem
1531 3695 1670 3764 quod
1703 3705 1923 3764 propter
1967 3693 2106 3750 banc

534 3800 753 3842 causam
786 3786 1129 3842 descenderit
1163 3787 1214 3846 in
1245 3786 1606 3857 Capernaum,
1641 3802 1707 3842 ex
1736 3802 1802 3843 eo
1829 3787 1970 3858 quod
2007 3802 2103 3843 ne-

533 3894 640 3950 que
674 3877 858 3934 multis
888 3878 1002 3934 illic
1047 3878 1303 3936 manebat
1331 3878 1546 3946 diebus,
1582 3893 1753 3950 neque
1785 3878 2101 3933 miraculum

530 3970 642 4026 illic
692 3969 947 4025 faciebat.
989 3968 1259 4026 lncreduli
1306 3971 1448 4028 enim
1500 3981 1657 4028 erant
1699 3972 1819 4043 ejus
1865 3971 2100 4027 civitatis

534 4063 656 4119 viri.
688 4062 853 4134 536
880 4062 1002 4119 Ideo
1027 4073 1082 4118 et
1106 4063 1210 4119 alio
1239 4064 1358 4120 loco
1401 4063 1666 4121 Dominus
1694 4079 1814 4119 eam
1846 4065 2099 4120 miseram

528 4169 649 4212 esse
679 4156 809 4210 dicit
837 4154 904 4210 ".
935 4154 1088 4223 Quod
1139 4165 1318 4211 autem
1375 4156 1502 4212 dicit
1557 4155 1880 4226 evangelista
1925 4154 2100 4209 fuisse

529 4261 700 4317 prope
733 4243 964 4313 Pascha,
999 4246 1238 4301 ostendit
1274 4247 1415 4316 quod
1447 4259 1552 4301 non
1585 4253 1711 4300 aute
1744 4246 1942 4300 multos
1982 4244 2100 4300 dies

528 4335 748 4390 Pascha:
778 4332 940 4389 fuerit
975 4335 1296 4405 baptizatus.
1334 4333 1504 4390 Porro
1533 4335 1623 4389 ubi
1652 4334 1895 4390 ascendit
1921 4333 1976 4387 in
2002 4331 2098 4388 Je-

528 4423 787 4490 rusalem,
821 4438 932 4478 rem
963 4423 1092 4478 fecit
1141 4439 1348 4494 magna:
1381 4424 1740 4478 auctoritatis.
1797 4423 2098 4480 Vendentes

523 4513 667 4567 enim
702 4528 831 4570 oves
860 4523 914 4568 et
944 4514 1111 4570 boves
1139 4513 1320 4582 ejecit.
1348 4511 1466 4567 Jam
1501 4514 1643 4583 quod
1678 4514 1875 4568 factum
1908 4514 2010 4570 hoc
2038 4525 2092 4570 et

523 4602 808 4661 Mattbazus
859 4613 1249 4661 commemorat
1291 4604 1361 4671 °',
1409 4605 1554 4660 scias
1587 4605 1729 4673 quod
1779 4619 1884 4660 non
1922 4605 2092 4662 semel

520 4697 624 4752 hoc
656 4696 906 4752 Christus
941 4695 1154 4760 fecerit,
1187 4697 1284 4752 sed
1319 4696 1422 4752 hoc
1453 4697 1596 4766 quod
1627 4695 1909 4752 Mattheus
1935 4712 2090 4752 com-

519 4796 806 4853 memorat,
836 4784 966 4840 fecit
1003 4799 1172 4856 prope
1203 4794 1411 4856 tempus
1433 4786 1718 4857 passionis,
1746 4787 1889 4856 quod
1910 4796 2089 4842 autem

518 4879 661 4950 apud
709 4875 1004 4942 Joannem,
1046 4878 1100 4931 in
1130 4877 1354 4933 exordio
1405 4879 1703 4948 signorum.
1739 4876 1949 4952 idcirco
1991 4879 2094 4934 boc

516 4972 638 5028 loco
666 4971 847 5026 minus
877 4984 1069 5038 aspere
1096 4971 1233 5026 dixit
1260 4987 1274 5024 :
1305 4988 1324 5022 ι
1366 4970 1442 5026 Ne
1472 4971 1708 5027 feceritis
1738 4971 1957 5026 domum
1989 4968 2092 5024 Pa-

516 5063 618 5119 tris
648 5063 774 5130 mei,
807 5065 1026 5119 domum
1075 5070 1368 5118 mercatus.
1411 5082 1430 5115 |
1467 5062 1682 5118 Initium
1711 5063 1854 5119 enim
1903 5064 2088 5134 signo-

514 5169 636 5208 rum
667 5155 846 5210 adhuc
876 5166 1016 5223 erat,
1045 5165 1102 5210 et
1133 5154 1371 5210 nondum
1423 5164 1567 5210 tanta
1592 5155 1872 5226 signorum
1905 5166 2089 5211 osten-

515 5259 703 5301 sorum
729 5257 844 5302 erat
871 5248 1194 5303 auctoritas.
1229 5244 1345 5302 Illic
1391 5256 1571 5301 autem
1602 5248 1744 5317 apud
1774 5244 2085 5301 Mattbazum

517 5334 670 5400 dicit,
706 5353 725 5387 ι
759 5335 878 5392 Non
922 5335 1109 5402 facite,
1145 5336 1339 5406 inquit,
1373 5335 1683 5406 speluncam
1719 5335 2012 5391 latronum.
2059 5353 2080 5387 ›

514 5421 801 5480 Nanil‘este
849 5427 997 5480 enim
1030 5426 1152 5484 illos
1197 5425 1436 5482 latrones
1485 5423 1804 5491 nominavit,
1840 5425 1984 5496 quod
2018 5441 2086 5481 ex

517 5512 734 5584 injustis
763 5514 940 5572 modis
969 5517 1177 5574 lucrum
1217 5517 1478 5574 facerent.
1509 5516 1738 5584 Quando
1779 5519 1924 5572 enim
1964 5519 2088 5588 quis

533 5674 538 5678 ’
585 5694 627 5727 ⁸⁷
653 5693 800 5752 Psal.
833 5711 986 5764 xviii,
1020 5698 1105 5756 10.
1181 5701 1224 5734 ⁸³
1246 5697 1380 5757 Luc.
1411 5717 1467 5768 ι,
1499 5699 1586 5756 15.
1663 5700 1708 5734 ⁸⁸
1736 5696 1923 5756 Matth.
1952 5715 2061 5767 ut,
2092 5699 2172 5756 l2.

2134 3118 2179 3182 C

2129 4466 2174 4522 D

2215 1892 2428 1957 νόησον,
2456 1893 2576 1946 ἀντὶ
2601 1894 2716 1960 τοῦ,
2755 1895 2937 1950 πίστιν
2964 1896 3355 1968 περισσοτέραν
3389 1896 3485 1950 καὶ
3512 1895 3789 1968 βεϐαιατέ-

2218 2002 2314 2056 ραν
2347 1985 2536 2040 ἔλαϐον
2575 1989 2654 2051 είς
2700 1988 2894 2042 αὐτόν’
2941 1990 3061 2042 ἐπεὶ
3108 1991 3203 2044 καὶ
3254 1989 3521 2061 πρότερον
3569 1988 3784 2052 πάντως

2213 2081 2520 2148 ἐπίστευον,
2553 2083 2668 2135 ἀλλ’
2697 2083 2795 2155 οὐχ
2826 2085 2967 2138 οὕτω
2995 2085 3250 2156 βεϐαίως.

2291 2190 2308 2223 ι
2351 2173 2506 2226 Μετὰ
2528 2173 2690 2228 τοῦτο
2713 2175 2920 2245 κατέϐη
2952 2178 3030 2240 είς
3065 2177 3438 2248 Καπερναοὺμ
3467 2175 3650 2242 αὐτὸς,
3689 2176 3783 2229 καὶ

2213 2266 2246 2335 ἡ
2285 2267 2468 2336 μήτηρ
2500 2267 2690 2332 αὑτοῦ,
2722 2269 2818 2322 καὶ
2855 2270 2905 2321 oi
2928 2268 3148 2338 ἀδελφοὶ
3180 2269 3366 2332 αὑτοῦ,
3403 2271 3500 2322 καὶ
3522 2269 3575 2322 oi
3608 2268 3783 2342 μαθη-

2211 2359 2301 2410 ταὶ
2331 2357 2493 2410 αὐτοῦ
2517 2375 2531 2386 ·
2567 2361 2660 2412 καὶ
2686 2362 2802 2414 ἐκεῖ
2835 2359 3054 2431 ἔμειναν
3086 2362 3145 2414 οὑ
3177 2361 3376 2425 πολλὰς
3399 2362 3637 2432 ἡμέρας.
3670 2363 3780 2416 Καὶ

2212 2451 2380 2516 ἐγγὺς
2405 2444 2472 2522 ἦν
2519 2451 2580 2504 τὸ
2610 2452 2802 2522 Πάσχα
2850 2452 2959 2507 τῶν
3009 2453 3296 2519 Ἰουδαίων,
3348 2455 3441 2508 καλ⁵
3491 2454 3661 2524 ἀνέϐη
3701 2455 3777 2517 είς

2220 2542 2570 2616 Ἰεροσόλυμα
2596 2547 2624 2598 ό
2665 2545 2894 2617 Ἰησοῦς.
2929 2547 3035 2600 Καὶ
3082 2541 3240 2618 εὗρεν
3279 2549 3337 2602 ὲν
3370 2547 3446 2618 τῷ
3481 2547 3612 2618 ἱερῷ
3651 2547 3774 2611 τοὺς

2212 2637 2530 2701 πωλοῦντας
2580 2637 2727 2708 βόας,
2774 2641 2869 2692 καὶ
2932 2639 3202 2712 πρόϐατα,
3270 2642 3364 2694 καὶ
3430 2642 3769 2712 ⁸περιστερὰς,

2212 2730 2304 2781 καὶ
2357 2729 2483 2793 τοὺς
2533 2731 2904 2800 κερματιστὰς
2958 2732 3321 2801 καθημένους.
3381 2735 3489 2786 Καὶ
3545 2734 3771 2805 ποιήσας

2210 2823 2574 2895 φραγγέλλιον
2615 2826 2680 2877 ὲκ
2723 2823 2996 2894 σχοινίων,
3047 2826 3253 2889 πάντας
3307 2827 3561 2891 ἐξέϐαλεν
3589 2829 3652 2880 ὲκ
3681 2825 3769 2879 τοῦ

2213 2915 2382 2985 ἱεροῦ,
2415 2916 2482 2969 τά
2509 2933 2569 2969 τε
2595 2916 2864 2986 πρόϐατα,
2895 2918 2988 2972 καὶ
3014 2918 3140 2982 τοὺς
3167 2918 3294 2989 βόας
3317 2936 3330 2948 ·
3369 2921 3464 2972 καὶ
3507 2919 3619 2971 τῶν
3657 2921 3774 2972 κολ-

2210 3006 2474 3063 λυϐιστῶν
2491 3007 2668 3078 ἐξέχεε
2686 3009 2744 3062 τὸ
2758 3008 2958 3080 κέρμα,
2977 3011 3184 3074 καὶτὰς
3201 3011 3478 3081 τραπέζας
3495 3013 3770 3083 ἀνέτρεψε,

2213 3096 2306 3150 καὶ
2345 3099 2452 3159 τοῖς
2506 3097 2606 3160 τὰς
2651 3101 2980 3171 περιστερὰς
3026 3100 3297 3156 πωλοῦσιν
3337 3099 3525 3156 εἶπεν
3575 3105 3772 3174 Ἄρατε

2211 3187 2383 3242 ταῦτα
2431 3188 2700 3257 ἐντεῦθεν,
2731 3192 2826 3244 καὶ
2864 3193 2939 3263 μὴ
2977 3195 3178 3246 ποιεῖτε
3225 3195 3316 3248 τὸν
3355 3191 3503 3248 οἷκον
3548 3195 3642 3249 τοῦ
3667 3197 3777 3250 Πα-

2209 3280 2334 3350 τρός
2365 3296 2467 3351 μου
2521 3275 2668 3336 οἷκον
2698 3282 2988 3355 ἐμπορίου.
3013 3283 3481 3356 Ἐμνήσθησανδὲ
3517 3288 3566 3340 οἱ
3601 3286 3772 3357 μαθη-

2207 3373 2299 3426 οιαὶ⁸
2343 3372 2531 3442 αὑτοῦ,
2582 3374 2665 3427 ὅτι
2711 3375 3099 3446 γεγραμμένον
3149 3376 3333 3430 ἐστίν’
3384 3377 3443 3431 '0
3476 3377 3636 3448 ζῆλος
3683 3378 3773 3431 τεῦ

2207 3465 2355 3517 οἴκου
2401 3481 2492 3518 σου
2547 3464 2824 3534 κατέφαγέ
2873 3482 2962 3535 με.
3010 3484 3029 3518 ι
3066 3467 3404 3537 Κατέρχεται
3450 3471 3527 3531 είς
3561 3470 3775 3539 [iamp-

2207 3557 2382 3626 ναοὺμ
2415 3558 2442 3610 ό
2469 3555 2687 3628 Κύριος,
2721 3557 2979 3628 οὐδεμιᾶς
3007 3558 3174 3628 ἄλλης
3198 3558 3391 3628 χρείας
3414 3559 3631 3625 ἕνεκεν,
3658 3562 3768 3612 ἀλλ’

2207 3652 2379 3725 ἢτοῦ
2431 3653 2882 3726 ἀποκαταστῆσαι
2945 3653 3044 3723 την
3129 3653 3344 3724 μητέρα
3405 3651 3577 3709 αὑτοῦ
3643 3657 3771 3717 ἐκεῖ,

2207 3744 2293 3796 ἵνα
2322 3743 2397 3815 μὴ
2423 3744 2698 3816 πανταχοῦ
2727 3746 2897 3816 αὐτὴν
2917 3747 3234 3816 ἐφέλκηται.
3277 3747 3431 3799 Ἐπεὶ
3451 3748 3563 3818 γὰρ
3583 3747 3671 3801 διὰ
3690 3749 3772 3799 τὸν

2203 3835 2380 3904 γάμον
2405 3830 2566 3906 ἦλθον
2596 3837 2673 3899 εἰς
2714 3837 2887 3901 Κανᾶ,
2919 3837 3011 3889 τοῦ
3042 3837 3221 3908 γάμου
3256 3837 3644 3909 παρελθόντος,
3686 3841 3775 3892 £1:-

2204 3928 2395 3998 ανάγει
2426 3930 2524 3997 τὴν
2552 3929 2769 3999 μητέρα
2794 3931 2875 3993 είς
2895 3930 2987 3982 τὸν
3017 3931 3074 3985 ὲν
3100 3930 3479 4002 Καπερναοὺμ
3506 3927 3657 3985 οἷκον
3677 3933 3772 3984 αὖ·

2201 4019 2320 4090 τῆς.
2351 4020 2517 4090 Δῆλον
2549 4019 2605 4073 δὲ
2633 4019 2809 4086 τοῦτο,
2839 4020 2918 4074 ὃτι
2947 4019 3034 4074 διὰ
3059 4021 3264 4093 ταύτην
3295 4023 3394 4092 τὴν
3417 4022 3604 4074 αἰτίαν
3640 4037 3768 4074 κατ-

2202 4112 2300 4184 έϐη
2351 4116 2430 4178 εἰς
2472 4115 2867 4185 Καπερναοὺμ,
2915 4115 2979 4168 ὲκ
3016 4113 3110 4168 τοῦ
3159 4117 3298 4187 μήτε
3343 4115 3548 4179 πολλὰς
3600 4117 3772 4185 μεῖναι

2201 4209 2318 4260 ἐκεῖ
2347 4207 2578 4278 ἡμέρας,
2615 4208 2754 4278 μήτε
2786 4207 3038 4276 θαύματα
3065 4209 3124 4261 ὲν
3153 4209 3289 4278 αὐτῇ
3331 4211 3581 4279 ποιῆσαι.
3624 4207 3770 4261 Ἀπί-

2202 4319 2345 4366 στως
2399 4303 2508 4373 γάρ
2556 4299 2702 4374 εἶχον
2751 4304 2887 4373 πρὸς
2929 4302 3094 4357 αὑτὸν
3133 4300 3183 4354 ol
3213 4299 3312 4372 τὴν
3357 4300 3517 4352 πόλιν
3571 4300 3769 4371 ταύτην

2199 4395 2474 4458 οἰκοῦντες
2495 4411 2508 4426 ·
2541 4395 2621 4448 διὸ
2653 4397 2746 4448 καὶ
2789 4394 3022 4465 ἀλλαχοῦ
3049 4397 3076 4447 ό
3105 4393 3310 4462 Κύριος
3360 4393 3644 4456 ταλανίςει
3677 4396 3767 4446 αὑ·

2201 4489 2321 4560 τήν.
2380 4489 2478 4541 Διὰ
2526 4488 2582 4541 δὲ
2614 4487 2708 4541 τοῦ
2753 4488 2926 4540 εἰπεῖν
2953 4489 2982 4540 ό
3012 4487 3428 4559 εῦαγγελιστὴς,
3482 4488 3567 4540 ὅτι
3612 4504 3631 4538 ι
3669 4484 3765 4540 Ἠν

2199 4585 2362 4653 ἐγγὺς
2387 4583 2449 4637 τὸ
2470 4585 2681 4654 Πάσχα,
2718 4603 2736 4636 ι
2765 4583 3034 4638 δείκνυσιν
3067 4586 3147 4638 ὅτι
3175 4585 3238 4637 οὐ
3265 4587 3368 4654 πρὸ
3398 4585 3615 4638 πολλῶν
3639 4587 3762 4655 mas-

2203 4679 2310 4750 ρῶν
2340 4678 2435 4733 τοῦ
2476 4681 2670 4751 Πάσχα
2718 4681 3070 4736 ὲϐαπτίσατο.
3115 4682 3380 4736 ’Δνελθὼν
3405 4681 3464 4736 δὲ
3493 4685 3576 4746 είς
3610 4684 3764 4750 Ἱερο-

2199 4775 2428 4845 σόλυμα,
2459 4777 2601 4828 ποιεῖ
2623 4777 2853 4845 πρᾶγμα
2878 4775 3077 4847 πολλῆς
3099 4775 3384 4840 αὑθεντίας
3411 4778 3607 4846 γέμον.
3633 4779 3761 4840 Τοὺς

2199 4867 2306 4939 γὰρ
2329 4867 2638 4931 πωλοῦντας
2661 4869 2727 4922 τὰ
2755 4868 3019 4939 πρόϐατα,
3045 4870 3140 4922 καὶ
3167 4869 3292 4933 τοὺς
3313 4869 3465 4939 βόας,
3493 4866 3758 4924 ἐκϐάλλει.

2201 4958 2264 5010 Ei
2299 4957 2472 5010 δὲκαὶ
2495 4959 2522 5011 ὁ
2542 4957 2818 5022 Ματθαῖός
2839 4974 2972 5030 φησι
2999 4957 3158 5011 τοῦτο
3182 4960 3549 5028 πεποιηκέναι
3579 4962 3756 5025 αὐτὸν,

2197 5049 2312 5103 ἀλλ’
2342 5050 2447 5104 ἴσθι
2480 5049 2554 5113 ὡς
2596 5051 2695 5120 οὐχ
2728 5051 2876 5115 ἅπαξ
2907 5051 3066 5104 τοῦτο
3103 5053 3383 5122 ἐποίησεν,
3408 5053 3549 5107 ἀλλὰ
3579 5054 3638 5106 τὸ
3668 5055 3758 5122 μὲν

2196 5145 2345 5216 παρὰ
2377 5143 2456 5216 τῷ
2503 5144 2790 5215 Ματθαίῳ,
2823 5144 2989 5213 ἐγγὺς
3009 5143 3122 5213 ,τοῦ
3162 5144 3367 5209 πάθους
3406 5147 3591 5198 ποιεῖ’
3620 5147 3679 5199 τὸ
3709 5148 3757 5199 δὲ

2194 5236 2288 5292 νῦν
2320 5237 2469 5309 παρὰ
2497 5236 2576 5308 τῷ
2614 5236 2856 5308 Ἰωάννῃ,
2890 5237 3000 5293 τῶν
3039 5235 3280 5308 σημείων
3315 5237 3656 5309 άρχόμενος’
3685 5238 3757 5291 διδ

2193 5330 2426 5385 ἐνταῦθα
2463 5331 2776 5400 ἀφειμένως
2831 5323 2987 5384 εἶπε·
3037 5347 3056 5382 ι
3095 5331 3188 5400 Μὴ
3235 5332 3445 5383 ποιεῖτε
3480 5331 3572 5384 τὸν
3619 5326 3754 5383 οἷκον

2193 5423 2287 5476 τοῦ
2317 5424 2527 5496 Πατρός
2567 5440 2690 5494 μου,
2721 5419 2868 5477 οἷκον
2897 5422 3182 5497 ἐμπορίου.
3218 5443 3238 5477 ι
3282 5421 3454 5494 Ἀρχὴ
3491 5423 3603 5491 γὰρ
3631 5424 3755 5483 τὲως

2193 5513 2262 5590 ἧν
2307 5517 2412 5573 τῶν
2461 5519 2720 5589 σημείων,
2769 5517 2860 5571 καὶ
2896 5514 3048 5572 οὔπω
3091 5515 3328 5587 τοσαύτη
3383 5516 3665 5589 παρρησία
3698 5510 3752 5584 ἦν
