3960 6454
179 301 318 365 1197

172 411 329 480 αὐτῷ
374 410 483 467 ἀπὸ
527 411 625 482 τῆς
668 412 779 466 τῶν
816 413 1062 483 σημείων
1109 411 1447 479 ἐπιδείξεως.

176 504 329 576 παρά
354 488 433 574 ἷτῷ
461 504 748 576 Museum,
781 505 925 576 φημί
945 521 959 535 σ
998 524 1018 558 ι
1052 504 1141 577 Μὴ
1174 508 1402 571 ποιεῖτε,
1434 506 1589 574 φησι,
1623 503 1767 574 σπή-

173 596 330 649 λαιον
377 596 612 670 λῃστῶν.
654 615 674 649 ι
708 595 964 668 Φανερῶς
994 596 1106 668 γὰρ
1155 596 1361 669 λῃστὰς
1403 596 1603 658 αὐτοὺς
1636 593 1770 646 ὠνό-

179 704 348 758 μασε,
380 687 459 751 ὡς
493 690 553 755 ἐξ
588 688 791 742 ἀδίκων
823 688 1207 758 κερδαίνοντας
1235 688 1442 759 πόρων.
1472 688 1643 741 Ὅταν
1665 687 1771 757 γάρ

175 797 262 842 τις
288 781 351 832 τὸ
377 781 561 849 ὀλίγου
586 782 897 851 τιμώμενον
924 780 1125 835 πολλοῦ
1146 783 1459 853 τιμήματος
1484 780 1645 847 ἀξιοῖ,
1678 781 1774 833 καὶ

174 872 289 925 ἀπὸ
329 874 580 943 πενήτων
614 875 776 945 τυχὸν
802 876 894 928 καὶ
928 875 1115 947 χηρῶν
1143 874 1204 928 τὸ
1238 873 1430 945 κέρδος
1452 873 1773 943 ὲρανίζηται

177 965 277 1035 (ὡς
313 966 407 1019 ἐπὶ
434 966 495 1019 τὸ
520 966 656 1019 πολὺ
689 967 797 1037 γάρ
830 961 977 1021 οὗτοι
1009 966 1059 1021 οί
1088 966 1160 1019 τὰ
1184 964 1415 1036 χρειώδη
1471 962 1775 1033 ἐξωνούμεο

174 1076 280 1123 νοι,
341 1060 438 1113 καὶ
488 1061 963 1131 πιπράσκοντες),
1009 1060 1061 1113 τί
1112 1060 1263 1126 ἄλλο,
1297 1059 1330 1130 ἢ
1365 1058 1524 1129 ἔργον
1571 1053 1771 1127 λῃστοῦ

174 1155 348 1216 ποιεῖ,
378 1154 442 1205 ἐκ
469 1151 767 1223 συμφορῶν
790 1152 994 1224 ἑτέρων
1018 1152 1185 1223 κέρδη
1211 1148 1770 1223 πραγματευόμενοςς

177 1243 342 1306 Τίνος
368 1244 423 1297 δὲ
453 1244 641 1298 ἕνεκεν
667 1246 806 1309 ὅλως
833 1244 1085 1298 ἐκϐάλλει
1114 1245 1241 1306 τοὺς
1275 1241 1559 1304 τοιούτους
1589 1242 1654 1294 ὲκ
1674 1238 1771 1293 τοῦ

178 1336 331 1407 ἱεροῦ
356 1353 371 1403 ;
405 1338 518 1391 Ούκ
581 1338 792 1406 ἀλόγως
815 1355 829 1368 ·
866 1337 982 1392 ἀλλ’
1015 1340 1142 1393 ἐπεὶ
1172 1336 1398 1408 ἔμελλεν
1426 1337 1483 1390 ὲν
1508 1334 1772 1404 Σαϐϐάτῳ

175 1427 532 1498 θεραπεύειν,
584 1429 681 1487 καὶ
715 1428 1021 1499 παραλύειν
1055 1427 1146 1481 τὸν
1184 1428 1371 1498 νόμον,
1417 1424 1504 1479 ἵνα
1539 1423 1615 1495 μὴ
1642 1423 1772 1496 δόξῃ

172 1520 428 1583 ἀντίθεος
472 1515 653 1585 εἶναι,
698 1520 1005 1592 διορθοῦται
1055 1518 1309 1572 ἐντεῦθεν
1365 1516 1464 1589 τὴν
1516 1515 1775 1585 τοιαύτην

174 1610 475 1680 ὑπόληψιν.
512 1611 589 1664 Οὐ
618 1612 728 1681 γάρ
776 1611 842 1664 ἂν
872 1613 901 1664 ό
925 1612 1186 1665 τοσοῦτον
1225 1608 1386 1681 ζῆλον
1436 1608 1778 1678 ἐπιδειξάμε-

905 302 1359 365 ENARRATIO
1388 302 1469 363 IN
1510 299 2015 365 EVANGELIUM
2042 298 2474 363 JDANNIS.—
2512 300 2669 361 CAP.
2703 298 2789 360 II.

1508 411 1655 463 Ἑκεῖ
1683 410 1762 472 δὲ,
1803 417 1844 472 Α
1872 424 1939 464 ex
1972 422 2037 463 eo
2068 408 2214 478 quod
2258 408 2409 477 parvi
2443 409 2601 476 pretii
2636 417 2745 472 est,
2775 404 3000 461 multum
3033 407 3192 478 pretii
3218 409 3376 479 petit,
3405 419 3466 466 et

3324 293 3464 362 1198

1879 516 1910 554 a
1948 497 2285 570 pauperibus
2338 498 2590 555 fortassis
2623 509 2678 555 et
2709 497 2885 554 viduis
2934 497 3148 553 lucrum
3196 501 3465 571 corradit,

1876 596 2019 648 sicut
2059 593 2233 649 ferme
2262 592 2438 648 solent
2465 593 2523 647 lii
2555 593 2645 662 qui
2674 592 2984 649 necessaria
3009 594 3307 661 venditant,
3336 595 3466 665 quid

1875 687 2020 742 aliud
2071 702 2234 755 quam
2282 700 2419 756 opus
2466 685 2696 741 latronis
2744 687 2896 751 facit,
2942 701 3008 741 ex
3063 687 3469 744 calamitatibus

1875 779 2107 834 alterum
2157 779 2308 834 lucra
2338 778 2734 848 componens?
2766 777 2831 833 Et
2861 794 3029 849 quare
3061 780 3181 836 illos
3208 796 3241 838 e
3270 780 3468 851 templo

1878 873 2027 942 ejicit
2046 872 2070 925 *Ζ
2090 871 2205 927 Non
2240 872 2533 928 innnerito.
2562 870 2696 939 Quia
2725 873 2869 927 enim
2896 874 2948 927 in
2976 873 3219 929 Sabbato
3245 886 3468 931 sanatu-

1882 981 1974 1020 rus
2009 976 2150 1030 erat,
2187 976 2242 1020 et
2274 965 2553 1021 soluturus
2598 966 2770 1035 legem
2805 981 2819 1019 ;
2854 974 2910 1018 ut
2940 981 3010 1020 ne
3041 967 3289 1022 rideatur
3332 983 3465 1024 cou-

1878 1059 2081 1113 trarius
2134 1058 2265 1123 Deo,
2318 1060 2544 1130 corrigit
2596 1059 2701 1115 hoc
2756 1058 2878 1114 loco
2926 1059 3236 1130 opinionem
3295 1061 3464 1119 illam.

1878 1144 2069 1215 Neque
2095 1147 2243 1201 enim
2294 1156 2501 1202 tantum
2550 1147 2727 1203 zelum
2758 1160 2983 1219 prapter
3022 1152 3239 1206 domum
3274 1163 3463 1210 osten~

1877 1235 2034 1305 dens,
2067 1240 2365 1309 sprevisset
2396 1240 2589 1308 Deum,
2631 1242 2912 1296 dominum
2941 1243 3153 1299 domus.
3184 1244 3300 1300 Non
3319 1247 3463 1303 enim

1878 1328 2200 1402 simpliciter
2251 1335 2421 1405 ejicit,
2471 1336 2566 1391 sed
2596 1346 2649 1392 et
2678 1336 2892 1407 ﬂagello
2923 1338 3083 1409 plexo
3112 1339 3377 1409 percutit,
3407 1350 3466 1397 et

1878 1426 2144 1480 subvertit
2172 1441 2411 1495 incusas,
2446 1439 2501 1484 et
2529 1445 2623 1495 tes,
2658 1431 2761 1487 hoc
2789 1442 2873 1488 est
2900 1431 3184 1502 pecuniam
3214 1448 3468 1488 nummuo

1880 1514 2137 1570 lariorum
2193 1515 2441 1576 elfundit.
2476 1519 2544 1574 Et
2573 1535 2712 1592 opus
2762 1521 3126 1592 periculosum
3161 1531 3462 1591 attentam,

1880 1621 1987 1661 non
2019 1621 2079 1662 se
2113 1607 2167 1662 in
2202 1608 2503 1679 periculum
2537 1611 2863 1683 conjecisset
2891 1626 2989 1683 pro
3017 1613 3180 1669 domo
3210 1613 3328 1681 Dei,
3355 1616 3466 1671 sol.

174 1716 269 1767 νος
310 1705 453 1776 ὑπὲρ
480 1703 571 1758 τοῦ
600 1706 773 1772 οἴκου,
809 1705 901 1759 τὸν
927 1705 1023 1759 τοῦ
1048 1707 1200 1758 οῖκου
1228 1703 1498 1774 δεσπότην
1523 1702 1615 1757 τὸν
1641 1702 1774 1758 Θεὸν

1882 1711 2014 1754 vrns
2087 1698 2260 1771 legem
2314 1699 2412 1756 Dei
2463 1712 2522 1757 ut
2571 1703 2961 1762 adversarius:
3004 1706 3101 1762 sed
3147 1708 3371 1763 omnino
3403 1720 3466 1767 ut

173 1766 468 1868 ἡθὲτησεν.
511 1800 585 1851 Ού
625 1800 732 1871 γάρ
760 1766 955 1863 ’ἁπλῶς
999 1797 1276 1863 ἐξέϐαλεν,
1329 1766 1465 1852 ἀλλά
1498 1796 1590 1850 καὶ
1631 1812 1772 1866 φρα-

1877 1789 2045 1846 Filius
2071 1766 2186 1857 Dei,
2211 1802 2266 1847 et
2286 1794 2551 1864 aqualem
2587 1795 2793 1853 habens
2818 1805 3138 1868 potestatem
3171 1798 3345 1867 Patri,
3366 1802 3464 1872 qui

176 1889 385 1959 γελλίιρ
434 1890 656 1960 πλεκτῷ
705 1890 951 1955 τύπτων,
1004 1891 1099 1944 καὶ
1140 1889 1466 1962 ἀνατρέπων
1504 1889 1604 1952 τὰς
1642 1905 1772 1958 τρα-

176 1982 380 2047 πέζας,
415 1982 509 2036 καὶ
535 1983 595 2036 τὸ
619 1984 825 2055 κέρμα,
857 1985 976 2055 ἦτοι
1009 1984 1070 2037 τὸ
1102 1983 1345 2054 νόμισμα
1379 1982 1486 2037 τῶν
1519 1981 1771 2035 κολλυϐι-

180 2075 351 2140 στῶν,
403 2076 633 2146 έκχέων,
684 2077 781 2131 καὶ
821 2076 969 2148 ἔργῳ
1001 2075 1626 2147 παρακεκινδυνευμένη)
1654 2074 1773 2126 επι-

177 2168 405 2239 χειρῶν.
438 2171 571 2239 ,Οὐκ
609 2169 677 2223 ἂν
713 2165 807 2224 οὖν
836 2172 864 2223 ό
890 2171 970 2233 είς
1022 2168 1268 2223 κίνδυνον
1318 2169 1527 2240 ῥίπτων
1578 2166 1772 2220 ἑαυτὸν

178 2260 327 2328 ὑπὲρ
356 2261 451 2315 τοῦ
486 2262 637 2315 οἴκου
688 2261 783 2315 τοῦ
815 2260 976 2326 Θεοῦ,
1034 2261 1274 2332 παρέλυε
1321 2261 1411 2313 τον
1457 2261 1621 2331 νόμον
1677 2259 1771 2313 τοῦ

177 2350 319 2407 Θεοῦ
352 2353 427 2415 ὡς
457 2352 723 2419 ἀντίθεος,
750 2352 887 2406 ἀλλά
915 2353 1132 2415 πάντως
1164 2353 1241 2418 ὡς
1270 2352 1398 2418 Υίὸς
1422 2352 1518 2417 ῶν,
1548 2354 1645 2407 καὶ
1673 2351 1771 2422 τὴν

179 2447 306 2517 ῑσην
349 2444 599 2511 ἐξουσίαν
641 2446 780 2516 ἔχων
828 2445 908 2517 τῷ
937 2445 1057 2516 Θεῷ
1101 2445 1198 2499 καὶ
1228 2447 1420 2517 [lat-pi,
1453 2446 1531 2518 τῷ
1560 2444 1774 2499 καὶτὸν

181 2539 317 2609 περὶ
345 2538 438 2592 τοῦ
476 2539 760 2593 Σαϐϐαῖον
794 2540 959 2611 νόμον
995 2541 1163 2594 δόντι.
1196 2539 1288 2591 Διὸ
1317 2539 1439 2593 οὐδὲ
1490 2535 1635 2592 εἶπε⁸
1668 2539 1773 2592 Τὸν

177 2626 329 2684 οἷκον
358 2630 452 2684 τοῦ
488 2631 646 2694 Θεοῦ,
673 2632 830 2697 ἀλλὰ,
856 2650 877 2684 ι
916 2632 1019 2688 Τὸν
1047 2630 1197 2686 οἶκον
1221 2632 1314 2686 τοῦ
1335 2633 1549 2704 Πατρός
1574 2650 1679 2703 μου
1699 2648 1712 2661 ’
1747 2652 1765 2686 ι

178 2722 447 2777 δεικνύων
483 2724 569 2778 ὅτι
604 2724 932 2793 ἐξουσιάζει,
963 2725 1040 2789 ὡς
1083 2725 1232 2790 Υἱὸς,
1270 2724 1382 2779 τῶν
1429 2725 1523 2778 τοῦ
1561 2726 1772 2797 [las-9o;

180 2815 424 2870 πάντων.
453 2816 820 2870 Κολλυϐισταὶ
850 2817 906 2871 δὲ
932 2817 1075 2871 εἰσὶν
1095 2819 1145 2872 οἱ
1169 2818 1238 2870 τὰ
1263 2816 1437 2871 λεπτά
1460 2817 1773 2889 νομίσματα

182 2905 516 2974 πωλοῦντες,
552 2908 674 2979 ἢτοι
707 2911 833 2974 τοὺς
872 2909 1175 2981 νούμμους.
1228 2909 1503 2974 Κόλλυϐος
1534 2911 1644 2984 γὰρ
1681 2909 1773 2965 λέ-

180 3015 340 3068 γεται
371 2998 433 3054 τὸ
462 3001 656 3055 λεπτόν
689 3001 932 3075 νόμισμα
967 3002 1095 3075 παρ’
1124 3002 1406 3075 Ἕλλησιν,
1439 3003 1469 3057 ὃ
1511 3003 1771 3075 Ῥωμαῖοι

1876 1886 2047 1956 legem
2078 1887 2149 1943 de
2185 1886 2425 1942 Sabbato
2476 1899 2761 1944 statuerat.
2800 1890 2922 1945 Ideo
2948 1900 3128 1946 autem
3173 1906 3279 1948 non
3325 1894 3467 1949 dixit
3502 1888 3507 1891 ⁷

1874 1979 2093 2032 ιΙοιιιιιιιι
2135 1978 2252 2045 Dei,
2281 1980 2376 2035 sed
2421 1997 2440 2031 ι
2470 1981 2690 2036 domum
2730 1981 2909 2038 Patris
2941 1985 3069 2045 mei.
3112 2003 3132 2037 ι
3167 1986 3464 2041 ostendens

1873 2069 2018 2138 quod
2066 2078 2391 2138 potestatem
2424 2071 2622 2126 habeat
2666 2073 2809 2128 sicut
2838 2073 3007 2129 Filius
3047 2077 3103 2129 in
3134 2078 3314 2132 omnia
3344 2093 3465 2147 quae

1875 2162 2053 2219 Patris
2087 2172 2266 2219 erant.
2302 2163 2660 2222 Nutnmularii
2692 2178 2897 2236 autem,
2929 2170 3023 2241 qui
3056 2180 3111 2225 et
3139 2169 3463 2242 collybista.

1874 2265 1999 2311 sunt
2023 2255 2076 2310 hi
2096 2258 2186 2327 qui
2208 2272 2372 2327 parva
2406 2259 2731 2315 nomismata
2758 2262 3017 2316 vendunt.
3043 2260 3296 2334 Cullybos
3318 2264 3464 2319 enim

1876 2350 2014 2416 apud
2051 2346 2271 2405 Graecos
2301 2350 2566 2404 minutum
2611 2353 2880 2406 numisma
2912 2364 3019 2418 est,
3049 2356 3196 2424 quod
3234 2355 3465 2411 [lorneui

1876 2456 2158 2496 nummum
2204 2452 2423 2496 vocant.
2468 2440 2623 2497 Multi
2673 2453 2855 2498 autem
2899 2460 2964 2499 ex
3014 2446 3365 2515 pontiﬁcibus
3409 2449 3464 2504 in

1874 2533 2019 2588 hunc
2076 2534 2294 2587 modum
2347 2545 2597 2604 peccant.
2660 2533 2797 2590 Nam
2845 2545 2901 2590 et
2952 2536 3054 2608 ipsi
3103 2540 3466 2608 negotiatores

1874 2629 2119 2682 vendunt
2158 2627 2321 2683 boves
2348 2627 2400 2683 in
2423 2629 2651 2691 ecclesia
2686 2647 2700 2684 :
2738 2629 2840 2686 hoc
2873 2639 2978 2696 est,
3015 2632 3108 2701 qui
3143 2643 3463 2702 praestanth

1875 2729 1999 2775 sunt
2028 2720 2080 2774 in
2114 2721 2278 2775 verho
2308 2722 2590 2790 doctrinae,
2623 2737 2728 2778 non
2773 2734 3082 2791 assumunt,
3116 2726 3211 2782 sed
3242 2730 3466 2783 tradunt

1876 2814 1962 2867 his
1993 2814 2083 2883 qui
2119 2813 2360 2885 amigere
2404 2816 2617 2872 volunt.
2673 2817 2900 2890 Insuper
2944 2828 2999 2875 et
3031 2833 3181 2885 oves.
3228 2821 3333 2877 hoc
3357 2804 3462 2888 est,

1875 2905 2266 2977 simpliciorem
2295 2918 2349 2963 et
2377 2922 2721 2966 communem
2748 2911 3006 2982 populum
3033 2929 3048 2967 :
3080 2923 3136 2969 et
3159 2913 3461 2983 columbas,

1876 2999 1979 3055 hoc
2005 3008 2107 3060 est.
2132 3001 2438 3071 spiritualia
2471 3002 2614 3058 dona
2651 3006 2910 3071 vendunt,
2943 3012 2997 3060 et
3026 3006 3258 3075 majores
3287 3008 3467 3079 digni-

180 3089 427 3163 νοῦμμον
480 3093 830 3165 ὀνομάζουσι.
899 3095 1094 3149 Πολλοὶ
1151 3098 1246 3150 καὶ
1303 3095 1415 3149 τῶν
1467 3097 1772 3169 ἀρχιερέων

1878 3101 2018 3149 tates
2048 3093 2338 3149 conferunt
2375 3095 2459 3151 his
2493 3095 2585 3165 qui
2617 3096 2772 3165 plura
2809 3097 2981 3152 dant:
3009 3114 3149 3169 quos
3200 3100 3464 3155 Dominus

182 3184 564 3255 ἁμαρτάνουσι
596 3186 845 3251 τοιαῦτα,
868 3183 961 3241 οἷα
982 3188 1103 3241 τότε
1126 3189 1176 3241 οί
1206 3186 1466 3260 κάπηλοι,
1496 3190 1624 3252 τοὺς
1643 3188 1773 3260 βόας

183 3275 494 3341 πωλοῦντες
524 3280 583 3331 ἐν
608 3280 676 3350 τῇ
724 3279 1041 3351 Ἐκκλησία,
1069 3281 1215 3350 λέγω
1257 3281 1344 3354 δὴ,
1372 3283 1500 3346 τοὺς
1529 3284 1589 3336 ὲν
1630 3282 1775 3355 λόγῳ

180 3369 553 3442 διδασκαλικῷ
586 3370 990 3443 διαπρέποντας
1025 3373 1101 3445 μὴ
1135 3374 1612 3446 περιποιούμενοι,
1657 3375 1774 3429 ἀλλ’

182 3460 485 3525 ἐκδιδόντες
517 3464 630 3525 τοῖς
665 3465 1004 3532 κακουργεῖν
1062 3464 1446 3535 βουλομένοις·
1489 3465 1626 3519 ἀλλά
1679 3464 1776 3518 καὶ

181 3552 255 3607 τὰ
290 3552 563 3624 πρόϐατα,
594 3553 685 3606 τὸν
719 3554 1084 3627 ἀφελέστερον
1130 3556 1224 3610 καί¹
1272 3556 1453 3610 κοινὸν
1480 3557 1631 3623 λαόν,
1679 3560 1776 3613 καὶ

179 3646 283 3709 τάς
326 3645 682 3717 περιστερὰς,
711 3647 782 3701 τά
830 3648 1178 3719 πνευματικά
1235 3666 1378 3721 φημι
1432 3651 1772 3722 χαρίσματα,

166 3716 612 3809 πιπράσκοντες,
647 3739 744 3792 καὶ
781 3740 908 3804 τοὺς
938 3739 1166 3796 πλείονά
1212 3741 1473 3807 διδόντας,
1501 3745 1615 3806 τοῖς
1655 3744 1778 3814 μεί-

183 3828 305 3894 ζοσι
335 3828 566 3902 βαθμοῖς
592 3831 1094 3900 ὲγκατατὰττοντες
1114 3848 1128 3863 ·
1165 3831 1263 3897 οὒς
1293 3834 1323 3887 ὁ
1344 3833 1557 3905 Κύριος
1579 3834 1777 3890 ἐκϐάλ-

183 3922 269 3975 λει
296 3922 391 3976 τοῦ
429 3922 599 3995 ἱεροῦ,
632 3923 888 3990 ἀναξίους
939 3925 1039 3997 τῆς
1085 3925 1502 3997 ἀρχιερωσύνης
1549 3926 1772 3999 κρίνων.

199 4014 365 4069 Ἀλλά
399 4015 500 4071 κᾶν
533 4033 617 4082 τις
649 4018 834 4089 κέρμα
866 4020 963 4072 καὶ
1013 4018 1282 4091 νόμισμα,
1313 4020 1431 4092 ἦτοι
1471 4020 1647 4090 δόγμα
1680 4022 1776 4075 καὶ

180 4109 360 4177 λόγον,
397 4110 576 4183 πωλῇ,
606 4111 703 4164 καὶ
726 4111 889 4184 τυχὸν
914 4112 1236 4177 διδάσκαλος
1257 4113 1354 4179 ὢν,
1385 4113 1446 4168 ού
1466 4113 1774 4182 καταγγέλ-

181 4201 268 4254 λει
314 4200 405 4256 τὸν
450 4201 631 4270 λόγον,
665 4205 714 4257 εί
747 4206 823 4274 μὴ
856 4203 1048 4275 κέρδος
1105 4204 1244 4276 ἔχει,
1294 4206 1391 4259 καὶ
1441 4205 1635 4259 τούτου
1675 4205 1776 4277 τὴν

181 4292 467 4367 τράπεζαν
505 4296 805 4368 ἀνατρέπει
833 4299 861 4351 ό
889 4299 1117 4368 Κύριος,
1145 4299 1237 4352 τὸν
1272 4298 1463 4371 θρόνον
1501 4298 1645 4368 λέγω
1672 4299 1776 4371 τῆς

136 4389 151 4409 ⁸
180 4391 563 4459 διδασκαλίας,
610 4394 710 4448 καὶ
757 4395 848 4448 τὸν
878 4394 1060 4464 λόγον,
1100 4391 1160 4445 ὃν
1187 4393 1394 4454 ἐκεῖνος
1446 4390 1661 4462 συνέχει
1688 4390 1776 4444 διὰ

1875 3186 2021 3256 ejicit
2045 3202 2077 3242 e
2104 3187 2323 3265 templo,
2353 3188 2872 3261 indignosjudicans
2902 3191 3227 3247 sacerdotio.
3255 3195 3323 3247 At
3349 3194 3465 3248 haee

1876 3278 1919 3333 si
1954 3280 2076 3348 quis
2114 3295 2189 3336 aes
2223 3289 2277 3335 et
2327 3297 2630 3348 nummum,
2684 3283 2786 3340 hoc
2830 3294 2935 3351 est,
2971 3292 3026 3341 et
3071 3301 3379 3344 sermonem
3408 3298 3466 3344 et

1876 3370 2069 3440 dogma
2101 3373 2322 3440 vendat,
2350 3384 2404 3429 et
2440 3373 2691 3431 fortassis
2733 3392 2858 3433 cum
2887 3379 2962 3433 sit
2988 3380 3198 3443 doctor,
3235 3394 3339 3436 non
3363 3397 3465 3437 an.

1876 3463 2094 3519 nuntiet
2136 3465 2388 3533 verbum,
2438 3467 2543 3522 nisi
2592 3467 2801 3523 lucrum
2859 3471 3089 3537 habeat,
3138 3472 3301 3527 etiam
3347 3473 3466 3546 ejus

1878 3571 2123 3613 mensam
2171 3559 2438 3614 subvertit
2485 3560 2769 3629 Dominus,
2806 3563 2991 3618 sedem
3030 3564 3154 3618 dico
3183 3566 3463 3632 doctrinm,

1877 3660 1932 3704 et
1961 3663 2268 3706 sermonem
2301 3667 2461 3723 quem
2505 3653 2595 3710 ille
2640 3654 2857 3711 cohibet
2898 3665 3121 3727 propter
3170 3645 3464 3726 malitiam,

1879 3741 2040 3814 537
2093 3759 2198 3800 non
2237 3747 2373 3801 dans
2405 3745 2557 3801 illum
2597 3748 2850 3805 omnibus
2880 3763 3039 3818 quem
3074 3748 3336 3807 Dominus
3373 3752 3465 3809 Je-

1878 3849 1970 3892 sus
1991 3851 2087 3905 per
2103 3838 2535 3894 misericordiam
2558 3838 2806 3907 eﬁ‘undit,
2830 3843 3152 3914 populisque
3173 3845 3290 3913 dat,
3314 3847 3465 3902 illum

1878 3928 2096 3998 quidem
2125 3944 2154 3983 a
2179 3930 2488 3999 principatu
2524 3932 2806 4002 dejiciens,
2841 3943 2896 3990 et
2925 3936 3091 3991 alium
3127 3937 3179 3992 in
3206 3941 3466 3996 doctrina:

1878 4021 2060 4076 sedem
2086 4022 2381 4078 collocans.
2404 4023 2696 4081 Recordati
2719 4037 2847 4083 sunt
2870 4038 3048 4084 autem
3073 4030 3328 4102 discipuli
3345 4032 3466 4104 ejus

1878 4115 2021 4186 quod
2051 4117 2314 4185 scriptum
2341 4118 2433 4184 sit,
2464 4136 2483 4170 ι
2519 4110 2897 4178 Ζειυεόοηιυε
2922 4130 3029 4179 tuae
3048 4126 3286 4182 comedit
3311 4143 3417 4182 tne.
3440 4146 3460 4181 ι

1879 4206 2143 4264 Paulatim
2161 4211 2301 4266 enim
2329 4212 2660 4269 incrementa
2680 4215 2805 4291 boni
2836 4228 3135 4293 sumentes,
3151 4229 3204 4275 et
3223 4217 3468 4293 Scriptu-

1880 4315 2062 4356 rarum
2093 4306 2474 4371 recordantur,
2504 4307 2648 4363 unde
2673 4308 2983 4365 testimonia
3010 4312 3342 4384 recipiendo,
3368 4314 3468 4369 ﬂr-
3558 4370 3563 4373 _

1883 4393 2110 4449 miorem
2148 4396 2212 4451 de
2243 4395 2467 4455 Christo
2519 4401 2804 4457 scientiam
2837 4404 2980 4474 apud
3010 4420 3070 4462 se
3104 4408 3466 4465 constituunt.

182 4487 413 4554 κακίαν,
443 4488 521 4561 μὴ
544 4488 719 4554 διδοὺς
748 4489 913 4544 αὐτὸν
947 4489 1139 4552 πᾶσιν,
1172 4487 1231 4540 ὃν
1262 4489 1290 4542 ό
1319 4488 1524 4558 Κύριος
1600 4487 1809 4558 Ἰησοῦς
1856 4489 2040 4560 έκχέει
2082 4492 2171 4546 διὰ
2218 4492 2657 4569 φιλανθρωπίαν,
2702 4498 2801 4554 καὶ
2866 4503 2981 4569 τοῖς
3025 4502 3175 4577 λαοῖς
3225 4489 3467 4573 δίδωσιν,

181 4582 398 4637 ἐκεῖνον
454 4580 553 4652 μὲν
602 4579 899 4651 παραλύων
957 4578 1058 4648 τῆς
1109 4578 1311 4650 ἀρχῆς,
1371 4578 1532 4632 ἄλλον
1578 4577 1635 4632 δὲ
1682 4578 1772 4633 τὸν
1811 4581 1963 4649 ἄξιον
2013 4582 2111 4659 ἑτι).Δ
2165 4582 2258 4638 τὸν
2321 4583 2424 4656 τῆς

190 4671 584 4749 Ἐμνήσθησαν
607 4675 665 4729 δὲ
689 4676 739 4728 oi
772 4674 1034 4746 μαθηταὶ,
1060 4674 1144 4728 ὅτι
1171 4674 1563 4745 γεγραμμένον
1626 4675 1774 4729 ἐστίν
1794 4691 1808 4707 ’

184 4772 366 4845 βραχὺ
397 4771 509 4844 γὰρ
545 4770 646 4842 τὴν
675 4772 770 4825 ἐπὶ
797 4771 859 4825 τὸ
890 4772 1140 4841 κρεῖττον
1190 4770 1434 4824 ἐπίδοσιν
1504 4769 1899 4840 λαμϐάνοντες,
1969 4773 2070 4845 ἤδη
2097 4775 2191 4828 καὶ
2251 4775 2360 4830 τῶν
2430 4777 2469 4830 Γ
2473 4778 2662 4849 ραφῶν
2705 4781 3240 4855 ἀναμιμνήσκονται,
3282 4786 3468 4840 κάκεῐ-
3564 4804 3565 4807 ‘

2510 4586 2861 4653 διδασκαλίας
2954 4590 3143 4661 θρόνον
3204 4594 3467 4659 καθίζων.

1868 4683 1916 4729 ἰ
1967 4677 2026 4731 Ὅ
2076 4676 2378 4755 ζῆλοςιτοῦ
2428 4681 2580 4736 οἴκου
2634 4702 2728 4739 σου
2786 4686 3066 4758 κατέφαγε
3114 4705 3204 4761 με.
3248 4709 3268 4742 ι
3310 4691 3469 4746 Κατὰ

178 4864 279 4920 θεν
318 4866 420 4929 τὰς
469 4864 777 4936 μαρτυρίας
828 4863 1222 4934 λαμϐάνοντες,
1278 4862 1628 4935 βεϐαιοτέραν
1672 4863 1771 4935 τὴν
1812 4866 1944 4939 περὶ
1972 4867 2208 4937 Χριστοῦ
2236 4867 2439 4937 γνῶσιν
2465 4872 2799 4929 καθιστῶσιν
2838 4876 3074 4942 ἑαυτοῖς.

258 4984 284 5020 ε
323 4963 731 5036 Ἀπεκρίθησαν
762 4958 859 5017 οὖν
892 4963 942 5016 oi
981 4960 1247 5028 Ἰουδαῖοι,
1284 4962 1382 5015 καὶ
1411 4956 1567 5014 εἷπον
1589 4959 1738 5032 αὐτῷ
1759 4977 1774 4993 ο

1957 4963 2122 5023 Vens.
2158 4967 2345 5025 18-22.
2380 4987 2399 5021 ι
2433 4968 2851 5041 ReSponderunt
2886 4987 3016 5044 ergo
3047 4972 3248 5043 Judaei,
3285 4987 3340 5032 et
3371 4978 3470 5034 di-

178 5057 252 5114 Τί
284 5058 512 5129 σημεῖον
545 5054 811 5120 δεικνύεις
851 5056 1005 5126 ἡμῖν,
1040 5054 1147 5122 an)
1177 5053 1352 5108 ταῦτα
1400 5055 1609 5122 ποιεῖς;
1651 5054 1786 5108 ’Δπ-

178 5149 384 5221 εκρίθη
417 5150 446 5203 ό
484 5146 714 5220 Ἰησοῦς,
747 5148 844 5202 καὶ
865 5136 1255 5211 εἶπεναῦτοῖςο
1288 5145 1501 5201 Λύσατε
1525 5146 1618 5199 τὸν
1647 5145 1776 5201 ναίον

96 5257 121 5281 θ
176 5232 400 5309 τοῦτον,
432 5240 530 5295 καὶ
555 5242 614 5293 ὲν
635 5243 814 5313 τρισὶν
855 5240 1100 5311 ἡμέραις
1131 5237 1311 5310 ἐγερῶ
1359 5237 1545 5294 αὐτόν.
1608 5234 1780 5313 Εἶπον

181 5333 279 5389 οὖν
313 5333 365 5386 οί
409 5331 694 5386 Ἰουδαῖοι·
728 5333 1152 5405 Τεσσαράκοντα
1192 5329 1290 5384 καὶ
1323 5327 1382 5395 ἓξ
1415 5329 1594 5383 ἔτεσιν
1635 5328 1777 5401 ᾠκο-

176 5424 405 5495 δομήθη
436 5425 464 5477 ὁ
488 5422 614 5487 ναὸς
642 5416 818 5491 οὗτος,
859 5425 956 5480 καὶ
986 5424 1051 5477 σὺ
1076 5424 1136 5478 ὲν
1162 5422 1343 5493 τρισὶν
1377 5421 1617 5495 ἡμέραις
1648 5424 1775 5493 ὲγε-

190 5519 311 5588 ρεῖς
350 5516 555 5582 αὐτόνς
598 5516 837 5580 Ἐκεῖνος
883 5516 943 5571 δὲ
991 5516 1149 5585 ἔλεγε
1187 5516 1317 5588 περὶ
1344 5516 1437 5570 τοῦ
1492 5515 1623 5589 ναοῦ
1679 5515 1774 5572 τοῦ

187 5611 449 5680 σώματος
488 5608 678 5664 αὐτοῦ.
708 5609 841 5663 Ὅτε
864 5608 958 5666 οὖν
981 5608 1190 5682 ἠγέρθη
1230 5612 1295 5664 ὲκ
1347 5609 1580 5682 νεκρῶν,
1615 5610 1779 5680 iuvi;-

184 5703 405 5773 σθησαν
431 5702 482 5755 οι
520 5701 764 5773 μαθηταὶ
792 5701 982 5769 αὐτοῦ,
1016 5703 1100 5756 δτι
1140 5701 1299 5757 τοῦτο
1352 5701 1541 5772 ἔλεγεν
1570 5701 1778 5770 αὐτοῖς,

184 5795 289 5853 καὶ
312 5793 649 5854 ὶπίστευσαν
690 5800 759 5871 τῇ
784 5796 1004 5871 Γραφῇ,
1029 5797 1126 5853 καὶ
1155 5796 1235 5869 τῷ
1280 5795 1427 5871 λόγῳ
1468 5789 1513 5868 ᾧ
1546 5790 1702 5852 εἶπεν
1751 5796 1781 5850 ό

1883 5068 2085 5114 xerunt
2114 5060 2164 5116 ei
2194 5077 2211 5119 :
2246 5060 2403 5129 Quod
2439 5065 2652 5135 signum
2681 5066 2925 5127 ostendis
2983 5067 3142 5123 nobis
3175 5068 3318 5139 quod
3359 5069 3466 5127 ista

1881 5149 2087 5208 facias?
2142 5150 2447 5225 Respondit
2494 5156 2678 5223 Jesus,
2731 5171 2787 5215 et
2854 5155 2992 5213 dixit
3027 5159 3159 5215 eis:
3198 5163 3467 5223 Destruite

1883 5244 2140 5314 templum
2186 5246 2312 5313 hoc,
2357 5257 2412 5331 et
2452 5248 2504 5303 in
2559 5249 2733 5333 tribus
2792 5249 2992 5307 diebus
3032 5251 3242 5322 erigam
3269 5262 3291 5329 1‘
3300 5254 3462 5333 illud.

1879 5334 2144 5394 Dixerunt
2175 5355 2306 5412 ergo
2336 5339 2506 5397 Judaei
2530 5358 2544 5397 :
2568 5339 2939 5416 Quadraginta
2972 5356 3068 5400 sex
3100 5344 3256 5403 annis
3276 5358 3465 5403 extru-

1882 5437 2026 5483 ctum
2066 5439 2150 5485 est
2185 5430 2445 5501 templum
2468 5432 2589 5496 hoc,
2618 5441 2670 5486 et
2698 5440 2753 5485 tu
2780 5434 2834 5487 in
2876 5433 3048 5488 tribus
3072 5433 3269 5491 diebus
3287 5436 3466 5507 erige:

1881 5520 2054 5576 illud?
2082 5520 2152 5576 At
2178 5521 2267 5576 ille
2290 5523 2503 5584 dicebat
2525 5523 2594 5580 de
2634 5527 2836 5594 templo
2866 5527 3114 5596 corporis
3163 5529 3272 5585 sui.
3323 5527 3465 5586 Cum

1882 5624 2013 5680 ergo
2045 5609 2438 5667 resurrexisset
2466 5628 2496 5666 a
2532 5613 2786 5683 mortuis,
2819 5617 3092 5673 recordati
3124 5626 3254 5674 sunt
3300 5619 3464 5675 disci.

1884 5701 1995 5771 puli
2035 5701 2153 5772 ejus
2210 5700 2352 5772 quod
2394 5701 2495 5757 hoc
2525 5703 2778 5773 dixisset,
2824 5715 2880 5762 et
2919 5706 3271 5763 crediderunt
3315 5703 3464 5765 Serio

1885 5804 2081 5869 pturae,
2108 5806 2165 5854 et
2190 5797 2432 5857 sermoni
2466 5811 2628 5872 quem
2663 5798 2874 5859 dixerat
2899 5797 3078 5859 Jesus.
3117 5816 3138 5855 ι
3162 5796 3460 5878 Postquam
