3920 6572
169 494 293 568 1205

824 458 1269 567 ENARRATiO
1309 506 1393 567 ΙΝ
1422 505 1923 571 EVANGELIUM
1971 506 2310 570 JOANNIS.
2339 530 2407 544 -
2430 506 2589 570 CAP.
2628 506 2742 569 ῐίῐ.

3259 504 3396 573 1206

165 618 451 689 γεννῆσαι,
480 618 747 693 ἐρωτήσω
789 621 984 691 κάγώ’
1015 622 1142 687 Πῶς
1193 624 1256 677 τὸ
1304 623 1552 697 σπέρμα,
1602 625 1725 680 ὕδα-

1856 623 2246 683 ransiormari?
2274 626 2445 698 Igitur
2471 626 2615 683 sicut
2667 623 3018 699 incorporali
3064 624 3274 683 semine
3317 638 3400 685 to-

164 706 319 771 τῶδες
356 705 418 763 δν
454 710 553 785 καῖ
587 710 743 777 αὐτὸ,
779 711 1006 767 δύναται
1038 714 1121 779 είς
1158 713 1446 786 ἄνθρωπον
1496 717 1725 771 διαπλα-

169 798 379 870 σθῆναις
412 799 628 874 Ὠσπερ
661 801 754 857 οῦν
781 805 874 858 ἐπὶ
899 804 995 858 τοῦ
1021 806 1347 876 σωματικοῦ·
1382 806 1720 879 σπέρματος,

167 892 225 944 τὸ
248 893 371 955 πᾶν,
400 893 503 964 τῆς
530 894 625 948 τοῦ
669 895 808 949 Θεοῦ
839 897 1064 970 χάριτός
1109 898 1261 953 ἐστιν
1292 889 1319 932 ”
1339 899 1484 955 οὕτω
1518 902 1614 956 καὶ
1636 903 1730 958 ἐπὶ

165 984 254 1037 τοῦ
276 982 673 1056 βαπτίσματος,
699 986 845 1060 ὕδωρ
876 989 1183 1045 ὑπόκειται.
1228 992 1386 1047 Ἀλλά
1415 993 1477 1047 τδ
1506 992 1730 1066 Πνεῦμα

168 1075 232 1127 τὰ
260 1075 434 1131 πάντα
462 1078 699 1148 ἐνεργεῖ,
736 1081 886 1151 καὶὴ
946 1082 1037 1136 διὰ
1062 1083 1170 1137 τῶν
1202 1084 1378 1157 εὐχῶν
1419 1086 1726 1159 ἐπίκλησις,

168 1164 258 1218 τοῦ
284 1166 416 1220 Θεοῦ
450 1166 508 1220 δὲ
543 1168 748 1237 μᾶλλον
780 1172 1077 1242 παρουσία.
1105 1174 1297 1244 Ταφῆς
1320 1173 1431 1247 γὰρ
1456 1174 1551 1232 καὶ
1599 1176 1727 1229 ἀνα-

172 1256 400 1320 στάσεως
446 1258 691 1329 σύμὸο).α
721 1262 815 1314 καὶ
845 1262 1010 1316 είκὼν
1056 1265 1118 1316 ὲν
1149 1265 1229 1335 τῷ
1253 1265 1407 1319 ὕδατι
1432 1264 1608 1338 τούτῳ
1635 1284 1725 1320 τε-

171 1347 354 1403 λεῖται.
383 1351 447 1402 Δί
490 1352 641 1420 τρεῖς
684 1352 1029 1418 καταδύσεις,
1059 1355 1159 1424 τῆς
1203 1356 1505 1429 τριημέρου
1548 1358 1729 1429 ταφῆς

1831 727 1941 773 tum
1970 727 2053 775 est
2078 717 2267 789 gratim
2296 717 2513 785 divinae,
2550 717 2622 772 ita
2655 726 2710 773 et
2758 718 2815 773 in
2877 717 3206 787 baptismate
3259 732 3399 789 aqua

1831 810 2048 867 subdita
2076 818 2180 879 est,
2211 820 2264 866 et
2290 809 2529 883 Spiritus
2544 813 2723 865 omnia
2752 819 3027 879 operatur,
3049 821 3104 866 et
3134 809 3402 867 invocatio

1833 919 1929 975 per
1967 920 2175 975 preces,
2210 904 2322 959 imo
2358 903 2450 960 Dei
2497 901 2803 974 praesentia.
2845 902 3098 975 Symbola
3131 903 3278 958 enim
3312 917 3402 959 se-

1835 996 2064 1065 pultura:
2094 1005 2147 1051 et
2181 995 2593 1054 resurrectionis
2621 996 2672 1051 in
2706 1010 2841 1064 aqua
2880 996 2967 1052 illa
3021 994 3399 1067 perﬁciuntur.

1836 1087 1971 1144 Tres
1996 1090 2291 1145 mersiones
2319 1089 2582 1144 triduana:
2606 1088 2895 1158 sepultura:
2933 1089 3175 1160 symbola
3233 1099 3361 1144 sunt
3382 1106 3409 1142 :.

1835 1179 2031 1235 deinde
2061 1182 2291 1252 emergit
2330 1181 2514 1249 homo,
2569 1181 2711 1236 sicut
2737 1179 3020 1244 Dominus,
3072 1178 3326 1251 fulgidior
3348 1191 3404 1235 et

1836 1269 2055 1337 clarior,
2114 1270 2539 1343 incorruptionis
2594 1270 2774 1327 ferens
2823 1254 3160 1338 indumenta,
3197 1272 3288 1341 qui
3350 1272 3402 1326 in

1835 1374 1973 1432 aqua
2007 1361 2405 1431 corruptionem
2438 1361 2772 1417 summersit.

171 1443 402 1509 σύμδολα
432 1460 445 1475 ·
469 1440 591 1499 εἶτα
614 1446 867 1501 ἀναδύνει
897 1450 927 1502 6
955 1448 1241 1519 ἅνθρωπος
1271 1452 1464 1523 ὥσπερ
1486 1454 1514 1507 6
1584 1453 1813 1525 Κύριος,
1847 1454 2234 1529 λαμπρότερον
2281 1457 2377 1511 καὶ
2420 1456 2773 1529 φαιδρότερον
2843 1456 2907 1511 τὸ
2949 1458 3049 1529 τῆς
3097 1455 3407 1529 ἀφθαρσίας

171 1535 368 1607 ἔνδυμα
400 1538 604 1609 φορῶν,
633 1540 729 1593 καὶ
775 1540 875 1612 τὴν
919 1542 1127 1613 φθορὰν
1170 1544 1609 1613 ἑγκαταδυθίσας
1659 1548 1738 1621 τῷ
1766 1546 1942 1605 ὕδατι.

243 1645 261 1678 ι
286 1629 358 1682 T6
383 1632 782 1701 γεγεννημένον
806 1636 869 1686 ὲκ
889 1637 990 1705 τῆς
1026 1638 1250 1708 σαρκὸς,
1283 1639 1421 1711 σάρξ
1448 1640 1565 1694 ἐστι
1599 1657 1614 1673 ο
1637 1643 1736 1695 καὶ

170 1720 229 1772 τὸ
256 1722 649 1793 γεγεννημένον
698 1726 762 1778 ἐκ
809 1725 905 1779 τοῦ
927 1728 1269 1800 Πνεύματος,
1315 1731 1539 1801 πνεῦμά
1588 1735 1726 1788 ἐστι.

1913 1642 2079 1700 Vsus.
2108 1643 2227 1700 6-8.
2264 1664 2283 1698 ι
2311 1643 2462 1712 Quod
2505 1653 2689 1701 natum
2720 1653 2803 1702 est
2832 1645 2884 1700 in
2910 1658 3094 1711 carne,
3128 1659 3256 1700 caro
3278 1653 3362 1700 est
3388 1662 3405 1700 :

1843 1746 1898 1792 et
1930 1740 2071 1808 quod
2098 1747 2281 1793 natum
2313 1748 2392 1794 cst
2417 1754 2485 1794 ex
2508 1737 2736 1808 Spiritu,
2766 1738 2988 1811 spiritus
3010 1747 3112 1794 est.
3129 1734 3209 1791 Ne
3236 1737 3409 1793 admi-

170 1812 258 1915 ήίὴ
283 1813 588 1887 θαυμάσῃς,
633 1817 716 1871 ὅτι
769 1812 924 1873 εῐπόν
972 1837 1076 1888 σοι,
1117 1822 1200 1876 ὃτι
1228 1824 1311 1879 δεῖ
1360 1827 1505 1897 ὑμᾶς
1542 1843 1736 1900 γεννη-

1855 1830 1980 1885 reris
2038 1830 2180 1901 quod
2220 1830 2356 1895 dixi,
2414 1830 2639 1899 Oportet
2691 1845 2787 1886 vos
2850 1828 2996 1885 nasci
3047 1845 3080 1886 e
3136 1827 3406 1899 supernis.

169 1902 325 1975 θῆναι
352 1906 577 1962 ἀνωθεν.
614 1910 689 1963 T6
716 1911 934 1983 πνεῦμα
965 1913 1099 1969 ὅπου
1129 1915 1296 1979 θέλει,
1333 1921 1479 1982 πνεῖ,
1517 1920 1613 1973 καὶ
1637 1920 1738 1992 τήν

169 1998 350 2068 φωνήν
378 1999 542 2054 αύτοῦ
577 2002 819 2069 ἀκούεις,
849 2005 965 2059 ἀλλ’
994 2007 1095 2059 οὐκ
1118 2003 1266 2072 οἶδας
1298 2010 1465 2063 πόθεν
1492 2009 1734 2082 ἔρχεται,

169 2088 267 2141 καὶ
303 2087 403 2141 ποῦ
431 2088 658 2159 ύπάγει.
689 2091 877 2156 Οὕτως
910 2095 1025 2148 ἐστὶ
1057 2097 1163 2159 πᾶς
1192 2098 1219 2149 ὁ
1251 2098 1645 2168 γεγεννημένος
1675 2100 1739 2153 ὲκ

170 2179 266 2234 τοῦ
298 2180 631 2253 Πνεύματος.
667 2203 686 2236 ι
744 2185 1001 2253 Ἀπάγων
1025 2186 1117 2240 τὸν
1140 2188 1453 2259 Νικόδημον
1482 2192 1511 2244 6
1537 2189 1740 2263 Κύριος

170 2272 280 2326 ἀπὸ
313 2274 411 2342 τῆς
454 2276 723 2346 σαρκικῆς
750 2278 1078 2347 γεννήσεως,
1114 2280 1247 2350 φησί
1277 2296 1292 2311 ο
1328 2298 1346 2330 ι
1384 2281 1458 2334 T6
1482 2298 1742 2354 γεγεννη-

175 2365 332 2435 μένον
358 2366 424 2419 ὲκ
443 2366 541 2437 τῆς
563 2368 785 2439 σαρκὸς,
819 2369 956 2441 σάρξ
981 2371 1098 2424 ἐστι
1126 2385 1138 2400 ·
1168 2372 1229 2425 τὸ
1254 2373 1313 2428 δὲ
1342 2375 1742 2448 γεγεννημένον

170 2458 239 2512 ἐκ
260 2458 349 2512 τοῦ
372 2459 706 2531 Πιεύματος,
732 2462 949 2534 πνεῦμα
975 2482 994 2516 ι
1034 2482 1047 2495 ·
1068 2464 1335 2529 τουτέστι,
1372 2468 1744 2539 πνευματικός

171 2548 317 2601 ἐστιν
348 2549 377 2602 6
421 2548 707 2621 ἄνθρωπος
752 2553 781 2606 6
828 2559 1226 2627 γεγεννημένος
1273 2556 1363 2611 διὰ
1408 2558 1503 2613 τοῦ
1544 2557 1740 2629 βαπτί-

172 2655 416 2711 σματος·
463 2641 523 2695 τὸ
572 2642 682 2715 γὰρ
732 2644 976 2717 πνεῦμα,
1013 2647 1133 2701 ἀντὶ
1184 2649 1301 2716 τοῦ,
1352 2651 1744 2722 πνευματικὸς,

172 2737 411 2807 ὀφείλεις
436 2740 648 2812 νοῆσαι.
678 2742 752 2796 Οὐ
777 2743 887 2815 γὰρ
922 2742 988 2816 δὴ
1017 2745 1244 2816 Πνεῦμα
1271 2745 1418 2801 θεῖον
1462 2746 1673 2817 γίνεται
1716 2748 1747 2803 6

181 2828 521 2901 βαπτισθεὶς,
569 2833 710 2888 ἀλλὰ
762 2835 861 2907 τὴν
913 2836 971 2889 ὲν
1010 2837 1290 2914 Πνεύματι
1330 2838 1607 2895 υἱοθεσίαν
1654 2840 1749 2896 καὶ

172 2921 334 2993 χάριν
356 2923 448 2978 καὶ
470 2926 636 2996 τιμὴν
664 2926 865 2994 λαϐὼν,
896 2928 990 2982 τοῦ
1026 2932 1397 3001 πνευματικὸς
1438 2926 1583 2989 εἶναι
1616 2950 1750 2988 κατ-

171 3013 442 3081 ἀξιοῦται.
487 3016 661 3088 Ὀρῶν
702 3018 758 3073 δὲ
800 3020 894 3076 τὸν
912 3022 1227 3093 Νικόδημον
1249 3024 1749 3099 ἕτιθορυὸούμενον

170 3107 312 3177 φησί
341 3123 357 3140 '
400 3127 420 3161 ι
459 3109 550 3181 Μὴ
586 3110 893 3186 θαυμάσῃς.
941 3133 961 3166 ι
993 3110 1128 3170 Εἶτα
1157 3116 1263 3171 ἀπὸ
1282 3117 1543 3189 αἰσθητοῦ
1566 3138 1748 3193 παρα-

1843 1921 2077 1991 Spiritus
2110 1922 2198 1976 ubi
2236 1919 2347 1975 vult
2376 1922 2567 1990 spirat,
2597 1929 2653 1975 et
2701 1935 2887 1977 vocem
2928 1919 3045 1990 ejus
3089 1920 3264 1984 audis,
3316 1917 3410 1975 sed

1842 2014 2021 2079 nescis
2055 2013 2195 2067 unde
2223 2012 2425 2077 veniat,
2459 2022 2513 2067 et
2551 2026 2658 2079 quo
2686 2012 2869 2068 vadat.
2894 2010 2985 2067 Sic
3016 2018 3103 2067 est
3124 2010 3303 2065 onmis
3320 2009 3411 2079 qui

1843 2117 2001 2161 natus
2029 2113 2112 2161 est
2135 2120 2197 2160 cx
2234 2103 2463 2174 Spiritu.
2503 2123 2522 2156 ι
2560 2104 2853 2160 Abducens
2883 2103 3144 2159 Dominus
3181 2100 3416 2157 Nicode-

1843 2212 1990 2252 mum
2025 2196 2279 2252 acarnali
2308 2196 2614 2263 nativitate,
2644 2196 2816 2251 dicit:
2854 2213 2875 2248 ι
2917 2194 3074 2262 Quod
3104 2204 3290 2250 natum
3330 2198 3417 2249 est

1843 2303 1911 2343 ex
1943 2302 2129 2354 carne,
2153 2303 2281 2344 caro
2311 2295 2424 2355 est;
2472 2295 2527 2342 et
2560 2287 2704 2358 quod
2747 2295 2931 2343 natum
2971 2296 3147 2344 estex
3185 2286 3413 2356 Spiritu,

1844 2382 2067 2453 spiritus
2089 2394 2191 2438 est.
2222 2400 2241 2435 ι
2282 2379 2395 2436 [loc
2415 2390 2519 2448 est,
2548 2380 2844 2450 spiritualis
2873 2390 2957 2437 est
2984 2379 3171 2445 homo,
3196 2379 3287 2449 qui
3322 2394 3419 2433 na-

1846 2484 1933 2533 tus
1962 2486 2042 2531 est
2070 2491 2167 2547 per
2200 2475 2547 2546 baptismum.
2580 2473 2685 2530 Per
2735 2473 2986 2546 spiritqu
3032 2473 3201 2541 enim,
3244 2471 3417 2542 spiri-

1848 2567 2047 2625 tualem
2073 2567 2375 2639 intelligere
2392 2568 2577 2624 debcs.
2608 2565 2792 2637 Neque
2834 2568 2980 2623 enim
3010 2562 3248 2634 Spiritus
3282 2564 3420 2619 divi-

1847 2677 1951 2717 nus
1992 2660 2051 2716 ilt
2092 2652 2424 2732 baptizatus,
2453 2661 2550 2717 sed
2603 2676 2726 2715 cum
2773 2658 3117 2730 adoptionem
3187 2657 3419 2714 ﬁliorum

1849 2752 1903 2809 in
1942 2750 2177 2821 Spiritu,
2208 2762 2260 2806 et
2289 2753 2519 2824 gratiam
2546 2762 2601 2809 et
2632 2753 2897 2808 honorem
2928 2751 3257 2822 susceperit,
3307 2749 3421 2821 spi-

1849 2846 2063 2904 ritualis
2107 2861 2230 2903 csse
2277 2856 2540 2904 meretur.
2588 2844 2791 2907 Videtis
2827 2855 3010 2902 autem
3065 2842 3419 2901 Nicodemum

1850 2942 2027 2998 adhuc
2064 2938 2391 3010 perturbari,
2433 2939 2605 2995 dicit:
2666 2955 2686 2991 ι
2733 2936 2812 2994 Ne
2869 2937 3104 2993 mireris.
3150 2954 3171 2990 ι
3215 2935 3422 2992 Deinde

1850 3016 2091 3090 sensibili
2108 3032 2352 3103 exemplo
2368 3030 2563 3089 docere
2580 3046 2701 3088 eum
2724 3038 2807 3087 ten
2818 3037 2893 3086 tat
2908 3046 2922 3083 :
2956 3047 2976 3082 ι
3003 3026 3236 3099 Spiritus
3252 3027 3393 3082 enim
3405 3065 3421 3093 ,

1854 3125 2052 3199 inquit,
2079 3126 2168 3183 ubi
2218 3125 2356 3195 vult,
2394 3124 2585 3194 spirat.
2622 3142 2643 3178 ι
2688 3124 2735 3179 Δ
2778 3131 2961 3188 vento,
3015 3119 3214 3192 inquit,
3270 3120 3423 3176 disce

171 3199 467 3271 δείγματος
508 3206 770 3276 πειρᾶται
811 3206 1086 3262 διδάσκειν
1130 3208 1316 3265 αὐτόν.
1370 3230 1389 3263 ι
1424 3212 1497 3266 T6
1529 3212 1747 3287 πνεῦμα

1855 3219 2085 3288 majora:
2136 3218 2336 3274 Ventus
2370 3218 2540 3283 enim,
2599 3230 2757 3287 quem
2814 3217 2917 3271 hoc
2987 3215 3111 3273 loco
3171 3214 3423 3286 spiritum

169 3291 309 3362 γὰρ,
331 3293 518 3363 φησὶν,
549 3297 684 3350 ὅπου
717 3296 883 3363 θέλει,
916 3301 1063 3356 πνεῖ.
1103 3319 1122 3354 ι
1170 3301 1302 3356 Ἀπὸ
1338 3303 1563 3375 ἀνέμου,
1594 3306 1750 3378 φησὶ,

174 3387 419 3456 μάνθανε
466 3389 535 3445 τὰ
594 3392 836 3461 μείζονα.
879 3394 936 3448 '0
992 3396 1101 3469 γὰρ
1152 3397 1354 3470 ἄνεμος
1389 3398 1601 3470 (τοῦτον
1634 3400 1745 3471 γὰρ

171 3482 415 3538 ἐνταῦθά
442 3502 577 3554 φησι
606 3487 847 3559 πνεῦμα)
902 3490 1036 3544 ὅπου
1086 3489 1254 3558 θέλει,
1315 3496 1481 3546 πνεῖ·
1520 3494 1615 3548 καὶ
1659 3494 1755 3551 τὸν

166 3568 311 3645 ἦχον
341 3574 502 3628 αὐτοῦ
527 3576 766 3644 ἀκούεις,
798 3579 914 3633 ἀλλ’
939 3581 1089 3648 ὅμως
1127 3581 1230 3635 οὐκ
1267 3577 1414 3647 οἶδας
1450 3584 1550 3655 τὴν
1576 3584 1753 3656 φορὰν

170 3667 373 3733 αὐτοῦ.
408 3667 735 3735 ’Λκάθεκτος
790 3671 900 3745 γάρ
962 3675 1103 3741 ἐστι,
1152 3673 1247 3730 καὶ
1314 3674 1755 3740 ἀκώλυτος,.καὶ

170 3764 381 3833 φυσικῇ
411 3761 626 3835 ἐξουσίᾳ
656 3764 755 3836 τὴν
779 3763 1101 3837 ὁποιδήποτε
1127 3765 1307 3839 ὁρμὴν
1340 3766 1476 3837 ἔχει.
1534 3768 1607 3822 Τὸ
1672 3768 1752 3831 δὲ.

176 3871 203 3909 ι
240 3853 415 3908 Ὅπου
448 3853 593 3908 θέλει
635 3858 776 3921 πνεῖ,
824 3875 843 3908 ι
887 3858 1073 3927 φησὶν,
1106 3859 1205 3930 οὐχ
1237 3858 1313 3922 ὡς
1358 3858 1752 3931 προαιρετικοῦ

167 3943 332 4010 ὖντος
356 3945 450 4000 τοῦ
475 3948 699 4018 ἀνέμου,
724 3947 819 4002 καὶ
837 3947 1053 4020 θέλησιν
1074 3948 1309 4021 ἔχοντος,
1337 3950 1454 4004 ἀλλ’
1497 3951 1571 4013 ὡς
1592 3953 1751 4024 ἔφην,

169 4038 282 4108 τὴν
312 4038 419 4091 ἀπὸ
444 4037 658 4109 φύσεως
688 4040 837 4112 αύτῷ
861 4041 1171 4113 προσοῦσαν
1219 4042 1393 4113 φορὰν
1420 4045 1514 4098 καὶ
1540 4042 1755 4099 ἀκώλυ-

169 4147 272 4183 τον
295 4129 540 4195 ἐξουσίαν
574 4132 744 4200 δεῖξαι
771 4132 1117 4205 βουλόμενος.
1156 4135 1219 4188 Εἰ
1264 4132 1359 4190 οὖν
1389 4136 1482 4190 τὸν
1526 4136 1753 4208 ἄνεμον,

172 4221 343 4275 τοῦτο
371 4222 435 4292 δή
467 4224 529 4277 τδ
577 4225 829 4296 αἰσθήσει
879 4225 1187 4281 ὑποπίπτον
1217 4227 1464 4298 πνεῦμα,
1516 4227 1753 4298 ἀγνοεῖς,

174 4313 303 4379 πῶς
337 4314 431 4368 καὶ
458 4314 562 4369 ποῦ
590 4319 733 4385 πνεῖ,
772 4317 888 4382 πῶς
915 4317 1015 4390 τὴν
1042 4318 1153 4373 ἀπὸ
1182 4319 1276 4373 τοῦ
1315 4319 1461 4374 θείου
1494 4318 1756 4391 Πνεύμαο

168 4421 274 4469 τος
296 4406 658 4477 ἀναγέννησιν
680 4410 1019 4484 περιεργάζῃ
1044 4429 1058 4477 ;
1084 4412 1150 4466 Εί
1178 4411 1338 4466 τοῦτο
1356 4411 1415 4466 τὸ
1444 4411 1666 4482 πνεῦμα
1693 4412 1754 4466 ού

168 4497 407 4553 δύναται
446 4501 872 4573 κατασχεθῆναι,
927 4504 1110 4576 πολλῷ
1146 4506 1350 4576 μᾶλλον
1380 4506 1412 4578 ή
1471 4505 1565 4560 τοῦ
1597 4506 1754 4578 ἁγίου

168 4589 503 4661 Πνεύματος
533 4592 718 4665 χάρις,
756 4596 943 4666 νόμοις
990 4597 1208 4665 φύσεως
1236 4598 1335 4670 οὐχ
1388 4598 1758 4671 ύπενέχθήσε-

168 4700 293 4741 ται.
356 4685 705 4756 Αἰσχυνέσθω
770 4689 1106 4754 Μακεδόνιος
1169 4692 1199 4744 6
1273 4692 1759 4763 Πνευματομάχος,

166 4776 279 4830 καὶ
312 4776 421 4848 πρὸ
464 4776 655 4832 τούτου
687 4778 950 4851 Εὐνόμιος
976 4797 992 4812 ο
1036 4781 1065 4835 6
1120 4780 1220 4853 μὲν
1268 4781 1456 4837 δοῦλον
1498 4781 1669 4836 ποιῶν
1699 4781 1761 4837 τδ

168 4865 439 4940 Πνεῦμα,
492 4871 669 4925 καίτοι
695 4889 759 4942 γε
801 4873 1037 4945 ήκουσεν
1082 4873 1343 4943 ἐνταῦθα,
1390 4875 1474 4929 ὅτι
1524 4875 1761 4945 Ἄνεμος

165 4959 321 5013 ὅπου
354 4960 521 5027 θέλει,
571 4966 731 5019 πνεϊο
788 4965 973 5038 πολλῷ
1015 4962 1109 5020 οῦν
1167 4966 1371 5038 μᾶλλον
1418 4964 1481 5019 τὸ
1536 4964 1763 5038 Πνεῦμα

164 5050 687 5129 αὐτεξουσιωτέραν
727 5056 841 5125 ἕξει
888 5058 987 5129 τήν
1040 5057 1275 5125 κίνησιν,
1308 5058 1404 5111 καὶ
1432 5058 1566 5113 ὅπου
1590 5057 1752 5124 θέλει,

162 5142 282 5198 καὶ
332 5143 409 5210 ὡς
437 5146 604 5216 θέλει,
660 5150 996 5222 ἐνεργήσει·
1043 5151 1072 5205 6
1116 5149 1172 5203 δὲ
1196 5149 1471 5227 βύνόμιος
1527 5148 1672 5207 αὑτά
1699 5167 1760 5206 τε

164 5235 365 5293 ταῦτα
412 5241 677 5312 πρότερος
734 5241 1025 5315 ἁμαρτὼν,
1083 5244 1179 5296 καὶ
1220 5244 1426 5314 κτίσμα
1476 5241 1649 5298 εἰπὼν
1704 5242 1765 5298 τὸ

1857 3318 2036 3375 vocat,
2092 3309 2178 3366 ubi
2210 3308 2344 3374 vult,
2399 3307 2611 3378 spirat:
2661 3316 2718 3363 et
2744 3321 2935 3363 sonum
2987 3305 3109 3379 ejus
3137 3307 3313 3369 audis.
3372 3312 3429 3360 et

1856 3400 2074 3472 ignoras
2105 3409 2282 3454 tamen
2327 3397 2470 3453 unde
2502 3396 2709 3453 feratur
2740 3415 2756 3467 ;
2794 3398 2980 3468 nequit
3008 3396 3151 3451 enim
3180 3409 3429 3466 compre-

1855 3490 2019 3547 bendi
2051 3491 2134 3546 vel
2162 3488 2436 3560 prohiberi
2458 3506 2475 3557 ;
2501 3488 2732 3543 naturali
2768 3487 2912 3543 enim
2944 3496 3209 3559 potestate
3257 3486 3431 3543 fertur

1857 3582 1911 3639 in
1944 3581 2173 3652 aliquem
2189 3579 2347 3655 54],
2368 3581 2541 3637 locum
2567 3582 2855 3638 incertum.
2890 3579 3165 3638 Caeterum
3200 3580 3291 3634 ubi
3316 3578 3429 3635 vult

1856 3677 2053 3745 spirat,
2084 3675 2283 3745 inquit,
2318 3690 2422 3730 non
2451 3676 2596 3746 quod
2624 3683 2816 3730 ventus
2837 3673 3174 3730 voluntatem
3207 3672 3427 3736 habeat,

1856 3766 1974 3833 sed,
2014 3775 2075 3823 ut
2109 3766 2245 3831 dixi,
2281 3781 2309 3820 a
2342 3777 2536 3822 natura
2561 3766 2727 3822 indita
2755 3766 2828 3821 illi
2869 3774 3107 3836 potestas
3135 3780 3255 3835 qua:
3304 3778 3432 3836 pro-

1857 3857 2032 3914 hiberi
2085 3856 2292 3928 nequit,
2331 3857 2659 3913 ostenditur.
2711 3855 2769 3911 Si
2824 3856 2990 3927 igitur
3033 3865 3286 3921 ventum,
3336 3854 3429 3924 qui

1858 3951 2077 4020 spiritus
2096 3958 2177 4005 est
2203 3949 2455 4006 sensibus
2475 3948 2771 4019 subjectus,
2806 3948 3047 4021 ignoras,
3075 3950 3346 4019 quomodo
3374 3954 3430 4000 et

1857 4056 1963 4113 quo
1985 4044 2173 4114 spiret,
2192 4045 2461 4114 quomodo
2489 4042 2953 4115 regenerationem
2972 4056 3003 4097 a
3023 4042 3205 4098 divino
3223 4039 3429 4111 Spiritu

1858 4135 2124 4193 curiosius
2155 4134 2421 4206 inquiris?
2449 4134 2508 4189 Si
2540 4135 2626 4191 hic
2652 4134 2873 4205 spiritus
2905 4132 3294 4205 comprehendi
3330 4126 3430 4186 nc-

1858 4227 1996 4297 quit,
2029 4226 2201 4282 multo
2227 4227 2403 4281 minus
2434 4226 2606 4282 sancti
2637 4224 2872 4294 Spiritus
2892 4225 3063 4297 gratia
3095 4224 3305 4294 legibus
3332 4240 3433 4278 na-

1857 4326 1994 4374 tura:
2024 4318 2310 4374 subdetur.
2364 4317 2738 4373 Conl‘undatur
2794 4314 3161 4381 Macedonius,
3196 4313 3433 4386 Spiritus

1858 4420 2216 4483 oppugnator,
2240 4418 2295 4466 et
2323 4408 2729 4479 quiantecessit
2772 4407 2921 4462 illum
2964 4406 3283 4462 Eunomius.
3341 4406 3436 4461 ille

1859 4503 2003 4558 enim
2038 4516 2256 4558 servum
2286 4499 2414 4555 facit
2443 4500 2730 4571 Spiritum,
2757 4499 3006 4570 quamvis
3053 4498 3291 4554 audierit
3327 4499 3432 4553 hoc

1862 4595 1984 4651 loco
2043 4594 2187 4665 quod
2234 4602 2429 4650 ventus
2485 4609 2593 4665 quo
2642 4593 2758 4649 vult
2811 4592 3002 4663 spirat,
3040 4584 3220 4647 multo
3274 4591 3437 4661 igitur

1862 4689 2031 4760 magis
2068 4687 2305 4759 Spiritus
2327 4699 2549 4744 sanctus
2575 4686 2888 4743 liberiorem
2925 4685 3091 4740 habet
3118 4684 3434 4748 motionem,

1863 4791 1916 4839 et
1958 4796 2069 4853 quo
2104 4782 2237 4846 vult,
2287 4789 2342 4837 et
2390 4781 2530 4835 sicut
2565 4779 2700 4847 vult,
2751 4778 3085 4849 operabitur.
3139 4774 3439 4832 Eunomius

1863 4887 1994 4929 vero
2025 4873 2079 4928 in
2107 4872 2199 4927 illo
2232 4873 2346 4943 ipso
2371 4887 2626 4943 peccans,
2659 4880 2715 4927 et
2745 4879 3050 4927 creaturam
3089 4868 3229 4923 dixit
3262 4865 3438 4936 Spiri-

1864 4976 1998 5033 tum,
2023 4975 2071 5020 et
2112 4965 2164 5020 in
2205 4974 2405 5019 tantam
2438 4965 2684 5035 pervenit
2726 4962 3110 5034 pervicaciam,
3158 4959 3311 5030 quasi
3343 4972 3439 5013 co-

1864 5065 2152 5129 gnosceret
2182 5054 2350 5113 Deum
2386 5056 2528 5112 sicut
2558 5058 2671 5127 ipse
2714 5056 2979 5126 seipsum.
3036 5052 3235 5107 Audiat
3272 5049 3440 5122 igitur

1869 5153 2013 5219 quod
2044 5165 2221 5219 neque
2252 5149 2399 5205 venti
2427 5149 2685 5219 impetum
2716 5162 2891 5219 neque
2913 5146 3070 5201 linem
3087 5144 3244 5202 sciat.
3284 5141 3438 5210 Quo-

1874 5242 2033 5297 modo
2075 5243 2237 5313 igitur
2268 5241 2361 5298 Dei
2414 5241 2777 5297 substantiam
2807 5244 3093 5309 cognoscet
3136 5233 3439 5305 impostor?

165 5332 437 5405 Πνεῦμα,
466 5334 562 5389 καὶ
590 5335 726 5408 πρός
749 5352 814 5405 γε
835 5335 1410 5406 ἀπαυθαδιασάμενος,
1460 5333 1608 5390 οὕτω
1634 5333 1950 5419 ’γινώσκειν
2008 5334 2165 5399 Θεὸν,
2224 5333 2296 5398 ὡς
2352 5332 2546 5387 ἑαυτὸν
2597 5331 2782 5396 αὑτός.
2854 5328 3127 5384 ’Δκουέτω
3177 5325 3293 5393 οῦν,
3356 5328 3440 5382 ὅτι

161 5428 309 5484 οὐδὲ
362 5427 450 5483 τοῦ
479 5428 685 5499 ἀνέμου
737 5429 837 5501 τήν
886 5428 1082 5500 φορὰν,
1140 5429 1236 5483 καὶ
1264 5427 1364 5498 τὴν
1394 5427 1573 5500 ὁρμήν
1604 5424 1713 5482 οἵδε
1741 5444 1757 5461 ·
1825 5428 1942 5492 πῶς
1973 5427 2067 5484 οῦν
2090 5428 2225 5483 Θεοῦ
2260 5427 2449 5492 οὐσίας
2481 5425 2853 5496 κατατολμᾷς,
2888 5421 3162 5494 ἀλιτήριε.

264 5540 285 5574 ι
341 5520 643 5593 Ἀπεκρίθη
689 5518 1024 5592 Νικόδημος,
1070 5520 1164 5575 καὶ
1216 5516 1371 5574 εῐπεν
1404 5518 1584 5591 αὐτῷ·
1639 5516 1765 5582 Πῶς

159 5611 413 5668 δύναται
458 5612 635 5667 ταῦτα
673 5610 962 5679 γενέσθαις
1006 5610 1306 5682 Ἀπεκρίθη
1372 5610 1617 5682 Ἰησοῦς,
1670 5611 1765 5665 καὶ

156 5702 342 5762 εἶπεν
389 5706 579 5779 αύτῷτ
628 5703 701 5756 Σὺ
736 5696 789 5756 εἴ
820 5702 852 5756 6
894 5700 1214 5766 διδάσκαλος
1246 5702 1341 5756 τοῦ
1386 5703 1601 5777 Ἰσραήλ
1625 5745 1639 5769 ,
1672 5704 1768 5756 καὶ

158 5797 359 5854 ταῦτα
389 5796 451 5848 ού
503 5792 837 5861 γινώσκειςς
880 5792 1076 5865 Ἀμην,
1119 5793 1266 5865 ἀμὴν
1311 5793 1456 5862 λέγω
1487 5811 1591 5861 σοι,
1624 5794 1706 5847 ὅτι
1736 5791 1766 5846 6

150 5888 429 5953 ηῖδαμεν,
458 5880 727 5953 λαλοῦμεν
748 5922 764 5950 ,
788 5884 882 5937 καὶ
910 5882 939 5937 6
968 5884 1317 5955 ἑωράκαμεν,
1347 5885 1756 5958 μαρτυροῦμεν,

153 5975 274 6028 καὶ
306 5976 410 6048 τὴν
444 5976 754 6050 μαρτυρίαν
798 5978 955 6049 ήμῶν
984 5980 1044 6033 ού
1082 5979 1412 6051 λαμϐάνετε.
1450 5982 1512 6035 Εἰ
1542 5980 1609 6035 τὰ
1637 5980 1757 6035 επί-

1942 5520 2105 5578 Vens.
2142 5520 2293 5578 9-l‘2.
2327 5518 2627 5589 Respondit
2661 5517 3009 5582 Nicodemus,
3041 5528 3097 5574 et
3142 5515 3275 5573 dixit
3319 5516 3369 5572 ei
3419 5532 3435 5570 :

1868 5614 2157 5681 Quomodo
2208 5625 2439 5685 possunt
2487 5612 2601 5669 haec
2651 5612 2806 5668 ﬁeri?
2840 5609 3137 5683 Respoadit
3176 5608 3354 5674 Jesus,
3384 5618 3440 5664 et

1868 5707 2007 5763 dixit
2034 5725 2048 5761 :
2081 5707 2159 5763 Tu
2188 5722 2247 5764 es
2280 5708 2370 5762 ille
2399 5707 2655 5777 magister
2702 5704 2934 5771 lsraelis,
2963 5713 3017 5760 et
3046 5705 3159 5759 hac
3188 5699 3442 5773 ignoras?

1870 5801 2062 5865 Amen,
2087 5813 2243 5855 amen
2286 5799 2406 5853 dico
2434 5798 2550 5866 tibi,
2573 5796 2712 5867 quod
2742 5796 2964 5859 scimus,
3013 5793 3284 5865 loquimur
3334 5810 3348 5847 :
3383 5799 3439 5846 et

1870 5890 2013 5958 quod
2058 5888 2311 5953 vidimus,
2357 5896 2658 5944 testamur:
2702 5895 2755 5940 et
2795 5882 3163 5940 testimonium
3192 5891 3434 5936 nostrum

1868 5993 1975 6035 non
2008 5979 2277 6050 accipitis.
2308 5977 2365 6035 Si
2399 5991 2613 6039 terrena
2635 5978 2747 6035 dixi
2773 5977 2950 6044 vobis,
2974 5985 3026 6035 et
3049 5986 3153 6035 non
3177 5975 3434 6035 creditis:
