3960 6454
340 419 480 487 1211
1184 414 1759 479 THEOPHYLACTI
1800 412 1951 478 BULl

2053 412 2205 476 RLE
2232 412 2582 477 ARCHIEP.
3436 401 3596 469 1212

329 535 649 600 illuderent;
683 538 1094 602 praetereuntes,
1128 538 1189 586 ut
1216 529 1656 601 blasphemarent
1684 546 1700 597 ;
1760 538 1814 586 et
1845 529 1898 585 in
1930 536 1951 593 Α

2053 529 2095 584 νὰ
2122 527 2328 602 ταύτης
2352 528 2485 599 γοῦν
2516 527 2773 601 κρατήσῃ
2793 525 2958 582 αὐτοῦ
2979 543 2994 560 ·
3021 526 3115 582 καὶ
3143 526 3231 581 διὰ
3260 522 3420 582 τοῦτο
3439 541 3601 595 παρα

329 646 540 687 summa
571 626 804 691 Iudaeos,
838 633 898 679 ut
922 623 1302 694 cruciﬁgerent
1334 641 1351 691 ;
1387 632 1442 679 et
1470 625 1548 679 sic
1576 637 1793 694 quoque
1820 623 1905 678 in-

2053 623 2226 691 ιίνησε
2266 622 2442 679 πάντα
2479 621 2602 676 κατ’
2647 621 2838 688 αὑτοῦ,
2867 621 2997 686 τοὺς
3048 620 3297 692 μαθητάς
3337 621 3600 688 ἀρνήσα-

334 721 538 775 victum
580 716 864 787 comperit.
906 714 1025 769 Non
1085 713 1232 768 enim
1298 713 1474 783 potuit
1524 714 1706 768 crucis
1753 712 1907 768 dolor

2053 714 2166 777 θαι,
2186 714 2314 778 τοὺς
2336 711 2672 785 στρατιώτας
2701 713 3016 783 ἐμπαίζειν,
3044 714 3172 777 τοὺς
3203 728 3609 785 παραπορευο-

331 810 550 865 ellicere
581 818 638 862 ut
668 804 1052 875 cruciﬁgentes
1086 804 1310 859 haberet
1336 804 1462 859 odio
1484 843 1499 867 ,
1529 805 1623 857 sed
1653 803 1908 872 diligebat

2053 806 2214 871 ,ἐνους
2266 806 2631 877 βλασφημεῖν,
2664 808 2796 862 ’καὶ
2863 807 3055 870 ἁπλῶς
3107 808 3237 867 τοὺς
3299 805 3608 867 Ἰουδαίους

334 917 450 968 eos,
484 906 539 955 et
595 914 692 967 pro
722 898 800 952 eis
862 898 1053 951 orabat
1084 896 1269 950 dicens
1300 912 1313 948 :
1349 912 1368 946 ι
1407 892 1485 947 Ne
1526 902 1736 947 statuas
1778 891 1906 955 illis,

2053 896 2345 950 ανατῶσαι.
2403 896 2565 951 Ἀλλά
2589 897 2684 951 καὶ
2715 896 2888 961 οὕτως
2920 891 3079 967 εὗρεν
3108 897 3271 951 αὑτὸν
3296 898 3610 966 ἀήττητον.

336 993 517 1055 Pater,
550 1000 831 1061 peccatum
887 991 1009 1044 hoc.
1046 1006 1065 1040 ι
1103 986 1268 1043 Vides
1294 986 1565 1056 quomodo
1591 984 1783 1039 vicerit
1811 998 1907 1052 per

2053 989 2089 1043 ’ὑ
2123 990 2233 1061 γὰρ
2264 989 2504 1063 ἠδυνήθη
2532 991 2590 1043 ἐν
2614 989 2693 1062 τῷ
2717 989 2938 1061 σταυρῷ
2962 990 3108 1060 λύπη
3140 991 3329 1043 πεῖσαι
3361 987 3457 1041 τὸν
3484 985 3615 1040 Κύ-

340 1088 444 1141 hoc
500 1088 698 1157 ipsum,
753 1101 848 1157 per
896 1085 1038 1154 quod
1078 1084 1363 1138 videbatur
1417 1082 1597 1137 victus
1634 1081 1790 1137 esse?
1818 1079 1910 1136 Sic

2060 1098 2138 1135 tov
2191 1082 2423 1152 μισῆσαι
2469 1084 2596 1147 τοὺς
2637 1084 3041 1156 σταυροῦντας,
3081 1082 3217 1137 ἀλλὰ
3245 1082 3359 1152 γάρ
3402 1080 3613 1152 ἠγάπα

339 1178 504 1247 igitur
536 1177 796 1233 exaltatio
828 1184 882 1231 et
910 1174 1076 1244 gloria
1109 1174 1248 1242 ejus,
1277 1188 1410 1229 crux
1442 1172 1563 1226 fuit.

2053 1172 2183 1226 πάλιν
2212 1175 2307 1228 καὶ
2334 1174 2677 1248 ὑπερηύχετο
2701 1175 2906 1246 λέγων·
2953 1194 2973 1227 ι
3018 1176 3111 1246 Μὴ
3145 1177 3351 1248 στήσῃς
3378 1174 3577 1236 αὐτοῖς
3590 1211 3611 1236 ο

340 1272 548 1341 Πάτερ,
581 1270 680 1339 τὴν
709 1268 989 1341 ἁμαρτίαν
1014 1265 1240 1339 ταύτην.
1287 1283 1306 1317 ι
1353 1266 1520 1337 Ὁρᾷς
1578 1280 1697 1328 πως
1750 1264 2035 1336 νενίκηκεν
2075 1267 2133 1320 ἐν
2172 1256 2218 1334 ᾧ
2248 1267 2422 1321 ἐδόκει
2487 1266 2795 1339 ueracem;
2842 1266 3030 1332 Οὕτως
3066 1261 3179 1349 οῦν⁵
3225 1266 3326 1321 καὶ
3387 1264 3616 1336 ὕψωσις

339 1362 506 1416 αὑτοῦ
540 1363 635 1415 καί⁸
662 1359 791 1426 δόξα
819 1360 1041 1429 γέγονεν
1076 1360 1105 1412 6
1136 1357 1388 1428 σταυρός.

416 1452 582 1509 Vens.
617 1452 801 1508 15-17.
840 1471 859 1504 ι
909 1452 1001 1507 Sic
1047 1451 1192 1506 enim
1236 1453 1376 1508 Deus
1413 1452 1602 1510 dilexit
1634 1452 1913 1517 mundum,

2098 1469 2119 1504 ι
2163 1449 2320 1505 Οὕτω
2359 1451 2467 1522 γὰρ
2508 1450 2793 1521 ἠγάπησεν
2833 1450 2862 1503 6
2894 1449 3028 1513 Θεδς
3083 1449 3174 1502 τδν
3203 1447 3432 1520 κόσμον,
3460 1444 3615 1499 ὥστε

343 1555 405 1599 ιιι
456 1544 649 1599 Filium
702 1557 858 1599 suum
897 1541 1233 1610 unigenitum
1281 1542 1471 1609 daret,
1503 1551 1563 1596 ut
1597 1543 1777 1599 omnis
1824 1543 1916 1612 qui

2053 1542 2112 1597 δν
2156 1542 2287 1595 Υίδν
2337 1540 2504 1596 αὐτοῦ
2547 1541 2638 1595 τδν
2690 1541 2958 1612 μονογενῆ
3009 1538 3234 1617 ἔδωκεν,
3285 1539 3380 1593 ίνα
3436 1537 3548 1599 πᾶς
3581 1538 3616 1588 6

350 1637 519 1693 credit
550 1635 602 1691 in
634 1651 755 1692 eum
779 1674 794 1699 ,
825 1649 928 1690 non
961 1642 1184 1701 pereat,
1223 1636 1317 1688 sed
1343 1634 1539 1690 habeat
1572 1636 1736 1689 vitam
1762 1644 1921 1691 εισι*-
1954 1650 1971 1658 ·

348 1741 495 1783 nam.
528 1724 644 1780 Non
691 1725 838 1779 enim
872 1723 1019 1778 misit
1058 1723 1200 1780 Deus
1228 1724 1426 1780 Filium
1483 1741 1639 1781 suum
1673 1726 1728 1781 in
1764 1741 1919 1781 mun-

351 1820 480 1873 dum
510 1825 569 1871 ut
594 1817 920 1872 condemnet
944 1817 1203 1872 mundum
1233 1834 1248 1871 :
1283 1817 1380 1874 sed
1408 1826 1467 1872 ut
1494 1827 1743 1874 servetur
1764 1834 1919 1873 mun-

358 1910 460 1965 dus
490 1922 586 1979 per
616 1922 763 1964 eum.
800 1926 818 1960 ι
851 1906 982 1962 Mira
1015 1908 1109 1963 Dei
1140 1922 1265 1977 erga
1299 1911 1557 1965 mundum
1596 1909 1836 1976 dilectio,
1866 1919 1923 1966 et

356 2011 528 2066 tanta,
570 2011 630 2055 ut
659 2016 763 2056 non
795 2000 1005 2057 dederit
1039 2000 1127 2055 vel
1158 2002 1499 2069 prophetam,
1530 2004 1615 2058 vel
1645 2003 1920 2074 angelum,

355 2094 450 2147 sed
481 2091 676 2146 Filium
722 2105 904 2154 suum,
955 2100 1119 2159 atque
1159 2091 1310 2147 illum
1338 2091 1701 2162 unigenitum.
1742 2094 1926 2165 Ange-

355 2183 466 2236 lum
502 2184 545 2238 si
577 2184 794 2254 quidem
821 2185 1075 2252 dedisset,
1101 2200 1205 2241 non
1228 2195 1347 2241 erat
1368 2179 1460 2242 'res
1489 2201 1676 2256 parva.
1705 2186 1930 2255 Quare?

2027 1634 2305 1689 πιστεύων
2334 1635 2414 1698 είς
2446 1634 2631 1699 αὑτὸν,
2673 1633 2747 1706 μὴ
2780 1633 3108 1703 ἁπόλληται,
3144 1630 3262 1685 ἀλλ’
3309 1629 3412 1704 ἔχῃ
3458 1628 3616 1697 ζωὴν

2023 1727 2259 1782 αἰώνιον.
2289 1726 2365 1781 Ού
2404 1726 2513 1798 γάρ
2538 1725 2851 1779 ἀπέστειλεν
2899 1725 2928 1778 6
2968 1723 3102 1787 Θεός
3132 1722 3225 1777 τὸν
3255 1721 3389 1776 Υίὸν
3421 1718 3604 1774 αὑτοῦ

2027 1821 2107 1884 εἰς
2171 1819 2266 1873 τὸν
2324 1818 2526 1889 κόσμον
2573 1820 2660 1873 ἵνα
2714 1816 2876 1891 κρίνῃ
2913 1817 3006 1870 τὸν
3057 1817 3288 1885 κόσμον,
3346 1813 3465 1866 ἀλλ’
3514 1813 3614 1866 ἵνα

2028 1910 2173 1983 σωθῇ
2197 1912 2226 1964 6
2255 1911 2461 1983 κόσμος
2490 1910 2559 1964 δι’
2588 1910 2778 1965 αὑτοῦ.
2816 1930 2835 1963 ι
2867 1908 3047 1980 Πολλὴ
3070 1910 3105 1979 ή
3126 1908 3227 1978 τῆς
3261 1907 3485 1976 ἀγάπης
3509 1904 3610 1959 τοῦ

2027 2004 2165 2059 Θεοῦ
2208 2004 2345 2075 πρὸς
2384 2004 2476 2058 τὸν
2505 2003 2708 2073 κόσμον
2747 2002 3017 2067 ἐπίτασις,
3048 2000 3143 2055 καὶ⁵
3170 1998 3437 2068 τοσαύτη,
3464 1996 3610 2051 ὥστε

2028 2100 2129 2153 οὐκ
2151 2097 2405 2166 ἄγγελον,
2436 2097 2496 2150 οὑ
2527 2096 2815 2168 προφήτην
2843 2094 3048 2171 δοῦναι,
3081 2091 3217 2146 ἀλλὰ
3238 2090 3331 2144 τὸν
3359 2089 3489 2143 Υίὸν
3512 2088 3613 2141 αὑ·-

2029 2190 2148 2257 τοῦ,
2194 2190 2287 2244 καὶ
2327 2189 2514 2243 τοῦτον
2550 2188 2835 2260 μονογενῆ.
2873 2187 2981 2241 Καὶ
3012 2183 3245 2254 ἄγγελον
3269 2181 3371 2253 μὲν
3414 2182 3527 2250 γὰρ
3551 2181 3609 2233 εί

358 2276 496 2342 Quia
527 2277 763 2347 angelus
795 2278 1014 2346 quidem
1044 2278 1297 2334 minister
1344 2278 1463 2349 ejus
1498 2279 1671 2335 ﬁdelis
1712 2290 1769 2336 et
1809 2295 1931 2336 ser-

2053 2285 2251 2349 ἴδωκεν,
2282 2282 2433 2335 οὐδὲν
2448 2280 2589 2336 οὑτω
2613 2278 2807 2351 μικρὸν
2826 2273 2892 2349 ἦν
2907 2277 2968 2331 τὸ
2991 2278 3244 2348 πρᾶγμα.
3268 2272 3445 2339 Διατί;
3464 2273 3611 2326 Aie-tr.

357 2383 478 2432 vus,
499 2383 595 2424 nos
611 2378 785 2424 autem
808 2367 1010 2424 inimici
1039 2378 1093 2424 et
1112 2378 1408 2439 apostatae:
1437 2384 1578 2424 nunc
1602 2380 1784 2424 autem
1802 2370 1932 2425 dato

2053 2382 2063 2431 ἱ
2088 2377 2189 2447 μὶν
2212 2375 2462 2444 ἄγγελος,
2494 2371 2923 2437 διάκονοςιαύτοῦ
2949 2369 3139 2433 πιστὸς
3168 2368 3265 2423 καὶ
3295 2366 3609 2437 ὑπηρέτης-

362 2456 524 2524 Filio,
548 2466 751 2525 quanto
790 2457 1225 2513 excellentiorem
1271 2457 1523 2513 exhibuit
1565 2460 1927 2513 cliaritateml

2053 2471 2197 2541 ἡμεῖς
2235 2468 2313 2532 δὲ,
2351 2467 2534 2535 ἐχθροὶ
2569 2466 2664 2520 και
2695 2462 3024 2519 ἀποστάται.
3058 2461 3175 2516 Νῦν
3206 2460 3266 2514 δὲ
3305 2460 3438 2513 Υιδν
3464 2459 3611 2523 δοὺς,

361 2548 494 2605 item
530 2549 576 2604 si
612 2550 808 2604 multos
836 2549 1043 2605 habens
1093 2547 1233 2604 lilios
1269 2564 1434 2603 unum
1468 2547 1723 2612 dedisset,
1753 2558 1808 2603 et
1833 2547 1937 2603 hoc

365 2643 661 2700 maximum
695 2642 889 2699 fuisset
915 2661 930 2711 ;
962 2657 1106 2698 nunc
1133 2656 1263 2697 vero
1297 2640 1638 2712 Unigenitum
1661 2639 1825 2712 544
1845 2641 1938 2695 de-

375 2737 477 2794 dit.
507 2736 679 2808 lgitur
724 2736 936 2790 bonitas
966 2736 1125 2805 digne
1162 2733 1429 2789 laudanda
1473 2742 1577 2790 est.
1620 2734 1807 2788 Ariani
1842 2748 1939 2787 au-

370 2839 479 2884 tem
499 2829 707 2908 'dicunt
738 2828 883 2897 quod
916 2825 1238 2903 Unigeuitus
1286 2826 1499 2881 dicatur
1524 2839 1589 2880 eo
1626 2825 1769 2895 quod
1795 2826 1941 2881 solus

378 2918 494 2991 ipse
522 2919 700 2975 factus
726 2920 795 2974 sit
832 2927 888 2974 et
915 2920 1167 2974 conditus
1191 2934 1223 2973 a
1250 2917 1381 2987 Deo,
1415 2918 1598 2975 omnia
1631 2927 1811 2973 autem
1836 2920 1940 2974 alia

376 3012 578 3069 abillo.
607 3012 811 3080 Quibus
838 3011 1158 3081 simpliciter
1186 3012 1610 3082 respondemus:
1641 3010 1698 3068 Si
1724 3012 1940 3082 quidem

378 3105 698 3177 Unigenitus
727 3103 904 3159 dictus
941 3102 1151 3168 fuisset,
1184 3117 1283 3183 nec
1323 3102 1561 3177 additum
1585 3111 1729 3159 esset
1750 3103 1943 3170 Filius,

2039 2561 2200 2616 ποίαν
2248 2558 2549 2628 ὓπερῦολήν
2586 2558 2809 2627 ἀγάπης
2848 2555 3107 2628 παρῆκε;
3152 2552 3347 2619 Πάλιν,
3400 2552 3450 2606 ei
3482 2550 3613 2604 πολ-

2042 2654 2169 2717 λοὺς
2197 2652 2336 2723 ἔχων
2365 2650 2535 2715 υίοῦς,
2563 2651 2661 2705 ἕνα
2699 2649 2898 2703 δέδωκε
2920 2689 2937 2716 ,
2977 2649 3073 2703 καὶ
3101 2646 3261 2700 τοῦτο
3290 2644 3578 2715 ὑπέρμεγα
3597 2659 3615 2675 ⁸

2041 2746 2136 2799 νῦν
2169 2745 2225 2799 δὲ
2258 2743 2351 2796 τὸν
2383 2742 2661 2811 Μονογενῆ
2690 2741 2940 2795 δέδωκεν.
2974 2741 3119 2810 Ἀρα
3150 2737 3243 2792 οῦν
3270 2736 3419 2790 ἔστιν
3448 2735 3615 2801 ἀξίως

2042 2839 2278 2911 ὑμνῆσαι
2317 2836 2414 2907 τὴν
2460 2833 2798 2905 ἀγαθότητα.
2836 2834 2899 2885 0!
2937 2832 2996 2886 δὲ
3046 2830 3321 2901 ’Δρειανοὶ
3358 2828 3616 2894 λέγουσιν

2044 2934 2130 2987 ὅτι
2180 2928 2488 2999 Μονογενὴς
2533 2927 2776 2996 λέγεται,
2821 2924 2955 2978 διότι
3000 2923 3163 2985 αῦτδς
3195 2922 3358 2992 μόνος
3401 2919 3617 2988 γέγονε,

2046 3027 2143 3083 καὶ
2170 3026 2397 3094 ἐκτίσθη
2426 3023 2533 3078 ὑπὸ
2564 3020 2724 3087 Θεοῦ,
2766 3020 2838 3073 τὰ
2867 3016 2912 3073 δ’
2938 3017 3074 3072 ἄλλα
3100 3016 3280 3069 πάντα
3307 3012 3402 3067 ὑπ’
3428 3010 3617 3066 αὐτοῦ.

2046 3121 2191 3192 Πρὸς
2229 3117 2324 3182 οὓς
2377 3116 2580 3181 ἁπλοῦς
2627 3116 2656 3169 ό
2702 3114 2881 3184 λόγος,
2928 3111 3013 3164 δτι
3043 3110 3106 3163 Εἰ
3154 3109 3255 3179 μὲν
3306 3104 3620 3175 Μονογενης

384 3201 612 3256 haberet
642 3198 902 3254 rationem
940 3196 1226 3265 impudens
1254 3206 1493 3251 vestrum
1525 3206 1889 3252 commentum
1924 3213 1938 3250 :

2053 3213 2272 3281 ἐλέγετο
2303 3209 2474 3280 χωρὶς
2502 3206 2598 3261 τοῦ
2632 3206 2779 3270 Υἱὸς,
2826 3198 2974 3275 εἶχεν
3024 3202 3091 3255 ἂν
3125 3200 3283 3268 λόγον
3308 3198 3371 3251 τὸ
3413 3195 3622 3265 κομψὸν

382 3304 437 3349 at
470 3307 613 3348 nunc
644 3307 767 3348 cum
814 3307 924 3348 non
968 3292 1142 3347 solum
1173 3290 1518 3359 Uuigenitus,
1562 3291 1657 3345 sed
1686 3298 1741 3343 et
1779 3288 1947 3344 Filius

377 3384 608 3449 dicatur,
628 3399 738 3440 non
761 3384 1024 3455 permittit
1046 3382 1125 3438 sic
1147 3382 1448 3453 intelligere
1470 3381 1817 3452 Unigenitum
1843 3381 1947 3451 (a),

378 3474 475 3531 Sed
504 3475 615 3530 vult
651 3474 797 3529 illum
825 3474 999 3531 solum
1030 3488 1095 3528 ex
1127 3472 1290 3529 Patre
1321 3484 1526 3529 natum.
1562 3474 1697 3529 Vide
1746 3484 1949 3540 autem,

385 3583 505 3635 oro,
533 3569 674 3638 quod
708 3568 850 3622 sicut
878 3581 1038 3636 supra
1068 3567 1201 3622 dixit
1237 3566 1431 3622 Filium
1463 3566 1700 3623 hominis
1730 3569 1952 3622 descen-

386 3659 535 3715 disse
584 3661 651 3716 de
689 3660 850 3726 cmlo,
886 3660 1136 3729 quamvis
1193 3674 1299 3714 non
1349 3659 1690 3715 descenderit
1721 3672 1849 3713 caro
1887 3658 1955 3713 de

386 3747 548 3813 celo,
575 3749 670 3811 sed
695 3758 913 3819 pr0pter
936 3763 1094 3803 unam
1120 3763 1405 3817 personam
1430 3759 1485 3803 et
1510 3763 1673 3803 unam
1705 3749 1958 3819 hyposta-

386 3839 514 3906 sim,
554 3855 619 3895 ea
645 3855 763 3911 qua:
806 3841 899 3898 Dei
926 3851 1079 3911 sunt,
1113 3840 1361 3895 attribuit
1389 3840 1595 3895 homini
1627 3858 1640 3894 :
1671 3841 1744 3895 ita
1774 3850 1829 3894 et
1854 3840 1958 3895 hoc

385 3932 527 3998 loco,
561 3949 623 3990 ea
655 3949 776 4004 quze
824 3935 1057 3990 hominis
1103 3943 1249 4000 sunt,
1302 3935 1552 3990 attribuit
1592 3934 1771 3992 Verbo
1825 3933 1955 3989 Deo.

390 4024 548 4082 Dedit
571 4027 735 4094 enim,
766 4027 961 4097 inquit,
1005 4027 1144 4082 Deus
1176 4025 1368 4081 Filium
1399 4041 1556 4083 suum
1594 4027 1647 4082 in
1677 4036 1906 4081 mortem
1937 4044 1952 4082 :

389 4117 635 4186 quamvis
666 4118 1034 4190 ,inipassibilis
1079 4118 1437 4188 permanserit
1486 4116 1633 4173 Deus
1668 4133 1684 4171 :
1723 4125 1958 4171 attamen

392 4208 518 4277 quia
546 4223 689 4265 unus
721 4217 776 4265 et
813 4210 955 4264 idem
990 4208 1092 4265 fuit
1122 4226 1218 4280 per
1246 4210 1601 4282 hypostasim,
1628 4218 1684 4264 et
1707 4209 1796 4278 qui
1827 4206 1963 4263 Ver-

392 4302 520 4354 bum
552 4301 665 4367 Dei,
696 4308 751 4357 et
784 4303 948 4357 homo
973 4303 1065 4372 qui
1102 4318 1198 4373 pro
1218 4303 1376 4360 nobis
1404 4303 1635 4372 patiens,
1668 4301 1837 4357 Filius
1890 4302 1966 4356 di-

392 4390 535 4444 citur
563 4392 721 4447 datus
790 4408 931 4456 esse,
964 4394 1021 4448 in
1056 4404 1316 4464 quantum
1355 4403 1411 4451 et
1446 4408 1574 4449 vere
1613 4408 1827 4462 passus,
1856 4408 1965 4447 non

394 4482 450 4537 in
486 4499 582 4539 sua
612 4493 829 4551 natura,
868 4487 963 4542 sed
999 4488 1051 4540 in
1089 4500 1186 4542 sua
1233 4502 1419 4542 carne.
1463 4486 1616 4553 Quod
1662 4495 1841 4540 autem
1881 4484 1965 4539 Iu-

397 4592 573 4643 crum,
603 4577 721 4632 dari
753 4576 992 4633 Filium?
1019 4577 1064 4635 0
1096 4594 1373 4650 magnum,
1400 4587 1456 4633 et
1484 4592 1645 4648 supra
1674 4578 1963 4632 humanam

399 4678 634 4725 mentem
665 4670 680 4723 ι
715 4677 775 4723 ιιι
806 4670 986 4725 omnis
1013 4670 1104 4741 qui
1135 4671 1306 4726 credit
1329 4671 1381 4725 in
1414 4669 1586 4736 illum,
1613 4668 1723 4724 duo
1757 4669 1847 4724 illa
1877 4668 1966 4723 lu-

398 4766 582 4813 cretur
618 4774 633 4814 :
666 4775 831 4814 unum
867 4760 1083 4829 quidem
1106 4802 1123 4827 ,
1171 4760 1314 4829 quod
1363 4775 1469 4817 non
1505 4759 1645 4830 perit
1673 4778 1688 4829 ;
1716 4759 1969 4826 alterum,

399 4850 543 4919 quod
585 4851 750 4906 vitam
807 4853 1005 4921 habet,
1039 4864 1202 4924 atque
1251 4853 1420 4909 vitam
1472 4864 1758 4909 aeternam.
1803 4852 1973 4909 Vetus

399 4942 543 4996 enim
573 4944 657 4999 lex
697 4945 1045 5014 promittebat
1070 4960 1167 5001 eos
1196 4946 1287 5015 qui
1324 4946 1377 4999 in
1404 4945 1494 5000 illa
1528 4945 1637 5001 Deo
1668 4946 1968 5015 placebant,

404 5033 706 5103 implendos
741 5037 1075 5107 longitudine
1114 5039 1324 5093 dierum
1360 5056 1374 5094 :
1413 5039 1763 5109 Evangeliom
1790 5046 1967 5095 autem

408 5138 519 5179 non
585 5131 968 5198 temporariam
1018 5131 1181 5184 vitam
1234 5130 1484 5201 largitur,
1557 5131 1650 5186 sed
1713 5138 1969 5187 aeternam

334 5242 345 5247 ι
407 5223 466 5268 et
503 5214 955 5275 indissolubilem.
989 5219 1125 5286 Quia
1176 5220 1320 5275 enim
1376 5222 1484 5275 duo
1534 5229 1663 5276 sunt
1710 5220 1974 5275 adventus

405 5303 634 5375 Christi,
661 5315 717 5362 et
749 5307 839 5364 ille
862 5311 952 5378 qui
989 5309 1112 5377 fuit,
1140 5319 1199 5366 et
1220 5310 1309 5368 ille
1333 5312 1425 5383 qui
1454 5320 1710 5367 venturus
1742 5320 1827 5365 est
1856 5326 1871 5366 :
1908 5311 1975 5366 de

475 5463 526 5500 "
553 5463 685 5522 Luc.
708 5480 864 5533 mu,
894 5466 985 5523 3L.
1062 5468 1150 5526 "1
1177 5468 1338 5527 Joan.
1374 5486 1449 5527 iv.
1480 5470 1535 5529 9.

2052 3304 2207 3373 ὑμῶν
2260 3300 2479 3371 εὕρημα
2504 3317 2517 3331 ο
2548 3300 2643 3355 νῦν
2672 3299 2728 3352 δὲ
2766 3300 2905 3369 μετὰ
2937 3294 3032 3348 τοῦ
3056 3289 3398 3360 Μονογενοῦς
3430 3290 3526 3342 καὶ
3565 3286 3626 3340 τδ

2052 3399 2183 3461 Υἱὸς
2211 3394 2527 3465 λεγόμενον,
2555 3393 2614 3445 οὗ
2638 3391 2851 3445 δίδωσιν
2871 3386 3012 3441 οὕτω
3035 3386 3174 3438 νοεῖν
3201 3382 3293 3435 τὸν
3315 3378 3624 3448 Μονογενῆ,

2051 3488 2187 3547 ἀλλὰ
2218 3488 2309 3542 τὸν
2345 3487 2505 3557 μόνον
2536 3480 2865 3553 γεννηθέντα
2894 3480 2959 3532 ὲκ
3000 3476 3094 3530 τοῦ
3124 3474 3360 3543 Πατρός.
3395 3472 3542 3542 Ὅρα
3569 3468 3628 3523 δέ

2057 3599 2168 3654 μοι,
2198 3581 2279 3635 ὅτι
2308 3578 2496 3649 ὥσπερ
2530 3577 2642 3630 ἄνω
2668 3571 2842 3637 εἷπεν,
2873 3572 2954 3625 ὅτι
2993 3572 3019 3624 6
3044 3568 3172 3631 Υἰδς
3202 3566 3295 3620 τοῦ
3335 3561 3628 3654 ἀνθρώπου

2057 3652 2266 3744 κατέϐη
2299 3673 2363 3724 ὲκ
2399 3667 2495 3724 τοῦ
2525 3665 2782 3738 οὐρανοῦ,
2810 3662 2987 3718 καίτοι
3015 3659 3078 3713 ού
3107 3656 3313 3728 κατέϐη
3342 3656 3376 3724 ἡ
3404 3652 3544 3724 σὰρξ
3568 3654 3633 3744 ἐκ

2055 3767 2149 3821 τοῦ
2182 3740 2444 3834 οὐρανοῦ,
2484 3759 2600 3813 ἀλλ’
2642 3758 2791 3827 ὅμως
2847 3754 2938 3807 διὰ
2980 3750 3041 3804 τὸ
3078 3748 3136 3802 ἓν
3170 3747 3485 3818 πρόσωπον,
3536 3740 3634 3834 καλ

2056 3861 2157 3924 τὴν
2207 3832 2336 3926 μίαν
2375 3852 2704 3911 ὑπόστασιν,
2753 3845 2823 3899 τὰ
2867 3843 2962 3898 τοῦ
3012 3839 3169 3917 Θεοῦ.
3197 3837 3513 3926 προσέθηκε
3554 3832 3632 3926 τῷ

2059 3921 2361 4020 ἀνθρῶπῳ·
2387 3942 2532 3998 οὕτω
2559 3936 2839 3995 κάνταῦθα
2864 3937 2925 3989 τὸ
2946 3930 3181 4004 ἔμπαλιν
3201 3929 3273 3982 τὰ
3299 3927 3396 3982 τοῦ
3426 3921 3635 4020 ἀνθρὼῖ

2060 4017 2178 4095 που-
2194 4017 2514 4110 προστίθησι
2539 4031 2617 4103 τῷ
2646 4029 2765 4099 Θεῷ
2792 4027 2969 4098 Λόγῳ.
2998 4025 3209 4078 Ἔδωκε
3237 4020 3369 4110 γὰρ,
3397 4018 3584 4110 φησιν,
3606 4017 3637 4069 6

2063 4127 2197 4183 Θεὸς
2222 4106 2313 4177 τὸν
2340 4122 2469 4176 Υἰδν
2496 4116 2662 4174 αὑτοῦ
2693 4119 2775 4180 είς
2800 4115 3051 4169 θάνατον·
3080 4111 3258 4166 καίτοι
3277 4112 3306 4162 ό
3337 4106 3469 4170 Θεὸς
3494 4108 3638 4161 6m-

2064 4218 2163 4290 θὴς
2193 4217 2461 4287 διέμεινεν
2484 4229 2499 4244 ’
2530 4210 2647 4265 ἀλλ’
2679 4208 2801 4263 ἐπεὶ
2849 4202 2931 4271 εἷς
2961 4205 3054 4261 καὶ
3078 4204 3107 4257 6
3150 4201 3314 4265 αὐτὸς
3351 4200 3472 4254 καθ’
3505 4196 3639 4251 61:6-

2068 4327 2258 4366 στασιν
2302 4304 2370 4380 ἦν
2409 4308 2437 4361 ὅ
2483 4322 2543 4360 τε
2576 4303 2671 4358 τοῦ
2719 4301 2857 4357 Θεοῦ
2911 4300 3113 4368 Λόγος,
3172 4296 3270 4349 καὶ
3316 4295 3346 4347 6
3387 4293 3459 4345 τὰ
3494 4290 3640 4380 πάθη

2068 4379 2433 4471 ὑφιστάμενος
2458 4396 2743 4468 ἄνθρωπος
2765 4413 2779 4427 ⁸
2814 4395 2843 4448 6
2880 4392 3008 4455 Υίδς
3034 4389 3253 4457 λέγεται
3292 4381 3554 4446 διδόσθαι,
3584 4379 3642 4444 δς

2070 4494 2164 4548 καὶ
2208 4490 2423 4561 ἀληθῶς
2453 4489 2694 4557 ἔπασχεν
2729 4487 2788 4541 ὲν
2818 4487 2885 4555 τῇ
2915 4481 3092 4553 οἰκείᾳ
3120 4476 3283 4550 σαρκί
3312 4474 3447 4545 (l9).
3481 4472 3546 4527 Τί

1998 4547 2041 4601 D
2158 4547 2349 4651 κέρδος
2373 4547 2468 4631 τοῦ
2500 4547 2723 4647 δοθῆναι
2755 4547 3006 4628 τδνῖίόν
3029 4587 3044 4637 ;
3067 4547 3179 4632 ’Ὦς
3198 4547 3356 4638 *μέγα
3384 4566 3479 4617 καὶ
3506 4560 3646 4651 ὑπὲρ

2072 4649 2284 4725 ἔννοιαν
2318 4666 2694 4740 ἀνθρωπίνην,
2729 4663 2819 4717 ἵνα
2848 4662 2954 4726 πᾶς
2986 4662 3014 4714 ό
3046 4656 3318 4712 πιστεύων
3364 4655 3443 4716 είς
3465 4649 3644 4717 αὑτὸν,

2069 4762 2165 4818 δύο
2191 4761 2364 4816 ταῦτα
2402 4760 2638 4833 κερδάνῃ
2658 4772 2673 4786 ·
2707 4757 2766 4810 ἐν
2800 4756 2922 4828 μὲν,
2953 4754 3013 4808 τὸ
3046 4752 3121 4822 μὴ
3167 4746 3467 4803 ἀπολέσθαι
3489 4762 3504 4777 ·
3532 4743 3649 4797 ἓτε-

2077 4872 2167 4928 ρον
2203 4854 2300 4919 δὲ,
2348 4853 2409 4906 τὸ
2452 4850 2549 4906 καὶ
2596 4848 2743 4919 ζωὴν
2787 4847 2953 4919 ἔχειν,
3003 4843 3098 4898 καὶ
3148 4843 3355 4911 ταύτην
3408 4837 3643 4928 αἱιῖινιον.

2085 4926 2148 5000 Ἦ
2185 4946 2285 5016 μὲν
2317 4943 2425 5014 γὰρ
2464 4939 2699 5005 Παλαιὰ,
2755 4939 2881 5001 τοὺς
2933 4938 2991 4989 ἐν
3015 4933 3185 5004 ταύτῃ
3223 4926 3647 5003 εὐαρεστοῦντας

2077 5038 2156 5110 τῷ
2187 5036 2329 5107 Θεῷ,
2368 5034 2713 5106 μακρότητος
2737 5029 2965 5102 ἡμερῶν
2998 5026 3277 5099 ὲμπιπλᾷν
3312 5020 3642 5092 ὑπισχνεῖτοο

2078 5131 2141 5184 τὸ
2183 5129 2242 5184 δὲ
2269 5127 2623 5197 Εὑαγγέλιον,
2648 5124 2708 5177 οὑ
2740 5120 3063 5194 προσκαίρῳ
3091 5118 3203 5189 ζωῇ
3253 5113 3642 5185 φιλοτιμεῖται,

2078 5212 2217 5276 ἀλλὰ
2240 5221 2335 5275 καὶ
2368 5219 2572 5290 αἰωνίῳ
2594 5218 2693 5272 καὶ
2724 5211 3071 5284 ἁκαταλύτῳ.
3121 5210 3277 5265 Ἐπεὶ
3304 5206 3362 5261 δὲ
3392 5205 3484 5259 δύο
3514 5202 3644 5256 είσὶν

2080 5312 2139 5367 αἱ
2170 5311 2264 5365 τοῦ
2316 5308 2550 5382 Χριστοῦ
2590 5304 2915 5381 παρονσίαι,
2956 5303 2993 5375 ἧ
3035 5319 3095 5356 τε
3148 5299 3253 5371 ἢδη
3284 5292 3641 5367 γεγενημένην

1362 5590 1455 5650 Ex
1487 5586 1832 5651 collatione
1862 5590 2045 5653 codd.
2081 5589 2310 5650 Venet.
2343 5584 2405 5646 S.
2436 5583 2661 5645 Mam.

481 5713 594 5787 (l9)
632 5713 767 5771 Cod.
817 5712 881 5770 3i
916 5711 1166 5786 plenius:
1204 5715 1301 5778 Ὃς
1328 5714 1421 5767 καὶ
1449 5713 1664 5787 άληθῶς
1688 5714 1943 5784 ἔπασχεν,

2082 5710 2148 5779 τῇ
2178 5706 2355 5778 οἰκείᾳ
2390 5704 2573 5776 φύσει,
2610 5702 2748 5758 ἀλλὰ
2779 5702 2845 5775 τῇ
2873 5697 3049 5770 οἰκιίᾳ
3077 5695 3260 5771 σαρκί.

486 5855 562 5927 (a)
588 5854 730 5912 Edit.
762 5853 881 5912 Lul.
915 5873 1019 5913 non
1050 5859 1206 5915 habet
1239 5854 1583 5924 unigenitum.
