3920 6572
252 509 386 577 1⁵2ιῖ

911 506 1361 577 ΕΝΑΒΒΑΠἸΟ
1402 507 1484 568 ΙΝ
1525 502 1871 569 EVANGEL

1976 503 2029 565 M
2067 500 2674 570 IOANNIS.-CAP.
2722 505 2845 569 III.

3387 500 3525 570 ιειι

251 630 394 700 καὶὴ
419 626 707 698 μέλλουσα,
731 624 982 698 περὶτῆς
1029 622 1305 697 προτέρας
1330 624 1483 695 λέγει
1505 625 1831 697 παρουσίας.
1861 662 1871 681 ι

1976 623 2119 680 riore
2146 624 2374 679 adventu
2413 625 2565 693 dicit,
2594 623 2738 696 quod
2775 638 2879 679 non
2912 620 3113 679 missus
3142 619 3214 678 sit
3239 617 3412 677 Filius
3450 628 3517 676 ut

252 723 333 777 δτι
362 720 462 773 οὐκ
491 718 771 788 ἀπεστάλη
803 720 831 772 6
855 716 981 781 Υἱὸς
1038 718 1126 771 ἵνα
1155 716 1461 789 κατακρίνῃ
1486 715 1579 770 τὸν
1610 716 1832 786 κόσμον.

266 812 421 867 Ἐπεὶ
450 811 500 865 εἰ
532 813 627 865 ἐπὶ
676 810 837 865 τοῦτο
862 806 1016 882 ἦλθε.
1055 812 1257 873 πάντες
1283 811 1352 865 ἂν
1392 812 1799 885 κατεκρίθησαν
1818 828 1833 845 ο

257 905 458 967 πάντες
483 902 590 973 γὰρ
623 902 897 973 ἥμαρτον,
925 901 1069 956 καθὰ
1099 904 1195 955 καὶ
1226 901 1440 985 Παῦλός
1473 919 1640 973 φησιν
1658 918 1673 935 ο
1703 900 1840 956 ἀλλὰ

259 993 690 1064 προηγουμένως
725 992 816 1046 ἐπὶ
856 993 916 1047 τὸ
948 993 1124 1047 σῶσαι
1176 993 1272 1047 τὸν
1323 993 1528 1063 κόσμον
1557 988 1712 1066 ἦλθε,
1745 994 1841 1048 καὶ

261 1088 418 1142 τοῦτο
447 1087 648 1151 σκοπὸς
674 1083 744 1157 ἦν
770 1087 918 1159 αὐτῷ
940 1102 956 1119 ο
990 1086 1132 1141 κατὰ
1180 1086 1532 1158 συμϐεϐηκὸς
1569 1087 1625 1140 δὲ
1661 1086 1840 1159 κρίνει

259 1185 386 1249 τοὺς
419 1184 494 1255 μὴ
530 1183 953 1247 πιστεύσαντας.
998 1184 1059 1237 'O
1094 1185 1280 1255 μέντοι
1312 1184 1608 1245 Μωσαῖκὸς
1652 1184 1839 1255 νόμος,

262 1277 693 1349 προηγουμένως
725 1277 805 1340 εἰς
838 1274 1062 1347 ἔλεγχον
1088 1275 1192 1345 τῆς
1241 1274 1519 1347 ἁμαρτίας
1546 1270 1677 1346 ἦλθε
1698 1314 1714 1341 ,
1748 1275 1845 1328 καὶ

260 1369 594 1439 κατάκρισιν
619 1367 730 1451 τῷν
752 1364 1227 1437 παραϐαινόντων.
1255 1366 1449 1420 Οὐδενὶ
1477 1366 1586 1438 γὰρ
1614 1363 1847 1435 συνεχώ-

263 1478 365 1531 ρει,
397 1460 514 1513 ἀλλ’
550 1459 666 1530 ἅμα
712 1476 772 1511 τε
818 1451 980 1529 εὗρεν
1027 1456 1416 1528 ἁμαρτάνοντά
1453 1472 1541 1523 τι,
1590 1458 1686 1510 καὶ
1728 1455 1846 1526 ἅμα

260 1556 360 1622 τὴν
396 1553 552 1623 δίκην
585 1553 811 1621 ἐπῆγεν.
851 1550 915 1605 Ἦ
956 1550 1057 1622 μὲν
1092 1547 1186 1605 οὖν
1219 1550 1412 1622 πρώτη
1442 1550 1713 1621 παρουσία
1746 1550 1847 1604 οὐκ

263 1642 375 1716 εἶχε
405 1645 609 1699 σκοπὸν
631 1645 691 1698 τὸ
715 1645 947 1714 κρίνειν,
972 1647 1020 1698 εἱ
1051 1643 1124 1714 μὴ
1165 1644 1307 1698 κατὰ
1334 1644 1698 1715 συμϐεϐηκὸς,
1722 1644 1849 1708 τοὺς

263 1739 675 1810 ἀπιστήσαντας
701 1754 714 1768 ο
748 1731 895 1792 οὗτοι
940 1738 1050 1807 γὰρ
1088 1738 1188 1809 ἢδη
1227 1738 1511 1810 κέκρινται
1553 1756 1566 1769 ’
1624 1738 1657 1807 ἡ
1699 1736 1756 1790 δέ
1785 1753 1850 1804 γε

262 1832 496 1899 δευτέρα
526 1830 818 1902 παρουσία,
840 1831 1058 1895 πάντως
1074 1832 1166 1884 ἐπὶ
1196 1829 1270 1900 τῷ
1298 1831 1505 1894 πάντας
1529 1831 1734 1901 κρῖναι,
1754 1828 1849 1882 καὶ

268 1923 563 1980 ἀποδοῦναι
604 1924 820 1997 ἑκάστῳ
869 1916 1021 1978 κατὰ
1066 1925 1135 1978 τὰ
1181 1923 1319 1998 ἔργα
1389 1922 1580 1988 αὐτοῦ,
1626 1921 1852 1994 γενήσε-

269 2034 380 2073 ται.

347 2132 367 2165 ι
428 2113 470 2166 O
510 2110 783 2167 πιστεύων
817 2111 897 2174 εἰς
925 2108 1017 2164 τὸν
1045 2110 1197 2175 Υίὸν,
1229 2109 1289 2163 ού
1321 2108 1570 2180 κρίνεται
1593 2124 1606 2137 ·
1641 2110 1668 2163 6
1690 2108 1747 2163 δὲ
1780 2106 1855 2179 μὴ

274 2204 569 2271 πιστεύων,
602 2204 704 2277 ἥδη
729 2203 1010 2275 κέκριται,
1043 2204 1125 2257 ὅτι
1157 2203 1230 2273 μὴ
1263 2203 1632 2256 πεπίστευκεν
1677 2203 1757 2264 είς
1795 2202 1856 2255 τὸ

269 2295 443 2365 ϐνομα
472 2293 567 2348 τοῦ
599 2293 925 2364 μονογενοῦς
965 2291 1093 2345 Υιοῦ
1122 2289 1217 2345 τοῦ
1256 2287 1414 2344 Θεοῦ.
1448 2289 1598 2360 Αὕτη
1627 2288 1685 2343 δέ
1710 2290 1860 2344 ἐστιν

272 2387 307 2458 ἡ
353 2385 571 2457 κρίσις,
605 2386 686 2439 ὅτι
731 2386 789 2439 τὸ
846 2384 964 2454 φῶς
1009 2380 1174 2454 ἦλθεν
1226 2383 1306 2443 εἰς
1352 2381 1446 2436 τὸν
1491 2382 1716 2451 κόσμον,
1764 2381 1861 2434 καὶ

272 2479 573 2548 ⁴ηγάπησαν
624 2479 673 2532 οἱ
725 2476 1008 2549 ἄνθρωποι
1072 2475 1275 2546 μᾶλλον
1321 2474 1383 2528 τὺ
1439 2474 1665 2540 σκότος,
1709 2473 1742 2545 ἢ
1800 2472 1862 2526 τὸ

277 2570 421 2640 φῶς·
467 2564 537 2640 ἦν
593 2568 703 2638 γὰρ
750 2570 964 2640 πονηρά
1025 2567 1207 2621 αὐτῶν
1247 2566 1317 2620 τὰ
1382 2565 1542 2635 ἔργα.
1589 2566 1704 2629 Πᾶς
1752 2563 1862 2633 γὰρ

274 2663 306 2716 6
347 2659 529 2730 φαῦλα
564 2661 858 2732 πράσσων,
896 2662 1048 2732 μισεῖ
1098 2659 1159 2715 τὸ
1192 2658 1331 2729 φῶς,
1373 2658 1470 2712 καὶ
1513 2658 1614 2711 οὐκ
1644 2656 1863 2727 ἔρχεται

280 2758 417 2824 “Pb;
461 2752 524 2807 τδ
571 2753 709 2823 φῶςν
757 2754 845 2808 ἵνα
895 2753 971 2824 μὴ
1032 2752 1265 2824 ἐλεγχθῇ
1327 2751 1399 2806 τὰ
1462 2750 1600 2823 ἔργα
1660 2734 1881 2806 αὐτοῦ(

278 2848 307 2902 6
351 2847 408 2901 δὲ
447 2846 621 2901 ποιῶν
665 2847 766 2920 τὴν
819 2846 1102 2918 ἀλήθειαν,
1139 2846 1362 2918 ἔρχεται
1410 2845 1548 2916 προς
1607 2844 1669 2898 τὸ
1727 2844 1865 2913 φῶς,

281 2940 370 2994 ἵνα
412 2938 702 3011 φανερωθῇ
758 2938 927 2992 αὐτοῦ
980 2939 1050 2995 τὰ
1100 2938 1260 3008 ἔργα,
1310 2939 1393 2993 δτι
1444 2939 1504 2991 ὲν
1550 2936 1670 3008 Θεῷ
1722 2937 1869 2989 ἐστιν

281 3029 643 3102 εἰργασμένα.
676 3048 695 3082 ι
733 3030 798 3083 Τί
830 3032 998 3094 ἐστιν,
1035 3048 1055 3082 ι
1104 3029 1163 3084 Ὁ
1193 3028 1464 3083 πιστεύων
1493 3029 1576 3093 εἰς
1600 3027 1692 3082 τὸν
1717 3027 1867 3092 Υἱδν,

284 3124 344 3178 οὐ
374 3125 657 3193 κρίνεταις
698 3142 718 3174 ›
756 3117 902 3195 ’Δρα
933 3122 1064 3194 γὰρ,
1098 3123 1195 3176 ἐὰν
1235 3121 1552 3192 ἀκάθαρτον
1588 3122 1690 3193 ἔχῃ
1726 3119 1867 3190 βίον,

282 3215 342 3269 οὐ
371 3216 932 3286 κρίνεται;Μάλιστα
971 3216 1072 3285 μὲν
1119 3215 1247 3278 τοὺς
1287 3212 1565 3278 τοιούτους
1587 3210 1710 3265 οὐδὲ
1743 3227 1872 3282 γνη-

1938 715 2268 771 condemnet
2292 718 2592 782 mundum;
2627 716 2754 785 quia
2784 714 2828 769 si
2864 724 3084 785 propter
3118 712 3222 769 hoc
3254 711 3520 776 venisset,

1939 808 2285 864 condemnati
2336 807 2566 864 fuissent
2618 808 2806 877 utique
2854 821 3066 864 omnes.
3115 804 3319 862 Omnes
3367 804 3516 860 enim

1940 895 2402 969 peccaverunt”,
2436 899 2579 954 sicut
2605 905 2660 951 et
2697 896 2894 952 Paulus
2917 898 3071 954 dicit.
3105 895 3213 952 Sed
3249 894 3522 964 praecipue

1942 992 2008 1045 ad
2041 992 2144 1046 hoc
2174 992 2343 1056 venit,
2390 1000 2450 1044 ut
2480 988 2743 1044 mundum
2790 998 3053 1055 servaret,
3088 996 3249 1057 atque
3277 987 3392 1042 haec
3428 985 3527 1040 in-

1945 1084 2116 1139 tentio
2149 1083 2267 1154 ejus
2310 1080 2413 1137 fuit
2452 1099 2468 1135 :
2524 1096 2624 1152 per
2660 1079 2915 1135 accidens
2949 1090 3130 1133 autem
3176 1078 3387 1147 judicat
3426 1089 3524 1131 eos

1946 1173 2039 1243 qui
2087 1188 2197 1228 non
2242 1170 2611 1227 crediderunt.
2661 1165 2772 1222 Lex
2803 1181 2932 1222 vero
2979 1163 3218 1221 Mosaica
3259 1164 3531 1236 praecipue

1945 1264 2114 1327 venit,
2147 1272 2207 1317 ut
2241 1262 2668 1334 reprehenderet
2721 1269 3028 1330 peccatum,
3058 1267 3114 1314 ει
3144 1258 3535 1314 condemnaret

1946 1356 2390 1426 prmvaricautes.
2421 1352 2565 1410 Nulli
2592 1354 2735 1410 enim
2761 1352 3017 1424 ignoscit,
3050 1351 3144 1407 sed
3165 1350 3326 1405 simul
3359 1358 3530 1420 atque

1950 1448 2222 1504 invenerit
2262 1453 2579 1518 peccaan
2627 1446 2680 1500 in
2717 1444 2925 1516 aliquo,
2958 1456 3175 1515 ptenam
3216 1439 3401 1497 infert.
3432 1439 3539 1495 lta-

1951 1555 2057 1611 que
2088 1540 2298 1612 primus
2329 1539 2594 1594 adventus
2627 1552 2732 1593 non
2782 1546 3007 1609 propter
3031 1534 3297 1606 judicium
3337 1534 3537 1600 factus,

1952 1635 2057 1689 nisi
2084 1649 2181 1704 per
2204 1632 2478 1698 accidens,
2505 1630 2759 1698 iudicans
2790 1644 2884 1686 eos
2909 1629 2999 1700 qui
3027 1643 3136 1684 non
3167 1624 3536 1691 crediderunt,

1952 1729 2042 1800 qui
2074 1727 2187 1797 jam
2207 1725 2434 1796 judicati
2474 1732 2634 1792 sunt;
2665 1721 2939 1781 secundus
2967 1736 3098 1778 vero
3118 1721 3223 1776 erit
3254 1728 3314 1776 ut
3348 1731 3541 1773 omnes

1949 1823 2181 1894 judicet,
2222 1829 2275 1875 ει
2303 1819 2598 1889 unicuique
2631 1816 2932 1874 secundum
2957 1830 3123 1888 opera
3158 1829 3257 1870 sua
3282 1813 3469 1869 faciat.

2032 2091 2196 2145 Vsus.
2223 2085 2407 2143 i8—2l.
2435 2106 2453 2140 ι
2481 2084 2583 2153 Qui
2607 2082 2852 2141 creditin
2874 2080 3545 2152 Filium,nonjudicatur:

1961 2183 2052 2256 qui
2086 2196 2215 2238 vero
2258 2195 2362 2236 nou
2404 2178 2615 2243 credit,
2659 2178 2770 2248 jam
2797 2175 3073 2244 judicatus
3110 2182 3215 2239 est,
3269 2174 3395 2243 quia
3432 2189 3543 2229 non

1961 2277 2196 2335 credidit
2220 2275 2270 2330 in
2294 2288 2487 2330 nomen
2512 2269 2777 2342 nnigeniti
2802 2267 2923 2323 Filii
2957 2266 3078 2322 Dei.
3106 2264 3232 2323 Haec
3253 2273 3340 2322 est.
3364 2274 3543 2321 autem

1963 2366 2377 2434 condemnatio,
2413 2365 2559 2435 quod
2602 2363 2691 2418 lux
2723 2361 2874 2417 venit
2926 2361 2983 2416 in
3024 2360 3287 2415 mundum
3313 2396 3330 2423 ,
3364 2366 3419 2413 et
3463 2356 3551 2413 di-

1964 2464 2218 2521 lexerunt
2244 2460 2496 2516 homines
2517 2454 2687 2527 magis
2704 2454 2961 2509 tenebras
2980 2467 3146 2522 quam
3163 2450 3360 2507 lucem.
3379 2450 3550 2505 Erant

1967 2558 2112 2614 enim
2158 2569 2346 2611 eorum
2399 2565 2563 2623 opera
2603 2547 2769 2604 mala.
2820 2545 3015 2603 Omnis
3061 2545 3205 2602 enim
3259 2543 3351 2614 qui
3408 2543 3549 2599 mala

1968 2649 2101 2717 agit,
2131 2645 2245 2700 odit
2274 2644 2479 2708 lucem,
2539 2654 2640 2694 nec
2668 2636 2816 2693 venit
2845 2636 2909 2690 ad
2936 2635 3133 2698 lucem,
3165 2647 3232 2687 ne
3254 2639 3554 2703 arguantur

1968 2756 2135 2812 opera
2164 2738 2354 2807 ipsius.
2386 2733 2489 2803 Qui
2539 2742 2720 2788 autem
2750 2737 3013 2803 operatur
3046 2728 3356 2793 veritatem,
3404 2726 3556 2782 venit

1971 2835 2035 2888 ad
2068 2835 2245 2889 lucem
2268 2839 2373 2909 aut
2402 2827 2695 2898 conspicua
2737 2825 2869 2880 fiant
2898 2823 3038 2877 facta
3071 2820 3269 2893 ipsius,
3293 2819 3434 2891 quod
3456 2832 3557 2889 per

1971 2928 2139 2982 Deum
2163 2926 2273 2979 sint
2297 2923 2460 2979 facta.
2504 2940 2524 2973 ι
2555 2919 2693 2986 Quid
2733 2926 2835 2982 est,
2886 2935 2903 2967 ι
2939 2914 3040 2982 Qui
3066 2913 3240 2970 credit
3265 2913 3320 2966 in
3358 2910 3555 2967 Filium

1974 3020 2134 3094 545
2165 3033 2271 3075 non
2301 3014 2615 3088 judicatur?
2651 3032 2669 3065 ι
2708 3008 2960 3080 Nunquid
2991 3009 3036 3063 si
3071 3006 3401 3063 immundam
3433 3019 3561 3072 ege-

1976 3119 2047 3171 rit
2096 3117 2297 3179 vitam,
2347 3125 2454 3164 non
2506 3105 2816 3179 iudicatur?
2864 3101 3099 3158 Maxime
3149 3100 3387 3169 quidem.
3437 3094 3557 3151 Non

1976 3211 2119 3268 enim
2152 3222 2277 3264 vere
2304 3205 2491 3263 fideles
2539 3211 2666 3259 sunt
2700 3197 2991 3270 ejusmodi,
3041 3205 3099 3251 ut
3147 3193 3345 3249 Paulus
3370 3192 3503 3247 dicit
3540 3207 3556 3244 :

287 3284 420 3374 σίως
458 3310 684 3372 πιστοὺς
724 3311 751 3362 6
785 3284 996 3373 Παῦλός
1035 3325 1192 3378 φησι.
1246 3326 1265 3359 ι
1311 3305 1444 3360 Θεὸν
1491 3306 1623 3377 γάρ,
1672 3304 1867 3376 φησιν.

1982 3322 2000 3357 ι
2044 3304 2209 3358 Deum
2245 3301 2389 3356 enim
2414 3339 2429 3359 .
2477 3295 2688 3362 inquit,
2723 3292 2961 3348 fatentur
2995 3303 3055 3345 se
3095 3287 3275 3349 scire.
3306 3284 3562 3354 operibus

284 3401 643 3472 ὁμολογοῦσιν
665 3402 883 3466 εἰδέναι,
906 3405 1017 3465 τοῖς
1044 3400 1099 3479 δε
1124 3400 1306 3472 ἔργοις
1330 3397 1645 3468 ἀρνοῦνται.
1683 3415 1700 3448 ι
1727 3395 1874 3468 Πλὴν

288 3492 523 3548 ἐνταῦθα
557 3491 713 3545 τοῦτό
748 3508 934 3562 φησιν,
962 3490 1043 3544 ὅτι
1074 3489 1197 3544 κατ’
1225 3490 1358 3544 αὐτὸ
1383 3486 1543 3542 τοῦτο
1563 3487 1623 3542 τὸ
1653 3487 1878 3540 πιστεῦ-

290 3600 415 3647 σαι,
447 3584 508 3638 ού
550 3582 820 3655 κρίνεται”
852 3582 961 3635 τῶν
992 3581 1175 3653 μέντοι
1209 3579 1460 3652 πονηρῶν
1510 3579 1690 3651 ἔργων
1717 3578 1878 3649 χαλεο

293 3678 549 3747 πιοτέρας
583 3675 814 3740 εὐθύνας
852 3675 1042 3729 δώσει·
1086 3673 1345 3738 ἀπιστίας
1377 3673 1433 3727 δὲ
1473 3672 1658 3727 ἕνεκεν
1683 3672 1745 3724 ού
1786 3688 1880 3725 κο-

290 3772 514 3836 λάζεται
536 3787 549 3800 ⁸
585 3769 733 3838 ἅπαξ
758 3771 866 3840 γάρ
892 3770 1233 3822 ἐπίστευσεν.
1266 3785 1283 3818 ι
1322 3765 1381 3820 'O
1401 3765 1457 3818 δὲ
1484 3765 1559 3837 μὴ
1584 3764 1876 3830 πιστεύων,

292 3865 394 3936 ἤδη
432 3865 713 3937 κέκριται.
758 3882 775 3915 ι
813 3862 970 3929 Πῶς;
1003 3860 1230 3932 Πρῶτον
1267 3859 1402 3931 μὲν,
1436 3858 1519 3911 ὅτι
1551 3858 1646 3911 καὶ
1673 3855 1814 3929 αὕτη
1846 3858 1880 3928 ἡ

295 3959 523 4013 ἀπιστία
567 3954 896 4040 κατάκρισίς
942 3956 1082 4009 ἐστι.
1124 3953 1199 4008 Τδ
1244 3953 1354 4024 γάρ
1387 3952 1548 4015 ἐκτὸς
1592 3947 1735 4005 εἶναι
1786 3948 1880 4005 τοῦ

296 4052 497 4123 φωτὸς,
525 4049 657 4105 αὐτὸ
690 4051 849 4121 μόνον
878 4047 1123 4120 τιμωρία
1169 4047 1423 4118 μεγίστη.
1461 4046 1694 4100 Ἔπειτα
1724 4046 1773 4098 εἰ
1807 4042 1883 4115 μὴ

296 4144 393 4199 καὶ
425 4143 679 4198 ἐντεῦθεν
728 4142 828 4215 ἤδη
879 4144 944 4214 τῇ
999 4141 1192 4213 γεέννῃ
1241 4139 1464 4205 δίδοται,
1500 4138 1618 4193 ἀλλ’
1663 4135 1756 4191 οὖν
1784 4136 1884 4202 τὰς

298 4238 554 4309 ἀφορμὰς
587 4238 687 4307 τῆς
725 4236 1030 4307 μελλούσης
1058 4234 1332 4305 τιμωρίας
1366 4230 1617 4286 ἐντεῦθεν
1656 4229 1881 4301 συνῆξεο

300 4331 554 4400 καθάπερ
602 4329 696 4382 καὶ
728 4330 756 4383 6
791 4330 1018 4399 φονεὺς,
1057 4324 1159 4380 κᾶν
1210 4324 1286 4396 μὴ
1328 4325 1395 4395 τῇ
1444 4322 1609 4394 ψήφῳ
1641 4321 1735 4377 τοῦ
1768 4320 1889 4394 κρί-

300 4441 480 4487 νοντος
528 4420 933 4492 καταδικασθῇ,
980 4421 1046 4491 τῇ
1096 4416 1190 4471 τοῦ
1238 4418 1566 4490 πράγματος
1610 4414 1889 4470 καταδεδί-

301 4534 501 4573 κασται
528 4516 723 4587 φύσει·
757 4515 853 4569 καὶ
880 4515 909 4567 6
949 4513 1126 4583 Ἀδὰμ
1150 4513 1226 4575 δὲ,
1330 4509 1514 4583 ἡμέρᾳ
1545 4509 1752 4577 ἔφαγεν
1783 4507 1888 4562 ἀπὸ

300 4611 398 4665 τοῦ
428 4609 584 4675 ξύλου
605 4651 620 4676 ,
662 4607 900 4663 ἀπέθανε
923 4647 937 4672 ,
968 4603 1147 4659 καίτοι
1187 4603 1317 4675 ἔζη,
1349 4602 1488 4657 ἀλλὰ
1514 4605 1582 4675 τῇ
1615 4602 1888 4674 ἀποφάσει

1979 3405 2156 3452 autem
2191 3403 2387 3465 negant
2409 3389 2480 3445 ⁸⁸.
2511 3407 2530 3440 ι
2557 3387 2939 3443 Verumtamen
2974 3383 3076 3438 hoc
3097 3380 3217 3436 loco
3237 3379 3387 3445 dicit,
3417 3374 3564 3447 quod

1979 3498 2199 3560 propter
2240 3487 2416 3553 ipsum
2462 3481 2690 3538 credere
2726 3494 2831 3532 non
2860 3475 3135 3546 judicatur
3163 3488 3179 3528 :
3211 3469 3357 3525 dabit
3382 3476 3565 3523 autem

1983 3559 2171 3652 pugnas
2203 3591 2395 3649 graves
2427 3572 2695 3630 malorum
2731 3584 2957 3639 operum
2993 3585 3008 3622 :
3055 3573 3279 3636 propter
3311 3559 3567 3617 incredu-

1984 3676 2189 3731 litatem
2227 3680 2406 3726 autem
2438 3681 2599 3737 quam
2634 3679 2738 3719 non
2775 3660 2963 3727 habet,
3004 3673 3114 3713 non
3145 3654 3400 3727 punietur
3433 3667 3448 3706 :
3482 3664 3570 3706 se-

1985 3768 2091 3826 mel
2127 3766 2269 3821 enim
2302 3761 2558 3818 credidit.
2596 3776 2616 3810 ι
2661 3754 2850 3824 Atqui
2886 3768 2992 3809 non
3027 3748 3287 3813 credidit,
3334 3745 3446 3816 jam
3473 3741 3567 3813 ju-

1985 3863 2197 3919 dicatus
2235 3865 2341 3912 est.
2379 3874 2395 3907 ι
2430 3850 2752 3920 Quomodo?
2787 3832 3281 3912 Primumquidem
3308 3836 3567 3910 quoniam

1985 3964 2041 4009 et
2086 3952 2199 4022 ipsa
2251 3944 2608 4003 incredulitas
2649 3938 3032 3996 condemnatio
3075 3942 3162 3991 est.
3200 3948 3214 3987 :
3251 3945 3373 3987 esse
3423 3928 3571 3982 enim

1985 4055 2135 4102 extra
2191 4042 2400 4101 lucem,
2456 4049 2553 4104 per
2593 4048 2651 4088 se
2705 4030 3001 4085 maximum
3059 4023 3388 4096 supplicium
3442 4026 3570 4082 est;

1987 4134 2182 4192 deinde
2221 4125 2468 4199 quamvis
2499 4139 2605 4180 non
2641 4122 2729 4178 hic
2775 4119 3038 4190 gehennae
3082 4113 3315 4170 traditus
3341 4112 3447 4176 sit,
3478 4106 3576 4165 sed

1990 4221 2344 4293 congregavit
2375 4219 2465 4273 hic
2495 4214 2661 4271 futuri
2695 4211 2942 4285 supplicii
2973 4206 3313 4272 occasiones,
3341 4204 3485 4260 sicut
3520 4210 3576 4256 et

1991 4316 2282 4382 homicida,
2306 4309 2516 4368 tametsi
2539 4324 2646 4364 non
2665 4305 2930 4363 sententia
2946 4301 3146 4372 judicls
3164 4298 3578 4357 condemnetur,

1992 4423 2183 4470 natura
2225 4420 2405 4463 tamen
2445 4403 2518 4458 rei
2575 4400 2974 4457 condemnatus
3018 4404 3122 4449 est.
3165 4390 3230 4446 Et
3270 4390 3443 4445 Adam
3494 4387 3582 4441 die

1992 4520 2099 4576 quo
2146 4500 2386 4557 cmnedit
2416 4497 2481 4552 de
2528 4494 2695 4564 ligno,
2733 4500 2978 4546 mortuus
3020 4485 3188 4550 est",
3245 4490 3301 4539 et
3332 4476 3584 4553 quamvis

1994 4601 2228 4660 viveret,
2255 4590 2527 4648 sententia
2564 4596 2746 4642 tamen
2771 4592 2825 4640 et
2854 4594 3047 4638 natura
3077 4577 3153 4632 rei
3185 4585 3431 4631 mortuus
3459 4570 3579 4624 fuit.

305 4705 401 4758 καὶ
436 4705 503 4775 τῇ
533 4701 625 4756 τοῦ
657 4701 984 4772 πράγματος
1011 4696 1172 4767 φύσει
1199 4694 1482 4767 τεθνηκὼς
1518 4691 1610 4767 ἦν.
1654 4698 1767 4760 Πᾶς
1797 4694 1871 4749 οῦκ

2001 4688 2192 4744 Omnis
2221 4686 2389 4756 igitur
2419 4678 2736 4738 incredulus
2770 4676 2859 4732 hic
2892 4673 3005 4745 jam
3042 4669 3437 4727 condemnatus
3465 4670 3582 4726 est,

304 4797 559 4860 ἄπιστος,
603 4792 933 4862 κατάκριτός
967 4792 1115 4844 ἐστιν
1146 4787 1399 4843 ἐντεῦθεν
1428 4787 1554 4859 ἤδη,
1591 4786 1667 4852 ὡς
1698 4788 1765 4857 τῇ
1795 4803 1890 4840 κο-

306 4890 464 4944 λάσει
486 4888 706 4950 πάντως
747 4880 1292 4955 παραδοθησόμενος,
1330 4880 1424 4934 καὶ
1455 4879 1577 4933 οὐδὲ
1602 4880 1683 4943 εἰς
1713 4878 1892 4949 κρίσιν

306 4981 705 5054 ἀχθησὸμενος,
743 4976 883 5030 κατὰ
915 4974 995 5039 τὸ,
1045 4991 1065 5020 ι
1102 4972 1217 5027 Ούκ
1247 4971 1645 5041 ἀναστήσονται
1678 4969 1895 5033 ἀσεϐεῖς

310 5079 370 5131 ὲν
411 5076 613 5146 κρίσει’
654 5091 673 5124 ι
713 5071 834 5140 om
880 5069 991 5138 γὰρ
1039 5067 1200 5136 λόγου
1247 5064 1524 5131 ἀξιοῦνται
1560 5063 1612 5118 οἱ
1641 5061 1893 5130 ἀσεϐεῖς,

309 5169 501 5239 ὥσπερ
538 5165 661 5221 οὐδὲ
690 5167 718 5219 6
746 5161 1013 5225 διάϐολος.
1051 5160 1141 5214 Ἐν
1168 5160 1349 5231 κρίσει
1384 5159 1482 5229 μὲν
1511 5153 1603 5212 οὖν
1636 5156 1738 5210 οὐκ
1763 5157 1897 5210 ἀνα-

2000 4790 2057 4835 ιιι
2087 4780 2179 4850 qui
2226 4753 2451 4834 omnino
2498 4770 2764 4843 supplicio
2800 4764 3100 4822 tradendus
3142 4771 3256 4823 est,
3294 4765 3350 4811 et
3390 4769 3500 4810 non
3530 4753 3585 4806 in

1996 4848 2261 4942 judicium
2288 4863 2693 4937 producendus,
2735 4858 2888 4947 juxta
2915 4854 3064 4920 illud,
3100 4869 3120 4903 ι
3151 4848 3266 4905 Non
3299 4849 3589 4915 resurgent

2004 4962 2153 5031 impii
2186 4960 2242 5014 in
2277 4957 2482 5029 judicio
2510 4954 2579 5008 ⁸³.
2620 4971 2639 5005 ι
2685 4943 2896 5020 Indigni
2930 4945 3074 5001 enim
3111 4943 3380 4998 habentur
3410 4946 3586 5031 utra-

2006 5029 2207 5111 tionem
2241 5055 2369 5109 dent
2407 5049 2579 5120 impii,
2624 5046 2768 5102 sicut
2807 5051 2864 5098 et
2912 5036 3179 5097 diabolus.
3228 5032 3283 5087 In
3322 5029 3587 5103 judicium

2002 5148 2168 5219 igitur
2201 5161 2308 5201 non
2343 5147 2667 5211 resurgent,
2708 5137 2801 5193 sed
2852 5136 2905 5189 in
2952 5127 3479 5189 condemnationem.
3512 5121 3590 5177 lta

311 5215 497 5239 “'""r
544 5215 659 5221 *τ’*
695 5215 712 5219 ν
754 5215 831 5218 -ηέ
886 5215 893 5216 ί
972 5215 990 5225 -
1212 5215 1224 5231 ι
1384 5215 1397 5229 1

311 5261 607 5332 στήσονται
630 5298 644 5321 ,
679 5258 738 5311 ὲν
770 5251 1097 5326 κατακρίσει
1122 5252 1201 5306 δέ.
1224 5251 1381 5308 Οὕτω
1406 5251 1502 5305 καὶ
1533 5251 1590 5303 ὲν
1618 5248 1695 5319 τῷ
1719 5246 1871 5316 Εύαγ

2003 5215 2060 5297 et
2090 5239 2144 5295 in
2179 5234 2473 5306 Evangeiio
2507 5232 2639 5288 dicit
2669 5230 2952 5294 Dominus,
2984 5224 3125 5296 quod
3151 5223 3401 5294 princeps
3427 5215 3592 5286 hujus

314 5354 482 5424 γελίῳ
513 5353 676 5423 φησιν
705 5351 734 5403 6
765 5348 989 5419 Κύριος,
1023 5348 1105 5401 ὅτι
1129 5345 1158 5399 6
1191 5345 1376 5417 ἄρχων
1407 5342 1500 5397 τοῦ
1540 5341 1748 5414 κόσμου
1775 5338 1902 5394 τού-

313 5464 432 5507 του,
468 5445 569 5517 ἦδη
602 5442 887 5512 κέκριται,
938 5439 1000 5492 ού
1041 5436 1205 5506 μόνον
1234 5435 1310 5497 ὡς
1346 5433 1512 5497 αὐτὸς
1559 5432 1900 5504 ἀπιστήσας,

2006 5330 2217 5396 mundi,
2246 5329 2359 5400 jam
2388 5325 2663 5397 judicatus
2708 5332 2791 5377 est
2834 5319 2905 5386 ⁸⁵,
2940 5334 3048 5375 non
3082 5316 3257 5372 solum
3288 5311 3431 5383 quod
3477 5311 3594 5379 ipse

2009 5438 2116 5478 nou
2150 5398 2469 5482 crediderit,
2516 5414 2608 5471 sed
2640 5413 2785 5483 quod
2815 5421 2871 5467 et
2912 5408 3108 5465 Judam
3142 5405 3477 5477 proditorem
3513 5398 3593 5455 fe-

314 5492 455 5594 dlliit
491 5492 740 5591 stitit;
784 5492 990 5587 ilotiBav
1040 5492 1309 5601 προδότην
1350 5492 1605 5600 ποιήσας,
1655 5492 1765 5580 καὶ.
1790 5492 1871 5578 toi

2010 5516 2169 5581 cerit,
2207 5522 2263 5568 et
2311 5510 2434 5566 aliis
2476 5506 2801 5579 perditionis
2856 5503 3019 5559 fuerit
3063 5507 3281 5556 auctor.
3335 5492 3594 5561 Quamvis

317 5632 501 5694 ἄλλοις
531 5629 633 5699 τῆς
668 5627 944 5689 ἀπωλείας
979 5623 1221 5692 γεγονὼς
1251 5621 1532 5692 πρόξενος.
1560 5621 1624 5675 Εἰ
1654 5619 1712 5673 δὲ
1742 5619 1772 5671 6
1794 5616 1906 5670 Κύ-

322 5742 440 5795 ριος
481 5725 538 5776 ἐν
585 5718 925 5791 παραϐολαῖς
952 5716 1186 5784 εἰσάγει
1229 5713 1359 5778 τοὺς
1395 5711 1904 5782 κολασθησομένους

319 5818 482 5887 λόγου
529 5810 903 5885 ἀξιουμένους,
956 5808 1033 5881 μὴ
1061 5806 1382 5879 θαυμάσῃςο
1416 5803 1634 5877 πρῶτον
1682 5800 1782 5872 μὲν
1821 5804 1903 5857 ὅτι

400 5997 445 6029 ⁸⁵
494 5994 650 6050 Ront.
695 6008 777 6060 ιιι,
821 5991 913 6047 25.
987 5990 1031 6023 ⁸⁸
1061 5986 1173 6044 Tit.
1228 6006 1269 6047 ι.
1306 5985 1393 6043 ‘6.
1467 5985 1513 6018 ⁸⁸
1564 5983 1699 6040 Gen.
1728 5996 1810 6049 ut,
1849 5978 1933 6035 l7.

2012 5619 2193 5671 autem
2251 5603 2514 5662 Dominus
2561 5602 2616 5656 in
2672 5596 2948 5671 parabolis
3003 5596 3235 5652 adducat
3292 5587 3597 5661 puniendos

2009 5700 2167 5771 quasi
2196 5713 2292 5754 eos
2325 5713 2352 5751 a
2383 5693 2586 5767 quibus
2615 5701 2866 5748 sumatur
2901 5691 3070 5753 ratio,
3099 5703 3167 5743 ne
3199 5683 3439 5741 mireris.
3477 5678 3596 5735 Pri—

2015 5810 2161 5851 mum
2191 5791 2412 5863 quidem
2443 5804 2508 5846 eo
2542 5788 2681 5859 ipso,
2726 5783 2856 5858 quia
2899 5781 3171 5856 parabolae
3201 5786 3327 5836 sunt
3364 5791 3428 5834 ea
3475 5787 3597 5847 quas

1994 6050 2004 6058 ι
2048 5977 2095 6011 ⁸³
2157 5974 2303 6032 Psal.
2338 5990 2375 6045 I,
2409 5972 2461 6030 5.
2539 5972 2587 6007 ⁸⁸
2615 5969 2776 6027 Joau.
2809 5981 2922 6036 xw,
2956 5964 3043 6021 ll.
