3960 6454
318 401 461 481 1215

1198 398 1777 467 TH-EOPHYLACTI
1806 392 2219 460 BULGARIE
2246 398 2605 463 ARCHIEP.

3443 382 3581 454 1216

319 509 607 579 dicuntur,
626 525 732 575 non
759 517 974 585 oportet
995 516 1173 569 autem
1197 510 1379 565 omnia
1413 525 1534 581 qua:
1555 506 1901 579 infparabolis

2011 505 2310 577 παραδολαί
2344 509 2456 563 εισι
2483 506 2552 563 τὰ
2575 502 2865 577 λεγόμενα,
2894 502 2990 560 καὶ
3017 501 3080 558 οὐ
3104 502 3189 558 δεῖ
3218 501 3400 559 πάντα
3428 502 3496 556 ea
3518 504 3581 556 ἐν

313 602 593 665 dicuntur,
625 602 780 671 quasi
828 616 1070 656 canones
1101 614 1166 659 ac
1198 599 1342 675 leges
1370 613 1671 657 assumere.
1722 599 1781 653 ιη
1805 597 1894 653 die

318 693 462 747 enim
496 678 987 764 illo'unusquisque
1008 693 1400 759 conscientiam
1445 691 1648 748 habens
1683 706 1782 761 pro
1804 690 1896 762 ju-

322 783 463 836 dicio
491 784 634 853 quod
672 784 779 836 l‘alli
812 792 1071 853 nequeat,
1109 798 1211 842 non
1246 798 1382 852 opus
1410 781 1624 841 habebit
1665 781 1771 836 alio
1805 782 1894 850 qui

322 872 701 938 reprehendat,
729 874 821 926 sed
849 873 1199 942 semetipsum
1228 874 1457 942 quisque
1482 871 1802 933 conlutabit.
1834 885 1899 927 ac

317 965 512 1020 abibit.
580 965 779 1029 Deinde
825 963 1085 1020 Dominus
1132 978 1239 1019 non
1297 962 1502 1019 inducit
1557 963 1896 1028 incredulos,

322 1057 463 1125 quod
517 1066 833 1117 mereantur
874 1066 931 1111 ut
976 1057 1243 1119 rationem
1293 1055 1521 1117 reddant
1570 1070 1586 1110 :
1635 1055 1731 1112 sed
1780 1069 1902 1111 tre-

321 1147 511 1203 dentes
542 1151 795 1219 quidem,
847 1165 910 1205 ac
947 1148 1429 1211 immisericordes.
1478 1147 1588 1204 Nos
1617 1161 1794 1213 autem
1837 1149 1903 1206 de

320 1239 502 1307 impiis
522 1252 575 1309 et
611 1241 917 1301 incredulis
944 1242 1238 1311 loquimur.
1286 1241 1446 1297 Aliud
1478 1250 1660 1299 autem
1688 1250 1774 1297 est
1804 1242 1905 1297 im-

322 1332 442 1402 pius
474 1348 537 1387 ac
564 1332 798 1397 infidelis
829 1350 842 1387 :
882 1343 935 1387 et
957 1333 1100 1388 aliud
1130 1332 1523 1401 immisericors
1550 1344 1902 1402 etpeccator.

327 1441 350 1475 ι
384 1421 493 1478 11οο
547 1435 631 1479 est
669 1426 933 1493 judicium
956 1466 972 1491 ,
1031 1426 1155 1503 quia
1185 1427 1272 1482 lux
1299 1429 1449 1489 venit
1481 1427 1531 1482 in
1558 1428 1841 1503 mundum.
1879 1443 1900 1478 ι

318 1509 572 1571 Ostendit
606 1518 709 1573 hoc
740 1519 858 1573 loco
886 1517 1134 1573 inﬁdeles
1157 1519 1303 1585 omini
1345 1520 1699 1575 excusatione
1732 1518 1905 1572 desti-

328 1616 490 1662 tutos.
529 1608 633 1663 Ista
664 1610 807 1673 enim
834 1610 1216 1665 condemnatio
1245 1620 1350 1676 est,
1382 1611 1578 1681 inquit,
1612 1611 1736 1680 quia
1761 1610 1906 1664 venit

324 1697 392 1752 ad
423 1712 519 1754 eos
547 1699 661 1765 lux,
693 1708 747 1752 et
778 1715 953 1768 neque
982 1699 1060 1763 sic
1096 1702 1163 1756 ad
1198 1701 1345 1755 illam
1382 1711 1756 1756 accesserunt.
1789 1697 1903 1752 Non

319 1787 468 1843 enim
505 1788 558 1843 in
596 1791 698 1845 hoc
727 1789 845 1846 solo
883 1801 1197 1860 poet-arant.
1235 1792 1378 1862 quod
1426 1792 1526 1861 ipsi
1571 1806 1675 1844 non
1710 1789 1909 1858 quaesi-

1995 599 2337 672 παραϐολαῖς
2369 600 2659 672 λεγόμενα,
2691 598 2770 663 ὡς
2797 597 2997 669 νόμους
3025 596 3121 650 καὶ
3142 597 3374 658 κανόνας
3402 608 3585 664 παρα-

1995 691 2318 764 λαμόάνειν.
2383 693 2474 748 Ἐν
2520 690 2631 763 γὰρ
2673 692 2744 763 τῇ
2795 688 2986 759 ἡμέρᾳ
3019 687 3204 758 ἐκείνη
3240 686 3476 747 ἕκαστος
3520 684 3583 740 το

1997 784 2237 849 συνειδὸς
2269 784 2409 855 ἔχων
2466 781 2915 853 ἀπαραλόγιστον
2960 778 3256 850 δικαστὴν,
3308 778 3377 831 οὐ
3410 778 3586 832 δεῖται

1998 875 2189 945 ἐτέρου
2237 876 2499 947 ἐλέγχου,
2549 873 2665 929 ἀλλ’
2717 869 3223 945 ἐγκεχαλινωμένοις
3274 868 3442 929 αὐτὸς
3493 865 3585 936 ὑφ’

1999 970 2196 1025 ἐαυτοῦ
2250 969 2492 1025 ἄπεισιν.
2554 968 2792 1023 Ἔπειτα
2839 966 2940 1021 οὐκ
2989 964 3256 1026 ἀπίστους
3306 960 3522 1028 εἰσάγει
3556 957 3591 1010 δ

2000 1059 2375 1131 Κύριοςάξιου
2383 1057 2578 1130 μένους
2593 1056 2782 1125 λόγου,
2804 1055 2942 1113 ἀλλά
2959 1055 3185 1116 πιστοὺς
3205 1050 3330 1121 μιν,
3348 1048 3592 1115 ἀσπλὰγ-

2000 1169 2162 1224 χνους
2191 1151 2250 1207 δέ
2290 1152 2387 1206 καὶ
2418 1150 2813 1223 ἀνελεήμονας.
2871 1145 3067 1218 Ἦμεῖς
3102 1144 3161 1197 δέ
3204 1142 3338 1213 περὶ
3370 1140 3591 1195 ἀσεϐῶν

2002 1246 2099 1300 καὶ
2123 1244 2367 1301 ἀπίστων
2395 1244 2646 1313 λέγομεν
2676 1241 2865 1309 ἕτερον
2888 1237 2947 1294 δέ
2977 1236 3181 1308 ἀσεδὴς
3203 1235 3300 1290 καί
3329 1232 3591 1294 ἄπιστος.

2004 1337 2096 1390 καὶ
2120 1336 2306 1408 ἕτερον
2327 1335 2519 1406 ἀνελεὴ
2529 1349 2645 1405 μων
2673 1333 2769 1386 καὶ
2794 1328 3137 1403 ἁμαρτωλός.
3162 1327 3246 1399 (η)
3302 1326 3593 1381 Δείκνυσιν

2007 1426 2245 1491 ἐνταῦθα
2297 1426 2481 1494 πάσης
2524 1423 2824 1493 ἀπολογίας
2870 1420 3297 1493 ἐστερημένους,
3338 1419 3470 1481 τοὺς
3517 1415 3597 1488 μὴ

2006 1520 2427 1579 πιστεύσαντας.
2457 1515 2604 1589 Αὕτη
2633 1517 2743 1587 γάρ
2775 1518 2925 1569 ἐστιν
2955 1516 2989 1584 ἡ
3017 1511 3370 1582 κατάκρισις,
3404 1509 3596 1579 φησιν,

2004 1613 2089 1667 ὅτι
2144 1608 2276 1682 ἦλθε
2335 1610 2473 1682 πρὸς
2512 1610 2711 1672 αὐτοὺς
2767 1607 2829 1662 τὸ
2864 1606 3002 1678 φῶς,
3050 1605 3173 1660 οὐδὲ
3209 1601 3389 1666 οὕτως
3426 1618 3599 1669 προσ-

2007 1706 2243 1775 έδραμον
2271 1703 2443 1774 αὐτῷ.
2476 1705 2550 1756 Οὐ
2585 1701 2697 1773 γὰρ
2721 1702 2883 1755 τοῦτο
2917 1701 3076 1770 μόνον
3092 1698 3367 1769 ἥμαρτον,
3392 1696 3477 1749 δτι
3495 1695 3598 1748 οὐκ

2009 1798 2284 1869 ἐζήτησαν
2327 1795 2483 1852 αὐτοὶ
2514 1795 2577 1847 τὸ
2624 1793 2762 1864 φῶς,
2806 1792 2943 1848 ἀλλά
2985 1792 3046 1845 τὺ
3077 1791 3353 1862 χείριστον
3429 1785 3603 1841 τοῦτό

323 1889 519 1935 verunt
548 1880 744 1948 lucem,
780 1858 1012 1940 sedilioc
1046 1858 1341 1952 pessimum
1372 1858 1494 1948 est,
1526 1882 1668 1949 quod
1701 1882 1791 1935 lux
1837 1884 1903 1934 ad

2011 1858 2187 1952 ἐστιν,
2220 1890 2302 1943 ὅτι
2341 1890 2518 1941 ἐκεῖνο
2554 1858 2685 1959 ἦλθε
2735 1858 2874 1953 πρὸς
2943 1858 3182 1948 aiatait—av
3204 1883 3300 1936 καὶ
3344 1882 3497 1951 ὅμως
3532 1880 3598 1933 οὗ

323 1970 445 2027 illos
468 1973 720 2039 venit,,et
750 1973 897 2026 illam
936 1990 1041 2033 non
1076 1984 1431 2045 susceperunt
1469 1991 1484 2029 :
1530 1984 1817 2047 propterea
1849 1980 1906 2025 et

325 2064 667 2130 condemnati
710 2072 858 2118 sunt.
894 2064 1026 2119 Nam
1055 2065 1323 2135 siquidem
1363 2079 1469 2118 non
1500 2063 1738 2118 venisset
1779 2062 1904 2129 lux,

326 2155 635 2225 patuissent
679 2155 929 2223 homines
979 2166 1280 2228 pruztcxere
1339 2156 1624 2229 ignorasse
1672 2171 1733 2223 se
1773 2155 1904 2225 quid

326 2255 472 2303 esset
502 2247 698 2302 bonum
736 2266 751 2303 :
787 2264 972 2309 verum
1001 2247 1123 2318 quia
1156 2248 1304 2307 venit
1337 2249 1553 2317 quidem
1590 2247 1731 2303 Deus
1769 2246 1906 2303 Ver-

327 2340 490 2409 bum,
511 2340 766 2409 deditque
810 2342 1032 2396 verbum
1068 2356 1228 2396 suum
1277 2354 1335 2396 ut
1379 2341 1754 2404 illuminaret,
1797 2355 1907 2394 non

328 2441 684 2501 susceperunt
734 2445 953 2498 autem,
991 2433 1066 2489 illi
1103 2433 1250 2489 omni
1299 2435 1651 2489 excusatione
1680 2433 1911 2504 posthac

328 2534 539 2580 carent.
569 2523 640 2582 Ut
675 2537 855 2582 autem
892 2525 1056 2603 546
1085 2528 1261 2582 nullus
1287 2529 1451 2594 dicat,
1478 2526 1650 2583 Nemo
1688 2527 1911 2597 praefert

331 2617 583 2672 tenebras
616 2617 755 2682 luci,
779 2621 931 2689 ponit
965 2635 1184 2674 causam
1218 2630 1443 2690 propter
1474 2635 1637 2690 quam
1670 2620 1912 2675 tenebris

332 2709 663 2765 adliaaseriut
697 2712 984 2775 homines:
1024 2730 1043 2764 ι
1087 2711 1253 2767 Erant
1278 2714 1455 2778 enim,
1498 2714 1708 2784 inquit,
1745 2727 1910 2783 Opera

333 2799 547 2854 illorqu
578 2801 737 2856 mala.
768 2820 788 2854 ι
837 2801 973 2869 Quia
1007 2804 1150 2858 enim
1182 2802 1636 2861 Christianismus
1669 2822 1775 2860 non
1823 2821 1913 2860 εο-

332 2888 442 2944 lum
474 2903 618 2946 recta
643 2894 919 2964 dogmata,
962 2897 1055 2951 Sed
1083 2905 1138 2951 et
1176 2897 1460 2953 honestam
1496 2897 1656 2952 sitam
1686 2899 1855 2969 exigit
1894 2915 1909 2953 :

332 2980 438 3051 ipsi
467 2994 645 3038 autem
680 2985 968 3041 voluerunt
1001 2988 1109 3041 luto
1148 2991 1351 3058 peccati
1389 2990 1626 3055 involvi,
1662 2990 1783 3045 ideo
1814 3005 1914 3044 no-

333 3072 453 3130 lunt
492 3076 721 3146 improbi
755 3081 819 3132 ad
865 3079 1038 3133 lucem
1074 3080 1475 3135 Christianismi
1514 3082 1723 3148 venire,
1763 3094 1817 3136 et
1855 3096 1915 3137 se

2009 1978 2413 2050 παρεδέξαντο·
2460 1977 2551 2031 διὰ
2586 1976 2748 2030 τοῦτο
2786 1977 2880 2031 καὶ
2921 1971 3390 2045 κατακεκριμένων
3438 1970 3596 2026 εἰσίν.

2006 2072 2071 2126 Εἰ
2109 2071 2208 2142 μὲν
2246 2071 2356 2142 γὰρ
2391 2070 2466 2141 μὴ
2504 2064 2637 2140 ἦλθε
2672 2069 2734 2122 τὸ
2773 2067 2911 2138 φῶς,
2951 2062 3098 2138 εἶχον
3137 2066 3206 2120 ἀν
3233 2067 3288 2120 οί
3318 2064 3611 2136 ἄνθρωποι

2006 2165 2230 2235 ἄγνοιαν
2257 2164 2352 2218 τοῦ
2386 2164 2554 2220 καλοῦ
2587 2159 2978 2234 προϐαλόαθαι*
3016 2161 3140 2213 ἐπεὶ
3183 2158 3242 2213 δὲ
3272 2154 3409 2229 ἦλθε
3442 2158 3541 2227 μὶν
3567 2157 3600 2209 ό

2006 2258 2139 2321 Θεδς
2172 2256 2367 2326 Λόγος,
2410 2255 2611 2313 δέδωκε
2644 2254 2701 2308 δὲ
2731 2254 2824 2308 τὸν
2861 2253 3019 2322 λόγον
3064 2251 3262 2317 αὑτοῦ,
3303 2249 3451 2304 ὥστε
3487 2265 3602 2317 τρω-

2008 2350 2204 2416 τίζειν,
2229 2350 2290 2403 οὐ
2322 2348 2695 2420 παρεδέξαντο
2727 2346 2809 2414 δέ,
2850 2347 3033 2417 πάσης
3067 2344 3372 2410 ἀπολογίας
3414 2340 3601 2396 λοιπὸν

2010 2444 2353 2515 ἐστέρηνται.
2393 2442 2513 2496 Ἰνα
2539 2440 2599 2493 δὲ
2630 2440 2705 2513 μή
2741 2457 2825 2502 τις
2870 2440 3046 2504 εἴποι,
3095 2439 3178 2491 ὅτι
3214 2436 3417 2498 Οὐδεὶς
3444 2434 3513 2488 ἂν
3542 2432 3602 2486 τδ

2015 2539 2207 2600 σκότος
2239 2535 2611 2607 προτιμήσειε
2656 2532 2752 2587 τοῦ
2786 2532 2985 2602 φωτὸς,
3027 2532 3213 2603 τίθησι
3242 2532 3341 2584 καὶ
3373 2530 3476 2599 τὴν
3518 2529 3605 2582 al-

2009 2629 2155 2694 τίαν,
2183 2628 2276 2698 ἀφ’
2305 2622 2373 2699 ἧς
2395 2630 2443 2683 οι
2473 2625 2752 2695 ἄνθρωποι
2772 2624 2850 2696 τῷ
2878 2625 3059 2681 σκότει
3085 2621 3419 2694 προσῆλθον.
3445 2640 3465 2674 ι
3497 2618 3605 2677 Ἱιν

2011 2721 2140 2793 γὰρ,
2185 2721 2354 2791 φησὶ,
2386 2718 2602 2788 πονηρά
2631 2714 2813 2770 αὐτῶν
2850 2715 2931 2769 τά»
2953 2714 3112 2786 ἔργα.
3160 2733 3181 2766 ι
3231 2713 3459 2782 Ἐπειδὴ
3494 2712 3602 2784 γὰρ

2011 2816 2040 2869 ὁ
2082 2811 2537 2880 Χριστιανισμὸς,
2568 2812 2631 2864 οὐ
2668 2809 2831 2881 μόνον
2860 2809 3111 2878 δόγματα
3139 2807 3300 2878 epos,
3340 2807 3480 2861 ἀλλά
3510 2808 3605 2860 καὶ

2013 2904 2287 2961 πολιτείαν
2325 2903 2528 2974 σεμνὴν
2574 2902 2833 2969 ἀπαιτεῖ,
2881 2902 3039 2956 αὐτοὶ
3080 2902 3138 2956 δέ
3186 2900 3486 2970 ὴόούλοντο
3527 2897 3605 2970 τῷ

2016 2995 2266 3067 βορϐόρῳ
2307 2994 2406 3065 τῆς
2439 2994 2717 3063 ἁμαρτίας
2750 2992 3136 3061 ἐγκυλίεσθαι,
3174 2990 3267 3045 διά
3304 2990 3469 3042 τοῦτο
3507 2990 3606 3044 οὐκ

2012 3089 2288 3160 ἠθέλησαν
2317 3088 2367 3142 οι
2395 3087 2464 3141 τά
2499 3085 2678 3154 φαῦλα
2711 3084 3073 3155 πράσσοντες,
3105 3082 3242 3153 πρὸς
3269 3082 3333 3135 τὺ
3363 3082 3482 3151 φῶς
3514 3079 3607 3135 τ(ιῦ

332 3167 471 3221 meis
511 3169 781 3236 subjicere
827 3170 1057 3242 legibus.
1100 3171 1271 3228 Porro
1300 3174 1390 3242 qui
1441 3173 1571 3228 facit
1606 3176 1910 3237 veritatem,

2017 3177 2447 3253 Χριστιανισμοῦ
2483 3175 2682 3243 ἐλθεῖν,
2716 3177 2811 3230 καὶ
2842 3177 2956 3239 τοῖς
2999 3176 3151 3245 ἐμοῖς
3181 3173 3370 3244 νόμοις
3400 3171 3609 3227 ὑποϐα-

334 3267 390 3312 et
421 3260 703 3315 contendit
735 3270 789 3316 et
819 3263 1025 3332 aspirat
1056 3263 1124 3317 ad
1159 3264 1325 3319 vitam
1358 3279 1479 3335 qua:
1519 3266 1627 3319 Deo
1669 3265 1913 3335 placeat,

338 3350 383 3406 is
400 3352 465 3406 ad
482 3351 960 3410 Christianismum
983 3356 1148 3421 veluti
1173 3358 1238 3411 ad
1262 3357 1431 3411 lucem
1454 3358 1689 3423 accedit,
1716 3365 1774 3411 ut
1801 3372 1919 3411 ma-

332 3444 416 3515 gis
460 3444 510 3497 in
539 3446 679 3500 bono
702 3447 967 3516 proﬁciat,
990 3459 1045 3503 et
1065 3457 1358 3517 appareant
1379 3448 1499 3520 ejus
1531 3464 1695 3519 Opera
1720 3463 1917 3503 secun-

328 3540 460 3591 dum
486 3536 654 3592 Deum
681 3539 842 3593 facta.
867 3539 967 3607 Qui
1012 3542 1158 3595 enim
1195 3540 1318 3595 talis
1343 3552 1423 3595 est
1467 3558 1588 3596 cum
1619 3542 1722 3600 [ide
1746 3553 1916 3610 recta,

328 3634 388 3683 et
423 3629 588 3685 vitam
634 3646 850 3702 quoque
881 3634 1161 3688 honestam
1193 3634 1453 3701 instituit,
1497 3635 1641 3691 lucet
1670 3636 1920 3691 omnibus

334 3717 670 3786 hominibus,
705 3735 757 3777 et
790 3723 840 3778 iu
874 3724 963 3778 illo
995 3723 1329 3796 glorificatur
1368 3725 1529 3782 Deus.
1565 3725 1631 3780 Et
1679 3728 1753 3782 ita
1787 3742 1922 3796 geu-

334 3809 524 3870 tilibus
578 3815 978 3872 incredulitatis
1025 3833 1189 3872 causa
1243 3817 1387 3873 facta
1442 3829 1525 3875 est
1576 3820 1918 3875 immunditia

336 3906 482 3964 vitae.
517 3906 623 3963 Sed
662 3906 802 3964 forte
840 3910 1040 3965 dixerit
1070 3912 1192 3981 quis
1218 3912 1392 3979 :Quid
1427 3912 1620 3983 igitur?
1651 3928 1759 3967 non
1792 3920 1922 3968 sunt

335 4008 388 4071 et
440 3996 738 4056 Christiani
799 4002 1052 4072 improbi,
1106 4012 1161 4059 et
1209 4004 1437 4073 gentiles
1483 4004 1721 4060 honestas
1769 4005 1925 4063 vitae?

334 4088 536 4147 Fateor
546 4101 600 4149 et
618 4095 731 4163 ipse
750 4095 967 4164 quidem
987 4097 1263 4167 improbos
1281 4096 1619 4153 Christianos
1642 4115 1657 4153 :
1683 4105 1739 4151 at
1755 4098 1924 4154 bonos

337 4184 568 4254 gentiles
591 4186 825 4242 inveniri
850 4203 954 4242 non
990 4190 1439 4244 asseveraverim.
1477 4187 1545 4243 Et
1577 4198 1766 4245 natura
1797 4192 1924 4259 qui-

339 4279 459 4332 dem
508 4279 775 4349 mansueti
823 4288 878 4335 et
946 4280 1072 4337 mni
1134 4281 1481 4351 reperiuntur
1515 4282 1736 4352 quidam
1798 4283 1927 4353 (hoc

333 4381 516 4426 autem
555 4386 662 4426 non
684 4383 767 4428 est
799 4373 1030 4444 virtus);
1053 4373 1449 4431 exercitatione
1478 4384 1533 4430 et
1576 4376 1926 4432 meditatione

2020 3272 2134 3326 λεῖν
2167 3270 2414 3334 ἑαυτούς.
2464 3268 2522 3324 ’0
2545 3269 2601 3323 δι
2643 3285 2708 3338 γε
2735 3266 2906 3322 ποιῶν
2935 3266 3037 3336 τῆν
3082 3265 3368 3336 ἀλήθειαν,
3402 3267 3431 3318 δ
3473 3265 3609 3336 πρὸς

2021 3365 2138 3435 βίον
2169 3363 2373 3436 δηλαδὴ
2396 3359 2569 3417 νεύων
2599 3360 2798 3432 σεμνὸν
2818 3359 2914 3413 καὶ
2937 3358 3252 3429 θεάρεστον,
3279 3356 3609 3428 προστρέχει

2018 3458 2096 3528 τῷ
2130 3453 2549 3527 Χριστιανισμῷ
2573 3452 2650 3516 ὡς
2680 3452 2842 3521 φωτὶ,
2879 3451 2968 3504 ἵνα
3006 3449 3206 3521 μᾶλλον
3229 3451 3291 3502 ἐν
3316 3449 3397 3520 τῷ
3420 3446 3611 3519 ἀγαθῷ

2022 3545 2295 3617 προκωηῃ,
2320 3544 2414 3598 καὶ
2438 3545 2581 3613 φανῇ
2604 3541 2769 3597 αὐτοῦ
2802 3541 2870 3594 τά
2894 3539 3033 3610 ἔργα
3057 3537 3202 3593 κατά
3225 3538 3384 3591 Θεόν.
3424 3537 3483 3591 '0
3503 3539 3609 3608 γὰρ

2022 3639 2286 3704 τοιοῦτος,
2330 3636 2470 3705 μετά
2504 3634 2599 3691 τοῦ
2634 3633 2913 3688 πιστεύειν
2956 3631 3158 3703 ὀρθῶς,
3200 3631 3298 3684 καὶ
3330 3629 3609 3683 πολιτείαν

2025 3732 2232 3805 σεμνὴν
2263 3729 2572 3802 κατορθῶν,
2598 3728 2807 3799 λάμπει
2835 3727 3001 3781 πᾶσιν
3030 3722 3361 3793 ἀνθρώποις,
3404 3724 3500 3777 καὶ
3530 3722 3610 3776 δο-

2024 3825 2245 3893 ξάζεται
2273 3824 2405 3887 Θεὸς
2431 3825 2489 3877 ἐν
2518 3820 2689 3892 αὐτῷ.
2722 3820 2885 3873 Ὥστε
2917 3818 3019 3885 τῆς
3054 3817 3313 3880 ἀπιστίας
3343 3816 3493 3870 αίτία
3516 3816 3611 3880 γέ-

2025 3934 2151 3986 γονε
2178 3920 2290 3980 τοῖς
2323 3914 2639 3984 Ἐλλησινή
2673 3910 2987 3982 ἀκαθαρσία
3013 3909 3107 3963 τοῦ
3140 3907 3278 3980 βίου.
3319 3907 3460 3961 Ἀλλ’
3486 3907 3613 3968 ἴσως

2025 4012 2146 4082 ἐρεῖ
2169 4025 2287 4074 τιςο
2322 4010 2387 4062 Τί
2413 4006 2541 4074 οὗν;
2575 4005 2676 4060 οὐκ
2720 4004 2830 4058 είσὶ
2876 4002 3196 4072 Χριστιανοὶ
3242 3999 3473 4072 φαῦλοι,
3518 3996 3614 4053 καὶ

2028 4101 2292 4172 Ἕλληνες
2345 4098 2623 4154 ἐπαινετοὶ
2673 4096 2817 4150 κατά
2870 4094 3021 4166 βίονς
3076 4093 3150 4146 Τὸ
3198 4094 3299 4162 μὲν
3342 4090 3438 4145 οὖν
3476 4087 3612 4144 εἷναι

2028 4195 2270 4268 φαύλους
2299 4191 2681 4263 Χριστιανοὺς,
2714 4190 2811 4243 καὶ
2843 4188 3006 4251 αὑτός
3038 4203 3201 4257 φημιο
3239 4187 3298 4239 τὸ
3328 4185 3385 4239 δὲ
3413 4184 3613 4254 Ἕλλη-

2029 4306 2127 4353 νας
2168 4285 2411 4356 ἀγαθοὺς
2439 4283 2754 4354 εὑρεθῆναι,
2806 4282 2913 4335 οὐκ
2951 4279 3017 4335 ἀν
3057 4296 3186 4333 ποτε
3230 4278 3421 4348 φαίην.
3483 4275 3613 4329 Ἀπὸ

2030 4379 2247 4450 φύσεως
2294 4379 2392 4450 μὲν
2445 4376 2557 4447 γάρ
2608 4375 2906 4438 ἐπιεικεῖς,
2955 4371 3052 4426 καὶ
3094 4368 3291 4441 ἀγαθοὶ
3340 4369 3614 4441 εὑρεθεῖεν

345 4462 498 4531 boni,
549 4463 733 4523 nullus
776 4465 1124 4524 invenietur:
1157 4475 1213 4526 et
1253 4468 1504 4539 quamvis
1542 4468 1666 4524 boni
1700 4469 1910 4541 quidam

2026 4487 2175 4535 τινες
2213 4470 2411 4542 (τοῦτο
2457 4469 2515 4522 δὲ
2549 4467 2652 4521 οὐκ
2682 4466 2833 4519 ἔστιν
2887 4462 3117 4535 ἀρετή)·
3167 4463 3276 4519 ἀπὸ
3330 4465 3614 4533 ἀσκήσεως

342 4555 511 4611 ltahitl
544 4556 673 4624 sint,
713 4558 897 4613 omnia
936 4567 1118 4616 tamen
1150 4561 1218 4616 ad
1258 4572 1454 4616 vanam
1497 4560 1727 4631 gloriam
1782 4562 1910 4618 fece-

2011 4561 2089 4616 ιδέ
2109 4561 2204 4615 καὶ
2230 4560 2464 4632 μελέτης
2491 4557 2585 4612 τοῦ
2607 4556 2838 4627 ἀγαθοῦ,
2863 4556 3061 4619 οὐδείς.
3093 4555 3155 4609 El
3180 4554 3236 4609 δέ
3262 4571 3406 4616 τινες
3431 4553 3613 4620 ἔδοξαν

339 4656 490 4703 runt.
539 4648 640 4717 Qui
672 4660 853 4706 autem
886 4660 1145 4722 operatur
1180 4661 1400 4722 propter
1429 4652 1656 4723 gloriam
1681 4693 1696 4718 ,
1726 4662 1781 4708 et
1815 4669 1910 4710 non

2029 4654 2246 4722 ἀγαθοὶ,
2276 4651 2412 4706 ἀλλά
2445 4650 2583 4724 πρὸς
2612 4648 2768 4714 δόξαν
2800 4648 2980 4701 πάντα
3005 4647 3221 4700 ἐποίουν
3241 4660 3256 4675 °
3299 4647 3329 4699 ό
3370 4645 3427 4699 δὲ
3458 4645 3613 4716 δόξης

340 4749 562 4817 propter
596 4742 797 4799 bonum
843 4743 1045 4814 ipsum,
1079 4742 1346 4813 siquando
1382 4754 1594 4816 tempus
1624 4746 1910 4801 invenerit.

2032 4746 2196 4800 ἕνεκα
2229 4744 2514 4815 πράσσων,
2547 4742 2642 4795 καὶ
2673 4742 2734 4795 οὐ
2770 4740 2839 4795 δι’
2864 4739 3001 4794 αὐτὸ
3031 4739 3092 4791 τὸ
3120 4738 3305 4799 καλὸν,
3341 4736 3470 4800 ὅταν
3499 4755 3616 4792 και-

338 4831 501 4887 malis
533 4833 829 4904 indulgebit
862 4835 1342 4905 concupiscentiis.
1385 4836 1522 4893 Nam
1563 4837 1704 4909 apud
1746 4853 1844 4895 nos
1873 4853 1910 4895 ei

2038 4836 2130 4908 ρὸν
2173 4835 2331 4906 εὕρῃ,
2364 4837 2431 4906 τῇ
2483 4835 2698 4906 πονηρᾷ
2740 4831 3011 4903 ἐπιθυμίᾳ
3046 4830 3372 4902 χαρήσεται.
3410 4828 3475 4883 El
3509 4828 3614 4899 γὰρ

342 4924 718 4989 interminatio
764 4933 1044 5000 gehennae,
1076 4940 1141 4985 et
1173 4944 1334 4985 omne
1384 4930 1529 4986 aliud
1571 4933 1840 5000 studium,
1875 4948 1905 4986 e

2037 4930 2170 4998 παρ’
2201 4930 2357 4999 ἡμῖν.
2389 4925 2486 4979 καὶ
2514 4926 2739 4995 γεέννης
2771 4922 2993 4994 ἀπειλὴ,
3026 4923 3120 4975 καὶ
3146 4921 3280 4992 ἀλλη
3316 4923 3467 4974 πᾶσα
3497 4922 3615 4973 ἐπι-

339 5016 465 5070 vitae
496 5017 970 5074 innumerabilium
1004 5029 1315 5075 sanctorum
1353 5022 1440 5073 vix
1471 5034 1797 5076 conservant
1830 5024 1910 5076 ho

2041 5020 2250 5093 μὲλεια,
2286 5018 2380 5072 κα)⁹
2421 5018 2524 5088 βίοι
2577 5016 2966 5087 ἀναριθμήτων
3015 5007 3221 5081 ἀγίωι),
3279 5011 3434 5083 μόλις
3482 5028 3612 5064 κατ-

341 5109 519 5165 mines
557 5108 889 5169 iu'virtute:
937 5129 1045 5185 quo
1076 5123 1234 5181 pacto
1280 5128 1434 5183 nugas
1483 5114 1771 5185 gentilium
1805 5114 1910 5182 iJlo:

2036 5114 2222 5184 έχουσι
2254 5114 2379 5175 τοὺς
2402 5108 2725 5180 ἀνθρώπους
2762 5110 2820 5160 ἐν
2851 5109 3053 5178 ἀρετῇο
3089 5104 3254 5178 σχολῇ
3290 5122 3355 5170 γε
3395 5105 3452 5157 αἱ
3488 5102 3613 5174 παρ’

343 5204 396 5259 in
448 5203 591 5273 bono
623 5208 1018 5264 continebunt?
1058 5205 1251 5279 Magna
1283 5222 1503 5279 quoque
1536 5221 1625 5263 res
1664 5206 1847 5277 fuerit,
1879 5224 1906 5264 s

2039 5204 2267 5275 Ἕλλησι
2310 5203 2592 5275 φλυαρίαι,
2629 5200 2727 5255 καὶ
2774 5200 3014 5271 μιαρίαι,
3059 5200 3189 5262 τοὺς
3218 5197 3353 5269 παρ’
3387 5198 3616 5261 ἐκείνοις

343 5309 453 5353 non
480 5306 537 5353 et
567 5298 836 5369 pessimos
861 5301 1236 5371 reddiderunt.

2030 5301 2090 5353 ἐν
2131 5298 2210 5366 τῷ
2257 5295 2409 5367 καλῷ
2454 5294 2765 5361 καθέξουσι.
2801 5293 2979 5363 Μέγα
2994 5291 3092 5365 μὲν
3135 5284 3251 5359 οὖν,
3306 5290 3358 5344 εί
3402 5291 3499 5343 καὶ
3543 5289 3616 5359 μὴ

2036 5391 2359 5463 παγκάκους
2390 5389 2739 5461 ἐργάσαιντο.

416 5479 585 5539 Vens.
617 5480 813 5539 22-24.
846 5500 866 5536 ι
903 5483 1034 5540 Post
1069 5485 1187 5542 haec
1237 5485 1387 5541 venit
1414 5484 1571 5541 Jesus
1604 5491 1661 5541 et
1693 5481 1910 5554 discipul

2116 5504 2135 5537 ι
2172 5483 2329 5541 Μετά
2375 5482 2549 5535 ταῦτα
2596 5475 2761 5552 ἦλθεν
2808 5482 2835 5532 ὁ
2877 5476 3100 5550 Ἰησοῦς.
3129 5476 3228 5532 καὶ
3277 5478 3329 5531 oi
3379 5473 3617 5548 μαθηταὶ

351 5573 547 5645 ejusin
577 5587 779 5634 terram
820 5576 1087 5644 Iudaeam,
1116 5590 1171 5634 et
1201 5579 1312 5635 illic
1343 5578 1658 5635 morabatur
1686 5591 1807 5632 cum
1837 5575 1910 5630 eis

2039 5576 2207 5633 αὑτοῦ
2237 5577 2318 5642 είς
2350 5574 2449 5647 τὴν
2490 5573 2752 5628 Ἰουδαίαν
2782 5572 2909 5642 γῆν,
2953 5570 3047 5624 καὶ
3081 5572 3200 5625 ἐκεῖ
3234 5569 3472 5640 διέτριϐε
3506 5565 3618 5640 μετ’

348 5682 418 5729 ac
442 5666 768 5740 baptizabat.
793 5670 1111 5745 Baptizabat
1136 5679 1318 5727 autem
1340 5680 1396 5726 et
1411 5668 1653 5726 Joannes
1682 5669 1735 5724 in
1764 5667 1910 5724 IEuOi

2045 5668 2245 5737 αὐτῶν,
2272 5671 2368 5723 καὶ⁸
2391 5665 2705 5731 ἐϐάπτιζεν.
2727 5660 2835 5720 Ἦν
2863 5665 2919 5723 δὲ
2942 5665 3038 5720 καὶ
3061 5664 3316 5732 Ἰωάννης
3346 5662 3616 5735 βαπτίζων

422 5787 506 5857 (α)
559 5784 616 5844 In
646 5788 784 5850 edit.
813 5787 941 5848 Lul.
1008 5788 1165 5849 deest
1230 5784 1529 5858 Scriptura:
1595 5791 1798 5851 textus,
1867 5781 1910 5836 ai

2055 5781 2112 5837 δέ
2180 5783 2394 5854 ἐστὶνὴ
2447 5781 2665 5852 κρίσις,

2716 5777 2797 5832 ὅτι
2842 5776 2904 5831 τὸ
2949 5776 3066 5847 φῶς
3109 5774 3369 5847 ἐλήλυθεν
3414 5774 3494 5838 είς
3532 5774 3618 5827 τὸν

345 5857 576 5937 κόσμον.
