3960 6454
395 269 530 336 1219

1238 260 1814 324 TlIEOPIIYLAC'l‘I
1863 259 2274 322 BULGARIIE
2314 259 2670 320 ARCHIEP.

3494 255 3631 318 19.20

383 392 511 449 pere
552 373 846 446 quidquam
879 372 978 429 nisi
1011 371 1172 428 fuerit
1199 372 1246 427 ei
1277 373 1457 425 datum
1485 387 1515 425 e
1544 369 1701 426 cado.
1743 387 1762 420 ι
1795 363 1962 423 Facta

2071 367 2284 438 θρωπος
2317 365 2616 436 λαμσάνειν
2654 363 2826 428 οὐδὲν,
2877 361 2974 417 ἐὰν
3002 365 3076 433 μὴ
3171 363 3450 435 δεδομένον
3483 367 3635 433 αὐτῷ

380 478 469 524 est
502 467 726 538 qumstio
753 468 818 520 de
848 465 1169 533 baptismate
1196 462 1457 515 adversus
1491 457 1735 514 Judmum
1767 473 1955 526 quem-

379 559 503 614 dam
527 555 976 612 contendentibus
999 551 1278 620 discipulis
1306 549 1553 604 Joannis.
1579 548 1712 604 Nam
1738 546 1958 603 Iudaeus

378 647 595 716 quidem
630 644 949 716 prazferebat
979 641 1246 711 baptisma
1278 640 1664 708 discipulorum
1703 640 1903 694 Christi
1939 654 1951 690 :

380 737 624 807 discipuli
657 744 834 790 autem
866 734 1093 790 Joannis
1115 735 1379 804 baptisma
1405 735 1486 789 sui
1525 734 1786 803 magistri.
1819 733 1954 786 Cum

379 839 507 896 ergo
538 827 604 880 de
631 827 1031 896 puriﬁcatione,
1067 824 1168 878 hoc
1209 832 1311 888 est,
1343 823 1633 892 baptismo,
1667 822 1956 890 quaesitum

379 925 546 979 esset,
590 918 856 969 accedunt
893 915 959 968 ad
1009 915 1324 984 magistrum
1368 928 1521 966 suum
1549 953 1563 978 ,
1608 922 1661 966 et
1699 913 1962 978 incipiunt

381 1009 559 1062 obiter
589 1007 840 1062 vellicare
888 1021 1042 1071 eum,
1072 1006 1317 1061 dicentes
1361 1019 1376 1057 :
1428 1023 1447 1056 ι
1496 1004 1687 1068 Rabbi,
1719 1003 1808 1072 qui
1840 1013 1959 1057 erat

380 1107 578 1162 tecum,
616 1115 633 1146 ι
665 1097 752 1164 qui
788 1097 840 1150 itt
875 1097 1066 1151 ordine
1081 1093 1621 1162 eratdiscipulorum,
1646 1102 1700 1145 ut
1726 1105 1755 1144 a
1780 1102 1830 1146 te
1852 1091 1962 1144 dis-

380 1185 564 1250 cessit,
609 1204 626 1236 ι
652 1187 921 1256 baptizat:
956 1206 974 1238 ι
995 1216 1064 1226 —
1085 1204 1102 1236 ι
1134 1183 1230 1239 Cui
1253 1192 1304 1237 tu
1324 1183 1688 1238 testimonium
1707 1181 1953 1237 dedisti.»

380 1277 494 1332 Hoc
523 1287 626 1343 cst,
675 1295 831 1347 quem
879 1278 1183 1348 haptizasti,
1216 1292 1378 1345 quem
1427 1285 1483 1329 tu
1515 1275 1721 1330 ciarum
1749 1273 1956 1341 .lecisti,

380 1371 566 1424 eadem
610 1386 754 1426 nunc
803 1372 967 1426 audet
1011 1387 1129 1441 quae
1167 1381 1242 1425 ttt.
1303 1370 1409 1424 Sed
1458 1379 1513 1424 et
1558 1370 1702 1422 aliud
1741 1384 1756 1422 :
1789 1369 1855 1421 ad
1909 1377 1960 1422 te

379 1460 512 1515 nulli
542 1477 684 1517 nune
709 1462 954 1526 veniunt,
992 1461 1058 1514 ad
1105 1460 1254 1513 illum
1300 1474 1427 1513 vero
1479 1473 1704 1512 omnes:
1738 1457 1957 1524 Omnes,

382 1551 579 1620 inquit,
640 1552 852 1605 veniunt
904 1551 969 1605 ad
1017 1565 1161 1613 cum,
1223 1556 1532 1618 contempto
1576 1557 1649 1603 te.
1723 1545 1959 1602 Joannes

381 1655 558 1698 autem
589 1643 772 1702 volens
794 1657 890 1697 eos
916 1651 1141 1705 terrere,
1169 1651 1223 1694 et
1247 1641 1532 1695 ostendere
1552 1640 1694 1708 quod
1724 1651 1960 1709 pugnent

382 1745 566 1789 contra
596 1734 785 1801 Deum,
813 1734 1166 1804 prohibentes
1189 1731 1480 1794 Christum,
1509 1729 1959 1784 etabstrahentcs
1992 1709 2030 1766 Β

382 1841 411 1880 a
439 1827 826 1896 gloriﬁcatione
853 1827 992 1896 ejus,
1025 1826 1189 1880 dicit:
1226 1844 1244 1876 ι
1287 1824 1401 1878 Non
1439 1829 1615 1893 potest
1653 1825 1814 1877 homo
1843 1837 1871 1873 a
1900 1835 1959 1876 se

380 1917 674 1985 quidquam
707 1917 976 1985 accipere,
1008 1933 1027 1966 ι
1053 1924 1158 1970 etc.
1184 1913 1316 1968 Nam
1343 1914 1443 1967 nisi
1475 1928 1734 1982 superne,
1762 1911 1957 1979 inquit,

380 2008 565 2064 datum
599 2019 769 2070 esset,
808 2008 1122 2076 neutiquam
1154 2009 1418 2063 crevisset
1456 2008 1525 2071 is,
1559 2006 1643 2059 cui
1679 2003 1844 2074 548
1875 2005 1958 2056 itt-

381 2100 608 2164 videtis;
651 2108 703 2155 et
730 2101 799 2153 ita
833 2101 886 2154 in
913 2099 1126 2155 duobus
1147 2099 1429 2169 peccatis:
1468 2113 1592 2152 nam
1623 2109 1675 2150 et
1703 2094 1960 2150 contrarii

383 2191 518 2244 estis
549 2190 730 2244 divino
763 2188 1013 2253 consilio,
1058 2198 1112 2242 et
1156 2188 1435 2242 attentatis
1468 2185 1822 2256 impossibile.
1857 2183 1950 2239 In-

387 2281 542 2336 terim
573 2291 754 2334 autem
783 2288 836 2334 et
863 2279 1175 2333 consolatur
1203 2293 1296 2334 eos
1329 2278 1557 2348 placide,
1587 2292 1650 2332 eo
1677 2278 1822 2346 quod
1853 2292 1960 2330 nou

385 2377 458 2429 sit
488 2376 650 2428 homo
679 2373 768 2442 qui
800 2372 980 2426 vincat
1012 2372 1186 2439 ipsos,
1234 2375 1330 2426 sed
1376 2370 1541 2426 Deus.
1571 2370 1709 2436 Quin
1747 2379 1801 2424 et
1838 2385 1962 2434 nos,

386 2465 601 2536 inquit,
639 2480 870 2535 superne
908 2463 1198 2518 habuimus
1249 2464 1390 2533 quod
1427 2462 1742 2528 habuimus,
1786 2479 1892 2517 non
1933 2479 1962 2516 ιι

387 2559 565 2612 nobis.
598 2556 748 2624 Quod
779 2557 824 2611 si
864 2555 1206 2625 praeclariora
1235 2566 1361 2609 sunt
1388 2571 1508 2624 quae
1536 2556 1646 2626 agit
1680 2556 1961 2618 Christus,

389 2665 495 2704 non
531 2659 744 2718 oportet
775 2648 1056 2702 admirari.
1083 2647 1222 2701 Deus
1249 2647 1391 2700 enim
1423 2649 1555 2702 vult.

465 2738 626 2793 Vens.
653 2739 845 2793 28-50.
877 2755 895 2788 ι
933 2737 1037 2808 Ipsi
1065 2753 1158 2792 vos
1189 2745 1353 2791 testes
1381 2739 1512 2791 estis
1540 2738 1682 2806 quod
1713 2737 1962 2802 dixerim,

390 2831 507 2886 Non
538 2847 654 2886 sunt
682 2846 781 2899 ego
815 2829 1065 2884 Christus
1097 2846 1109 2883 :
1142 2829 1234 2884 sed
1268 2830 1468 2883 missus
1494 2845 1614 2883 sum
1645 2839 1769 2883 ante
1796 2829 1962 2884 illum.

392 2924 491 2990 Qui
547 2923 705 2977 habet
755 2937 1034 2992 sponsam,
1071 2935 1302 2990 sponsus
1350 2929 1432 2976 est
1472 2938 1486 2975 :
1537 2921 1746 2974 amicus
1785 2932 1964 2974 autem

393 3019 600 3087 sponsi,
636 3017 726 3080 qui
764 3027 873 3070 stat
919 3027 972 3070 et
1013 3018 1161 3069 audit
1191 3032 1340 3080 eum,
1385 3014 1580 3086 gaudio
1617 3014 1812 3084 gaudet
1847 3027 1969 3082 pro-
1993 3046 2036 3104 ο

395 3120 514 3180 pter
547 3124 733 3164 vocem
762 3109 965 3176 sponsi.
1004 3106 1117 3161 Hoc
1153 3116 1332 3160 autem
1372 3107 1626 3176 gaudium
1663 3121 1839 3159 meum
1869 3106 1968 3160 im-

396 3201 595 3267 pletum
616 3208 717 3254 est.
751 3197 902 3253 Illum
931 3207 1142 3267 oportet
1173 3213 1446 3262 crescere,
1475 3213 1558 3251 tne
1575 3212 1704 3251 vero
1724 3195 1911 3250 minui.
1945 3214 1963 3248 ι

393 3289 522 3359 Ipsi,
558 3289 756 3358 inquit,
793 3304 886 3342 vos
912 3290 1067 3343 scitis
1108 3289 1249 3356 quod
1287 3301 1387 3357 ego
1423 3287 1786 3341 testimonium
1812 3288 1967 3351 dedi,

394 3383 534 3452 quod
593 3381 762 3449 major
801 3397 886 3435 me
920 3381 1010 3435 sit.
1070 3381 1240 3445 Igitur
1283 3381 1330 3434 si
1394 3381 1616 3433 omnino
1664 3396 1839 3433 meum
1885 3390 1970 3433 at-

397 3471 619 3526 tenditis
652 3473 1020 3525 tcStitnonium
1046 3512 1060 3538 ,
1097 3473 1293 3526 discite
1327 3471 1472 3524 illum
1505 3472 1634 3524 mihi
1677 3469 1971 3539 prteleren-

397 3562 551 3615 dutn.
593 3561 660 3614 Et
699 3562 801 3615 huc
841 3572 924 3615 est
962 3561 1212 3629 gaudium
1256 3576 1470 3625 meum,
1521 3562 1662 3628 quod
1707 3562 1772 3614 ad
1821 3562 1972 3614 illum

393 3668 586 3708 omnes
640 3654 924 3707 accedant.
981 3653 1038 3708 Si
1096 3653 1312 3723 quidem
1373 3669 1476 3707 non
1527 3655 1848 3708 accessisset
1903 3654 1971 3708 ad

393 3759 654 3815 sponsum
679 3760 902 3814 sponsa,
925 3744 1027 3799 hoc
1057 3756 1161 3808 est,
1187 3743 1434 3814 populus,
1467 3744 1755 3799 doluissent
1788 3745 1974 3814 utique

394 3852 495 3906 ego
546 3839 878 3908 pronubus:
923 3853 1066 3892 nunc
1107 3848 1287 3890 autem
1341 3851 1462 3890 cum
1505 3837 1606 3890 hoc
1650 3838 1777 3902 liat,
1824 3837 1974 3890 val-.le

397 3929 627 3999 gaudeo.
669 3927 833 3984 Video
872 3929 1018 3983 enim
1053 3943 1310 3998 sponsum
1345 3927 1620 3982 Christutn
1664 3927 1973 3997 loquentem

399 4035 632 4090 sponsae,
666 4021 862 4091 pupulo
896 4021 1124 4085 scilicet,
1173 4030 1229 4074 et
1279 4022 1560 4074 docentem
1610 4019 1805 4087 ipsum.
1857 4018 1974 4072 Non

398 4113 716 4182 simpliciter
751 4120 930 4164 autem
961 4112 1120 4175 dixit,
1157 4129 1175 4162 ι
1212 4111 1313 4176 Qui
1349 4120 1474 4164 stat.
1511 4129 1530 4163 ι
1557 4109 1804 4164 Ostendit
1831 4112 1974 4164 enim

400 4200 563 4255 linem
591 4215 712 4254 esse
741 4215 965 4269 operum
999 4215 1257 4266 suorum,
1297 4210 1352 4253 ct
1381 4212 1527 4253 stare
1550 4201 1663 4267 jam
1697 4216 1801 4269 uqn
1839 4206 1976 4255 ultra

399 4303 737 4362 operantem,
767 4293 981 4362 etquod
1007 4308 1068 4347 se
1097 4307 1240 4347 nunc
1270 4301 1480 4360 oportet
1512 4302 1678 4355 stare,
1716 4291 1768 4349 et
1805 4294 1976 4348 solum

2058 459 2124 511 ὲκ
2146 457 2242 511 τοῦ
2271 457 2527 528 ούρανοῦ.
2566 477 2584 508 ι
2633 455 2881 523 Ἐγένετο
2906 455 3132 526 ζήτησις
3163 455 3292 526 περὶ
3317 456 3412 509 τοῦ
3443 455 3638 524 βαπτί-

2061 565 2271 618 σματος
2328 549 2465 618 πρὸς
2533 547 2789 601 Ἰουδαῖον
2838 565 2961 601 τινα
3015 547 3468 614 φιλονεικούντων
3525 547 3636 600 τῶν

2072 638 2319 691 Ἰωάννου
2354 636 2633 707 μαθητῶν.
2677 636 2736 688 '0
2765 635 2863 705 μὲν
2895 637 3004 706 γὰρ
3043 636 3318 700 Ἰουδαῖος,
3351 637 3414 689 τὸ
3443 636 3634 705 βάπτι·

2063 746 2175 798 σμα
2201 727 2308 782 τῶν
2332 727 2570 799 Χριστοῦ
2597 727 2854 798 μαθητῶν
2885 728 3197 798 προετίθει·
3231 729 3279 779 οἱ
3307 727 3364 779 δὲ
3394 727 3638 796 μαθηταὶ

2071 821 2344 883 Ἰωάννου,
2397 821 2458 873 τὸ
2500 819 2596 872 τοῦ
2647 819 2987 875 διδασκάλου.
3025 820 3374 890 Ζητήσαντες
3405 819 3462 871 δὲ
3507 820 3640 889 περὶ

2059 911 2151 964 τοῦ
2185 911 2548 981 καθαρισμοῦ,
2576 912 2696 982 ἦτοι
2726 910 2820 963 τοῦ
2850 910 3244 980 βαπτίσματος,
3280 913 3542 980 προσίασι
3567 910 3642 980 τῷ

2059 1001 2239 1056 αὐτῶν
2268 1001 2592 1070 διδασκάλῳ.
2630 1003 2724 1056 καὶ
2753 1004 3010 1072 ἄρχονται
3051 1003 3414 1070 παρακνίζειν
3450 1003 3642 1064 αὐτὸν,

2059 1091 2338 1158 λέγοντες’
2369 1108 2389 1142 ι
2444 1091 2656 1155 Ῥα66ὶ,
2701 1091 2764 1156 ὃς
2791 1087 2859 1160 ἦν
2893 1093 3031 1160 μετὰ
3059 1091 3176 1155 σοῦ,
3214 1110 3230 1141 ι
3260 1091 3318 1152 ὃς
3342 1091 3499 1156 τάξιν
3528 1088 3642 1158 εἶχε

2063 1183 2329 1254 μαθητοῦ,
2353 1183 2658 1254 ἀποσχίσας
2687 1203 2704 1234 ι
2727 1183 2999 1255 βαπτίζει.
3028 1202 3150 1235 )-ι
3181 1177 3250 1254 τῼ
3271 1183 3335 1236 σὺ
3357 1185 3645 1254 μεμαρτύ-

2064 1293 2256 1344 ρηκας,
2292 1294 2310 1327 ι
2338 1277 2459 1329 ἀντὶ
2484 1275 2602 1341 τοῦ,
2637 1277 2732 1330 ’ον
2766 1278 2828 1329 σὺ
2856 1275 3180 1339 ὲὸἀπτισας,
3207 1275 3266 1327 ὃν
3297 1276 3362 1327 σὺ
3388 1274 3646 1343 λαμπρὸν

2060 1368 2346 1436 ἐποίησας,
2377 1366 2610 1420 τοιαῦτὰ
2642 1369 2726 1434 (a)
2749 1384 2830 1420 σοι
2851 1367 2934 1419 τοὶ
2950 1368 3046 1437 μᾷ·
3074 1367 3208 1420 ἀλλὰ
3227 1369 3322 1420 καὶ
3349 1367 3563 1436 ἕτερον,
3589 1367 3649 1419 τὸ

2061 1459 2145 1510 σοι
2179 1459 2277 1526 μὲν
2307 1457 2382 1527 μὴ
2413 1457 2702 1526 προσέχειν
2718 1457 2892 1520 τινὰς.
2920 1456 3068 1518 αὐτῷ
3091 1457 3146 1509 δὲ
3175 1458 3406 1519 πάντας.
3439 1455 3647 1518 Πάντες

2061 1550 2187 1619 γὰρ.
2225 1551 2413 1618 φησὶν,
2443 1550 2692 1618 ἔρχονται
2731 1548 2866 1618 πρὸς
2905 1549 3090 1611 αὑτὸν,
3124 1548 3648 1619 καταφρονήσαντές

2063 1659 2178 1696 σου.
2214 1642 2467 1712 Ἰωάννης
2492 1642 2547 1693 δὲ
2574 1640 2742 1694 θέλων
2765 1641 2957 1704 αὐτοὺς
2981 1642 3310 1710 ἑκφοὸῆσαι,
3334 1641 3430 1694 καὶ
3448 1639 3644 1704 δεῖξαι,

2060 1735 2141 1787 ὅτι
2167 1734 2244 1802 τῷ
2286 1733 2404 1802 Θεῷ
2433 1733 2762 1800 πολεμοῦσι,
2795 1731 3095 1794 κωλύοντες
3125 1731 3216 1784 τὸν
3249 1730 3516 1801 Χριστὸν,
3554 1731 3648 1782 xui.

2060 1823 2152 1877 τοῦ
2174 1821 2492 1886 δοξάζεσθαι
2519 1822 2678 1874 αὑτὸν
2694 1822 3070 1891 ἀπείργοντες,
3095 1820 3276 1890 φησίν·
3301 1822 3407 1873 (ού
3422 1819 3648 1873 δύναται

2060 1918 2348 1986 ἅνθρωπος
2393 1914 2579 1969 λαϐεῖν
2621 1916 2715 1984 ἀφ’
2747 1914 2942 1968 ἑαυτοῦ
2971 1914 3148 1978 οὐδὲν,
3193 1932 3211 1964 ι
3259 1914 3354 1966 καὶ
3399 1913 3469 1965 τὰ
3497 1913 3646 1985 ἑξῆς.

2063 2006 2125 2057 Εί
2162 2005 2270 2075 γὰρ
2323 2003 2399 2074 μὴ
2445 2003 2672 2066 ἄνωθεν,
2725 2003 2894 2071 φησὶ,
2937 2001 3221 2070 δεδομένον
3277 1995 3368 2070 ἦν,
3423 2001 3528 2054 οὐκ
3582 2003 3649 2055 ἂν

2062 2098 2295 2170 ηῦξανεν
2321 2099 2348 2150 6
2381 2099 2507 2167 παρ’
2539 2097 2692 2166 ὑμῶν
2726 2095 3108 2164 φθονούμενος.
3142 2095 3306 2148 Ὥστε
3337 2094 3435 2147 δύο
3465 2095 3652 2164 ἁμαρ·

2061 2193 2247 2243 τάνετε
2271 2192 2328 2242 ὲν
2352 2188 2559 2258 ταυτιξν
2596 2187 2652 2240 ἓν
2674 2189 2792 2258 μὲν,
2819 2188 2879 2240 τὸ
2902 2187 3274 2241 ἐναντιοῦσθαι
3298 2192 3364 2260 τῇ
3391 2189 3486 2242 τοῦ
3512 2190 3647 2244 Θεοῦ

2065 2283 2223 2354 βουλῇ
2245 2299 2258 2315 ·
2291 2283 2378 2335 Et:
2387 2299 2475 2354 ρον
2491 2284 2566 2348 δὲ,
2596 2281 2654 2334 τὺ
2677 2280 2935 2335 ἀδύνατον
2958 2284 3275 2352 ἐπιχειρεῖν.
3303 2283 3456 2352 ’Δμα
3477 2276 3546 2336 δὲ’
3557 2285 3649 2337 καὶ

2067 2374 2254 2444 ἡρέμα
2276 2370 2684 2442 παραμυθεῖται
2713 2371 2930 2433 αὐτοὺς.
2955 2371 3036 2422 ὅτι
3054 2372 3166 2424 Οὐκ
3195 2370 3480 2441 ἄνθρωπός
3505 2373 3649 2424 ἐστιν

2063 2464 2091 2514 ὁ
2117 2462 2282 2515 νικῶν
2302 2463 2467 2532 ὑμᾶς,
2485 2461 2621 2514 ἀλλὰ
2638 2461 2791 2523 Θεὸς.
2824 2459 2981 2514 Ἀλλὰ
3002 2460 3097 2515 καὶ
3118 2462 3491 2531 ἡμεῖς,φησὶν,
3510 2462 3650 2515 ἀνω-

2066 2556 2156 2608 θεν
2174 2552 2432 2625 είχομενδ
2465 2553 2705 2624 εἴχομεν,
2729 2554 2828 2606 οὐκ
2857 2553 3084 2606 οἴκοθεν.
3111 2556 3171 2606 Ei
3202 2553 3258 2606 δὲ
3295 2554 3650 2624 λαμπρότερα

2066 2647 2131 2700 τὰ
2153 2645 2245 2699 τοῦ
2262 2646 2516 2716 Χριστοῦ,
2537 2647 2598 2698 οὐ
2622 2647 2724 2718 χρὴ
2741 2645 3040 2715 θαυμάζειν
3058 2665 3070 2677 ·
3093 2647 3222 2709 Θεὸς
3243 2649 3352 2718 γὰρ
3371 2647 3642 2715 βούλεται.

2146 2757 2163 2790 ι
2202 2740 2367 2790 Αὐτοὶ
2412 2739 2571 2807 ὑμεῖς
2603 2741 2935 2810 μαρτυρεῖτε
2979 2740 3135 2808 ἐμοὶ,
3177 2740 3261 2793 ὅτι
3299 2735 3488 2792 εἷπον
3538 2740 3651 2793 Οῦκ

2035 2891 2040 2898 η
2068 2831 2187 2900 εἰμὶ
2223 2827 2336 2898 ἐγὼ
2359 2832 2385 2882 6
2418 2829 2672 2898 Χριστὸς,
2706 2830 2819 2882 ἀλλ’
2850 2831 2932 2884 ὅτι
2965 2830 3376 2900 ἀπεσταλμένος
3403 2830 3522 2901 sip).
3553 2831 3653 2900 Ep.-

2071 2921 2307 2994 προσθεν
2328 2923 2560 2978 ἐκείνου.
2596 2921 2656 2976 'O
2678 2922 2816 2992 ἔχων
2838 2923 2939 2993 τὴν
2958 2922 3199 2994 νύμφην,
3225 2925 3458 2994 νυμφίος
3480 2923 3646 2977 ἐστίν·

2069 3020 2097 3072 ὁ
2121 3016 2176 3070 δὲ
2204 3015 2355 3085 φίλος
2382 3013 2476 3070 τοῦ
2503 3014 2737 3084 νυμφίου
2756 3016 2784 3067 6
2806 3017 3076 3087 ἑστηκὼς,
3100 3018 3192 3069 καὶ
3215 3015 3432 3069 ἀκούων
3458 3014 3647 3078 αὐτοῦ,

2072 3113 2216 3182 χαρᾷ
2247 3109 2430 3181 χαίρει
2457 3107 2546 3161 διὰ
2574 3107 2672 3178 τὴν
2720 3108 2906 3178 φωνὴν
2954 3108 3046 3161 τοῦ
3083 3108 3342 3178 νυμφίου.
3375 3108 3530 3177 Αὕτη
3558 3107 3650 3162 οὖν

2073 3207 2106 3274 ἡ
2145 3203 2291 3275 χαρὰ
2320 3206 2353 3274 ή
2386 3202 2494 3273 ἐμὴ
2526 3201 2706 3271 πεπλή
2719 3218 2907 3272 ρωται.
2969 3201 3205 3254 Ἐκεῖνον
3247 3201 3330 3253 δεῖ
3363 3201 3648 3267 αὐξάνειν.

2073 3299 2096 3350 ὲ
2107 3298 2174 3368 μὲ
2198 3296 2254 3350 δὲ
2279 3293 2657 3349 ἐλαττοῦσθαι.
2687 3315 2706 3347 ι
2734 3296 2919 3358 Αὐτοὶ,
2939 3294 3126 3364 φησὶν,
3152 3295 3306 3362 ὑμεῖς
3328 3297 3648 3361 γινώσκετε,

2071 3391 2154 3444 ὃτι
2189 3389 2298 3458 ἐγὼ
2326 3387 2728 3460 μεμαρτύρηκα
2752 3386 2924 3456 αὐτῷ,
2951 3389 3032 3439 ὅτι
3064 3387 3264 3455 μείζων
3308 3385 3448 3456 ἐμοῦ
3478 3390 3648 3439 ἐστιν.

2076 3483 2138 3535 Ei.
2164 3479 2258 3534 οῦν
2305 3481 2444 3544 ὅλως
2487 3482 2552 3550 τῇ
2601 3480 2706 3550 ἐμῇ
2745 3479 3023 3549 μαρτυρίᾳ
3065 3480 3388 3546 προσέχετε,
3426 3478 3647 3546 μάθετε,

2074 3577 2156 3628 ὅτι
2184 3576 2390 3635 ἐκεῖνος
2415 3571 2551 3643 ἐμοῦ
2591 3571 2981 3642 προτιμητέος,
3007 3569 3102 3622 καὶ
3121 3569 3278 3622 τοῦτό
3308 3571 3458 3622 ἐστιν
3484 3571 3516 3639 ἡ
3547 3569 3650 3639 ἐμὴ

2074 3665 2240 3736 χαρὰ.
2275 3666 2336 3718 τὸ
2369 3665 2563 3734 ἐκείνῳ
2597 3665 2805 3725 πάντας
2839 3661 3258 3732 προσέρχεσθαι.
3302 3663 3365 3716 Εἰ
3408 3662 3510 3731 μὲν
3547 3663 3652 3732 γὰρ
3719 3677 3724 3685 ’

2079 3759 2154 3828 μὴ
2179 3760 2521 3828 προσήρχετο
2545 3755 2622 3826 τῷ
2644 3755 2861 3826 νυμφίῳ
2892 3755 3099 3826 νύμφη,
3127 3755 3278 3806 τουτέ
3290 3771 3426 3816 στιν,
3451 3758 3478 3808 6
3507 3755 3650 3816 166:,

2075 3852 2193 3904 τότε
2224 3851 2290 3904 ἂν
2334 3851 2546 3920 ηλγησα
2589 3847 2700 3916 εγὼ
2741 3850 2770 3901 6
2812 3847 3202 3918 νυμφαγωγός·
3239 3847 3338 3900 νῦν
3371 3847 3432 3900 δὲ
3462 3847 3650 3899 τούτου

2077 3940 2394 4010 γενομένου,
2430 3941 2574 4010 χαρᾷ
2621 3923 2818 4010 χαίρω.
2870 3939 3061 3992 Βλέπω
3109 3938 3218 4008 γὰρ
3270 3938 3364 3990 τὸν
3416 3937 3645 4006 νυμφίον

2078 4033 2121 4084 Χ
2135 4031 2314 4101 ριστὸν
2335 4030 2616 4099 φωνοῦντα
2637 4033 2703 4100 τῇ
2726 4029 2936 4100 νύμφῃ,
2957 4029 3033 4098 τῷ
3055 4028 3187 4098 λαῷ,
3215 4029 3310 4082 καὶ
3335 4028 3650 4081 διδάσκοντα

2079 4122 2263 4176 αὐτόν.
2321 4120 2435 4190 Οὐχ
2463 4118 2649 4182 ἁπλῶς
2691 4119 2748 4172 δὲ
2792 4114 2913 4172 εἷπε
2946 4105 3041 4172 καὶ
3079 4119 3174 4181 τὸ,
3213 4136 3234 4172 ι
3292 4117 3589 4184 Ἑστηκὼς.
3627 4137 3644 4169 ι

2080 4214 2331 4266 Δείκνυσι
2376 4216 2485 4281 γὰρ
2533 4213 2614 4265 ὅτι
2661 4212 2728 4264 τὰ
2769 4210 2937 4264 αὐτοῦ
2987 4211 3301 4273 πέπαυται,
3342 4211 3439 4264 καὶ
3493 4211 3650 4280 ἔστη,

2081 4303 2266 4358 οὐκέτι
2316 4301 2669 4373 ἐνεργοῦντα,
2716 4303 2812 4355 καλ⁸
2859 4302 2944 4354 δτι
2980 4301 3145 4354 αὑτὸν
3194 4299 3383 4352 λοιπὸν
3434 4302 3650 4354 ἑστάναι

401 4384 589 4438 audire
612 4383 884 4439 Christum
917 4385 1220 4449 docentem,
1267 4394 1318 4438 et
1348 4386 1700 4440 disserentem
1739 4401 1968 4455 sponsas.

2083 4395 2210 4466 χρὴ,
2258 4395 2353 4447 καὶ
2389 4394 2549 4463 μόνον
2596 4392 2818 4447 ἀκούειν
2849 4391 2946 4444 τοῦ
2996 4391 3234 4461 Χριστοῦ
3277 4391 3647 4455 διδάσκοντος,

399 4475 576 4530 Meum
606 4476 774 4540 enim,
805 4478 1001 4546 inquit,
1025 4491 1161 4546 opus
1193 4478 1491 4547 perfectum
1536 4488 1652 4542 est,
1699 4488 1752 4531 et
1782 4480 1976 4533 tradidi

404 4567 508 4638 ipsi
537 4568 815 4638 populum.
841 4571 1066 4638 Oportet
1096 4570 1261 4639 igitur
1293 4583 1467 4624 meam
1499 4570 1715 4639 quidem
1751 4570 1976 4639 gloriam

400 4660 685 4728 imminui,
717 4663 862 4718 illius
897 4674 1077 4717 autem
1111 4661 1321 4729 augeri.
1368 4661 1539 4731 Igitur
1569 4664 1837 4731 quomodo
1877 4662 1980 4717 im-

399 4753 662 4808 minuitur
689 4755 862 4824 gloria
893 4754 1292 4810 Prazcursoris?
1347 4752 1440 4808 Vel
1464 4757 1685 4810 omnino
1720 4757 1859 4811 sicut
1901 4755 1981 4810 lu-

401 4841 536 4898 cifer
565 4859 596 4898 a
634 4843 748 4899 sole
801 4847 1132 4911 occultatur,
1182 4851 1238 4898 ct
1292 4845 1506 4899 videtur
1548 4848 1764 4915 quidem
1797 4847 1980 4902 multis

381 4923 548 5005 'quod
577 4938 874 4994 extinctum
905 4939 976 4993 sit
1010 4939 1212 5002 lumen,
1239 4949 1293 4992 at
1324 4953 1511 4993 revera
1543 4956 1645 4993 non
1674 4948 1759 4994 est
1780 4940 1982 4993 exstin-

402 5035 574 5096 ctum,
621 5029 719 5084 sed
771 5048 801 5084 a
838 5030 1031 5101 majori
1079 5030 1407 5098 occultatur,
1451 5033 1523 5084 ita
1575 5040 1630 5085 et
1677 5031 1982 5086 Pnecursor

403 5116 549 5172 velut
597 5118 788 5176 lucifer
817 5137 848 5174 a
896 5122 1162 5191 spirituali
1212 5124 1327 5177 sole
1355 5122 1682 5187 occultatus,
1733 5123 1980 5176 imminui

379 5209 636 5274 dicitur.
683 5212 893 5269 Crescit
941 5224 1122 5268 autem
1163 5213 1450 5280 Christus,
1501 5215 1793 5269 secundum
1836 5213 1982 5283 quod

404 5303 670 5377 paulatim
702 5304 1013 5358 manifestat
1048 5321 1105 5359 se
1137 5319 1232 5373 per
1261 5306 1414 5374 signa
1446 5315 1500 5358 et
1545 5304 1826 5370 miracula,
1872 5318 1979 5358 non

409 5395 705 5454 secundum
738 5395 1038 5465 proiectum
1063 5402 1116 5452 in
1155 5396 1484 5451 virtutibus:
1521 5397 1690 5451 absit:
1714 5398 1813 5451 hoc
1837 5395 1982 5450 enim

408 5486 644 5544 Nestorii
674 5487 1086 5541 delirantentum
1113 5499 1259 5543 esset
1298 5508 1311 5544 :
1340 5488 1435 5542 scd
1469 5489 1768 5542 secundum
1803 5498 1983 5542 osten-

409 5581 616 5638 sionem
645 5589 700 5636 et
739 5578 1232 5637 manifestationem
1263 5582 1504 5638 deitatis.
1535 5581 1800 5638 Paulatim
1835 5580 1981 5640 enim

480 5695 558 5767 (α)
584 5693 859 5768 Interprcs
898 5697 1028 5768 legit
1050 5699 1118 5754 τὰ
1137 5697 1296 5753 αὐτά.
1327 5698 1485 5754 Eutr.
1509 5696 1675 5755 Pun.

2082 4485 2176 4536 καὶ
2217 4483 2601 4553 διαλεγομένου
2634 4483 2770 4555 πρὸς
2801 4483 2900 4553 τὴν
2932 4482 3170 4553 νύμφην.
3212 4481 3284 4533 Τὸ
3333 4483 3444 4550 γὰρ
3501 4483 3648 4552 ἐμὸν,

2081 4577 2267 4644 φησὶν,
2303 4575 2465 4648 ἔργον
2495 4577 2745 4647 ἦνυσται,
2774 4573 2869 4629 καὶ
2896 4576 3192 4647 παρέδωκα
3213 4575 3362 4645 αὑτῷ
3386 4577 3480 4628 τὸν
3507 4576 3646 4629 λαόν.

2079 4669 2201 4740 Χρὴ
2253 4669 2433 4723 τοίνυν
2479 4669 2578 4739 τὴν
2629 4667 2766 4738 ἐμὴν
2804 4667 2962 4734 δόξαν
3014 4666 3406 4730 ἐλαττοῦσθαι,
3458 4667 3556 4736 τὴν
3597 4666 3648 4719 δὲ

2081 4761 2290 4814 ἐκείνου
2345 4761 2621 4826 αὐξάνειν.
2671 4759 2793 4822 Πῶς
2841 4759 2897 4812 δὲ
2948 4758 3057 4829 ἄρα
3103 4757 3490 4829 ἐλαττοῦταιη
3529 4757 3650 4820 δόξα

2081 4851 2175 4904 τοῦ
2208 4851 2551 4923 Προδρόμου;
2584 4847 2658 4904 Ἥ
2697 4853 2936 4916 πάντως,
2970 4851 3158 4921 ὥσπερ
3188 4851 3216 4902 6
3243 4850 3523 4921 ἑωσφόρος
3551 4850 3648 4903 ὑπὸ

2080 4943 2174 4997 τοῦ
2204 4943 2356 5013 ἡλίου
2387 4943 2822 5013 ἀποκρύπτεται,
2853 4945 2946 4996 καὶ
2963 4943 3108 4996 δοκεῖ
3136 4943 3236 5012 μὲν
3269 4946 3382 5006 τοῖς
3415 4944 3642 5005 πολλοῖς.

2081 5036 2163 5088 ὃτι
2193 5035 2444 5089 ἔσόεσται
2471 5036 2533 5087 τὸ
2578 5035 2726 5103 φῶς,
2779 5037 2846 5106 τῇ
2876 5036 2931 5088 δὲ
2962 5035 3190 5107 ἀληθείᾳ
3229 5036 3332 5088 οὐκ
3377 5035 3647 5098 ἔσϐεσται,

2083 5127 2198 5180 ἀλλ’
2247 5127 2352 5180 ὑπὸ
2401 5126 2497 5180 τοῦ
2551 5125 2798 5197 μείζονος
2831 5126 3175 5198 κρύπτεται,
3207 5126 3353 5180 οὕτω
3386 5128 3482 5180 καὶ
3518 5126 3650 5195 [196-

2081 5217 2280 5288 δρομος
2305 5219 2334 5268 6
2371 5217 2648 5287 ἑωσφόρος
2679 5217 2781 5270 ὑπὸ
2809 5217 2904 5271 τοῦ
2935 5218 3125 5286 νοητοῦ
3157 5217 3309 5288 ἡλίου
3341 5219 3650 5288 κρυπτόμε-

2083 5327 2191 5375 νος,
2234 5309 2588 5364 ὲλαττοῦσθαι
2617 5309 2834 5378 λέγεται
2853 5327 2867 5342 ·
2903 5309 3056 5374 αὔξει
3083 5311 3139 5362 δὲ
3163 5312 3191 5362 6
3220 5311 3474 5379 Χριστὸς,
3520 5307 3650 5363 καθὸ

2083 5401 2225 5458 κατὰ
2251 5403 2424 5474 βραχὺ
2463 5402 2711 5472 ἐκφαίνει
2747 5401 2937 5456 ἑαυτὸν
2969 5403 3059 5456 διὰ
3103 5403 3210 5454 τῶν
3242 5401 3560 5469 θαυμάτων·
3589 5401 3646 5452 οὗ

2082 5496 2226 5551 κατὰ
2265 5495 2550 5567 προκοπὴν
2578 5494 2676 5564 τὴν
2707 5495 2766 5547 ὲν
2815 5496 2986 5565 ἀρετῇ
3025 5492 3205 5556 αῦξων
3258 5494 3372 5563 (μὴ
3407 5491 3642 5559 γένοιτόί

2083 5588 2240 5643 τοῦτο
2278 5587 2388 5660 γὰρ
2425 5588 2723 5659 Νεστορίου
2767 5587 2830 5642 τὸ
2861 5583 3306 5658 παραλήρημα),
3339 5584 3476 5641 ἀλλὰ
3514 5584 3647 5638 κατὰ
