3960 6454
357 285 484 350 i221

1026 294 1474 361 ENARRATIO
1509 297 1591 360 IN
1629 297 2126 366 EVANGELIUM
2155 297 2499 360 JOANNIS.
2541 322 2608 332 —
2637 297 2792 360 CAP.
2829 296 2945 358 IlI.

3473 291 3610 356 1222

349 407 450 476 τὴν
469 406 732 476 ἐκφανσιν
759 409 854 463 καὶ
882 409 1147 478 ἐπίδειξιν
1168 415 1270 486 τῆς
1296 416 1570 488 θεότητος.
1598 419 1736 472 Κατ’
1756 415 1933 487 ὀλίγον

2040 414 2338 470 declaravit
2382 430 2442 472 se
2487 415 2656 471 Deum
2701 429 2846 481 esse,
2897 423 2951 469 et
2999 424 3102 467 non
3151 420 3368 480 repente
3399 410 3604 467 simul.

352 499 483 570 γὰρ,
539 499 621 553 ὅτι
670 500 803 564 Θεός
852 505 1019 570 ἐστιν,
1068 505 1357 576 ἐξέφαινε,
1401 511 1497 563 καὶ
1539 511 1642 564 οὐκ
1695 511 1932 581 ἀθρόως.

353 590 719 662 Πεπλήρωται
749 587 863 656 οὖν,
892 595 1081 664 φησὶν,
1106 597 1138 667 ή
1167 598 1274 668 ἐμὴ
1301 600 1445 669 χαρά
1469 601 1560 653 ἐπί
1589 599 1666 669 τῷ
1688 601 1929 671 νυμφίῳ.

353 681 443 734 T6.
469 683 577 751 γὰρ
608 682 791 754 ἔργον,
837 683 866 736 6
911 686 1240 758 ἐπιστεύθην
1270 689 1348 754 ὡς
1377 691 1774 760 νυμφαγωγὸς,
1821 691 1933 761 ὁρῶ

353 775 738 846 προχωρῆσαν.
765 775 952 846 Πάσης
980 777 1159 831 τοίνυν
1185 779 1363 849 ψυχῆς
1384 782 1635 850 νυμφίος,
1655 783 1682 834 6
1705 781 1929 852 Κύριοςο

351 865 579 935 νυμφὼν
605 865 682 933 δὲ,
716 865 843 919 ἔνθα
887 869 918 936 ἡ
973 868 1238 936 συνάφεια
1283 870 1512 939 γίνεται,
1547 874 1576 926 ό
1622 872 1784 936 τόπος
1833 871 1928 927 τοῦ

355 956 754 1028 βαπτίσματος,
780 959 898 1027 ἦτοι
921 960 954 1029 ἡ
1000 960 1315 1032 Ἐκκλησία.
1342 949 1533 1016 Δίδωσι
1559 963 1615 1016 δέ
1637 964 1930 1036 ἀρραϐῶνα

353 1052 420 1120 τῇ
440 1048 647 1122 νύμφῃ,
668 1050 954 1120 ἁμαρτιῶν
995 1052 1367 1121 ἄφεσιν,,Πνεύ
1375 1073 1540 1126 ματος
1561 1055 1714 1124 ἁγίου
1736 1074 1928 1111 κοινω-

355 1143 496 1193 νίαν·
524 1139 588 1192 τὰ
614 1139 669 1192 δὲ
693 1140 993 1212 τελεώτερα
1015 1143 1071 1195 ἐν
1094 1143 1171 1214 τῷ
1201 1145 1472 1214 μέλλοντι,
1497 1147 1584 1199 ὅτε
1605 1147 1676 1199 τὰ
1698 1151 1930 1218 κρείττω

351 1233 445 1286 καὶ
475 1232 780 1302 ὑψηλότερα
809 1237 1233 1306 μυσταγωγήσει
1257 1240 1370 1300 τοῖς
1391 1238 1581 1302 ἀξίοις.
1614 1239 1928 1310 Σημείωσαι

351 1325 428 1389 δέ,
467 1326 546 1378 ὅτι
594 1326 768 1388 οὐδεὶς
807 1326 966 1390 ἄλλος
1010 1328 1127 1380 ἐστὶ
1170 1329 1436 1398 νυμφίος,
1494 1331 1543 1383 εἰ
1590 1331 1665 1400 μὴ
1713 1331 1871 1401 μόνος
1899 1331 1928 1386 6

351 1419 620 1489 Χριστόςο
678 1419 879 1482 πάντες
931 1419 986 1472 δὲ
1039 1422 1088 1473 οί
1137 1419 1516 1486 διδάσκοντες,
1569 1422 1927 1492 νυμφαγωγοί

353 1513 511 1575 εἰσιν,
545 1510 740 1580 ὥσπερ
767 1506 859 1565 οὖν
885 1512 980 1564 καὶ
1009 1513 1036 1564 6
1067 1512 1398 1583 Πρόδρομος.
1429 1513 1616 1576 Οὐδεὶς
1641 1513 1750 1581 γὰρ
1769 1513 1927 1577 ἄλλος

352 1601 533 1672 δωτήρ
559 1604 674 1656 ἑστι
709 1603 820 1656 τῶν
851 1604 1093 1672 ἀγαθῶν,
1125 1606 1174 1658 εί
1207 1606 1283 1676 μὴ
1313 1607 1340 1658 6
1369 1607 1594 1674 Κύριοςο
1619 1607 1669 1659 οἱ
1699 1606 1754 1659 δὲ
1777 1607 1926 1661 ἄλλοι

353 1699 574 1762 πάντες,
608 1703 844 1769 μεσϊται,
880 1701 976 1754 καὶ
1006 1700 1112 1755 τῶν
1145 1701 1298 1774 παρὰ
1324 1703 1415 1757 τοῦ
1466 1703 1672 1774 Κυρίου
1703 1703 1922 1774 δεδομέ-

353 1810 461 1845 νων
493 1792 710 1860 ἁγαθῶν
741 1794 997 1848 διάκονοι.

306 1961 310 1966 _
427 1905 450 1939 ι
502 1883 560 1939 '0
592 1887 797 1941 ἄνωθεν
831 1889 1147 1960 ἐρχόμενος,
1175 1890 1378 1944 ἐπάνω
1425 1888 1643 1943 πάντων
1686 1887 1866 1942 ἐστίν’
1902 1889 1930 1942 6

356 1978 432 2032 ὢν
466 1981 530 2034 ἐκ
559 1981 656 2050 τῆς
679 1980 802 2058 γῆς,
836 1983 900 2034 ἐκ
932 1982 1029 2052 τῆς
1059 1981 1164 2052 γῆς
1188 1984 1325 2050 ἐστι,
1352 1968 1446 2036 κᾶι
1476 1984 1540 2036 ἐκ
1565 1983 1665 2052 τῆς
1694 1983 1797 2052 γῆς
1831 1981 1930 2033 λα-

355 2076 455 2130 λεῖ.
498 2076 558 2152 ’,Ο
588 2078 652 2128 ἐκ
683 2077 776 2129 τοῦ
825 2077 1055 2148 ούρανοῦ
1097 2078 1416 2148 ἐρχόμενος,
1472 2079 1659 2130 ἐπάνω
1713 2077 1931 2130 πάντων

357 2169 506 2221 ἐστί·
537 2167 631 2220 καὶ
673 2167 700 2220 6
745 2167 978 2238 ἑώρακε,
1024 2169 1120 2222 καὶ
1170 2169 1392 2239 ἢκουσε,
1437 2169 1595 2223 τοῦτο
1631 2170 1927 2240 μαρτυρεῖ·

359 2263 453 2316 καὶ
493 2261 591 2330 τὴν
640 2261 944 2333 μαρτυρίαν
978 2261 1144 2314 αὐτοῦ
1193 2261 1369 2326 οὐδεὶς
1399 2261 1691 2332 λαμϐάνει.
1748 2261 1806 2314 '0
1839 2262 1932 2314 λα-

358 2356 469 2408 σὼν
509 2356 678 2409 αὐτοῦ
716 2357 814 2426 τὴν
858 2356 1186 2427 μαρτυρίαν,
1220 2358 1552 2426 ἐσφράγισεν
1597 2355 1679 2409 ὅτι
1725 2357 1754 2410 6
1800 2356 1934 2420 Θεὸς

357 2445 564 2517 ἀληθής
608 2448 777 2500 ἐστιν.
836 2446 932 2501 Ὃν
965 2447 1073 2516 γὰρ
1125 2447 1442 2500 ἀπέστειλεν
1475 2450 1502 2500 6
1532 2447 1684 2512 Θεὸς,
1725 2447 1794 2501 τὰ
1833 2448 1932 2519 ῥή-

361 2555 507 2608 ματα
532 2537 626 2590 τοῦ
657 2538 791 2591 Θεοῦ
834 2537 1004 2591 λαλεῖ.
1039 2539 1115 2592 υῦ
1146 2540 1253 2609 γὰρ
1288 2540 1351 2592 ἐκ
1407 2539 1609 2610 μέτρου
1659 2540 1874 2594 δίδωσιν
1905 2542 1932 2592 6

357 2631 488 2693 Θεὸς
521 2632 580 2684 τὸ
605 2631 848 2700 Πνεῦμα.
883 2651 900 2683 ι
937 2633 1226 2701 Συγκρίνει
1256 2633 1488 2685 ἐαυτὸνὸ
1513 2633 1824 2703 Πρόδρομος
1855 2632 1932 2701 τῷ

357 2721 601 2792 Χριστῷ,
635 2723 728 2776 καί
759 2741 943 2793 φησιν.
971 2724 1052 2775 ὅτι
1082 2724 1320 2786 Ἐκεῖνος
1347 2711 1444 2794 μὲν
1476 2722 1681 2776 ἄνωθεν
1715 2722 1932 2793 ἕρλεται

317 2803 321 2806 ’
358 2815 424 2867 ἐκ
447 2813 541 2866 τοῦ
562 2815 792 2885 Πατρὸς,
817 2817 911 2868 καὶ
942 2815 1124 2867 ἐπάνω
1149 2814 1365 2867 πάντων
1394 2814 1562 2876 ἐστὶν,
1596 2813 1932 2885 ἐξῃρημένος

360 2906 577 2959 πάντων
606 2909 698 2960 καὶ
724 2909 819 2977 τὴν
851 2907 1120 2978 Πατρῲαν
1161 2906 1432 2977 ὑπεροχὴν
1457 2904 1755 2969 ἁποσὼςων
1779 2920 1792 2935 ⁸
1820 2904 1931 2972 ἐγὼ

357 2997 414 3050 δὲ
456 2998 520 3050 ἐκ
543 2999 644 3067 γῆς
677 2996 773 3063 ὢν,
800 3002 962 3066 γήϊνα
1001 2998 1167 3063 λαλῶ,
1205 2998 1393 3067 εὐτελῆ
1444 2998 1538 3052 καὶ
1574 2997 1823 3062 ταπεινὰ,
1857 2995 1932 3058 ὡς

359 3088 496 3157 πρὸς
527 3089 814 3160 σύγκρισιν
841 3091 937 3158 τῆς
963 3088 1056 3141 τοῦ
1086 3089 1322 3158 Χριστοῦ
1350 3087 1714 3151 διδασκαλίας.
1753 3087 1923 3140 Ἐπεί·
1960 3114 2005 3172 c

357 3194 507 3246 τοιγε
537 3180 632 3231 καὶ
660 3180 728 3232 τὰ
767 3177 934 3230 αὑτοῦ
977 3177 1071 3230 τοῦ
1117 3179 1454 3249 Προδρόμου,
1492 3179 1610 3230 θεῖα
1655 3173 1824 3248 ἦσαν’
1858 3176 1935 3238 ὡς

359 3270 416 3322 δὲ
450 3270 582 3338 πρὸς
608 3270 674 3322 τὰ
702 3269 796 3322 τοῦ
827 3270 1063 3338 Χριστοῦ
1091 3271 1508 3340 συγκρινόμενα,
1533 3270 1666 3322 πολὺ
1700 3270 1761 3321 τὸ
1804 3271 1934 3339 χεα-

365 3361 532 3428 μαλῖν
553 3362 790 3431 ἔχουσιν.
829 3362 1084 3428 Ἐκεῖνος,
1104 3363 1289 3432 φησὶν,
1312 3361 1339 3414 6
1361 3361 1574 3434 ἑώρακε
1596 3361 1691 3414 καὶ
1711 3361 1931 3432 ἤκουσε,

359 3453 544 3505 λαλεῖ·
578 3454 877 3518 τουτέστιν,
902 3453 937 3509 ἃ
962 3457 1112 3524 παρᾶ
1151 3455 1244 3507 τοῦ
1279 3455 1486 3524 Πατρὸς
1526 3453 1745 3523 ἤκουσε,
1777 3452 1873 3507 καὶ
1900 3451 1936 3505 6.

361 3546 623 3615 ὲ-ὠρακεν,
659 3549 847 3619 ἤγουν,
879 3546 914 3602 ἃ
963 3547 1206 3618 ἀκριϐῶς
1240 3543 1400 3613 οἶδεν,
1443 3547 1625 3598 ἐκεῖνα
1655 3545 1807 3600 λαλεῖ
1843 3546 1936 3599 κει)⁵

365 3637 652 3704 μαρτυρεῖ.
717 3634 880 3688 Ἀλλὰ
912 3634 1012 3704 τὴν
1046 3632 1355 3704 μαρτυρίαν
1402 3632 1568 3684 αὑτοῦ
1597 3631 1774 3694 οὐδεὶς
1825 3631 1934 3684 τῶν

367 3721 442 3791 μὴ
486 3723 552 3789 τῇ
585 3721 812 3792 ἀληθείᾳ
844 3723 1216 3792 προσεχόντων
1245 3719 1531 3788 λαμϐάνει.
1575 3721 1672 3782 Ὃς
1699 3719 1756 3771 δὲ
1794 3719 1935 3793 λάϐῃ

362 3809 459 3878 τὴν
497 3810 821 3878 μαρτυρίαν,
856 3810 976 3879 ἦτοι
1009 3807 1106 3876 τὴν
1136 3807 1488 3861 διδασκαλίαν
1515 3807 1703 3872 αὑτοῦ,
1729 3809 1933 3876 ἐσφρά-

320 3899 536 3967 ’γισεν,
574 3901 698 3955 ἀντὶ
748 3899 869 3963 τοῦ,
921 3899 1142 3964 ἔδειξεν,
1198 3898 1549 3963 ἐϐεϐαίωσεν,
1604 3899 1686 3950 ὅτι
1729 3899 1758 3950 6
1805 3898 1937 3963 Θεὸς

363 3991 570 4060 ἀληθής
623 3992 791 4044 ἐστιν.
834 3990 893 4043 '0
918 3990 1026 4061 γάρ
1062 3989 1139 4059 τῷ
1169 3991 1320 4058 παρὰ
1368 3987 1502 4042 Θεοῦ
1543 3987 1936 4058 άπεσταλμένῳ

362 4083 656 4148 πιστεύων,
688 4083 766 4152 τῷ
799 4083 918 4153 Θεῷ
950 4082 1214 4149 πιστεύει,
1260 4083 1358 4135 καὶ
1390 4081 1577 4134 λοιπὸν
1621 4079 1934 4150 σφραγίζει,

363 4177 458 4231 καὶ
487 4177 889 4241 ἀποδείκνυσιν,
929 4177 1010 4228 ὅτι
1059 4174 1134 4238 ὡς
1179 4174 1369 4244 ἀληθεῖ
1421 4173 1532 4226 ὖντι
1577 4172 1933 4225 ἐπίστευσενο

1953 1769 2002 1828 Β

2043 522 2062 556 ι
2087 504 2367 574 lmpletum
2388 505 2571 574 igitur,
2591 505 2783 574 inquit,
2799 519 2977 558 meum
2995 503 3246 574 gaudium
3268 503 3320 555 in
3338 516 3557 572 Sponso.
3582 519 3602 554 ι

2034 592 2168 647 Nam
2198 608 2376 648 meum
2405 609 2572 662 Opus,
2610 597 2752 663 quod
2792 595 2921 649 mihi
2953 604 3009 648 ut
3042 592 3610 664 pronuboconcredi-

2035 689 2171 744 tum,
2200 677 2356 733 video
2384 670 2699 748 profecisse.
2728 677 2916 734 Omnis
2946 682 3107 750 igitur
3134 673 3328 734 anian
3355 693 3606 750 sponsus,

2032 769 2294 824 Dominus
2343 787 2359 823 :
2400 769 2669 824 thalamus
2717 781 2896 825 autem
2945 772 3032 825 ubi
3069 773 3258 840 cupula
3308 770 3400 834 ﬁt,
3455 769 3608 824 lOt‘llS

2031 859 2370 929 baptismatis
2393 899 2408 925 ,
2439 859 2542 914 hoc
2568 869 2678 926 est,
2707 860 2964 916 Ecclesia.
2993 861 3094 916 Dat
3131 870 3310 916 autem
3339 862 3608 915 arrhabo-

2032 970 2152 1010 nem
2205 969 2449 1023 sponsae,
2502 963 2850 1023 peccatorum
2914 954 3317 1020 remissionem,
3373 955 3607 1024 Spiritus

2030 1045 2203 1101 sancti
2232 1046 2670 1100 communionem
2704 1062 2718 1098 :
2766 1044 3088 1115 perfectiora
3133 1061 3261 1102 vero
3305 1047 3356 1101 in
3395 1045 3602 1112 futuro,

2029 1141 2246 1207 quando
2276 1139 2467 1209 dignos
2502 1138 2555 1192 in
2595 1138 2818 1194 meliora
2844 1149 2894 1192 et
2930 1137 3244 1194 sublimiora
3277 1138 3602 1193 introducct.

1985 1221 1988 1224 ’
2027 1230 2162 1285 Nota
2189 1240 2368 1286 autem
2418 1231 2560 1300 quod
2616 1231 2794 1287 nullus
2839 1230 2976 1284 alius
3015 1239 3100 1285 est
3145 1245 3399 1300 sponsus,
3443 1245 3606 1300 quam

2028 1322 2173 1378 solus
2189 1322 2444 1378 Christus
2469 1341 2482 1378 :
2509 1338 2701 1378 omnes
2723 1333 2902 1377 autem
2930 1324 3184 1377 docentes
3208 1321 3432 1391 pronubi
3454 1331 3604 1386 sunt,

2027 1417 2166 1472 sicut
2194 1426 2250 1472 et
2289 1415 2601 1471 Praecursor
2626 1431 2862 1486 quoque.
2891 1414 3080 1470 Nullus
3108 1415 3250 1470 enim
3281 1415 3419 1469 alius
3449 1415 3606 1468 dator

2027 1515 2107 1562 est
2159 1507 2450 1572 bonorum,
2508 1522 2670 1578 quam
2725 1509 2873 1562 solus
2926 1508 3187 1562 Dominus
3242 1507 3379 1562 :alii
3420 1517 3604 1560 autem

2025 1614 2215 1657 omnes
2240 1600 2584 1667 mediatores,
2621 1611 2674 1657 et
2709 1602 2944 1657 ministri
2976 1604 3241 1656 bonorum
3273 1617 3394 1671 quae
3425 1616 3457 1656 a
3493 1600 3604 1657 Do-

2027 1693 2171 1749 mino
2207 1695 2420 1749 dantur.

2102 1873 2267 1930 Vens.
2298 1875 2484 1930 σιω.
2523 1893 2542 1928 ι
2576 1875 2678 1942 Qui
2705 1888 2736 1930 e
2758 1874 3008 1945 supernis
3033 1874 3200 1938 venit,
3240 1889 3402 1941 super
3429 1873 3593 1946 549

2031 1981 2222 2022 omnes
2253 1980 2336 2022 est
2367 1983 2382 2023 :
2413 1968 2502 2038 qui
2532 1983 2559 2021 a
2596 1978 2736 2022 terra
2777 1966 3052 2037 profectus
3071 1978 3177 2032 est,
3221 1977 3470 2023 terrenus
3492 1977 3601 2032 est,

2033 2068 2085 2114 et
2119 2060 2185 2112 de
2211 2070 2352 2113 terra
2385 2059 2645 2129 loquitur.
2677 2060 2776 2125 Qui
2805 2063 2835 2114 ε
2868 2061 3008 2115 ctelo
3033 2060 3198 2125 venit,
3225 2076 3384 2131 supra
3413 2075 3604 2116 omnes

2035 2160 2138 2216 est,
2201 2160 2255 2205 et
2284 2153 2424 2220 quod
2467 2151 2599 2208 vidit
2628 2161 2682 2208 et
2713 2152 2944 2217 audivit,
2977 2153 3077 2207 hoc
3109 2161 3356 2218 testatur,
3397 2139 3458 2208 et
3492 2163 3604 2208 tes-

2035 2245 2320 2300 timonium
2349 2245 2463 2313 ejus
2499 2261 2659 2300 nemo
2690 2247 2904 2316 accipit.
2929 2245 3030 2312 Qui
3070 2245 3264 2316 accipit
3311 2245 3425 2315 ejus
3455 2247 3608 2302 testi-

2035 2340 2294 2405 monium,
2337 2343 2383 2394 is
2414 2341 2719 2411 obsignavit
2740 2342 2880 2410 quod
2913 2342 3052 2395 Deus
3078 2355 3238 2394 verax
3267 2341 3358 2396 sit.
3391 2339 3523 2394 Nam
3558 2340 3604 2395 is

2035 2446 2194 2501 quem
2234 2431 2378 2484 misit
2404 2429 2564 2495 Deus,
2595 2433 2752 2486 verba
2783 2433 2875 2486 Dei
2912 2432 3172 2502 loquitur.
3202 2432 3317 2487 Non
3363 2433 3507 2487 enim
3535 2435 3603 2487 ad

2036 2539 2345 2578 mensuram
2391 2523 2480 2577 dat
2509 2521 2650 2577 Deus
2687 2523 2966 2592 Spiritum.
3011 2543 3029 2574 ι
3065 2524 3356 2592 Comparat
3383 2539 3442 2579 se
3466 2523 3608 2579 Prat-

2034 2629 2224 2670 cursor
2245 2613 2484 2681 Christo,
2519 2623 2574 2668 et
2608 2615 2737 2668 dicit
2767 2616 2907 2683 quod
2933 2615 3018 2668 ille
3053 2615 3269 2685 quidem
3293 2630 3322 2671 e
3351 2616 3604 2686 supernis

2037 2704 2246 2758 venerit
2275 2721 2304 2757 a
2345 2703 2526 2766 Patre,
2557 2714 2611 2760 et
2653 2721 2816 2774 super
2841 2720 3032 2760 omnes
3053 2706 3144 2770 sit,
3177 2707 3421 2775 egregius
3445 2721 3607 2774 super

2033 2811 2242 2862 omnes,
2262 2807 2313 2850 ει
2328 2797 2612 2852 Paternum
2631 2812 2850 2852 servans
2866 2797 3234 2852 excellentiam
3259 2816 3270 2852 :
3296 2799 3406 2867 Ego
3424 2806 3603 2853 autem

2035 2888 2124 2955 qui
2156 2888 2220 2941 de
2253 2897 2392 2941 terra
2435 2903 2577 2953 sum,
2611 2897 2819 2942 terrena
2856 2888 3068 2957 loquor,
3104 2889 3228 2943 vilia
3255 2876 3319 2944 et.
3344 2891 3564 2944 humilia
3586 2931 3603 2956 ,

2035 2981 2079 3034 si
2115 2995 2234 3033 cum
2265 2980 2507 3034 doctrina
2525 2981 2728 3034 Christi
2759 2981 3127 3034 conferantur.
3151 2979 3408 3048 Quamvis
3424 2994 3605 3037 autem

2035 3086 2153 3140 (tua:
2188 3087 2216 3125 a
2259 3070 2599 3127 Praecursore
2629 3073 2850 3138 ﬁebant,
2883 3073 3062 3127 divina
3090 3086 3264 3142 crant,
3319 3075 3507 3140 collata
3527 3087 3608 3131 ta-

2037 3178 2158 3217 men
2193 3179 2315 3216 cum
2353 3164 2436 3218 his
2457 3179 2578 3233 qua:
2604 3180 2631 3216 a
2665 3163 2900 3230 Christo,
2934 3166 3086 3219 valde
3127 3167 3346 3220 humilia
3380 3182 3608 3236 appare-

2035 3253 2183 3307 bant.
2210 3253 2320 3317 llle,
2354 3253 2547 3322 inquit,
2579 3255 2718 3324 quod
2742 3254 2941 3308 viditet
2973 3255 3198 3321 audivit,
3222 3255 3481 3324 loquitur,
3507 3257 3608 3312 hoc

2034 3355 2138 3409 est,
2163 3361 2282 3414 quae
2304 3361 2333 3398 a
2364 3346 2519 3400 Patre
2544 3347 2766 3412 audivit,
2793 3359 2845 3400 et
2875 3363 2992 3417 qua:
3023 3349 3174 3412 vidit,
3209 3350 3308 3404 hoc
3325 3359 3428 3413 est,
3459 3351 3608 3405 clare

2034 3439 2204 3504 novit,
2234 3438 2320 3492 illa
2353 3439 2588 3509 loquitur
2608 3449 2662 3494 et
2699 3448 2947 3494 testatur.
2977 3440 3043 3494 Et
3091 3442 3454 3496 testimonium
3492 3444 3610 3512 ejus

2037 3531 2216 3584 nullus
2239 3547 2303 3585 ex
2337 3532 2421 3587 his
2455 3532 2545 3601 qui
2574 3531 2852 3586 veritatem
2882 3549 2988 3587 non
3021 3534 3326 3601 attendunt,
3389 3535 3605 3605 recipit.

2038 3622 2137 3688 Qui
2166 3632 2342 3677 autem
2371 3624 2559 3693 recipit
2582 3625 2970 3690 testimonium,
2995 3625 3095 3679 hoc
3149 3635 3249 3694 est,
3300 3627 3609 3681 doctrinam

2035 3717 2170 3784 ejus,
2213 3715 2538 3785 obsignavit,
2573 3718 2675 3772 hoc
2705 3728 2809 3782 est,
2867 3719 3189 3772 monstravit
3219 3728 3271 3773 et
3326 3719 3608 3786 stabilivit,

2035 3807 2182 3876 quod
2242 3809 2382 3862 Deus
2422 3823 2582 3862 verus
2611 3809 2702 3862 sit.
2735 3808 2834 3874 Qui
2864 3811 3004 3864 enim
3045 3811 3214 3864 credit
3243 3810 3290 3865 ei
3325 3812 3465 3880 quia
3501 3810 3611 3866 Deo

2039 3899 2235 3954 missus
2265 3909 2370 3966 est,
2399 3900 2510 3954 Deo
2534 3901 2728 3962 credit,
2760 3912 2813 3956 et
2845 3913 3241 3972 consequenter
3270 3905 3516 3972 obsignat
3556 3914 3611 3960 et

2037 3992 2375 4047 demonstrat
2406 3991 2545 4060 quod
2576 3992 2622 4046 ei
2649 3992 2736 4061 qui
2776 4006 2934 4045 verax
2990 3993 3080 4057 sit,
3112 3993 3400 4047 crediderit
3429 4011 3444 4049 :
3471 3997 3612 4049 sicut

2037 4101 2067 4137 e
2093 4084 2304 4137 diverso
2328 4085 2415 4150 qui
2443 4098 2546 4135 non
2571 4083 2718 4136 credi
2763 4082 2814 4136 ei
2844 4083 2934 4153 qui
2971 4099 2999 4136 a
3030 4083 3140 4138 Deo
3164 4084 3359 4138 missus
3381 4095 3484 4148 est,
3516 4101 3610 4140 os-

2038 4175 2208 4229 tendit
2242 4175 2383 4244 quod
2417 4177 2642 4229 mendax
2667 4177 2756 4241 sit,
2797 4187 2850 4231 et
2883 4185 3102 4246 propter
3145 4177 3246 4231 hoc
3270 4193 3378 4232 non
3435 4179 3612 4234 credit

361 4269 551 4339 ὥσπερ
603 4265 694 4323 οὖν
745 4269 906 4322 πάλιν
952 4269 982 4322 6
1013 4267 1260 4321 ἀπιστῶν
1310 4266 1388 4338 τῷ
1444 4265 1596 4337 παρὰ
1645 4264 1739 4318 τοῦ
1800 4264 1933 4318 Θεοῦ

2040 4269 2112 4331 ei,
2149 4277 2332 4337 utpote
2353 4269 2625 4322 mendaci.
2646 4267 2710 4321 Et
2731 4268 2804 4322 ita
2830 4269 2920 4336 qui
2967 4267 3179 4322 Christo
3209 4269 3399 4333 credit,
3431 4277 3612 4324 osten-

363 4362 778 4434 ἀπεσταλμένῳ,
834 4362 1091 4429 δεικνύει,
1123 4362 1206 4415 ὅτι
1239 4360 1480 4432 ψεύστης
1536 4360 1674 4426 ἐστὶ,
1725 4359 1820 4413 καὶ
1850 4357 1933 4411 διὰ

2042 4360 2119 4414 dit
2148 4363 2290 4430 quod
2313 4359 2455 4414 Deus
2477 4369 2560 4412 est
2595 4375 2780 4426 verax,
2812 4375 2879 4414 ex
2913 4373 2977 4414 eo
3006 4355 3146 4430 quod
3189 4359 3417 4415 credidit
3447 4364 3493 4415 ei
3518 4360 3610 4431 qui

362 4459 519 4512 τοῦτο
543 4462 642 4512 οὐκ
671 4461 987 4512 ἐπίστευσεν
1013 4457 1185 4528 αὐτῷ,
1213 4451 1298 4511 οἷα
1322 4456 1386 4527 δὴ
1419 4454 1730 4525 ψευδομένῳ
1757 4470 1772 4485 ο
1795 4451 1933 4506 ὥστε

2039 4449 2106 4502 ab
2136 4449 2251 4516 ipso
2286 4448 2480 4501 missus
2513 4454 2617 4502 est.
2666 4447 3005 4503 Manifestum
3064 4451 3205 4504 enim
3240 4451 3382 4520 quod
3442 4450 3515 4504 illi
3555 4459 3614 4503 ut

363 4550 392 4601 6
424 4551 500 4621 τῷ
532 4549 753 4620 Χριστῷ
786 4549 1078 4615 πιστεύων,
1111 4549 1349 4600 δείκνυσι
1378 4547 1468 4599 τὸν
1494 4547 1626 4598 Θεὸν
1648 4545 1846 4615 ἀληθῆ,
1875 4543 1935 4607 ἐξ

365 4644 529 4699 αὑτοῦ
563 4643 754 4696 τούτου
791 4643 1028 4707 πάντως,
1069 4641 1160 4694 τοῦ
1189 4638 1474 4693 πιστεῦσαι
1506 4638 1582 4707 τῷ
1613 4639 1740 4708 παρ’
1770 4637 1933 4690 αὑτοῦ

365 4735 786 4805 ἀπεσταλμὲνῳ.
849 4733 1119 4805 Πρόδηλον
1171 4730 1301 4802 γὰρ,
1355 4732 1437 4801 ρτι
1482 4728 1557 4791 ὠς
1588 4728 1777 4797 άληθεί
1824 4727 1936 4780 ὄντι

365 4823 515 4894 αὐτῷ
571 4825 881 4888 ἐπίστευσε,
924 4822 1018 4876 καὶ
1073 4821 1320 4880 εἰκότως.
1378 4821 1442 4871 Ui
1489 4818 1588 4887 μὲν
1627 4817 1736 4886 γὰρ
1787 4816 1936 4869 ἄλλοι

367 4917 588 4982 πάντες,
632 4916 786 4984 φησι,
852 4915 1038 4983 μέτρῳ
1101 4913 1201 4983 τὴν
1261 4911 1546 4980 ἐνέργειαν
1609 4909 1798 4963 ἔλαϐον
1840 4907 1935 4960 τοῦ

369 5004 713 5074 Πνεύματος⁶
743 5003 893 5074 αύτῷ
940 5004 996 5056 δέ
1026 5002 1102 5072 τῷ
1131 5002 1351 5072 Χριστῷ
1393 5001 1492 5053 οὐκ
1523 5002 1585 5053 ἐκ
1618 5001 1818 5070 μέτρου
1851 4998 1932 5052 δέν

367 5097 506 5150 δωκε
545 5097 674 5166 μίαν
720 5095 882 5166 τυχὸν
930 5097 964 5166 ἢ
1014 5094 1106 5146 δύο
1159 5093 1462 5163 ἐνεργείας,
1522 5092 1634 5145 ἀλλ’
1671 5092 1831 5154 αὐτὸς
1876 5091 1938 5143 τὸ

371 5188 596 5258 Πνεῦμα
629 5188 920 5259 ὁλόκληρον
947 5187 1059 5256 ἔχει
1085 5185 1378 5247 οῦσιωδῶς.
1405 5185 1527 5246 Τοῖς
1561 5184 1656 5253 μὲν
1683 5177 1774 5235 οὖν
1806 5199 1941 5251 προ-

371 5281 569 5351 φήταις
593 5283 620 5334 6
647 5281 778 5344 Θεὸς
812 5283 905 5334 καὶ
938 5280 1120 5332 δίδωσι
1149 5278 1211 5330 τὸ
1245 5277 1488 5346 Πνεῦμα,
1523 5277 1642 5346 ἤτοι
1665 5275 1762 5346 τὴν
1791 5276 1941 5344 ἐνέρ-

369 5389 526 5440 γειαν
556 5372 650 5425 τοῦ
683 5372 1021 5442 Πνεύματος,
1052 5370 1144 5424 καὶ
1170 5373 1226 5423 ἐν
1258 5370 1440 5439 μέτρῳ
1467 5367 1648 5420 δίδωσι
1673 5382 1687 5397 ο
1719 5365 1940 5436 Χριστῷ

374 5467 430 5518 δὲ
463 5463 583 5517 οὕτε
625 5468 683 5519 ἐν
717 5468 922 5536 μέτρῳ,
950 5463 1072 5519 οὔτε
1104 5463 1238 5526 ὅλως
1260 5464 1472 5516 δίδωσιν
1492 5479 1504 5492 ⁸
1531 5462 1642 5532 ἔχει
1672 5461 1782 5530 γάρ
1813 5460 1943 5514 αὐτὸ

372 5556 646 5620 οὺσιωδῶς
671 5559 700 5611 6
726 5558 983 5629 Χριστός.
1025 5557 1194 5609 Ὅταν
1233 5554 1288 5608 δέ
1325 5554 1587 5626 ἀκούσῃς,
1626 5554 1708 5606 ὅτι
1734 5553 1764 5604 6
1811 5553 1944 5622 Χρι-

375 5649 519 5714 στὸς,
547 5647 584 5703 ἃ
623 5650 823 5720 ἤκουσε
861 5648 1013 5720 παρὰ
1040 5648 1133 5702 τοῦ
1163 5647 1398 5718 Πατρὸς,
1437 5648 1619 5700 ἐκεῖνα
1648 5643 1818 5709 λαλεῖ,
1869 5643 1944 5714 μὴ

378 5741 562 5813 νόμιζε
591 5741 754 5799 αὐτὸν
775 5741 932 5800 ἐνδεᾶ
958 5740 1087 5811 ὄντα
1113 5740 1390 5812 γνώσεως,
1421 5738 1573 5811 παρὰ
1610 5737 1703 5795 τοῦ
1731 5737 1947 5810 Πατρὸς

2040 4539 2221 4593 veraci
2255 4528 2568 4593 crediderit.
2608 4538 2675 4592 Et
2716 4539 2930 4594 merito.
2964 4538 3075 4594 Nos
3107 4541 3249 4594 enim
3280 4541 3368 4594 alii
3423 4556 3612 4594 omnes

2041 4627 2107 4682 ad
2163 4642 2476 4681 mensuram
2541 4628 2851 4696 accepimus
2911 4630 3281 4696 operationem
3356 4626 3610 4696 Spiritus,

2041 4718 2142 4787 ipsi
2175 4727 2353 4772 autem
2381 4717 2598 4772 Christo
2632 4735 2734 4772 non
2755 4706 3143 4773 admensuratu
3169 4720 3315 4774 dedit
3336 4735 3496 4773 unam
3529 4722 3612 4776 vel

2044 4808 2182 4864 duas
2209 4809 2464 4874 virtutes,
2520 4810 2613 4862 sed
2669 4809 2782 4878 ipse
2817 4808 3076 4878 Spiritum
3148 4810 3412 4879 integrum
3456 4810 3615 4866 habet

2043 4899 2493 4956 substantialiter.
2513 4899 2684 4968 Igitur
2705 4909 2758 4952 et
2787 4900 3060 4969 prOphetis
3084 4899 3232 4954 dedit
3264 4901 3402 4955 Deus
3437 4899 3614 4970 Spiri-

2043 4997 2176 5053 tum,
2205 4989 2308 5043 hoc
2332 4998 2437 5051 est,
2484 4989 2858 5058 operationem
2922 4987 3183 5057 Spiritus,
3219 5001 3274 5043 et
3299 4992 3363 5043 ad
3394 5006 3614 5046 mensu-

2047 5099 2160 5138 ram
2193 5083 2339 5137 dedit
2380 5099 2395 5137 :
2447 5081 2664 5138 Christo
2696 5091 2873 5136 autem
2907 5097 3014 5136 non
3081 5071 3146 5136 ad
3177 5097 3509 5147 mensuram,
3561 5094 3618 5139 et

2047 5189 2221 5244 neque
2263 5175 2483 5230 omnino
2530 5173 2676 5228 dedit
2713 5189 2728 5231 :
2763 5173 2924 5227 habet
2971 5172 3113 5226 enim
3174 5173 3320 5243 illum
3367 5175 3618 5231 Christus

2047 5269 2494 5324 substantialiter.
2520 5266 2742 5334 Quando
2777 5275 2952 5320 autem
2977 5266 3132 5321 audis
3189 5268 3329 5334 quod
3368 5265 3618 5324 Christus

2049 5368 2284 5436 loquitur
2318 5367 2406 5422 illa
2441 5381 2560 5436 quae
2585 5363 2789 5420 audivit
2845 5379 2874 5418 a
2935 5361 3115 5426 Patre,
3157 5375 3223 5416 ne
3256 5371 3412 5430 putes
3470 5360 3616 5415 illum

2051 5459 2289 5529 indigere
2323 5467 2379 5512 ut
2405 5458 2685 5513 scientiam
2715 5457 2781 5510 ah
2805 5457 2895 5512 illo
2926 5457 3124 5519 discat.
3173 5454 3268 5509 sed
3295 5453 3418 5521 quia
3469 5469 3617 5522 quae-

2050 5563 2263 5618 cunque
2288 5547 2391 5603 scit
2421 5547 2604 5610 Filius,
2638 5562 2668 5602 a
2721 5546 2879 5603 Patre
2909 5547 3227 5602 naturaliter
3276 5545 3400 5610 scit,
3463 5546 3616 5615 quasi

2050 5641 2127 5700 illi
2157 5635 2657 5704 consubstantialis,
2688 5638 2806 5710 ejus
2831 5639 3002 5710 gratia
3031 5638 3230 5694 dicitur
3255 5652 3283 5690 a
3311 5633 3470 5691 Patre
3515 5649 3616 5690 au-

2054 5735 2169 5796 dire
2184 5748 2303 5808 quze
2325 5735 2459 5808 scit:
2480 5731 2934 5807 quemadmodum
2958 5731 3006 5788 si
3030 5729 3234 5787 videris
3256 5727 3429 5806 lilium
3465 5727 3616 5810 patri
