  <div class='ocr_page' id='page_1' title='image "/cluster/home/n/w/nwhite01/storage/ocr_20150623/123/hvd.32044019208198/622.png"; bbox 0 0 3960 6454; ppageno 0'>
   <div class='ocr_carea' id='block_1_1' title="bbox 247 348 377 425">
    <p class='ocr_par' dir='ltr' id='par_1_1' title="bbox 247 348 377 425">
     <span class='ocr_line' id='line_1_1' title="bbox 247 348 377 425; baseline -0.069 -9"><span class='ocrx_word' id='word_1_1' title='bbox 247 348 377 425; x_wconf 65' lang='lat'>1:225</span> 
     </span>
    </p>
   </div>
   <div class='ocr_carea' id='block_1_2' title="bbox 890 341 2772 408">
    <p class='ocr_par' dir='ltr' id='par_1_2' title="bbox 890 341 2772 408">
     <span class='ocr_line' id='line_1_2' title="bbox 890 341 2772 408; baseline -0.001 -4"><span class='ocrx_word' id='word_1_2' title='bbox 890 344 1332 408; x_wconf 76' lang='lat' dir='ltr'><strong>ENARRATIO</strong></span> <span class='ocrx_word' id='word_1_3' title='bbox 1372 345 1451 406; x_wconf 79' lang='grc' dir='ltr'>ΙΝ</span> <span class='ocrx_word' id='word_1_4' title='bbox 1482 343 1983 406; x_wconf 73' lang='lat' dir='ltr'><strong>EVANGELIUM</strong></span> <span class='ocrx_word' id='word_1_5' title='bbox 2013 341 2352 403; x_wconf 79' lang='lat' dir='ltr'><strong>JOANNIS.</strong></span> <span class='ocrx_word' id='word_1_6' title='bbox 2379 366 2447 376; x_wconf 84' lang='lat'><strong>—</strong></span> <span class='ocrx_word' id='word_1_7' title='bbox 2473 341 2635 403; x_wconf 81' lang='lat' dir='ltr'><strong>CAP.</strong></span> <span class='ocrx_word' id='word_1_8' title='bbox 2675 342 2772 404; x_wconf 87' lang='lat' dir='ltr'><strong>IV.</strong></span> 
     </span>
    </p>
   </div>
   <div class='ocr_carea' id='block_1_3' title="bbox 3344 344 3478 417">
    <p class='ocr_par' dir='ltr' id='par_1_3' title="bbox 3344 344 3478 417">
     <span class='ocr_line' id='line_1_3' title="bbox 3344 344 3478 417; baseline 0.075 -10"><span class='ocrx_word' id='word_1_9' title='bbox 3344 344 3478 417; x_wconf 73' lang='lat'><strong>1238</strong></span> 
     </span>
    </p>
   </div>
   <div class='ocr_carea' id='block_1_4' title="bbox 242 436 1831 530">
    <p class='ocr_par' dir='ltr' id='par_1_4' title="bbox 242 436 1812 530">
     <span class='ocr_line' id='line_1_4' title="bbox 242 436 1812 530; baseline -0.001 -18"><span class='ocrx_word' id='word_1_10' title='bbox 242 463 458 530; x_wconf 79' lang='grc' dir='ltr'>θρωπου</span> <span class='ocrx_word' id='word_1_11' title='bbox 507 455 652 521; x_wconf 82' lang='grc' dir='ltr'>τινὸς</span> <span class='ocrx_word' id='word_1_12' title='bbox 687 455 1004 528; x_wconf 77' lang='grc' dir='ltr'><strong>θαυμαστοῦ</strong></span> <span class='ocrx_word' id='word_1_13' title='bbox 1047 436 1451 528; x_wconf 52' lang='grc' dir='ltr'>διαλεχόμενος,</span> <span class='ocrx_word' id='word_1_14' title='bbox 1493 457 1589 515; x_wconf 75' lang='grc' dir='ltr'>καὶ</span> <span class='ocrx_word' id='word_1_15' title='bbox 1634 456 1812 511; x_wconf 84' lang='grc' dir='ltr'>πάντα</span> 
     </span>
    </p>
   </div>
   <div class='ocr_carea' id='block_1_5' title="bbox 1933 436 3478 530">
    <p class='ocr_par' dir='ltr' id='par_1_5' title="bbox 1933 454 3478 525">
     <span class='ocr_line' id='line_1_5' title="bbox 1933 454 3478 525; baseline 0.001 -15"><span class='ocrx_word' id='word_1_16' title='bbox 1933 455 1979 510; x_wconf 90' lang='lat' dir='ltr'><strong>le</strong></span> <span class='ocrx_word' id='word_1_17' title='bbox 2011 455 2228 510; x_wconf 99' lang='lat' dir='ltr'><strong>homine</strong></span> <span class='ocrx_word' id='word_1_18' title='bbox 2256 455 2489 525; x_wconf 89' lang='lat' dir='ltr'><strong>quodam</strong></span> <span class='ocrx_word' id='word_1_19' title='bbox 2518 454 2819 510; x_wconf 83' lang='lat' dir='ltr'><strong>admirabili</strong></span> <span class='ocrx_word' id='word_1_20' title='bbox 2882 454 3126 525; x_wconf 86' lang='lat' dir='ltr'><strong>loquens.</strong></span> <span class='ocrx_word' id='word_1_21' title='bbox 3186 454 3255 515; x_wconf 84' lang='lat' dir='ltr'><strong>Et</strong></span> <span class='ocrx_word' id='word_1_22' title='bbox 3297 458 3478 521; x_wconf 75' lang='lat' dir='ltr'><strong>omnia</strong></span> 
     </span>
    </p>
   </div>
   <div class='ocr_carea' id='block_1_6' title="bbox 241 544 1808 620">
    <p class='ocr_par' dir='ltr' id='par_1_6' title="bbox 241 544 1808 620">
     <span class='ocr_line' id='line_1_6' title="bbox 241 544 1808 620; baseline -0.002 -17"><span class='ocrx_word' id='word_1_23' title='bbox 241 551 470 604; x_wconf 79' lang='grc' dir='ltr'>δέδωκεν</span> <span class='ocrx_word' id='word_1_24' title='bbox 503 548 561 601; x_wconf 76' lang='grc' dir='ltr'><strong>ἐν</strong></span> <span class='ocrx_word' id='word_1_25' title='bbox 586 550 652 620; x_wconf 75' lang='grc' dir='ltr'>τῇ</span> <span class='ocrx_word' id='word_1_26' title='bbox 685 547 831 619; x_wconf 76' lang='grc' dir='ltr'>χειρὶ</span> <span class='ocrx_word' id='word_1_27' title='bbox 858 546 951 601; x_wconf 87' lang='grc' dir='ltr'><strong>τοῦ</strong></span> <span class='ocrx_word' id='word_1_28' title='bbox 1001 546 1154 612; x_wconf 87' lang='grc' dir='ltr'>Υίοῦ,</span> <span class='ocrx_word' id='word_1_29' title='bbox 1193 547 1333 601; x_wconf 78' lang='grc' dir='ltr'>κατὰ</span> <span class='ocrx_word' id='word_1_30' title='bbox 1358 549 1421 601; x_wconf 79' lang='grc' dir='ltr'>τὺ</span> <span class='ocrx_word' id='word_1_31' title='bbox 1451 544 1808 619; x_wconf 78' lang='grc' dir='ltr'>ἀνθρώπινον.</span> 
     </span>
    </p>
   </div>
   <div class='ocr_carea' id='block_1_7' title="bbox 243 638 1813 706">
    <p class='ocr_par' dir='ltr' id='par_1_7' title="bbox 243 638 1813 706">
     <span class='ocr_line' id='line_1_7' title="bbox 243 638 1813 706; baseline -0.002 -11"><span class='ocrx_word' id='word_1_32' title='bbox 243 643 304 695; x_wconf 85' lang='grc' dir='ltr'>Εἰ</span> <span class='ocrx_word' id='word_1_33' title='bbox 330 641 385 694; x_wconf 83' lang='grc' dir='ltr'>δὲ</span> <span class='ocrx_word' id='word_1_34' title='bbox 430 639 526 693; x_wconf 74' lang='grc' dir='ltr'><strong>καὶ</strong></span> <span class='ocrx_word' id='word_1_35' title='bbox 568 641 708 695; x_wconf 74' lang='grc' dir='ltr'>κατὰ</span> <span class='ocrx_word' id='word_1_36' title='bbox 753 640 813 693; x_wconf 82' lang='grc' dir='ltr'><strong>τὸ</strong></span> <span class='ocrx_word' id='word_1_37' title='bbox 853 639 1056 706; x_wconf 73' lang='grc' dir='ltr'>θεῖκδν,</span> <span class='ocrx_word' id='word_1_38' title='bbox 1088 639 1142 692; x_wconf 86' lang='grc' dir='ltr'><strong>τί</strong></span> <span class='ocrx_word' id='word_1_39' title='bbox 1171 638 1362 705; x_wconf 87' lang='grc' dir='ltr'>τοῦτο;</span> <span class='ocrx_word' id='word_1_40' title='bbox 1406 638 1614 692; x_wconf 82' lang='grc' dir='ltr'>Δέδωκε</span> <span class='ocrx_word' id='word_1_41' title='bbox 1645 640 1674 692; x_wconf 87' lang='grc' dir='ltr'><strong>ὁ</strong></span> <span class='ocrx_word' id='word_1_42' title='bbox 1702 641 1813 692; x_wconf 80' lang='grc' dir='ltr'><strong>Πα-</strong></span> 
     </span>
    </p>
   </div>
   <div class='ocr_carea' id='block_1_8' title="bbox 242 727 1814 802">
    <p class='ocr_par' dir='ltr' id='par_1_8' title="bbox 242 727 1814 802">
     <span class='ocr_line' id='line_1_8' title="bbox 242 727 1814 802; baseline -0.002 -18"><span class='ocrx_word' id='word_1_43' title='bbox 242 729 346 802; x_wconf 78' lang='grc' dir='ltr'>τὴρ</span> <span class='ocrx_word' id='word_1_44' title='bbox 368 728 435 782; x_wconf 81' lang='grc' dir='ltr'>τὰ</span> <span class='ocrx_word' id='word_1_45' title='bbox 465 729 646 784; x_wconf 80' lang='grc' dir='ltr'>πάντα</span> <span class='ocrx_word' id='word_1_46' title='bbox 689 729 767 801; x_wconf 90' lang='grc' dir='ltr'><strong>τῷ</strong></span> <span class='ocrx_word' id='word_1_47' title='bbox 799 727 932 799; x_wconf 82' lang='grc' dir='ltr'>Υίῷ,</span> <span class='ocrx_word' id='word_1_48' title='bbox 967 729 1111 801; x_wconf 85' lang='grc' dir='ltr'>λόγῳ</span> <span class='ocrx_word' id='word_1_49' title='bbox 1141 728 1379 799; x_wconf 87' lang='grc' dir='ltr'>φύσεως,</span> <span class='ocrx_word' id='word_1_50' title='bbox 1410 728 1523 782; x_wconf 81' lang='grc' dir='ltr'>ἀλλ’</span> <span class='ocrx_word' id='word_1_51' title='bbox 1553 729 1614 782; x_wconf 86' lang='grc' dir='ltr'><strong>ού</strong></span> <span class='ocrx_word' id='word_1_52' title='bbox 1658 727 1814 800; x_wconf 82' lang='grc' dir='ltr'>χάρι-</span> 
     </span>
    </p>
   </div>
   <div class='ocr_carea' id='block_1_9' title="bbox 241 817 1811 892">
    <p class='ocr_par' dir='ltr' id='par_1_9' title="bbox 241 817 1811 892">
     <span class='ocr_line' id='line_1_9' title="bbox 241 817 1811 892; baseline -0.001 -17"><span class='ocrx_word' id='word_1_53' title='bbox 241 837 356 885; x_wconf 83' lang='grc' dir='ltr'>τος.</span> <span class='ocrx_word' id='word_1_54' title='bbox 402 820 554 873; x_wconf 78' lang='grc' dir='ltr'>Ἐπεὶ</span> <span class='ocrx_word' id='word_1_55' title='bbox 603 821 711 890; x_wconf 78' lang='grc' dir='ltr'><strong>γὰρ</strong></span> <span class='ocrx_word' id='word_1_56' title='bbox 755 820 850 872; x_wconf 72' lang='grc' dir='ltr'><strong>καὶ</strong></span> <span class='ocrx_word' id='word_1_57' title='bbox 902 819 963 872; x_wconf 76' lang='grc' dir='ltr'><strong>τὸ</strong></span> <span class='ocrx_word' id='word_1_58' title='bbox 1008 817 1143 874; x_wconf 78' lang='grc' dir='ltr'>εἶναι</span> <span class='ocrx_word' id='word_1_59' title='bbox 1186 822 1251 874; x_wconf 81' lang='grc' dir='ltr'>ὲκ</span> <span class='ocrx_word' id='word_1_60' title='bbox 1296 819 1391 874; x_wconf 88' lang='grc' dir='ltr'><strong>τοῦ</strong></span> <span class='ocrx_word' id='word_1_61' title='bbox 1434 820 1648 891; x_wconf 80' lang='grc' dir='ltr'>Πατρδς</span> <span class='ocrx_word' id='word_1_62' title='bbox 1677 820 1811 892; x_wconf 76' lang='grc' dir='ltr'>ἔχει,</span> 
     </span>
    </p>
   </div>
   <div class='ocr_carea' id='block_1_10' title="bbox 243 911 1812 983">
    <p class='ocr_par' dir='ltr' id='par_1_10' title="bbox 243 911 1812 983">
     <span class='ocr_line' id='line_1_10' title="bbox 243 911 1812 983; baseline 0.001 -17"><span class='ocrx_word' id='word_1_63' title='bbox 243 914 464 976; x_wconf 78' lang='grc' dir='ltr'><strong>εἰκότως</strong></span> <span class='ocrx_word' id='word_1_64' title='bbox 507 912 603 967; x_wconf 74' lang='grc' dir='ltr'>καὶ</span> <span class='ocrx_word' id='word_1_65' title='bbox 650 912 829 967; x_wconf 85' lang='grc' dir='ltr'>πάντα</span> <span class='ocrx_word' id='word_1_66' title='bbox 874 913 939 966; x_wconf 80' lang='grc' dir='ltr'>ὲκ</span> <span class='ocrx_word' id='word_1_67' title='bbox 990 911 1085 965; x_wconf 89' lang='grc' dir='ltr'><strong>τοῦ</strong></span> <span class='ocrx_word' id='word_1_68' title='bbox 1138 912 1350 983; x_wconf 81' lang='grc' dir='ltr'>Πατρὸς</span> <span class='ocrx_word' id='word_1_69' title='bbox 1394 912 1611 981; x_wconf 84' lang='grc' dir='ltr'>λέγεται</span> <span class='ocrx_word' id='word_1_70' title='bbox 1648 912 1812 982; x_wconf 78' lang='grc' dir='ltr'>ἔχειν.</span> 
     </span>
    </p>
   </div>
   <div class='ocr_carea' id='block_1_11' title="bbox 245 1003 1816 1077">
    <p class='ocr_par' dir='ltr' id='par_1_11' title="bbox 245 1003 1816 1077">
     <span class='ocr_line' id='line_1_11' title="bbox 245 1003 1816 1077; baseline 0.001 -20"><span class='ocrx_word' id='word_1_71' title='bbox 245 1006 396 1077; x_wconf 81' lang='grc' dir='ltr'>Ἔχει</span> <span class='ocrx_word' id='word_1_72' title='bbox 423 1004 602 1057; x_wconf 82' lang='grc' dir='ltr'>τοίνυν</span> <span class='ocrx_word' id='word_1_73' title='bbox 630 1004 700 1058; x_wconf 74' lang='grc' dir='ltr'>τὰ</span> <span class='ocrx_word' id='word_1_74' title='bbox 740 1005 916 1058; x_wconf 82' lang='grc' dir='ltr'>πάντα</span> <span class='ocrx_word' id='word_1_75' title='bbox 949 1005 977 1057; x_wconf 88' lang='grc' dir='ltr'><strong>ὁ</strong></span> <span class='ocrx_word' id='word_1_76' title='bbox 1012 1004 1160 1070; x_wconf 77' lang='grc' dir='ltr'>Υἱὸς,</span> <span class='ocrx_word' id='word_1_77' title='bbox 1194 1003 1263 1058; x_wconf 84' lang='grc' dir='ltr'>τά</span> <span class='ocrx_word' id='word_1_78' title='bbox 1297 1021 1355 1058; x_wconf 90' lang='grc' dir='ltr'><strong>τε</strong></span> <span class='ocrx_word' id='word_1_79' title='bbox 1388 1006 1445 1058; x_wconf 74' lang='grc' dir='ltr'><strong>ἐν</strong></span> <span class='ocrx_word' id='word_1_80' title='bbox 1471 1004 1704 1074; x_wconf 79' lang='grc' dir='ltr'>οὐρανῷ,</span> <span class='ocrx_word' id='word_1_81' title='bbox 1746 1005 1816 1060; x_wconf 86' lang='grc' dir='ltr'>τά</span> 
     </span>
    </p>
   </div>
   <div class='ocr_carea' id='block_1_12' title="bbox 241 1096 1817 1169">
    <p class='ocr_par' dir='ltr' id='par_1_12' title="bbox 241 1096 1817 1169">
     <span class='ocr_line' id='line_1_12' title="bbox 241 1096 1817 1169; baseline 0.001 -20"><span class='ocrx_word' id='word_1_82' title='bbox 241 1114 299 1163; x_wconf 79' lang='grc' dir='ltr'><strong>τε</strong></span> <span class='ocrx_word' id='word_1_83' title='bbox 333 1099 422 1151; x_wconf 68' lang='grc' dir='ltr'>ἐπὶ</span> <span class='ocrx_word' id='word_1_84' title='bbox 446 1099 546 1169; x_wconf 79' lang='grc' dir='ltr'><strong>γῆς</strong></span> <span class='ocrx_word' id='word_1_85' title='bbox 564 1113 577 1127; x_wconf 76' lang='grc' dir='ltr'><strong>ο</strong></span> <span class='ocrx_word' id='word_1_86' title='bbox 606 1097 858 1163; x_wconf 75' lang='grc' dir='ltr'>δεσπόζει</span> <span class='ocrx_word' id='word_1_87' title='bbox 890 1097 999 1168; x_wconf 82' lang='grc' dir='ltr'>γὰρ</span> <span class='ocrx_word' id='word_1_88' title='bbox 1028 1098 1310 1164; x_wconf 81' lang='grc' dir='ltr'>ἁπάντων,</span> <span class='ocrx_word' id='word_1_89' title='bbox 1332 1098 1441 1151; x_wconf 77' lang='grc' dir='ltr'><strong>κᾶν</strong></span> <span class='ocrx_word' id='word_1_90' title='bbox 1469 1097 1546 1168; x_wconf 85' lang='grc' dir='ltr'>μὴ</span> <span class='ocrx_word' id='word_1_91' title='bbox 1582 1096 1817 1164; x_wconf 80' lang='grc' dir='ltr'>βούλων-</span> 
     </span>
    </p>
   </div>
   <div class='ocr_carea' id='block_1_13' title="bbox 240 1188 1817 1260">
    <p class='ocr_par' dir='ltr' id='par_1_13' title="bbox 240 1188 1817 1260">
     <span class='ocr_line' id='line_1_13' title="bbox 240 1188 1817 1260; baseline -0.001 -18"><span class='ocrx_word' id='word_1_92' title='bbox 240 1207 352 1243; x_wconf 70' lang='grc' dir='ltr'>ται.</span> <span class='ocrx_word' id='word_1_93' title='bbox 382 1190 649 1260; x_wconf 83' lang='grc' dir='ltr'>’Ὑστερον</span> <span class='ocrx_word' id='word_1_94' title='bbox 688 1190 894 1260; x_wconf 80' lang='grc' dir='ltr'>μέντοι,</span> <span class='ocrx_word' id='word_1_95' title='bbox 929 1189 1017 1242; x_wconf 81' lang='grc' dir='ltr'>ὅτε</span> <span class='ocrx_word' id='word_1_96' title='bbox 1052 1193 1192 1243; x_wconf 81' lang='grc' dir='ltr'>κατὰ</span> <span class='ocrx_word' id='word_1_97' title='bbox 1236 1188 1339 1260; x_wconf 82' lang='grc' dir='ltr'>τὴν</span> <span class='ocrx_word' id='word_1_98' title='bbox 1388 1188 1643 1259; x_wconf 79' lang='grc' dir='ltr'><strong>δευτέραν</strong></span> <span class='ocrx_word' id='word_1_99' title='bbox 1672 1205 1817 1259; x_wconf 83' lang='grc' dir='ltr'>παρ-</span> 
     </span>
    </p>
   </div>
   <div class='ocr_carea' id='block_1_14' title="bbox 238 1280 1820 1353">
    <p class='ocr_par' dir='ltr' id='par_1_14' title="bbox 238 1280 1820 1353">
     <span class='ocr_line' id='line_1_14' title="bbox 238 1280 1820 1353; baseline 0 -20"><span class='ocrx_word' id='word_1_100' title='bbox 238 1280 430 1334; x_wconf 71' lang='grc' dir='ltr'>ουσίαν</span> <span class='ocrx_word' id='word_1_101' title='bbox 461 1282 568 1334; x_wconf 77' lang='grc' dir='ltr'>πᾶν</span> <span class='ocrx_word' id='word_1_102' title='bbox 617 1281 747 1349; x_wconf 76' lang='grc' dir='ltr'>γόνυ</span> <span class='ocrx_word' id='word_1_103' title='bbox 777 1280 985 1351; x_wconf 83' lang='grc' dir='ltr'>κάμψει</span> <span class='ocrx_word' id='word_1_104' title='bbox 1017 1281 1190 1351; x_wconf 86' lang='grc' dir='ltr'>αὐτῷ,</span> <span class='ocrx_word' id='word_1_105' title='bbox 1236 1280 1335 1353; x_wconf 76' lang='grc' dir='ltr'><strong>τὴν</strong></span> <span class='ocrx_word' id='word_1_106' title='bbox 1363 1280 1601 1351; x_wconf 83' lang='grc' dir='ltr'><strong>παντελῆ</strong></span> <span class='ocrx_word' id='word_1_107' title='bbox 1627 1280 1820 1335; x_wconf 84' lang='grc' dir='ltr'>δεσπο-</span> 
     </span>
    </p>
   </div>
   <div class='ocr_carea' id='block_1_15' title="bbox 239 1370 1819 1442">
    <p class='ocr_par' dir='ltr' id='par_1_15' title="bbox 239 1370 1819 1442">
     <span class='ocr_line' id='line_1_15' title="bbox 239 1370 1819 1442; baseline 0.001 -20"><span class='ocrx_word' id='word_1_108' title='bbox 239 1370 393 1423; x_wconf 80' lang='grc' dir='ltr'>τείαν</span> <span class='ocrx_word' id='word_1_109' title='bbox 428 1372 646 1424; x_wconf 79' lang='grc' dir='ltr'>πάντων</span> <span class='ocrx_word' id='word_1_110' title='bbox 678 1370 942 1440; x_wconf 77' lang='grc' dir='ltr'>λήψεταιο</span> <span class='ocrx_word' id='word_1_111' title='bbox 980 1372 1068 1425; x_wconf 83' lang='grc' dir='ltr'>ὅτε</span> <span class='ocrx_word' id='word_1_112' title='bbox 1093 1371 1279 1433; x_wconf 82' lang='grc' dir='ltr'>οὐκέτι</span> <span class='ocrx_word' id='word_1_113' title='bbox 1309 1372 1342 1442; x_wconf 79' lang='grc' dir='ltr'>ὴ</span> <span class='ocrx_word' id='word_1_114' title='bbox 1385 1374 1554 1427; x_wconf 85' lang='grc' dir='ltr'>κακία</span> <span class='ocrx_word' id='word_1_115' title='bbox 1588 1372 1819 1441; x_wconf 84' lang='grc' dir='ltr'>δύναμιν</span> 
     </span>
    </p>
   </div>
   <div class='ocr_carea' id='block_1_16' title="bbox 241 1461 1818 1533">
    <p class='ocr_par' dir='ltr' id='par_1_16' title="bbox 241 1461 1818 1533">
     <span class='ocr_line' id='line_1_16' title="bbox 241 1461 1818 1533; baseline 0.001 -19"><span class='ocrx_word' id='word_1_116' title='bbox 241 1462 386 1532; x_wconf 75' lang='grc' dir='ltr'>ἔχει,</span> <span class='ocrx_word' id='word_1_117' title='bbox 417 1462 531 1515; x_wconf 81' lang='grc' dir='ltr'>ἀλλ’</span> <span class='ocrx_word' id='word_1_118' title='bbox 558 1461 919 1532; x_wconf 85' lang='grc' dir='ltr'>ἀνενέργητος</span> <span class='ocrx_word' id='word_1_119' title='bbox 958 1463 1218 1533; x_wconf 77' lang='grc' dir='ltr'>μένουσα,</span> <span class='ocrx_word' id='word_1_120' title='bbox 1249 1461 1492 1516; x_wconf 88' lang='grc' dir='ltr'>δείκνυσι</span> <span class='ocrx_word' id='word_1_121' title='bbox 1523 1462 1621 1531; x_wconf 83' lang='grc' dir='ltr'>τὴν</span> <span class='ocrx_word' id='word_1_122' title='bbox 1657 1462 1818 1532; x_wconf 85' lang='grc' dir='ltr'>φύσιν</span> 
     </span>
    </p>
   </div>
   <div class='ocr_carea' id='block_1_17' title="bbox 239 1553 1820 1626">
    <p class='ocr_par' dir='ltr' id='par_1_17' title="bbox 239 1553 1820 1626">
     <span class='ocr_line' id='line_1_17' title="bbox 239 1553 1820 1626; baseline 0.004 -21"><span class='ocrx_word' id='word_1_123' title='bbox 239 1553 336 1606; x_wconf 86' lang='grc' dir='ltr'><strong>τοῦ</strong></span> <span class='ocrx_word' id='word_1_124' title='bbox 384 1553 590 1624; x_wconf 80' lang='grc' dir='ltr'><strong>ἀγαθοῦ</strong></span> <span class='ocrx_word' id='word_1_125' title='bbox 627 1554 684 1622; x_wconf 77' lang='grc' dir='ltr'>ἐξ</span> <span class='ocrx_word' id='word_1_126' title='bbox 723 1555 895 1626; x_wconf 80' lang='grc' dir='ltr'>ἀρχῆς</span> <span class='ocrx_word' id='word_1_127' title='bbox 928 1557 1098 1608; x_wconf 82' lang='grc' dir='ltr'>πᾶσιν</span> <span class='ocrx_word' id='word_1_128' title='bbox 1135 1554 1379 1621; x_wconf 84' lang='grc' dir='ltr'>ὲνοῦσαν,</span> <span class='ocrx_word' id='word_1_129' title='bbox 1415 1556 1610 1611; x_wconf 77' lang='grc' dir='ltr'>καὶτὰ</span> <span class='ocrx_word' id='word_1_130' title='bbox 1643 1558 1820 1611; x_wconf 79' lang='grc' dir='ltr'>πάντα</span> 
     </span>
    </p>
   </div>
   <div class='ocr_carea' id='block_1_18' title="bbox 243 1644 1820 1717">
    <p class='ocr_par' dir='ltr' id='par_1_18' title="bbox 243 1644 1820 1717">
     <span class='ocr_line' id='line_1_18' title="bbox 243 1644 1820 1717; baseline 0.001 -21"><span class='ocrx_word' id='word_1_131' title='bbox 243 1646 595 1715; x_wconf 58' lang='grc' dir='ltr'>συνέχουσαν.</span> <span class='ocrx_word' id='word_1_132' title='bbox 625 1663 644 1700; x_wconf 78' lang='grc' dir='ltr'>ί</span> <span class='ocrx_word' id='word_1_133' title='bbox 694 1644 754 1698; x_wconf 86' lang='lat'><strong>&#39;0</strong></span> <span class='ocrx_word' id='word_1_134' title='bbox 804 1644 1077 1698; x_wconf 85' lang='grc' dir='ltr'>πιστεύων</span> <span class='ocrx_word' id='word_1_135' title='bbox 1110 1645 1191 1708; x_wconf 80' lang='grc' dir='ltr'><strong>εἰς</strong></span> <span class='ocrx_word' id='word_1_136' title='bbox 1234 1644 1327 1699; x_wconf 77' lang='grc' dir='ltr'>τὸν</span> <span class='ocrx_word' id='word_1_137' title='bbox 1371 1644 1520 1711; x_wconf 84' lang='grc' dir='ltr'>Υίὸν,</span> <span class='ocrx_word' id='word_1_138' title='bbox 1564 1644 1677 1717; x_wconf 77' lang='grc' dir='ltr'>ἔχει</span> <span class='ocrx_word' id='word_1_139' title='bbox 1721 1646 1820 1716; x_wconf 78' lang='grc' dir='ltr'>τὴν</span> 
     </span>
    </p>
   </div>
   <div class='ocr_carea' id='block_1_19' title="bbox 241 1720 1850 1809">
    <p class='ocr_par' dir='ltr' id='par_1_19' title="bbox 241 1720 1850 1809">
     <span class='ocr_line' id='line_1_19' title="bbox 241 1720 1850 1809; baseline 0 -21"><span class='ocrx_word' id='word_1_140' title='bbox 241 1737 464 1801; x_wconf 74' lang='grc' dir='ltr'>αἰώνιον</span> <span class='ocrx_word' id='word_1_141' title='bbox 491 1737 636 1809; x_wconf 80' lang='grc' dir='ltr'><strong>ζωὴν</strong></span> <span class='ocrx_word' id='word_1_142' title='bbox 679 1738 738 1790; x_wconf 84' lang='grc' dir='ltr'>ὲν</span> <span class='ocrx_word' id='word_1_143' title='bbox 780 1737 952 1808; x_wconf 84' lang='grc' dir='ltr'>αύτῷ,</span> <span class='ocrx_word' id='word_1_144' title='bbox 992 1755 1010 1789; x_wconf 73' lang='grc' dir='ltr'><strong>ι</strong></span> <span class='ocrx_word' id='word_1_145' title='bbox 1050 1737 1213 1792; x_wconf 78' lang='grc' dir='ltr'>αὑτὸν</span> <span class='ocrx_word' id='word_1_146' title='bbox 1242 1737 1388 1806; x_wconf 81' lang='grc' dir='ltr'>λέγω</span> <span class='ocrx_word' id='word_1_147' title='bbox 1422 1737 1514 1791; x_wconf 80' lang='grc' dir='ltr'>τὸν</span> <span class='ocrx_word' id='word_1_148' title='bbox 1564 1720 1850 1808; x_wconf 37' lang='grc' dir='ltr'>Χριστδνξ</span> 
     </span>
    </p>
   </div>
   <div class='ocr_carea' id='block_1_20' title="bbox 237 1803 1895 1902">
    <p class='ocr_par' dir='ltr' id='par_1_20' title="bbox 237 1803 1895 1902">
     <span class='ocr_line' id='line_1_20' title="bbox 237 1803 1895 1902; baseline 0.002 -23"><span class='ocrx_word' id='word_1_149' title='bbox 237 1828 296 1891; x_wconf 83' lang='grc' dir='ltr'>ὃς</span> <span class='ocrx_word' id='word_1_150' title='bbox 340 1829 453 1900; x_wconf 78' lang='grc' dir='ltr'><strong>ζωή</strong></span> <span class='ocrx_word' id='word_1_151' title='bbox 504 1803 651 1884; x_wconf 73' lang='grc' dir='ltr'>ἐστιν</span> <span class='ocrx_word' id='word_1_152' title='bbox 692 1803 928 1902; x_wconf 73' lang='grc' dir='ltr'>ἀληθῶς.</span> <span class='ocrx_word' id='word_1_153' title='bbox 981 1831 1111 1883; x_wconf 75' lang='grc' dir='ltr'><strong>(Ἐν</strong></span> <span class='ocrx_word' id='word_1_154' title='bbox 1154 1803 1327 1900; x_wconf 25' lang='grc' dir='ltr'>αύτῷ-</span> <span class='ocrx_word' id='word_1_155' title='bbox 1352 1830 1460 1901; x_wconf 76' lang='grc' dir='ltr'>γὰρ</span> <span class='ocrx_word' id='word_1_156' title='bbox 1503 1803 1685 1901; x_wconf 77' lang='grc' dir='ltr'>ζῶμεν</span> <span class='ocrx_word' id='word_1_157' title='bbox 1727 1832 1822 1884; x_wconf 75' lang='grc' dir='ltr'><strong>καὶ</strong></span> <span class='ocrx_word' id='word_1_158' title='bbox 1854 1803 1895 1863; x_wconf 70' lang='grc' dir='ltr'><strong>Β</strong></span> 
     </span>
    </p>
   </div>
   <div class='ocr_carea' id='block_1_21' title="bbox 240 1921 1823 1990">
    <p class='ocr_par' dir='ltr' id='par_1_21' title="bbox 240 1921 1823 1990">
     <span class='ocr_line' id='line_1_21' title="bbox 240 1921 1823 1990; baseline 0 -16"><span class='ocrx_word' id='word_1_159' title='bbox 240 1921 568 1989; x_wconf 79' lang='grc' dir='ltr'>κινούμεθα.</span> <span class='ocrx_word' id='word_1_160' title='bbox 630 1940 743 1973; x_wconf 81' lang='grc'><strong>›-</strong></span> <span class='ocrx_word' id='word_1_161' title='bbox 774 1939 793 1974; x_wconf 79' lang='grc' dir='ltr'><strong>ι</strong></span> <span class='ocrx_word' id='word_1_162' title='bbox 855 1922 915 1976; x_wconf 79' lang='grc' dir='ltr'><strong>Ὀ</strong></span> <span class='ocrx_word' id='word_1_163' title='bbox 946 1922 1001 1976; x_wconf 81' lang='grc' dir='ltr'>δὲ</span> <span class='ocrx_word' id='word_1_164' title='bbox 1052 1921 1296 1977; x_wconf 81' lang='grc' dir='ltr'>ἀπειθῶν</span> <span class='ocrx_word' id='word_1_165' title='bbox 1347 1921 1450 1975; x_wconf 76' lang='grc' dir='ltr'><strong>οὐκ</strong></span> <span class='ocrx_word' id='word_1_166' title='bbox 1500 1922 1688 1990; x_wconf 70' lang='grc' dir='ltr'>ὄψεται</span> <span class='ocrx_word' id='word_1_167' title='bbox 1727 1922 1823 1989; x_wconf 84' lang='grc' dir='ltr'><strong>τὴν</strong></span> 
     </span>
    </p>
   </div>
   <div class='ocr_carea' id='block_1_22' title="bbox 239 2014 1823 2088">
    <p class='ocr_par' dir='ltr' id='par_1_22' title="bbox 239 2014 1823 2088">
     <span class='ocr_line' id='line_1_22' title="bbox 239 2014 1823 2088; baseline 0.001 -23"><span class='ocrx_word' id='word_1_168' title='bbox 239 2014 412 2088; x_wconf 71' lang='grc' dir='ltr'>ζωήν.</span> <span class='ocrx_word' id='word_1_169' title='bbox 461 2032 478 2066; x_wconf 80' lang='grc' dir='ltr'><strong>ι</strong></span> <span class='ocrx_word' id='word_1_170' title='bbox 526 2015 583 2068; x_wconf 88' lang='lat'><strong>&#39;0</strong></span> <span class='ocrx_word' id='word_1_171' title='bbox 614 2014 723 2085; x_wconf 78' lang='grc' dir='ltr'><strong>γὰρ</strong></span> <span class='ocrx_word' id='word_1_172' title='bbox 754 2015 999 2080; x_wconf 68' lang='grc' dir='ltr'>ἀποστὰς</span> <span class='ocrx_word' id='word_1_173' title='bbox 1044 2014 1305 2079; x_wconf 79' lang='grc' dir='ltr'><strong>ἑκουσίως</strong></span> <span class='ocrx_word' id='word_1_174' title='bbox 1334 2015 1434 2083; x_wconf 85' lang='grc' dir='ltr'>τῆς</span> <span class='ocrx_word' id='word_1_175' title='bbox 1486 2014 1653 2083; x_wconf 80' lang='grc' dir='ltr'>ζωῆς,</span> <span class='ocrx_word' id='word_1_176' title='bbox 1706 2015 1823 2075; x_wconf 85' lang='grc' dir='ltr'><strong>πῶς</strong></span> 
     </span>
    </p>
   </div>
   <div class='ocr_carea' id='block_1_23' title="bbox 237 2102 1825 2176">
    <p class='ocr_par' dir='ltr' id='par_1_23' title="bbox 237 2102 1825 2176">
     <span class='ocr_line' id='line_1_23' title="bbox 237 2102 1825 2176; baseline 0.002 -21"><span class='ocrx_word' id='word_1_177' title='bbox 237 2102 353 2171; x_wconf 77' lang='grc' dir='ltr'>ἕξει</span> <span class='ocrx_word' id='word_1_178' title='bbox 400 2103 592 2175; x_wconf 76' lang='grc' dir='ltr'>αὐτὴν,</span> <span class='ocrx_word' id='word_1_179' title='bbox 629 2104 750 2176; x_wconf 77' lang='grc' dir='ltr'>ἥτις</span> <span class='ocrx_word' id='word_1_180' title='bbox 796 2105 943 2165; x_wconf 70' lang='grc' dir='ltr'>ἐστὶν</span> <span class='ocrx_word' id='word_1_181' title='bbox 983 2106 1012 2158; x_wconf 86' lang='grc' dir='ltr'><strong>ό</strong></span> <span class='ocrx_word' id='word_1_182' title='bbox 1041 2106 1306 2176; x_wconf 81' lang='grc' dir='ltr'>Χριστός;</span> <span class='ocrx_word' id='word_1_183' title='bbox 1353 2108 1444 2170; x_wconf 79' lang='grc' dir='ltr'>Ὠς</span> <span class='ocrx_word' id='word_1_184' title='bbox 1487 2106 1584 2170; x_wconf 73' lang='grc' dir='ltr'><strong>καὶ</strong></span> <span class='ocrx_word' id='word_1_185' title='bbox 1614 2103 1825 2168; x_wconf 75' lang='grc' dir='ltr'>Παῦλός</span> 
     </span>
    </p>
   </div>
   <div class='ocr_carea' id='block_1_24' title="bbox 241 2196 1827 2274">
    <p class='ocr_par' dir='ltr' id='par_1_24' title="bbox 241 2196 1827 2274">
     <span class='ocr_line' id='line_1_24' title="bbox 241 2196 1827 2274; baseline 0.001 -26"><span class='ocrx_word' id='word_1_186' title='bbox 241 2212 435 2273; x_wconf 72' lang='grc' dir='ltr'>φησιν’</span> <span class='ocrx_word' id='word_1_187' title='bbox 457 2214 478 2248; x_wconf 77' lang='grc' dir='ltr'><strong>ο</strong></span> <span class='ocrx_word' id='word_1_188' title='bbox 506 2197 714 2251; x_wconf 84' lang='grc' dir='ltr'>Ὅτανό</span> <span class='ocrx_word' id='word_1_189' title='bbox 738 2198 972 2271; x_wconf 78' lang='grc' dir='ltr'>Χριστὸς</span> <span class='ocrx_word' id='word_1_190' title='bbox 999 2197 1289 2274; x_wconf 76' lang='grc' dir='ltr'>φανερωθῇ</span> <span class='ocrx_word' id='word_1_191' title='bbox 1308 2196 1475 2269; x_wconf 66' lang='grc' dir='ltr'>ήῖζωὴ</span> <span class='ocrx_word' id='word_1_192' title='bbox 1502 2197 1678 2267; x_wconf 79' lang='grc' dir='ltr'>ἡμῶν,</span> <span class='ocrx_word' id='word_1_193' title='bbox 1706 2199 1827 2262; x_wconf 80' lang='grc' dir='ltr'>τότε</span> 
     </span>
    </p>
   </div>
   <div class='ocr_carea' id='block_1_25' title="bbox 239 2289 1827 2362">
    <p class='ocr_par' dir='ltr' id='par_1_25' title="bbox 239 2289 1827 2362">
     <span class='ocr_line' id='line_1_25' title="bbox 239 2289 1827 2362; baseline -0.003 -15"><span class='ocrx_word' id='word_1_194' title='bbox 239 2290 339 2347; x_wconf 74' lang='grc' dir='ltr'><strong>καὶ</strong></span> <span class='ocrx_word' id='word_1_195' title='bbox 373 2290 552 2359; x_wconf 82' lang='grc' dir='ltr'><strong>ὑμεῖς,</strong></span> <span class='ocrx_word' id='word_1_196' title='bbox 578 2291 628 2343; x_wconf 75' lang='grc' dir='ltr'>οἱ</span> <span class='ocrx_word' id='word_1_197' title='bbox 673 2291 811 2361; x_wconf 68' lang='grc' dir='ltr'>πρὸς</span> <span class='ocrx_word' id='word_1_198' title='bbox 856 2291 956 2362; x_wconf 81' lang='grc' dir='ltr'>τὴν</span> <span class='ocrx_word' id='word_1_199' title='bbox 1002 2290 1206 2356; x_wconf 83' lang='grc' dir='ltr'>κακίαν</span> <span class='ocrx_word' id='word_1_200' title='bbox 1239 2290 1423 2361; x_wconf 70' lang='grc' dir='ltr'>νεκροὶ</span> <span class='ocrx_word' id='word_1_201' title='bbox 1453 2291 1548 2344; x_wconf 66' lang='grc' dir='ltr'><strong>κα)⁸</strong></span> <span class='ocrx_word' id='word_1_202' title='bbox 1581 2289 1827 2360; x_wconf 75' lang='grc' dir='ltr'>ἀκίνητοι</span> 
     </span>
    </p>
   </div>
   <div class='ocr_carea' id='block_1_26' title="bbox 238 2382 1829 2459">
    <p class='ocr_par' dir='ltr' id='par_1_26' title="bbox 238 2382 1829 2459">
     <span class='ocr_line' id='line_1_26' title="bbox 238 2382 1829 2459; baseline 0.001 -26"><span class='ocrx_word' id='word_1_203' title='bbox 238 2382 551 2459; x_wconf 63' lang='grc' dir='ltr'>γενόμενοι,</span> <span class='ocrx_word' id='word_1_204' title='bbox 580 2382 1030 2454; x_wconf 80' lang='grc' dir='ltr'>φανερωθήσεσθε</span> <span class='ocrx_word' id='word_1_205' title='bbox 1055 2386 1112 2437; x_wconf 71' lang='grc' dir='ltr'><strong>ἐν</strong></span> <span class='ocrx_word' id='word_1_206' title='bbox 1132 2384 1278 2455; x_wconf 81' lang='grc' dir='ltr'>δόξῃ.</span> <span class='ocrx_word' id='word_1_207' title='bbox 1309 2401 1431 2436; x_wconf 79' lang='grc'><strong>›-‹</strong></span> <span class='ocrx_word' id='word_1_208' title='bbox 1464 2382 1603 2436; x_wconf 85' lang='grc' dir='ltr'>Ἀλλ’</span> <span class='ocrx_word' id='word_1_209' title='bbox 1627 2384 1660 2454; x_wconf 77' lang='grc' dir='ltr'><strong>ἡ</strong></span> <span class='ocrx_word' id='word_1_210' title='bbox 1691 2383 1829 2454; x_wconf 82' lang='grc' dir='ltr'><strong>ὀργὴ</strong></span> 
     </span>
    </p>
   </div>
   <div class='ocr_carea' id='block_1_27' title="bbox 239 2469 1828 2543">
    <p class='ocr_par' dir='ltr' id='par_1_27' title="bbox 239 2469 1828 2543">
     <span class='ocr_line' id='line_1_27' title="bbox 239 2469 1828 2543; baseline 0.001 -20"><span class='ocrx_word' id='word_1_211' title='bbox 239 2471 337 2524; x_wconf 83' lang='grc' dir='ltr'><strong>τοῦ</strong></span> <span class='ocrx_word' id='word_1_212' title='bbox 395 2471 530 2527; x_wconf 86' lang='grc' dir='ltr'>Θεοῦ</span> <span class='ocrx_word' id='word_1_213' title='bbox 583 2474 738 2542; x_wconf 81' lang='grc' dir='ltr'>μενεῖ</span> <span class='ocrx_word' id='word_1_214' title='bbox 785 2474 873 2525; x_wconf 79' lang='grc' dir='ltr'><strong>ἐπ’</strong></span> <span class='ocrx_word' id='word_1_215' title='bbox 917 2473 1103 2529; x_wconf 75' lang='grc' dir='ltr'>αὐτόν.</span> <span class='ocrx_word' id='word_1_216' title='bbox 1137 2493 1158 2530; x_wconf 70' lang='grc' dir='ltr'><strong><em>ι</em></strong></span> <span class='ocrx_word' id='word_1_217' title='bbox 1191 2476 1308 2528; x_wconf 84' lang='grc' dir='ltr'><strong>υύκ</strong></span> <span class='ocrx_word' id='word_1_218' title='bbox 1355 2469 1529 2540; x_wconf 74' lang='grc' dir='ltr'>εἶπεν,</span> <span class='ocrx_word' id='word_1_219' title='bbox 1585 2473 1668 2527; x_wconf 79' lang='grc' dir='ltr'>ὅτι</span> <span class='ocrx_word' id='word_1_220' title='bbox 1727 2490 1828 2543; x_wconf 77' lang='grc' dir='ltr'>μεο</span> 
     </span>
    </p>
   </div>
   <div class='ocr_carea' id='block_1_28' title="bbox 242 2560 1830 2632">
    <p class='ocr_par' dir='ltr' id='par_1_28' title="bbox 242 2560 1830 2632">
     <span class='ocr_line' id='line_1_28' title="bbox 242 2560 1830 2632; baseline 0.003 -19"><span class='ocrx_word' id='word_1_221' title='bbox 242 2564 325 2614; x_wconf 86' lang='grc' dir='ltr'>νεῖ</span> <span class='ocrx_word' id='word_1_222' title='bbox 352 2560 539 2627; x_wconf 79' lang='grc' dir='ltr'>αὐτὸν,</span> <span class='ocrx_word' id='word_1_223' title='bbox 562 2562 697 2629; x_wconf 77' lang='grc' dir='ltr'>ἀλλ’,</span> <span class='ocrx_word' id='word_1_224' title='bbox 730 2580 749 2614; x_wconf 77' lang='grc' dir='ltr'><strong>ι</strong></span> <span class='ocrx_word' id='word_1_225' title='bbox 776 2562 864 2616; x_wconf 76' lang='grc' dir='ltr'><strong>ἐπ’</strong></span> <span class='ocrx_word' id='word_1_226' title='bbox 909 2563 1094 2632; x_wconf 79' lang='grc' dir='ltr'>αὑτὸν,</span> <span class='ocrx_word' id='word_1_227' title='bbox 1125 2581 1144 2615; x_wconf 71' lang='grc' dir='ltr'><strong>ι</strong></span> <span class='ocrx_word' id='word_1_228' title='bbox 1206 2563 1419 2627; x_wconf 78' lang='grc' dir='ltr'>δεικνὺς</span> <span class='ocrx_word' id='word_1_229' title='bbox 1443 2562 1528 2616; x_wconf 83' lang='grc' dir='ltr'><strong>ὅτι</strong></span> <span class='ocrx_word' id='word_1_230' title='bbox 1573 2562 1830 2618; x_wconf 73' lang='grc' dir='ltr'>οὐδέποτε</span> 
     </span>
    </p>
   </div>
   <div class='ocr_carea' id='block_1_29' title="bbox 242 2653 1831 2727">
    <p class='ocr_par' dir='ltr' id='par_1_29' title="bbox 242 2653 1831 2727">
     <span class='ocr_line' id='line_1_29' title="bbox 242 2653 1831 2727; baseline 0.002 -22"><span class='ocrx_word' id='word_1_231' title='bbox 242 2653 417 2717; x_wconf 77' lang='grc' dir='ltr'>αὑτοῦ</span> <span class='ocrx_word' id='word_1_232' title='bbox 485 2655 875 2724; x_wconf 79' lang='grc' dir='ltr'>ἀποστήσεται.</span> <span class='ocrx_word' id='word_1_233' title='bbox 936 2655 1057 2710; x_wconf 83' lang='grc' dir='ltr'>Ἵνα</span> <span class='ocrx_word' id='word_1_234' title='bbox 1119 2655 1229 2726; x_wconf 83' lang='grc' dir='ltr'><strong>γὰρ</strong></span> <span class='ocrx_word' id='word_1_235' title='bbox 1285 2656 1360 2727; x_wconf 81' lang='grc' dir='ltr'><strong>μὴ</strong></span> <span class='ocrx_word' id='word_1_236' title='bbox 1424 2655 1663 2719; x_wconf 81' lang='grc' dir='ltr'>ἀκούσας</span> <span class='ocrx_word' id='word_1_237' title='bbox 1735 2655 1831 2714; x_wconf 65' lang='grc' dir='ltr'>θα-</span> 
     </span>
    </p>
   </div>
   <div class='ocr_carea' id='block_1_30' title="bbox 241 2743 1829 2819">
    <p class='ocr_par' dir='ltr' id='par_1_30' title="bbox 241 2743 1829 2819">
     <span class='ocr_line' id='line_1_30' title="bbox 241 2743 1829 2819; baseline 0.002 -24"><span class='ocrx_word' id='word_1_238' title='bbox 241 2760 430 2808; x_wconf 70' lang='grc' dir='ltr'>γατον,</span> <span class='ocrx_word' id='word_1_239' title='bbox 475 2745 814 2816; x_wconf 87' lang='grc' dir='ltr'>πρόσκαιρον</span> <span class='ocrx_word' id='word_1_240' title='bbox 860 2743 1050 2799; x_wconf 82' lang='grc' dir='ltr'>τοῦτον</span> <span class='ocrx_word' id='word_1_241' title='bbox 1094 2748 1312 2819; x_wconf 80' lang='grc' dir='ltr'>νοήσῃς,</span> <span class='ocrx_word' id='word_1_242' title='bbox 1354 2745 1538 2817; x_wconf 75' lang='grc' dir='ltr'>φησὶν,</span> <span class='ocrx_word' id='word_1_243' title='bbox 1563 2746 1645 2798; x_wconf 84' lang='grc' dir='ltr'><strong>ὅτι</strong></span> <span class='ocrx_word' id='word_1_244' title='bbox 1685 2763 1702 2797; x_wconf 79' lang='grc' dir='ltr'><strong>ι</strong></span> <span class='ocrx_word' id='word_1_245' title='bbox 1735 2762 1829 2815; x_wconf 79' lang='grc' dir='ltr'>με·</span> 
     </span>
    </p>
   </div>
   <div class='ocr_carea' id='block_1_31' title="bbox 243 2836 1832 2909">
    <p class='ocr_par' dir='ltr' id='par_1_31' title="bbox 243 2836 1832 2909">
     <span class='ocr_line' id='line_1_31' title="bbox 243 2836 1832 2909; baseline 0.001 -19"><span class='ocrx_word' id='word_1_246' title='bbox 243 2838 329 2890; x_wconf 86' lang='grc' dir='ltr'>νεῖ</span> <span class='ocrx_word' id='word_1_247' title='bbox 367 2836 453 2889; x_wconf 73' lang='grc' dir='ltr'><strong>ἐπ’</strong></span> <span class='ocrx_word' id='word_1_248' title='bbox 487 2836 647 2889; x_wconf 81' lang='grc' dir='ltr'>αὐτὸν</span> <span class='ocrx_word' id='word_1_249' title='bbox 670 2877 684 2902; x_wconf 94' lang='grc'><strong>,</strong></span> <span class='ocrx_word' id='word_1_250' title='bbox 746 2857 765 2890; x_wconf 73' lang='grc' dir='ltr'><strong>ι</strong></span> <span class='ocrx_word' id='word_1_251' title='bbox 800 2840 893 2892; x_wconf 74' lang='grc' dir='ltr'>ἐπὶ</span> <span class='ocrx_word' id='word_1_252' title='bbox 941 2837 1033 2891; x_wconf 81' lang='grc' dir='ltr'>τὸν</span> <span class='ocrx_word' id='word_1_253' title='bbox 1064 2838 1437 2909; x_wconf 76' lang='grc' dir='ltr'>ἀπειθήσαντα</span> <span class='ocrx_word' id='word_1_254' title='bbox 1459 2877 1474 2901; x_wconf 90' lang='grc'><strong>,</strong></span> <span class='ocrx_word' id='word_1_255' title='bbox 1522 2839 1614 2890; x_wconf 79' lang='grc' dir='ltr'><strong>καὶ</strong></span> <span class='ocrx_word' id='word_1_256' title='bbox 1664 2837 1832 2902; x_wconf 79' lang='grc' dir='ltr'>ἁϊδιος</span> 
     </span>
    </p>
   </div>
   <div class='ocr_carea' id='block_1_32' title="bbox 246 2926 1831 2999">
    <p class='ocr_par' dir='ltr' id='par_1_32' title="bbox 246 2926 1831 2999">
     <span class='ocr_line' id='line_1_32' title="bbox 246 2926 1831 2999; baseline 0.001 -19"><span class='ocrx_word' id='word_1_257' title='bbox 246 2927 415 2993; x_wconf 65' lang='grc' dir='ltr'>ἔσται</span> <span class='ocrx_word' id='word_1_258' title='bbox 460 2928 492 2998; x_wconf 74' lang='grc' dir='ltr'>ἡ</span> <span class='ocrx_word' id='word_1_259' title='bbox 525 2926 765 2990; x_wconf 89' lang='grc' dir='ltr'>κόλασις.</span> <span class='ocrx_word' id='word_1_260' title='bbox 808 2928 909 2981; x_wconf 89' lang='grc' dir='ltr'><strong>Διὰ</strong></span> <span class='ocrx_word' id='word_1_261' title='bbox 940 2928 1144 2983; x_wconf 84' lang='grc' dir='ltr'>τούτων</span> <span class='ocrx_word' id='word_1_262' title='bbox 1170 2928 1226 2983; x_wconf 82' lang='grc' dir='ltr'>δὲ</span> <span class='ocrx_word' id='word_1_263' title='bbox 1268 2930 1483 2993; x_wconf 82' lang='grc' dir='ltr'>πάντων</span> <span class='ocrx_word' id='word_1_264' title='bbox 1506 2928 1616 2983; x_wconf 86' lang='grc' dir='ltr'>τῶν</span> <span class='ocrx_word' id='word_1_265' title='bbox 1656 2931 1831 2999; x_wconf 73' lang='grc' dir='ltr'><strong>ρημάσ</strong></span> 
     </span>
    </p>
   </div>
   <div class='ocr_carea' id='block_1_33' title="bbox 243 3018 1833 3093">
    <p class='ocr_par' dir='ltr' id='par_1_33' title="bbox 243 3018 1833 3093">
     <span class='ocr_line' id='line_1_33' title="bbox 243 3018 1833 3093; baseline 0.002 -23"><span class='ocrx_word' id='word_1_266' title='bbox 243 3036 360 3082; x_wconf 82' lang='grc' dir='ltr'><strong>των</strong></span> <span class='ocrx_word' id='word_1_267' title='bbox 392 3020 577 3088; x_wconf 70' lang='grc' dir='ltr'>ἐνάγει</span> <span class='ocrx_word' id='word_1_268' title='bbox 602 3019 630 3072; x_wconf 82' lang='grc' dir='ltr'><strong>ὁ</strong></span> <span class='ocrx_word' id='word_1_269' title='bbox 660 3018 973 3093; x_wconf 81' lang='grc' dir='ltr'>Βαπτιστὴς</span> <span class='ocrx_word' id='word_1_270' title='bbox 1001 3019 1098 3075; x_wconf 72' lang='grc' dir='ltr'>καὶ</span> <span class='ocrx_word' id='word_1_271' title='bbox 1128 3020 1356 3073; x_wconf 91' lang='grc' dir='ltr'>συνωθεί</span> <span class='ocrx_word' id='word_1_272' title='bbox 1381 3020 1504 3083; x_wconf 75' lang='grc' dir='ltr'>τοὺς</span> <span class='ocrx_word' id='word_1_273' title='bbox 1532 3019 1833 3083; x_wconf 82' lang='grc' dir='ltr'>ἀκούοντας</span> 
     </span>
    </p>
   </div>
   <div class='ocr_carea' id='block_1_34' title="bbox 1913 547 3480 617">
    <p class='ocr_par' dir='ltr' id='par_1_34' title="bbox 1913 547 3480 617">
     <span class='ocr_line' id='line_1_34' title="bbox 1913 547 3480 617; baseline 0.003 -14"><span class='ocrx_word' id='word_1_274' title='bbox 1913 547 2060 604; x_wconf 89' lang='lat' dir='ltr'><strong>dedit</strong></span> <span class='ocrx_word' id='word_1_275' title='bbox 2087 549 2138 602; x_wconf 93' lang='lat' dir='ltr'><strong>in</strong></span> <span class='ocrx_word' id='word_1_276' title='bbox 2166 562 2327 602; x_wconf 85' lang='lat' dir='ltr'><strong>manu</strong></span> <span class='ocrx_word' id='word_1_277' title='bbox 2361 547 2482 603; x_wconf 84' lang='lat' dir='ltr'><strong>Filii</strong></span> <span class='ocrx_word' id='word_1_278' title='bbox 2505 547 2656 617; x_wconf 83' lang='lat' dir='ltr'><strong>juxta</strong></span> <span class='ocrx_word' id='word_1_279' title='bbox 2684 547 3094 603; x_wconf 73' lang='lat' dir='ltr'><strong>humanitatem.</strong></span> <span class='ocrx_word' id='word_1_280' title='bbox 3120 548 3178 605; x_wconf 91' lang='lat' dir='ltr'><strong>Si</strong></span> <span class='ocrx_word' id='word_1_281' title='bbox 3203 560 3381 607; x_wconf 87' lang='lat' dir='ltr'><strong>autem</strong></span> <span class='ocrx_word' id='word_1_282' title='bbox 3424 561 3480 607; x_wconf 87' lang='lat' dir='ltr'><strong>et</strong></span> 
     </span>
    </p>
   </div>
   <div class='ocr_carea' id='block_1_35' title="bbox 1914 639 3479 709">
    <p class='ocr_par' dir='ltr' id='par_1_35' title="bbox 1914 639 3479 709">
     <span class='ocr_line' id='line_1_35' title="bbox 1914 639 3479 709; baseline 0.001 -14"><span class='ocrx_word' id='word_1_283' title='bbox 1914 641 2208 695; x_wconf 88' lang='lat' dir='ltr'><strong>secundum</strong></span> <span class='ocrx_word' id='word_1_284' title='bbox 2237 639 2599 704; x_wconf 76' lang='lat' dir='ltr'><strong>divinitatem,</strong></span> <span class='ocrx_word' id='word_1_285' title='bbox 2625 639 2753 709; x_wconf 90' lang='lat' dir='ltr'><strong>quid</strong></span> <span class='ocrx_word' id='word_1_286' title='bbox 2786 640 2920 695; x_wconf 81' lang='lat' dir='ltr'><strong>hoc?</strong></span> <span class='ocrx_word' id='word_1_287' title='bbox 2937 639 3093 696; x_wconf 81' lang='lat' dir='ltr'><strong>Dedit</strong></span> <span class='ocrx_word' id='word_1_288' title='bbox 3114 640 3276 697; x_wconf 89' lang='lat' dir='ltr'><strong>Pater</strong></span> <span class='ocrx_word' id='word_1_289' title='bbox 3299 642 3479 706; x_wconf 81' lang='lat' dir='ltr'><strong>omnia</strong></span> 
     </span>
    </p>
   </div>
   <div class='ocr_carea' id='block_1_36' title="bbox 1885 729 3480 804">
    <p class='ocr_par' dir='ltr' id='par_1_36' title="bbox 1885 729 3480 804">
     <span class='ocr_line' id='line_1_36' title="bbox 1885 729 3480 804; baseline 0.001 -19"><span class='ocrx_word' id='word_1_290' title='bbox 1885 772 1889 776; x_wconf 86' lang='lat'><strong>.</strong></span> <span class='ocrx_word' id='word_1_291' title='bbox 1913 729 2051 787; x_wconf 85' lang='lat' dir='ltr'><strong>Filio</strong></span> <span class='ocrx_word' id='word_1_292' title='bbox 2071 731 2277 787; x_wconf 87' lang='lat' dir='ltr'><strong>ratione</strong></span> <span class='ocrx_word' id='word_1_293' title='bbox 2305 740 2530 799; x_wconf 72' lang='lat' dir='ltr'><strong>naturze,</strong></span> <span class='ocrx_word' id='word_1_294' title='bbox 2561 729 2654 786; x_wconf 90' lang='lat' dir='ltr'><strong>sed</strong></span> <span class='ocrx_word' id='word_1_295' title='bbox 2680 746 2783 786; x_wconf 91' lang='lat' dir='ltr'><strong>non</strong></span> <span class='ocrx_word' id='word_1_296' title='bbox 2807 734 3024 802; x_wconf 64' lang='lat' dir='ltr'><strong>gratiae;</strong></span> <span class='ocrx_word' id='word_1_297' title='bbox 3051 732 3303 804; x_wconf 85' lang='lat' dir='ltr'><strong>quoniam</strong></span> <span class='ocrx_word' id='word_1_298' title='bbox 3336 733 3480 788; x_wconf 90' lang='lat' dir='ltr'><strong>enim</strong></span> 
     </span>
    </p>
   </div>
   <div class='ocr_carea' id='block_1_37' title="bbox 1914 823 3484 891">
    <p class='ocr_par' dir='ltr' id='par_1_37' title="bbox 1914 823 3484 891">
     <span class='ocr_line' id='line_1_37' title="bbox 1914 823 3484 891; baseline 0.003 -12"><span class='ocrx_word' id='word_1_299' title='bbox 1914 830 1969 879; x_wconf 85' lang='lat' dir='ltr'><strong>et</strong></span> <span class='ocrx_word' id='word_1_300' title='bbox 1994 838 2114 879; x_wconf 90' lang='lat' dir='ltr'><strong>esse</strong></span> <span class='ocrx_word' id='word_1_301' title='bbox 2140 839 2169 878; x_wconf 88' lang='lat' dir='ltr'><strong>a</strong></span> <span class='ocrx_word' id='word_1_302' title='bbox 2199 824 2356 878; x_wconf 78' lang='lat' dir='ltr'><strong>Patre</strong></span> <span class='ocrx_word' id='word_1_303' title='bbox 2385 823 2568 889; x_wconf 89' lang='lat' dir='ltr'><strong>habet,</strong></span> <span class='ocrx_word' id='word_1_304' title='bbox 2602 823 2797 879; x_wconf 90' lang='lat' dir='ltr'><strong>merito</strong></span> <span class='ocrx_word' id='word_1_305' title='bbox 2821 833 2878 880; x_wconf 90' lang='lat' dir='ltr'><strong>et</strong></span> <span class='ocrx_word' id='word_1_306' title='bbox 2900 826 3079 879; x_wconf 85' lang='lat' dir='ltr'><strong>omnia</strong></span> <span class='ocrx_word' id='word_1_307' title='bbox 3115 825 3314 891; x_wconf 84' lang='lat' dir='ltr'><strong>dicitur</strong></span> <span class='ocrx_word' id='word_1_308' title='bbox 3338 840 3367 880; x_wconf 92' lang='lat' dir='ltr'><strong>a</strong></span> <span class='ocrx_word' id='word_1_309' title='bbox 3389 826 3484 883; x_wconf 80' lang='lat' dir='ltr'><strong>Pa-</strong></span> 
     </span>
    </p>
   </div>
   <div class='ocr_carea' id='block_1_38' title="bbox 1918 915 3481 989">
    <p class='ocr_par' dir='ltr' id='par_1_38' title="bbox 1918 915 3481 989">
     <span class='ocr_line' id='line_1_38' title="bbox 1918 915 3481 989; baseline 0.001 -19"><span class='ocrx_word' id='word_1_310' title='bbox 1918 923 1999 971; x_wconf 88' lang='lat' dir='ltr'><strong>tre</strong></span> <span class='ocrx_word' id='word_1_311' title='bbox 2026 917 2245 972; x_wconf 85' lang='lat' dir='ltr'><strong>habere.</strong></span> <span class='ocrx_word' id='word_1_312' title='bbox 2282 915 2455 974; x_wconf 82' lang='lat' dir='ltr'><strong>liabet</strong></span> <span class='ocrx_word' id='word_1_313' title='bbox 2483 917 2648 988; x_wconf 82' lang='lat' dir='ltr'><strong>igitur</strong></span> <span class='ocrx_word' id='word_1_314' title='bbox 2684 919 2864 973; x_wconf 82' lang='lat' dir='ltr'><strong>omnia</strong></span> <span class='ocrx_word' id='word_1_315' title='bbox 2891 917 3079 985; x_wconf 77' lang='lat' dir='ltr'><strong>Filius,</strong></span> <span class='ocrx_word' id='word_1_316' title='bbox 3136 929 3241 973; x_wconf 85' lang='lat' dir='ltr'><strong>tam</strong></span> <span class='ocrx_word' id='word_1_317' title='bbox 3272 933 3390 989; x_wconf 65' lang='lat' dir='ltr'><strong>quae</strong></span> <span class='ocrx_word' id='word_1_318' title='bbox 3430 918 3481 972; x_wconf 90' lang='lat' dir='ltr'><strong>in</strong></span> 
     </span>
    </p>
   </div>
   <div class='ocr_carea' id='block_1_39' title="bbox 1917 1010 3482 1083">
    <p class='ocr_par' dir='ltr' id='par_1_39' title="bbox 1917 1010 3482 1083">
     <span class='ocr_line' id='line_1_39' title="bbox 1917 1010 3482 1083; baseline 0.004 -21"><span class='ocrx_word' id='word_1_319' title='bbox 1917 1010 2077 1075; x_wconf 70' lang='lat' dir='ltr'><strong>caelo,</strong></span> <span class='ocrx_word' id='word_1_320' title='bbox 2104 1026 2265 1081; x_wconf 89' lang='lat' dir='ltr'><strong>quam</strong></span> <span class='ocrx_word' id='word_1_321' title='bbox 2284 1028 2403 1083; x_wconf 58' lang='lat' dir='ltr'><strong>quae</strong></span> <span class='ocrx_word' id='word_1_322' title='bbox 2427 1012 2481 1066; x_wconf 91' lang='lat' dir='ltr'><strong>in</strong></span> <span class='ocrx_word' id='word_1_323' title='bbox 2510 1023 2672 1068; x_wconf 86' lang='lat' dir='ltr'><strong>terra.</strong></span> <span class='ocrx_word' id='word_1_324' title='bbox 2701 1012 3020 1077; x_wconf 87' lang='lat' dir='ltr'><strong>Dominatur</strong></span> <span class='ocrx_word' id='word_1_325' title='bbox 3041 1012 3181 1067; x_wconf 86' lang='lat' dir='ltr'><strong>enim</strong></span> <span class='ocrx_word' id='word_1_326' title='bbox 3208 1012 3482 1074; x_wconf 78' lang='lat' dir='ltr'><strong>omnibus.</strong></span> 
     </span>
    </p>
   </div>
   <div class='ocr_carea' id='block_1_40' title="bbox 1918 1101 3476 1172">
    <p class='ocr_par' dir='ltr' id='par_1_40' title="bbox 1918 1101 3476 1172">
     <span class='ocr_line' id='line_1_40' title="bbox 1918 1101 3476 1172; baseline 0.001 -17"><span class='ocrx_word' id='word_1_327' title='bbox 1918 1101 2132 1157; x_wconf 86' lang='lat' dir='ltr'><strong>etiamsi</strong></span> <span class='ocrx_word' id='word_1_328' title='bbox 2159 1103 2378 1172; x_wconf 84' lang='lat' dir='ltr'><strong>quidam</strong></span> <span class='ocrx_word' id='word_1_329' title='bbox 2414 1104 2604 1160; x_wconf 91' lang='lat' dir='ltr'><strong>nolint.</strong></span> <span class='ocrx_word' id='word_1_330' title='bbox 2640 1104 2834 1161; x_wconf 81' lang='lat' dir='ltr'><strong>Postea</strong></span> <span class='ocrx_word' id='word_1_331' title='bbox 2861 1119 2990 1159; x_wconf 84' lang='lat' dir='ltr'><strong>vero</strong></span> <span class='ocrx_word' id='word_1_332' title='bbox 3017 1104 3069 1167; x_wconf 86' lang='lat' dir='ltr'><strong>in</strong></span> <span class='ocrx_word' id='word_1_333' title='bbox 3095 1106 3331 1160; x_wconf 85' lang='lat' dir='ltr'><strong>secundo</strong></span> <span class='ocrx_word' id='word_1_334' title='bbox 3389 1105 3476 1158; x_wconf 85' lang='lat' dir='ltr'><strong>ad-</strong></span> 
     </span>
    </p>
   </div>
   <div class='ocr_carea' id='block_1_41' title="bbox 1870 1194 3483 1273">
    <p class='ocr_par' dir='ltr' id='par_1_41' title="bbox 1870 1194 3483 1273">
     <span class='ocr_line' id='line_1_41' title="bbox 1870 1194 3483 1273; baseline -0.001 -24"><span class='ocrx_word' id='word_1_335' title='bbox 1870 1269 1881 1273; x_wconf 21' lang='lat'><strong>,</strong></span> <span class='ocrx_word' id='word_1_336' title='bbox 1919 1205 2104 1260; x_wconf 85' lang='lat' dir='ltr'><strong>ventu,</strong></span> <span class='ocrx_word' id='word_1_337' title='bbox 2135 1197 2350 1265; x_wconf 90' lang='lat' dir='ltr'><strong>quando</strong></span> <span class='ocrx_word' id='word_1_338' title='bbox 2385 1211 2546 1252; x_wconf 86' lang='lat' dir='ltr'><strong>omne</strong></span> <span class='ocrx_word' id='word_1_339' title='bbox 2575 1212 2713 1268; x_wconf 77' lang='lat' dir='ltr'><strong>genu</strong></span> <span class='ocrx_word' id='word_1_340' title='bbox 2765 1195 3009 1257; x_wconf 84' lang='lat' dir='ltr'><strong>ﬂectetur</strong></span> <span class='ocrx_word' id='word_1_341' title='bbox 3062 1197 3134 1262; x_wconf 83' lang='lat' dir='ltr'><strong>ei,</strong></span> <span class='ocrx_word' id='word_1_342' title='bbox 3182 1194 3483 1268; x_wconf 82' lang='lat' dir='ltr'><strong>perfectum</strong></span> 
     </span>
    </p>
   </div>
   <div class='ocr_carea' id='block_1_42' title="bbox 1919 1287 3485 1360">
    <p class='ocr_par' dir='ltr' id='par_1_42' title="bbox 1919 1287 3485 1360">
     <span class='ocr_line' id='line_1_42' title="bbox 1919 1287 3485 1360; baseline -0.001 -18"><span class='ocrx_word' id='word_1_343' title='bbox 1919 1287 2157 1342; x_wconf 84' lang='lat' dir='ltr'><strong>omnium</strong></span> <span class='ocrx_word' id='word_1_344' title='bbox 2184 1289 2418 1357; x_wconf 82' lang='lat' dir='ltr'><strong>accipiet</strong></span> <span class='ocrx_word' id='word_1_345' title='bbox 2450 1289 2790 1344; x_wconf 87' lang='lat' dir='ltr'><strong>dominium:</strong></span> <span class='ocrx_word' id='word_1_346' title='bbox 2841 1291 3057 1360; x_wconf 87' lang='lat' dir='ltr'><strong>quando</strong></span> <span class='ocrx_word' id='word_1_347' title='bbox 3112 1288 3317 1343; x_wconf 90' lang='lat' dir='ltr'><strong>malitia</strong></span> <span class='ocrx_word' id='word_1_348' title='bbox 3376 1301 3485 1342; x_wconf 88' lang='lat' dir='ltr'><strong>non</strong></span> 
     </span>
    </p>
   </div>
   <div class='ocr_carea' id='block_1_43' title="bbox 1919 1377 3488 1467">
    <p class='ocr_par' dir='ltr' id='par_1_43' title="bbox 1919 1377 3488 1467">
     <span class='ocr_line' id='line_1_43' title="bbox 1919 1377 3488 1467; baseline 0 -35"><span class='ocrx_word' id='word_1_349' title='bbox 1919 1377 2059 1432; x_wconf 85' lang='lat' dir='ltr'><strong>ultra</strong></span> <span class='ocrx_word' id='word_1_350' title='bbox 2084 1379 2296 1435; x_wconf 80' lang='lat' dir='ltr'><strong>habebit</strong></span> <span class='ocrx_word' id='word_1_351' title='bbox 2333 1378 2488 1467; x_wconf 66' lang='lat'><strong>551</strong></span> <span class='ocrx_word' id='word_1_352' title='bbox 2544 1380 2819 1447; x_wconf 74' lang='lat' dir='ltr'><strong>virtutem,</strong></span> <span class='ocrx_word' id='word_1_353' title='bbox 2853 1380 2948 1444; x_wconf 85' lang='lat' dir='ltr'><strong>sed</strong></span> <span class='ocrx_word' id='word_1_354' title='bbox 2991 1377 3233 1436; x_wconf 76' lang='lat' dir='ltr'><strong>ineﬂicax</strong></span> <span class='ocrx_word' id='word_1_355' title='bbox 3261 1390 3488 1432; x_wconf 86' lang='lat' dir='ltr'><strong>manens</strong></span> 
     </span>
    </p>
   </div>
   <div class='ocr_carea' id='block_1_44' title="bbox 1911 1471 3486 1542">
    <p class='ocr_par' dir='ltr' id='par_1_44' title="bbox 1911 1471 3486 1542">
     <span class='ocr_line' id='line_1_44' title="bbox 1911 1471 3486 1542; baseline -0.001 -18"><span class='ocrx_word' id='word_1_356' title='bbox 1911 1474 2166 1525; x_wconf 81' lang='lat' dir='ltr'><strong>ostendet</strong></span> <span class='ocrx_word' id='word_1_357' title='bbox 2189 1481 2437 1526; x_wconf 81' lang='lat' dir='ltr'><strong>naturam</strong></span> <span class='ocrx_word' id='word_1_358' title='bbox 2456 1472 2580 1527; x_wconf 89' lang='lat' dir='ltr'><strong>boni</strong></span> <span class='ocrx_word' id='word_1_359' title='bbox 2608 1488 2635 1528; x_wconf 74' lang='grc' dir='ltr'><strong>ο</strong></span> <span class='ocrx_word' id='word_1_360' title='bbox 2660 1472 2924 1542; x_wconf 80' lang='lat' dir='ltr'><strong>principio</strong></span> <span class='ocrx_word' id='word_1_361' title='bbox 2956 1471 3204 1527; x_wconf 84' lang='lat' dir='ltr'><strong>omnibus</strong></span> <span class='ocrx_word' id='word_1_362' title='bbox 3237 1471 3486 1539; x_wconf 87' lang='lat' dir='ltr'><strong>inditam,</strong></span> 
     </span>
    </p>
   </div>
   <div class='ocr_carea' id='block_1_45' title="bbox 1921 1562 3493 1631">
    <p class='ocr_par' dir='ltr' id='par_1_45' title="bbox 1921 1562 3493 1631">
     <span class='ocr_line' id='line_1_45' title="bbox 1921 1562 3493 1631; baseline 0.001 -16"><span class='ocrx_word' id='word_1_363' title='bbox 1921 1572 1975 1616; x_wconf 90' lang='lat' dir='ltr'><strong>et</strong></span> <span class='ocrx_word' id='word_1_364' title='bbox 2013 1563 2192 1616; x_wconf 87' lang='lat' dir='ltr'><strong>omnia</strong></span> <span class='ocrx_word' id='word_1_365' title='bbox 2228 1563 2615 1619; x_wconf 88' lang='lat' dir='ltr'><strong>continentem.</strong></span> <span class='ocrx_word' id='word_1_366' title='bbox 2645 1564 2747 1631; x_wconf 93' lang='lat' dir='ltr'><strong>in</strong></span> <span class='ocrx_word' id='word_1_367' title='bbox 2779 1563 2953 1619; x_wconf 84' lang='lat' dir='ltr'><strong>credit</strong></span> <span class='ocrx_word' id='word_1_368' title='bbox 2975 1563 3028 1618; x_wconf 91' lang='lat' dir='ltr'><strong>in</strong></span> <span class='ocrx_word' id='word_1_369' title='bbox 3054 1563 3273 1629; x_wconf 85' lang='lat' dir='ltr'><strong>Filium,</strong></span> <span class='ocrx_word' id='word_1_370' title='bbox 3326 1562 3493 1627; x_wconf 68' lang='lat' dir='ltr'><strong>habet</strong></span> 
     </span>
    </p>
   </div>
   <div class='ocr_carea' id='block_1_46' title="bbox 1924 1652 3490 1725">
    <p class='ocr_par' dir='ltr' id='par_1_46' title="bbox 1924 1652 3490 1725">
     <span class='ocr_line' id='line_1_46' title="bbox 1924 1652 3490 1725; baseline -0.001 -19"><span class='ocrx_word' id='word_1_371' title='bbox 1924 1655 2086 1708; x_wconf 79' lang='lat' dir='ltr'><strong>vitam</strong></span> <span class='ocrx_word' id='word_1_372' title='bbox 2118 1664 2376 1710; x_wconf 68' lang='lat' dir='ltr'><strong>mternam</strong></span> <span class='ocrx_word' id='word_1_373' title='bbox 2404 1654 2613 1725; x_wconf 89' lang='lat' dir='ltr'><strong>inipso,</strong></span> <span class='ocrx_word' id='word_1_374' title='bbox 2649 1674 2668 1708; x_wconf 74' lang='grc' dir='ltr'><strong>ι</strong></span> <span class='ocrx_word' id='word_1_375' title='bbox 2702 1655 2876 1721; x_wconf 89' lang='lat' dir='ltr'><strong>ipsum</strong></span> <span class='ocrx_word' id='word_1_376' title='bbox 2906 1655 3026 1710; x_wconf 92' lang='lat' dir='ltr'><strong>dico</strong></span> <span class='ocrx_word' id='word_1_377' title='bbox 3058 1654 3355 1719; x_wconf 89' lang='lat' dir='ltr'><strong>Christum,</strong></span> <span class='ocrx_word' id='word_1_378' title='bbox 3395 1652 3490 1723; x_wconf 88' lang='lat' dir='ltr'><strong>qui</strong></span> 
     </span>
    </p>
   </div>
   <div class='ocr_carea' id='block_1_47' title="bbox 1922 1745 3485 1819">
    <p class='ocr_par' dir='ltr' id='par_1_47' title="bbox 1922 1745 3485 1819">
     <span class='ocr_line' id='line_1_47' title="bbox 1922 1745 3485 1819; baseline -0.004 -17"><span class='ocrx_word' id='word_1_379' title='bbox 1922 1764 2051 1805; x_wconf 83' lang='lat' dir='ltr'><strong>vere</strong></span> <span class='ocrx_word' id='word_1_380' title='bbox 2070 1749 2176 1803; x_wconf 85' lang='lat' dir='ltr'><strong>vita</strong></span> <span class='ocrx_word' id='word_1_381' title='bbox 2193 1758 2295 1804; x_wconf 84' lang='lat' dir='ltr'><strong>est.</strong></span> <span class='ocrx_word' id='word_1_382' title='bbox 2323 1766 2342 1800; x_wconf 83' lang='grc' dir='ltr'><strong>ι</strong></span> <span class='ocrx_word' id='word_1_383' title='bbox 2368 1748 2427 1802; x_wconf 90' lang='lat' dir='ltr'><strong>In</strong></span> <span class='ocrx_word' id='word_1_384' title='bbox 2458 1749 2576 1819; x_wconf 91' lang='lat' dir='ltr'><strong>ipso</strong></span> <span class='ocrx_word' id='word_1_385' title='bbox 2593 1748 2738 1803; x_wconf 89' lang='lat' dir='ltr'><strong>enim</strong></span> <span class='ocrx_word' id='word_1_386' title='bbox 2756 1747 2987 1804; x_wconf 82' lang='lat' dir='ltr'><strong>vivimus</strong></span> <span class='ocrx_word' id='word_1_387' title='bbox 3003 1755 3055 1800; x_wconf 90' lang='lat' dir='ltr'><strong>ct</strong></span> <span class='ocrx_word' id='word_1_388' title='bbox 3082 1745 3442 1800; x_wconf 79' lang='lat' dir='ltr'><strong>movemur&quot;.</strong></span> <span class='ocrx_word' id='word_1_389' title='bbox 3466 1761 3485 1795; x_wconf 73' lang='grc' dir='ltr'><strong>ι</strong></span> 
     </span>
    </p>
   </div>
   <div class='ocr_carea' id='block_1_48' title="bbox 1934 1835 3489 1907">
    <p class='ocr_par' dir='ltr' id='par_1_48' title="bbox 1934 1835 3489 1907">
     <span class='ocr_line' id='line_1_48' title="bbox 1934 1835 3489 1907; baseline -0.003 -14"><span class='ocrx_word' id='word_1_390' title='bbox 1934 1860 1952 1893; x_wconf 72' lang='grc' dir='ltr'><strong>ι</strong></span> <span class='ocrx_word' id='word_1_391' title='bbox 1974 1840 2074 1907; x_wconf 85' lang='lat' dir='ltr'><strong>Qui</strong></span> <span class='ocrx_word' id='word_1_392' title='bbox 2108 1850 2285 1894; x_wconf 83' lang='lat' dir='ltr'><strong>autem</strong></span> <span class='ocrx_word' id='word_1_393' title='bbox 2308 1840 2616 1895; x_wconf 89' lang='lat' dir='ltr'><strong>incredulus</strong></span> <span class='ocrx_word' id='word_1_394' title='bbox 2632 1847 2737 1907; x_wconf 88' lang='lat' dir='ltr'><strong>est,</strong></span> <span class='ocrx_word' id='word_1_395' title='bbox 2757 1854 2863 1893; x_wconf 90' lang='lat' dir='ltr'><strong>non</strong></span> <span class='ocrx_word' id='word_1_396' title='bbox 2883 1836 3081 1893; x_wconf 88' lang='lat' dir='ltr'><strong>videbit</strong></span> <span class='ocrx_word' id='word_1_397' title='bbox 3096 1837 3285 1892; x_wconf 86' lang='lat' dir='ltr'><strong>vitam.</strong></span> <span class='ocrx_word' id='word_1_398' title='bbox 3312 1854 3330 1893; x_wconf 71' lang='grc' dir='ltr'><strong>ι</strong></span> <span class='ocrx_word' id='word_1_399' title='bbox 3356 1835 3489 1890; x_wconf 85' lang='lat' dir='ltr'><strong>Nam</strong></span> 
     </span>
    </p>
   </div>
   <div class='ocr_carea' id='block_1_49' title="bbox 1926 1925 3491 2001">
    <p class='ocr_par' dir='ltr' id='par_1_49' title="bbox 1926 1925 3491 2001">
     <span class='ocr_line' id='line_1_49' title="bbox 1926 1925 3491 2001; baseline -0.004 -17"><span class='ocrx_word' id='word_1_400' title='bbox 1926 1932 2016 2000; x_wconf 90' lang='lat' dir='ltr'><strong>qui</strong></span> <span class='ocrx_word' id='word_1_401' title='bbox 2049 1939 2240 2001; x_wconf 82' lang='lat' dir='ltr'><strong>sponte</strong></span> <span class='ocrx_word' id='word_1_402' title='bbox 2275 1929 2500 1983; x_wconf 85' lang='lat' dir='ltr'><strong>recessit</strong></span> <span class='ocrx_word' id='word_1_403' title='bbox 2526 1945 2553 1982; x_wconf 75' lang='grc' dir='ltr'><strong>ο</strong></span> <span class='ocrx_word' id='word_1_404' title='bbox 2589 1929 2722 1993; x_wconf 89' lang='lat' dir='ltr'><strong>vita,</strong></span> <span class='ocrx_word' id='word_1_405' title='bbox 2762 1943 2868 1996; x_wconf 92' lang='lat' dir='ltr'><strong>quo</strong></span> <span class='ocrx_word' id='word_1_406' title='bbox 2909 1935 3067 1999; x_wconf 87' lang='lat' dir='ltr'><strong>pacto</strong></span> <span class='ocrx_word' id='word_1_407' title='bbox 3111 1925 3327 1980; x_wconf 90' lang='lat' dir='ltr'><strong>habebit</strong></span> <span class='ocrx_word' id='word_1_408' title='bbox 3350 1939 3491 1996; x_wconf 82' lang='lat' dir='ltr'><strong>eam,</strong></span> 
     </span>
    </p>
   </div>
   <div class='ocr_carea' id='block_1_50' title="bbox 1926 2014 3493 2095">
    <p class='ocr_par' dir='ltr' id='par_1_50' title="bbox 1926 2014 3493 2095">
     <span class='ocr_line' id='line_1_50' title="bbox 1926 2014 3493 2095; baseline -0.003 -22"><span class='ocrx_word' id='word_1_409' title='bbox 1926 2035 2046 2089; x_wconf 78' lang='lat' dir='ltr'><strong>qua:</strong></span> <span class='ocrx_word' id='word_1_410' title='bbox 2094 2027 2180 2074; x_wconf 85' lang='lat' dir='ltr'><strong>est</strong></span> <span class='ocrx_word' id='word_1_411' title='bbox 2206 2017 2498 2077; x_wconf 78' lang='lat' dir='ltr'><strong>Christus?</strong></span> <span class='ocrx_word' id='word_1_412' title='bbox 2525 2019 2660 2072; x_wconf 86' lang='lat' dir='ltr'><strong>sicut</strong></span> <span class='ocrx_word' id='word_1_413' title='bbox 2687 2025 2741 2071; x_wconf 90' lang='lat' dir='ltr'><strong>et</strong></span> <span class='ocrx_word' id='word_1_414' title='bbox 2767 2014 2967 2080; x_wconf 79' lang='lat' dir='ltr'><strong>Paulus</strong></span> <span class='ocrx_word' id='word_1_415' title='bbox 2989 2015 3196 2095; x_wconf 81' lang='lat' dir='ltr'><strong>inquit:</strong></span> <span class='ocrx_word' id='word_1_416' title='bbox 3222 2031 3241 2065; x_wconf 83' lang='grc' dir='ltr'><strong>ι</strong></span> <span class='ocrx_word' id='word_1_417' title='bbox 3269 2014 3493 2082; x_wconf 85' lang='lat' dir='ltr'><strong>Quando</strong></span> 
     </span>
    </p>
   </div>
   <div class='ocr_carea' id='block_1_51' title="bbox 1927 2107 3493 2175">
    <p class='ocr_par' dir='ltr' id='par_1_51' title="bbox 1927 2107 3493 2175">
     <span class='ocr_line' id='line_1_51' title="bbox 1927 2107 3493 2175; baseline -0.006 -9"><span class='ocrx_word' id='word_1_418' title='bbox 1927 2110 2178 2166; x_wconf 88' lang='lat' dir='ltr'><strong>Christus</strong></span> <span class='ocrx_word' id='word_1_419' title='bbox 2202 2108 2639 2164; x_wconf 81' lang='lat' dir='ltr'><strong>manifestabitur</strong></span> <span class='ocrx_word' id='word_1_420' title='bbox 2666 2108 2772 2163; x_wconf 86' lang='lat' dir='ltr'><strong>vita</strong></span> <span class='ocrx_word' id='word_1_421' title='bbox 2805 2118 3014 2175; x_wconf 87' lang='lat' dir='ltr'><strong>nostra,</strong></span> <span class='ocrx_word' id='word_1_422' title='bbox 3050 2118 3177 2162; x_wconf 88' lang='lat' dir='ltr'><strong>tunc</strong></span> <span class='ocrx_word' id='word_1_423' title='bbox 3202 2118 3257 2163; x_wconf 90' lang='lat' dir='ltr'><strong>et</strong></span> <span class='ocrx_word' id='word_1_424' title='bbox 3280 2122 3375 2161; x_wconf 89' lang='lat' dir='ltr'><strong>vos</strong></span> <span class='ocrx_word' id='word_1_425' title='bbox 3404 2107 3493 2175; x_wconf 81' lang='lat' dir='ltr'><strong>qui</strong></span> 
     </span>
    </p>
   </div>
   <div class='ocr_carea' id='block_1_52' title="bbox 1929 2193 3492 2263">
    <p class='ocr_par' dir='ltr' id='par_1_52' title="bbox 1929 2193 3492 2263">
     <span class='ocr_line' id='line_1_52' title="bbox 1929 2193 3492 2263; baseline -0.002 -12"><span class='ocrx_word' id='word_1_426' title='bbox 1929 2198 1994 2251; x_wconf 86' lang='lat' dir='ltr'><strong>ad</strong></span> <span class='ocrx_word' id='word_1_427' title='bbox 2021 2197 2277 2251; x_wconf 86' lang='lat' dir='ltr'><strong>malitiam</strong></span> <span class='ocrx_word' id='word_1_428' title='bbox 2307 2195 2503 2251; x_wconf 90' lang='lat' dir='ltr'><strong>mortui</strong></span> <span class='ocrx_word' id='word_1_429' title='bbox 2534 2204 2589 2250; x_wconf 92' lang='lat' dir='ltr'><strong>et</strong></span> <span class='ocrx_word' id='word_1_430' title='bbox 2613 2195 2914 2251; x_wconf 89' lang='lat' dir='ltr'><strong>immobiles</strong></span> <span class='ocrx_word' id='word_1_431' title='bbox 2946 2195 3092 2263; x_wconf 87' lang='lat' dir='ltr'><strong>l&#39;acti,</strong></span> <span class='ocrx_word' id='word_1_432' title='bbox 3117 2193 3492 2249; x_wconf 81' lang='lat' dir='ltr'><strong>manifeSIabi-</strong></span> 
     </span>
    </p>
   </div>
   <div class='ocr_carea' id='block_1_53' title="bbox 1931 2268 3492 2359">
    <p class='ocr_par' dir='ltr' id='par_1_53' title="bbox 1931 2268 3492 2359">
     <span class='ocr_line' id='line_1_53' title="bbox 1931 2268 3492 2359; baseline -0.002 -18"><span class='ocrx_word' id='word_1_433' title='bbox 1931 2287 2128 2359; x_wconf 66' lang='lat' dir='ltr'><strong>mini,in</strong></span> <span class='ocrx_word' id='word_1_434' title='bbox 2147 2285 2314 2354; x_wconf 79' lang='lat' dir='ltr'><strong>gloria</strong></span> <span class='ocrx_word' id='word_1_435' title='bbox 2334 2286 2433 2339; x_wconf 68' lang='grc' dir='ltr'>θ’.»</span> <span class='ocrx_word' id='word_1_436' title='bbox 2455 2312 2526 2325; x_wconf 89' lang='grc'><strong><em>-</em></strong></span> <span class='ocrx_word' id='word_1_437' title='bbox 2549 2282 2687 2339; x_wconf 69' lang='grc' dir='ltr'>εδει]</span> <span class='ocrx_word' id='word_1_438' title='bbox 2705 2285 2782 2338; x_wconf 90' lang='lat' dir='ltr'><strong>ira</strong></span> <span class='ocrx_word' id='word_1_439' title='bbox 2804 2284 2895 2339; x_wconf 89' lang='lat' dir='ltr'><strong>Dei</strong></span> <span class='ocrx_word' id='word_1_440' title='bbox 2914 2268 3091 2340; x_wconf 85' lang='lat' dir='ltr'><strong>manet</strong></span> <span class='ocrx_word' id='word_1_441' title='bbox 3112 2283 3492 2353; x_wconf 74' lang='lat' dir='ltr'><strong>superillunm</strong></span> 
     </span>
    </p>
   </div>
   <div class='ocr_carea' id='block_1_54' title="bbox 1933 2374 3495 2449">
    <p class='ocr_par' dir='ltr' id='par_1_54' title="bbox 1933 2374 3495 2449">
     <span class='ocr_line' id='line_1_54' title="bbox 1933 2374 3495 2449; baseline -0.004 -14"><span class='ocrx_word' id='word_1_442' title='bbox 1933 2378 2054 2435; x_wconf 83' lang='lat' dir='ltr'><strong>Non</strong></span> <span class='ocrx_word' id='word_1_443' title='bbox 2103 2377 2241 2432; x_wconf 79' lang='lat' dir='ltr'><strong>dixit</strong></span> <span class='ocrx_word' id='word_1_444' title='bbox 2271 2374 2413 2446; x_wconf 90' lang='lat' dir='ltr'><strong>quod</strong></span> <span class='ocrx_word' id='word_1_445' title='bbox 2474 2384 2691 2430; x_wconf 84' lang='lat' dir='ltr'><strong>maneat.</strong></span> <span class='ocrx_word' id='word_1_446' title='bbox 2724 2376 2898 2444; x_wconf 89' lang='lat' dir='ltr'><strong>illum,</strong></span> <span class='ocrx_word' id='word_1_447' title='bbox 2930 2376 3023 2430; x_wconf 89' lang='lat' dir='ltr'><strong>sed</strong></span> <span class='ocrx_word' id='word_1_448' title='bbox 3085 2391 3248 2445; x_wconf 89' lang='lat' dir='ltr'><strong>super</strong></span> <span class='ocrx_word' id='word_1_449' title='bbox 3301 2375 3495 2449; x_wconf 77' lang='lat' dir='ltr'><strong>illum,</strong></span> 
     </span>
    </p>
   </div>
   <div class='ocr_carea' id='block_1_55' title="bbox 1929 2466 3498 2540">
    <p class='ocr_par' dir='ltr' id='par_1_55' title="bbox 1929 2466 3498 2540">
     <span class='ocr_line' id='line_1_55' title="bbox 1929 2466 3498 2540; baseline -0.004 -14"><span class='ocrx_word' id='word_1_450' title='bbox 1929 2470 2222 2529; x_wconf 83' lang='lat' dir='ltr'><strong>ostendens</strong></span> <span class='ocrx_word' id='word_1_451' title='bbox 2249 2468 2392 2540; x_wconf 91' lang='lat' dir='ltr'><strong>quod</strong></span> <span class='ocrx_word' id='word_1_452' title='bbox 2422 2483 2698 2537; x_wconf 89' lang='lat' dir='ltr'><strong>nunquam</strong></span> <span class='ocrx_word' id='word_1_453' title='bbox 2721 2471 2790 2533; x_wconf 81' lang='lat' dir='ltr'><strong>ab</strong></span> <span class='ocrx_word' id='word_1_454' title='bbox 2818 2483 2883 2523; x_wconf 91' lang='lat' dir='ltr'><strong>eo</strong></span> <span class='ocrx_word' id='word_1_455' title='bbox 2908 2468 3143 2532; x_wconf 78' lang='lat' dir='ltr'><strong>recedat.</strong></span> <span class='ocrx_word' id='word_1_456' title='bbox 3170 2466 3240 2522; x_wconf 90' lang='lat' dir='ltr'><strong>Ut</strong></span> <span class='ocrx_word' id='word_1_457' title='bbox 3258 2482 3323 2523; x_wconf 89' lang='lat' dir='ltr'><strong>ne</strong></span> <span class='ocrx_word' id='word_1_458' title='bbox 3350 2484 3498 2522; x_wconf 85' lang='lat' dir='ltr'><strong>mor-</strong></span> 
     </span>
    </p>
   </div>
   <div class='ocr_carea' id='block_1_56' title="bbox 1932 2559 3500 2631">
    <p class='ocr_par' dir='ltr' id='par_1_56' title="bbox 1932 2559 3500 2631">
     <span class='ocr_line' id='line_1_56' title="bbox 1932 2559 3500 2631; baseline -0.003 -13"><span class='ocrx_word' id='word_1_459' title='bbox 1932 2574 2039 2620; x_wconf 90' lang='lat' dir='ltr'><strong>tem</strong></span> <span class='ocrx_word' id='word_1_460' title='bbox 2064 2564 2257 2619; x_wconf 88' lang='lat' dir='ltr'><strong>credas</strong></span> <span class='ocrx_word' id='word_1_461' title='bbox 2281 2560 2656 2631; x_wconf 83' lang='lat' dir='ltr'><strong>temporalem,</strong></span> <span class='ocrx_word' id='word_1_462' title='bbox 2691 2559 2823 2615; x_wconf 89' lang='lat' dir='ltr'><strong>dicit</strong></span> <span class='ocrx_word' id='word_1_463' title='bbox 2875 2560 3019 2630; x_wconf 87' lang='lat' dir='ltr'><strong>quod</strong></span> <span class='ocrx_word' id='word_1_464' title='bbox 3071 2568 3290 2615; x_wconf 83' lang='lat' dir='ltr'><strong>maneat</strong></span> <span class='ocrx_word' id='word_1_465' title='bbox 3338 2575 3500 2629; x_wconf 85' lang='lat' dir='ltr'><strong>super</strong></span> 
     </span>
    </p>
   </div>
   <div class='ocr_carea' id='block_1_57' title="bbox 1933 2651 3501 2724">
    <p class='ocr_par' dir='ltr' id='par_1_57' title="bbox 1933 2651 3501 2724">
     <span class='ocr_line' id='line_1_57' title="bbox 1933 2651 3501 2724; baseline -0.002 -15"><span class='ocrx_word' id='word_1_466' title='bbox 1933 2669 2054 2709; x_wconf 92' lang='lat' dir='ltr'><strong>eum</strong></span> <span class='ocrx_word' id='word_1_467' title='bbox 2090 2654 2181 2724; x_wconf 86' lang='lat' dir='ltr'><strong>qui</strong></span> <span class='ocrx_word' id='word_1_468' title='bbox 2206 2653 2515 2709; x_wconf 90' lang='lat' dir='ltr'><strong>incredulus</strong></span> <span class='ocrx_word' id='word_1_469' title='bbox 2547 2651 2728 2717; x_wconf 79' lang='lat' dir='ltr'><strong>fuerit,</strong></span> <span class='ocrx_word' id='word_1_470' title='bbox 2756 2660 2812 2706; x_wconf 89' lang='lat' dir='ltr'><strong>et</strong></span> <span class='ocrx_word' id='word_1_471' title='bbox 2855 2659 3171 2723; x_wconf 85' lang='lat' dir='ltr'><strong>perpetuum</strong></span> <span class='ocrx_word' id='word_1_472' title='bbox 3212 2652 3316 2708; x_wconf 91' lang='lat' dir='ltr'><strong>erit</strong></span> <span class='ocrx_word' id='word_1_473' title='bbox 3368 2667 3501 2724; x_wconf 87' lang='lat' dir='ltr'><strong>sup-</strong></span> 
     </span>
    </p>
   </div>
   <div class='ocr_carea' id='block_1_58' title="bbox 1935 2743 3502 2817">
    <p class='ocr_par' dir='ltr' id='par_1_58' title="bbox 1935 2743 3502 2817">
     <span class='ocr_line' id='line_1_58' title="bbox 1935 2743 3502 2817; baseline 0.001 -21"><span class='ocrx_word' id='word_1_474' title='bbox 1935 2745 2177 2817; x_wconf 85' lang='lat' dir='ltr'><strong>plicium.</strong></span> <span class='ocrx_word' id='word_1_475' title='bbox 2205 2745 2310 2801; x_wconf 90' lang='lat' dir='ltr'><strong>Per</strong></span> <span class='ocrx_word' id='word_1_476' title='bbox 2337 2747 2517 2800; x_wconf 90' lang='lat' dir='ltr'><strong>omnia</strong></span> <span class='ocrx_word' id='word_1_477' title='bbox 2546 2755 2724 2800; x_wconf 88' lang='lat' dir='ltr'><strong>autem</strong></span> <span class='ocrx_word' id='word_1_478' title='bbox 2761 2744 2924 2800; x_wconf 89' lang='lat' dir='ltr'><strong>verba</strong></span> <span class='ocrx_word' id='word_1_479' title='bbox 2951 2743 3067 2800; x_wconf 63' lang='lat' dir='ltr'><strong>huic</strong></span> <span class='ocrx_word' id='word_1_480' title='bbox 3106 2743 3316 2800; x_wconf 88' lang='lat' dir='ltr'><strong>inducit</strong></span> <span class='ocrx_word' id='word_1_481' title='bbox 3363 2745 3502 2815; x_wconf 82' lang='lat' dir='ltr'><strong>Bap-</strong></span> 
     </span>
    </p>
   </div>
   <div class='ocr_carea' id='block_1_59' title="bbox 1937 2836 3496 2909">
    <p class='ocr_par' dir='ltr' id='par_1_59' title="bbox 1937 2836 3496 2909">
     <span class='ocr_line' id='line_1_59' title="bbox 1937 2836 3496 2909; baseline 0 -17"><span class='ocrx_word' id='word_1_482' title='bbox 1937 2840 2058 2895; x_wconf 84' lang='lat' dir='ltr'><strong>tista</strong></span> <span class='ocrx_word' id='word_1_483' title='bbox 2107 2848 2162 2894; x_wconf 89' lang='lat' dir='ltr'><strong>et</strong></span> <span class='ocrx_word' id='word_1_484' title='bbox 2192 2838 2470 2908; x_wconf 89' lang='lat' dir='ltr'><strong>compellit</strong></span> <span class='ocrx_word' id='word_1_485' title='bbox 2495 2837 2770 2893; x_wconf 85' lang='lat' dir='ltr'><strong>auditores</strong></span> <span class='ocrx_word' id='word_1_486' title='bbox 2796 2851 2982 2893; x_wconf 89' lang='lat' dir='ltr'><strong>omnes</strong></span> <span class='ocrx_word' id='word_1_487' title='bbox 3000 2837 3067 2893; x_wconf 87' lang='lat' dir='ltr'><strong>ad</strong></span> <span class='ocrx_word' id='word_1_488' title='bbox 3092 2836 3249 2893; x_wconf 78' lang='lat' dir='ltr'><strong>[idem</strong></span> <span class='ocrx_word' id='word_1_489' title='bbox 3273 2837 3496 2909; x_wconf 78' lang='lat' dir='ltr'><strong>Christi,</strong></span> 
     </span>
    </p>
   </div>
   <div class='ocr_carea' id='block_1_60' title="bbox 1933 2929 3503 3000">
    <p class='ocr_par' dir='ltr' id='par_1_60' title="bbox 1933 2929 3503 3000">
     <span class='ocr_line' id='line_1_60' title="bbox 1933 2929 3503 3000; baseline -0.001 -14"><span class='ocrx_word' id='word_1_490' title='bbox 1933 2930 2050 2986; x_wconf 87' lang='lat' dir='ltr'><strong>Non</strong></span> <span class='ocrx_word' id='word_1_491' title='bbox 2081 2930 2225 2986; x_wconf 90' lang='lat' dir='ltr'><strong>enim</strong></span> <span class='ocrx_word' id='word_1_492' title='bbox 2257 2931 2312 2985; x_wconf 95' lang='lat' dir='ltr'><strong>in</strong></span> <span class='ocrx_word' id='word_1_493' title='bbox 2338 2944 2534 2984; x_wconf 87' lang='lat' dir='ltr'><strong>vanum</strong></span> <span class='ocrx_word' id='word_1_494' title='bbox 2576 2930 2692 2985; x_wconf 85' lang='lat' dir='ltr'><strong>haec</strong></span> <span class='ocrx_word' id='word_1_495' title='bbox 2728 2929 2886 2996; x_wconf 76' lang='lat' dir='ltr'><strong>dixit,</strong></span> <span class='ocrx_word' id='word_1_496' title='bbox 2923 2930 3016 2984; x_wconf 86' lang='lat' dir='ltr'><strong>sed</strong></span> <span class='ocrx_word' id='word_1_497' title='bbox 3049 2943 3178 2985; x_wconf 89' lang='lat' dir='ltr'><strong>suos</strong></span> <span class='ocrx_word' id='word_1_498' title='bbox 3208 2929 3503 3000; x_wconf 87' lang='lat' dir='ltr'><strong>discipulos</strong></span> 
     </span>
    </p>
   </div>
   <div class='ocr_carea' id='block_1_61' title="bbox 1934 3021 3503 3091">
    <p class='ocr_par' dir='ltr' id='par_1_61' title="bbox 1934 3021 3503 3091">
     <span class='ocr_line' id='line_1_61' title="bbox 1934 3021 3503 3091; baseline -0.001 -14"><span class='ocrx_word' id='word_1_499' title='bbox 1934 3031 1989 3077; x_wconf 90' lang='lat' dir='ltr'><strong>et</strong></span> <span class='ocrx_word' id='word_1_500' title='bbox 2026 3022 2160 3078; x_wconf 90' lang='lat' dir='ltr'><strong>alios</strong></span> <span class='ocrx_word' id='word_1_501' title='bbox 2183 3037 2373 3078; x_wconf 86' lang='lat' dir='ltr'><strong>omnes</strong></span> <span class='ocrx_word' id='word_1_502' title='bbox 2394 3022 2616 3078; x_wconf 87' lang='lat' dir='ltr'><strong>instruit</strong></span> <span class='ocrx_word' id='word_1_503' title='bbox 2646 3037 2713 3079; x_wconf 91' lang='lat' dir='ltr'><strong>ne</strong></span> <span class='ocrx_word' id='word_1_504' title='bbox 2743 3021 3023 3079; x_wconf 78' lang='lat' dir='ltr'><strong>invideant</strong></span> <span class='ocrx_word' id='word_1_505' title='bbox 3052 3021 3290 3091; x_wconf 87' lang='lat' dir='ltr'><strong>Christo,</strong></span> <span class='ocrx_word' id='word_1_506' title='bbox 3327 3021 3422 3089; x_wconf 63' lang='lat' dir='ltr'><strong>se;</strong></span> <span class='ocrx_word' id='word_1_507' title='bbox 3446 3034 3503 3091; x_wconf 56' lang='lat'><strong>.2;</strong></span> 
     </span>
    </p>
   </div>
   <div class='ocr_carea' id='block_1_62' title="bbox 246 3111 1831 3214">
    <p class='ocr_par' dir='ltr' id='par_1_62' title="bbox 246 3111 1831 3186">
     <span class='ocr_line' id='line_1_62' title="bbox 246 3111 1831 3186; baseline 0.003 -24"><span class='ocrx_word' id='word_1_508' title='bbox 246 3111 465 3174; x_wconf 73' lang='grc' dir='ltr'>πάντας</span> <span class='ocrx_word' id='word_1_509' title='bbox 497 3113 578 3175; x_wconf 78' lang='grc' dir='ltr'><strong>είς</strong></span> <span class='ocrx_word' id='word_1_510' title='bbox 608 3112 707 3186; x_wconf 82' lang='grc' dir='ltr'>τὴν</span> <span class='ocrx_word' id='word_1_511' title='bbox 741 3111 844 3165; x_wconf 85' lang='grc' dir='ltr'>τοῦ⁸</span> <span class='ocrx_word' id='word_1_512' title='bbox 868 3111 1106 3185; x_wconf 83' lang='grc' dir='ltr'>Χριστοῦ</span> <span class='ocrx_word' id='word_1_513' title='bbox 1146 3113 1346 3168; x_wconf 80' lang='grc' dir='ltr'>πίστιν.</span> <span class='ocrx_word' id='word_1_514' title='bbox 1393 3114 1466 3167; x_wconf 79' lang='grc' dir='ltr'><strong>Οὐ</strong></span> <span class='ocrx_word' id='word_1_515' title='bbox 1502 3112 1610 3183; x_wconf 81' lang='grc' dir='ltr'><strong>γὰρ</strong></span> <span class='ocrx_word' id='word_1_516' title='bbox 1656 3115 1831 3185; x_wconf 82' lang='grc' dir='ltr'>μάτην</span> 
     </span>
    </p>
   </div>
   <div class='ocr_carea' id='block_1_63' title="bbox 1933 3111 2397 3214">
    <p class='ocr_par' dir='ltr' id='par_1_63' title="bbox 1936 3111 2397 3169">
     <span class='ocr_line' id='line_1_63' title="bbox 1936 3111 2397 3169; baseline 0 -3"><span class='ocrx_word' id='word_1_517' title='bbox 1936 3111 2049 3168; x_wconf 87' lang='lat' dir='ltr'><strong>Deo</strong></span> <span class='ocrx_word' id='word_1_518' title='bbox 2074 3112 2397 3169; x_wconf 88' lang='lat' dir='ltr'><strong>auscultent.</strong></span> 
     </span>
    </p>
   </div>
   <div class='ocr_carea' id='block_1_64' title="bbox 245 3203 1835 3277">
    <p class='ocr_par' dir='ltr' id='par_1_64' title="bbox 245 3203 1835 3277">
     <span class='ocr_line' id='line_1_64' title="bbox 245 3203 1835 3277; baseline 0.001 -21"><span class='ocrx_word' id='word_1_519' title='bbox 245 3204 433 3259; x_wconf 82' lang='grc' dir='ltr'>ταῦτά</span> <span class='ocrx_word' id='word_1_520' title='bbox 471 3221 658 3276; x_wconf 84' lang='grc' dir='ltr'>φησιν,</span> <span class='ocrx_word' id='word_1_521' title='bbox 702 3203 839 3259; x_wconf 85' lang='grc' dir='ltr'>ἀλλὰ</span> <span class='ocrx_word' id='word_1_522' title='bbox 872 3205 964 3259; x_wconf 70' lang='grc' dir='ltr'><strong>καὶ</strong></span> <span class='ocrx_word' id='word_1_523' title='bbox 1023 3206 1151 3271; x_wconf 81' lang='grc' dir='ltr'>τοὺς</span> <span class='ocrx_word' id='word_1_524' title='bbox 1195 3207 1429 3267; x_wconf 72' lang='grc' dir='ltr'>οἰκείους</span> <span class='ocrx_word' id='word_1_525' title='bbox 1463 3205 1711 3277; x_wconf 82' lang='grc' dir='ltr'>μαθητὰς</span> <span class='ocrx_word' id='word_1_526' title='bbox 1739 3207 1835 3258; x_wconf 79' lang='grc' dir='ltr'><strong>καὶ</strong></span> 
     </span>
    </p>
   </div>
   <div class='ocr_carea' id='block_1_65' title="bbox 247 3295 1836 3382">
    <p class='ocr_par' dir='ltr' id='par_1_65' title="bbox 247 3295 1836 3382">
     <span class='ocr_line' id='line_1_65' title="bbox 247 3295 1836 3382; baseline -0.001 -30"><span class='ocrx_word' id='word_1_527' title='bbox 247 3300 382 3365; x_wconf 74' lang='grc' dir='ltr'>τοὺς</span> <span class='ocrx_word' id='word_1_528' title='bbox 413 3298 606 3362; x_wconf 78' lang='grc' dir='ltr'>ἄλλους</span> <span class='ocrx_word' id='word_1_529' title='bbox 650 3297 861 3362; x_wconf 82' lang='grc' dir='ltr'>πάντας</span> <span class='ocrx_word' id='word_1_530' title='bbox 906 3297 1176 3362; x_wconf 83' lang='grc' dir='ltr'>παιδεύει,</span> <span class='ocrx_word' id='word_1_531' title='bbox 1238 3297 1434 3368; x_wconf 84' lang='grc' dir='ltr'>μηκέτι</span> <span class='ocrx_word' id='word_1_532' title='bbox 1499 3295 1715 3367; x_wconf 78' lang='grc' dir='ltr'>φθονεῖν</span> <span class='ocrx_word' id='word_1_533' title='bbox 1756 3297 1836 3382; x_wconf 88' lang='grc' dir='ltr'><strong>τῷ</strong></span> 
     </span>
    </p>
   </div>
   <div class='ocr_carea' id='block_1_66' title="bbox 248 3392 1239 3467">
    <p class='ocr_par' dir='ltr' id='par_1_66' title="bbox 248 3392 1239 3467">
     <span class='ocr_line' id='line_1_66' title="bbox 248 3392 1239 3467; baseline 0 -19"><span class='ocrx_word' id='word_1_534' title='bbox 248 3392 506 3467; x_wconf 80' lang='grc' dir='ltr'>Χριστῷ,</span> <span class='ocrx_word' id='word_1_535' title='bbox 533 3392 652 3448; x_wconf 82' lang='grc' dir='ltr'>ἀλλ’</span> <span class='ocrx_word' id='word_1_536' title='bbox 676 3392 751 3458; x_wconf 83' lang='grc' dir='ltr'>ὡς</span> <span class='ocrx_word' id='word_1_537' title='bbox 782 3392 901 3464; x_wconf 88' lang='grc' dir='ltr'>Θεῷ</span> <span class='ocrx_word' id='word_1_538' title='bbox 929 3393 1239 3464; x_wconf 82' lang='grc' dir='ltr'>προσέχειν.</span> 
     </span>
    </p>
   </div>
   <div class='ocr_carea' id='block_1_67' title="bbox 857 3510 1220 3565">
    <p class='ocr_par' dir='ltr' id='par_1_67' title="bbox 857 3510 1220 3565">
     <span class='ocr_line' id='line_1_67' title="bbox 857 3510 1220 3565; baseline -0.003 -1"><span class='ocrx_word' id='word_1_539' title='bbox 857 3510 1111 3565; x_wconf 78' lang='grc' dir='ltr'><strong>ΚΕΦΑΛ.</strong></span> <span class='ocrx_word' id='word_1_540' title='bbox 1145 3511 1220 3563; x_wconf 87' lang='grc' dir='ltr'><strong>Δ’.</strong></span> 
     </span>
    </p>
   </div>
   <div class='ocr_carea' id='block_1_68' title="bbox 250 3599 1836 3674">
    <p class='ocr_par' dir='ltr' id='par_1_68' title="bbox 250 3599 1836 3674">
     <span class='ocr_line' id='line_1_68' title="bbox 250 3599 1836 3674; baseline -0.002 -15"><span class='ocrx_word' id='word_1_541' title='bbox 250 3604 402 3674; x_wconf 73' lang='grc' dir='ltr'>Περὶ</span> <span class='ocrx_word' id='word_1_542' title='bbox 441 3602 545 3672; x_wconf 78' lang='grc' dir='ltr'>τῆς</span> <span class='ocrx_word' id='word_1_543' title='bbox 594 3600 1034 3673; x_wconf 77' lang='grc' dir='ltr'>Σαμαρείτιδος.</span> <span class='ocrx_word' id='word_1_544' title='bbox 1080 3600 1219 3674; x_wconf 67' lang='grc' dir='ltr'>Περὶ</span> <span class='ocrx_word' id='word_1_545' title='bbox 1256 3599 1364 3654; x_wconf 85' lang='grc' dir='ltr'><strong>τοῦ</strong></span> <span class='ocrx_word' id='word_1_546' title='bbox 1400 3602 1534 3655; x_wconf 80' lang='grc' dir='ltr'>υἱοῦ</span> <span class='ocrx_word' id='word_1_547' title='bbox 1572 3600 1680 3657; x_wconf 82' lang='grc' dir='ltr'><strong>τοῦ</strong></span> <span class='ocrx_word' id='word_1_548' title='bbox 1720 3602 1836 3668; x_wconf 76' lang='grc' dir='ltr'>,βα-</span> 
     </span>
    </p>
   </div>
   <div class='ocr_carea' id='block_1_69' title="bbox 925 3672 1187 3726">
    <p class='ocr_par' dir='ltr' id='par_1_69' title="bbox 925 3672 1187 3726">
     <span class='ocr_line' id='line_1_69' title="bbox 925 3672 1187 3726; baseline -0.004 0"><span class='ocrx_word' id='word_1_549' title='bbox 925 3672 1187 3726; x_wconf 81' lang='grc' dir='ltr'>σιλικοῦ.</span> 
     </span>
    </p>
   </div>
   <div class='ocr_carea' id='block_1_70' title="bbox 338 3782 1838 3855">
    <p class='ocr_par' dir='ltr' id='par_1_70' title="bbox 338 3782 1838 3855">
     <span class='ocr_line' id='line_1_70' title="bbox 338 3782 1838 3855; baseline -0.003 -14"><span class='ocrx_word' id='word_1_550' title='bbox 338 3809 359 3841; x_wconf 75' lang='grc' dir='ltr'><strong>ι</strong></span> <span class='ocrx_word' id='word_1_551' title='bbox 406 3788 492 3851; x_wconf 81' lang='grc' dir='ltr'>Ὠς</span> <span class='ocrx_word' id='word_1_552' title='bbox 538 3782 629 3841; x_wconf 78' lang='grc' dir='ltr'><strong>οὖν</strong></span> <span class='ocrx_word' id='word_1_553' title='bbox 662 3784 802 3853; x_wconf 77' lang='grc' dir='ltr'>ἔγνω</span> <span class='ocrx_word' id='word_1_554' title='bbox 847 3786 876 3837; x_wconf 86' lang='grc' dir='ltr'><strong>ὁ</strong></span> <span class='ocrx_word' id='word_1_555' title='bbox 913 3782 1118 3855; x_wconf 76' lang='grc' dir='ltr'>Κύριος</span> <span class='ocrx_word' id='word_1_556' title='bbox 1162 3783 1244 3836; x_wconf 83' lang='grc' dir='ltr'><strong>ὅτι</strong></span> <span class='ocrx_word' id='word_1_557' title='bbox 1296 3783 1535 3854; x_wconf 72' lang='grc' dir='ltr'>ἥκουσαν</span> <span class='ocrx_word' id='word_1_558' title='bbox 1575 3783 1627 3836; x_wconf 79' lang='grc' dir='ltr'>οἱ</span> <span class='ocrx_word' id='word_1_559' title='bbox 1670 3783 1838 3853; x_wconf 70' lang='grc' dir='ltr'>Φαρι-</span> 
     </span>
    </p>
   </div>
   <div class='ocr_carea' id='block_1_71' title="bbox 255 3877 1836 3951">
    <p class='ocr_par' dir='ltr' id='par_1_71' title="bbox 255 3877 1836 3951">
     <span class='ocr_line' id='line_1_71' title="bbox 255 3877 1836 3951; baseline -0.002 -15"><span class='ocrx_word' id='word_1_560' title='bbox 255 3886 408 3936; x_wconf 85' lang='grc' dir='ltr'>σαῖοι</span> <span class='ocrx_word' id='word_1_561' title='bbox 447 3881 530 3938; x_wconf 85' lang='grc' dir='ltr'>ὅτι</span> <span class='ocrx_word' id='word_1_562' title='bbox 566 3880 773 3951; x_wconf 82' lang='grc' dir='ltr'>Ἰησοῦς</span> <span class='ocrx_word' id='word_1_563' title='bbox 819 3879 1072 3943; x_wconf 88' lang='grc' dir='ltr'>πλείονας</span> <span class='ocrx_word' id='word_1_564' title='bbox 1115 3878 1361 3951; x_wconf 66' lang='grc' dir='ltr'>μαθητὰς</span> <span class='ocrx_word' id='word_1_565' title='bbox 1405 3880 1554 3932; x_wconf 86' lang='grc' dir='ltr'>ποιεῖ</span> <span class='ocrx_word' id='word_1_566' title='bbox 1597 3877 1691 3932; x_wconf 75' lang='grc' dir='ltr'>καὶ</span> <span class='ocrx_word' id='word_1_567' title='bbox 1741 3878 1836 3949; x_wconf 85' lang='grc' dir='ltr'><strong>βα-</strong></span> 
     </span>
    </p>
   </div>
   <div class='ocr_carea' id='block_1_72' title="bbox 253 3969 1836 4042">
    <p class='ocr_par' dir='ltr' id='par_1_72' title="bbox 253 3969 1836 4042">
     <span class='ocr_line' id='line_1_72' title="bbox 253 3969 1836 4042; baseline -0.004 -14"><span class='ocrx_word' id='word_1_568' title='bbox 253 3974 471 4040; x_wconf 77' lang='grc' dir='ltr'>πτίζει,</span> <span class='ocrx_word' id='word_1_569' title='bbox 511 3972 544 4042; x_wconf 79' lang='grc' dir='ltr'><strong>ἢ</strong></span> <span class='ocrx_word' id='word_1_570' title='bbox 588 3972 843 4042; x_wconf 70' lang='grc' dir='ltr'>Ἰωάννης</span> <span class='ocrx_word' id='word_1_571' title='bbox 894 3970 1095 4040; x_wconf 85' lang='grc' dir='ltr'>(καίτοι</span> <span class='ocrx_word' id='word_1_572' title='bbox 1158 3987 1223 4039; x_wconf 87' lang='grc' dir='ltr'>γε</span> <span class='ocrx_word' id='word_1_573' title='bbox 1255 3969 1414 4034; x_wconf 78' lang='grc' dir='ltr'>αὐτὸς</span> <span class='ocrx_word' id='word_1_574' title='bbox 1439 3972 1467 4023; x_wconf 88' lang='grc' dir='ltr'><strong>ό</strong></span> <span class='ocrx_word' id='word_1_575' title='bbox 1501 3969 1709 4040; x_wconf 77' lang='grc' dir='ltr'>Ἰησοῦς</span> <span class='ocrx_word' id='word_1_576' title='bbox 1736 3969 1836 4022; x_wconf 87' lang='grc' dir='ltr'><strong>ούκ</strong></span> 
     </span>
    </p>
   </div>
   <div class='ocr_carea' id='block_1_73' title="bbox 250 4062 1835 4136">
    <p class='ocr_par' dir='ltr' id='par_1_73' title="bbox 250 4062 1835 4136">
     <span class='ocr_line' id='line_1_73' title="bbox 250 4062 1835 4136; baseline -0.004 -13"><span class='ocrx_word' id='word_1_577' title='bbox 250 4068 576 4133; x_wconf 78' lang='grc' dir='ltr'>ὲὸἁπτιζεν,</span> <span class='ocrx_word' id='word_1_578' title='bbox 613 4066 725 4118; x_wconf 86' lang='grc' dir='ltr'>ἀλλ’</span> <span class='ocrx_word' id='word_1_579' title='bbox 753 4067 801 4118; x_wconf 85' lang='grc' dir='ltr'><strong>οί</strong></span> <span class='ocrx_word' id='word_1_580' title='bbox 831 4066 1075 4136; x_wconf 81' lang='grc' dir='ltr'>μαθηταὶ</span> <span class='ocrx_word' id='word_1_581' title='bbox 1098 4062 1308 4135; x_wconf 85' lang='grc' dir='ltr'>αὑτοῦ),</span> <span class='ocrx_word' id='word_1_582' title='bbox 1346 4064 1529 4133; x_wconf 71' lang='grc' dir='ltr'>ἀφῆκε</span> <span class='ocrx_word' id='word_1_583' title='bbox 1554 4064 1659 4134; x_wconf 86' lang='grc' dir='ltr'>τὴν</span> <span class='ocrx_word' id='word_1_584' title='bbox 1701 4064 1835 4117; x_wconf 80' lang='grc' dir='ltr'>Ἰου-</span> 
     </span>
    </p>
   </div>
   <div class='ocr_carea' id='block_1_74' title="bbox 251 4156 1836 4230">
    <p class='ocr_par' dir='ltr' id='par_1_74' title="bbox 251 4156 1836 4230">
     <span class='ocr_line' id='line_1_74' title="bbox 251 4156 1836 4230; baseline -0.003 -14"><span class='ocrx_word' id='word_1_585' title='bbox 251 4162 422 4217; x_wconf 81' lang='grc' dir='ltr'>δαίαν</span> <span class='ocrx_word' id='word_1_586' title='bbox 469 4160 596 4230; x_wconf 81' lang='grc' dir='ltr'>γῆν,</span> <span class='ocrx_word' id='word_1_587' title='bbox 629 4160 725 4212; x_wconf 76' lang='grc' dir='ltr'><strong>καὶ</strong></span> <span class='ocrx_word' id='word_1_588' title='bbox 780 4158 989 4229; x_wconf 75' lang='grc' dir='ltr'>ἀπῆλθε</span> <span class='ocrx_word' id='word_1_589' title='bbox 1033 4156 1196 4212; x_wconf 78' lang='grc' dir='ltr'>πάλιν</span> <span class='ocrx_word' id='word_1_590' title='bbox 1241 4158 1323 4221; x_wconf 86' lang='grc' dir='ltr'><strong>εἰς</strong></span> <span class='ocrx_word' id='word_1_591' title='bbox 1369 4157 1469 4226; x_wconf 81' lang='grc' dir='ltr'><strong>τὴν</strong></span> <span class='ocrx_word' id='word_1_592' title='bbox 1519 4156 1836 4212; x_wconf 82' lang='grc' dir='ltr'>Γαλιλαίαν.</span> 
     </span>
    </p>
   </div>
   <div class='ocr_carea' id='block_1_75' title="bbox 259 4246 1836 4320">
    <p class='ocr_par' dir='ltr' id='par_1_75' title="bbox 259 4246 1836 4320">
     <span class='ocr_line' id='line_1_75' title="bbox 259 4246 1836 4320; baseline -0.002 -16"><span class='ocrx_word' id='word_1_593' title='bbox 259 4253 422 4309; x_wconf 82' lang='grc' dir='ltr'>Ἔδει</span> <span class='ocrx_word' id='word_1_594' title='bbox 450 4252 505 4303; x_wconf 77' lang='grc' dir='ltr'>δὲ</span> <span class='ocrx_word' id='word_1_595' title='bbox 548 4252 710 4304; x_wconf 83' lang='grc' dir='ltr'>αὑτὸν</span> <span class='ocrx_word' id='word_1_596' title='bbox 743 4248 1052 4320; x_wconf 81' lang='grc' dir='ltr'>διέρχεσθαι</span> <span class='ocrx_word' id='word_1_597' title='bbox 1080 4248 1170 4303; x_wconf 80' lang='grc' dir='ltr'>διὰ</span> <span class='ocrx_word' id='word_1_598' title='bbox 1197 4248 1295 4319; x_wconf 86' lang='grc' dir='ltr'>τῆς</span> <span class='ocrx_word' id='word_1_599' title='bbox 1328 4246 1667 4319; x_wconf 82' lang='grc' dir='ltr'>Σαμαρείας.</span> <span class='ocrx_word' id='word_1_600' title='bbox 1702 4267 1721 4300; x_wconf 73' lang='grc' dir='ltr'><strong>ι</strong></span> <span class='ocrx_word' id='word_1_601' title='bbox 1779 4247 1836 4301; x_wconf 87' lang='grc'><strong>’0</strong></span> 
     </span>
    </p>
   </div>
   <div class='ocr_carea' id='block_1_76' title="bbox 258 4339 1838 4412">
    <p class='ocr_par' dir='ltr' id='par_1_76' title="bbox 258 4339 1838 4412">
     <span class='ocr_line' id='line_1_76' title="bbox 258 4339 1838 4412; baseline -0.002 -18"><span class='ocrx_word' id='word_1_602' title='bbox 258 4343 677 4412; x_wconf 73' lang='grc' dir='ltr'>φιλάνθρωπος,</span> <span class='ocrx_word' id='word_1_603' title='bbox 701 4341 851 4406; x_wconf 76' lang='grc' dir='ltr'>ἅπαξ</span> <span class='ocrx_word' id='word_1_604' title='bbox 875 4341 944 4395; x_wconf 79' lang='grc' dir='ltr'>δι’</span> <span class='ocrx_word' id='word_1_605' title='bbox 965 4342 1115 4411; x_wconf 82' lang='grc' dir='ltr'>ἡμᾶς</span> <span class='ocrx_word' id='word_1_606' title='bbox 1140 4339 1470 4411; x_wconf 72' lang='grc' dir='ltr'>σαρκωθεὶς,</span> <span class='ocrx_word' id='word_1_607' title='bbox 1499 4340 1676 4394; x_wconf 86' lang='grc' dir='ltr'>πάντα</span> <span class='ocrx_word' id='word_1_608' title='bbox 1702 4341 1838 4409; x_wconf 64' lang='grc' dir='ltr'>πρὶς</span> 
     </span>
    </p>
   </div>
   <div class='ocr_carea' id='block_1_77' title="bbox 256 4431 1838 4504">
    <p class='ocr_par' dir='ltr' id='par_1_77' title="bbox 256 4431 1838 4504">
     <span class='ocr_line' id='line_1_77' title="bbox 256 4431 1838 4504; baseline 0 -20"><span class='ocrx_word' id='word_1_609' title='bbox 256 4433 549 4504; x_wconf 80' lang='grc' dir='ltr'>ἡμετέραν</span> <span class='ocrx_word' id='word_1_610' title='bbox 578 4432 847 4502; x_wconf 75' lang='grc' dir='ltr'>ὠφέλειαν</span> <span class='ocrx_word' id='word_1_611' title='bbox 889 4432 1301 4501; x_wconf 85' lang='grc' dir='ltr'>διαπράττεται.</span> <span class='ocrx_word' id='word_1_612' title='bbox 1347 4431 1564 4501; x_wconf 82' lang='grc' dir='ltr'>Ἀμέλει</span> <span class='ocrx_word' id='word_1_613' title='bbox 1598 4433 1691 4485; x_wconf 76' lang='grc' dir='ltr'><strong>καὶ</strong></span> <span class='ocrx_word' id='word_1_614' title='bbox 1742 4433 1838 4485; x_wconf 77' lang='grc' dir='ltr'><strong>νῦν</strong></span> 
     </span>
    </p>
   </div>
   <div class='ocr_carea' id='block_1_78' title="bbox 2537 3503 2904 3563">
    <p class='ocr_par' dir='ltr' id='par_1_78' title="bbox 2537 3503 2904 3563">
     <span class='ocr_line' id='line_1_78' title="bbox 2537 3503 2904 3563; baseline -0.003 -2"><span class='ocrx_word' id='word_1_615' title='bbox 2537 3504 2766 3563; x_wconf 77' lang='lat' dir='ltr'><strong>CAPUT</strong></span> <span class='ocrx_word' id='word_1_616' title='bbox 2816 3503 2904 3560; x_wconf 83' lang='lat' dir='ltr'><strong>iV.</strong></span> 
     </span>
    </p>
   </div>
   <div class='ocr_carea' id='block_1_79' title="bbox 2244 3596 3204 3667">
    <p class='ocr_par' dir='ltr' id='par_1_79' title="bbox 2244 3596 3204 3667">
     <span class='ocr_line' id='line_1_79' title="bbox 2244 3596 3204 3667; baseline -0.003 -13"><span class='ocrx_word' id='word_1_617' title='bbox 2244 3600 2318 3654; x_wconf 81' lang='lat' dir='ltr'><strong>De</strong></span> <span class='ocrx_word' id='word_1_618' title='bbox 2351 3599 2714 3655; x_wconf 79' lang='lat' dir='ltr'><strong>Samaritana.</strong></span> <span class='ocrx_word' id='word_1_619' title='bbox 2756 3596 2831 3651; x_wconf 83' lang='lat' dir='ltr'><strong>De</strong></span> <span class='ocrx_word' id='word_1_620' title='bbox 2862 3598 2974 3666; x_wconf 78' lang='lat' dir='ltr'><strong>ﬁlio</strong></span> <span class='ocrx_word' id='word_1_621' title='bbox 3019 3597 3204 3667; x_wconf 75' lang='lat' dir='ltr'><strong>reguli.</strong></span> 
     </span>
    </p>
   </div>
   <div class='ocr_carea' id='block_1_80' title="bbox 2008 3722 3509 3845">
    <p class='ocr_par' dir='ltr' id='par_1_80' title="bbox 2008 3722 3509 3845">
     <span class='ocr_line' id='line_1_80' title="bbox 2008 3722 3509 3845; baseline -0.007 -10"><span class='ocrx_word' id='word_1_622' title='bbox 2008 3778 2176 3835; x_wconf 67' lang='lat' dir='ltr'><strong>Vens.</strong></span> <span class='ocrx_word' id='word_1_623' title='bbox 2208 3777 2326 3832; x_wconf 70' lang='grc'><strong>1-4.</strong></span> <span class='ocrx_word' id='word_1_624' title='bbox 2358 3793 2379 3828; x_wconf 84' lang='grc'>‹</span> <span class='ocrx_word' id='word_1_625' title='bbox 2413 3722 2758 3845; x_wconf 66' lang='lat' dir='ltr'><strong>Ut.cognovit</strong></span> <span class='ocrx_word' id='word_1_626' title='bbox 2782 3771 3040 3827; x_wconf 89' lang='lat' dir='ltr'><strong>Dominus</strong></span> <span class='ocrx_word' id='word_1_627' title='bbox 3069 3770 3283 3827; x_wconf 86' lang='lat' dir='ltr'><strong>audisse</strong></span> <span class='ocrx_word' id='word_1_628' title='bbox 3313 3770 3509 3831; x_wconf 83' lang='lat' dir='ltr'><strong>Phari-</strong></span> 
     </span>
    </p>
   </div>
   <div class='ocr_carea' id='block_1_81' title="bbox 1938 3863 3513 3941">
    <p class='ocr_par' dir='ltr' id='par_1_81' title="bbox 1938 3863 3513 3941">
     <span class='ocr_line' id='line_1_81' title="bbox 1938 3863 3513 3941; baseline -0.004 -14"><span class='ocrx_word' id='word_1_629' title='bbox 1938 3886 2074 3927; x_wconf 78' lang='lat' dir='ltr'><strong>sanos</strong></span> <span class='ocrx_word' id='word_1_630' title='bbox 2096 3872 2237 3941; x_wconf 88' lang='lat' dir='ltr'><strong>quod</strong></span> <span class='ocrx_word' id='word_1_631' title='bbox 2268 3867 2425 3924; x_wconf 80' lang='lat' dir='ltr'><strong>Jesus</strong></span> <span class='ocrx_word' id='word_1_632' title='bbox 2469 3866 2649 3937; x_wconf 84' lang='lat' dir='ltr'><strong>plures</strong></span> <span class='ocrx_word' id='word_1_633' title='bbox 2677 3865 2970 3935; x_wconf 90' lang='lat' dir='ltr'><strong>discipulos</strong></span> <span class='ocrx_word' id='word_1_634' title='bbox 3010 3863 3210 3920; x_wconf 83' lang='lat' dir='ltr'><strong>faceret</strong></span> <span class='ocrx_word' id='word_1_635' title='bbox 3248 3878 3313 3920; x_wconf 85' lang='lat' dir='ltr'><strong>ac</strong></span> <span class='ocrx_word' id='word_1_636' title='bbox 3336 3864 3513 3934; x_wconf 89' lang='lat' dir='ltr'><strong>bapti-</strong></span> 
     </span>
    </p>
   </div>
   <div class='ocr_carea' id='block_1_82' title="bbox 1939 3954 3511 4031">
    <p class='ocr_par' dir='ltr' id='par_1_82' title="bbox 1939 3954 3511 4031">
     <span class='ocr_line' id='line_1_82' title="bbox 1939 3954 3511 4031; baseline -0.003 -13"><span class='ocrx_word' id='word_1_637' title='bbox 1939 3972 2086 4018; x_wconf 86' lang='lat' dir='ltr'><strong>zaret</strong></span> <span class='ocrx_word' id='word_1_638' title='bbox 2135 3976 2297 4031; x_wconf 89' lang='lat' dir='ltr'><strong>quam</strong></span> <span class='ocrx_word' id='word_1_639' title='bbox 2346 3958 2582 4015; x_wconf 77' lang='lat' dir='ltr'><strong>Joannes</strong></span> <span class='ocrx_word' id='word_1_640' title='bbox 2639 3960 2968 4027; x_wconf 81' lang='lat' dir='ltr'><strong>(quanquam</strong></span> <span class='ocrx_word' id='word_1_641' title='bbox 3030 3954 3187 4012; x_wconf 81' lang='lat' dir='ltr'><strong>.lesus</strong></span> <span class='ocrx_word' id='word_1_642' title='bbox 3244 3955 3357 4026; x_wconf 86' lang='lat' dir='ltr'><strong>ipse</strong></span> <span class='ocrx_word' id='word_1_643' title='bbox 3406 3970 3511 4013; x_wconf 87' lang='lat' dir='ltr'><strong>non</strong></span> 
     </span>
    </p>
   </div>
   <div class='ocr_carea' id='block_1_83' title="bbox 1939 4046 3516 4126">
    <p class='ocr_par' dir='ltr' id='par_1_83' title="bbox 1939 4046 3516 4126">
     <span class='ocr_line' id='line_1_83' title="bbox 1939 4046 3516 4126; baseline -0.007 -15"><span class='ocrx_word' id='word_1_644' title='bbox 1939 4055 2259 4126; x_wconf 84' lang='lat' dir='ltr'><strong>baptizaret,</strong></span> <span class='ocrx_word' id='word_1_645' title='bbox 2284 4052 2381 4109; x_wconf 85' lang='lat' dir='ltr'><strong>sed</strong></span> <span class='ocrx_word' id='word_1_646' title='bbox 2414 4049 2661 4121; x_wconf 86' lang='lat' dir='ltr'><strong>discipuli</strong></span> <span class='ocrx_word' id='word_1_647' title='bbox 2707 4048 2868 4119; x_wconf 84' lang='lat' dir='ltr'><strong>ejus),</strong></span> <span class='ocrx_word' id='word_1_648' title='bbox 2897 4048 3113 4116; x_wconf 81' lang='lat' dir='ltr'><strong>reliquit</strong></span> <span class='ocrx_word' id='word_1_649' title='bbox 3137 4046 3374 4113; x_wconf 57' lang='lat' dir='ltr'><strong>ludat-aut</strong></span> <span class='ocrx_word' id='word_1_650' title='bbox 3409 4056 3516 4101; x_wconf 89' lang='lat' dir='ltr'><strong>ter-</strong></span> 
     </span>
    </p>
   </div>
   <div class='ocr_carea' id='block_1_84' title="bbox 1941 4137 3510 4215">
    <p class='ocr_par' dir='ltr' id='par_1_84' title="bbox 1941 4137 3510 4215">
     <span class='ocr_line' id='line_1_84' title="bbox 1941 4137 3510 4215; baseline -0.009 -12"><span class='ocrx_word' id='word_1_651' title='bbox 1941 4164 2078 4215; x_wconf 88' lang='lat' dir='ltr'><strong>ram,</strong></span> <span class='ocrx_word' id='word_1_652' title='bbox 2123 4156 2178 4200; x_wconf 92' lang='lat' dir='ltr'><strong>et</strong></span> <span class='ocrx_word' id='word_1_653' title='bbox 2205 4145 2335 4199; x_wconf 88' lang='lat' dir='ltr'><strong>abiit</strong></span> <span class='ocrx_word' id='word_1_654' title='bbox 2357 4144 2548 4198; x_wconf 82' lang='lat' dir='ltr'><strong>iterum</strong></span> <span class='ocrx_word' id='word_1_655' title='bbox 2583 4141 2635 4194; x_wconf 89' lang='lat' dir='ltr'><strong>in</strong></span> <span class='ocrx_word' id='word_1_656' title='bbox 2678 4139 2980 4196; x_wconf 79' lang='lat' dir='ltr'><strong>Galilaeam.</strong></span> <span class='ocrx_word' id='word_1_657' title='bbox 3008 4137 3301 4207; x_wconf 83' lang='lat' dir='ltr'><strong>Oportebat</strong></span> <span class='ocrx_word' id='word_1_658' title='bbox 3328 4146 3510 4193; x_wconf 85' lang='lat' dir='ltr'><strong>autem</strong></span> 
     </span>
    </p>
   </div>
   <div class='ocr_carea' id='block_1_85' title="bbox 1939 4229 3518 4305">
    <p class='ocr_par' dir='ltr' id='par_1_85' title="bbox 1939 4229 3518 4305">
     <span class='ocr_line' id='line_1_85' title="bbox 1939 4229 3518 4305; baseline -0.003 -12"><span class='ocrx_word' id='word_1_659' title='bbox 1939 4255 2061 4295; x_wconf 89' lang='lat' dir='ltr'><strong>eum</strong></span> <span class='ocrx_word' id='word_1_660' title='bbox 2116 4237 2347 4293; x_wconf 88' lang='lat' dir='ltr'><strong>transire</strong></span> <span class='ocrx_word' id='word_1_661' title='bbox 2392 4248 2487 4305; x_wconf 91' lang='lat' dir='ltr'><strong>per</strong></span> <span class='ocrx_word' id='word_1_662' title='bbox 2511 4230 2870 4288; x_wconf 64' lang='lat' dir='ltr'><strong>Samariam.»</strong></span> <span class='ocrx_word' id='word_1_663' title='bbox 2905 4230 3209 4287; x_wconf 82' lang='lat' dir='ltr'><strong>Misericors</strong></span> <span class='ocrx_word' id='word_1_664' title='bbox 3259 4229 3518 4289; x_wconf 83' lang='lat' dir='ltr'><strong>Dominus</strong></span> 
     </span>
    </p>
   </div>
   <div class='ocr_carea' id='block_1_86' title="bbox 1940 4321 3517 4399">
    <p class='ocr_par' dir='ltr' id='par_1_86' title="bbox 1940 4321 3517 4399">
     <span class='ocr_line' id='line_1_86' title="bbox 1940 4321 3517 4399; baseline -0.009 -12"><span class='ocrx_word' id='word_1_665' title='bbox 1940 4329 2108 4387; x_wconf 85' lang='lat' dir='ltr'><strong>semel</strong></span> <span class='ocrx_word' id='word_1_666' title='bbox 2155 4337 2376 4399; x_wconf 89' lang='lat' dir='ltr'><strong>propter</strong></span> <span class='ocrx_word' id='word_1_667' title='bbox 2449 4339 2547 4379; x_wconf 87' lang='lat' dir='ltr'><strong>nos</strong></span> <span class='ocrx_word' id='word_1_668' title='bbox 2592 4323 2926 4388; x_wconf 86' lang='lat' dir='ltr'><strong>incarnatus,</strong></span> <span class='ocrx_word' id='word_1_669' title='bbox 2960 4322 3140 4376; x_wconf 90' lang='lat' dir='ltr'><strong>omnia</strong></span> <span class='ocrx_word' id='word_1_670' title='bbox 3176 4321 3243 4377; x_wconf 91' lang='lat' dir='ltr'><strong>ad</strong></span> <span class='ocrx_word' id='word_1_671' title='bbox 3274 4330 3517 4376; x_wconf 89' lang='lat' dir='ltr'><strong>nostram</strong></span> 
     </span>
    </p>
   </div>
   <div class='ocr_carea' id='block_1_87' title="bbox 1941 4404 3519 4485">
    <p class='ocr_par' dir='ltr' id='par_1_87' title="bbox 1941 4404 3519 4485">
     <span class='ocr_line' id='line_1_87' title="bbox 1941 4404 3519 4485; baseline -0.004 -7"><span class='ocrx_word' id='word_1_672' title='bbox 1941 4423 2164 4478; x_wconf 88' lang='lat' dir='ltr'><strong>salutem</strong></span> <span class='ocrx_word' id='word_1_673' title='bbox 2218 4404 2370 4474; x_wconf 78' lang='lat' dir='ltr'><strong>facit.</strong></span> <span class='ocrx_word' id='word_1_674' title='bbox 2427 4416 2613 4485; x_wconf 85' lang='lat' dir='ltr'><strong>itaque</strong></span> <span class='ocrx_word' id='word_1_675' title='bbox 2656 4424 2710 4471; x_wconf 86' lang='lat' dir='ltr'><strong>et</strong></span> <span class='ocrx_word' id='word_1_676' title='bbox 2769 4429 2909 4469; x_wconf 91' lang='lat' dir='ltr'><strong>nunc</strong></span> <span class='ocrx_word' id='word_1_677' title='bbox 2934 4429 3056 4473; x_wconf 86' lang='lat' dir='ltr'><strong>cum</strong></span> <span class='ocrx_word' id='word_1_678' title='bbox 3113 4414 3346 4470; x_wconf 90' lang='lat' dir='ltr'><strong>audisset</strong></span> <span class='ocrx_word' id='word_1_679' title='bbox 3375 4413 3519 4484; x_wconf 88' lang='lat' dir='ltr'><strong>quod</strong></span> 
     </span>
    </p>
   </div>
   <div class='ocr_carea' id='block_1_88' title="bbox 257 4505 1831 4592">
    <p class='ocr_par' dir='ltr' id='par_1_88' title="bbox 257 4523 1831 4592">
     <span class='ocr_line' id='line_1_88' title="bbox 257 4523 1831 4592; baseline -0.003 -11"><span class='ocrx_word' id='word_1_680' title='bbox 257 4525 531 4590; x_wconf 81' lang='grc' dir='ltr'>ἀκούσας,</span> <span class='ocrx_word' id='word_1_681' title='bbox 578 4524 660 4577; x_wconf 80' lang='grc' dir='ltr'>ὅτι</span> <span class='ocrx_word' id='word_1_682' title='bbox 711 4524 760 4576; x_wconf 77' lang='grc' dir='ltr'>οἱ</span> <span class='ocrx_word' id='word_1_683' title='bbox 812 4524 1094 4592; x_wconf 81' lang='grc' dir='ltr'>Φαρισαῖοι</span> <span class='ocrx_word' id='word_1_684' title='bbox 1145 4523 1412 4592; x_wconf 76' lang='grc' dir='ltr'>περὶτῆς</span> <span class='ocrx_word' id='word_1_685' title='bbox 1468 4523 1625 4592; x_wconf 73' lang='grc' dir='ltr'>δόξης</span> <span class='ocrx_word' id='word_1_686' title='bbox 1673 4524 1831 4577; x_wconf 81' lang='grc' dir='ltr'>αὐτοῦ</span> 
     </span>
    </p>
   </div>
   <div class='ocr_carea' id='block_1_89' title="bbox 1933 4505 3522 4592">
    <p class='ocr_par' dir='ltr' id='par_1_89' title="bbox 1952 4505 3522 4583">
     <span class='ocr_line' id='line_1_89' title="bbox 1952 4505 3522 4583; baseline -0.008 -13"><span class='ocrx_word' id='word_1_687' title='bbox 1952 4513 2207 4572; x_wconf 61' lang='lat' dir='ltr'><strong>Pharisaei</strong></span> <span class='ocrx_word' id='word_1_688' title='bbox 2261 4512 2328 4566; x_wconf 92' lang='lat' dir='ltr'><strong>de</strong></span> <span class='ocrx_word' id='word_1_689' title='bbox 2367 4509 2537 4583; x_wconf 79' lang='lat' dir='ltr'><strong>gloria</strong></span> <span class='ocrx_word' id='word_1_690' title='bbox 2572 4506 2741 4576; x_wconf 87' lang='lat' dir='ltr'><strong>ipsius</strong></span> <span class='ocrx_word' id='word_1_691' title='bbox 2771 4505 3098 4570; x_wconf 85' lang='lat' dir='ltr'><strong>audiverint,</strong></span> <span class='ocrx_word' id='word_1_692' title='bbox 3127 4514 3182 4559; x_wconf 82' lang='lat' dir='ltr'><strong>et</strong></span> <span class='ocrx_word' id='word_1_693' title='bbox 3201 4506 3363 4560; x_wconf 90' lang='lat' dir='ltr'><strong>sciret</strong></span> <span class='ocrx_word' id='word_1_694' title='bbox 3384 4519 3522 4559; x_wconf 86' lang='lat' dir='ltr'><strong>con-</strong></span> 
     </span>
    </p>
   </div>
   <div class='ocr_carea' id='block_1_90' title="bbox 256 4596 1831 4689">
    <p class='ocr_par' dir='ltr' id='par_1_90' title="bbox 256 4614 1822 4689">
     <span class='ocr_line' id='line_1_90' title="bbox 256 4614 1822 4689; baseline -0.004 -17"><span class='ocrx_word' id='word_1_695' title='bbox 256 4615 533 4689; x_wconf 71' lang='grc' dir='ltr'>ἥκουσαν,</span> <span class='ocrx_word' id='word_1_696' title='bbox 584 4616 681 4669; x_wconf 76' lang='grc' dir='ltr'><strong>καὶ</strong></span> <span class='ocrx_word' id='word_1_697' title='bbox 731 4615 932 4684; x_wconf 83' lang='grc' dir='ltr'>γνοὺς,</span> <span class='ocrx_word' id='word_1_698' title='bbox 987 4616 1069 4668; x_wconf 81' lang='grc' dir='ltr'><strong>ὅτι</strong></span> <span class='ocrx_word' id='word_1_699' title='bbox 1117 4615 1197 4675; x_wconf 83' lang='grc' dir='ltr'><strong>είς</strong></span> <span class='ocrx_word' id='word_1_700' title='bbox 1230 4614 1423 4681; x_wconf 81' lang='grc' dir='ltr'>φθόνον</span> <span class='ocrx_word' id='word_1_701' title='bbox 1458 4616 1822 4684; x_wconf 74' lang='grc' dir='ltr'>κινηθήσονται</span> 
     </span>
    </p>
   </div>
   <div class='ocr_carea' id='block_1_91' title="bbox 1933 4596 3521 4689">
    <p class='ocr_par' dir='ltr' id='par_1_91' title="bbox 1947 4596 3521 4675">
     <span class='ocr_line' id='line_1_91' title="bbox 1947 4596 3521 4675; baseline -0.006 -15"><span class='ocrx_word' id='word_1_702' title='bbox 1947 4616 2029 4660; x_wconf 89' lang='lat' dir='ltr'><strong>tra</strong></span> <span class='ocrx_word' id='word_1_703' title='bbox 2061 4607 2237 4675; x_wconf 86' lang='lat' dir='ltr'><strong>ipsum</strong></span> <span class='ocrx_word' id='word_1_704' title='bbox 2265 4602 2331 4656; x_wconf 90' lang='lat' dir='ltr'><strong>ad</strong></span> <span class='ocrx_word' id='word_1_705' title='bbox 2360 4601 2615 4654; x_wconf 84' lang='lat' dir='ltr'><strong>invidiam</strong></span> <span class='ocrx_word' id='word_1_706' title='bbox 2644 4597 3020 4662; x_wconf 83' lang='lat' dir='ltr'><strong>concitandos,</strong></span> <span class='ocrx_word' id='word_1_707' title='bbox 3061 4596 3263 4655; x_wconf 82' lang='lat' dir='ltr'><strong>secedit</strong></span> <span class='ocrx_word' id='word_1_708' title='bbox 3293 4596 3344 4649; x_wconf 92' lang='lat' dir='ltr'><strong>in</strong></span> <span class='ocrx_word' id='word_1_709' title='bbox 3366 4596 3521 4651; x_wconf 84' lang='lat' dir='ltr'><strong>Gali-</strong></span> 
     </span>
    </p>
   </div>
   <div class='ocr_carea' id='block_1_92' title="bbox 256 4703 1842 4776">
    <p class='ocr_par' dir='ltr' id='par_1_92' title="bbox 256 4703 1842 4776">
     <span class='ocr_line' id='line_1_92' title="bbox 256 4703 1842 4776; baseline -0.004 -13"><span class='ocrx_word' id='word_1_710' title='bbox 256 4715 363 4764; x_wconf 72' lang='grc' dir='ltr'>τὸν</span> <span class='ocrx_word' id='word_1_711' title='bbox 418 4710 537 4762; x_wconf 88' lang='grc' dir='ltr'>κατ’</span> <span class='ocrx_word' id='word_1_712' title='bbox 587 4706 775 4773; x_wconf 83' lang='grc' dir='ltr'>αὐτοῦ,</span> <span class='ocrx_word' id='word_1_713' title='bbox 811 4707 1085 4776; x_wconf 78' lang='grc' dir='ltr'>ὑποχωρεῖ</span> <span class='ocrx_word' id='word_1_714' title='bbox 1111 4705 1192 4767; x_wconf 82' lang='grc' dir='ltr'><strong>είς</strong></span> <span class='ocrx_word' id='word_1_715' title='bbox 1230 4703 1329 4773; x_wconf 83' lang='grc' dir='ltr'><strong>τὴν</strong></span> <span class='ocrx_word' id='word_1_716' title='bbox 1362 4704 1652 4758; x_wconf 70' lang='grc' dir='ltr'>Γαλιλαίαν</span> <span class='ocrx_word' id='word_1_717' title='bbox 1679 4720 1694 4735; x_wconf 82' lang='lat'><strong><em>°</em></strong></span> <span class='ocrx_word' id='word_1_718' title='bbox 1747 4704 1842 4756; x_wconf 81' lang='grc' dir='ltr'><strong>δύο</strong></span> 
     </span>
    </p>
   </div>
   <div class='ocr_carea' id='block_1_93' title="bbox 257 4794 1846 4868">
    <p class='ocr_par' dir='ltr' id='par_1_93' title="bbox 257 4794 1846 4868">
     <span class='ocr_line' id='line_1_93' title="bbox 257 4794 1846 4868; baseline -0.006 -12"><span class='ocrx_word' id='word_1_719' title='bbox 257 4802 447 4856; x_wconf 85' lang='grc' dir='ltr'>ταῦτα</span> <span class='ocrx_word' id='word_1_720' title='bbox 497 4798 766 4853; x_wconf 84' lang='grc' dir='ltr'>διδάσκων</span> <span class='ocrx_word' id='word_1_721' title='bbox 801 4799 984 4868; x_wconf 76' lang='grc' dir='ltr'>ἡμᾶς·</span> <span class='ocrx_word' id='word_1_722' title='bbox 1020 4796 1080 4848; x_wconf 80' lang='grc' dir='ltr'>ἓν</span> <span class='ocrx_word' id='word_1_723' title='bbox 1115 4795 1235 4866; x_wconf 79' lang='grc' dir='ltr'>μὲν,</span> <span class='ocrx_word' id='word_1_724' title='bbox 1294 4795 1355 4846; x_wconf 80' lang='grc' dir='ltr'><strong>τὸ</strong></span> <span class='ocrx_word' id='word_1_725' title='bbox 1408 4794 1685 4864; x_wconf 76' lang='grc' dir='ltr'>φείδεσθαι</span> <span class='ocrx_word' id='word_1_726' title='bbox 1737 4795 1846 4846; x_wconf 80' lang='grc' dir='ltr'>τῶν</span> 
     </span>
    </p>
   </div>
   <div class='ocr_carea' id='block_1_94' title="bbox 260 4884 1845 4963">
    <p class='ocr_par' dir='ltr' id='par_1_94' title="bbox 260 4884 1845 4963">
     <span class='ocr_line' id='line_1_94' title="bbox 260 4884 1845 4963; baseline -0.006 -17"><span class='ocrx_word' id='word_1_727' title='bbox 260 4891 505 4963; x_wconf 82' lang='grc' dir='ltr'>ἐχθρῶν,</span> <span class='ocrx_word' id='word_1_728' title='bbox 553 4891 648 4944; x_wconf 75' lang='grc' dir='ltr'><strong>καὶ</strong></span> <span class='ocrx_word' id='word_1_729' title='bbox 681 4890 856 4944; x_wconf 75' lang='grc' dir='ltr'>πάντα</span> <span class='ocrx_word' id='word_1_730' title='bbox 910 4888 1113 4958; x_wconf 80' lang='grc' dir='ltr'>τρόπον</span> <span class='ocrx_word' id='word_1_731' title='bbox 1160 4884 1481 4963; x_wconf 53' lang='grc' dir='ltr'>πειρᾶσθαι</span> <span class='ocrx_word' id='word_1_732' title='bbox 1523 4886 1596 4955; x_wconf 81' lang='grc' dir='ltr'>μὴ</span> <span class='ocrx_word' id='word_1_733' title='bbox 1647 4884 1845 4937; x_wconf 86' lang='grc' dir='ltr'>διδόναι</span> 
     </span>
    </p>
   </div>
   <div class='ocr_carea' id='block_1_95' title="bbox 263 4956 1847 5051">
    <p class='ocr_par' dir='ltr' id='par_1_95' title="bbox 263 4956 1847 5051">
     <span class='ocr_line' id='line_1_95' title="bbox 263 4956 1847 5051; baseline -0.008 -14"><span class='ocrx_word' id='word_1_734' title='bbox 263 4956 463 5045; x_wconf 39' lang='lat' dir='ltr'><strong>agt-oi;</strong></span> <span class='ocrx_word' id='word_1_735' title='bbox 500 4981 760 5051; x_wconf 77' lang='grc' dir='ltr'>ἀφορμὴν</span> <span class='ocrx_word' id='word_1_736' title='bbox 795 4956 1094 5032; x_wconf 76' lang='grc' dir='ltr'>σκανδάλου</span> <span class='ocrx_word' id='word_1_737' title='bbox 1126 4976 1159 5045; x_wconf 81' lang='grc' dir='ltr'><strong>ἥ</strong></span> <span class='ocrx_word' id='word_1_738' title='bbox 1191 4974 1389 5043; x_wconf 70' lang='grc' dir='ltr'>φθόνου</span> <span class='ocrx_word' id='word_1_739' title='bbox 1415 4991 1427 5004; x_wconf 76' lang='lat'><strong><em>°</em></strong></span> <span class='ocrx_word' id='word_1_740' title='bbox 1453 4956 1640 5043; x_wconf 64' lang='grc' dir='ltr'>ἕτερον</span> <span class='ocrx_word' id='word_1_741' title='bbox 1674 4973 1752 5039; x_wconf 88' lang='grc' dir='ltr'><strong>δὲ,</strong></span> <span class='ocrx_word' id='word_1_742' title='bbox 1787 4974 1847 5025; x_wconf 71' lang='grc' dir='ltr'><strong>τὸ</strong></span> 
     </span>
    </p>
   </div>
   <div class='ocr_carea' id='block_1_96' title="bbox 265 5066 1842 5147">
    <p class='ocr_par' dir='ltr' id='par_1_96' title="bbox 265 5066 1842 5147">
     <span class='ocr_line' id='line_1_96' title="bbox 265 5066 1842 5147; baseline 0.001 -22"><span class='ocrx_word' id='word_1_743' title='bbox 265 5076 351 5147; x_wconf 79' lang='grc' dir='ltr'><strong>μὴ</strong></span> <span class='ocrx_word' id='word_1_744' title='bbox 392 5074 739 5145; x_wconf 73' lang='grc' dir='ltr'>ὲπιρρίπτειν</span> <span class='ocrx_word' id='word_1_745' title='bbox 784 5068 1010 5131; x_wconf 78' lang='grc' dir='ltr'>ἑαυτοὺς</span> <span class='ocrx_word' id='word_1_746' title='bbox 1052 5070 1167 5129; x_wconf 84' lang='grc' dir='ltr'>τοῖς</span> <span class='ocrx_word' id='word_1_747' title='bbox 1223 5068 1551 5135; x_wconf 83' lang='grc' dir='ltr'>πειρασμοῖς</span> <span class='ocrx_word' id='word_1_748' title='bbox 1601 5066 1842 5134; x_wconf 70' lang='grc' dir='ltr'>ἀνοήτως</span> 
     </span>
    </p>
   </div>
   <div class='ocr_carea' id='block_1_97' title="bbox 264 5158 1844 5234">
    <p class='ocr_par' dir='ltr' id='par_1_97' title="bbox 264 5158 1844 5234">
     <span class='ocr_line' id='line_1_97' title="bbox 264 5158 1844 5234; baseline -0.008 -13"><span class='ocrx_word' id='word_1_749' title='bbox 264 5168 370 5221; x_wconf 75' lang='grc' dir='ltr'><strong>καὶ</strong></span> <span class='ocrx_word' id='word_1_750' title='bbox 398 5166 692 5234; x_wconf 82' lang='grc' dir='ltr'>ἁνονήτως,</span> <span class='ocrx_word' id='word_1_751' title='bbox 728 5161 842 5216; x_wconf 82' lang='grc' dir='ltr'>ἀλλ’</span> <span class='ocrx_word' id='word_1_752' title='bbox 887 5160 1194 5229; x_wconf 85' lang='grc' dir='ltr'>ὑποχωρεῖν</span> <span class='ocrx_word' id='word_1_753' title='bbox 1227 5158 1365 5227; x_wconf 82' lang='grc' dir='ltr'>πρὸς</span> <span class='ocrx_word' id='word_1_754' title='bbox 1394 5158 1605 5227; x_wconf 75' lang='grc' dir='ltr'>καιρὸν,</span> <span class='ocrx_word' id='word_1_755' title='bbox 1650 5158 1844 5227; x_wconf 87' lang='grc' dir='ltr'>μέχρις</span> 
     </span>
    </p>
   </div>
   <div class='ocr_carea' id='block_1_98' title="bbox 264 5249 1845 5328">
    <p class='ocr_par' dir='ltr' id='par_1_98' title="bbox 264 5249 1845 5328">
     <span class='ocr_line' id='line_1_98' title="bbox 264 5249 1845 5328; baseline -0.006 -16"><span class='ocrx_word' id='word_1_756' title='bbox 264 5259 340 5313; x_wconf 83' lang='grc' dir='ltr'>ἂν</span> <span class='ocrx_word' id='word_1_757' title='bbox 370 5261 403 5328; x_wconf 79' lang='grc' dir='ltr'>ἡ</span> <span class='ocrx_word' id='word_1_758' title='bbox 441 5255 606 5327; x_wconf 90' lang='grc' dir='ltr'>μανία</span> <span class='ocrx_word' id='word_1_759' title='bbox 646 5255 834 5327; x_wconf 72' lang='grc' dir='ltr'>ῥαΐσῃ.</span> <span class='ocrx_word' id='word_1_760' title='bbox 885 5252 1081 5305; x_wconf 84' lang='grc' dir='ltr'>Καίτοι</span> <span class='ocrx_word' id='word_1_761' title='bbox 1119 5249 1176 5314; x_wconf 69' lang='grc' dir='ltr'>δὲ</span> <span class='ocrx_word' id='word_1_762' title='bbox 1224 5249 1448 5312; x_wconf 80' lang='grc' dir='ltr'>δυνατὸς</span> <span class='ocrx_word' id='word_1_763' title='bbox 1475 5249 1550 5301; x_wconf 79' lang='grc' dir='ltr'>ὢν</span> <span class='ocrx_word' id='word_1_764' title='bbox 1598 5250 1845 5319; x_wconf 82' lang='grc' dir='ltr'>ἐπισχεῖν</span> 
     </span>
    </p>
   </div>
   <div class='ocr_carea' id='block_1_99' title="bbox 266 5339 1844 5420">
    <p class='ocr_par' dir='ltr' id='par_1_99' title="bbox 266 5339 1844 5420">
     <span class='ocr_line' id='line_1_99' title="bbox 266 5339 1844 5420; baseline -0.009 -15"><span class='ocrx_word' id='word_1_765' title='bbox 266 5353 401 5414; x_wconf 75' lang='grc' dir='ltr'>τοὺς</span> <span class='ocrx_word' id='word_1_766' title='bbox 437 5349 587 5420; x_wconf 83' lang='grc' dir='ltr'>αὐτῷ</span> <span class='ocrx_word' id='word_1_767' title='bbox 616 5347 963 5418; x_wconf 79' lang='grc' dir='ltr'>φθονοῦντας,</span> <span class='ocrx_word' id='word_1_768' title='bbox 992 5343 1093 5398; x_wconf 80' lang='grc' dir='ltr'><strong>κᾶν</strong></span> <span class='ocrx_word' id='word_1_769' title='bbox 1125 5345 1175 5396; x_wconf 87' lang='grc' dir='ltr'><strong>εί</strong></span> <span class='ocrx_word' id='word_1_770' title='bbox 1206 5343 1328 5395; x_wconf 83' lang='grc' dir='ltr'>κατ’</span> <span class='ocrx_word' id='word_1_771' title='bbox 1352 5341 1515 5394; x_wconf 85' lang='grc' dir='ltr'>αὐτοῦ</span> <span class='ocrx_word' id='word_1_772' title='bbox 1546 5339 1844 5412; x_wconf 81' lang='grc' dir='ltr'>ὥρμησαν,</span> 
     </span>
    </p>
   </div>
   <div class='ocr_carea' id='block_1_100' title="bbox 267 5432 1846 5515">
    <p class='ocr_par' dir='ltr' id='par_1_100' title="bbox 267 5432 1846 5515">
     <span class='ocr_line' id='line_1_100' title="bbox 267 5432 1846 5515; baseline -0.009 -16"><span class='ocrx_word' id='word_1_773' title='bbox 267 5446 427 5515; x_wconf 78' lang='grc' dir='ltr'>ὅμως</span> <span class='ocrx_word' id='word_1_774' title='bbox 457 5440 835 5504; x_wconf 80' lang='grc' dir='ltr'>ὑπεξίσταται,</span> <span class='ocrx_word' id='word_1_775' title='bbox 873 5435 1016 5489; x_wconf 81' lang='grc' dir='ltr'>ὥστε</span> <span class='ocrx_word' id='word_1_776' title='bbox 1074 5436 1151 5505; x_wconf 87' lang='grc' dir='ltr'>μὴ</span> <span class='ocrx_word' id='word_1_777' title='bbox 1216 5432 1519 5501; x_wconf 84' lang='grc' dir='ltr'>φαντασίαν</span> <span class='ocrx_word' id='word_1_778' title='bbox 1566 5432 1718 5497; x_wconf 79' lang='grc' dir='ltr'>δόξαι</span> <span class='ocrx_word' id='word_1_779' title='bbox 1747 5434 1846 5503; x_wconf 81' lang='grc' dir='ltr'>τὴν</span> 
     </span>
    </p>
   </div>
   <div class='ocr_carea' id='block_1_101' title="bbox 270 5524 1848 5604">
    <p class='ocr_par' dir='ltr' id='par_1_101' title="bbox 270 5524 1848 5604">
     <span class='ocr_line' id='line_1_101' title="bbox 270 5524 1848 5604; baseline -0.004 -19"><span class='ocrx_word' id='word_1_780' title='bbox 270 5535 590 5604; x_wconf 70' lang='grc' dir='ltr'>οἰκονομίαν</span> <span class='ocrx_word' id='word_1_781' title='bbox 621 5532 720 5601; x_wconf 81' lang='grc' dir='ltr'><strong>τῆς</strong></span> <span class='ocrx_word' id='word_1_782' title='bbox 765 5530 989 5600; x_wconf 88' lang='grc' dir='ltr'>σαρκός.</span> <span class='ocrx_word' id='word_1_783' title='bbox 1035 5527 1099 5580; x_wconf 79' lang='grc' dir='ltr'><strong>Εἰ</strong></span> <span class='ocrx_word' id='word_1_784' title='bbox 1130 5526 1238 5596; x_wconf 80' lang='grc' dir='ltr'><strong>γὰρ</strong></span> <span class='ocrx_word' id='word_1_785' title='bbox 1272 5526 1530 5595; x_wconf 79' lang='grc' dir='ltr'>συχνάκις</span> <span class='ocrx_word' id='word_1_786' title='bbox 1557 5525 1647 5578; x_wconf 80' lang='grc' dir='ltr'>διὰ</span> <span class='ocrx_word' id='word_1_787' title='bbox 1683 5524 1848 5594; x_wconf 83' lang='grc' dir='ltr'>μέσου</span> 
     </span>
    </p>
   </div>
   <div class='ocr_carea' id='block_1_102' title="bbox 267 5610 1847 5693">
    <p class='ocr_par' dir='ltr' id='par_1_102' title="bbox 267 5610 1847 5693">
     <span class='ocr_line' id='line_1_102' title="bbox 267 5610 1847 5693; baseline -0.01 -14"><span class='ocrx_word' id='word_1_788' title='bbox 267 5622 457 5679; x_wconf 81' lang='grc' dir='ltr'>αὐτῶν</span> <span class='ocrx_word' id='word_1_789' title='bbox 480 5620 758 5693; x_wconf 77' lang='grc' dir='ltr'>ἐξήρχετο,</span> <span class='ocrx_word' id='word_1_790' title='bbox 791 5617 845 5670; x_wconf 85' lang='grc' dir='ltr'><strong>τί</strong></span> <span class='ocrx_word' id='word_1_791' title='bbox 868 5619 971 5669; x_wconf 85' lang='grc' dir='ltr'><strong>οὐκ</strong></span> <span class='ocrx_word' id='word_1_792' title='bbox 988 5615 1053 5679; x_wconf 79' lang='grc' dir='ltr'><strong>ἂν</strong></span> <span class='ocrx_word' id='word_1_793' title='bbox 1076 5610 1235 5668; x_wconf 81' lang='grc' dir='ltr'>εἷπον</span> <span class='ocrx_word' id='word_1_794' title='bbox 1258 5613 1307 5665; x_wconf 78' lang='lat' dir='ltr'><strong>oi</strong></span> <span class='ocrx_word' id='word_1_795' title='bbox 1331 5612 1847 5680; x_wconf 80' lang='grc' dir='ltr'>Φαντασιοδοκῆται,</span> 
     </span>
    </p>
   </div>
   <div class='ocr_carea' id='block_1_103' title="bbox 357 5776 1423 5850">
    <p class='ocr_par' dir='ltr' id='par_1_103' title="bbox 357 5776 1423 5850">
     <span class='ocr_line' id='line_1_103' title="bbox 357 5776 1423 5850; baseline -0.011 -7"><span class='ocrx_word' id='word_1_796' title='bbox 357 5790 398 5821; x_wconf 74' lang='grc'><strong>’³</strong></span> <span class='ocrx_word' id='word_1_797' title='bbox 431 5788 553 5842; x_wconf 83' lang='lat' dir='ltr'><strong>Act.</strong></span> <span class='ocrx_word' id='word_1_798' title='bbox 582 5801 713 5850; x_wconf 77' lang='lat' dir='ltr'><strong>xvtt,</strong></span> <span class='ocrx_word' id='word_1_799' title='bbox 767 5783 859 5838; x_wconf 73' lang='lat'><strong>‘28.</strong></span> <span class='ocrx_word' id='word_1_800' title='bbox 936 5782 982 5814; x_wconf 82' lang='lat'>“</span> <span class='ocrx_word' id='word_1_801' title='bbox 1011 5780 1218 5836; x_wconf 85' lang='lat' dir='ltr'><strong>Coloss.</strong></span> <span class='ocrx_word' id='word_1_802' title='bbox 1259 5794 1338 5838; x_wconf 81' lang='grc' dir='ltr'>ιιι.</span> <span class='ocrx_word' id='word_1_803' title='bbox 1372 5776 1423 5831; x_wconf 68' lang='grc'>4.</span> 
     </span>
    </p>
   </div>
   <div class='ocr_carea' id='block_1_104' title="bbox 614 5873 1374 5946">
    <p class='ocr_par' dir='ltr' id='par_1_104' title="bbox 614 5873 1374 5946">
     <span class='ocr_line' id='line_1_104' title="bbox 614 5873 1374 5946; baseline -0.013 -4"><span class='ocrx_word' id='word_1_804' title='bbox 614 5881 883 5941; x_wconf 47' lang='lat' dir='ltr'><strong>Parnm“</strong></span> <span class='ocrx_word' id='word_1_805' title='bbox 935 5878 1051 5937; x_wconf 80' lang='lat' dir='ltr'><strong>Gn.</strong></span> <span class='ocrx_word' id='word_1_806' title='bbox 1088 5873 1374 5946; x_wconf 66' lang='lat' dir='ltr'><strong>CXXIII.</strong></span> 
     </span>
    </p>
   </div>
   <div class='ocr_carea' id='block_1_105' title="bbox 1945 4686 3519 4758">
    <p class='ocr_par' dir='ltr' id='par_1_105' title="bbox 1945 4686 3519 4758">
     <span class='ocr_line' id='line_1_105' title="bbox 1945 4686 3519 4758; baseline -0.008 -9"><span class='ocrx_word' id='word_1_807' title='bbox 1945 4697 2122 4758; x_wconf 82' lang='lat' dir='ltr'><strong>laeum,</strong></span> <span class='ocrx_word' id='word_1_808' title='bbox 2167 4693 2273 4746; x_wconf 90' lang='lat' dir='ltr'><strong>duo</strong></span> <span class='ocrx_word' id='word_1_809' title='bbox 2332 4704 2429 4744; x_wconf 91' lang='lat' dir='ltr'><strong>nos</strong></span> <span class='ocrx_word' id='word_1_810' title='bbox 2485 4689 2725 4742; x_wconf 84' lang='lat' dir='ltr'><strong>docens:</strong></span> <span class='ocrx_word' id='word_1_811' title='bbox 2781 4701 2944 4741; x_wconf 89' lang='lat' dir='ltr'><strong>unum</strong></span> <span class='ocrx_word' id='word_1_812' title='bbox 2973 4686 3213 4753; x_wconf 82' lang='lat' dir='ltr'><strong>quidem,</strong></span> <span class='ocrx_word' id='word_1_813' title='bbox 3245 4693 3302 4738; x_wconf 91' lang='lat' dir='ltr'><strong>ut</strong></span> <span class='ocrx_word' id='word_1_814' title='bbox 3330 4698 3519 4752; x_wconf 84' lang='lat' dir='ltr'><strong>parca-</strong></span> 
     </span>
    </p>
   </div>
   <div class='ocr_carea' id='block_1_106' title="bbox 1944 4775 3523 4846">
    <p class='ocr_par' dir='ltr' id='par_1_106' title="bbox 1944 4775 3523 4846">
     <span class='ocr_line' id='line_1_106' title="bbox 1944 4775 3523 4846; baseline -0.008 -5"><span class='ocrx_word' id='word_1_815' title='bbox 1944 4800 2065 4841; x_wconf 89' lang='lat' dir='ltr'><strong>mus</strong></span> <span class='ocrx_word' id='word_1_816' title='bbox 2114 4782 2365 4846; x_wconf 88' lang='lat' dir='ltr'><strong>inimicis,</strong></span> <span class='ocrx_word' id='word_1_817' title='bbox 2424 4788 2480 4834; x_wconf 88' lang='lat' dir='ltr'><strong>et</strong></span> <span class='ocrx_word' id='word_1_818' title='bbox 2533 4779 2680 4833; x_wconf 88' lang='lat' dir='ltr'><strong>onmi</strong></span> <span class='ocrx_word' id='word_1_819' title='bbox 2720 4779 2879 4832; x_wconf 92' lang='lat' dir='ltr'><strong>modo</strong></span> <span class='ocrx_word' id='word_1_820' title='bbox 2929 4786 3199 4833; x_wconf 85' lang='lat' dir='ltr'><strong>tentetnus</strong></span> <span class='ocrx_word' id='word_1_821' title='bbox 3256 4790 3361 4831; x_wconf 90' lang='lat' dir='ltr'><strong>non</strong></span> <span class='ocrx_word' id='word_1_822' title='bbox 3393 4775 3523 4829; x_wconf 82' lang='lat' dir='ltr'><strong>dare</strong></span> 
     </span>
    </p>
   </div>
   <div class='ocr_carea' id='block_1_107' title="bbox 1943 4866 3523 4941">
    <p class='ocr_par' dir='ltr' id='par_1_107' title="bbox 1943 4866 3523 4941">
     <span class='ocr_line' id='line_1_107' title="bbox 1943 4866 3523 4941; baseline -0.008 -11"><span class='ocrx_word' id='word_1_823' title='bbox 1943 4877 2025 4931; x_wconf 88' lang='lat' dir='ltr'><strong>eis</strong></span> <span class='ocrx_word' id='word_1_824' title='bbox 2078 4872 2417 4941; x_wconf 80' lang='lat' dir='ltr'><strong>occasionem</strong></span> <span class='ocrx_word' id='word_1_825' title='bbox 2465 4869 2706 4925; x_wconf 80' lang='lat' dir='ltr'><strong>scandali</strong></span> <span class='ocrx_word' id='word_1_826' title='bbox 2742 4869 2827 4924; x_wconf 84' lang='lat' dir='ltr'><strong>vel</strong></span> <span class='ocrx_word' id='word_1_827' title='bbox 2881 4868 3127 4935; x_wconf 60' lang='lat' dir='ltr'><strong>invidia;</strong></span> <span class='ocrx_word' id='word_1_828' title='bbox 3176 4866 3423 4932; x_wconf 89' lang='lat' dir='ltr'><strong>alterum,</strong></span> <span class='ocrx_word' id='word_1_829' title='bbox 3456 4882 3523 4919; x_wconf 86' lang='lat' dir='ltr'><strong>ne</strong></span> 
     </span>
    </p>
   </div>
   <div class='ocr_carea' id='block_1_108' title="bbox 1945 4960 3525 5036">
    <p class='ocr_par' dir='ltr' id='par_1_108' title="bbox 1945 4960 3525 5036">
     <span class='ocr_line' id='line_1_108' title="bbox 1945 4960 3525 5036; baseline -0.007 -16"><span class='ocrx_word' id='word_1_830' title='bbox 1945 4965 2250 5036; x_wconf 82' lang='lat' dir='ltr'><strong>injiciamus</strong></span> <span class='ocrx_word' id='word_1_831' title='bbox 2305 4978 2401 5019; x_wconf 91' lang='lat' dir='ltr'><strong>nos</strong></span> <span class='ocrx_word' id='word_1_832' title='bbox 2455 4963 2505 5016; x_wconf 92' lang='lat' dir='ltr'><strong>in</strong></span> <span class='ocrx_word' id='word_1_833' title='bbox 2553 4961 2904 5017; x_wconf 88' lang='lat' dir='ltr'><strong>tentationem</strong></span> <span class='ocrx_word' id='word_1_834' title='bbox 2956 4960 3271 5029; x_wconf 86' lang='lat' dir='ltr'><strong>insipienter</strong></span> <span class='ocrx_word' id='word_1_835' title='bbox 3320 4968 3376 5014; x_wconf 90' lang='lat' dir='ltr'><strong>et</strong></span> <span class='ocrx_word' id='word_1_836' title='bbox 3407 4960 3525 5013; x_wconf 78' lang='lat' dir='ltr'><strong>inu-</strong></span> 
     </span>
    </p>
   </div>
   <div class='ocr_carea' id='block_1_109' title="bbox 1955 5052 3527 5129">
    <p class='ocr_par' dir='ltr' id='par_1_109' title="bbox 1955 5052 3527 5129">
     <span class='ocr_line' id='line_1_109' title="bbox 1955 5052 3527 5129; baseline -0.006 -14"><span class='ocrx_word' id='word_1_837' title='bbox 1955 5062 2137 5129; x_wconf 86' lang='lat' dir='ltr'><strong>tiliter,</strong></span> <span class='ocrx_word' id='word_1_838' title='bbox 2170 5058 2262 5113; x_wconf 87' lang='lat' dir='ltr'><strong>scd</strong></span> <span class='ocrx_word' id='word_1_839' title='bbox 2296 5058 2610 5113; x_wconf 70' lang='lat' dir='ltr'><strong>accedamus</strong></span> <span class='ocrx_word' id='word_1_840' title='bbox 2638 5056 2701 5110; x_wconf 83' lang='lat' dir='ltr'><strong>ad</strong></span> <span class='ocrx_word' id='word_1_841' title='bbox 2750 5064 2980 5125; x_wconf 86' lang='lat' dir='ltr'><strong>tempus,</strong></span> <span class='ocrx_word' id='word_1_842' title='bbox 3006 5053 3176 5113; x_wconf 87' lang='lat' dir='ltr'><strong>donec</strong></span> <span class='ocrx_word' id='word_1_843' title='bbox 3200 5052 3409 5108; x_wconf 84' lang='lat' dir='ltr'><strong>insania</strong></span> <span class='ocrx_word' id='word_1_844' title='bbox 3438 5068 3527 5107; x_wconf 84' lang='lat' dir='ltr'><strong>re-</strong></span> 
     </span>
    </p>
   </div>
   <div class='ocr_carea' id='block_1_110' title="bbox 1953 5144 3528 5218">
    <p class='ocr_par' dir='ltr' id='par_1_110' title="bbox 1953 5144 3528 5218">
     <span class='ocr_line' id='line_1_110' title="bbox 1953 5144 3528 5218; baseline -0.008 -10"><span class='ocrx_word' id='word_1_845' title='bbox 1953 5154 2144 5208; x_wconf 84' lang='lat' dir='ltr'><strong>sideat.</strong></span> <span class='ocrx_word' id='word_1_846' title='bbox 2168 5148 2424 5218; x_wconf 90' lang='lat' dir='ltr'><strong>Quamvis</strong></span> <span class='ocrx_word' id='word_1_847' title='bbox 2455 5157 2632 5206; x_wconf 86' lang='lat' dir='ltr'><strong>autem</strong></span> <span class='ocrx_word' id='word_1_848' title='bbox 2675 5155 2864 5216; x_wconf 87' lang='lat' dir='ltr'><strong>potens</strong></span> <span class='ocrx_word' id='word_1_849' title='bbox 2896 5148 2965 5201; x_wconf 90' lang='lat' dir='ltr'><strong>sit</strong></span> <span class='ocrx_word' id='word_1_850' title='bbox 2989 5144 3244 5201; x_wconf 88' lang='lat' dir='ltr'><strong>cohibere</strong></span> <span class='ocrx_word' id='word_1_851' title='bbox 3275 5144 3528 5200; x_wconf 79' lang='lat' dir='ltr'><strong>inviden-</strong></span> 
     </span>
    </p>
   </div>
   <div class='ocr_carea' id='block_1_111' title="bbox 1956 5225 3528 5322">
    <p class='ocr_par' dir='ltr' id='par_1_111' title="bbox 1956 5225 3528 5322">
     <span class='ocr_line' id='line_1_111' title="bbox 1956 5225 3528 5322; baseline -0.006 -23"><span class='ocrx_word' id='word_1_852' title='bbox 1956 5255 2038 5300; x_wconf 88' lang='lat' dir='ltr'><strong>tes</strong></span> <span class='ocrx_word' id='word_1_853' title='bbox 2077 5225 2200 5309; x_wconf 80' lang='lat' dir='ltr'><strong>sibi,</strong></span> <span class='ocrx_word' id='word_1_854' title='bbox 2247 5241 2455 5297; x_wconf 84' lang='lat' dir='ltr'><strong>etiamsi</strong></span> <span class='ocrx_word' id='word_1_855' title='bbox 2501 5241 2703 5322; x_wconf 87' lang='lat' dir='ltr'><strong>impetu</strong></span> <span class='ocrx_word' id='word_1_856' title='bbox 2757 5240 2987 5307; x_wconf 83' lang='lat' dir='ltr'><strong>quodam</strong></span> <span class='ocrx_word' id='word_1_857' title='bbox 3034 5252 3177 5292; x_wconf 87' lang='lat' dir='ltr'><strong>nunc</strong></span> <span class='ocrx_word' id='word_1_858' title='bbox 3226 5232 3528 5307; x_wconf 79' lang='lat' dir='ltr'><strong>urgerent,</strong></span> 
     </span>
    </p>
   </div>
   <div class='ocr_carea' id='block_1_112' title="bbox 1960 5330 3531 5407">
    <p class='ocr_par' dir='ltr' id='par_1_112' title="bbox 1960 5330 3531 5407">
     <span class='ocr_line' id='line_1_112' title="bbox 1960 5330 3531 5407; baseline -0.007 -15"><span class='ocrx_word' id='word_1_859' title='bbox 1960 5354 2066 5393; x_wconf 89' lang='lat' dir='ltr'><strong>non</strong></span> <span class='ocrx_word' id='word_1_860' title='bbox 2107 5346 2281 5392; x_wconf 88' lang='lat' dir='ltr'><strong>tamen</strong></span> <span class='ocrx_word' id='word_1_861' title='bbox 2318 5337 2419 5390; x_wconf 88' lang='lat' dir='ltr'><strong>hoc</strong></span> <span class='ocrx_word' id='word_1_862' title='bbox 2450 5335 2578 5407; x_wconf 74' lang='lat' dir='ltr'><strong>egit,</strong></span> <span class='ocrx_word' id='word_1_863' title='bbox 2610 5347 2676 5387; x_wconf 89' lang='lat' dir='ltr'><strong>ne</strong></span> <span class='ocrx_word' id='word_1_864' title='bbox 2711 5332 2979 5386; x_wconf 82' lang='lat' dir='ltr'><strong>videretur</strong></span> <span class='ocrx_word' id='word_1_865' title='bbox 3005 5330 3404 5400; x_wconf 88' lang='lat' dir='ltr'><strong>phantasticum</strong></span> <span class='ocrx_word' id='word_1_866' title='bbox 3433 5331 3531 5384; x_wconf 79' lang='lat' dir='ltr'><strong>ha-</strong></span> 
     </span>
    </p>
   </div>
   <div class='ocr_carea' id='block_1_113' title="bbox 1960 5418 3530 5494">
    <p class='ocr_par' dir='ltr' id='par_1_113' title="bbox 1960 5418 3530 5494">
     <span class='ocr_line' id='line_1_113' title="bbox 1960 5418 3530 5494; baseline -0.006 -14"><span class='ocrx_word' id='word_1_867' title='bbox 1960 5426 2088 5480; x_wconf 84' lang='lat' dir='ltr'><strong>bere</strong></span> <span class='ocrx_word' id='word_1_868' title='bbox 2151 5439 2343 5494; x_wconf 85' lang='lat' dir='ltr'><strong>corpus</strong></span> <span class='ocrx_word' id='word_1_869' title='bbox 2376 5441 2389 5478; x_wconf 88' lang='lat'><strong>:</strong></span> <span class='ocrx_word' id='word_1_870' title='bbox 2427 5422 2470 5476; x_wconf 92' lang='lat' dir='ltr'><strong>si</strong></span> <span class='ocrx_word' id='word_1_871' title='bbox 2494 5422 2637 5475; x_wconf 88' lang='lat' dir='ltr'><strong>enim</strong></span> <span class='ocrx_word' id='word_1_872' title='bbox 2691 5434 2832 5489; x_wconf 65' lang='lat' dir='ltr'><strong>saepe</strong></span> <span class='ocrx_word' id='word_1_873' title='bbox 2876 5434 2973 5488; x_wconf 86' lang='lat' dir='ltr'><strong>per</strong></span> <span class='ocrx_word' id='word_1_874' title='bbox 3025 5419 3259 5473; x_wconf 86' lang='lat' dir='ltr'><strong>medium</strong></span> <span class='ocrx_word' id='word_1_875' title='bbox 3317 5418 3530 5483; x_wconf 80' lang='lat' dir='ltr'><strong>illorum</strong></span> 
     </span>
    </p>
   </div>
   <div class='ocr_carea' id='block_1_114' title="bbox 1958 5510 3533 5584">
    <p class='ocr_par' dir='ltr' id='par_1_114' title="bbox 1958 5510 3533 5584">
     <span class='ocr_line' id='line_1_114' title="bbox 1958 5510 3533 5584; baseline -0.005 -12"><span class='ocrx_word' id='word_1_876' title='bbox 1958 5516 2202 5580; x_wconf 75' lang='lat' dir='ltr'><strong>exiisset,</strong></span> <span class='ocrx_word' id='word_1_877' title='bbox 2226 5515 2350 5584; x_wconf 92' lang='lat' dir='ltr'><strong>quid</strong></span> <span class='ocrx_word' id='word_1_878' title='bbox 2391 5529 2496 5570; x_wconf 90' lang='lat' dir='ltr'><strong>non</strong></span> <span class='ocrx_word' id='word_1_879' title='bbox 2528 5513 2786 5568; x_wconf 69' lang='lat' dir='ltr'><strong>dixissent</strong></span> <span class='ocrx_word' id='word_1_880' title='bbox 2817 5510 3335 5576; x_wconf 71' lang='lat' dir='ltr'><strong>Phantasiodocetzc,</strong></span> <span class='ocrx_word' id='word_1_881' title='bbox 3363 5510 3533 5564; x_wconf 61' lang='lat' dir='ltr'><strong>Mani:</strong></span> 
     </span>
    </p>
   </div>
   <div class='ocr_carea' id='block_1_115' title="bbox 1960 5598 3531 5678">
    <p class='ocr_par' dir='ltr' id='par_1_115' title="bbox 1960 5598 3531 5678">
     <span class='ocr_line' id='line_1_115' title="bbox 1960 5598 3531 5678; baseline -0.006 -14"><span class='ocrx_word' id='word_1_882' title='bbox 1960 5610 2114 5675; x_wconf 68' lang='lat' dir='ltr'><strong>chaai,</strong></span> <span class='ocrx_word' id='word_1_883' title='bbox 2167 5610 2406 5678; x_wconf 85' lang='lat' dir='ltr'><strong>inquam,</strong></span> <span class='ocrx_word' id='word_1_884' title='bbox 2446 5618 2501 5664; x_wconf 88' lang='lat' dir='ltr'><strong>ct.</strong></span> <span class='ocrx_word' id='word_1_885' title='bbox 2535 5604 2889 5661; x_wconf 75' lang='lat' dir='ltr'><strong>Valentiniani</strong></span> <span class='ocrx_word' id='word_1_886' title='bbox 2911 5614 2964 5661; x_wconf 90' lang='lat' dir='ltr'><strong>et</strong></span> <span class='ocrx_word' id='word_1_887' title='bbox 2993 5602 3310 5675; x_wconf 83' lang='lat' dir='ltr'><strong>Eutycbiani</strong></span> <span class='ocrx_word' id='word_1_888' title='bbox 3338 5600 3362 5655; x_wconf 82' lang='lat'><strong>?</strong></span> <span class='ocrx_word' id='word_1_889' title='bbox 3394 5598 3531 5665; x_wconf 66' lang='lat' dir='ltr'><strong>Insie</strong></span> 
     </span>
    </p>
   </div>
   <div class='ocr_carea' id='block_1_116' title="bbox 3135 5857 3208 5933">
    <p class='ocr_par' dir='ltr' id='par_1_116' title="bbox 3135 5857 3208 5933">
     <span class='ocr_line' id='line_1_116' title="bbox 3135 5857 3208 5933; baseline 0.055 -4"><span class='ocrx_word' id='word_1_890' title='bbox 3135 5857 3208 5933; x_wconf 68' lang='lat'><strong>39</strong></span> 
     </span>
    </p>
   </div>
  </div>
