  <div class='ocr_page' id='page_1' title='image "/cluster/home/n/w/nwhite01/storage/ocr_20150623/123/hvd.32044019208198/623.png"; bbox 0 0 3960 6454; ppageno 0'>
   <div class='ocr_carea' id='block_1_1' title="bbox 440 324 573 391">
    <p class='ocr_par' dir='ltr' id='par_1_1' title="bbox 440 324 573 391">
     <span class='ocr_line' id='line_1_1' title="bbox 440 324 573 391; baseline -0.045 0"><span class='ocrx_word' id='word_1_1' title='bbox 440 324 463 391; x_wconf 70' lang='grc'><strong>1</strong></span> <span class='ocrx_word' id='word_1_2' title='bbox 476 324 573 387; x_wconf 73' lang='lat'><strong>3°21</strong></span> 
     </span>
    </p>
   </div>
   <div class='ocr_carea' id='block_1_2' title="bbox 1283 308 2706 375">
    <p class='ocr_par' dir='ltr' id='par_1_2' title="bbox 1283 308 2706 375">
     <span class='ocr_line' id='line_1_2' title="bbox 1283 308 2706 375; baseline -0.005 -1"><span class='ocrx_word' id='word_1_3' title='bbox 1283 313 1856 375; x_wconf 75' lang='lat' dir='ltr'><strong>TIIEOPIIYLACTI</strong></span> <span class='ocrx_word' id='word_1_4' title='bbox 1905 310 2311 372; x_wconf 58' lang='lat' dir='ltr'><strong>BULGARIJE</strong></span> <span class='ocrx_word' id='word_1_5' title='bbox 2350 308 2706 369; x_wconf 78' lang='lat' dir='ltr'><strong>ARCIIIEP.</strong></span> 
     </span>
    </p>
   </div>
   <div class='ocr_carea' id='block_1_3' title="bbox 3547 297 3679 360">
    <p class='ocr_par' dir='ltr' id='par_1_3' title="bbox 3547 297 3679 360">
     <span class='ocr_line' id='line_1_3' title="bbox 3547 297 3679 360; baseline 0 -1"><span class='ocrx_word' id='word_1_6' title='bbox 3547 297 3679 360; x_wconf 67' lang='lat'>19:23</span> 
     </span>
    </p>
   </div>
   <div class='ocr_carea' id='block_1_4' title="bbox 430 417 2027 505">
    <p class='ocr_par' dir='ltr' id='par_1_4' title="bbox 430 429 2005 505">
     <span class='ocr_line' id='line_1_4' title="bbox 430 429 2005 505; baseline -0.009 -9"><span class='ocrx_word' id='word_1_7' title='bbox 430 459 599 496; x_wconf 67' lang='lat' dir='ltr'><strong>iurans</strong></span> <span class='ocrx_word' id='word_1_8' title='bbox 640 448 817 492; x_wconf 88' lang='lat' dir='ltr'><strong>autem</strong></span> <span class='ocrx_word' id='word_1_9' title='bbox 859 434 1185 505; x_wconf 80' lang='lat' dir='ltr'><strong>evangelista</strong></span> <span class='ocrx_word' id='word_1_10' title='bbox 1228 433 1478 486; x_wconf 72' lang='lat' dir='ltr'><strong>invidiam</strong></span> <span class='ocrx_word' id='word_1_11' title='bbox 1534 445 1756 500; x_wconf 87' lang='lat' dir='ltr'><strong>pronam</strong></span> <span class='ocrx_word' id='word_1_12' title='bbox 1792 444 1909 483; x_wconf 78' lang='lat' dir='ltr'><strong>esse</strong></span> <span class='ocrx_word' id='word_1_13' title='bbox 1938 429 2005 482; x_wconf 89' lang='lat' dir='ltr'><strong>ad</strong></span> 
     </span>
    </p>
   </div>
   <div class='ocr_carea' id='block_1_5' title="bbox 2134 417 3685 505">
    <p class='ocr_par' dir='ltr' id='par_1_5' title="bbox 2134 417 3685 498">
     <span class='ocr_line' id='line_1_5' title="bbox 2134 417 3685 498; baseline -0.008 -15"><span class='ocrx_word' id='word_1_14' title='bbox 2134 432 2157 483; x_wconf 75' lang='grc' dir='ltr'>›ί</span> <span class='ocrx_word' id='word_1_15' title='bbox 2193 430 2319 498; x_wconf 75' lang='grc' dir='ltr'>περὶ</span> <span class='ocrx_word' id='word_1_16' title='bbox 2366 428 2642 488; x_wconf 80' lang='grc' dir='ltr'>Μάνεντα,</span> <span class='ocrx_word' id='word_1_17' title='bbox 2695 423 2861 492; x_wconf 82' lang='grc' dir='ltr'>λέγω,</span> <span class='ocrx_word' id='word_1_18' title='bbox 2917 419 3012 474; x_wconf 78' lang='grc' dir='ltr'><strong>καὶ</strong></span> <span class='ocrx_word' id='word_1_19' title='bbox 3050 419 3424 481; x_wconf 79' lang='grc' dir='ltr'>Οὐαλεντίνου,</span> <span class='ocrx_word' id='word_1_20' title='bbox 3473 417 3572 469; x_wconf 77' lang='grc' dir='ltr'>καὶ</span> <span class='ocrx_word' id='word_1_21' title='bbox 3598 418 3685 470; x_wconf 64' lang='grc' dir='ltr'>τὸν</span> 
     </span>
    </p>
   </div>
   <div class='ocr_carea' id='block_1_6' title="bbox 429 520 2008 598">
    <p class='ocr_par' dir='ltr' id='par_1_6' title="bbox 429 520 2008 598">
     <span class='ocr_line' id='line_1_6' title="bbox 429 520 2008 598; baseline -0.009 -11"><span class='ocrx_word' id='word_1_22' title='bbox 429 532 772 595; x_wconf 74' lang='lat' dir='ltr'><strong>calumniam,</strong></span> <span class='ocrx_word' id='word_1_23' title='bbox 811 528 973 594; x_wconf 92' lang='lat' dir='ltr'><strong>dicit,</strong></span> <span class='ocrx_word' id='word_1_24' title='bbox 1023 526 1299 598; x_wconf 64' lang='lat' dir='ltr'><strong>quamvis;</strong></span> <span class='ocrx_word' id='word_1_25' title='bbox 1320 523 1476 579; x_wconf 80' lang='lat' dir='ltr'><strong>Jesus</strong></span> <span class='ocrx_word' id='word_1_26' title='bbox 1532 538 1637 578; x_wconf 89' lang='lat' dir='ltr'><strong>non</strong></span> <span class='ocrx_word' id='word_1_27' title='bbox 1686 520 2008 591; x_wconf 81' lang='lat' dir='ltr'><strong>baptizarit,</strong></span> 
     </span>
    </p>
   </div>
   <div class='ocr_carea' id='block_1_7' title="bbox 429 612 2009 679">
    <p class='ocr_par' dir='ltr' id='par_1_7' title="bbox 429 612 2009 679">
     <span class='ocr_line' id='line_1_7' title="bbox 429 612 2009 679; baseline -0.011 0"><span class='ocrx_word' id='word_1_28' title='bbox 429 620 594 679; x_wconf 72' lang='lat' dir='ltr'><strong>invidi</strong></span> <span class='ocrx_word' id='word_1_29' title='bbox 646 631 823 676; x_wconf 90' lang='lat' dir='ltr'><strong>tamen</strong></span> <span class='ocrx_word' id='word_1_30' title='bbox 875 621 1113 673; x_wconf 84' lang='lat' dir='ltr'><strong>volentes</strong></span> <span class='ocrx_word' id='word_1_31' title='bbox 1158 617 1431 672; x_wconf 88' lang='lat' dir='ltr'><strong>concitare</strong></span> <span class='ocrx_word' id='word_1_32' title='bbox 1483 612 1784 669; x_wconf 67' lang='lat' dir='ltr'><strong>Pharisaaos</strong></span> <span class='ocrx_word' id='word_1_33' title='bbox 1821 620 2009 666; x_wconf 90' lang='lat' dir='ltr'><strong>contra</strong></span> 
     </span>
    </p>
   </div>
   <div class='ocr_carea' id='block_1_8' title="bbox 428 702 2006 779">
    <p class='ocr_par' dir='ltr' id='par_1_8' title="bbox 428 702 2006 779">
     <span class='ocr_line' id='line_1_8' title="bbox 428 702 2006 779; baseline -0.011 -8"><span class='ocrx_word' id='word_1_34' title='bbox 428 716 724 779; x_wconf 80' lang='lat' dir='ltr'><strong>Christum,</strong></span> <span class='ocrx_word' id='word_1_35' title='bbox 771 711 1241 767; x_wconf 87' lang='lat' dir='ltr'><strong>calunmiabantur</strong></span> <span class='ocrx_word' id='word_1_36' title='bbox 1293 724 1415 764; x_wconf 89' lang='lat' dir='ltr'><strong>eum</strong></span> <span class='ocrx_word' id='word_1_37' title='bbox 1468 704 1617 777; x_wconf 88' lang='lat' dir='ltr'><strong>quasi</strong></span> <span class='ocrx_word' id='word_1_38' title='bbox 1662 702 2006 772; x_wconf 77' lang='lat' dir='ltr'><strong>baptizasset.</strong></span> 
     </span>
    </p>
   </div>
   <div class='ocr_carea' id='block_1_9' title="bbox 436 794 2004 877">
    <p class='ocr_par' dir='ltr' id='par_1_9' title="bbox 436 794 2004 877">
     <span class='ocr_line' id='line_1_9' title="bbox 436 794 2004 877; baseline -0.009 -18"><span class='ocrx_word' id='word_1_39' title='bbox 436 827 455 859; x_wconf 79' lang='grc' dir='ltr'><strong>ι</strong></span> <span class='ocrx_word' id='word_1_40' title='bbox 490 807 778 877; x_wconf 73' lang='lat' dir='ltr'><strong>Oportebat</strong></span> <span class='ocrx_word' id='word_1_41' title='bbox 808 812 984 858; x_wconf 89' lang='lat' dir='ltr'><strong>autem</strong></span> <span class='ocrx_word' id='word_1_42' title='bbox 1018 801 1192 870; x_wconf 89' lang='lat' dir='ltr'><strong>ipsum</strong></span> <span class='ocrx_word' id='word_1_43' title='bbox 1218 799 1449 855; x_wconf 89' lang='lat' dir='ltr'><strong>transire</strong></span> <span class='ocrx_word' id='word_1_44' title='bbox 1478 811 1575 867; x_wconf 90' lang='lat' dir='ltr'><strong>per</strong></span> <span class='ocrx_word' id='word_1_45' title='bbox 1627 794 1953 850; x_wconf 84' lang='lat' dir='ltr'><strong>Samariam.</strong></span> <span class='ocrx_word' id='word_1_46' title='bbox 1985 811 2004 845; x_wconf 74' lang='grc' dir='ltr'><strong>ι</strong></span> 
     </span>
    </p>
   </div>
   <div class='ocr_carea' id='block_1_10' title="bbox 429 886 2009 954">
    <p class='ocr_par' dir='ltr' id='par_1_10' title="bbox 429 886 2009 954">
     <span class='ocr_line' id='line_1_10' title="bbox 429 886 2009 954; baseline -0.009 0"><span class='ocrx_word' id='word_1_47' title='bbox 429 899 606 954; x_wconf 74' lang='lat' dir='ltr'><strong>Veluti</strong></span> <span class='ocrx_word' id='word_1_48' title='bbox 645 896 818 952; x_wconf 89' lang='lat' dir='ltr'><strong>obiter</strong></span> <span class='ocrx_word' id='word_1_49' title='bbox 868 904 921 949; x_wconf 92' lang='lat' dir='ltr'><strong>et</strong></span> <span class='ocrx_word' id='word_1_50' title='bbox 950 909 1054 949; x_wconf 91' lang='lat' dir='ltr'><strong>non</strong></span> <span class='ocrx_word' id='word_1_51' title='bbox 1100 892 1367 948; x_wconf 89' lang='lat' dir='ltr'><strong>destinato</strong></span> <span class='ocrx_word' id='word_1_52' title='bbox 1408 891 1600 944; x_wconf 92' lang='lat' dir='ltr'><strong>itinere</strong></span> <span class='ocrx_word' id='word_1_53' title='bbox 1636 886 2009 942; x_wconf 83' lang='lat' dir='ltr'><strong>Samaritanos</strong></span> 
     </span>
    </p>
   </div>
   <div class='ocr_carea' id='block_1_11' title="bbox 432 978 2014 1058">
    <p class='ocr_par' dir='ltr' id='par_1_11' title="bbox 432 978 2014 1058">
     <span class='ocr_line' id='line_1_11' title="bbox 432 978 2014 1058; baseline -0.012 -9"><span class='ocrx_word' id='word_1_54' title='bbox 432 994 632 1049; x_wconf 90' lang='lat' dir='ltr'><strong>adibat.</strong></span> <span class='ocrx_word' id='word_1_55' title='bbox 690 989 823 1045; x_wconf 78' lang='lat' dir='ltr'><strong>Vide</strong></span> <span class='ocrx_word' id='word_1_56' title='bbox 888 989 1032 1045; x_wconf 89' lang='lat' dir='ltr'><strong>enim</strong></span> <span class='ocrx_word' id='word_1_57' title='bbox 1096 987 1236 1058; x_wconf 91' lang='lat' dir='ltr'><strong>quod</strong></span> <span class='ocrx_word' id='word_1_58' title='bbox 1281 1000 1388 1040; x_wconf 88' lang='lat' dir='ltr'><strong>non</strong></span> <span class='ocrx_word' id='word_1_59' title='bbox 1449 983 1665 1048; x_wconf 76' lang='lat' dir='ltr'><strong>dixerit,</strong></span> <span class='ocrx_word' id='word_1_60' title='bbox 1722 978 2014 1048; x_wconf 82' lang='lat' dir='ltr'><strong>Oportebat</strong></span> 
     </span>
    </p>
   </div>
   <div class='ocr_carea' id='block_1_12' title="bbox 434 1073 2015 1151">
    <p class='ocr_par' dir='ltr' id='par_1_12' title="bbox 434 1073 2015 1151">
     <span class='ocr_line' id='line_1_12' title="bbox 434 1073 2015 1151; baseline -0.01 -12"><span class='ocrx_word' id='word_1_61' title='bbox 434 1087 607 1151; x_wconf 73' lang='lat' dir='ltr'><strong>ipsum</strong></span> <span class='ocrx_word' id='word_1_62' title='bbox 691 1083 839 1136; x_wconf 88' lang='lat' dir='ltr'><strong>abire</strong></span> <span class='ocrx_word' id='word_1_63' title='bbox 887 1081 939 1135; x_wconf 92' lang='lat' dir='ltr'><strong>in</strong></span> <span class='ocrx_word' id='word_1_64' title='bbox 1011 1079 1331 1143; x_wconf 88' lang='lat' dir='ltr'><strong>Samariam,</strong></span> <span class='ocrx_word' id='word_1_65' title='bbox 1384 1074 1503 1139; x_wconf 87' lang='lat' dir='ltr'><strong>sed,</strong></span> <span class='ocrx_word' id='word_1_66' title='bbox 1548 1092 1566 1126; x_wconf 84' lang='grc' dir='ltr'><strong>ι</strong></span> <span class='ocrx_word' id='word_1_67' title='bbox 1637 1073 1866 1128; x_wconf 84' lang='lat' dir='ltr'><strong>transire</strong></span> <span class='ocrx_word' id='word_1_68' title='bbox 1919 1084 2015 1139; x_wconf 82' lang='lat' dir='ltr'><strong>per</strong></span> 
     </span>
    </p>
   </div>
   <div class='ocr_carea' id='block_1_13' title="bbox 438 1166 2012 1231">
    <p class='ocr_par' dir='ltr' id='par_1_13' title="bbox 438 1166 2012 1231">
     <span class='ocr_line' id='line_1_13' title="bbox 438 1166 2012 1231; baseline -0.011 -1"><span class='ocrx_word' id='word_1_69' title='bbox 438 1176 763 1231; x_wconf 80' lang='lat' dir='ltr'><strong>Samariam.</strong></span> <span class='ocrx_word' id='word_1_70' title='bbox 807 1192 825 1225; x_wconf 71' lang='grc' dir='ltr'><strong>ι</strong></span> <span class='ocrx_word' id='word_1_71' title='bbox 863 1171 1088 1226; x_wconf 78' lang='lat' dir='ltr'><strong>Volebat</strong></span> <span class='ocrx_word' id='word_1_72' title='bbox 1128 1169 1275 1223; x_wconf 88' lang='lat' dir='ltr'><strong>enim</strong></span> <span class='ocrx_word' id='word_1_73' title='bbox 1308 1166 1649 1222; x_wconf 80' lang='lat' dir='ltr'><strong>occasionem</strong></span> <span class='ocrx_word' id='word_1_74' title='bbox 1674 1177 1890 1216; x_wconf 87' lang='lat' dir='ltr'><strong>onmem</strong></span> <span class='ocrx_word' id='word_1_75' title='bbox 1919 1174 2012 1213; x_wconf 80' lang='lat' dir='ltr'><strong>ca-</strong></span> 
     </span>
    </p>
   </div>
   <div class='ocr_carea' id='block_1_14' title="bbox 437 1253 2012 1325">
    <p class='ocr_par' dir='ltr' id='par_1_14' title="bbox 437 1253 2012 1325">
     <span class='ocr_line' id='line_1_14' title="bbox 437 1253 2012 1325; baseline -0.012 -3"><span class='ocrx_word' id='word_1_76' title='bbox 437 1267 654 1322; x_wconf 72' lang='lat' dir='ltr'><strong>lumnia:</strong></span> <span class='ocrx_word' id='word_1_77' title='bbox 709 1265 908 1321; x_wconf 68' lang='lat' dir='ltr'><strong>inda-is</strong></span> <span class='ocrx_word' id='word_1_78' title='bbox 964 1261 1301 1324; x_wconf 80' lang='lat' dir='ltr'><strong>exscindere,</strong></span> <span class='ocrx_word' id='word_1_79' title='bbox 1356 1268 1415 1312; x_wconf 91' lang='lat' dir='ltr'><strong>ut</strong></span> <span class='ocrx_word' id='word_1_80' title='bbox 1473 1259 1652 1311; x_wconf 84' lang='lat' dir='ltr'><strong>dicere</strong></span> <span class='ocrx_word' id='word_1_81' title='bbox 1709 1253 1871 1325; x_wconf 78' lang='lat'><strong>552</strong></span> <span class='ocrx_word' id='word_1_82' title='bbox 1907 1266 2012 1304; x_wconf 90' lang='lat' dir='ltr'><strong>non</strong></span> 
     </span>
    </p>
   </div>
   <div class='ocr_carea' id='block_1_15' title="bbox 438 1348 2016 1427">
    <p class='ocr_par' dir='ltr' id='par_1_15' title="bbox 438 1348 2016 1427">
     <span class='ocr_line' id='line_1_15' title="bbox 438 1348 2016 1427; baseline -0.008 -18"><span class='ocrx_word' id='word_1_83' title='bbox 438 1358 642 1427; x_wconf 70' lang='lat' dir='ltr'><strong>possint</strong></span> <span class='ocrx_word' id='word_1_84' title='bbox 666 1358 829 1427; x_wconf 87' lang='lat' dir='ltr'><strong>quod,</strong></span> <span class='ocrx_word' id='word_1_85' title='bbox 860 1356 1055 1409; x_wconf 84' lang='lat' dir='ltr'><strong>relictis</strong></span> <span class='ocrx_word' id='word_1_86' title='bbox 1083 1355 1184 1419; x_wconf 90' lang='lat' dir='ltr'><strong>eis,</strong></span> <span class='ocrx_word' id='word_1_87' title='bbox 1210 1349 1536 1407; x_wconf 83' lang='lat' dir='ltr'><strong>concesserit</strong></span> <span class='ocrx_word' id='word_1_88' title='bbox 1566 1348 1631 1402; x_wconf 91' lang='lat' dir='ltr'><strong>ad</strong></span> <span class='ocrx_word' id='word_1_89' title='bbox 1652 1356 1857 1418; x_wconf 79' lang='lat' dir='ltr'><strong>gentes,</strong></span> <span class='ocrx_word' id='word_1_90' title='bbox 1882 1358 2016 1414; x_wconf 84' lang='lat' dir='ltr'><strong>quas</strong></span> 
     </span>
    </p>
   </div>
   <div class='ocr_carea' id='block_1_16' title="bbox 439 1440 2013 1513">
    <p class='ocr_par' dir='ltr' id='par_1_16' title="bbox 439 1440 2013 1513">
     <span class='ocr_line' id='line_1_16' title="bbox 439 1440 2013 1513; baseline -0.01 -9"><span class='ocrx_word' id='word_1_91' title='bbox 439 1450 907 1504; x_wconf 81' lang='lat' dir='ltr'><strong>abuminabantur.</strong></span> <span class='ocrx_word' id='word_1_92' title='bbox 980 1446 1204 1513; x_wconf 82' lang='lat' dir='ltr'><strong>Quando</strong></span> <span class='ocrx_word' id='word_1_93' title='bbox 1267 1454 1445 1497; x_wconf 89' lang='lat' dir='ltr'><strong>autem</strong></span> <span class='ocrx_word' id='word_1_94' title='bbox 1504 1440 1801 1511; x_wconf 84' lang='lat' dir='ltr'><strong>abcgerunt</strong></span> <span class='ocrx_word' id='word_1_95' title='bbox 1850 1453 2013 1498; x_wconf 89' lang='lat' dir='ltr'><strong>eum,</strong></span> 
     </span>
    </p>
   </div>
   <div class='ocr_carea' id='block_1_17' title="bbox 440 1536 2011 1608">
    <p class='ocr_par' dir='ltr' id='par_1_17' title="bbox 440 1536 2011 1608">
     <span class='ocr_line' id='line_1_17' title="bbox 440 1536 2011 1608; baseline -0.008 -12"><span class='ocrx_word' id='word_1_96' title='bbox 440 1556 568 1597; x_wconf 89' lang='lat' dir='ltr'><strong>tunc</strong></span> <span class='ocrx_word' id='word_1_97' title='bbox 608 1542 837 1595; x_wconf 81' lang='lat' dir='ltr'><strong>accessit</strong></span> <span class='ocrx_word' id='word_1_98' title='bbox 877 1537 943 1592; x_wconf 87' lang='lat' dir='ltr'><strong>ad</strong></span> <span class='ocrx_word' id='word_1_99' title='bbox 971 1536 1216 1608; x_wconf 79' lang='lat' dir='ltr'><strong>gentiles,</strong></span> <span class='ocrx_word' id='word_1_100' title='bbox 1258 1546 1313 1589; x_wconf 89' lang='lat' dir='ltr'><strong>et</strong></span> <span class='ocrx_word' id='word_1_101' title='bbox 1346 1548 1519 1604; x_wconf 89' lang='lat' dir='ltr'><strong>neque</strong></span> <span class='ocrx_word' id='word_1_102' title='bbox 1559 1543 1685 1588; x_wconf 90' lang='lat' dir='ltr'><strong>tunc</strong></span> <span class='ocrx_word' id='word_1_103' title='bbox 1715 1546 1777 1585; x_wconf 80' lang='lat' dir='ltr'><strong>ex</strong></span> <span class='ocrx_word' id='word_1_104' title='bbox 1816 1544 2011 1600; x_wconf 81' lang='lat' dir='ltr'><strong>prepo-</strong></span> 
     </span>
    </p>
   </div>
   <div class='ocr_carea' id='block_1_18' title="bbox 438 1629 907 1699">
    <p class='ocr_par' dir='ltr' id='par_1_18' title="bbox 438 1629 907 1699">
     <span class='ocr_line' id='line_1_18' title="bbox 438 1629 907 1699; baseline -0.006 -12"><span class='ocrx_word' id='word_1_105' title='bbox 438 1637 565 1699; x_wconf 83' lang='lat' dir='ltr'><strong>sito,</strong></span> <span class='ocrx_word' id='word_1_106' title='bbox 600 1631 693 1688; x_wconf 86' lang='lat' dir='ltr'><strong>sed</strong></span> <span class='ocrx_word' id='word_1_107' title='bbox 717 1629 907 1685; x_wconf 83' lang='lat' dir='ltr'><strong>obiter.</strong></span> 
     </span>
    </p>
   </div>
   <div class='ocr_carea' id='block_1_19' title="bbox 510 1887 2020 1962">
    <p class='ocr_par' dir='ltr' id='par_1_19' title="bbox 510 1887 2020 1962">
     <span class='ocr_line' id='line_1_19' title="bbox 510 1887 2020 1962; baseline -0.005 -12"><span class='ocrx_word' id='word_1_108' title='bbox 510 1895 674 1950; x_wconf 77' lang='lat' dir='ltr'><strong>Vens.</strong></span> <span class='ocrx_word' id='word_1_109' title='bbox 709 1895 762 1961; x_wconf 83' lang='lat'><strong>5,</strong></span> <span class='ocrx_word' id='word_1_110' title='bbox 788 1894 838 1950; x_wconf 87' lang='lat'><strong>6.</strong></span> <span class='ocrx_word' id='word_1_111' title='bbox 871 1913 889 1944; x_wconf 81' lang='grc' dir='ltr'><strong>ι</strong></span> <span class='ocrx_word' id='word_1_112' title='bbox 911 1891 1068 1946; x_wconf 82' lang='lat' dir='ltr'><strong>Venit</strong></span> <span class='ocrx_word' id='word_1_113' title='bbox 1090 1905 1218 1962; x_wconf 85' lang='lat' dir='ltr'><strong>ergo</strong></span> <span class='ocrx_word' id='word_1_114' title='bbox 1250 1891 1301 1945; x_wconf 89' lang='lat' dir='ltr'><strong>in</strong></span> <span class='ocrx_word' id='word_1_115' title='bbox 1328 1890 1600 1949; x_wconf 80' lang='lat' dir='ltr'><strong>civitatem</strong></span> <span class='ocrx_word' id='word_1_116' title='bbox 1621 1887 1880 1944; x_wconf 72' lang='lat' dir='ltr'><strong>Samaria:</strong></span> <span class='ocrx_word' id='word_1_117' title='bbox 1901 1902 2020 1957; x_wconf 82' lang='lat' dir='ltr'><strong>quae</strong></span> 
     </span>
    </p>
   </div>
   <div class='ocr_carea' id='block_1_20' title="bbox 444 1977 2022 2055">
    <p class='ocr_par' dir='ltr' id='par_1_20' title="bbox 444 1977 2022 2055">
     <span class='ocr_line' id='line_1_20' title="bbox 444 1977 2022 2055; baseline -0.005 -15"><span class='ocrx_word' id='word_1_118' title='bbox 444 1987 642 2041; x_wconf 83' lang='lat' dir='ltr'><strong>dicitur</strong></span> <span class='ocrx_word' id='word_1_119' title='bbox 681 1985 911 2055; x_wconf 80' lang='lat' dir='ltr'><strong>Sycltar,</strong></span> <span class='ocrx_word' id='word_1_120' title='bbox 963 1984 1116 2053; x_wconf 74' lang='lat' dir='ltr'><strong>juxta</strong></span> <span class='ocrx_word' id='word_1_121' title='bbox 1167 1983 1427 2051; x_wconf 68' lang='lat' dir='ltr'><strong>prandium</strong></span> <span class='ocrx_word' id='word_1_122' title='bbox 1457 1980 1598 2050; x_wconf 85' lang='lat' dir='ltr'><strong>quod</strong></span> <span class='ocrx_word' id='word_1_123' title='bbox 1656 1979 1803 2033; x_wconf 85' lang='lat' dir='ltr'><strong>dedit</strong></span> <span class='ocrx_word' id='word_1_124' title='bbox 1854 1977 2022 2033; x_wconf 72' lang='lat' dir='ltr'><strong>Jacob</strong></span> 
     </span>
    </p>
   </div>
   <div class='ocr_carea' id='block_1_21' title="bbox 440 2069 2017 2148">
    <p class='ocr_par' dir='ltr' id='par_1_21' title="bbox 440 2069 2017 2148">
     <span class='ocr_line' id='line_1_21' title="bbox 440 2069 2017 2148; baseline -0.004 -21"><span class='ocrx_word' id='word_1_125' title='bbox 440 2078 641 2148; x_wconf 77' lang='lat' dir='ltr'><strong>Juseph</strong></span> <span class='ocrx_word' id='word_1_126' title='bbox 699 2078 806 2131; x_wconf 86' lang='lat' dir='ltr'><strong>tilio</strong></span> <span class='ocrx_word' id='word_1_127' title='bbox 859 2092 958 2131; x_wconf 90' lang='lat' dir='ltr'><strong>suo</strong></span> <span class='ocrx_word' id='word_1_128' title='bbox 1003 2074 1069 2129; x_wconf 73' lang='lat'><strong>&quot;.</strong></span> <span class='ocrx_word' id='word_1_129' title='bbox 1127 2074 1253 2128; x_wconf 84' lang='lat' dir='ltr'><strong>Erat</strong></span> <span class='ocrx_word' id='word_1_130' title='bbox 1276 2083 1453 2127; x_wconf 86' lang='lat' dir='ltr'><strong>autem</strong></span> <span class='ocrx_word' id='word_1_131' title='bbox 1502 2071 1572 2126; x_wconf 90' lang='lat' dir='ltr'><strong>ibi</strong></span> <span class='ocrx_word' id='word_1_132' title='bbox 1616 2074 1735 2126; x_wconf 87' lang='lat' dir='ltr'><strong>fons</strong></span> <span class='ocrx_word' id='word_1_133' title='bbox 1777 2069 1962 2125; x_wconf 82' lang='lat' dir='ltr'><strong>Jacob.</strong></span> <span class='ocrx_word' id='word_1_134' title='bbox 2000 2088 2017 2121; x_wconf 83' lang='lat' dir='ltr'><strong>I</strong></span> 
     </span>
    </p>
   </div>
   <div class='ocr_carea' id='block_1_22' title="bbox 446 2163 2017 2239">
    <p class='ocr_par' dir='ltr' id='par_1_22' title="bbox 446 2163 2017 2239">
     <span class='ocr_line' id='line_1_22' title="bbox 446 2163 2017 2239; baseline -0.003 -18"><span class='ocrx_word' id='word_1_135' title='bbox 446 2169 634 2239; x_wconf 62' lang='lat' dir='ltr'><strong>Opera:</strong></span> <span class='ocrx_word' id='word_1_136' title='bbox 672 2170 900 2239; x_wconf 88' lang='lat' dir='ltr'><strong>pretium</strong></span> <span class='ocrx_word' id='word_1_137' title='bbox 962 2166 1121 2221; x_wconf 89' lang='lat' dir='ltr'><strong>fuerit</strong></span> <span class='ocrx_word' id='word_1_138' title='bbox 1166 2167 1347 2221; x_wconf 85' lang='lat' dir='ltr'><strong>dicere</strong></span> <span class='ocrx_word' id='word_1_139' title='bbox 1377 2164 1516 2219; x_wconf 89' lang='lat' dir='ltr'><strong>unde</strong></span> <span class='ocrx_word' id='word_1_140' title='bbox 1546 2163 1873 2218; x_wconf 89' lang='lat' dir='ltr'><strong>Samaritani</strong></span> <span class='ocrx_word' id='word_1_141' title='bbox 1913 2163 2017 2217; x_wconf 90' lang='lat' dir='ltr'><strong>ori-</strong></span> 
     </span>
    </p>
   </div>
   <div class='ocr_carea' id='block_1_23' title="bbox 352 2255 2027 2335">
    <p class='ocr_par' dir='ltr' id='par_1_23' title="bbox 352 2255 2027 2335">
     <span class='ocr_line' id='line_1_23' title="bbox 352 2255 2027 2335; baseline -0.004 -19"><span class='ocrx_word' id='word_1_142' title='bbox 352 2302 362 2307; x_wconf 79' lang='lat'><strong>-</strong></span> <span class='ocrx_word' id='word_1_143' title='bbox 448 2267 625 2335; x_wconf 82' lang='lat' dir='ltr'><strong>ginem</strong></span> <span class='ocrx_word' id='word_1_144' title='bbox 654 2261 926 2329; x_wconf 75' lang='lat' dir='ltr'><strong>duxerint,</strong></span> <span class='ocrx_word' id='word_1_145' title='bbox 960 2270 1013 2315; x_wconf 91' lang='lat' dir='ltr'><strong>et</strong></span> <span class='ocrx_word' id='word_1_146' title='bbox 1055 2261 1194 2314; x_wconf 88' lang='lat' dir='ltr'><strong>unde</strong></span> <span class='ocrx_word' id='word_1_147' title='bbox 1220 2258 1631 2328; x_wconf 84' lang='lat' dir='ltr'><strong>appellationem</strong></span> <span class='ocrx_word' id='word_1_148' title='bbox 1665 2255 1810 2310; x_wconf 83' lang='lat' dir='ltr'><strong>illam</strong></span> <span class='ocrx_word' id='word_1_149' title='bbox 1850 2256 2027 2311; x_wconf 85' lang='lat' dir='ltr'><strong>sortiti</strong></span> 
     </span>
    </p>
   </div>
   <div class='ocr_carea' id='block_1_24' title="bbox 452 2349 2030 2417">
    <p class='ocr_par' dir='ltr' id='par_1_24' title="bbox 452 2349 2030 2417">
     <span class='ocr_line' id='line_1_24' title="bbox 452 2349 2030 2417; baseline -0.003 -9"><span class='ocrx_word' id='word_1_150' title='bbox 452 2355 669 2408; x_wconf 85' lang='lat' dir='ltr'><strong>fuerint.</strong></span> <span class='ocrx_word' id='word_1_151' title='bbox 720 2352 914 2407; x_wconf 89' lang='lat' dir='ltr'><strong>Somor</strong></span> <span class='ocrx_word' id='word_1_152' title='bbox 965 2352 1106 2407; x_wconf 90' lang='lat' dir='ltr'><strong>enim</strong></span> <span class='ocrx_word' id='word_1_153' title='bbox 1145 2365 1300 2405; x_wconf 90' lang='lat' dir='ltr'><strong>mons</strong></span> <span class='ocrx_word' id='word_1_154' title='bbox 1341 2349 1636 2404; x_wconf 83' lang='lat' dir='ltr'><strong>vocabatur</strong></span> <span class='ocrx_word' id='word_1_155' title='bbox 1663 2350 1732 2404; x_wconf 87' lang='lat' dir='ltr'><strong>ab</strong></span> <span class='ocrx_word' id='word_1_156' title='bbox 1757 2363 1823 2404; x_wconf 88' lang='lat' dir='ltr'><strong>eo</strong></span> <span class='ocrx_word' id='word_1_157' title='bbox 1858 2364 1887 2402; x_wconf 91' lang='lat' dir='ltr'><strong>a</strong></span> <span class='ocrx_word' id='word_1_158' title='bbox 1922 2363 2030 2417; x_wconf 87' lang='lat' dir='ltr'><strong>quo</strong></span> 
     </span>
    </p>
   </div>
   <div class='ocr_carea' id='block_1_25' title="bbox 448 2437 2029 2518">
    <p class='ocr_par' dir='ltr' id='par_1_25' title="bbox 448 2437 2029 2518">
     <span class='ocr_line' id='line_1_25' title="bbox 448 2437 2029 2518; baseline -0.006 -18"><span class='ocrx_word' id='word_1_159' title='bbox 448 2444 857 2518; x_wconf 84' lang='lat' dir='ltr'><strong>possidebatur,</strong></span> <span class='ocrx_word' id='word_1_160' title='bbox 915 2441 1056 2495; x_wconf 88' lang='lat' dir='ltr'><strong>sicut</strong></span> <span class='ocrx_word' id='word_1_161' title='bbox 1106 2449 1160 2494; x_wconf 90' lang='lat' dir='ltr'><strong>et</strong></span> <span class='ocrx_word' id='word_1_162' title='bbox 1209 2439 1375 2494; x_wconf 84' lang='lat' dir='ltr'><strong>Isaias</strong></span> <span class='ocrx_word' id='word_1_163' title='bbox 1423 2439 1553 2494; x_wconf 91' lang='lat' dir='ltr'><strong>dicit</strong></span> <span class='ocrx_word' id='word_1_164' title='bbox 1604 2456 1670 2492; x_wconf 76' lang='grc' dir='ltr'><strong>ιι</strong></span> <span class='ocrx_word' id='word_1_165' title='bbox 1741 2437 1808 2491; x_wconf 88' lang='grc' dir='ltr'><strong>Ει</strong></span> <span class='ocrx_word' id='word_1_166' title='bbox 1867 2446 2029 2506; x_wconf 88' lang='lat' dir='ltr'><strong>caput</strong></span> 
     </span>
    </p>
   </div>
   <div class='ocr_carea' id='block_1_26' title="bbox 450 2530 2028 2606">
    <p class='ocr_par' dir='ltr' id='par_1_26' title="bbox 450 2530 2028 2606">
     <span class='ocr_line' id='line_1_26' title="bbox 450 2530 2028 2606; baseline -0.005 -15"><span class='ocrx_word' id='word_1_167' title='bbox 450 2537 644 2591; x_wconf 84' lang='lat' dir='ltr'><strong>Somor</strong></span> <span class='ocrx_word' id='word_1_168' title='bbox 681 2534 935 2606; x_wconf 81' lang='lat' dir='ltr'><strong>Ephraim</strong></span> <span class='ocrx_word' id='word_1_169' title='bbox 963 2532 1029 2587; x_wconf 65' lang='grc' dir='ltr'><strong>οι.</strong></span> <span class='ocrx_word' id='word_1_170' title='bbox 1072 2550 1092 2583; x_wconf 73' lang='grc' dir='ltr'><strong>ι</strong></span> <span class='ocrx_word' id='word_1_171' title='bbox 1126 2531 1227 2599; x_wconf 87' lang='lat' dir='ltr'><strong>Qui</strong></span> <span class='ocrx_word' id='word_1_172' title='bbox 1274 2541 1452 2587; x_wconf 89' lang='lat' dir='ltr'><strong>autem</strong></span> <span class='ocrx_word' id='word_1_173' title='bbox 1487 2530 1554 2585; x_wconf 89' lang='lat' dir='ltr'><strong>ad</strong></span> <span class='ocrx_word' id='word_1_174' title='bbox 1596 2540 1837 2585; x_wconf 83' lang='lat' dir='ltr'><strong>montem</strong></span> <span class='ocrx_word' id='word_1_175' title='bbox 1880 2530 2028 2583; x_wconf 91' lang='lat' dir='ltr'><strong>illum</strong></span> 
     </span>
    </p>
   </div>
   <div class='ocr_carea' id='block_1_27' title="bbox 451 2620 2029 2695">
    <p class='ocr_par' dir='ltr' id='par_1_27' title="bbox 451 2620 2029 2695">
     <span class='ocr_line' id='line_1_27' title="bbox 451 2620 2029 2695; baseline -0.007 -12"><span class='ocrx_word' id='word_1_176' title='bbox 451 2628 788 2691; x_wconf 84' lang='lat' dir='ltr'><strong>habitabant,</strong></span> <span class='ocrx_word' id='word_1_177' title='bbox 835 2627 1066 2695; x_wconf 89' lang='lat' dir='ltr'><strong>primum</strong></span> <span class='ocrx_word' id='word_1_178' title='bbox 1131 2639 1234 2679; x_wconf 93' lang='lat' dir='ltr'><strong>non</strong></span> <span class='ocrx_word' id='word_1_179' title='bbox 1303 2624 1633 2678; x_wconf 74' lang='lat' dir='ltr'><strong>vocabantur</strong></span> <span class='ocrx_word' id='word_1_180' title='bbox 1679 2620 2029 2686; x_wconf 87' lang='lat' dir='ltr'><strong>Samaritani,</strong></span> 
     </span>
    </p>
   </div>
   <div class='ocr_carea' id='block_1_28' title="bbox 451 2710 2033 2770">
    <p class='ocr_par' dir='ltr' id='par_1_28' title="bbox 451 2710 2033 2770">
     <span class='ocr_line' id='line_1_28' title="bbox 451 2710 2033 2770; baseline -0.002 0"><span class='ocrx_word' id='word_1_181' title='bbox 451 2720 545 2770; x_wconf 90' lang='lat' dir='ltr'><strong>sed</strong></span> <span class='ocrx_word' id='word_1_182' title='bbox 568 2715 823 2770; x_wconf 81' lang='lat' dir='ltr'><strong>Israelita:</strong></span> <span class='ocrx_word' id='word_1_183' title='bbox 876 2714 1197 2769; x_wconf 88' lang='lat' dir='ltr'><strong>dicebantur</strong></span> <span class='ocrx_word' id='word_1_184' title='bbox 1251 2714 1316 2766; x_wconf 80' lang='lat'><strong>”.</strong></span> <span class='ocrx_word' id='word_1_185' title='bbox 1376 2713 1509 2768; x_wconf 86' lang='lat' dir='ltr'><strong>Cum</strong></span> <span class='ocrx_word' id='word_1_186' title='bbox 1567 2722 1747 2767; x_wconf 87' lang='lat' dir='ltr'><strong>autem</strong></span> <span class='ocrx_word' id='word_1_187' title='bbox 1777 2710 2033 2767; x_wconf 79' lang='lat' dir='ltr'><strong>oﬂettdis-</strong></span> 
     </span>
    </p>
   </div>
   <div class='ocr_carea' id='block_1_29' title="bbox 453 2802 2029 2875">
    <p class='ocr_par' dir='ltr' id='par_1_29' title="bbox 453 2802 2029 2875">
     <span class='ocr_line' id='line_1_29' title="bbox 453 2802 2029 2875; baseline -0.004 -13"><span class='ocrx_word' id='word_1_188' title='bbox 453 2817 574 2862; x_wconf 81' lang='lat' dir='ltr'><strong>sent</strong></span> <span class='ocrx_word' id='word_1_189' title='bbox 607 2808 792 2872; x_wconf 85' lang='lat' dir='ltr'><strong>Deum,</strong></span> <span class='ocrx_word' id='word_1_190' title='bbox 842 2806 1019 2862; x_wconf 88' lang='lat' dir='ltr'><strong>traditi</strong></span> <span class='ocrx_word' id='word_1_191' title='bbox 1057 2813 1181 2859; x_wconf 91' lang='lat' dir='ltr'><strong>sunt</strong></span> <span class='ocrx_word' id='word_1_192' title='bbox 1214 2804 1380 2860; x_wconf 79' lang='lat' dir='ltr'><strong>variis</strong></span> <span class='ocrx_word' id='word_1_193' title='bbox 1418 2803 1750 2873; x_wconf 82' lang='lat' dir='ltr'><strong>temporibus</strong></span> <span class='ocrx_word' id='word_1_194' title='bbox 1774 2802 2029 2875; x_wconf 71' lang='lat' dir='ltr'><strong>Assyriis,</strong></span> 
     </span>
    </p>
   </div>
   <div class='ocr_carea' id='block_1_30' title="bbox 454 2894 2026 2977">
    <p class='ocr_par' dir='ltr' id='par_1_30' title="bbox 454 2894 2026 2977">
     <span class='ocr_line' id='line_1_30' title="bbox 454 2894 2026 2977; baseline -0.002 -27"><span class='ocrx_word' id='word_1_195' title='bbox 454 2897 693 2977; x_wconf 58' lang='lat' dir='ltr'><strong>Tandem</strong></span> <span class='ocrx_word' id='word_1_196' title='bbox 744 2897 1016 2967; x_wconf 80' lang='lat' dir='ltr'><strong>Assyrius,</strong></span> <span class='ocrx_word' id='word_1_197' title='bbox 1057 2910 1179 2949; x_wconf 89' lang='lat' dir='ltr'><strong>cum</strong></span> <span class='ocrx_word' id='word_1_198' title='bbox 1210 2894 1564 2951; x_wconf 79' lang='lat' dir='ltr'><strong>defectionem</strong></span> <span class='ocrx_word' id='word_1_199' title='bbox 1610 2894 2026 2958; x_wconf 83' lang='lat' dir='ltr'><strong>meditarentur,</strong></span> 
     </span>
    </p>
   </div>
   <div class='ocr_carea' id='block_1_31' title="bbox 456 2988 2030 3060">
    <p class='ocr_par' dir='ltr' id='par_1_31' title="bbox 456 2988 2030 3060">
     <span class='ocr_line' id='line_1_31' title="bbox 456 2988 2030 3060; baseline -0.003 -14"><span class='ocrx_word' id='word_1_200' title='bbox 456 2992 765 3060; x_wconf 82' lang='lat' dir='ltr'><strong>supervenit</strong></span> <span class='ocrx_word' id='word_1_201' title='bbox 794 2991 1065 3058; x_wconf 78' lang='lat' dir='ltr'><strong>tenuitque</strong></span> <span class='ocrx_word' id='word_1_202' title='bbox 1110 2989 1371 3059; x_wconf 86' lang='lat' dir='ltr'><strong>captivos,</strong></span> <span class='ocrx_word' id='word_1_203' title='bbox 1405 2998 1589 3045; x_wconf 89' lang='lat' dir='ltr'><strong>etnon</strong></span> <span class='ocrx_word' id='word_1_204' title='bbox 1624 2988 1760 3042; x_wconf 88' lang='lat' dir='ltr'><strong>ultra</strong></span> <span class='ocrx_word' id='word_1_205' title='bbox 1798 2988 1850 3041; x_wconf 89' lang='lat' dir='ltr'><strong>in</strong></span> <span class='ocrx_word' id='word_1_206' title='bbox 1877 3002 2030 3041; x_wconf 87' lang='lat' dir='ltr'><strong>suam</strong></span> 
     </span>
    </p>
   </div>
   <div class='ocr_carea' id='block_1_32' title="bbox 2115 507 3685 590">
    <p class='ocr_par' dir='ltr' id='par_1_32' title="bbox 2115 507 3685 590">
     <span class='ocr_line' id='line_1_32' title="bbox 2115 507 3685 590; baseline -0.011 -15"><span class='ocrx_word' id='word_1_207' title='bbox 2115 521 2423 590; x_wconf 74' lang='grc' dir='ltr'>κατάρατον</span> <span class='ocrx_word' id='word_1_208' title='bbox 2460 516 2675 587; x_wconf 76' lang='grc' dir='ltr'>Εὐτυχῆ</span> <span class='ocrx_word' id='word_1_209' title='bbox 2697 531 2714 580; x_wconf 92' lang='lat'><strong>;</strong></span> <span class='ocrx_word' id='word_1_210' title='bbox 2740 512 3122 583; x_wconf 78' lang='grc' dir='ltr'>Αίνιττόμενος</span> <span class='ocrx_word' id='word_1_211' title='bbox 3149 512 3206 564; x_wconf 81' lang='grc' dir='ltr'>δὲ</span> <span class='ocrx_word' id='word_1_212' title='bbox 3239 512 3268 562; x_wconf 84' lang='grc' dir='ltr'><strong>δ</strong></span> <span class='ocrx_word' id='word_1_213' title='bbox 3290 507 3685 576; x_wconf 71' lang='grc' dir='ltr'>εὐαγγελιστὴς</span> 
     </span>
    </p>
   </div>
   <div class='ocr_carea' id='block_1_33' title="bbox 2113 597 3687 679">
    <p class='ocr_par' dir='ltr' id='par_1_33' title="bbox 2113 597 3687 679">
     <span class='ocr_line' id='line_1_33' title="bbox 2113 597 3687 679; baseline -0.011 -13"><span class='ocrx_word' id='word_1_214' title='bbox 2113 614 2175 666; x_wconf 85' lang='grc' dir='ltr'>τὸ</span> <span class='ocrx_word' id='word_1_215' title='bbox 2206 610 2298 665; x_wconf 89' lang='grc' dir='ltr'><strong>τοῦ</strong></span> <span class='ocrx_word' id='word_1_216' title='bbox 2335 611 2533 679; x_wconf 78' lang='grc' dir='ltr'><strong>φθόνου</strong></span> <span class='ocrx_word' id='word_1_217' title='bbox 2562 604 2981 677; x_wconf 79' lang='grc' dir='ltr'>συκοφαντικδν,</span> <span class='ocrx_word' id='word_1_218' title='bbox 3015 603 3202 673; x_wconf 80' lang='grc' dir='ltr'>φησὶν,</span> <span class='ocrx_word' id='word_1_219' title='bbox 3233 603 3316 654; x_wconf 83' lang='grc' dir='ltr'>ὅτι</span> <span class='ocrx_word' id='word_1_220' title='bbox 3346 600 3535 654; x_wconf 83' lang='grc' dir='ltr'>καίτοι</span> <span class='ocrx_word' id='word_1_221' title='bbox 3573 614 3636 667; x_wconf 86' lang='grc' dir='ltr'><strong>γε</strong></span> <span class='ocrx_word' id='word_1_222' title='bbox 3660 597 3687 648; x_wconf 76' lang='lat' dir='ltr'><strong>ti</strong></span> 
     </span>
    </p>
   </div>
   <div class='ocr_carea' id='block_1_34' title="bbox 2127 690 3685 774">
    <p class='ocr_par' dir='ltr' id='par_1_34' title="bbox 2127 690 3685 774">
     <span class='ocr_line' id='line_1_34' title="bbox 2127 690 3685 774; baseline -0.011 -17"><span class='ocrx_word' id='word_1_223' title='bbox 2127 703 2329 774; x_wconf 82' lang='grc' dir='ltr'>Ἰησοῦς</span> <span class='ocrx_word' id='word_1_224' title='bbox 2361 703 2462 756; x_wconf 81' lang='grc' dir='ltr'>οὐκ</span> <span class='ocrx_word' id='word_1_225' title='bbox 2514 700 2829 763; x_wconf 73' lang='grc' dir='ltr'>ἐϐάπτιζεν,</span> <span class='ocrx_word' id='word_1_226' title='bbox 2880 697 2995 752; x_wconf 77' lang='grc' dir='ltr'>ἀλλ’</span> <span class='ocrx_word' id='word_1_227' title='bbox 3034 697 3182 765; x_wconf 85' lang='grc' dir='ltr'>ὅμως</span> <span class='ocrx_word' id='word_1_228' title='bbox 3234 694 3283 746; x_wconf 82' lang='lat' dir='ltr'><strong>oi</strong></span> <span class='ocrx_word' id='word_1_229' title='bbox 3339 690 3685 761; x_wconf 73' lang='grc' dir='ltr'><strong>φθονοῦντες,</strong></span> 
     </span>
    </p>
   </div>
   <div class='ocr_carea' id='block_1_35' title="bbox 2117 782 3692 869">
    <p class='ocr_par' dir='ltr' id='par_1_35' title="bbox 2117 782 3692 869">
     <span class='ocr_line' id='line_1_35' title="bbox 2117 782 3692 869; baseline -0.013 -17"><span class='ocrx_word' id='word_1_230' title='bbox 2117 796 2432 869; x_wconf 82' lang='grc' dir='ltr'>βουλόμενοι</span> <span class='ocrx_word' id='word_1_231' title='bbox 2479 793 2795 857; x_wconf 77' lang='grc' dir='ltr'>ὑποκνίξειν</span> <span class='ocrx_word' id='word_1_232' title='bbox 2841 791 2971 854; x_wconf 81' lang='grc' dir='ltr'>τοὺς</span> <span class='ocrx_word' id='word_1_233' title='bbox 3014 786 3339 858; x_wconf 76' lang='grc' dir='ltr'>Φαρισαίους</span> <span class='ocrx_word' id='word_1_234' title='bbox 3377 783 3528 836; x_wconf 84' lang='grc' dir='ltr'>κατὰ</span> <span class='ocrx_word' id='word_1_235' title='bbox 3559 782 3692 850; x_wconf 77' lang='grc' dir='ltr'>Χρι-</span> 
     </span>
    </p>
   </div>
   <div class='ocr_carea' id='block_1_36' title="bbox 2116 875 3691 954">
    <p class='ocr_par' dir='ltr' id='par_1_36' title="bbox 2116 875 3691 954">
     <span class='ocr_line' id='line_1_36' title="bbox 2116 875 3691 954; baseline -0.011 -12"><span class='ocrx_word' id='word_1_236' title='bbox 2116 887 2266 951; x_wconf 80' lang='grc' dir='ltr'>στοῦ,</span> <span class='ocrx_word' id='word_1_237' title='bbox 2298 886 2702 954; x_wconf 74' lang='grc' dir='ltr'>ἐσυκοφάντουν</span> <span class='ocrx_word' id='word_1_238' title='bbox 2751 882 2914 943; x_wconf 79' lang='grc' dir='ltr'>αὑτὸν</span> <span class='ocrx_word' id='word_1_239' title='bbox 2967 880 3044 942; x_wconf 84' lang='grc' dir='ltr'>ὡς</span> <span class='ocrx_word' id='word_1_240' title='bbox 3081 877 3436 949; x_wconf 75' lang='grc' dir='ltr'>βαπτίζοντα.</span> <span class='ocrx_word' id='word_1_241' title='bbox 3488 893 3507 924; x_wconf 80' lang='grc' dir='ltr'><strong>ι</strong></span> <span class='ocrx_word' id='word_1_242' title='bbox 3547 875 3691 926; x_wconf 75' lang='grc' dir='ltr'>Ἔδει</span> 
     </span>
    </p>
   </div>
   <div class='ocr_carea' id='block_1_37' title="bbox 2113 965 3692 1048">
    <p class='ocr_par' dir='ltr' id='par_1_37' title="bbox 2113 965 3692 1048">
     <span class='ocr_line' id='line_1_37' title="bbox 2113 965 3692 1048; baseline -0.015 -14"><span class='ocrx_word' id='word_1_243' title='bbox 2113 981 2170 1036; x_wconf 82' lang='grc' dir='ltr'>δὲ</span> <span class='ocrx_word' id='word_1_244' title='bbox 2193 979 2369 1035; x_wconf 68' lang='grc' dir='ltr'>αὐτὸν</span> <span class='ocrx_word' id='word_1_245' title='bbox 2396 975 2706 1048; x_wconf 80' lang='grc' dir='ltr'><strong>διέρχεσθαι</strong></span> <span class='ocrx_word' id='word_1_246' title='bbox 2747 974 2836 1027; x_wconf 69' lang='grc' dir='ltr'><strong>διὰ</strong></span> <span class='ocrx_word' id='word_1_247' title='bbox 2867 974 2965 1039; x_wconf 75' lang='grc' dir='ltr'>τῆς</span> <span class='ocrx_word' id='word_1_248' title='bbox 3011 969 3352 1040; x_wconf 74' lang='grc' dir='ltr'><strong>Σαμαρείας.</strong></span> <span class='ocrx_word' id='word_1_249' title='bbox 3385 965 3519 1026; x_wconf 72' lang='grc' dir='ltr'><strong>»Ὧς</strong></span> <span class='ocrx_word' id='word_1_250' title='bbox 3555 965 3692 1032; x_wconf 63' lang='grc' dir='ltr'>πάρ.</span> 
     </span>
    </p>
   </div>
   <div class='ocr_carea' id='block_1_38' title="bbox 2115 1057 3692 1145">
    <p class='ocr_par' dir='ltr' id='par_1_38' title="bbox 2115 1057 3692 1145">
     <span class='ocr_line' id='line_1_38' title="bbox 2115 1057 3692 1145; baseline -0.013 -17"><span class='ocrx_word' id='word_1_251' title='bbox 2115 1090 2278 1145; x_wconf 91' lang='grc' dir='ltr'>εργον</span> <span class='ocrx_word' id='word_1_252' title='bbox 2328 1071 2437 1142; x_wconf 68' lang='grc' dir='ltr'>γὰρ</span> <span class='ocrx_word' id='word_1_253' title='bbox 2484 1069 2607 1124; x_wconf 87' lang='grc' dir='ltr'>όδοῦ</span> <span class='ocrx_word' id='word_1_254' title='bbox 2664 1070 2903 1123; x_wconf 72' lang='grc' dir='ltr'>ἐποιεῖτο</span> <span class='ocrx_word' id='word_1_255' title='bbox 2946 1066 3075 1126; x_wconf 77' lang='grc' dir='ltr'>τοὺς</span> <span class='ocrx_word' id='word_1_256' title='bbox 3120 1062 3503 1131; x_wconf 82' lang='grc' dir='ltr'>Σαμαρείτας.</span> <span class='ocrx_word' id='word_1_257' title='bbox 3552 1057 3692 1125; x_wconf 81' lang='grc' dir='ltr'>Ὅρα</span> 
     </span>
    </p>
   </div>
   <div class='ocr_carea' id='block_1_39' title="bbox 2114 1150 3693 1237">
    <p class='ocr_par' dir='ltr' id='par_1_39' title="bbox 2114 1150 3693 1237">
     <span class='ocr_line' id='line_1_39' title="bbox 2114 1150 3693 1237; baseline -0.014 -16"><span class='ocrx_word' id='word_1_258' title='bbox 2114 1168 2222 1237; x_wconf 76' lang='grc' dir='ltr'><strong>γὰρ</strong></span> <span class='ocrx_word' id='word_1_259' title='bbox 2243 1168 2323 1220; x_wconf 82' lang='grc' dir='ltr'>ὃτι</span> <span class='ocrx_word' id='word_1_260' title='bbox 2351 1166 2449 1219; x_wconf 76' lang='grc' dir='ltr'>οὐκ</span> <span class='ocrx_word' id='word_1_261' title='bbox 2480 1159 2652 1227; x_wconf 80' lang='grc' dir='ltr'>εἶπεν,</span> <span class='ocrx_word' id='word_1_262' title='bbox 2703 1161 2850 1214; x_wconf 78' lang='grc' dir='ltr'>Ἔδει</span> <span class='ocrx_word' id='word_1_263' title='bbox 2903 1158 3065 1211; x_wconf 72' lang='grc' dir='ltr'>αὐτὸν</span> <span class='ocrx_word' id='word_1_264' title='bbox 3109 1152 3449 1224; x_wconf 71' lang='grc' dir='ltr'><strong>ἀπέρχεσθαι</strong></span> <span class='ocrx_word' id='word_1_265' title='bbox 3484 1152 3568 1212; x_wconf 77' lang='grc' dir='ltr'><strong>εἰς</strong></span> <span class='ocrx_word' id='word_1_266' title='bbox 3599 1150 3693 1200; x_wconf 73' lang='grc' dir='ltr'>Σαο</span> 
     </span>
    </p>
   </div>
   <div class='ocr_carea' id='block_1_40' title="bbox 2120 1240 3688 1329">
    <p class='ocr_par' dir='ltr' id='par_1_40' title="bbox 2120 1240 3688 1329">
     <span class='ocr_line' id='line_1_40' title="bbox 2120 1240 3688 1329; baseline -0.014 -17"><span class='ocrx_word' id='word_1_267' title='bbox 2120 1260 2371 1329; x_wconf 81' lang='grc' dir='ltr'>μάρειαν,</span> <span class='ocrx_word' id='word_1_268' title='bbox 2418 1255 2572 1317; x_wconf 84' lang='grc' dir='ltr'>ἀλλὰ,</span> <span class='ocrx_word' id='word_1_269' title='bbox 2610 1273 2629 1306; x_wconf 82' lang='grc' dir='ltr'><strong>ι</strong></span> <span class='ocrx_word' id='word_1_270' title='bbox 2668 1250 2974 1321; x_wconf 72' lang='grc' dir='ltr'><strong>διέρχεσθαι</strong></span> <span class='ocrx_word' id='word_1_271' title='bbox 3020 1247 3107 1300; x_wconf 69' lang='grc' dir='ltr'>διὰ</span> <span class='ocrx_word' id='word_1_272' title='bbox 3154 1246 3250 1315; x_wconf 76' lang='grc' dir='ltr'>τῆς</span> <span class='ocrx_word' id='word_1_273' title='bbox 3292 1240 3636 1311; x_wconf 83' lang='grc' dir='ltr'>Σαμαρείας.</span> <span class='ocrx_word' id='word_1_274' title='bbox 3670 1260 3688 1290; x_wconf 79' lang='grc' dir='ltr'><strong>ι</strong></span> 
     </span>
    </p>
   </div>
   <div class='ocr_carea' id='block_1_41' title="bbox 2128 1332 3692 1419">
    <p class='ocr_par' dir='ltr' id='par_1_41' title="bbox 2128 1332 3692 1419">
     <span class='ocr_line' id='line_1_41' title="bbox 2128 1332 3692 1419; baseline -0.015 -16"><span class='ocrx_word' id='word_1_275' title='bbox 2128 1349 2413 1403; x_wconf 68' lang='grc' dir='ltr'>Ἐεούλετο</span> <span class='ocrx_word' id='word_1_276' title='bbox 2466 1346 2577 1417; x_wconf 85' lang='grc' dir='ltr'>γὰρ</span> <span class='ocrx_word' id='word_1_277' title='bbox 2620 1348 2895 1416; x_wconf 81' lang='grc' dir='ltr'>πρόφασιν</span> <span class='ocrx_word' id='word_1_278' title='bbox 2954 1342 3153 1419; x_wconf 47' lang='grc' dir='ltr'>πᾶσαν.</span> <span class='ocrx_word' id='word_1_279' title='bbox 3185 1332 3531 1405; x_wconf 75' lang='grc' dir='ltr'><strong>κατηγορίας</strong></span> <span class='ocrx_word' id='word_1_280' title='bbox 3587 1334 3692 1389; x_wconf 77' lang='grc' dir='ltr'>τοῖς</span> 
     </span>
    </p>
   </div>
   <div class='ocr_carea' id='block_1_42' title="bbox 2130 1426 3689 1508">
    <p class='ocr_par' dir='ltr' id='par_1_42' title="bbox 2130 1426 3689 1508">
     <span class='ocr_line' id='line_1_42' title="bbox 2130 1426 3689 1508; baseline -0.012 -13"><span class='ocrx_word' id='word_1_281' title='bbox 2130 1442 2405 1504; x_wconf 70' lang='grc' dir='ltr'>Ἰουδαίοις</span> <span class='ocrx_word' id='word_1_282' title='bbox 2439 1437 2706 1508; x_wconf 74' lang='grc' dir='ltr'>ἐκκόψαι,</span> <span class='ocrx_word' id='word_1_283' title='bbox 2760 1436 2901 1489; x_wconf 78' lang='grc' dir='ltr'>ὥστε</span> <span class='ocrx_word' id='word_1_284' title='bbox 2956 1434 3031 1505; x_wconf 78' lang='grc' dir='ltr'>μὴ</span> <span class='ocrx_word' id='word_1_285' title='bbox 3059 1433 3201 1502; x_wconf 75' lang='grc' dir='ltr'>ἔχειν</span> <span class='ocrx_word' id='word_1_286' title='bbox 3253 1429 3456 1490; x_wconf 63' lang='grc' dir='ltr'>αὐτοὺς</span> <span class='ocrx_word' id='word_1_287' title='bbox 3497 1426 3689 1492; x_wconf 81' lang='grc' dir='ltr'>λέγειν,</span> 
     </span>
    </p>
   </div>
   <div class='ocr_carea' id='block_1_43' title="bbox 2118 1518 3691 1602">
    <p class='ocr_par' dir='ltr' id='par_1_43' title="bbox 2118 1518 3691 1602">
     <span class='ocr_line' id='line_1_43' title="bbox 2118 1518 3691 1602; baseline -0.012 -15"><span class='ocrx_word' id='word_1_288' title='bbox 2118 1535 2202 1587; x_wconf 86' lang='grc' dir='ltr'>ὃτι</span> <span class='ocrx_word' id='word_1_289' title='bbox 2222 1534 2382 1602; x_wconf 79' lang='grc' dir='ltr'>ἀφεὶς</span> <span class='ocrx_word' id='word_1_290' title='bbox 2412 1532 2611 1594; x_wconf 76' lang='grc' dir='ltr'>αὐτοὺς</span> <span class='ocrx_word' id='word_1_291' title='bbox 2669 1530 2748 1591; x_wconf 77' lang='grc' dir='ltr'>εις</span> <span class='ocrx_word' id='word_1_292' title='bbox 2772 1530 2838 1581; x_wconf 70' lang='grc' dir='ltr'><strong>τὰ</strong></span> <span class='ocrx_word' id='word_1_293' title='bbox 2866 1528 2993 1597; x_wconf 76' lang='grc' dir='ltr'>ἔθνη</span> <span class='ocrx_word' id='word_1_294' title='bbox 3016 1526 3086 1578; x_wconf 73' lang='grc' dir='ltr'>τὰ</span> <span class='ocrx_word' id='word_1_295' title='bbox 3117 1521 3381 1594; x_wconf 81' lang='grc' dir='ltr'>βδελυκτὰ</span> <span class='ocrx_word' id='word_1_296' title='bbox 3406 1518 3691 1590; x_wconf 76' lang='grc' dir='ltr'>μετῆλθεν.</span> 
     </span>
    </p>
   </div>
   <div class='ocr_carea' id='block_1_44' title="bbox 2119 1616 3694 1694">
    <p class='ocr_par' dir='ltr' id='par_1_44' title="bbox 2119 1616 3694 1694">
     <span class='ocr_line' id='line_1_44' title="bbox 2119 1616 3694 1694; baseline -0.01 -15"><span class='ocrx_word' id='word_1_297' title='bbox 2119 1628 2287 1681; x_wconf 84' lang='grc' dir='ltr'>Ὅταν</span> <span class='ocrx_word' id='word_1_298' title='bbox 2312 1624 2420 1694; x_wconf 79' lang='grc' dir='ltr'><strong>γὰρ</strong></span> <span class='ocrx_word' id='word_1_299' title='bbox 2455 1622 2765 1693; x_wconf 77' lang='grc' dir='ltr'>ἀπήλαυνον</span> <span class='ocrx_word' id='word_1_300' title='bbox 2792 1620 2976 1685; x_wconf 79' lang='grc' dir='ltr'>αὑτὸν,</span> <span class='ocrx_word' id='word_1_301' title='bbox 3002 1620 3121 1672; x_wconf 87' lang='grc' dir='ltr'>τότε</span> <span class='ocrx_word' id='word_1_302' title='bbox 3152 1620 3264 1679; x_wconf 86' lang='grc' dir='ltr'>τοῖς</span> <span class='ocrx_word' id='word_1_303' title='bbox 3284 1616 3528 1676; x_wconf 76' lang='grc' dir='ltr'>ὲθνικοίς</span> <span class='ocrx_word' id='word_1_304' title='bbox 3560 1629 3694 1681; x_wconf 83' lang='grc' dir='ltr'>παρ-</span> 
     </span>
    </p>
   </div>
   <div class='ocr_carea' id='block_1_45' title="bbox 2120 1705 3698 1782">
    <p class='ocr_par' dir='ltr' id='par_1_45' title="bbox 2120 1705 3698 1782">
     <span class='ocr_line' id='line_1_45' title="bbox 2120 1705 3698 1782; baseline -0.011 -11"><span class='ocrx_word' id='word_1_305' title='bbox 2120 1718 2280 1771; x_wconf 82' lang='grc' dir='ltr'>έϐαλε</span> <span class='ocrx_word' id='word_1_306' title='bbox 2311 1734 2324 1749; x_wconf 90' lang='grc'><strong>·</strong></span> <span class='ocrx_word' id='word_1_307' title='bbox 2371 1716 2469 1769; x_wconf 79' lang='grc' dir='ltr'>καὶ</span> <span class='ocrx_word' id='word_1_308' title='bbox 2545 1714 2663 1768; x_wconf 69' lang='grc' dir='ltr'>οὐδὲ</span> <span class='ocrx_word' id='word_1_309' title='bbox 2737 1712 2855 1765; x_wconf 80' lang='grc' dir='ltr'>τότε</span> <span class='ocrx_word' id='word_1_310' title='bbox 2929 1709 3403 1782; x_wconf 80' lang='grc' dir='ltr'>προηγουμένως,</span> <span class='ocrx_word' id='word_1_311' title='bbox 3472 1705 3590 1759; x_wconf 79' lang='grc' dir='ltr'>ἀλλ’</span> <span class='ocrx_word' id='word_1_312' title='bbox 3643 1705 3698 1755; x_wconf 81' lang='grc' dir='ltr'>ἐκ</span> 
     </span>
    </p>
   </div>
   <div class='ocr_carea' id='block_1_46' title="bbox 2126 1811 2433 1882">
    <p class='ocr_par' dir='ltr' id='par_1_46' title="bbox 2126 1811 2433 1882">
     <span class='ocr_line' id='line_1_46' title="bbox 2126 1811 2433 1882; baseline -0.01 -17"><span class='ocrx_word' id='word_1_313' title='bbox 2126 1811 2433 1882; x_wconf 82' lang='grc' dir='ltr'>παρέργου.</span> 
     </span>
    </p>
   </div>
   <div class='ocr_carea' id='block_1_47' title="bbox 2202 1890 3699 1974">
    <p class='ocr_par' dir='ltr' id='par_1_47' title="bbox 2202 1890 3699 1974">
     <span class='ocr_line' id='line_1_47' title="bbox 2202 1890 3699 1974; baseline -0.012 -18"><span class='ocrx_word' id='word_1_314' title='bbox 2202 1923 2220 1956; x_wconf 77' lang='grc' dir='ltr'><strong>ι</strong></span> <span class='ocrx_word' id='word_1_315' title='bbox 2265 1904 2525 1974; x_wconf 82' lang='grc' dir='ltr'>Ἔρχεται</span> <span class='ocrx_word' id='word_1_316' title='bbox 2559 1900 2651 1959; x_wconf 79' lang='grc' dir='ltr'><strong>οῦν</strong></span> <span class='ocrx_word' id='word_1_317' title='bbox 2683 1902 2762 1962; x_wconf 85' lang='grc' dir='ltr'><strong>είς</strong></span> <span class='ocrx_word' id='word_1_318' title='bbox 2807 1898 2962 1951; x_wconf 86' lang='grc' dir='ltr'>πόλιν</span> <span class='ocrx_word' id='word_1_319' title='bbox 2993 1897 3094 1965; x_wconf 72' lang='grc' dir='ltr'>τῆς</span> <span class='ocrx_word' id='word_1_320' title='bbox 3126 1891 3447 1965; x_wconf 74' lang='grc' dir='ltr'>Σαμαρείας</span> <span class='ocrx_word' id='word_1_321' title='bbox 3479 1890 3699 1958; x_wconf 77' lang='grc' dir='ltr'>λεγομέ-</span> 
     </span>
    </p>
   </div>
   <div class='ocr_carea' id='block_1_48' title="bbox 2110 1980 3697 2069">
    <p class='ocr_par' dir='ltr' id='par_1_48' title="bbox 2110 1980 3697 2069">
     <span class='ocr_line' id='line_1_48' title="bbox 2110 1980 3697 2069; baseline -0.013 -17"><span class='ocrx_word' id='word_1_322' title='bbox 2110 1990 2223 2069; x_wconf 86' lang='grc' dir='ltr'><strong>νην</strong></span> <span class='ocrx_word' id='word_1_323' title='bbox 2253 1998 2458 2069; x_wconf 73' lang='grc' dir='ltr'>Συχέιρ,</span> <span class='ocrx_word' id='word_1_324' title='bbox 2490 1994 2721 2063; x_wconf 79' lang='grc' dir='ltr'><strong>πλησίον</strong></span> <span class='ocrx_word' id='word_1_325' title='bbox 2773 1991 2869 2045; x_wconf 87' lang='grc' dir='ltr'><strong>τοῦ</strong></span> <span class='ocrx_word' id='word_1_326' title='bbox 2904 1989 3127 2060; x_wconf 78' lang='grc' dir='ltr'>χωρίου,</span> <span class='ocrx_word' id='word_1_327' title='bbox 3160 1982 3201 2041; x_wconf 84' lang='grc' dir='ltr'><strong>δ</strong></span> <span class='ocrx_word' id='word_1_328' title='bbox 3246 1987 3451 2039; x_wconf 80' lang='grc' dir='ltr'>ἔδωκεν</span> <span class='ocrx_word' id='word_1_329' title='bbox 3512 1980 3697 2035; x_wconf 76' lang='grc' dir='ltr'>Ἰακὼὸ</span> 
     </span>
    </p>
   </div>
   <div class='ocr_carea' id='block_1_49' title="bbox 2140 2073 3691 2161">
    <p class='ocr_par' dir='ltr' id='par_1_49' title="bbox 2140 2073 3691 2161">
     <span class='ocr_line' id='line_1_49' title="bbox 2140 2073 3691 2161; baseline -0.013 -17"><span class='ocrx_word' id='word_1_330' title='bbox 2140 2090 2341 2161; x_wconf 80' lang='grc' dir='ltr'>Ἰωσὴφ</span> <span class='ocrx_word' id='word_1_331' title='bbox 2361 2087 2438 2158; x_wconf 86' lang='grc' dir='ltr'>τῷ</span> <span class='ocrx_word' id='word_1_332' title='bbox 2462 2086 2565 2158; x_wconf 84' lang='grc' dir='ltr'>υίῷ</span> <span class='ocrx_word' id='word_1_333' title='bbox 2583 2084 2770 2140; x_wconf 87' lang='grc' dir='ltr'>αὐτοῦ.</span> <span class='ocrx_word' id='word_1_334' title='bbox 2789 2079 2897 2138; x_wconf 84' lang='grc' dir='ltr'>Ἦν</span> <span class='ocrx_word' id='word_1_335' title='bbox 2921 2083 2975 2136; x_wconf 78' lang='grc' dir='ltr'>δὲ</span> <span class='ocrx_word' id='word_1_336' title='bbox 2998 2083 3116 2135; x_wconf 80' lang='grc' dir='ltr'>ἐκεῖ</span> <span class='ocrx_word' id='word_1_337' title='bbox 3140 2079 3293 2149; x_wconf 79' lang='grc' dir='ltr'>πηγὴ</span> <span class='ocrx_word' id='word_1_338' title='bbox 3314 2077 3409 2130; x_wconf 87' lang='grc' dir='ltr'><strong>τοῦ</strong></span> <span class='ocrx_word' id='word_1_339' title='bbox 3432 2073 3648 2129; x_wconf 78' lang='grc' dir='ltr'>Ἰακὼδ.</span> <span class='ocrx_word' id='word_1_340' title='bbox 3674 2092 3691 2123; x_wconf 74' lang='grc' dir='ltr'><strong>ι</strong></span> 
     </span>
    </p>
   </div>
   <div class='ocr_carea' id='block_1_50' title="bbox 2133 2164 3696 2248">
    <p class='ocr_par' dir='ltr' id='par_1_50' title="bbox 2133 2164 3696 2248">
     <span class='ocr_line' id='line_1_50' title="bbox 2133 2164 3696 2248; baseline -0.013 -11"><span class='ocrx_word' id='word_1_341' title='bbox 2133 2181 2317 2248; x_wconf 80' lang='grc' dir='ltr'>Ἀξιον</span> <span class='ocrx_word' id='word_1_342' title='bbox 2348 2181 2543 2244; x_wconf 76' lang='grc' dir='ltr'>εἰπεῖν,</span> <span class='ocrx_word' id='word_1_343' title='bbox 2571 2178 2733 2232; x_wconf 80' lang='grc' dir='ltr'>πόθεν</span> <span class='ocrx_word' id='word_1_344' title='bbox 2763 2177 2813 2229; x_wconf 85' lang='lat' dir='ltr'><strong>oi</strong></span> <span class='ocrx_word' id='word_1_345' title='bbox 2848 2176 3185 2245; x_wconf 83' lang='grc' dir='ltr'>Σαμαρεῖται</span> <span class='ocrx_word' id='word_1_346' title='bbox 3220 2170 3587 2238; x_wconf 73' lang='grc' dir='ltr'>συνέστησαν,</span> <span class='ocrx_word' id='word_1_347' title='bbox 3611 2164 3696 2218; x_wconf 79' lang='grc' dir='ltr'>καὶ</span> 
     </span>
    </p>
   </div>
   <div class='ocr_carea' id='block_1_51' title="bbox 2129 2256 3697 2342">
    <p class='ocr_par' dir='ltr' id='par_1_51' title="bbox 2129 2256 3697 2342">
     <span class='ocr_line' id='line_1_51' title="bbox 2129 2256 3697 2342; baseline -0.014 -14"><span class='ocrx_word' id='word_1_348' title='bbox 2129 2274 2295 2328; x_wconf 87' lang='grc' dir='ltr'>πόθεν</span> <span class='ocrx_word' id='word_1_349' title='bbox 2326 2271 2428 2341; x_wconf 82' lang='grc' dir='ltr'>τὴν</span> <span class='ocrx_word' id='word_1_350' title='bbox 2462 2266 2839 2342; x_wconf 75' lang='grc' dir='ltr'>προσηγορίαν</span> <span class='ocrx_word' id='word_1_351' title='bbox 2904 2264 3107 2333; x_wconf 86' lang='grc' dir='ltr'>ταύτην</span> <span class='ocrx_word' id='word_1_352' title='bbox 3161 2261 3377 2316; x_wconf 75' lang='grc' dir='ltr'>ἔλαϐον.</span> <span class='ocrx_word' id='word_1_353' title='bbox 3415 2258 3600 2325; x_wconf 74' lang='grc' dir='ltr'>Σομὺρ</span> <span class='ocrx_word' id='word_1_354' title='bbox 3645 2256 3697 2307; x_wconf 70' lang='grc' dir='ltr'>τὸ</span> 
     </span>
    </p>
   </div>
   <div class='ocr_carea' id='block_1_52' title="bbox 2129 2348 3697 2435">
    <p class='ocr_par' dir='ltr' id='par_1_52' title="bbox 2129 2348 3697 2435">
     <span class='ocr_line' id='line_1_52' title="bbox 2129 2348 3697 2435; baseline -0.013 -16"><span class='ocrx_word' id='word_1_355' title='bbox 2129 2364 2255 2435; x_wconf 86' lang='grc' dir='ltr'>δρος</span> <span class='ocrx_word' id='word_1_356' title='bbox 2283 2363 2535 2417; x_wconf 72' lang='grc' dir='ltr'>ἐκαλεῖτο</span> <span class='ocrx_word' id='word_1_357' title='bbox 2578 2361 2686 2414; x_wconf 84' lang='grc' dir='ltr'><strong>ἀπὸ</strong></span> <span class='ocrx_word' id='word_1_358' title='bbox 2718 2358 2813 2412; x_wconf 86' lang='grc' dir='ltr'><strong>τοῦ</strong></span> <span class='ocrx_word' id='word_1_359' title='bbox 2863 2356 3206 2427; x_wconf 76' lang='grc' dir='ltr'>κτησαμένου</span> <span class='ocrx_word' id='word_1_360' title='bbox 3237 2352 3392 2415; x_wconf 70' lang='grc' dir='ltr'>αὐτὸ,</span> <span class='ocrx_word' id='word_1_361' title='bbox 3425 2348 3573 2403; x_wconf 73' lang='grc' dir='ltr'>καθὰ</span> <span class='ocrx_word' id='word_1_362' title='bbox 3615 2350 3697 2401; x_wconf 75' lang='grc' dir='ltr'>καὶ</span> 
     </span>
    </p>
   </div>
   <div class='ocr_carea' id='block_1_53' title="bbox 2142 2441 3691 2525">
    <p class='ocr_par' dir='ltr' id='par_1_53' title="bbox 2142 2441 3691 2525">
     <span class='ocr_line' id='line_1_53' title="bbox 2142 2441 3691 2525; baseline -0.012 -15"><span class='ocrx_word' id='word_1_363' title='bbox 2142 2456 2371 2517; x_wconf 72' lang='grc' dir='ltr'>Ἡσαΐας</span> <span class='ocrx_word' id='word_1_364' title='bbox 2402 2451 2600 2525; x_wconf 68' lang='grc' dir='ltr'>φησίν*</span> <span class='ocrx_word' id='word_1_365' title='bbox 2630 2469 2649 2503; x_wconf 76' lang='grc' dir='ltr'><strong>ι</strong></span> <span class='ocrx_word' id='word_1_366' title='bbox 2698 2450 2764 2503; x_wconf 82' lang='grc' dir='ltr'>Ἠ</span> <span class='ocrx_word' id='word_1_367' title='bbox 2800 2448 3009 2520; x_wconf 78' lang='grc' dir='ltr'>κεφαλὴ</span> <span class='ocrx_word' id='word_1_368' title='bbox 3053 2446 3312 2517; x_wconf 82' lang='grc' dir='ltr'>Σομόρων</span> <span class='ocrx_word' id='word_1_369' title='bbox 3378 2441 3641 2515; x_wconf 78' lang='grc' dir='ltr'>Ἐφραῖμ.</span> <span class='ocrx_word' id='word_1_370' title='bbox 3674 2457 3691 2491; x_wconf 82' lang='grc' dir='ltr'><strong>ι</strong></span> 
     </span>
    </p>
   </div>
   <div class='ocr_carea' id='block_1_54' title="bbox 2131 2528 3695 2615">
    <p class='ocr_par' dir='ltr' id='par_1_54' title="bbox 2131 2528 3695 2615">
     <span class='ocr_line' id='line_1_54' title="bbox 2131 2528 3695 2615; baseline -0.014 -14"><span class='ocrx_word' id='word_1_371' title='bbox 2131 2549 2196 2601; x_wconf 82' lang='lat' dir='ltr'><strong>Oi</strong></span> <span class='ocrx_word' id='word_1_372' title='bbox 2226 2546 2282 2599; x_wconf 76' lang='grc' dir='ltr'>δὲ</span> <span class='ocrx_word' id='word_1_373' title='bbox 2315 2545 2422 2600; x_wconf 73' lang='grc' dir='ltr'><strong>ὑπὸ</strong></span> <span class='ocrx_word' id='word_1_374' title='bbox 2446 2546 2508 2598; x_wconf 85' lang='grc' dir='ltr'><strong>τδ</strong></span> <span class='ocrx_word' id='word_1_375' title='bbox 2534 2544 2661 2614; x_wconf 78' lang='grc' dir='ltr'>ὄρος</span> <span class='ocrx_word' id='word_1_376' title='bbox 2682 2540 2980 2615; x_wconf 74' lang='grc' dir='ltr'>οἰκοῦντες,</span> <span class='ocrx_word' id='word_1_377' title='bbox 3012 2539 3072 2593; x_wconf 82' lang='grc' dir='ltr'>οὐ</span> <span class='ocrx_word' id='word_1_378' title='bbox 3101 2536 3439 2606; x_wconf 83' lang='grc' dir='ltr'>Σαμαρεῖται</span> <span class='ocrx_word' id='word_1_379' title='bbox 3473 2531 3536 2584; x_wconf 75' lang='grc' dir='ltr'>τὸ</span> <span class='ocrx_word' id='word_1_380' title='bbox 3559 2528 3695 2599; x_wconf 69' lang='grc' dir='ltr'>πρῶς</span> 
     </span>
    </p>
   </div>
   <div class='ocr_carea' id='block_1_55' title="bbox 2133 2623 3696 2711">
    <p class='ocr_par' dir='ltr' id='par_1_55' title="bbox 2133 2623 3696 2711">
     <span class='ocr_line' id='line_1_55' title="bbox 2133 2623 3696 2711; baseline -0.013 -17"><span class='ocrx_word' id='word_1_381' title='bbox 2133 2657 2243 2707; x_wconf 89' lang='grc' dir='ltr'>τον,</span> <span class='ocrx_word' id='word_1_382' title='bbox 2275 2638 2390 2693; x_wconf 81' lang='grc' dir='ltr'>ἀλλ’</span> <span class='ocrx_word' id='word_1_383' title='bbox 2435 2636 2769 2707; x_wconf 70' lang='grc' dir='ltr'>Ἰσραηλῖται</span> <span class='ocrx_word' id='word_1_384' title='bbox 2800 2634 3073 2701; x_wconf 71' lang='grc' dir='ltr'>ἐλέγοντο.</span> <span class='ocrx_word' id='word_1_385' title='bbox 3120 2625 3610 2711; x_wconf 81' lang='grc' dir='ltr'>Προσκρούσαντες</span> <span class='ocrx_word' id='word_1_386' title='bbox 3646 2623 3696 2674; x_wconf 77' lang='grc' dir='ltr'>δὲ</span> 
     </span>
    </p>
   </div>
   <div class='ocr_carea' id='block_1_56' title="bbox 2133 2714 3698 2803">
    <p class='ocr_par' dir='ltr' id='par_1_56' title="bbox 2133 2714 3698 2803">
     <span class='ocr_line' id='line_1_56' title="bbox 2133 2714 3698 2803; baseline -0.015 -16"><span class='ocrx_word' id='word_1_387' title='bbox 2133 2732 2213 2803; x_wconf 81' lang='grc' dir='ltr'>τῷ</span> <span class='ocrx_word' id='word_1_388' title='bbox 2234 2729 2375 2803; x_wconf 82' lang='grc' dir='ltr'>Θεῷ,</span> <span class='ocrx_word' id='word_1_389' title='bbox 2421 2728 2801 2800; x_wconf 84' lang='grc' dir='ltr'>παρεδόθησαν</span> <span class='ocrx_word' id='word_1_390' title='bbox 2824 2724 2964 2778; x_wconf 79' lang='grc' dir='ltr'>κατὰ</span> <span class='ocrx_word' id='word_1_391' title='bbox 2992 2722 3286 2792; x_wconf 85' lang='grc' dir='ltr'>διαφόρους</span> <span class='ocrx_word' id='word_1_392' title='bbox 3323 2717 3553 2788; x_wconf 66' lang='grc' dir='ltr'>καιροὺς</span> <span class='ocrx_word' id='word_1_393' title='bbox 3596 2714 3698 2775; x_wconf 82' lang='grc' dir='ltr'>τοῖς</span> 
     </span>
    </p>
   </div>
   <div class='ocr_carea' id='block_1_57' title="bbox 2147 2809 3692 2896">
    <p class='ocr_par' dir='ltr' id='par_1_57' title="bbox 2147 2809 3692 2896">
     <span class='ocr_line' id='line_1_57' title="bbox 2147 2809 3692 2896; baseline -0.014 -16"><span class='ocrx_word' id='word_1_394' title='bbox 2147 2824 2480 2896; x_wconf 82' lang='grc' dir='ltr'>Ἀσσυρίοις.</span> <span class='ocrx_word' id='word_1_395' title='bbox 2522 2822 2688 2885; x_wconf 81' lang='grc' dir='ltr'>Τέλος</span> <span class='ocrx_word' id='word_1_396' title='bbox 2721 2820 2778 2877; x_wconf 83' lang='grc' dir='ltr'>δὲ</span> <span class='ocrx_word' id='word_1_397' title='bbox 2811 2820 2839 2871; x_wconf 91' lang='grc' dir='ltr'>ὁ</span> <span class='ocrx_word' id='word_1_398' title='bbox 2876 2816 3168 2887; x_wconf 77' lang='grc' dir='ltr'>’Δσσύριος</span> <span class='ocrx_word' id='word_1_399' title='bbox 3212 2810 3459 2866; x_wconf 79' lang='grc' dir='ltr'>ἐπελθὼν</span> <span class='ocrx_word' id='word_1_400' title='bbox 3502 2809 3692 2870; x_wconf 72' lang='grc' dir='ltr'>αὐτοῖς,</span> 
     </span>
    </p>
   </div>
   <div class='ocr_carea' id='block_1_58' title="bbox 2133 2899 3697 2984">
    <p class='ocr_par' dir='ltr' id='par_1_58' title="bbox 2133 2899 3697 2984">
     <span class='ocr_line' id='line_1_58' title="bbox 2133 2899 3697 2984; baseline -0.017 -10"><span class='ocrx_word' id='word_1_401' title='bbox 2133 2916 2472 2975; x_wconf 76' lang='grc' dir='ltr'>ἀποστασίαν</span> <span class='ocrx_word' id='word_1_402' title='bbox 2527 2913 2909 2984; x_wconf 75' lang='grc' dir='ltr'>μελετήσασιν,</span> <span class='ocrx_word' id='word_1_403' title='bbox 2942 2903 3056 2962; x_wconf 70' lang='grc' dir='ltr'>εἷλέ</span> <span class='ocrx_word' id='word_1_404' title='bbox 3098 2923 3155 2960; x_wconf 89' lang='grc' dir='ltr'><strong>τε</strong></span> <span class='ocrx_word' id='word_1_405' title='bbox 3206 2904 3425 2969; x_wconf 76' lang='grc' dir='ltr'>αὐτοὺς,</span> <span class='ocrx_word' id='word_1_406' title='bbox 3472 2899 3571 2953; x_wconf 81' lang='grc' dir='ltr'>καὶ</span> <span class='ocrx_word' id='word_1_407' title='bbox 3609 2899 3697 2957; x_wconf 66' lang='grc' dir='ltr'>οὐκ</span> 
     </span>
    </p>
   </div>
   <div class='ocr_carea' id='block_1_59' title="bbox 2137 2990 3694 3083">
    <p class='ocr_par' dir='ltr' id='par_1_59' title="bbox 2137 2990 3694 3083">
     <span class='ocr_line' id='line_1_59' title="bbox 2137 2990 3694 3083; baseline -0.017 -16"><span class='ocrx_word' id='word_1_408' title='bbox 2137 3013 2219 3067; x_wconf 75' lang='grc' dir='ltr'>ἔτι</span> <span class='ocrx_word' id='word_1_409' title='bbox 2283 3011 2465 3083; x_wconf 79' lang='grc' dir='ltr'>μένειν</span> <span class='ocrx_word' id='word_1_410' title='bbox 2517 3008 2658 3062; x_wconf 74' lang='grc' dir='ltr'>κατὰ</span> <span class='ocrx_word' id='word_1_411' title='bbox 2706 3003 2892 3076; x_wconf 82' lang='grc' dir='ltr'>χώραν</span> <span class='ocrx_word' id='word_1_412' title='bbox 2941 3001 3189 3071; x_wconf 82' lang='grc' dir='ltr'>ἀφίησιν,</span> <span class='ocrx_word' id='word_1_413' title='bbox 3236 2993 3566 3050; x_wconf 81' lang='grc' dir='ltr'>ὑποπτεύων</span> <span class='ocrx_word' id='word_1_414' title='bbox 3609 2990 3694 3058; x_wconf 80' lang='grc' dir='ltr'>τὴν</span> 
     </span>
    </p>
   </div>
   <div class='ocr_carea' id='block_1_60' title="bbox 456 3078 2027 3179">
    <p class='ocr_par' dir='ltr' id='par_1_60' title="bbox 456 3078 2027 3151">
     <span class='ocr_line' id='line_1_60' title="bbox 456 3078 2027 3151; baseline -0.001 -17"><span class='ocrx_word' id='word_1_415' title='bbox 456 3082 726 3150; x_wconf 78' lang='lat' dir='ltr'><strong>regionem</strong></span> <span class='ocrx_word' id='word_1_416' title='bbox 766 3080 916 3135; x_wconf 87' lang='lat' dir='ltr'><strong>abire</strong></span> <span class='ocrx_word' id='word_1_417' title='bbox 944 3082 1210 3149; x_wconf 89' lang='lat' dir='ltr'><strong>permisit,</strong></span> <span class='ocrx_word' id='word_1_418' title='bbox 1254 3081 1534 3151; x_wconf 85' lang='lat' dir='ltr'><strong>suspicans</strong></span> <span class='ocrx_word' id='word_1_419' title='bbox 1565 3079 1760 3134; x_wconf 86' lang='lat' dir='ltr'><strong>iterum</strong></span> <span class='ocrx_word' id='word_1_420' title='bbox 1791 3078 2027 3134; x_wconf 87' lang='lat' dir='ltr'><strong>defectu-</strong></span> 
     </span>
    </p>
   </div>
   <div class='ocr_carea' id='block_1_61' title="bbox 2134 3078 3695 3179">
    <p class='ocr_par' dir='ltr' id='par_1_61' title="bbox 2134 3078 3695 3168">
     <span class='ocr_line' id='line_1_61' title="bbox 2134 3078 3695 3168; baseline -0.016 -9"><span class='ocrx_word' id='word_1_421' title='bbox 2134 3078 2673 3168; x_wconf 38' lang='grc' dir='ltr'>αὖθις-ἀποστασίαν·</span> <span class='ocrx_word' id='word_1_422' title='bbox 2702 3096 2839 3152; x_wconf 74' lang='grc' dir='ltr'>ἀλλὰ</span> <span class='ocrx_word' id='word_1_423' title='bbox 2865 3094 3090 3157; x_wconf 79' lang='grc' dir='ltr'>τούτους</span> <span class='ocrx_word' id='word_1_424' title='bbox 3114 3092 3213 3163; x_wconf 84' lang='grc' dir='ltr'>μὲν</span> <span class='ocrx_word' id='word_1_425' title='bbox 3237 3093 3317 3154; x_wconf 85' lang='grc' dir='ltr'><strong>εἰς</strong></span> <span class='ocrx_word' id='word_1_426' title='bbox 3333 3083 3695 3145; x_wconf 73' lang='grc' dir='ltr'>Βαϐυλωνίους</span> 
     </span>
    </p>
   </div>
   <div class='ocr_carea' id='block_1_62' title="bbox 458 3171 2031 3244">
    <p class='ocr_par' dir='ltr' id='par_1_62' title="bbox 458 3171 2031 3244">
     <span class='ocr_line' id='line_1_62' title="bbox 458 3171 2031 3244; baseline -0.001 -17"><span class='ocrx_word' id='word_1_427' title='bbox 458 3190 549 3227; x_wconf 81' lang='lat' dir='ltr'><strong>rus</strong></span> <span class='ocrx_word' id='word_1_428' title='bbox 599 3173 736 3231; x_wconf 87' lang='lat' dir='ltr'><strong>:sed</strong></span> <span class='ocrx_word' id='word_1_429' title='bbox 768 3173 888 3228; x_wconf 88' lang='lat' dir='ltr'><strong>illos</strong></span> <span class='ocrx_word' id='word_1_430' title='bbox 915 3173 1128 3242; x_wconf 88' lang='lat' dir='ltr'><strong>quidem</strong></span> <span class='ocrx_word' id='word_1_431' title='bbox 1173 3172 1443 3227; x_wconf 88' lang='lat' dir='ltr'><strong>transtulit</strong></span> <span class='ocrx_word' id='word_1_432' title='bbox 1490 3172 1545 3227; x_wconf 88' lang='lat' dir='ltr'><strong>in</strong></span> <span class='ocrx_word' id='word_1_433' title='bbox 1599 3171 1921 3244; x_wconf 80' lang='lat' dir='ltr'><strong>Babylonios</strong></span> <span class='ocrx_word' id='word_1_434' title='bbox 1976 3180 2031 3226; x_wconf 91' lang='lat' dir='ltr'><strong>et</strong></span> 
     </span>
    </p>
   </div>
   <div class='ocr_carea' id='block_1_63' title="bbox 458 3263 2032 3332">
    <p class='ocr_par' dir='ltr' id='par_1_63' title="bbox 458 3263 2032 3332">
     <span class='ocr_line' id='line_1_63' title="bbox 458 3263 2032 3332; baseline -0.003 -11"><span class='ocrx_word' id='word_1_435' title='bbox 458 3265 660 3329; x_wconf 74' lang='lat' dir='ltr'><strong>Medos,</strong></span> <span class='ocrx_word' id='word_1_436' title='bbox 697 3265 998 3319; x_wconf 83' lang='lat' dir='ltr'><strong>Samariam</strong></span> <span class='ocrx_word' id='word_1_437' title='bbox 1048 3274 1227 3320; x_wconf 88' lang='lat' dir='ltr'><strong>autem</strong></span> <span class='ocrx_word' id='word_1_438' title='bbox 1270 3264 1519 3332; x_wconf 82' lang='lat' dir='ltr'><strong>gentibus</strong></span> <span class='ocrx_word' id='word_1_439' title='bbox 1545 3278 1609 3319; x_wconf 88' lang='lat' dir='ltr'><strong>ex</strong></span> <span class='ocrx_word' id='word_1_440' title='bbox 1646 3263 1873 3320; x_wconf 83' lang='lat' dir='ltr'><strong>diversis</strong></span> <span class='ocrx_word' id='word_1_441' title='bbox 1902 3263 2032 3317; x_wconf 92' lang='lat' dir='ltr'><strong>Iocis</strong></span> 
     </span>
    </p>
   </div>
   <div class='ocr_carea' id='block_1_64' title="bbox 459 3356 2029 3428">
    <p class='ocr_par' dir='ltr' id='par_1_64' title="bbox 459 3356 2029 3428">
     <span class='ocr_line' id='line_1_64' title="bbox 459 3356 2029 3428; baseline -0.002 -15"><span class='ocrx_word' id='word_1_442' title='bbox 459 3357 805 3427; x_wconf 79' lang='lat' dir='ltr'><strong>congregatis</strong></span> <span class='ocrx_word' id='word_1_443' title='bbox 837 3358 1097 3413; x_wconf 89' lang='lat' dir='ltr'><strong>coloniam</strong></span> <span class='ocrx_word' id='word_1_444' title='bbox 1145 3358 1310 3413; x_wconf 88' lang='lat' dir='ltr'><strong>dedit.</strong></span> <span class='ocrx_word' id='word_1_445' title='bbox 1339 3359 1501 3413; x_wconf 88' lang='lat' dir='ltr'><strong>Porro</strong></span> <span class='ocrx_word' id='word_1_446' title='bbox 1540 3372 1704 3428; x_wconf 88' lang='lat' dir='ltr'><strong>quum</strong></span> <span class='ocrx_word' id='word_1_447' title='bbox 1738 3359 1850 3412; x_wconf 68' lang='lat' dir='ltr'><strong>haec</strong></span> <span class='ocrx_word' id='word_1_448' title='bbox 1890 3356 2029 3411; x_wconf 88' lang='lat' dir='ltr'><strong>facta</strong></span> 
     </span>
    </p>
   </div>
   <div class='ocr_carea' id='block_1_65' title="bbox 460 3449 2031 3520">
    <p class='ocr_par' dir='ltr' id='par_1_65' title="bbox 460 3449 2031 3520">
     <span class='ocr_line' id='line_1_65' title="bbox 460 3449 2031 3520; baseline -0.002 -14"><span class='ocrx_word' id='word_1_449' title='bbox 460 3458 664 3515; x_wconf 77' lang='lat' dir='ltr'><strong>essent,</strong></span> <span class='ocrx_word' id='word_1_450' title='bbox 722 3452 861 3505; x_wconf 86' lang='lat' dir='ltr'><strong>Deus</strong></span> <span class='ocrx_word' id='word_1_451' title='bbox 911 3460 1210 3505; x_wconf 85' lang='lat' dir='ltr'><strong>monstrare</strong></span> <span class='ocrx_word' id='word_1_452' title='bbox 1259 3449 1443 3506; x_wconf 75' lang='lat' dir='ltr'><strong>volens</strong></span> <span class='ocrx_word' id='word_1_453' title='bbox 1481 3451 1725 3505; x_wconf 88' lang='lat' dir='ltr'><strong>barbaris</strong></span> <span class='ocrx_word' id='word_1_454' title='bbox 1749 3451 1889 3520; x_wconf 91' lang='lat' dir='ltr'><strong>quod</strong></span> <span class='ocrx_word' id='word_1_455' title='bbox 1927 3466 2031 3505; x_wconf 92' lang='lat' dir='ltr'><strong>nou</strong></span> 
     </span>
    </p>
   </div>
   <div class='ocr_carea' id='block_1_66' title="bbox 462 3541 2034 3613">
    <p class='ocr_par' dir='ltr' id='par_1_66' title="bbox 462 3541 2034 3613">
     <span class='ocr_line' id='line_1_66' title="bbox 462 3541 2034 3613; baseline 0.001 -18"><span class='ocrx_word' id='word_1_456' title='bbox 462 3552 683 3613; x_wconf 88' lang='lat' dir='ltr'><strong>propter</strong></span> <span class='ocrx_word' id='word_1_457' title='bbox 755 3542 1147 3612; x_wconf 87' lang='lat' dir='ltr'><strong>impotentiam,</strong></span> <span class='ocrx_word' id='word_1_458' title='bbox 1218 3541 1316 3597; x_wconf 89' lang='lat' dir='ltr'><strong>sed</strong></span> <span class='ocrx_word' id='word_1_459' title='bbox 1377 3552 1595 3612; x_wconf 90' lang='lat' dir='ltr'><strong>propter</strong></span> <span class='ocrx_word' id='word_1_460' title='bbox 1661 3552 1882 3611; x_wconf 88' lang='lat' dir='ltr'><strong>peccata</strong></span> <span class='ocrx_word' id='word_1_461' title='bbox 1926 3541 2034 3597; x_wconf 90' lang='lat' dir='ltr'><strong>illis</strong></span> 
     </span>
    </p>
   </div>
   <div class='ocr_carea' id='block_1_67' title="bbox 461 3631 2032 3700">
    <p class='ocr_par' dir='ltr' id='par_1_67' title="bbox 461 3631 2032 3700">
     <span class='ocr_line' id='line_1_67' title="bbox 461 3631 2032 3700; baseline -0.002 -10"><span class='ocrx_word' id='word_1_462' title='bbox 461 3631 680 3690; x_wconf 57' lang='lat' dir='ltr'><strong>Judaeos</strong></span> <span class='ocrx_word' id='word_1_463' title='bbox 732 3636 937 3688; x_wconf 82' lang='lat' dir='ltr'><strong>servire</strong></span> <span class='ocrx_word' id='word_1_464' title='bbox 993 3632 1198 3697; x_wconf 83' lang='lat' dir='ltr'><strong>fecerit,</strong></span> <span class='ocrx_word' id='word_1_465' title='bbox 1232 3632 1455 3687; x_wconf 90' lang='lat' dir='ltr'><strong>immisit</strong></span> <span class='ocrx_word' id='word_1_466' title='bbox 1496 3631 1678 3687; x_wconf 87' lang='lat' dir='ltr'><strong>leones</strong></span> <span class='ocrx_word' id='word_1_467' title='bbox 1716 3632 1766 3686; x_wconf 92' lang='lat' dir='ltr'><strong>in</strong></span> <span class='ocrx_word' id='word_1_468' title='bbox 1801 3646 1915 3697; x_wconf 90' lang='lat' dir='ltr'><strong>eos,</strong></span> <span class='ocrx_word' id='word_1_469' title='bbox 1943 3631 2032 3700; x_wconf 90' lang='lat' dir='ltr'><strong>qui</strong></span> 
     </span>
    </p>
   </div>
   <div class='ocr_carea' id='block_1_68' title="bbox 466 3724 2032 3795">
    <p class='ocr_par' dir='ltr' id='par_1_68' title="bbox 466 3724 2032 3795">
     <span class='ocr_line' id='line_1_68' title="bbox 466 3724 2032 3795; baseline -0.003 -15"><span class='ocrx_word' id='word_1_470' title='bbox 466 3726 520 3780; x_wconf 92' lang='lat' dir='ltr'><strong>in</strong></span> <span class='ocrx_word' id='word_1_471' title='bbox 568 3724 813 3779; x_wconf 89' lang='lat' dir='ltr'><strong>Samaria</strong></span> <span class='ocrx_word' id='word_1_472' title='bbox 861 3724 1197 3791; x_wconf 84' lang='lat' dir='ltr'><strong>habitabant,</strong></span> <span class='ocrx_word' id='word_1_473' title='bbox 1240 3724 1519 3789; x_wconf 74' lang='lat' dir='ltr'><strong>barbaros,</strong></span> <span class='ocrx_word' id='word_1_474' title='bbox 1576 3724 1665 3794; x_wconf 92' lang='lat' dir='ltr'><strong>qui</strong></span> <span class='ocrx_word' id='word_1_475' title='bbox 1689 3724 1808 3779; x_wconf 90' lang='lat' dir='ltr'><strong>illos</strong></span> <span class='ocrx_word' id='word_1_476' title='bbox 1841 3725 2032 3795; x_wconf 86' lang='lat' dir='ltr'><strong>perde-</strong></span> 
     </span>
    </p>
   </div>
   <div class='ocr_carea' id='block_1_69' title="bbox 465 3813 2033 3881">
    <p class='ocr_par' dir='ltr' id='par_1_69' title="bbox 465 3813 2033 3881">
     <span class='ocr_line' id='line_1_69' title="bbox 465 3813 2033 3881; baseline -0.004 -7"><span class='ocrx_word' id='word_1_477' title='bbox 465 3817 825 3874; x_wconf 86' lang='lat' dir='ltr'><strong>bantomnes.</strong></span> <span class='ocrx_word' id='word_1_478' title='bbox 873 3814 985 3869; x_wconf 75' lang='lat' dir='ltr'><strong>Rex</strong></span> <span class='ocrx_word' id='word_1_479' title='bbox 1028 3830 1151 3870; x_wconf 75' lang='lat' dir='ltr'><strong>vero</strong></span> <span class='ocrx_word' id='word_1_480' title='bbox 1181 3831 1301 3868; x_wconf 91' lang='lat' dir='ltr'><strong>cum</strong></span> <span class='ocrx_word' id='word_1_481' title='bbox 1349 3817 1449 3871; x_wconf 91' lang='lat' dir='ltr'><strong>hoc</strong></span> <span class='ocrx_word' id='word_1_482' title='bbox 1483 3816 1746 3881; x_wconf 87' lang='lat' dir='ltr'><strong>audisset,</strong></span> <span class='ocrx_word' id='word_1_483' title='bbox 1791 3816 1938 3869; x_wconf 87' lang='lat' dir='ltr'><strong>misit</strong></span> <span class='ocrx_word' id='word_1_484' title='bbox 1966 3813 2033 3871; x_wconf 88' lang='lat' dir='ltr'><strong>ad</strong></span> 
     </span>
    </p>
   </div>
   <div class='ocr_carea' id='block_1_70' title="bbox 466 3905 2035 3979">
    <p class='ocr_par' dir='ltr' id='par_1_70' title="bbox 466 3905 2035 3979">
     <span class='ocr_line' id='line_1_70' title="bbox 466 3905 2035 3979; baseline -0.003 -17"><span class='ocrx_word' id='word_1_485' title='bbox 466 3910 725 3978; x_wconf 85' lang='lat' dir='ltr'><strong>quosdam</strong></span> <span class='ocrx_word' id='word_1_486' title='bbox 771 3923 838 3965; x_wconf 80' lang='lat' dir='ltr'><strong>ex</strong></span> <span class='ocrx_word' id='word_1_487' title='bbox 870 3909 1170 3963; x_wconf 86' lang='lat' dir='ltr'><strong>senioribus</strong></span> <span class='ocrx_word' id='word_1_488' title='bbox 1213 3906 1430 3972; x_wconf 73' lang='lat' dir='ltr'><strong>Iud-.eis,</strong></span> <span class='ocrx_word' id='word_1_489' title='bbox 1473 3917 1527 3963; x_wconf 91' lang='lat' dir='ltr'><strong>et</strong></span> <span class='ocrx_word' id='word_1_490' title='bbox 1557 3907 1764 3979; x_wconf 77' lang='lat' dir='ltr'><strong>rogarit</strong></span> <span class='ocrx_word' id='word_1_491' title='bbox 1795 3907 1922 3978; x_wconf 89' lang='lat' dir='ltr'><strong>quid</strong></span> <span class='ocrx_word' id='word_1_492' title='bbox 1953 3905 2035 3959; x_wconf 87' lang='lat' dir='ltr'><strong>fa-</strong></span> 
     </span>
    </p>
   </div>
   <div class='ocr_carea' id='block_1_71' title="bbox 468 3999 2032 4070">
    <p class='ocr_par' dir='ltr' id='par_1_71' title="bbox 468 3999 2032 4070">
     <span class='ocr_line' id='line_1_71' title="bbox 468 3999 2032 4070; baseline 0.001 -17"><span class='ocrx_word' id='word_1_493' title='bbox 468 4002 738 4067; x_wconf 87' lang='lat' dir='ltr'><strong>ciendum,</strong></span> <span class='ocrx_word' id='word_1_494' title='bbox 771 4011 829 4053; x_wconf 94' lang='lat' dir='ltr'><strong>ut</strong></span> <span class='ocrx_word' id='word_1_495' title='bbox 875 4016 982 4058; x_wconf 82' lang='lat' dir='ltr'><strong>non</strong></span> <span class='ocrx_word' id='word_1_496' title='bbox 1034 3999 1173 4053; x_wconf 89' lang='lat' dir='ltr'><strong>ultra</strong></span> <span class='ocrx_word' id='word_1_497' title='bbox 1218 3999 1403 4056; x_wconf 83' lang='lat' dir='ltr'><strong>leones</strong></span> <span class='ocrx_word' id='word_1_498' title='bbox 1449 4002 1675 4070; x_wconf 88' lang='lat' dir='ltr'><strong>perdant</strong></span> <span class='ocrx_word' id='word_1_499' title='bbox 1711 4014 1826 4065; x_wconf 89' lang='lat' dir='ltr'><strong>eos,</strong></span> <span class='ocrx_word' id='word_1_500' title='bbox 1864 4000 2032 4069; x_wconf 83' lang='lat' dir='ltr'><strong>quiin</strong></span> 
     </span>
    </p>
   </div>
   <div class='ocr_carea' id='block_1_72' title="bbox 469 4093 2033 4158">
    <p class='ocr_par' dir='ltr' id='par_1_72' title="bbox 469 4093 2033 4158">
     <span class='ocr_line' id='line_1_72' title="bbox 469 4093 2033 4158; baseline -0.001 -12"><span class='ocrx_word' id='word_1_501' title='bbox 469 4094 738 4158; x_wconf 75' lang='lat' dir='ltr'><strong>Samaria,</strong></span> <span class='ocrx_word' id='word_1_502' title='bbox 791 4093 1071 4147; x_wconf 90' lang='lat' dir='ltr'><strong>barbaros.</strong></span> <span class='ocrx_word' id='word_1_503' title='bbox 1116 4093 1196 4153; x_wconf 90' lang='lat' dir='ltr'><strong>Illi</strong></span> <span class='ocrx_word' id='word_1_504' title='bbox 1259 4103 1437 4150; x_wconf 88' lang='lat' dir='ltr'><strong>autem</strong></span> <span class='ocrx_word' id='word_1_505' title='bbox 1492 4095 1823 4148; x_wconf 85' lang='lat' dir='ltr'><strong>enarrabant</strong></span> <span class='ocrx_word' id='word_1_506' title='bbox 1869 4093 2033 4149; x_wconf 86' lang='lat' dir='ltr'><strong>Deum</strong></span> 
     </span>
    </p>
   </div>
   <div class='ocr_carea' id='block_1_73' title="bbox 467 4185 2035 4255">
    <p class='ocr_par' dir='ltr' id='par_1_73' title="bbox 467 4185 2035 4255">
     <span class='ocr_line' id='line_1_73' title="bbox 467 4185 2035 4255; baseline 0.001 -16"><span class='ocrx_word' id='word_1_507' title='bbox 467 4185 632 4241; x_wconf 85' lang='lat' dir='ltr'><strong>Israel</strong></span> <span class='ocrx_word' id='word_1_508' title='bbox 655 4187 928 4255; x_wconf 87' lang='lat' dir='ltr'><strong>suspicere</strong></span> <span class='ocrx_word' id='word_1_509' title='bbox 959 4187 1133 4242; x_wconf 92' lang='lat' dir='ltr'><strong>locum</strong></span> <span class='ocrx_word' id='word_1_510' title='bbox 1159 4187 1330 4251; x_wconf 92' lang='lat' dir='ltr'><strong>illum,</strong></span> <span class='ocrx_word' id='word_1_511' title='bbox 1362 4196 1415 4242; x_wconf 91' lang='lat' dir='ltr'><strong>et</strong></span> <span class='ocrx_word' id='word_1_512' title='bbox 1448 4202 1553 4243; x_wconf 87' lang='lat' dir='ltr'><strong>non</strong></span> <span class='ocrx_word' id='word_1_513' title='bbox 1591 4187 1771 4242; x_wconf 89' lang='lat' dir='ltr'><strong>sinere</strong></span> <span class='ocrx_word' id='word_1_514' title='bbox 1792 4186 2035 4241; x_wconf 87' lang='lat' dir='ltr'><strong>habitare</strong></span> 
     </span>
    </p>
   </div>
   <div class='ocr_carea' id='block_1_74' title="bbox 470 4274 2036 4348">
    <p class='ocr_par' dir='ltr' id='par_1_74' title="bbox 470 4274 2036 4348">
     <span class='ocr_line' id='line_1_74' title="bbox 470 4274 2036 4348; baseline 0.002 -20"><span class='ocrx_word' id='word_1_515' title='bbox 470 4274 579 4329; x_wconf 91' lang='lat' dir='ltr'><strong>illic</strong></span> <span class='ocrx_word' id='word_1_516' title='bbox 617 4289 711 4329; x_wconf 85' lang='lat' dir='ltr'><strong>eos</strong></span> <span class='ocrx_word' id='word_1_517' title='bbox 754 4276 845 4345; x_wconf 87' lang='lat' dir='ltr'><strong>qui</strong></span> <span class='ocrx_word' id='word_1_518' title='bbox 879 4291 972 4331; x_wconf 88' lang='lat' dir='ltr'><strong>sua</strong></span> <span class='ocrx_word' id='word_1_519' title='bbox 1026 4277 1258 4347; x_wconf 84' lang='lat' dir='ltr'><strong>legitima</strong></span> <span class='ocrx_word' id='word_1_520' title='bbox 1312 4278 1577 4348; x_wconf 85' lang='lat' dir='ltr'><strong>ignorent.</strong></span> <span class='ocrx_word' id='word_1_521' title='bbox 1609 4276 1777 4347; x_wconf 81' lang='lat' dir='ltr'><strong>Igitur</strong></span> <span class='ocrx_word' id='word_1_522' title='bbox 1815 4278 1858 4331; x_wconf 83' lang='lat' dir='ltr'><strong>si</strong></span> <span class='ocrx_word' id='word_1_523' title='bbox 1890 4290 2036 4331; x_wconf 72' lang='lat' dir='ltr'><strong>cura:</strong></span> 
     </span>
    </p>
   </div>
   <div class='ocr_carea' id='block_1_75' title="bbox 470 4366 2033 4436">
    <p class='ocr_par' dir='ltr' id='par_1_75' title="bbox 470 4366 2033 4436">
     <span class='ocr_line' id='line_1_75' title="bbox 470 4366 2033 4436; baseline 0.002 -15"><span class='ocrx_word' id='word_1_524' title='bbox 470 4366 573 4421; x_wconf 88' lang='lat' dir='ltr'><strong>sibi</strong></span> <span class='ocrx_word' id='word_1_525' title='bbox 614 4366 723 4421; x_wconf 81' lang='lat' dir='ltr'><strong>sint</strong></span> <span class='ocrx_word' id='word_1_526' title='bbox 754 4367 969 4422; x_wconf 89' lang='lat' dir='ltr'><strong>barbari</strong></span> <span class='ocrx_word' id='word_1_527' title='bbox 997 4369 1087 4436; x_wconf 89' lang='lat' dir='ltr'><strong>qui</strong></span> <span class='ocrx_word' id='word_1_528' title='bbox 1119 4369 1245 4434; x_wconf 91' lang='lat' dir='ltr'><strong>illic,</strong></span> <span class='ocrx_word' id='word_1_529' title='bbox 1276 4370 1450 4422; x_wconf 87' lang='lat' dir='ltr'><strong>mittat</strong></span> <span class='ocrx_word' id='word_1_530' title='bbox 1477 4367 1693 4424; x_wconf 74' lang='lat' dir='ltr'><strong>Iudaeos</strong></span> <span class='ocrx_word' id='word_1_531' title='bbox 1723 4370 2033 4425; x_wconf 87' lang='lat' dir='ltr'><strong>sacerdotes</strong></span> 
     </span>
    </p>
   </div>
   <div class='ocr_carea' id='block_1_76' title="bbox 468 4452 2117 4528">
    <p class='ocr_par' dir='ltr' id='par_1_76' title="bbox 468 4452 2117 4528">
     <span class='ocr_line' id='line_1_76' title="bbox 468 4452 2117 4528; baseline -0.001 -19"><span class='ocrx_word' id='word_1_532' title='bbox 468 4457 558 4527; x_wconf 82' lang='lat' dir='ltr'><strong>qui</strong></span> <span class='ocrx_word' id='word_1_533' title='bbox 628 4458 720 4512; x_wconf 88' lang='lat' dir='ltr'><strong>Dei</strong></span> <span class='ocrx_word' id='word_1_534' title='bbox 785 4459 1019 4527; x_wconf 83' lang='lat' dir='ltr'><strong>legitima</strong></span> <span class='ocrx_word' id='word_1_535' title='bbox 1073 4460 1319 4515; x_wconf 85' lang='lat' dir='ltr'><strong>barbaris</strong></span> <span class='ocrx_word' id='word_1_536' title='bbox 1364 4460 1601 4524; x_wconf 88' lang='lat' dir='ltr'><strong>tradant,</strong></span> <span class='ocrx_word' id='word_1_537' title='bbox 1641 4469 1696 4514; x_wconf 93' lang='lat' dir='ltr'><strong>et</strong></span> <span class='ocrx_word' id='word_1_538' title='bbox 1719 4461 1797 4514; x_wconf 90' lang='lat' dir='ltr'><strong>sic</strong></span> <span class='ocrx_word' id='word_1_539' title='bbox 1826 4459 2037 4528; x_wconf 87' lang='lat' dir='ltr'><strong>placent</strong></span> <span class='ocrx_word' id='word_1_540' title='bbox 2072 4452 2117 4508; x_wconf 88' lang='lat' dir='ltr'><strong>D</strong></span> 
     </span>
    </p>
   </div>
   <div class='ocr_carea' id='block_1_77' title="bbox 471 4547 2034 4620">
    <p class='ocr_par' dir='ltr' id='par_1_77' title="bbox 471 4547 2034 4620">
     <span class='ocr_line' id='line_1_77' title="bbox 471 4547 2034 4620; baseline 0.003 -19"><span class='ocrx_word' id='word_1_541' title='bbox 471 4549 664 4603; x_wconf 82' lang='lat' dir='ltr'><strong>Deum.</strong></span> <span class='ocrx_word' id='word_1_542' title='bbox 719 4547 1067 4620; x_wconf 88' lang='lat' dir='ltr'><strong>Obtemperat</strong></span> <span class='ocrx_word' id='word_1_543' title='bbox 1108 4551 1214 4607; x_wconf 88' lang='lat' dir='ltr'><strong>illis</strong></span> <span class='ocrx_word' id='word_1_544' title='bbox 1266 4565 1381 4614; x_wconf 80' lang='lat' dir='ltr'><strong>rex,</strong></span> <span class='ocrx_word' id='word_1_545' title='bbox 1410 4557 1465 4605; x_wconf 82' lang='lat' dir='ltr'><strong>et</strong></span> <span class='ocrx_word' id='word_1_546' title='bbox 1506 4549 1670 4603; x_wconf 86' lang='lat' dir='ltr'><strong>mittit</strong></span> <span class='ocrx_word' id='word_1_547' title='bbox 1700 4551 2034 4605; x_wconf 86' lang='lat' dir='ltr'><strong>sacerdotem</strong></span> 
     </span>
    </p>
   </div>
   <div class='ocr_carea' id='block_1_78' title="bbox 470 4637 2037 4713">
    <p class='ocr_par' dir='ltr' id='par_1_78' title="bbox 470 4637 2037 4713">
     <span class='ocr_line' id='line_1_78' title="bbox 470 4637 2037 4713; baseline 0 -19"><span class='ocrx_word' id='word_1_548' title='bbox 470 4643 754 4713; x_wconf 86' lang='lat' dir='ltr'><strong>quemdam</strong></span> <span class='ocrx_word' id='word_1_549' title='bbox 790 4641 1107 4696; x_wconf 89' lang='lat' dir='ltr'><strong>traditurum</strong></span> <span class='ocrx_word' id='word_1_550' title='bbox 1159 4641 1263 4706; x_wconf 83' lang='lat' dir='ltr'><strong>his,</strong></span> <span class='ocrx_word' id='word_1_551' title='bbox 1300 4642 1389 4711; x_wconf 88' lang='lat' dir='ltr'><strong>qui</strong></span> <span class='ocrx_word' id='word_1_552' title='bbox 1420 4640 1470 4694; x_wconf 92' lang='lat' dir='ltr'><strong>in</strong></span> <span class='ocrx_word' id='word_1_553' title='bbox 1491 4637 1759 4705; x_wconf 87' lang='lat' dir='ltr'><strong>Samaria,</strong></span> <span class='ocrx_word' id='word_1_554' title='bbox 1793 4639 2037 4694; x_wconf 85' lang='lat' dir='ltr'><strong>barbaris</strong></span> 
     </span>
    </p>
   </div>
   <div class='ocr_carea' id='block_1_79' title="bbox 472 4732 2037 4803">
    <p class='ocr_par' dir='ltr' id='par_1_79' title="bbox 472 4732 2037 4803">
     <span class='ocr_line' id='line_1_79' title="bbox 472 4732 2037 4803; baseline -0.001 -16"><span class='ocrx_word' id='word_1_555' title='bbox 472 4735 642 4803; x_wconf 67' lang='lat' dir='ltr'><strong>legem</strong></span> <span class='ocrx_word' id='word_1_556' title='bbox 708 4733 821 4787; x_wconf 84' lang='lat' dir='ltr'><strong>Dei.</strong></span> <span class='ocrx_word' id='word_1_557' title='bbox 858 4733 927 4785; x_wconf 84' lang='lat' dir='ltr'><strong>At</strong></span> <span class='ocrx_word' id='word_1_558' title='bbox 980 4733 1056 4787; x_wconf 92' lang='lat' dir='ltr'><strong>illi</strong></span> <span class='ocrx_word' id='word_1_559' title='bbox 1098 4746 1200 4786; x_wconf 89' lang='lat' dir='ltr'><strong>non</strong></span> <span class='ocrx_word' id='word_1_560' title='bbox 1228 4746 1413 4786; x_wconf 86' lang='lat' dir='ltr'><strong>omnes</strong></span> <span class='ocrx_word' id='word_1_561' title='bbox 1443 4732 1611 4787; x_wconf 91' lang='lat' dir='ltr'><strong>libros</strong></span> <span class='ocrx_word' id='word_1_562' title='bbox 1647 4732 1857 4787; x_wconf 79' lang='lat' dir='ltr'><strong>divinos</strong></span> <span class='ocrx_word' id='word_1_563' title='bbox 1888 4746 2037 4786; x_wconf 86' lang='lat' dir='ltr'><strong>recc-</strong></span> 
     </span>
    </p>
   </div>
   <div class='ocr_carea' id='block_1_80' title="bbox 474 4823 2037 4896">
    <p class='ocr_par' dir='ltr' id='par_1_80' title="bbox 474 4823 2037 4896">
     <span class='ocr_line' id='line_1_80' title="bbox 474 4823 2037 4896; baseline 0 -21"><span class='ocrx_word' id='word_1_564' title='bbox 474 4837 687 4896; x_wconf 80' lang='lat' dir='ltr'><strong>perunt,</strong></span> <span class='ocrx_word' id='word_1_565' title='bbox 722 4827 814 4880; x_wconf 85' lang='lat' dir='ltr'><strong>sed</strong></span> <span class='ocrx_word' id='word_1_566' title='bbox 847 4835 1051 4878; x_wconf 91' lang='lat' dir='ltr'><strong>tantum</strong></span> <span class='ocrx_word' id='word_1_567' title='bbox 1073 4826 1306 4894; x_wconf 78' lang='lat' dir='ltr'><strong>quinque</strong></span> <span class='ocrx_word' id='word_1_568' title='bbox 1329 4826 1490 4878; x_wconf 87' lang='lat' dir='ltr'><strong>libros</strong></span> <span class='ocrx_word' id='word_1_569' title='bbox 1516 4823 1734 4895; x_wconf 80' lang='lat' dir='ltr'><strong>Moysis,</strong></span> <span class='ocrx_word' id='word_1_570' title='bbox 1763 4823 2037 4890; x_wconf 85' lang='lat' dir='ltr'><strong>Genesitn,</strong></span> 
     </span>
    </p>
   </div>
   <div class='ocr_carea' id='block_1_81' title="bbox 477 4912 2037 4982">
    <p class='ocr_par' dir='ltr' id='par_1_81' title="bbox 477 4912 2037 4982">
     <span class='ocr_line' id='line_1_81' title="bbox 477 4912 2037 4982; baseline -0.003 -12"><span class='ocrx_word' id='word_1_571' title='bbox 477 4918 738 4982; x_wconf 74' lang='lat' dir='ltr'><strong>Exodum,</strong></span> <span class='ocrx_word' id='word_1_572' title='bbox 770 4916 1094 4979; x_wconf 83' lang='lat' dir='ltr'><strong>Leviticum,</strong></span> <span class='ocrx_word' id='word_1_573' title='bbox 1142 4912 1405 4970; x_wconf 81' lang='lat' dir='ltr'><strong>Numeros</strong></span> <span class='ocrx_word' id='word_1_574' title='bbox 1434 4926 1490 4969; x_wconf 91' lang='lat' dir='ltr'><strong>et</strong></span> <span class='ocrx_word' id='word_1_575' title='bbox 1520 4914 1988 4970; x_wconf 87' lang='lat' dir='ltr'><strong>Deuteronomium</strong></span> <span class='ocrx_word' id='word_1_576' title='bbox 2022 4929 2037 4966; x_wconf 91' lang='lat'><strong>:</strong></span> 
     </span>
    </p>
   </div>
   <div class='ocr_carea' id='block_1_82' title="bbox 475 5006 2043 5077">
    <p class='ocr_par' dir='ltr' id='par_1_82' title="bbox 475 5006 2043 5077">
     <span class='ocr_line' id='line_1_82' title="bbox 475 5006 2043 5077; baseline -0.001 -16"><span class='ocrx_word' id='word_1_577' title='bbox 475 5023 648 5077; x_wconf 82' lang='lat' dir='ltr'><strong>neque</strong></span> <span class='ocrx_word' id='word_1_578' title='bbox 677 5007 914 5077; x_wconf 79' lang='lat' dir='ltr'><strong>perfecte</strong></span> <span class='ocrx_word' id='word_1_579' title='bbox 942 5007 1010 5061; x_wconf 91' lang='lat' dir='ltr'><strong>ab</strong></span> <span class='ocrx_word' id='word_1_580' title='bbox 1041 5006 1314 5075; x_wconf 89' lang='lat' dir='ltr'><strong>impietate</strong></span> <span class='ocrx_word' id='word_1_581' title='bbox 1351 5007 1736 5070; x_wconf 87' lang='lat' dir='ltr'><strong>discesserunt,</strong></span> <span class='ocrx_word' id='word_1_582' title='bbox 1777 5014 1833 5060; x_wconf 89' lang='lat' dir='ltr'><strong>et</strong></span> <span class='ocrx_word' id='word_1_583' title='bbox 1858 5016 2043 5075; x_wconf 86' lang='lat' dir='ltr'><strong>poste-</strong></span> 
     </span>
    </p>
   </div>
   <div class='ocr_carea' id='block_1_83' title="bbox 478 5098 2042 5169">
    <p class='ocr_par' dir='ltr' id='par_1_83' title="bbox 478 5098 2042 5169">
     <span class='ocr_line' id='line_1_83' title="bbox 478 5098 2042 5169; baseline -0.001 -14"><span class='ocrx_word' id='word_1_584' title='bbox 478 5103 710 5155; x_wconf 82' lang='lat' dir='ltr'><strong>rioribus</strong></span> <span class='ocrx_word' id='word_1_585' title='bbox 733 5101 946 5169; x_wconf 87' lang='lat' dir='ltr'><strong>quidem</strong></span> <span class='ocrx_word' id='word_1_586' title='bbox 973 5098 1305 5169; x_wconf 78' lang='lat' dir='ltr'><strong>temporibus</strong></span> <span class='ocrx_word' id='word_1_587' title='bbox 1331 5098 1658 5153; x_wconf 87' lang='lat' dir='ltr'><strong>abstiterunt</strong></span> <span class='ocrx_word' id='word_1_588' title='bbox 1681 5101 1748 5152; x_wconf 89' lang='lat' dir='ltr'><strong>ab</strong></span> <span class='ocrx_word' id='word_1_589' title='bbox 1780 5098 2042 5153; x_wconf 87' lang='lat' dir='ltr'><strong>idolorum</strong></span> 
     </span>
    </p>
   </div>
   <div class='ocr_carea' id='block_1_84' title="bbox 479 5190 2045 5264">
    <p class='ocr_par' dir='ltr' id='par_1_84' title="bbox 479 5190 2045 5264">
     <span class='ocr_line' id='line_1_84' title="bbox 479 5190 2045 5264; baseline 0 -19"><span class='ocrx_word' id='word_1_590' title='bbox 479 5192 648 5257; x_wconf 77' lang='lat' dir='ltr'><strong>cultu,</strong></span> <span class='ocrx_word' id='word_1_591' title='bbox 684 5192 958 5264; x_wconf 76' lang='lat' dir='ltr'><strong>Deumque</strong></span> <span class='ocrx_word' id='word_1_592' title='bbox 998 5193 1303 5248; x_wconf 91' lang='lat' dir='ltr'><strong>coluerunt.</strong></span> <span class='ocrx_word' id='word_1_593' title='bbox 1348 5194 1534 5261; x_wconf 89' lang='lat' dir='ltr'><strong>Itaque</strong></span> <span class='ocrx_word' id='word_1_594' title='bbox 1555 5190 1723 5245; x_wconf 72' lang='lat' dir='ltr'><strong>.lndzci</strong></span> <span class='ocrx_word' id='word_1_595' title='bbox 1756 5208 1784 5245; x_wconf 94' lang='lat' dir='ltr'><strong>a</strong></span> <span class='ocrx_word' id='word_1_596' title='bbox 1816 5194 2045 5263; x_wconf 82' lang='lat' dir='ltr'><strong>captivi-</strong></span> 
     </span>
    </p>
   </div>
   <div class='ocr_carea' id='block_1_85' title="bbox 481 5284 2038 5357">
    <p class='ocr_par' dir='ltr' id='par_1_85' title="bbox 481 5284 2038 5357">
     <span class='ocr_line' id='line_1_85' title="bbox 481 5284 2038 5357; baseline -0.001 -16"><span class='ocrx_word' id='word_1_597' title='bbox 481 5296 588 5341; x_wconf 89' lang='lat' dir='ltr'><strong>tate</strong></span> <span class='ocrx_word' id='word_1_598' title='bbox 649 5290 875 5357; x_wconf 80' lang='lat' dir='ltr'><strong>regressi</strong></span> <span class='ocrx_word' id='word_1_599' title='bbox 924 5287 1313 5343; x_wconf 63' lang='lat' dir='ltr'><strong>aemulabantur</strong></span> <span class='ocrx_word' id='word_1_600' title='bbox 1361 5285 1498 5351; x_wconf 88' lang='lat' dir='ltr'><strong>illos,</strong></span> <span class='ocrx_word' id='word_1_601' title='bbox 1552 5293 1737 5354; x_wconf 90' lang='lat' dir='ltr'><strong>utpote</strong></span> <span class='ocrx_word' id='word_1_602' title='bbox 1786 5284 2038 5353; x_wconf 83' lang='lat' dir='ltr'><strong>Assyrios</strong></span> 
     </span>
    </p>
   </div>
   <div class='ocr_carea' id='block_1_86' title="bbox 478 5375 2038 5445">
    <p class='ocr_par' dir='ltr' id='par_1_86' title="bbox 478 5375 2038 5445">
     <span class='ocr_line' id='line_1_86' title="bbox 478 5375 2038 5445; baseline 0 -16"><span class='ocrx_word' id='word_1_603' title='bbox 478 5392 696 5445; x_wconf 82' lang='lat' dir='ltr'><strong>genere,</strong></span> <span class='ocrx_word' id='word_1_604' title='bbox 731 5389 783 5430; x_wconf 87' lang='lat' dir='ltr'><strong>et</strong></span> <span class='ocrx_word' id='word_1_605' title='bbox 813 5393 839 5429; x_wconf 89' lang='lat' dir='ltr'><strong>a</strong></span> <span class='ocrx_word' id='word_1_606' title='bbox 873 5389 1055 5433; x_wconf 91' lang='lat' dir='ltr'><strong>monte</strong></span> <span class='ocrx_word' id='word_1_607' title='bbox 1086 5376 1463 5431; x_wconf 88' lang='lat' dir='ltr'><strong>Samaritanos</strong></span> <span class='ocrx_word' id='word_1_608' title='bbox 1488 5376 1769 5430; x_wconf 78' lang='lat' dir='ltr'><strong>vocabant.</strong></span> <span class='ocrx_word' id='word_1_609' title='bbox 1804 5375 1880 5429; x_wconf 92' lang='lat' dir='ltr'><strong>Illi</strong></span> <span class='ocrx_word' id='word_1_610' title='bbox 1913 5391 2038 5429; x_wconf 79' lang='lat' dir='ltr'><strong>vero</strong></span> 
     </span>
    </p>
   </div>
   <div class='ocr_carea' id='block_1_87' title="bbox 478 5468 2037 5539">
    <p class='ocr_par' dir='ltr' id='par_1_87' title="bbox 478 5468 2037 5539">
     <span class='ocr_line' id='line_1_87' title="bbox 478 5468 2037 5539; baseline -0.004 -15"><span class='ocrx_word' id='word_1_611' title='bbox 478 5472 750 5525; x_wconf 78' lang='lat' dir='ltr'><strong>Abraham</strong></span> <span class='ocrx_word' id='word_1_612' title='bbox 779 5479 832 5523; x_wconf 83' lang='lat' dir='ltr'><strong>rt</strong></span> <span class='ocrx_word' id='word_1_613' title='bbox 883 5468 1051 5523; x_wconf 84' lang='lat' dir='ltr'><strong>Jaeob</strong></span> <span class='ocrx_word' id='word_1_614' title='bbox 1084 5470 1451 5539; x_wconf 77' lang='lat' dir='ltr'><strong>progenitores</strong></span> <span class='ocrx_word' id='word_1_615' title='bbox 1480 5482 1607 5522; x_wconf 87' lang='lat' dir='ltr'><strong>suos</strong></span> <span class='ocrx_word' id='word_1_616' title='bbox 1646 5468 1995 5521; x_wconf 89' lang='lat' dir='ltr'><strong>nominabant</strong></span> <span class='ocrx_word' id='word_1_617' title='bbox 2026 5483 2037 5518; x_wconf 93' lang='lat'>:</span> 
     </span>
    </p>
   </div>
   <div class='ocr_carea' id='block_1_88' title="bbox 480 5558 2042 5635">
    <p class='ocr_par' dir='ltr' id='par_1_88' title="bbox 480 5558 2042 5635">
     <span class='ocr_line' id='line_1_88' title="bbox 480 5558 2042 5635; baseline -0.003 -20"><span class='ocrx_word' id='word_1_618' title='bbox 480 5564 730 5635; x_wconf 75' lang='lat' dir='ltr'><strong>quoniam</strong></span> <span class='ocrx_word' id='word_1_619' title='bbox 767 5561 1038 5615; x_wconf 81' lang='lat' dir='ltr'><strong>Abraham</strong></span> <span class='ocrx_word' id='word_1_620' title='bbox 1071 5560 1352 5616; x_wconf 70' lang='lat' dir='ltr'><strong>Chalda-tts</strong></span> <span class='ocrx_word' id='word_1_621' title='bbox 1387 5560 1583 5626; x_wconf 88' lang='lat' dir='ltr'><strong>fuerat,</strong></span> <span class='ocrx_word' id='word_1_622' title='bbox 1614 5572 1665 5614; x_wconf 91' lang='lat' dir='ltr'><strong>et</strong></span> <span class='ocrx_word' id='word_1_623' title='bbox 1697 5558 1882 5625; x_wconf 68' lang='lat' dir='ltr'><strong>Iacob,</strong></span> <span class='ocrx_word' id='word_1_624' title='bbox 1917 5573 2042 5626; x_wconf 85' lang='lat' dir='ltr'><strong>pro-</strong></span> 
     </span>
    </p>
   </div>
   <div class='ocr_carea' id='block_1_89' title="bbox 2136 3179 3795 3267">
    <p class='ocr_par' dir='ltr' id='par_1_89' title="bbox 2136 3179 3795 3267">
     <span class='ocr_line' id='line_1_89' title="bbox 2136 3179 3795 3267; baseline -0.016 -16"><span class='ocrx_word' id='word_1_625' title='bbox 2136 3198 2230 3250; x_wconf 75' lang='grc' dir='ltr'>καὶ</span> <span class='ocrx_word' id='word_1_626' title='bbox 2253 3193 2468 3267; x_wconf 74' lang='grc' dir='ltr'>Μήδους</span> <span class='ocrx_word' id='word_1_627' title='bbox 2496 3193 2825 3264; x_wconf 82' lang='grc' dir='ltr'>μετήγαγεν,</span> <span class='ocrx_word' id='word_1_628' title='bbox 2857 3186 3062 3241; x_wconf 75' lang='grc' dir='ltr'>ἐκεῖθεν</span> <span class='ocrx_word' id='word_1_629' title='bbox 3092 3184 3148 3238; x_wconf 79' lang='grc' dir='ltr'>δὲ</span> <span class='ocrx_word' id='word_1_630' title='bbox 3183 3181 3313 3251; x_wconf 77' lang='grc' dir='ltr'>ἔθνη</span> <span class='ocrx_word' id='word_1_631' title='bbox 3343 3181 3408 3233; x_wconf 80' lang='grc' dir='ltr'>ἐκ</span> <span class='ocrx_word' id='word_1_632' title='bbox 3434 3179 3694 3267; x_wconf 75' lang='grc' dir='ltr'>διαφόρων</span> <span class='ocrx_word' id='word_1_633' title='bbox 3786 3250 3795 3255; x_wconf 78' lang='lat'><em>_</em></span> 
     </span>
    </p>
   </div>
   <div class='ocr_carea' id='block_1_90' title="bbox 2133 3266 3695 3352">
    <p class='ocr_par' dir='ltr' id='par_1_90' title="bbox 2133 3266 3695 3352">
     <span class='ocr_line' id='line_1_90' title="bbox 2133 3266 3695 3352; baseline -0.016 -12"><span class='ocrx_word' id='word_1_634' title='bbox 2133 3266 2605 3352; x_wconf 14' lang='grc' dir='ltr'>τόπωνίάιίαγὼν,</span> <span class='ocrx_word' id='word_1_635' title='bbox 2632 3278 2940 3350; x_wconf 75' lang='grc' dir='ltr'>κατῴκισεν</span> <span class='ocrx_word' id='word_1_636' title='bbox 2968 3278 3025 3328; x_wconf 83' lang='grc' dir='ltr'>ὲν</span> <span class='ocrx_word' id='word_1_637' title='bbox 3053 3276 3118 3348; x_wconf 78' lang='grc' dir='ltr'><strong>τῇ</strong></span> <span class='ocrx_word' id='word_1_638' title='bbox 3153 3270 3465 3341; x_wconf 76' lang='grc' dir='ltr'>Σαμαρείᾳ.</span> <span class='ocrx_word' id='word_1_639' title='bbox 3492 3266 3695 3319; x_wconf 84' lang='grc' dir='ltr'>Τούτων</span> 
     </span>
    </p>
   </div>
   <div class='ocr_carea' id='block_1_91' title="bbox 2133 3355 3691 3446">
    <p class='ocr_par' dir='ltr' id='par_1_91' title="bbox 2133 3355 3691 3446">
     <span class='ocr_line' id='line_1_91' title="bbox 2133 3355 3691 3446; baseline -0.016 -14"><span class='ocrx_word' id='word_1_640' title='bbox 2133 3378 2190 3432; x_wconf 79' lang='grc' dir='ltr'>δὲ</span> <span class='ocrx_word' id='word_1_641' title='bbox 2219 3376 2553 3446; x_wconf 77' lang='grc' dir='ltr'>γενομένων,</span> <span class='ocrx_word' id='word_1_642' title='bbox 2584 3371 2908 3444; x_wconf 85' lang='grc' dir='ltr'>βουλόμενος</span> <span class='ocrx_word' id='word_1_643' title='bbox 2931 3370 2959 3421; x_wconf 89' lang='grc' dir='ltr'><strong>ό</strong></span> <span class='ocrx_word' id='word_1_644' title='bbox 2988 3367 3117 3429; x_wconf 73' lang='grc' dir='ltr'>Θεὸς</span> <span class='ocrx_word' id='word_1_645' title='bbox 3149 3365 3318 3429; x_wconf 80' lang='grc' dir='ltr'>δεῖξαι</span> <span class='ocrx_word' id='word_1_646' title='bbox 3346 3362 3460 3423; x_wconf 91' lang='grc' dir='ltr'>τοῖς</span> <span class='ocrx_word' id='word_1_647' title='bbox 3509 3355 3691 3428; x_wconf 68' lang='grc' dir='ltr'>βαρϐα-</span> 
     </span>
    </p>
   </div>
   <div class='ocr_carea' id='block_1_92' title="bbox 2140 3449 3691 3541">
    <p class='ocr_par' dir='ltr' id='par_1_92' title="bbox 2140 3449 3691 3541">
     <span class='ocr_line' id='line_1_92' title="bbox 2140 3449 3691 3541; baseline -0.015 -16"><span class='ocrx_word' id='word_1_648' title='bbox 2140 3488 2277 3541; x_wconf 82' lang='grc' dir='ltr'>ροις,</span> <span class='ocrx_word' id='word_1_649' title='bbox 2305 3470 2387 3523; x_wconf 78' lang='grc' dir='ltr'>ὅτι</span> <span class='ocrx_word' id='word_1_650' title='bbox 2414 3467 2489 3538; x_wconf 77' lang='grc' dir='ltr'>μὴ</span> <span class='ocrx_word' id='word_1_651' title='bbox 2505 3466 2573 3520; x_wconf 73' lang='grc' dir='ltr'>δι’</span> <span class='ocrx_word' id='word_1_652' title='bbox 2601 3464 2910 3527; x_wconf 83' lang='grc' dir='ltr'>ἀσθένειαν,</span> <span class='ocrx_word' id='word_1_653' title='bbox 2935 3459 3071 3514; x_wconf 78' lang='grc' dir='ltr'>ἀλλὰ</span> <span class='ocrx_word' id='word_1_654' title='bbox 3088 3457 3155 3512; x_wconf 78' lang='grc' dir='ltr'><strong>δι’</strong></span> <span class='ocrx_word' id='word_1_655' title='bbox 3178 3453 3453 3527; x_wconf 82' lang='grc' dir='ltr'>ἁμαρτίαν</span> <span class='ocrx_word' id='word_1_656' title='bbox 3477 3449 3691 3515; x_wconf 74' lang='grc' dir='ltr'>ἐξέδωκε</span> 
     </span>
    </p>
   </div>
   <div class='ocr_carea' id='block_1_93' title="bbox 2135 3544 3692 3624">
    <p class='ocr_par' dir='ltr' id='par_1_93' title="bbox 2135 3544 3692 3624">
     <span class='ocr_line' id='line_1_93' title="bbox 2135 3544 3692 3624; baseline -0.015 -8"><span class='ocrx_word' id='word_1_657' title='bbox 2135 3563 2260 3624; x_wconf 80' lang='grc' dir='ltr'>τοὺς</span> <span class='ocrx_word' id='word_1_658' title='bbox 2304 3559 2591 3621; x_wconf 88' lang='grc' dir='ltr'>Ἰουδαίους</span> <span class='ocrx_word' id='word_1_659' title='bbox 2625 3556 2829 3618; x_wconf 80' lang='grc' dir='ltr'>αὐτοῖς,</span> <span class='ocrx_word' id='word_1_660' title='bbox 2854 3551 3118 3620; x_wconf 76' lang='grc' dir='ltr'>ἐπαφίησι</span> <span class='ocrx_word' id='word_1_661' title='bbox 3147 3549 3371 3609; x_wconf 83' lang='grc' dir='ltr'>λέοντας</span> <span class='ocrx_word' id='word_1_662' title='bbox 3420 3544 3537 3604; x_wconf 84' lang='grc' dir='ltr'>τοῖς</span> <span class='ocrx_word' id='word_1_663' title='bbox 3570 3556 3692 3611; x_wconf 77' lang='grc' dir='ltr'>μετ-ι</span> 
     </span>
    </p>
   </div>
   <div class='ocr_carea' id='block_1_94' title="bbox 2134 3629 3693 3716">
    <p class='ocr_par' dir='ltr' id='par_1_94' title="bbox 2134 3629 3693 3716">
     <span class='ocr_line' id='line_1_94' title="bbox 2134 3629 3693 3716; baseline -0.016 -10"><span class='ocrx_word' id='word_1_664' title='bbox 2134 3650 2461 3706; x_wconf 88' lang='grc' dir='ltr'>οικισθεῖσιν</span> <span class='ocrx_word' id='word_1_665' title='bbox 2488 3649 2545 3701; x_wconf 80' lang='grc' dir='ltr'><strong>έν</strong></span> <span class='ocrx_word' id='word_1_666' title='bbox 2571 3645 2857 3716; x_wconf 74' lang='grc' dir='ltr'>Σαμαρείᾳ</span> <span class='ocrx_word' id='word_1_667' title='bbox 2904 3641 3216 3713; x_wconf 74' lang='grc' dir='ltr'>βαρϐάροις,</span> <span class='ocrx_word' id='word_1_668' title='bbox 3259 3637 3455 3697; x_wconf 80' lang='grc' dir='ltr'>οἵτινες</span> <span class='ocrx_word' id='word_1_669' title='bbox 3488 3629 3693 3693; x_wconf 76' lang='grc' dir='ltr'>τούτους</span> 
     </span>
    </p>
   </div>
   <div class='ocr_carea' id='block_1_95' title="bbox 2138 3720 3690 3812">
    <p class='ocr_par' dir='ltr' id='par_1_95' title="bbox 2138 3720 3690 3812">
     <span class='ocr_line' id='line_1_95' title="bbox 2138 3720 3690 3812; baseline -0.016 -17"><span class='ocrx_word' id='word_1_670' title='bbox 2138 3739 2493 3812; x_wconf 74' lang='grc' dir='ltr'>ἐλυμαίνοντο</span> <span class='ocrx_word' id='word_1_671' title='bbox 2522 3735 2943 3801; x_wconf 79' lang='grc' dir='ltr'>ἁπαξάπαντας.</span> <span class='ocrx_word' id='word_1_672' title='bbox 2987 3726 3451 3797; x_wconf 78' lang='grc' dir='ltr'>’Ᾱπαγγελθέντος</span> <span class='ocrx_word' id='word_1_673' title='bbox 3496 3720 3690 3812; x_wconf 13' lang='grc' dir='ltr'>δὲντούς</span> 
     </span>
    </p>
   </div>
   <div class='ocr_carea' id='block_1_96' title="bbox 2136 3811 3693 3901">
    <p class='ocr_par' dir='ltr' id='par_1_96' title="bbox 2136 3811 3693 3901">
     <span class='ocr_line' id='line_1_96' title="bbox 2136 3811 3693 3901; baseline -0.017 -14"><span class='ocrx_word' id='word_1_674' title='bbox 2136 3850 2232 3889; x_wconf 85' lang='grc' dir='ltr'><strong>του</strong></span> <span class='ocrx_word' id='word_1_675' title='bbox 2263 3830 2342 3900; x_wconf 84' lang='grc' dir='ltr'>τῷ</span> <span class='ocrx_word' id='word_1_676' title='bbox 2375 3828 2601 3901; x_wconf 82' lang='grc' dir='ltr'>βασιλεῖ,</span> <span class='ocrx_word' id='word_1_677' title='bbox 2655 3819 3076 3897; x_wconf 84' lang='grc' dir='ltr'>μεταστέλλεταί</span> <span class='ocrx_word' id='word_1_678' title='bbox 3107 3835 3257 3884; x_wconf 76' lang='grc' dir='ltr'>τινας</span> <span class='ocrx_word' id='word_1_679' title='bbox 3297 3816 3407 3868; x_wconf 84' lang='grc' dir='ltr'><strong>τῶν</strong></span> <span class='ocrx_word' id='word_1_680' title='bbox 3428 3814 3487 3865; x_wconf 73' lang='grc' dir='ltr'>ἐν</span> <span class='ocrx_word' id='word_1_681' title='bbox 3511 3811 3693 3883; x_wconf 79' lang='grc' dir='ltr'>αίχμαο</span> 
     </span>
    </p>
   </div>
   <div class='ocr_carea' id='block_1_97' title="bbox 2134 3902 3692 3995">
    <p class='ocr_par' dir='ltr' id='par_1_97' title="bbox 2134 3902 3692 3995">
     <span class='ocr_line' id='line_1_97' title="bbox 2134 3902 3692 3995; baseline -0.017 -16"><span class='ocrx_word' id='word_1_682' title='bbox 2134 3924 2307 3995; x_wconf 86' lang='grc' dir='ltr'>λωσίᾳ</span> <span class='ocrx_word' id='word_1_683' title='bbox 2344 3921 2615 3994; x_wconf 78' lang='grc' dir='ltr'>γερόντων</span> <span class='ocrx_word' id='word_1_684' title='bbox 2664 3916 2959 3979; x_wconf 85' lang='grc' dir='ltr'>Ἰουδαίων,</span> <span class='ocrx_word' id='word_1_685' title='bbox 2997 3912 3090 3967; x_wconf 70' lang='grc' dir='ltr'>καὶ</span> <span class='ocrx_word' id='word_1_686' title='bbox 3139 3910 3338 3983; x_wconf 73' lang='grc' dir='ltr'>ἐρωτᾷ,</span> <span class='ocrx_word' id='word_1_687' title='bbox 3366 3906 3420 3959; x_wconf 88' lang='grc' dir='ltr'><strong>τί</strong></span> <span class='ocrx_word' id='word_1_688' title='bbox 3461 3902 3692 3995; x_wconf 74' lang='grc' dir='ltr'>ποιητέον</span> 
     </span>
    </p>
   </div>
   <div class='ocr_carea' id='block_1_98' title="bbox 2136 3994 3689 4085">
    <p class='ocr_par' dir='ltr' id='par_1_98' title="bbox 2136 3994 3689 4085">
     <span class='ocr_line' id='line_1_98' title="bbox 2136 3994 3689 4085; baseline -0.017 -15"><span class='ocrx_word' id='word_1_689' title='bbox 2136 4017 2244 4085; x_wconf 73' lang='grc' dir='ltr'>εἴη,</span> <span class='ocrx_word' id='word_1_690' title='bbox 2384 4013 2449 4067; x_wconf 83' lang='grc' dir='ltr'>ἂν</span> <span class='ocrx_word' id='word_1_691' title='bbox 2476 4009 2674 4082; x_wconf 81' lang='grc' dir='ltr'>μηκέτι</span> <span class='ocrx_word' id='word_1_692' title='bbox 2698 4009 2748 4062; x_wconf 78' lang='grc' dir='ltr'>οἱ</span> <span class='ocrx_word' id='word_1_693' title='bbox 2771 4007 2983 4066; x_wconf 83' lang='grc' dir='ltr'>λέοντες</span> <span class='ocrx_word' id='word_1_694' title='bbox 3010 4003 3385 4073; x_wconf 85' lang='grc' dir='ltr'>λυμαίνωνται</span> <span class='ocrx_word' id='word_1_695' title='bbox 3407 3997 3534 4058; x_wconf 69' lang='grc' dir='ltr'>τοὺς</span> <span class='ocrx_word' id='word_1_696' title='bbox 3561 3998 3613 4047; x_wconf 79' lang='grc' dir='ltr'>ἐν</span> <span class='ocrx_word' id='word_1_697' title='bbox 3634 3994 3689 4062; x_wconf 78' lang='grc' dir='ltr'><strong>τῇ</strong></span> 
     </span>
    </p>
   </div>
   <div class='ocr_carea' id='block_1_99' title="bbox 2137 4085 3690 4176">
    <p class='ocr_par' dir='ltr' id='par_1_99' title="bbox 2137 4085 3690 4176">
     <span class='ocr_line' id='line_1_99' title="bbox 2137 4085 3690 4176; baseline -0.015 -15"><span class='ocrx_word' id='word_1_698' title='bbox 2137 4105 2423 4176; x_wconf 79' lang='grc' dir='ltr'>Σαμαρείᾳ</span> <span class='ocrx_word' id='word_1_699' title='bbox 2471 4100 2799 4173; x_wconf 72' lang='grc' dir='ltr'>βαρῦάρους.</span> <span class='ocrx_word' id='word_1_700' title='bbox 2844 4100 2907 4152; x_wconf 81' lang='lat' dir='ltr'><strong>Oi</strong></span> <span class='ocrx_word' id='word_1_701' title='bbox 2939 4096 2994 4151; x_wconf 79' lang='grc' dir='ltr'>δὲ</span> <span class='ocrx_word' id='word_1_702' title='bbox 3033 4091 3367 4164; x_wconf 76' lang='grc' dir='ltr'>ὑφηγοῦνται</span> <span class='ocrx_word' id='word_1_703' title='bbox 3426 4085 3593 4156; x_wconf 76' lang='grc' dir='ltr'>αὐτῷ,</span> 
     </span>
    </p>
   </div>
   <div class='ocr_carea' id='block_1_100' title="bbox 2135 4175 3689 4263">
    <p class='ocr_par' dir='ltr' id='par_1_100' title="bbox 2135 4175 3689 4263">
     <span class='ocr_line' id='line_1_100' title="bbox 2135 4175 3689 4263; baseline -0.016 -12"><span class='ocrx_word' id='word_1_704' title='bbox 2135 4199 2164 4251; x_wconf 85' lang='grc'>6</span> <span class='ocrx_word' id='word_1_705' title='bbox 2192 4175 2323 4260; x_wconf 78' lang='grc' dir='ltr'>Θεὸς</span> <span class='ocrx_word' id='word_1_706' title='bbox 2354 4195 2449 4248; x_wconf 86' lang='grc' dir='ltr'><strong>τοῦ</strong></span> <span class='ocrx_word' id='word_1_707' title='bbox 2478 4191 2696 4263; x_wconf 77' lang='grc' dir='ltr'>Ἰσραὴλ</span> <span class='ocrx_word' id='word_1_708' title='bbox 2726 4189 2901 4263; x_wconf 75' lang='grc' dir='ltr'>ἐφορᾷ</span> <span class='ocrx_word' id='word_1_709' title='bbox 2922 4188 3013 4241; x_wconf 79' lang='grc' dir='ltr'>τὸν</span> <span class='ocrx_word' id='word_1_710' title='bbox 3037 4186 3202 4240; x_wconf 86' lang='grc' dir='ltr'>τόπον</span> <span class='ocrx_word' id='word_1_711' title='bbox 3237 4182 3467 4245; x_wconf 70' lang='grc' dir='ltr'>ἐκεῖνον,</span> <span class='ocrx_word' id='word_1_712' title='bbox 3493 4180 3584 4231; x_wconf 75' lang='grc' dir='ltr'>καὶ</span> <span class='ocrx_word' id='word_1_713' title='bbox 3604 4175 3689 4228; x_wconf 82' lang='grc' dir='ltr'>οὐκ</span> 
     </span>
    </p>
   </div>
   <div class='ocr_carea' id='block_1_101' title="bbox 2137 4268 3688 4357">
    <p class='ocr_par' dir='ltr' id='par_1_101' title="bbox 2137 4268 3688 4357">
     <span class='ocr_line' id='line_1_101' title="bbox 2137 4268 3688 4357; baseline -0.015 -15"><span class='ocrx_word' id='word_1_714' title='bbox 2137 4287 2385 4357; x_wconf 83' lang='grc' dir='ltr'>ἀνέχεται</span> <span class='ocrx_word' id='word_1_715' title='bbox 2416 4286 2691 4339; x_wconf 83' lang='grc' dir='ltr'>κατοικεῖν</span> <span class='ocrx_word' id='word_1_716' title='bbox 2739 4283 2854 4334; x_wconf 77' lang='grc' dir='ltr'>ἐκεῖ</span> <span class='ocrx_word' id='word_1_717' title='bbox 2892 4279 3016 4342; x_wconf 79' lang='grc' dir='ltr'>τοὺς</span> <span class='ocrx_word' id='word_1_718' title='bbox 3066 4277 3142 4349; x_wconf 80' lang='grc' dir='ltr'>μὴ</span> <span class='ocrx_word' id='word_1_719' title='bbox 3194 4273 3265 4327; x_wconf 83' lang='grc' dir='ltr'>τὰ</span> <span class='ocrx_word' id='word_1_720' title='bbox 3301 4270 3469 4325; x_wconf 78' lang='grc' dir='ltr'>αὐτοῦ</span> <span class='ocrx_word' id='word_1_721' title='bbox 3502 4268 3688 4327; x_wconf 74' lang='grc' dir='ltr'>εἰδότας</span> 
     </span>
    </p>
   </div>
   <div class='ocr_carea' id='block_1_102' title="bbox 2140 4363 3686 4450">
    <p class='ocr_par' dir='ltr' id='par_1_102' title="bbox 2140 4363 3686 4450">
     <span class='ocr_line' id='line_1_102' title="bbox 2140 4363 3686 4450; baseline -0.012 -17"><span class='ocrx_word' id='word_1_722' title='bbox 2140 4380 2367 4450; x_wconf 85' lang='grc' dir='ltr'>νόμιμα.</span> <span class='ocrx_word' id='word_1_723' title='bbox 2400 4379 2464 4432; x_wconf 71' lang='lat' dir='ltr'><strong>Et</strong></span> <span class='ocrx_word' id='word_1_724' title='bbox 2489 4396 2540 4431; x_wconf 91' lang='grc' dir='ltr'><strong>τι</strong></span> <span class='ocrx_word' id='word_1_725' title='bbox 2570 4375 2663 4433; x_wconf 79' lang='grc' dir='ltr'>οὖν</span> <span class='ocrx_word' id='word_1_726' title='bbox 2715 4374 2863 4449; x_wconf 79' lang='grc' dir='ltr'>αὺτῷ</span> <span class='ocrx_word' id='word_1_727' title='bbox 2898 4373 3051 4444; x_wconf 85' lang='grc' dir='ltr'>μέλει</span> <span class='ocrx_word' id='word_1_728' title='bbox 3077 4370 3187 4423; x_wconf 84' lang='grc' dir='ltr'><strong>τῶν</strong></span> <span class='ocrx_word' id='word_1_729' title='bbox 3229 4368 3346 4420; x_wconf 75' lang='grc' dir='ltr'>ἐκεῖ</span> <span class='ocrx_word' id='word_1_730' title='bbox 3396 4363 3686 4435; x_wconf 75' lang='grc' dir='ltr'>βαρϐάρων,</span> 
     </span>
    </p>
   </div>
   <div class='ocr_carea' id='block_1_103' title="bbox 2142 4452 3690 4541">
    <p class='ocr_par' dir='ltr' id='par_1_103' title="bbox 2142 4452 3690 4541">
     <span class='ocr_line' id='line_1_103' title="bbox 2142 4452 3690 4541; baseline -0.008 -17"><span class='ocrx_word' id='word_1_731' title='bbox 2142 4471 2347 4525; x_wconf 87' lang='grc' dir='ltr'>στεῖλαι</span> <span class='ocrx_word' id='word_1_732' title='bbox 2385 4470 2547 4541; x_wconf 79' lang='grc' dir='ltr'>ἱερεῖς</span> <span class='ocrx_word' id='word_1_733' title='bbox 2581 4467 2891 4531; x_wconf 87' lang='grc' dir='ltr'>Ἰουδαίους,</span> <span class='ocrx_word' id='word_1_734' title='bbox 2920 4465 2969 4518; x_wconf 82' lang='grc' dir='ltr'>οἳ</span> <span class='ocrx_word' id='word_1_735' title='bbox 2998 4463 3066 4519; x_wconf 78' lang='grc' dir='ltr'>τὰ</span> <span class='ocrx_word' id='word_1_736' title='bbox 3091 4461 3184 4515; x_wconf 86' lang='grc' dir='ltr'><strong>τοῦ</strong></span> <span class='ocrx_word' id='word_1_737' title='bbox 3207 4459 3345 4513; x_wconf 84' lang='grc' dir='ltr'>Θεοῦ</span> <span class='ocrx_word' id='word_1_738' title='bbox 3373 4455 3578 4526; x_wconf 81' lang='grc' dir='ltr'>νόμιμα</span> <span class='ocrx_word' id='word_1_739' title='bbox 3595 4452 3690 4511; x_wconf 77' lang='grc' dir='ltr'>τοῖς</span> 
     </span>
    </p>
   </div>
   <div class='ocr_carea' id='block_1_104' title="bbox 2144 4543 3689 4634">
    <p class='ocr_par' dir='ltr' id='par_1_104' title="bbox 2144 4543 3689 4634">
     <span class='ocr_line' id='line_1_104' title="bbox 2144 4543 3689 4634; baseline -0.017 -13"><span class='ocrx_word' id='word_1_740' title='bbox 2144 4560 2439 4634; x_wconf 67' lang='grc' dir='ltr'>βαρϐάροις</span> <span class='ocrx_word' id='word_1_741' title='bbox 2477 4559 2916 4629; x_wconf 83' lang='grc' dir='ltr'>παραδώσουσιν.</span> <span class='ocrx_word' id='word_1_742' title='bbox 2941 4554 3036 4609; x_wconf 76' lang='grc' dir='ltr'>καὶ</span> <span class='ocrx_word' id='word_1_743' title='bbox 3060 4551 3233 4616; x_wconf 75' lang='grc' dir='ltr'>οὕτως</span> <span class='ocrx_word' id='word_1_744' title='bbox 3260 4543 3689 4617; x_wconf 76' lang='grc' dir='ltr'>ὲξιλεωθήσεσθαι</span> 
     </span>
    </p>
   </div>
   <div class='ocr_carea' id='block_1_105' title="bbox 2141 4638 3690 4717">
    <p class='ocr_par' dir='ltr' id='par_1_105' title="bbox 2141 4638 3690 4717">
     <span class='ocr_line' id='line_1_105' title="bbox 2141 4638 3690 4717; baseline -0.014 -9"><span class='ocrx_word' id='word_1_745' title='bbox 2141 4655 2234 4708; x_wconf 78' lang='grc' dir='ltr'>τὸν</span> <span class='ocrx_word' id='word_1_746' title='bbox 2268 4653 2423 4707; x_wconf 88' lang='grc' dir='ltr'>Θεόν.</span> <span class='ocrx_word' id='word_1_747' title='bbox 2458 4651 2712 4706; x_wconf 80' lang='grc' dir='ltr'>Πείθεται</span> <span class='ocrx_word' id='word_1_748' title='bbox 2750 4647 2958 4711; x_wconf 79' lang='grc' dir='ltr'>τούτοις</span> <span class='ocrx_word' id='word_1_749' title='bbox 2986 4648 3015 4699; x_wconf 81' lang='grc' dir='ltr'><strong>ὁ</strong></span> <span class='ocrx_word' id='word_1_750' title='bbox 3051 4643 3331 4717; x_wconf 79' lang='grc' dir='ltr'>βασιλεὺς,</span> <span class='ocrx_word' id='word_1_751' title='bbox 3363 4641 3460 4693; x_wconf 82' lang='grc' dir='ltr'>καὶ</span> <span class='ocrx_word' id='word_1_752' title='bbox 3503 4638 3690 4709; x_wconf 68' lang='grc' dir='ltr'>πέμπει</span> 
     </span>
    </p>
   </div>
   <div class='ocr_carea' id='block_1_106' title="bbox 2146 4727 3688 4816">
    <p class='ocr_par' dir='ltr' id='par_1_106' title="bbox 2146 4727 3688 4816">
     <span class='ocr_line' id='line_1_106' title="bbox 2146 4727 3688 4816; baseline -0.01 -20"><span class='ocrx_word' id='word_1_753' title='bbox 2146 4745 2296 4816; x_wconf 76' lang='grc' dir='ltr'>ἱερέα</span> <span class='ocrx_word' id='word_1_754' title='bbox 2322 4742 2445 4795; x_wconf 79' lang='grc' dir='ltr'>τινὰ</span> <span class='ocrx_word' id='word_1_755' title='bbox 2482 4739 2874 4811; x_wconf 80' lang='grc' dir='ltr'>παραδώσοντα</span> <span class='ocrx_word' id='word_1_756' title='bbox 2908 4739 3020 4799; x_wconf 84' lang='grc' dir='ltr'>τοῖς</span> <span class='ocrx_word' id='word_1_757' title='bbox 3068 4738 3127 4789; x_wconf 79' lang='grc' dir='ltr'>ὲν</span> <span class='ocrx_word' id='word_1_758' title='bbox 3170 4732 3458 4805; x_wconf 74' lang='grc' dir='ltr'>Σαμαρείᾳ</span> <span class='ocrx_word' id='word_1_759' title='bbox 3505 4727 3688 4800; x_wconf 74' lang='grc' dir='ltr'><strong>βαρϐά-</strong></span> 
     </span>
    </p>
   </div>
   <div class='ocr_carea' id='block_1_107' title="bbox 2149 4821 3688 4907">
    <p class='ocr_par' dir='ltr' id='par_1_107' title="bbox 2149 4821 3688 4907">
     <span class='ocr_line' id='line_1_107' title="bbox 2149 4821 3688 4907; baseline -0.014 -18"><span class='ocrx_word' id='word_1_760' title='bbox 2149 4853 2260 4907; x_wconf 88' lang='grc' dir='ltr'>ροις</span> <span class='ocrx_word' id='word_1_761' title='bbox 2289 4836 2381 4888; x_wconf 76' lang='grc' dir='ltr'>τὸν</span> <span class='ocrx_word' id='word_1_762' title='bbox 2414 4832 2509 4887; x_wconf 88' lang='grc' dir='ltr'><strong>τοῦ</strong></span> <span class='ocrx_word' id='word_1_763' title='bbox 2539 4833 2673 4885; x_wconf 83' lang='grc' dir='ltr'>Θεοῦ</span> <span class='ocrx_word' id='word_1_764' title='bbox 2703 4832 2887 4902; x_wconf 87' lang='grc' dir='ltr'>νόμον.</span> <span class='ocrx_word' id='word_1_765' title='bbox 2931 4829 2996 4881; x_wconf 91' lang='grc' dir='ltr'>Οἱ</span> <span class='ocrx_word' id='word_1_766' title='bbox 3027 4827 3087 4885; x_wconf 65' lang='grc' dir='ltr'>δὲ</span> <span class='ocrx_word' id='word_1_767' title='bbox 3127 4827 3305 4881; x_wconf 79' lang='grc' dir='ltr'>πάντα</span> <span class='ocrx_word' id='word_1_768' title='bbox 3356 4824 3454 4894; x_wconf 76' lang='grc' dir='ltr'>μὲν</span> <span class='ocrx_word' id='word_1_769' title='bbox 3484 4823 3552 4889; x_wconf 80' lang='grc' dir='ltr'><strong>τᾲ</strong></span> <span class='ocrx_word' id='word_1_770' title='bbox 3586 4821 3688 4872; x_wconf 80' lang='grc' dir='ltr'>θεῖα</span> 
     </span>
    </p>
   </div>
   <div class='ocr_carea' id='block_1_108' title="bbox 2143 4914 3684 4998">
    <p class='ocr_par' dir='ltr' id='par_1_108' title="bbox 2143 4914 3684 4998">
     <span class='ocr_line' id='line_1_108' title="bbox 2143 4914 3684 4998; baseline -0.011 -18"><span class='ocrx_word' id='word_1_771' title='bbox 2143 4926 2322 4998; x_wconf 79' lang='grc' dir='ltr'>βιϐλία</span> <span class='ocrx_word' id='word_1_772' title='bbox 2349 4926 2449 4978; x_wconf 72' lang='grc' dir='ltr'>οὐκ</span> <span class='ocrx_word' id='word_1_773' title='bbox 2486 4923 2755 4990; x_wconf 74' lang='grc' dir='ltr'>ἐδέξαντο,</span> <span class='ocrx_word' id='word_1_774' title='bbox 2786 4925 2920 4991; x_wconf 89' lang='grc' dir='ltr'>μόνα</span> <span class='ocrx_word' id='word_1_775' title='bbox 2949 4922 3007 4981; x_wconf 75' lang='grc' dir='ltr'>δὲ</span> <span class='ocrx_word' id='word_1_776' title='bbox 3036 4920 3105 4975; x_wconf 84' lang='grc' dir='ltr'>τὰ</span> <span class='ocrx_word' id='word_1_777' title='bbox 3128 4918 3289 4975; x_wconf 82' lang='grc' dir='ltr'>πέντε</span> <span class='ocrx_word' id='word_1_778' title='bbox 3319 4917 3415 4971; x_wconf 88' lang='grc' dir='ltr'><strong>τοῦ</strong></span> <span class='ocrx_word' id='word_1_779' title='bbox 3445 4914 3684 4973; x_wconf 80' lang='grc' dir='ltr'>Μωσέως,</span> 
     </span>
    </p>
   </div>
   <div class='ocr_carea' id='block_1_109' title="bbox 2141 5006 3690 5089">
    <p class='ocr_par' dir='ltr' id='par_1_109' title="bbox 2141 5006 3690 5089">
     <span class='ocr_line' id='line_1_109' title="bbox 2141 5006 3690 5089; baseline -0.01 -18"><span class='ocrx_word' id='word_1_780' title='bbox 2141 5019 2239 5089; x_wconf 79' lang='grc' dir='ltr'>τὴν</span> <span class='ocrx_word' id='word_1_781' title='bbox 2276 5016 2401 5068; x_wconf 86' lang='grc' dir='ltr'>Γένε</span> <span class='ocrx_word' id='word_1_782' title='bbox 2415 5033 2512 5081; x_wconf 73' lang='grc' dir='ltr'>σιν,</span> <span class='ocrx_word' id='word_1_783' title='bbox 2546 5014 2645 5086; x_wconf 80' lang='grc' dir='ltr'>τὴν</span> <span class='ocrx_word' id='word_1_784' title='bbox 2684 5014 2922 5078; x_wconf 77' lang='grc' dir='ltr'>Ἐξοδον,</span> <span class='ocrx_word' id='word_1_785' title='bbox 2948 5013 3009 5067; x_wconf 75' lang='grc' dir='ltr'><strong>τὸ</strong></span> <span class='ocrx_word' id='word_1_786' title='bbox 3038 5010 3349 5074; x_wconf 80' lang='grc' dir='ltr'>Δευῖτικὺν,</span> <span class='ocrx_word' id='word_1_787' title='bbox 3390 5008 3517 5071; x_wconf 80' lang='grc' dir='ltr'>τοὺς</span> <span class='ocrx_word' id='word_1_788' title='bbox 3564 5006 3690 5075; x_wconf 74' lang='grc' dir='ltr'>Ἀρι-</span> 
     </span>
    </p>
   </div>
   <div class='ocr_carea' id='block_1_110' title="bbox 2147 5096 3688 5179">
    <p class='ocr_par' dir='ltr' id='par_1_110' title="bbox 2147 5096 3688 5179">
     <span class='ocr_line' id='line_1_110' title="bbox 2147 5096 3688 5179; baseline -0.004 -18"><span class='ocrx_word' id='word_1_789' title='bbox 2147 5109 2319 5179; x_wconf 78' lang='grc' dir='ltr'>θμοὺς</span> <span class='ocrx_word' id='word_1_790' title='bbox 2356 5109 2449 5160; x_wconf 79' lang='grc' dir='ltr'>καὶ</span> <span class='ocrx_word' id='word_1_791' title='bbox 2482 5107 2542 5159; x_wconf 87' lang='grc' dir='ltr'>τὸ</span> <span class='ocrx_word' id='word_1_792' title='bbox 2569 5105 3007 5178; x_wconf 83' lang='grc' dir='ltr'>Δευτερονόμιον.</span> <span class='ocrx_word' id='word_1_793' title='bbox 3038 5103 3177 5157; x_wconf 78' lang='grc' dir='ltr'>Ἀλλ’</span> <span class='ocrx_word' id='word_1_794' title='bbox 3207 5102 3327 5157; x_wconf 72' lang='grc' dir='ltr'>οὐδὲ</span> <span class='ocrx_word' id='word_1_795' title='bbox 3367 5099 3583 5161; x_wconf 86' lang='grc' dir='ltr'>τελείως</span> <span class='ocrx_word' id='word_1_796' title='bbox 3605 5096 3688 5163; x_wconf 76' lang='grc' dir='ltr'><strong>τῆς</strong></span> 
     </span>
    </p>
   </div>
   <div class='ocr_carea' id='block_1_111' title="bbox 2143 5186 3691 5266">
    <p class='ocr_par' dir='ltr' id='par_1_111' title="bbox 2143 5186 3691 5266">
     <span class='ocr_line' id='line_1_111' title="bbox 2143 5186 3691 5266; baseline -0.009 -14"><span class='ocrx_word' id='word_1_797' title='bbox 2143 5199 2462 5261; x_wconf 75' lang='grc' dir='ltr'>δυσσεὸείας</span> <span class='ocrx_word' id='word_1_798' title='bbox 2496 5194 2812 5266; x_wconf 80' lang='grc' dir='ltr'>ἀπέστησαν</span> <span class='ocrx_word' id='word_1_799' title='bbox 2835 5211 2850 5226; x_wconf 89' lang='grc'><strong>·</strong></span> <span class='ocrx_word' id='word_1_800' title='bbox 2887 5196 3103 5266; x_wconf 87' lang='grc' dir='ltr'>χρόνοις</span> <span class='ocrx_word' id='word_1_801' title='bbox 3133 5194 3191 5247; x_wconf 80' lang='grc' dir='ltr'>δὲ</span> <span class='ocrx_word' id='word_1_802' title='bbox 3216 5193 3445 5263; x_wconf 75' lang='grc' dir='ltr'>ὕστερον</span> <span class='ocrx_word' id='word_1_803' title='bbox 3468 5191 3569 5243; x_wconf 81' lang='grc' dir='ltr'>τῶν</span> <span class='ocrx_word' id='word_1_804' title='bbox 3605 5186 3691 5257; x_wconf 72' lang='grc' dir='ltr'><strong>μὲν</strong></span> 
     </span>
    </p>
   </div>
   <div class='ocr_carea' id='block_1_112' title="bbox 2147 5279 3690 5358">
    <p class='ocr_par' dir='ltr' id='par_1_112' title="bbox 2147 5279 3690 5358">
     <span class='ocr_line' id='line_1_112' title="bbox 2147 5279 3690 5358; baseline -0.01 -16"><span class='ocrx_word' id='word_1_805' title='bbox 2147 5290 2379 5343; x_wconf 74' lang='grc' dir='ltr'>εἰδώλων</span> <span class='ocrx_word' id='word_1_806' title='bbox 2412 5291 2755 5358; x_wconf 82' lang='grc' dir='ltr'>ἀπέστησαν,</span> <span class='ocrx_word' id='word_1_807' title='bbox 2786 5287 3035 5340; x_wconf 76' lang='grc' dir='ltr'>ἐσέϐοντο</span> <span class='ocrx_word' id='word_1_808' title='bbox 3064 5287 3120 5339; x_wconf 86' lang='grc' dir='ltr'>δὲ</span> <span class='ocrx_word' id='word_1_809' title='bbox 3144 5285 3235 5339; x_wconf 78' lang='grc' dir='ltr'>τὸν</span> <span class='ocrx_word' id='word_1_810' title='bbox 3265 5285 3420 5338; x_wconf 74' lang='grc' dir='ltr'>Θεὸν.</span> <span class='ocrx_word' id='word_1_811' title='bbox 3449 5285 3511 5336; x_wconf 82' lang='grc' dir='ltr'><strong>Οἱ</strong></span> <span class='ocrx_word' id='word_1_812' title='bbox 3536 5279 3690 5334; x_wconf 76' lang='grc' dir='ltr'>τοίνυν</span> 
     </span>
    </p>
   </div>
   <div class='ocr_carea' id='block_1_113' title="bbox 2146 5370 3686 5452">
    <p class='ocr_par' dir='ltr' id='par_1_113' title="bbox 2146 5370 3686 5452">
     <span class='ocr_line' id='line_1_113' title="bbox 2146 5370 3686 5452; baseline -0.01 -15"><span class='ocrx_word' id='word_1_813' title='bbox 2146 5384 2386 5437; x_wconf 83' lang='grc' dir='ltr'>Ἰουδαῖοι</span> <span class='ocrx_word' id='word_1_814' title='bbox 2408 5384 2472 5435; x_wconf 86' lang='grc' dir='ltr'>ὲκ</span> <span class='ocrx_word' id='word_1_815' title='bbox 2495 5382 2594 5452; x_wconf 83' lang='grc' dir='ltr'>τῆς</span> <span class='ocrx_word' id='word_1_816' title='bbox 2624 5380 3002 5452; x_wconf 73' lang='grc' dir='ltr'>αἰχμαλωσίας</span> <span class='ocrx_word' id='word_1_817' title='bbox 3043 5379 3428 5439; x_wconf 71' lang='grc' dir='ltr'>ἐπανελθόντες</span> <span class='ocrx_word' id='word_1_818' title='bbox 3481 5370 3686 5443; x_wconf 79' lang='grc' dir='ltr'>ζηλοτύ·</span> 
     </span>
    </p>
   </div>
   <div class='ocr_carea' id='block_1_114' title="bbox 2149 5464 3689 5542">
    <p class='ocr_par' dir='ltr' id='par_1_114' title="bbox 2149 5464 3689 5542">
     <span class='ocr_line' id='line_1_114' title="bbox 2149 5464 3689 5542; baseline -0.007 -17"><span class='ocrx_word' id='word_1_819' title='bbox 2149 5490 2265 5536; x_wconf 83' lang='grc' dir='ltr'><strong>πως</strong></span> <span class='ocrx_word' id='word_1_820' title='bbox 2303 5472 2389 5525; x_wconf 75' lang='grc' dir='ltr'><strong>ἀεὶ</strong></span> <span class='ocrx_word' id='word_1_821' title='bbox 2429 5471 2564 5542; x_wconf 77' lang='grc' dir='ltr'>πρὸς</span> <span class='ocrx_word' id='word_1_822' title='bbox 2595 5472 2790 5534; x_wconf 72' lang='grc' dir='ltr'>αὐτοὺς</span> <span class='ocrx_word' id='word_1_823' title='bbox 2820 5468 2989 5541; x_wconf 82' lang='grc' dir='ltr'>εἶχον,</span> <span class='ocrx_word' id='word_1_824' title='bbox 3035 5469 3129 5523; x_wconf 76' lang='grc' dir='ltr'>ᾶτε</span> <span class='ocrx_word' id='word_1_825' title='bbox 3187 5467 3502 5537; x_wconf 80' lang='grc' dir='ltr'>Ἀσσυρίους</span> <span class='ocrx_word' id='word_1_826' title='bbox 3553 5464 3689 5522; x_wconf 73' lang='grc' dir='ltr'>ὄντας</span> 
     </span>
    </p>
   </div>
   <div class='ocr_carea' id='block_1_115' title="bbox 2150 5553 3687 5631">
    <p class='ocr_par' dir='ltr' id='par_1_115' title="bbox 2150 5553 3687 5631">
     <span class='ocr_line' id='line_1_115' title="bbox 2150 5553 3687 5631; baseline -0.001 -18"><span class='ocrx_word' id='word_1_827' title='bbox 2150 5563 2211 5614; x_wconf 85' lang='grc' dir='ltr'>τὸ</span> <span class='ocrx_word' id='word_1_828' title='bbox 2258 5564 2449 5631; x_wconf 70' lang='grc' dir='ltr'>γένος,</span> <span class='ocrx_word' id='word_1_829' title='bbox 2484 5562 2576 5615; x_wconf 70' lang='grc' dir='ltr'>καὶ</span> <span class='ocrx_word' id='word_1_830' title='bbox 2610 5560 2719 5616; x_wconf 83' lang='grc' dir='ltr'><strong>ἀπὸ</strong></span> <span class='ocrx_word' id='word_1_831' title='bbox 2762 5559 2855 5614; x_wconf 89' lang='grc' dir='ltr'><strong>τοῦ</strong></span> <span class='ocrx_word' id='word_1_832' title='bbox 2915 5560 3077 5631; x_wconf 74' lang='grc' dir='ltr'>ὅρους</span> <span class='ocrx_word' id='word_1_833' title='bbox 3125 5558 3472 5631; x_wconf 75' lang='grc' dir='ltr'>Σαμαρείτας</span> <span class='ocrx_word' id='word_1_834' title='bbox 3510 5553 3687 5612; x_wconf 71' lang='grc' dir='ltr'>αὐτοὺς</span> 
     </span>
    </p>
   </div>
   <div class='ocr_carea' id='block_1_116' title="bbox 553 5746 2221 5827">
    <p class='ocr_par' dir='ltr' id='par_1_116' title="bbox 553 5746 2221 5827">
     <span class='ocr_line' id='line_1_116' title="bbox 553 5746 2221 5827; baseline -0.008 -12"><span class='ocrx_word' id='word_1_835' title='bbox 553 5760 595 5791; x_wconf 64' lang='grc'><strong>³³</strong></span> <span class='ocrx_word' id='word_1_836' title='bbox 624 5762 756 5815; x_wconf 85' lang='lat' dir='ltr'><strong>Gen.</strong></span> <span class='ocrx_word' id='word_1_837' title='bbox 802 5776 991 5822; x_wconf 72' lang='lat' dir='ltr'><strong>xum,</strong></span> <span class='ocrx_word' id='word_1_838' title='bbox 1021 5755 1109 5811; x_wconf 70' lang='grc'><strong>22.</strong></span> <span class='ocrx_word' id='word_1_839' title='bbox 1188 5752 1234 5785; x_wconf 77' lang='grc'><strong>’⁸</strong></span> <span class='ocrx_word' id='word_1_840' title='bbox 1266 5756 1366 5809; x_wconf 85' lang='lat' dir='ltr'><strong>Isa.</strong></span> <span class='ocrx_word' id='word_1_841' title='bbox 1396 5767 1491 5816; x_wconf 77' lang='lat' dir='ltr'><strong>vn,</strong></span> <span class='ocrx_word' id='word_1_842' title='bbox 1535 5752 1583 5807; x_wconf 91' lang='lat'><strong>9.</strong></span> <span class='ocrx_word' id='word_1_843' title='bbox 1665 5752 1710 5783; x_wconf 82' lang='lat'><strong>°&#39;</strong></span> <span class='ocrx_word' id='word_1_844' title='bbox 1742 5754 1805 5809; x_wconf 77' lang='lat' dir='ltr'><strong>IV</strong></span> <span class='ocrx_word' id='word_1_845' title='bbox 1834 5753 1961 5827; x_wconf 73' lang='lat' dir='ltr'><strong>Reg.</strong></span> <span class='ocrx_word' id='word_1_846' title='bbox 2003 5766 2133 5814; x_wconf 78' lang='lat' dir='ltr'><strong>xvtt,</strong></span> <span class='ocrx_word' id='word_1_847' title='bbox 2168 5746 2221 5805; x_wconf 80' lang='lat'><strong>6.</strong></span> 
     </span>
    </p>
   </div>
  </div>
