3960 6454
270 354 405 421 122'.)

944 352 1388 415 ENARRATIO
1428 352 1509 413 ΙΝ
1545 351 2048 415 EVANGELIUM
2087 349 2431 412 JOANNIS.
2466 374 2536 386 -
2573 350 2730 411 CAP.
2774 350 2869 412 1V.

3370 347 3510 412 12Ἱο

263 466 512 520 ἐκάλουν.
562 464 795 519 Ἐκεῖνοι
830 463 887 518 δέ
942 463 1038 519 τοῦ
1062 464 1314 537 Ἀϐραὰμ
1343 464 1440 519 καὶ
1485 462 1683 518 Ἰακὼϐ
1714 466 1843 517 ἐαυ-

1957 473 2065 533 pter
2090 463 2290 518 fontem
2319 476 2478 530 quem
2540 461 2651 518 illic
2708 462 2987 526 habuerat,
3030 461 3276 531 proprius
3298 460 3511 519 illorum

264 559 389 622 τοὺς
463 556 767 624 ἀπογόνους
808 555 1114 626 ὠνόμαζον.
1171 558 1238 611 ’Ὀ
1293 573 1352 611 τε
1417 555 1526 626 γὰρ
1593 556 1843 627 Ἀϐραὰμ

267 648 531 711 Χαλδαῖος
571 645 662 718 ἦν,
707 649 735 701 ὃ
768 664 828 702 τε
880 647 1076 702 Ἰακὼϐ
1133 648 1222 702 διὰ
1270 649 1370 721 τὴν
1418 651 1597 703 ἐκεῖσε
1660 648 1842 719 πηγὴν

267 742 460 804 δίκεῖος
510 739 695 803 αὐτοῖς
725 738 1020 807 ἐλογίζετο.
1098 740 1162 792 Οἱ
1206 739 1338 807 γοῦν
1409 739 1652 793 Ἰουδαῖοι
1707 739 1844 808 μετὰ

267 834 488 887 πάντων
535 832 646 887 τῶν
702 832 935 886 ἐθνικῶν
989 832 1086 885 καὶ
1147 833 1347 896 αὐτοὺς
1416 830 1840 885 ἐϐδελύσσοντο·

265 926 387 979 ὅθεν
419 925 515 979 καὶ
541 924 621 994 τῷ
652 924 843 997 Κυρίῳ
892 925 1389 997 προσονειδίζοντες
1426 924 1647 995 ελεγον⁸
1686 944 1704 979 ι
1738 926 1845 989 Σα-

268 1016 535 1087 μαρείτης
566 1009 638 1069 εἴ.
688 1033 707 1069 ι
745 1016 855 1069 Καὶ
888 1014 1051 1081 αὐτὸς
1093 1015 1151 1069 δὲ
1182 1018 1297 1080 τοῖς
1351 1014 1621 1087 μαθηταῖς
1655 1015 1841 1083 ἔλεγε·

271 1124 289 1156 4
336 1107 430 1170 Ei;
464 1106 621 1160 πόλιν
666 1106 1022 1178 Σαμαρειτῶν
1076 1107 1151 1180 μὴ
1182 1106 1486 1179 εἰσέλθητε.
1520 1126 1540 1167 ι
1588 1107 1745 1170 Τίνος
1789 1107 1846 1161 δὲ

266 1200 456 1253 ἐνεκεν
486 1203 515 1253 ὁ
548 1200 945 1270 εύατγελιστὴς
976 1200 1227 1272 περὶτοῦ
1263 1200 1467 1272 χωρίου
1501 1199 1598 1253 τοῦ
1648 1199 1846 1254 Ἰακὼϐ

266 1293 367 1368 καὶ,
391 1293 490 1364 τῆς
547 1293 733 1363 πηγῆς
780 1294 1263 1365 ἀκριϐολογεῖται;
1318 1295 1541 1366 Πρῶτον
1596 1295 1716 1365 μὲν,
1759 1294 1847 1347 ἴνα

265 1384 394 1437 ὅταν
424 1382 662 1456 ἀκούσης
708 1384 807 1453 τῆς
840 1385 1101 1453 γυναικὸς
1132 1383 1417 1455 λεγούσης,
1452 1385 1532 1438 ὅτι
1578 1403 1597 1436 ι
1646 1382 1847 1437 Ἰακὼϐ

265 1479 295 1532 ὁ
334 1478 517 1549 πατὴρ
564 1477 725 1549 ἡμῶν
755 1476 971 1532 ἔδωκεν
1006 1478 1142 1549 ἡμῖν
1191 1476 1290 1548 τὴν
1334 1478 1517 1549 πηγὴν
1550 1476 1778 1549 ταύτην,
1822 1494 1842 1528 ι

270 1569 347 1641 μὴ
379 1569 650 1639 ξενισθῇς.
708 1568 769 1622 Ὀ
796 1569 906 1640 γὰρ
951 1569 1117 1630 τόπος
1158 1568 1366 1630 ἐκεῖνος
1395 1564 1464 1639 ἦν
1504 1566 1573 1620 τὰ
1608 1566 1845 1638 Σύκιμα,

270 1662 400 1714 ἔνθα
437 1662 487 1715 οί
527 1660 636 1714 υἱοὶ
683 1659 881 1714 Ἰακὼϐ
910 1659 1132 1730 Συμεὼν
1180 1660 1274 1712 καὶ
1323 1647 1461 1713 ’Λευῖ
1487 1658 1579 1714 τδν
1611 1658 1847 1730 χαλεπὸν

268 1753 480 1805 ἐκεῖνον
510 1750 843 1822 εἰργάσαντο
866 1751 1051 1820 φόνον,
1075 1750 1163 1805 διὰ
1192 1750 1254 1803 τὸ
1281 1749 1379 1822 τὴν
1405 1749 1640 1819 ἀδελφὴν
1666 1749 1847 1803 αὐτῶν

1943 554 2251 625 putabatur.
2298 551 2554 608 AtJudaai
2591 569 2712 608 cum
2744 554 2996 625 gentibus
3023 553 3144 609 aliis
3176 554 3341 608 etiam
3381 555 3515 613 istos

1943 644 2397 701 abominabantur
2429 665 2443 700 :
2472 644 2615 699 unde
2647 655 2702 699 et
2733 645 2962 703 Domino
3004 646 3398 717 opprobrautes
3432 647 3515 710 di-

1945 737 2159 804 cehant,
2193 753 2212 789 ι
2243 734 2615 792 Samaritanus
2642 752 2704 795 es
2758 740 2824 795 ⁸⁸.
2891 758 2911 793 ι
2946 738 3015 794 Et
3064 741 3179 810 ipse
3237 739 3515 812 discipulis

1944 830 2057 886 suis
2098 828 2331 893 dicebat,
2364 845 2385 881 ι
2434 826 2492 885 In
2517 829 2792 887 civitatem
2839 830 3303 895 Samaritanorum
3338 847 3407 888 ne
3433 834 3518 886 in-

1948 922 2218 978 traveritis
2252 922 2322 979 ³⁷.
2378 941 2399 977 ι
2430 922 2608 989 Quare
2657 932 2837 980 autem
2894 924 3225 994 evangelista
3271 923 3341 981 de
3400 926 3518 980 loco

1944 1014 2113 1073 Jacob
2136 1025 2191 1070 et
2217 1015 2364 1071 fonte
2393 1024 2501 1072 tam
2525 1014 2809 1086 diligenter
2833 1016 3084 1071 disserit?
3111 1016 3347 1072 Primum
3397 1018 3521 1088 qui,

1946 1107 2090 1171 dem,
2116 1117 2173 1161 ut
2193 1106 2409 1179 quando
2439 1106 2675 1162 audieris
2706 1108 2969 1163 dicentem
2993 1107 3295 1173 mulierem,
3320 1128 3341 1162 ι
3363 1109 3519 1163 Pater

1948 1209 2131 1255 noster
2157 1197 2323 1255 Jacob
2348 1201 2495 1255 dedit
2519 1201 2675 1255 nobis
2696 1198 2898 1254 fontem
2932 1200 3103 1265 illum,
3140 1220 3159 1254 ι
3187 1216 3253 1259 ne
3279 1203 3515 1259 mireris.

1949 1291 2125 1351 Locus
2148 1292 2292 1348 enim
2324 1291 2411 1349 ille
2434 1304 2551 1347 erat
2575 1291 2733 1366 553
2756 1290 2993 1362 Sycima,
3015 1293 3102 1347 ubi
3128 1292 3220 1347 tilii
3243 1292 3413 1351 Jacob
3438 1294 3523 1348 Si?

1951 1401 2106 1439 incon
2134 1395 2189 1438 et
2217 1383 2342 1440 Levi
2381 1397 2596 1454 gravem
2628 1383 2772 1438 illam
2812 1383 3010 1438 caedem
3035 1384 3427 1439 commiserunt
3447 1383 3516 1455 ",

1948 1492 2013 1532 eo
2032 1478 2174 1548 quod
2200 1492 2438 1532 sororem
2462 1476 2673 1533 illorum
2699 1475 2889 1530 Dinam
2914 1484 3259 1545 Oppresserat
3277 1473 3521 1546 Sycimu-

1950 1585 2067 1626 rum
2102 1571 2375 1642 princeps.
2405 1568 2631 1639 Insuper
2656 1578 2711 1624 et
2740 1570 2840 1624 hoc
2873 1569 3151 1635 discimus,
3184 1585 3250 1623 ex
3283 1583 3351 1622 eo
3379 1569 3522 1638 quod

1947 1662 2274 1733 evangelista
2338 1662 2495 1717 nobis
2555 1669 2742 1719 narrat
2782 1676 2844 1716 ea
2872 1676 2990 1729 quae
3018 1660 3084 1716 de
3133 1662 3280 1717 fonte
3304 1672 3358 1715 et
3378 1663 3519 1729 loco,

1948 1757 2088 1827 quod
2112 1756 2274 1810 etiam
2304 1754 2433 1810 olim
2465 1754 2649 1824 reiecti
2679 1753 3117 1825 fuerintprOpter
3168 1764 3385 1824 peccata
3426 1770 3521 1812 sua

266 1846 460 1910 Δεῖναν
516 1842 809 1912 βιασθῆναι
875 1842 982 1896 ὑπὸ
1048 1842 1144 1901 τοῦ
1201 1842 1512 1913 Συκιμιτῶν
1561 1842 1845 1913 ἄρχοντος.

1957 1848 2142 1913 Judaei,
2189 1858 2243 1903 et
2298 1862 2419 1903 cum
2472 1846 2824 1903 oll‘endissent
2861 1847 3047 1914 Deum,
3099 1859 3284 1919 gentes
3309 1847 3520 1902 illorum

273 1936 510 1990 Ἔπειτα
529 1937 585 1988 δὲ
618 1937 713 1989 καὶ
736 1935 896 1991 τοῦτο
922 1935 1269 2006 μανθάνομεν
1294 1936 1403 1989 ἀπὸ
1435 1934 1527 1988 τοῦ
1566 1936 1651 1987 τὸν
1677 1935 1846 2001 εὐαγ-

267 2029 525 2098 γελιστὴν
548 2027 878 2096 καταλέγειν
912 2031 1046 2097 ἡμῖν
1095 2030 1163 2081 τὰ
1196 2028 1327 2100 περὶ
1364 2026 1459 2079 τοῦ
1512 2028 1715 2098 χωρίου
1753 2026 1847 2079 καὶ

268 2124 371 2193 τῆς
405 2123 611 2195 πηγῆς,
657 2124 739 2181 ὅτι
792 2124 827 2194 ἠ
877 2123 987 2177 τῶν
1051 2122 1328 2180 Ἰουδαίων
1377 2121 1619 2192 ἀποϐολὴ
1676 2122 1845 2175 πάλαι

273 2219 501 2284 ἐγένετο
525 2216 611 2270 διὰ
636 2216 734 2280 τάς
761 2217 1037 2286 ἁμαρτίας
1070 2216 1253 2271 αὐτῶν
1279 2232 1293 2246 ·
1319 2217 1413 2269 καὶ
1436 2215 1848 2285 προσκρουσάν-

269 2326 380 2361 των
406 2309 585 2362 αὐτῶν
610 2308 689 2379 τῷ
711 2308 852 2380 Θεῷ,
879 2310 928 2362 οἱ
954 2308 1161 2363 ἐθνικοὶ
1186 2308 1454 2377 κατέσχον
1474 2307 1602 2369 τοὺς
1622 2307 1841 2369 τόπους·

270 2404 366 2460 καὶ
400 2401 437 2456 ἀ
480 2404 528 2455 οἱ
581 2404 918 2473 πατριάρχαι
950 2402 1039 2455 διά
1094 2400 1192 2471 τὴν
1246 2402 1326 2464 είς
1379 2399 1617 2469 Χριστὸν
1662 2397 1845 2453 πίστιν

271 2495 597 2561 ἐκτήσαντο,
630 2493 802 2546 ταῦτα
850 2493 1009 2547 αὐτοὶ
1038 2493 1126 2546 διά
1155 2493 1254 2562 τήν
1283 2491 1603 2546 δυσσέϐειαν
1634 2489 1848 2543 ἀπώλε-

274 2602 397 2641 σαν.
436 2586 600 2638 Ὥστε
630 2582 784 2643 οὖδὶν
813 2584 1022 2651 καινὸν,
1052 2584 1177 2638 οὐδὲ
1214 2583 1310 2637 νῦν
1334 2583 1383 2635 εί
1411 2583 1460 2636 οί
1489 2581 1695 2637 ἐθνικοὶ
1723 2581 1846 2639 ἀντὶ

272 2677 383 2729 τῶν
430 2676 703 2731 Ἰουδαίων
754 2674 1093 2747 εἰσήχθησαν
1146 2676 1227 2736 είς
1274 2675 1374 2745 τὴν
1407 2672 1689 2744 βασιλείαν
1737 2672 1846 2727 τῶν

273 2770 540 2841 οὐρανῶν.
566 2767 641 2823 Τὸ
671 2770 729 2823 δέ
757 2770 955 2842 χωρίον
992 2770 1020 2824 ὃ
1056 2770 1259 2825 ἔδωκεν
1290 2767 1491 2822 Ἰακὼϐ
1514 2769 1592 2839 τῷ
1623 2769 1849 2839 Ἰωσὴφ,
1915 2769 2128 2839 Σύκιμα
2180 2767 2420 2837 ἕλεγετο.

1950 1940 2062 1995 loca
2091 1939 2431 2010 possederint
2461 1958 2476 1992 :
2511 1948 2567 1993 et
2601 1954 2720 2008 qum
2747 1940 3066 2009 patriarcha!
3098 1950 3318 2009 propter
3368 1956 3521 1996 suam

1950 2032 2002 2085 iu
2039 2030 2206 2085 Deum
2240 2031 2396 2086 tidem
2415 2032 2784 2101 possederant,
2817 2047 2881 2086 ea
2909 2033 2997 2103 .illi
3032 2044 3251 2103 propter
3277 2034 3522 2104 impieta-

1950 2129 2058 2176 tem
2087 2124 2384 2178 amiserunt
2416 2139 2429 2176 :
2458 2130 2514 2178 et
2540 2124 2608 2176 ita
2639 2124 2776 2178 nihil
2809 2139 3009 2179 novum
3040 2126 3085 2180 si
3115 2136 3169 2181 et
3212 2142 3351 2182 nunc
3394 2142 3526 2197 geu-

1953 2216 2071 2270 tiles
2102 2229 2200 2284 pro
2234 2211 2432 2271 ludatis
2461 2215 2512 2270 in
2544 2230 2769 2285 regnum
2796 2217 3055 2274 caelorum
3084 2220 3192 2273 sint
3215 2219 3523 2275 introducti.

1953 2307 2220 2361 Prandium
2260 2316 2439 2361 autem
2475 2308 2617 2379 quod
2660 2310 2806 2363 dedit
2844 2308 3011 2365 Jacob
3048 2310 3266 2382 Joseph,
3308 2310 3525 2381 Sycima

1955 2397 2255 2451 dicebatur.
2305 2395 2570 2461 Quoniam
2638 2399 2782 2452 enim
2851 2400 2945 2453 ﬁlii
3007 2400 3170 2455 Iacob
3234 2400 3527 2471 Sycimitas

1952 2488 2316 2557 perdiderant,
2345 2497 2400 2542 et
2431 2487 2707 2545 civitatem
2738 2488 3116 2545 desolaverant
3148 2507 3162 2545 :
3188 2505 3308 2544 eam
3338 2500 3526 2561 utpote

1953 2579 2250 2635 desolatam
2312 2589 2467 2651 pater
2527 2582 2583 2635 in
2667 2582 3036 2641 hereditatem
3142 2584 3252 2639 lilio
3327 2581 3527 2655 Joseph

1954 2672 2120 2727 dedit.
2384 2662 2405 2682 ⁸
3468 2662 3473 2667 ’

2501 2769 2654 2823 Ἐπεὶ
2685 2771 2793 2843 γάρ
2846 2772 2895 2824 oi
2941 2771 3130 2837 παῖδες
3186 2770 3280 2827 τοῦ
3332 2770 3527 2827 Ἰακὼϐ

275 2866 401 2925 τοὺς
430 2864 726 2935 Συκιμίτας
752 2864 1137 2931 ἀπολέσαντες,
1160 2862 1261 2935 τὴν
1291 2863 1446 2919 πόλιν
1504 2862 1890 2935 ἐξερήμωσαν,
1931 2866 2137 2935 ταύτην
2173 2862 2236 2939 δὴ
2302 2864 2402 2936 τὴν
2443 2863 2889 2936 ἐξερημωθεῖσαν
2928 2866 3159 2920 δέδωκεν
3214 2866 3294 2933 είς
3324 2865 3526 2943 κλῆρον

276 2956 354 3027 τῷ
381 2955 581 3028 Ἰωσὴφ
604 2956 635 3009 ὁ
668 2957 874 3027 πατήρ.

354 3066 372 3099 ι
420 3048 479 3101 ’0
511 3046 605 3101 οὗν
641 3047 852 3118 Ἰησοῦς
894 3047 1244 3113 κεκοπιακὼς
1278 3050 1345 3104 ἐκ
1372 3050 1472 3120 τῆς
1516 3047 1846 3117 ὁδοιπορίας,

2027 3042 2195 3098 Vens.
2226 3043 2349 3100 6-8.
2384 3062 2403 3095 ι
2439 3042 2596 3101 Jesus
2633 3059 2763 3116 ergo
2798 3042 3055 3116 fatigatus
3086 3062 3151 3100 ex
3188 3047 3400 3114 itinere,
3435 3066 3526 3108 se?

277 3138 567 3205 ἐκαθέζετο
594 3138 769 3203 οὕτως
799 3140 891 3193 ἐπὶ
920 3142 987 3211 τῇ
1031 3143 1206 3211 πηγῇ.
1244 3140 1385 3212 Ὥρα
1416 3138 1484 3211 ἦν
1531 3140 1665 3194 ὡσεὶ
1692 3140 1850 3209 ἓκτη.

280 3231 544 3300 Ἔρχεται
587 3229 725 3301 γυνὴ
782 3232 847 3285 ἐκ
890 3231 991 3303 τῆς
1029 3232 1348 3304 Σαμαρείας
1377 3232 1639 3303 ἀντλῆσαι
1684 3230 1850 3301 ὕδωρ.

277 3324 446 3391 Λέγει
490 3323 628 3394 αύτῇ
661 3324 690 3376 ὁ
721 3322 928 3393 Ἰησοῦς
952 3340 967 3354 ⁸
1001 3323 1100 3388 Δός
1152 3341 1244 3395 μοι
1299 3327 1465 3380 πιεῖν.
1528 3325 1591 3377 Oi
1619 3322 1726 3393 γὰρ
1756 3339 1856 3391 μα-

279 3414 446 3485 θηταὶ
483 3414 648 3467 αὐτοῦ
680 3413 1119 3485 ἀπεληλύθεισαν
1152 3418 1233 3479 είς
1262 3416 1363 3489 τὴν
1397 3417 1576 3482 πόλιν,
1618 3416 1706 3469 ἵνα
1733 3432 1857 3486 τρο-

292 3508 405 3577 φὰς
452 3508 823 3579 ἀγοράσωσιν.
878 3525 898 3559 ι
952 3507 1364 3575 Κεκοπιακέναι
1409 3509 1501 3564 τὸν
1550 3509 1755 3579 Κύριον
1793 3509 1857 3561 ἐκ

279 3598 381 3668 τῆς
428 3598 739 3669 ὁδοιπορίας
780 3600 1009 3670 φάσκων
1053 3601 1081 3652 ὁ
1111 3598 1538 3671 εὐαγγελιστὴς,
1585 3598 1857 3655 δείκνυσιν

282 3691 418 3759 ἡμῖν
476 3688 594 3760 ἅμα
623 3692 724 3761 μὲν
747 3690 812 3744 τὸ
837 3691 1046 3761 ἄτυφον
1067 3690 1233 3753 αὐτοῦ
1273 3690 1370 3744 καὶ
1402 3691 1694 3762 ἀπέριττον
1716 3689 1858 3761 (οὐδὲ

281 3782 396 3851 γὰρ
427 3781 740 3850 ὑποζυγίοις
795 3784 997 3854 ἐχρᾶτο
1043 3784 1179 3855 πρὸς
1228 3783 1330 3855 τὴν
1358 3782 1691 3854 ὁδοιπορίαν,
1721 3780 1858 3835 ἀλλά

282 3872 449 3935 πεζὸς
505 3871 695 3939 ὥδευε,
740 3873 1015 3928 παιδεύων
1080 3874 1175 3928 καὶ
1231 3874 1378 3944 ἡμᾶς
1416 3874 1476 3928 τὸ
1525 3875 1600 3945 μὴ
1644 3871 1858 3926 πολλῶν

280 3963 536 4032 δεῖσθαι),
568 3963 686 4033 ἅμα
715 3964 773 4017 δὲ
806 3966 901 4018 καὶ
950 3965 1011 4018 τὸ
1038 3964 1309 4028 συντόνως
1339 3965 1502 4019 αὑτὸν
1528 3964 1734 4019 ὁδεύειν
1763 3964 1860 4017 καὶ

288 4057 367 4128 μὴ
404 4054 691 4126 ῥᾳθύμως.
728 4054 821 4123 Ἐξ
849 4050 911 4113 οὗ
945 4057 1294 4128 μανθάνομεν
1321 4059 1418 4113 καὶ
1446 4059 1608 4128 ἡμεῖς
1630 4058 1691 4119 τὸ
1722 4057 1861 4128 μετά

287 4147 571 4210 συντονίας
633 4148 728 4201 καὶ
767 4149 1088 4219 ἐπιμελείας
1132 4148 1396 4213 πράττειν
1450 4148 1511 4201 τὸ
1557 4148 1716 4219 ἔργον
1764 4148 1859 4201 τοῦ

284 4238 446 4293 Θεοῦ.
476 4238 548 4292 Τὸ
573 4236 654 4303 δὲ,
706 4255 725 4289 ι
779 4237 1105 4302 Ἐκαθέζετο
1131 4235 1295 4303 οὕτω,
1330 4255 1350 4290 ι
1384 4235 1645 4306 σημαίνοι
1685 4236 1752 4290 ἂν
1799 4238 1861 4288 τὸ

286 4329 477 4393 ἁπλῶς
509 4331 605 4384 καὶ
646 4329 721 4395 ὡς
750 4329 931 4400 ἔτυχε,
968 4328 1063 4381 καὶ
1095 4328 1179 4382 ὅτι
1210 4326 1313 4387 οὐκ
1360 4326 1454 4380 ἐπὶ⁵
1487 4326 1701 4398 θρόνου,
1742 4326 1858 4381 ἀλλ’

287 4420 486 4486 οὕτως,
515 4421 731 4490 ἀφελῶς
764 4421 1028 4493 δηλονότι,
1078 4420 1171 4474 ἐπὶ
1215 4418 1445 4488 ἐδάφους
1477 4419 1773 4473 ἀναπαύων
1803 4420 1862 4473 τδ
1894 4403 1937 4465 ί)

296 4515 473 4585 σῶμα,
502 4515 595 4567 καὶ
625 4512 777 4579 παρά
803 4514 869 4582 τῇ
902 4514 1057 4581 πηγῇ
1089 4510 1381 4587 ἀναψύχων
1406 4511 1570 4565 ἀύτό.
1606 4508 1737 4566 Εἶτα
1769 4511 1865 4565 καὶ

292 4604 492 4675 ἐτέραν
525 4601 707 4657 αἰτίαν
730 4601 945 4669 εἰσάγει
975 4600 1072 4654 τοῦ
1108 4600 1381 4670 καθῆσθαι
1415 4600 1576 4654 αὐτὸν
1609 4602 1757 4673 παρὰ
1797 4605 1861 4671 τῇ

292 4698 467 4766 πηγῇ,
501 4694 562 4748 τὸ
600 4689 741 4749 εἶναι
776 4691 1048 4763 σταθερὰν
1084 4691 1458 4763 μεσημϐρίαν.
1510 4712 1529 4745 ι
1568 4693 1709 4763 Ὦρα
1733 4693 1862 4764 γὰρ,

289 4790 478 4860 φησὶν,
506 4783 574 4857 ἦν
602 4786 733 4841 ὡσεὶ
768 4785 924 4855 ἕκτη.
974 4803 994 4838 ι
1042 4783 1206 4837 Ὥστε
1258 4784 1351 4836 καὶ
1382 4780 1474 4838 διὰ
1499 4783 1561 4837 τὸ
1591 4783 1690 4853 τῆς
1716 4784 1864 4853 ὧρας

295 4880 584 4933 θαλπεινδν
613 4878 782 4933 ἐδεῖτο
801 4874 1160 4939 ἀναπαύσεώς
1183 4892 1243 4928 τε
1263 4875 1354 4928 καὶ
1379 4873 1716 4949 ἀναψύξεως.
1752 4874 1862 4928 Καὶ

291 4970 464 5032 ἄλλως
493 4962 550 5022 δέ
575 4985 589 4999 '
627 4968 715 5021 ἵνα
747 4967 821 5037 μή
877 4982 961 5028 τις
990 4964 1304 5034 αἰτιάσηται
1334 4964 1427 5017 τὸν
1467 4965 1692 5035 Κύριον,
1743 4962 1861 5027 πῶς

291 5064 404 5125 τοῖς
437 5060 703 5131 μαθηταῖς
737 5057 903 5113 αὐτοῦ
950 5055 1375 5126 ἐγκελευόμενος
1421 5057 1503 5119 εἰς
1545 5056 1662 5109 ὁδὸν
1692 5055 1861 5109 ἐθνῶν

296 5152 374 5222 μὴ
423 5150 703 5215 ἀπελθεῖν,
741 5148 904 5212 αὐτὸς
955 5147 1036 5210 είς
1081 5146 1424 5216 Σαμαρείτας
1470 5145 1722 5217 ἔρχεται,
1770 5145 1863 5199 διὰ

292 5242 452 5296 τοῦτό
477 5258 662 5317 φησιν,
692 5242 775 5295 ὅτι
814 5242 848 5312 η
886 5241 981 5293 ἐπὶ
1017 5237 1113 5292 τοῦ
1159 5240 1329 5291 τόπου
1381 5238 1621 5308 καθέδρα
1655 5239 1744 5293 διὰ
1768 5238 1860 5301 τὸν

295 5335 461 5396 κόπον
484 5332 698 5399 γέγονε,
728 5330 825 5384 καὶ
850 5330 933 5385 ὅτι
970 5329 1003 5400 η
1035 5327 1172 5397 πρὸς
1214 5328 1315 5397 τὴν
1347 5330 1581 5396 γυναῖκα
1632 5328 1866 5394 διάλεξις

296 5422 519 5490 εὔλογον
559 5415 705 5489 εἶχεν
742 5417 1023 5490 ἀφορμὴν,
1075 5417 1138 5470 τὸ
1173 5415 1345 5487 δίψος.
1388 5416 1541 5469 Ἐπεὶ
1563 5417 1670 5485 γὰρ
1707 5416 1866 5485 ἐδίψα

295 5509 605 5571 ἀκολούθως
644 5508 785 5561 κατά
813 5510 875 5560 τὸ
930 5506 1293 5578 ἀνθρώπινον,
1346 5506 1521 5560 ἐδεῖτο
1550 5508 1643 5560 καὶ
1674 5507 1861 5561 ποτοῦ.

294 5605 555 5676 Ζητοῦντι
583 5603 640 5656 δὲ
666 5601 844 5673 ὁμιλεῖ
876 5602 935 5655 τὸ
976 5602 1202 5670 γύναιον
1251 5600 1467 5671 ὁμιλίαν
1497 5600 1674 5671 ψυχῆς
1712 5601 1861 5669 φιλο-

376 5789 421 5821 ¹⁹’
449 5788 601 5845 Joan.
631 5804 744 5854 \‘tll,
784 5788 839 5844 6.
916 5790 960 5822 ’⁷
1004 5787 1167 5843 Matth
1200 5804 1255 5858 κ,
1284 5787 1334 5841 5.
1413 5786 1459 5819 "
1497 5784 1633 5853 Cen,
1667 5786 1959 5865 xxsiv,27,

1955 3134 2117 3189 debat
2163 3135 2242 3190 sic
2289 3149 2452 3203 super
2482 3133 2708 3191 fontem.
2764 3135 2913 3202 liora
2967 3146 3085 3194 erat
3130 3136 3300 3198 ferme
3332 3152 3524 3215 sexta;

1955 3225 2103 3279 venit
2132 3224 2325 3280 mulier
2350 3223 2714 3292 Samaritana,
2758 3236 2815 3283 ut
2844 3229 3087 3287 hauriret
3129 3246 3347 3301 aquam,
3384 3233 3527 3290 Dicit

1955 3318 2004 3373 ei
2032 3316 2193 3373 Jesus
2224 3335 2237 3373 :
2276 3317 2348 3372 Da
2384 3319 2512 3373 mihi
2545 3319 2688 3389 quod
2719 3321 2924 3377 bibam.
2974 3322 3107 3379 Nam
3136 3325 3382 3397 discipuli
3402 3314 3528 3397 ejus

1958 3411 2204 3464 abierant
2250 3410 2302 3464 in
2331 3410 2631 3488 .civitatem
2665 3420 2723 3466 ut
2748 3412 2901 3468 cibos
2935 3426 3200 3472 emerent.
3237 3436 3256 3470 ι
3316 3417 3531 3490 Fatiga-

1960 3509 2073 3555 tum
2137 3500 2419 3556 Dominum
2479 3517 2545 3558 ex
2618 3504 2812 3560 itinere
2874 3520 3102 3564 narrans
3173 3509 3526 3583 evangelista,

1959 3594 2199 3651 ostendit
2245 3593 2404 3649 nobis
2448 3594 2728 3650 Dominum
2773 3612 2803 3651 a
2845 3598 2986 3652 fastu
3027 3606 3081 3654 et
3121 3614 3303 3654 rerum
3353 3603 3527 3661 abun-

1958 3688 2139 3742 dantia
2170 3687 2408 3742 alienum
2438 3686 2629 3742 fuisse.
2664 3688 2780 3743 Non
2810 3691 2951 3744 enim
2983 3691 3246 3761 jumentis
3277 3696 3530 3755 utebatur

1958 3778 2026 3831 ad
2076 3779 2199 3844 iter,
2246 3779 2340 3832 sed
2384 3779 2549 3846 pedes
2592 3779 2723 3844 ibat,
2752 3781 3029 3843 instruens
3063 3784 3226 3839 etiam
3277 3800 3374 3839 nos
3422 3801 3528 3840 non

1961 3868 2143 3925 multis
2172 3881 2308 3938 opus
2338 3868 2560 3923 habere.
2584 3868 2809 3938 Insuper
2836 3872 3038 3926 dicitet
3069 3873 3241 3943 ipsum
3275 3875 3528 3930 incedere

1960 3969 2203 4024 Strenue,
2246 3968 2300 4013 et
2334 3973 2438 4012 non
2478 3960 2767 4030 ignaviter.
2802 3960 2875 4019 Ex
2918 3977 3027 4031 quo
3058 3965 3316 4020 discimus
3347 3974 3401 4021 et
3433 3984 3531 4024 uos

1961 4058 2019 4104 ut
2047 4064 2170 4105 cum
2209 4052 2511 4105 constantia
2550 4061 2603 4105 et
2636 4051 2913 4121 diligentia
2958 4056 3219 4113 faciamus
3249 4072 3380 4127 opus
3409 4058 3529 4114 Dei.

1961 4144 2114 4211 Quod
2161 4154 2342 4199 autem
2387 4144 2610 4199 sedebat
2655 4145 2755 4212 sic,
2789 4145 3061 4215 significat
3104 4138 3447 4219 simpliciter,
3475 4161 3533 4205 et

1963 4244 2023 4291 ut
2046 4235 2188 4299 forte
2217 4235 2561 4303 ohveniebat,
2596 4244 2651 4291 et
2681 4252 2784 4291 non
2817 4252 2981 4307 super
3008 4238 3160 4306 sede,
3197 4241 3290 4295 sed
3324 4241 3534 4309 simpli-

1964 4326 2100 4381 citer
2132 4326 2378 4382 videlicet
2410 4340 2572 4397 super
2597 4328 2936 4396 pavimento,
2975 4328 3279 4387 retocillans
3310 4346 3531 4403 corpus,

1964 4427 2020 4473 et
2066 4416 2208 4487 apud
2242 4418 2443 4473 fontem
2471 4431 2532 4473 se
2562 4434 2838 4475 recreans.
2876 4420 3080 4477 Deinde
3128 4431 3182 4475 et
3216 4422 3375 4477 aliam
3409 4441 3538 4483 εαυτ-

1962 4521 2082 4563 sam
2117 4507 2325 4563 inducit
2355 4523 2526 4577 quare
2561 4509 2765 4566 sederit
2794 4512 2933 4581 apud
2968 4510 3193 4568 fontem.
3227 4511 3356 4576 Erat
3389 4517 3534 4571 enim

1964 4608 2172 4670 tempus
2194 4601 2585 4656 meridianum:
2611 4619 2630 4653 ι
2662 4601 2802 4657 Hora
2824 4604 2990 4668 enim,
3021 4606 3213 4675 inquit,
3239 4620 3353 4661 erat
3376 4609 3535 4678 quasi

1962 4700 2114 4744 sexta
2145 4706 2161 4744 :
2197 4708 2217 4741 ι
2257 4700 2421 4760 atque
2466 4692 2629 4746 etiam
2670 4703 2890 4762 propter
2926 4693 3071 4749 horae
3120 4694 3355 4751 calorem
3399 4714 3536 4769 opus

1962 4782 2199 4839 habebat
2228 4779 2511 4851 refrigerio
2549 4791 2605 4837 et
2659 4785 3015 4839 recreatioue.
3064 4784 3156 4841 Vel
3190 4786 3346 4843 aliter
3378 4789 3535 4859 dicit,

1970 4883 2029 4927 ut
2067 4887 2133 4928 ne
2161 4874 2285 4942 quis
2315 4873 2726 4947 reprehenderit
2754 4874 3060 4944 Dominum,
3091 4881 3386 4948 quomodo,
3414 4896 3534 4935 cum

1970 4967 2301 5037 praecipisset
2334 4965 2615 5034 discipulis
2644 4976 2702 5021 ut
2735 4982 2803 5022 ne
2832 4968 2974 5023 viam
3006 4971 3243 5040 gentium
3278 4972 3536 5043 ingrede-

1974 5066 2178 5121 rentur,
2208 5058 2322 5128 ipse
2368 5059 2435 5113 ad
2468 5056 2842 5115 Samaritanos
2871 5061 3078 5116 venerit
3109 5079 3123 5118 :
3157 5062 3359 5117 idcirco
3404 5064 3541 5118 dicit

1968 5147 2111 5225 quod
2140 5150 2337 5203 sedens
2368 5148 2422 5202 in
2451 5148 2570 5204 loco
2602 5159 2823 5231 propter
2856 5149 3228 5222 fatigationem
3262 5152 3449 5218 fuerit,
3482 5162 3538 5208 ct

1971 5238 2113 5305 quod
2135 5237 2468 5308 coiloqnium
2492 5253 2615 5294 cum
2640 5239 2866 5301 muliere
2889 5242 3264 5305 rationabilem
3290 5244 3543 5299 habuerit

1971 5343 2215 5393 oausam,
2250 5332 2397 5384 sitim
2422 5329 2652 5387 scilicet.
2677 5332 2944 5400 Quoniam
2971 5334 3115 5390 enim
3144 5336 3383 5406 sitiebat,
3411 5352 3539 5395 con.-

1972 5430 2265 5491 sequentcr
2309 5421 2549 5479 humano
2585 5440 2737 5480 more
2777 5426 3053 5499 indigebat
3093 5438 3149 5485 et
3195 5442 3343 5500 pom.
3380 5430 3541 5498 Qua:-

1976 5514 2118 5567 renti
2154 5523 2334 5569 autem
2368 5517 2609 5571 occurrit
2639 5517 2852 5584 mulier,
2883 5520 3063 5574 anima
3090 5522 3327 5577 discendi
3358 5522 3540 5577 avida.

1973 5602 2111 5669 Quid
2144 5601 2306 5671 igitur
2335 5617 2469 5673 opus
2500 5615 2616 5659 erat
2647 5606 2828 5663 facto?
2861 5610 3212 5680 repelleretne
3263 5611 3541 5679 mulierem
