3960 6454
474 336 610 399 ῖέδῖι

1253 335 1829 401 THEOPHYLACTI
1876 346 2281 406 DULGARL‘E
2322 350 2656 412 AllCiiiEP

3581 363 3713 433 12").

471 457 604 502 adeo
647 450 965 515 studiosam,
1015 449 1409 520 colloquentem
1464 462 1517 507 et
1565 456 1836 509 sitientem
1884 473 1943 511 ea
1986 479 1998 510 ι

2106 461 2381 529 ιμαθοῧς.
2423 464 2487 516 Τί
2537 464 2629 517 οὖν
2679 465 2864 518 λοιπὸν
2913 448 3033 519 ἔδει.
3076 470 3330 540 ποιῆσαις
3396 472 3716 529 ἀπώσασθαι

470 543 665 607 quibus
716 541 1014 605 dubitabat,
1056 551 1114 595 ιιι
1170 544 1426 597 audiret?
1477 546 1650 598 Διιπίι.
1688 544 1804 601 Νυιι
1856 548 2044 603 fuisset

473 631 575 685 hoc
630 632 823 686 divinze
869 632 1276 688 misericordiae.
1320 635 1449 691 Vide
1485 646 1685 704 autem,
1720 651 1840 704 oro,
1877 651 1930 693 et
1978 654 2040 693 ex

470 726 573 776 ltoc
622 740 779 793 quam
837 726 1021 796 proeul
1071 743 1101 779 a
1151 728 1288 782 fastu
1339 728 1503 783 fuerit
1553 729 1830 785 Dominus.
1887 731 2044 788 Solus

455 817 614 869 .enint
659 816 980 884 relinquitur
1008 819 1060 872 ιιι
1096 820 1200 883 via,
1230 835 1352 874 cum
1381 822 1628 889 discipuli
1661 823 1950 879 ahixisscttt
1988 827 2039 880 itt

468 911 737 962 civitatem
796 920 853 962 ιιι
880 921 1121 965 emerent
1172 913 1445 967 alimenta.
1492 912 1669 983 Usque
1698 915 1832 969 adeo
1885 918 2029 971 enim

426 1001 668 1054 nullam
723 1017 909 1056 curam
965 1005 1171 1057 ventris
1224 1005 1476 1074 agebant,
1535 1015 1593 1060 ιιι
1632 1021 1741 1075 quo
1796 1017 2037 1077 tempore

454 1092 634 1147 ferme
679 1106 867 1147 omnes
906 1108 935 1147 a
996 1094 1223 1163 prandio
1265 1096 1560 1161 dormiunt,
1595 1096 1668 1151 illi
1710 1096 1860 1153 cibos
1886 1114 2033 1154 etne-

463 1192 602 1245 rent,
630 1193 677 1235 et
712 1197 881 1252 partes
926 1183 1186 1239 duntaxat
1225 1203 1237 1239 :
1265 1196 1320 1239 ιιι
1347 1195 1401 1240 et
1431 1201 1529 1240 nos
1557 1188 1829 1244 discamus
1860 1190 2033 1242 varie-

463 1284 629 1328 tatem
701 1276 942 1330 eiboruut
1013 1276 1160 1342 parvi
1228 1278 1426 1334 facere.
1468 1276 1615 1343 Vide,
1659 1279 1910 1345 obsecro,
1980 1290 2033 1335 et

460 1364 788 1433 diligentiam
816 1366 1181 1433 evangelistaz.
1203 1367 1365 1440 554
1388 1368 1570 1439 Neque
1604 1371 1745 1424 enim
1793 1371 1927 1425 dixit
1952 1372 2024 1426 af-

461 1455 752 1519 lit-tnative,
788 1455 928 1512 [lora
960 1468 1079 1512 erat
1103 1471 1280 1523 sexta,
1310 1450 1403 1514 sed
1448 1470 1504 1513 ut
1535 1461 1711 1514 minus
1745 1477 1773 1513 a
1802 1463 2031 1519 veritate

458 1545 696 1609 excidat,
727 1545 895 1602 ferme
920 1556 1069 1602 sexta
1090 1587 1103 1613 ,
1136 1548 1328 1619 inquit,
1366 1564 1620 1606 securum
1650 1550 1859 1610 faciens
1904 1569 2022 1610 ser-

457 1656 694 1695 ιιιυιιιιιιι.

526 1818 687 1874 \‘sas.
716 1821 872 1877 9-H.
910 1840 927 1873 ι
964 1823 1101 1878 Dicit
1127 1824 1202 1878 illi
1235 1823 1431 1880 mulier
1459 1825 1800 1883 Samaritana
1835 1846 1849 1881 :
1880 1829 2022 1897 Quo-
2054 1809 2095 1864 Β

452 1913 612 1967 modo
642 1923 718 1978 ιιι,
752 1913 971 1969 ,ιιιιίωυε
1002 1930 1122 1970 cum
1157 1916 1255 1979 sis,
1288 1925 1471 1984 potum
1496 1928 1523 1969 a
1556 1932 1640 1971 me
1662 1918 1861 1985 poscis,
1900 1934 2019 1989 quae

450 2021 568 2060 sunt
615 2006 807 2059 mulier
858 2005 1248 2060 Samaritana?
1288 2006 1406 2062 Non
1437 2009 1581 2063 enim
1631 2013 2016 2064 commercium

447 2096 649 2154 iubent
674 2096 841 2150 Judaei
869 2112 989 2149 cum
1025 2095 1403 2153 Samaritanis.
1438 2099 1734 2169 Respondit
1758 2101 1935 2168 Jesus,
1962 2114 2016 2155 et

444 2186 579 2243 ἀλιίι
605 2186 653 2240 ei
697 2203 710 2240 :
746 2184 802 2239 Si
836 2185 1007 2241 scires
1043 2189 1243 2241 donum
1278 2187 1392 2253 Dei,
1425 2198 1478 2244 et
1509 2191 1632 2260 quis
1667 2191 1735 2246 sit
1768 2198 1860 2260 qui
1883 2193 2014 2246 dicit

446 2278 562 2341 tibi,
596 2277 668 2330 Da
723 2276 851 2331 mihi
905 2278 1051 2346 quod
1101 2279 1305 2345 bibam,
1341 2288 1394 2334 tu
1443 2282 1670 2350 petisses
1714 2283 1783 2338 ab
1827 2298 1912 2348 eo,
1959 2293 2014 2339 et

442 2371 673 2421 dedisset
699 2367 786 2420 tibi
818 2383 1009 2437 aquam
1039 2367 1237 2422 vivam.
1262 2369 1399 2423 Dicit
1421 2371 1470 2424 ei
1500 2371 1695 2427 mulier
1720 2388 1734 2426 :
1765 2373 2007 2440 Domine,

442 2473 616 2526 neque
643 2473 747 2526 quo
778 2459 997 2513 haurias
1030 2458 1217 2527 babes,
1244 2470 1295 2515 et
1325 2471 1517 2529 puteus
1551 2462 1847 2531 ptofundus
1878 2478 1959 2519 est
1992 2484 2007 2520 :

441 2549 583 2604 unde
617 2564 746 2620 ergo
785 2551 949 2605 habes
992 2566 1188 2621 aquam
1236 2553 1380 2606 illam
1410 2554 1627 2609 vivam?
1668 2573 1686 2607 ι
1718 2557 1799 2610 Ab
1824 2556 2006 2612 habitu

438 2650 486 2693 et
520 2652 666 2694 vesu:
704 2641 955 2705 forsitan,
999 2650 1055 2695 et
1101 2641 1204 2695 alia
1241 2645 1486 2714 corporis
1528 2644 1723 2709 lbrma,
1755 2658 1811 2701 et
1842 2648 2004 2703 collo-

437 2732 562 2798 quin
596 2732 711 2799 ipso
743 2734 1075 2788 existimavit
1108 2736 1450 2789 Samaritana
1475 2736 1716 2792 Judaeum
1744 2753 1867 2793 esse
1906 2738 2006 2793 Do-

436 2825 682 2888 "tinum;
737 2824 857 2877 ideo
890 2833 942 2877 et
993 2824 1056 2879 ad
1109 2825 1281 2893 ipsum
1322 2825 1499 2881 dicit:
1544 2847 1561 2880 ι
1612 2828 1893 2893 Quomodo
1943 2842 2001 2886 tu

431 2913 645 2969 Ltd-us
682 2931 802 2969 cum
850 2918 957 2981 sis,
994 2934 1011 2966 ι
1051 2927 1154 2971 etc.
1197 2915 1327 2972 Vide
1366 2929 1545 2973 autem
1592 2922 1861 2990 quomodo
1891 2923 1999 2978 cir-

431 3010 741 3077 cumspecta
782 3002 942 3056 fuerit
975 3004 1185 3059 mulier.
1220 3005 1350 3059 Nam
1390 3009 1437 3061 si
1463 3022 1657 3065 cavere
1692 3012 1996 3081 oportebat,

430 3090 718 3145 Dominum
770 3097 1071 3162 oportebat,
1125 3112 1230 3152 non
1284 3098 1453 3154 illam.
1498 3099 1614 3157 Non
1666 3104 1808 3158 enim
1863 3106 2001 3160 dixit

428 3186 572 3247 quod
608 3181 932 3237 Satltnrilatti
987 3187 1429 3242 consuetudinem
1483 3205 1588 3244 non
1638 3191 1839 3248 habent
1875 3209 1996 3250 cum

426 3267 647 3336 Jadatis,
682 3283 795 3340 sc‘,
829 3273 996 3333 Judtei
1028 3292 1131 3332 non
1169 3278 1371 3334 habent
1409 3285 1851 3340 consuetudinem
1871 3303 1996 3342 cum

430 3364 811 3422 Satttat‘itanis.
858 3367 1113 3424 Attamen
1143 3386 1315 3440 neque
1342 3373 1424 3429 sic
1469 3383 1631 3442 tacet,
1668 3378 1761 3432 sed
1806 3380 1997 3434 existi-

426 3469 581 3509 mans
611 3455 895 3510 Dominum
926 3472 1039 3517 rem
1085 3459 1324 3517 illicitant
1356 3461 1562 3531 facere,
1591 3467 1818 3537 corrigit
1850 3471 1993 3539 quod

422 3556 619 3616 prattcr
653 3546 818 3616 legem
851 3546 1036 3604 ﬁebat.
1074 3550 1322 3607 Christus
1351 3564 1529 3610 autem
1558 3572 1663 3611 non
1697 3561 1849 3628 prius
1877 3578 1993 3615 tua-

422 3638 642 3691 nifestat
665 3652 746 3701 se,
770 3654 933 3713 quant
963 3642 1142 3699 virtus
1173 3645 1415 3699 mulieris
1446 3661 1798 3705 monstretur.
1835 3651 1989 3706 Post-

421 3748 584 3801 quam
617 3740 796 3788 autetn
832 3733 1067 3789 indicata
1113 3744 1197 3790 est
1242 3737 1485 3794 mulieris
1521 3741 1714 3808 virtus,
1758 3755 1812 3798 et
1848 3748 1989 3815 quod

423 3834 529 3878 tam
578 3826 974 3900 circumspecta
1017 3838 1070 3881 et
1104 3828 1331 3900 diligens
1374 3842 1544 3899 esset,
1598 3842 1726 3890 tunc
1772 3840 1989 3892 tandem

416 3916 604 3987 incipit
656 3918 798 3989 loqui
850 3936 971 3973 eum
1013 3936 1074 3973 ea
1131 3923 1198 3977 de
1248 3924 1604 3982 sublimibus:
1649 3943 1667 3977 ι
1717 3928 1773 3982 Si
1819 3931 1988 3985 scires

413 4010 581 4077 enim,
609 4010 805 4081 inquit,
836 4012 1033 4065 donum
1064 4012 1177 4080 Dei,
1214 4031 1232 4065 ι
1273 4015 1374 4069 hoc
1404 4024 1510 4081 est,
1554 4020 1599 4071 si
1628 4032 1986 4088 cognosceres

414 4101 541 4171 quid
585 4102 747 4155 donet
804 4101 964 4167 Deus,
1039 4120 1229 4174 nempe
1272 4116 1474 4161 aeterna
1512 4117 1568 4164 et
1604 4110 1983 4181 incorruptibi-

415 4192 482 4244 lia
524 4210 537 4245 :
572 4194 740 4247 scires
788 4206 965 4248 autem
1011 4206 1067 4250 et
1108 4211 1215 4263 me,
1242 4199 1383 4268 quod
1419 4215 1540 4254 cum
1587 4199 1728 4256 Deus
1772 4204 1895 4268 sint,
1927 4216 1984 4258 ut

413 4283 614 4351 possint
671 4286 784 4339 hate
829 4286 921 4340 tibi
964 4287 1092 4340 dare
1145 4303 1159 4342 :
1204 4301 1258 4341 tu
1310 4291 1653 4357 quaesivisses
1705 4294 1890 4365 utique
1931 4306 1981 4350 et

413 4376 720 4444 accepisses
760 4392 953 4447 aquam
984 4378 1181 4436 vivam.
1233 4378 1473 4436 Gratiam
1522 4393 1702 4438 autem
1749 4385 1981 4456 Spiritus

413 4468 585 4520 sancti
618 4483 813 4537 aquam
849 4470 977 4523 dicit
1016 4485 1168 4534 esse,
1204 4482 1486 4543 propterea
1539 4476 1680 4545 quod
1730 4479 1980 4546 purificat

412 4566 467 4609 et
502 4558 728 4612 multum
784 4559 1047 4629 refrigerii
1089 4563 1290 4632 prmbet
1332 4568 1773 4637 suscipientibus.
1811 4570 1981 4629 Porro

409 4664 603 4719 aquam
651 4652 783 4705 dicit
828 4668 931 4707 non
985 4643 1242 4721 stantem,
1277 4658 1454 4726 qualis
1497 4671 1580 4713 est
1629 4662 1680 4716 itt
1714 4665 1888 4731 puteis
1927 4675 1980 4719 et

407 4740 653 4808 lacubus,
691 4745 865 4814 putris
904 4757 958 4799 et
1006 4758 1284 4817 corrupta,
1344 4752 1438 4803 sed
1490 4752 1689 4820 vivam,
1746 4755 1845 4811 hoc
1899 4768 1981 4811 est

406 4836 818 4901 seatutie..tctn,
841 4850 893 4892 et
919 4855 1038 4908 quae
1066 4853 1363 4896 moveatur.
1392 4842 1524 4897 Nam
1549 4850 1719 4914 gratia
1745 4848 1977 4918 Spiritus

406 4940 619 4996 semper
642 4929 833 4997 agilem
859 4930 924 4983 ad
954 4932 1150 4983 bonum
1182 4930 1311 4985 facit
1341 4934 1601 5001 animant,
1631 4940 1975 4995 escensiones

404 5028 618 5084 semper
673 5019 1066 5087 disponentem.
1128 5018 1312 5076 Talem
1364 5038 1560 5093 aquam
1613 5026 1747 5080 bibit
1778 5027 1974 5085 Paulus

406 5108 672 5161 viventem
744 5120 799 5164 et
830 5123 1043 5179 semper
1075 5112 1353 5177 mobilem,
1394 5128 1517 5167 cum
1566 5114 1974 5173 oblivisceretur

404 5212 590 5250 eorum
621 5215 740 5269 qua:
770 5213 890 5271 post
932 5217 1011 5269 se,
1044 5212 1098 5259 et
1125 5205 1192 5259 ad
1230 5206 1504 5260 anteriora
1533 5220 1594 5261 se
1635 5208 1969 5263 extenderet.

408 5306 427 5338 ι
466 5288 605 5342 Dicit
630 5291 676 5343 ei
709 5293 899 5349 mulier
933 5314 947 5349 :
977 5295 1253 5350 Domine.»
1296 5297 1456 5352 Vides
1489 5298 1761 5368 quomodo
1791 5300 1970 5353 statim

401 5379 470 5432 ab
509 5380 695 5435 humili
727 5384 964 5451 cogitatu
1001 5386 1264 5441 desistcns
1287 5428 1303 5453 ,
1337 5403 1587 5457 magnum
1620 5391 1667 5445 ei
1712 5393 1971 5446 honorem

402 5471 679 5539 attribuat,
710 5472 994 5530 Dominum
1020 5481 1262 5533 vocando
1288 5478 1312 5531 ?
1337 5476 1521 5550 Neque
1553 5491 1727 5536 tamen
1760 5485 1812 5537 in
1846 5498 1970 5553 pro-

398 5561 620 5617 fundum
654 5564 940 5620 vetborum
973 5567 1168 5623 Christi
1205 5582 1442 5626 venerat.
1483 5572 1615 5627 Nam
1652 5575 1810 5631 aliter
1842 5576 1965 5644 qui-

397 5659 517 5708 dem
548 5657 632 5712 ille
659 5658 811 5725 dicit,
861 5658 1015 5713 aliter
1056 5672 1235 5716 autent
1269 5664 1372 5736 illa
1404 5665 1655 5738 intelligit
1696 5670 1859 5723 verba
1900 5670 1965 5722 de

395 5767 420 5805 1!
447 5770 552 5818 pta.

2146 552 2244 623 τὴν
2294 559 2529 621 γυναῖκα
2562 554 2706 609 οὕτω
2753 558 3069 627 φιλομαθῶς
3100 560 3475 634 διακειμένην,
3517 568 3609 620 καὶ
3638 567 3714 621 διο

2143 644 2333 712 ςιῶσαν
2380 647 2611 700 ἀκοῦσαι
2661 649 2770 701 τῶν
2818 653 2905 720 ἐφ’
2944 644 3027 715 οἷς
3080 654 3317 723 ἠπόρει;
3354 656 3610 726 Ἀπαγεί
3656 662 3712 713 οὗ

2142 736 2277 789 Θεοῦ
2328 737 2740 809 φιλανθρωπίας
2790 742 2970 796 τοῦτο.
3028 744 3173 815 Ὅρα
3221 746 3277 800 δέ
3320 765 3418 816 μοι
3456 750 3552 804 καὶ
3610 754 3711 806 ἀπὸ

2143 827 2334 879 τούτου
2370 828 2429 881 τὸ
2460 829 2664 899 ἄτυφον
2695 832 2788 886 τοῦ
2819 835 3049 904 Κυρίου.
3085 838 3263 902 Μόνος
3299 842 3408 911 γὰρ
3449 845 3711 913 καταλιμ-

2141 918 2367 972 πάνεται
2410 921 2502 974 ἐπὶ
2543 922 2639 993 τῆς
2666 923 2809 991 ὁδοῦ,
2836 925 2945 980 τῶν
2974 927 3234 1001 μαθητῶν
3265 932 3612 989 ἀπελθόντων
3634 940 3709 1003 είς

2137 1010 2236 1081 τὴν
2268 1012 2440 1075 πόλιν,
2475 1015 2559 1067 ῖνα
2603 1017 2807 1086 τροφὰς
2837 1020 3175 1091 ἀγοράσωσι.
3217 1025 3486 1103 Τοσοῦτον
3519 1030 3625 1102 γὰρ
3653 1034 3705 1087 ὲν

2136 1100 2372 1173 δευτέρῳ
2394 1105 2459 1157 τὰ
2488 1105 2589 1175 τῆς
2625 1108 2862 1179 γαστρὸς
2904 1110 3165 1177 ἐτίθεντο,
3209 1113 3348 1169 ὥστε
3385 1100 3443 1170 ἐν
3464 1113 3508 1185 ᾧ
3536 1100 3704 1191 καερῷ

2138 1194 2338 1258 πάντες
2380 1198 2566 1267 σχεδὸν
2616 1202 2708 1252 καὶ
2744 1201 3085 1257 ὑπνώττουσι
3123 1208 3262 1274 μετὰ
3290 1209 3351 1260 τὸ
3391 1211 3700 1281 ἀριστῆσαι,

2133 1283 2276 1341 οὗτοι
2309 1291 2512 1359 τροφὰς
2551 1292 2842 1363 ἠγόραζον,
2875 1294 3071 1365 ἄρτους
3116 1297 3313 1369 δηλαδὴ
3367 1302 3588 1370 μόνους,
3621 1306 3701 1359 ἵνα

2133 1380 2229 1430 καὶ
2264 1382 2424 1450 ἡμεῖς
2469 1383 2730 1453 μάθωμεν
2780 1387 2878 1457 τῆς
2910 1388 3185 1455 ποικιλίας
3227 1393 3337 1446 τῶν
3393 1396 3697 1466 ἐδεσμάτων

2130 1473 2433 1544 ὀλιγωρεῖν.
2473 1476 2618 1546 Ὅρα
2644 1478 2700 1532 δέ
2726 1497 2817 1550 μοι
2842 1481 2934 1536 καὶ
2962 1482 3060 1554 τὴν
3098 1484 3382 1555 ἀκρίϐειαν
3416 1489 3511 1541 τοῦ
3537 1493 3695 1559 εὐαγ-

2129 1565 2400 1632 γελιστοῦ.
2454 1569 2590 1623 Οὑδέ
2620 1572 2729 1642 γὰρ
2774 1569 2927 1627 εἶπεν
2977 1575 3386 1645 ἁποφαντικῶς,
3442 1582 3584 1653 Ὥρα
3632 1580 3695 1655 ἦν

2127 1657 2282 1728 ἕκτη,
2302 1658 2437 1713 ἀλλὰ
2458 1661 2545 1715 διὰ
2561 1661 2622 1715 τὸ
2649 1664 2724 1734 μὴ
2748 1664 3051 1720 ἀποπεσεῖν
3068 1669 3170 1736 τῆς
3194 1671 3473 1741 ἀληθείας,
3527 1694 3545 1726 ι
3568 1675 3694 1730 ὡσεὶ

2125 1748 2285 1817 ἕκτη,
2335 1768 2354 1802 ι
2392 1751 2522 1824 ἔφη,
2554 1754 2615 1807 τὸ
2662 1756 2902 1825 ἀσφαλὲς
2931 1758 3008 1829 τῷ
3034 1760 3177 1832 λόγῳ
3220 1764 3689 1837 προμηθούμενος.

2205 1859 2224 1893 ι
2261 1843 2426 1913 Λέγει
2456 1841 2551 1899 οὖν
2583 1847 2730 1919 αὐτῷ
2761 1850 2792 1920 ή
2822 1850 2959 1920 γυνὴ
2985 1853 3018 1923 ἡ
3066 1852 3396 1925 Σαμαρεῖτις
3416 1870 3429 1884 ·
3472 1858 3595 1922 Πῶς
3629 1862 3689 1914 οὗ

2126 1932 2376 1997 Ἰουδαῖος
2415 1936 2511 2000 ὢν,
2545 1940 2677 2009 παρ’
2705 1940 2840 2010 ἐμοῦ
2872 1945 3013 1995 πιεῖν
3035 1944 3224 2012 αἰτεῖς,
3245 1945 3413 2017 οὔσης
3441 1951 3692 2018 γυναικὸς

2125 2027 2558 2097 Σαμαρείτιδος;
2603 2032 2679 2084 Οὐ
2715 2033 2821 2103 γὰρ
2850 2037 3193 2105 συγχρῶνται
3233 2038 3479 2094 Ἰουδαῖοι
3512 2043 3691 2118 Σαμαρ-

2125 2118 2355 2187 ρείτταις.
2412 2120 2709 2192 Ἀπεκρίθη
2746 2122 2989 2194 Ἰησοῦς,
3047 2129 3139 2181 καὶ
3189 2125 3344 2182 εἶπεν
3389 2132 3571 2203 αὐτῇ·
3628 2136 3686 2188 Εἰ

2121 2208 2270 2277 ᾕδεις
2299 2210 2397 2275 τὴν
2419 2209 2625 2280 δωρεὰν
2643 2212 2734 2264 τοῦ
2765 2214 2923 2277 Θεοῦ,
2956 2216 3052 2270 καὶ
3078 2217 3161 2280 τίς
3178 2220 3322 2272 ἐστιν
3342 2221 3369 2272 ὁ
3391 2220 3561 2289 λέγων
3586 2241 3682 2288 σοι,

2120 2300 2219 2364 Δός
2252 2318 2341 2369 μοι
2374 2305 2542 2368 πιεῖν,
2582 2304 2649 2356 σὺ
2683 2303 2750 2358 ἂν
2798 2306 3008 2376 ᾔτησας
3042 2310 3225 2377 αὐτὸν,
3259 2312 3353 2364 καὶ
3394 2313 3592 2367 ἔδωκεν
3621 2318 3682 2370 ἂν

2121 2408 2202 2443 σοι
2243 2392 2387 2464 ὕδωρ
2418 2393 2545 2458 ζῶν.
2603 2395 2768 2461 Λέγει
2818 2397 2967 2468 αὐτῷ
3012 2401 3043 2468 ἡ
3096 2402 3232 2472 γυνή
3262 2418 3275 2431 ⁸
3308 2401 3503 2474 Κύριε,
3561 2405 3680 2458 οὔτε

2117 2483 2369 2553 ἄντλημα
2402 2487 2567 2555 ἔχεις,
2617 2488 2712 2540 καὶ
2764 2488 2825 2541 τὸ
2857 2491 3037 2561 φρέαρ
3065 2493 3184 2546 ἐστὶ
3220 2494 3380 2563 βαθὺ,
3403 2496 3560 2548 πόθεν
3592 2498 3681 2551 οὖν

2115 2573 2260 2643 ἔχεις
2291 2576 2349 2629 τὸ
2377 2575 2521 2649 ὕδωρ
2551 2577 2610 2630 τὸ
2634 2577 2769 2647 (div;
2801 2599 2819 2631 ι
2856 2580 2988 2634 Ἀπὸ
3020 2582 3111 2635 τοῦ
3145 2585 3423 2655 σχήματος
3456 2589 3551 2642 καὶ
3588 2591 3681 2657 τῆς

2116 2667 2311 2737 στολῆς
2369 2668 2518 2735 ἴσως,
2564 2672 2787 2742 καὶτῆς
2820 2674 2988 2744 ἄλλης
3019 2677 3145 2747 περὶ
3184 2678 3243 2731 τὸ
3290 2679 3449 2751 σῶμα
3500 2683 3676 2737 διαθέ-

2115 2774 2273 2823 σεως,
2307 2761 2400 2813 καὶ
2428 2762 2599 2833 αὐτῆς
2627 2765 2725 2833 τῆς
2745 2765 2987 2835 ὁμιλίας,
3012 2767 3265 2837 ἐνόμισεν
3293 2771 3327 2842 ἡ
3350 2773 3677 2845 Σαμαρεῖτις

2125 2848 2376 2904 Ἰουδαῖον
2437 2849 2577 2906 εἶναι
2634 2856 2726 2908 τὸν
2771 2857 3017 2927 Κύριον·
3064 2859 3144 2913 διὸ
3190 2862 3284 2914 καὶ
3347 2864 3484 2933 πρὸς
3520 2866 3676 2920 αὐτὸν

2111 2939 2259 3009 λέγει
2284 2959 2299 2973 ο
2344 2962 2363 2995 ι
2401 2944 2523 3009 Πῶς
2558 2947 2621 3000 σὺ
2646 2945 2896 3012 Ἰουδαῖος
2924 2947 3022 3014 ὢν,
3059 2969 3079 3003 ι
3129 2953 3222 3005 καὶ
3260 2955 3329 3007 τὰ
3360 2955 3507 3025 ἑξῆς.
3539 2958 3673 3028 Ὅρα

2117 3032 2174 3085 δὲ
2231 3034 2349 3099 πῶς
2406 3035 2801 3108 διεσκεμμένον
2848 3036 2915 3111 ἦν
2948 3041 3007 3094 τὸ
3034 3042 3277 3112 γύναιον.
3314 3046 3377 3100 El
3410 3048 3520 3119 γὶρ
3571 3050 3672 3103 ἔδει

2110 3124 2469 3193 φυλάξασθαι,
2517 3129 2607 3184 τὸν
2644 3131 2847 3202 Κύριον
2876 3133 3004 3199 ἔδει,
3043 3136 3144 3189 οὐκ
3182 3138 3421 3209 ἐκείνην.
3463 3143 3538 3194 Οὐ
3566 3145 3669 3219 γὰρ

2106 3215 2280 3285 εἶπεν,
2330 3223 2412 3277 ὅτι
2472 3224 2748 3289 Ἰουδαίοις
2798 3226 2859 3280 οὐ
2920 3228 3266 3299 συγχρῶνται
3312 3215 3666 3303 Σαμαρεῖται,

2104 3309 2242 3378 ἀλλ’,
2274 3311 2513 3366 Ἰουδαῖοι
2535 3315 2880 3386 Σαμαρείτας
2905 3319 2968 3371 οὐ
2997 3320 3325 3389 προσίενται.
3363 3324 3503 3377 Ἀλλ’
3527 3326 3669 3395 ὅμως

2103 3402 2135 3470 ἠ
2178 3402 2315 3472 γυνὴ
2341 3403 2462 3457 οὐδὲ
2494 3404 2667 3468 οὕτως
2700 3409 2848 3479 σιγᾷ,
2883 3408 2997 3461 ἀλλ’
3049 3411 3297 3481 οἰηθεῖσαι
3327 3413 3421 3467 τὸν
3468 3415 3665 3487 Κὺριον

2104 3495 2338 3562 πρᾶγμα
2372 3496 2689 3566 παράνομον
2725 3501 2917 3565 ποιεῖν,
2953 3500 3258 3570 διορθοῦται
3286 3503 3344 3557 τὸ
3403 3506 3479 3577 μὴ
3530 3509 3665 3562 κατὰ

2101 3584 2266 3654 νόμον
2302 3587 2607 3658 γινόμενον.
2651 3590 2709 3643 Ὀ
2749 3591 2805 3644 δὲ
2840 3592 3075 3663 Χριστὸς
3112 3595 3172 3647 οὐ
3204 3597 3474 3669 πρότερον
3506 3601 3663 3652 ἐκκαη

2099 3674 2289 3730 λὺπτει
2318 3678 2531 3743 ἑαυτὸν,
2564 3679 2696 3750 πρὶν
2726 3682 2759 3749 ἡ
2791 3683 2961 3752 ἁρετὴ
2989 3682 3091 3753 τῆς
3115 3686 3375 3752 γυναικὸς
3405 3687 3657 3759 δειχθείη.

2111 3768 2262 3820 Ἐπεὶ
2296 3769 2407 3839 γὰρ
2456 3769 2668 3841 ἐδείχθη
2703 3771 2797 3824 τοῦ
2836 3774 3061 3841 γυναίου
3096 3776 3128 3845 ἡ
3192 3777 3383 3848 ἀρετὴ,
3435 3781 3530 3832 καὶ
3582 3782 3657 3834 δτι

2095 3855 2268 3921 οὕτως
2297 3858 2670 3930 διεσκεμμένη
2701 3860 2795 3913 καὶ
2838 3862 3075 3933 ἀκριὸής
3104 3866 3245 3930 ἐστι,
3276 3866 3400 3919 τότε
3440 3868 3656 3937 ἄρχεται

2094 3949 2281 4003 λοιπὸν
2321 3952 2456 4021 αὐτῇ
2498 3952 2710 4022 ὁμιλεῖν
2759 3953 2824 4005 τὰ
2851 3952 3180 4025 ὑψηλότερα.
3215 3973 3235 4007 ι
3266 3957 3326 4008 Ei
3356 3957 3504 4028 ᾔδεις
3534 3958 3653 4027 γὰρ,

2095 4038 2250 4109 φησι,
2276 4038 2373 4109 τὴν
2401 4038 2609 4109 δωρεὰν
2640 4039 2736 4093 τοῦ
2785 4040 2941 4105 Θεοῦ,
2978 4061 2997 4094 ι
3041 4050 3340 4111 τουτέστιν,
3385 4049 3434 4098 εἰ
3471 4048 3653 4113 ἐγίνω-

2093 4147 2245 4195 σκες,
2276 4129 2329 4183 τί
2350 4131 2606 4201 δωρεῖται
2632 4130 2784 4196 Θεὸς,
2814 4134 2909 4184 καὶ
2932 4133 3013 4186 ὃτι
3044 4133 3240 4188 αίώνια
3262 4137 3356 4188 καὶ
3384 4136 3651 4207 ἄςθαρτα,

2090 4221 2237 4292 ᾔδεις
2270 4221 2325 4274 δὲ
2380 4221 2475 4274 καὶ
2514 4223 2635 4291 ἐμὲ,
2698 4224 2781 4277 δτι
2814 4223 2948 4285 Θεὸς
2982 4222 3058 4278 ὢν
3084 4224 3320 4296 δύναμαι
3353 4227 3528 4281 ταῦτά
3572 4245 3651 4281 σοι

2088 4311 2293 4375 δοῦναι,
2327 4313 2390 4366 σὺ
2424 4312 2489 4369 ἂν
2520 4313 2792 4382 ἐζήτησας
2849 4316 2945 4368 καὶ
2979 4314 3169 4378 ἔλαϐες
3208 4316 3356 4387 ὕδωρ
3389 4320 3517 4383 ζῶν.
3546 4320 3652 4389 Τὴν

2087 4404 2249 4474 χάριν
2283 4403 2339 4455 δὲ
2392 4403 2487 4456 τοῦ
2533 4405 2692 4472 ἁγίου
2737 4405 3075 4476 Πνεῦματος,
3110 4407 3250 4479 ὕδωρ
3294 4412 3461 4480 φησὶν
3494 4405 3648 4471 εἶναι,

2014 4514 2056 4568 ι)
2085 4497 2219 4549 διότι
2252 4513 2311 4550 τε
2375 4496 2632 4568 καθαίρει
2682 4498 2777 4550 καὶ
2823 4499 3024 4571 πολλὴν
3048 4500 3382 4572 παραψυχὴν
3428 4506 3653 4573 χορηγεῖ

2081 4590 2195 4651 τοῖς
2229 4588 2675 4659 ὑποδεχομένοις·
2710 4588 2857 4659 ὕδωρ
2890 4589 2947 4642 δὲ
2980 4591 3077 4660 οὐχ
3123 4591 3435 4660 ἱστάμενον,
3468 4588 3558 4646 οἷα
3580 4594 3648 4646 τὰ

2083 4681 2141 4733 ἐν
2175 4679 2398 4743 Λάκκοις
2440 4680 2533 4734 καὶ
2560 4681 2759 4751 φρέασι
2799 4681 3144 4753 σηπεδονώδη
3179 4683 3276 4736 καὶ
3303 4683 3644 4754 διεφθορότα,

2080 4771 2215 4825 ἀλλὰ
2246 4771 2376 4836 ζῶν,
2406 4772 2683 4826 τουτέστιν
2727 4772 3049 4838 ἀναδλύξον,
3079 4774 3423 4844 ἁναπηδΰον,
3462 4774 3647 4829 κινού·

2083 4879 2263 4933 μενον.
2300 4864 2361 4917 Ἠ
2381 4865 2488 4934 γὰρ
2520 4862 2683 4934 χάρις
2710 4862 2805 4916 τοῦ
2834 4863 3151 4933 Πνεύματος
3179 4864 3491 4935 ἀεικίνητον
3514 4867 3646 4935 πρὸς

2077 4955 2137 5008 τὸ
2168 4957 2374 5024 ἀγαθὸν
2398 4956 2494 5026 τὴν
2522 4956 2702 5027 ψυχὴν
2745 4955 3060 5027 ἐργάζεται,
3093 4956 3395 5020 ἀναϐάσεις
3417 4960 3506 5011 ἀεὶ
3530 4958 3643 5011 δια-

2076 5048 2391 5119 τιθεμένην.
2426 5048 2678 5101 Τοιοῦτον
2700 5047 2844 5120 ὕδωρ
2883 5049 3004 5102 ἔπιε
3032 5049 3244 5114 Παῦλος
3270 5050 3381 5115 ζῶν
3411 5052 3506 5106 καὶ
3531 5054 3642 5106 ἀει-

2075 5140 2317 5210 κίνητον,
2372 5139 2480 5195 τῶν
2513 5140 2611 5210 μὲν
2639 5140 2866 5194 ὄπισθεν
2896 5141 3407 5211 ἐπιλανθανόμενος,
3450 5145 3562 5206 τοῖς
3587 5144 3641 5195 δέ

2072 5229 2382 5302 ἔμπροσθεν
2427 5231 2895 5302 ἐπεκτεινόμενος.
2933 5249 2951 5282 ι
2993 5233 3157 5300 Λέγει
3202 5233 3354 5303 αὐτῷ
3391 5235 3425 5305 η
3461 5235 3597 5305 γυνή
3622 5252 3637 5264 -

2071 5324 2264 5395 Κύριε.
2312 5341 2332 5376 ι
2389 5322 2552 5393 Ὁρᾷς
2604 5323 2722 5387 πῶς
2774 5322 2937 5386 εὐθὺς
2984 5324 3080 5391 τῆς
3126 5328 3388 5396 ταπεινῆς
3436 5328 3639 5390 ἐννοίας

2071 5414 2373 5479 ἀποστᾶσα,
2411 5414 2610 5484 πολλὴν
2634 5414 2753 5482 υτὴν
2783 5415 2963 5484 τιμὴν·
2990 5414 3141 5485 αὐτῷ
3184 5417 3471 5486 ἀπονέμει,
3522 5419 3633 5470 Κύ-

2074 5521 2189 5575 ριον
2226 5506 2598 5574 ὀνομάζουσα;
2635 5505 2709 5558 Οὑ
2766 5507 2954 5576 μέντοι
2988 5508 3068 5571 εἰς
3098 5510 3161 5561 τὸ
3213 5509 3373 5579 βάθος
3411 5509 3513 5559 τῶν
3540 5508 3630 5562 τοῦ

2070 5594 2309 5663 Χριστοῦ
2337 5598 2602 5665 ῥημάτων
2635 5597 2895 5667 ἔφθασεν,
2940 5600 3054 5653 ἀλλ’
3085 5600 3261 5662 ἄλλως
3301 5600 3401 5669 μὲν
3426 5601 3628 5661 ἐκεῖνος

2068 5684 2234 5750 λέγει,
2271 5685 2356 5738 ἄλ]
2370 5704 2442 5748 ως
2474 5687 2528 5739 δὲ
2565 5690 2746 5758 ἐκείνη
2767 5695 2879 5744 νοεῖ
2909 5692 2975 5744 τὰ
3013 5692 3139 5768 περὶ
3171 5690 3263 5743 τοῦ
3301 5691 3504 5752 ὓδατος.
