3920 6556
255 452 388 522 12'3'3

250 666 305 728 ὃς
327 664 525 717 ἔδωκεν
582 663 713 732 ἡμῖν
759 661 818 715 τὸ
864 662 1081 733 φρέαρ,
1162 667 1255 717 καὶ
1314 664 1474 727 αὐτὸς
1534 663 1592 730 ἐξ
1654 661 1817 717 αὐτοῦ

254 757 397 819 ἔπιε,
455 755 550 808 καὶ
593 755 643 807 οἱ
690 754 795 808 υἱοὶ
837 753 1027 818 αὑτοῦ,
1055 756 1146 807 καὶ
1190 755 1257 808 τὰ
1289 754 1580 825 θρέμματα
1615 754 1818 820 αὐτοῦς

270 845 574 915 Ἀπεκρίθη
613 844 839 916 Ἰησοῦς,
867 848 960 899 καὶ
989 842 1140 899 εἶπεν
1165 848 1301 917 αὐτῇ
1324 865 1336 877 ·
1370 849 1481 910 Πᾶς
1507 848 1535 899 ὀ
1561 847 1731 900 πίνων
1757 849 1822 901 ἐκ

256 937 345 989 ’τοῦ
379 937 573 999 ὓδατος
608 936 825 999 τούτου,
871 936 1088 1007 διψήσει
1123 938 1286 991 πάλιν
1322 953 1335 968 ·
1368 936 1425 999 ὃς
1467 936 1511 990 δ’
1541 937 1606 991 ἂν
1632 937 1730 1008 πίῃ
1761 939 1821 991 ἐκ

254 1025 344 1079 τοῦ
376 1025 589 1089 ὕδατος,
616 1020 676 1079 οὗ
707 1025 817 1094 ἐγὼ
830 1025 987 1079 δώσω
1004 1025 1174 1097 αὐτῷ,
1197 1028 1255 1079 οὐ
1292 1026 1366 1098 μὴ
1391 1026 1595 1100 διψήσῃ
1624 1028 1702 1091 είς
1720 1012 1820 1081 ’τὸν

255 1120 462 1173 αἰῶνα·
533 1117 668 1170 ἀλλὰ
720 1117 781 1170 τὸ
833 1117 986 1189 ὕδωρῖ
1036 1117 1064 1171 0
1128 1118 1283 1172 δώσω
1334 1118 1822 1188 αὐτ‹ῖ›,γενήσεται

255 1215 310 1264 ἐν
333 1211 482 1282 αὐτῷ
513 1211 666 1282 πηγὴ
709 1210 903 1275 ὕδατος
948 1209 1245 1282 ἁὶλομένου
1283 1213 1363 1277 εἰς
1407 1214 1551 1284 ζωὴν
1581 1212 1818 1268 αἰώνιον.

255 1305 417 1372 Λέγει
469 1304 602 1375 πρὸς
634 1303 798 1356 αὐτὸν
849 1305 882 1367 ἡ
932 1306 1107 1373 γυνή’
1142 1304 1348 1372 Κύριε,
1381 1304 1470 1369 δός
1522 1321 1612 1374 μοι
1666 1303 1824 1357 τοῦτο

258 1394 317 1446 τὸ
387 1393 565 1465 ὕδωρ,
632 1395 721 1447 ἵνα
774 1394 847 1465 μὴ
896 1394 1076 1463 διψῶ,
1144 1395 1277 1465 μηδὲ
1331 1395 1579 1467 ἔρχωμαι
1638 1396 1823 1451 ὲνθὰἰε

254 1485 478 1541 ἀντλεῖν.
523 1505 541 1538 ι
595 1487 815 1558 Πατέρα
864 1488 1064 1560 ἑαυτῆς
1099 1489 1332 1543 ποιεῖται
1356 1490 1445 1543 τὸν
1489 1489 1709 1551 Ἰακὼϐ,
1742 1494 1826 1555 εἰς

254 1580 352 1647 τὴν
398 1579 690 1650 Ἰουδαΐκὴν
729 1580 1009 1649 εὐγένειαν
1038 1581 1208 1652 αὐτὴν
1236 1582 1569 1636 συνωθοῦσα.
1612 1583 1825 1654 Ὅραδέ

262 1686 347 1742 μοι
375 1673 474 1742 τὴν
526 1673 740 1726 σύνεσιν
775 1674 871 1742 τῆς
899 1673 1178 1740 γυναικὸς,
1213 1675 1326 1739 πῶς
1358 1677 1519 1739 εὐθὺς
1570 1677 1676 1729 ἀπὸ
1708 1678 1826 1747 ’τῆς

257 1764 365 1817 τῶν
396 1766 603 1820 ὑδάτων
632 1767 896 1840 διαφορᾶς
929 1770 1300 1839 συλλογίζεται
1326 1775 1418 1822 καὶ
1564 1770 1827 1842 διαφορὰν

258 1856 364 1909 τῶν
394 1858 661 1912 διδόντων.
699 1861 759 1912 El
794 1862 924 1931 γὰρ,
955 1864 1109 1932 φησι,
1144 1861 1385 1916 τοιοῦτον
1420 1861 1562 1932 ὕδωρ
1614 1861 1822 1927 δώσεις,

261 1946 475 2009 παντως
537 1948 735 2016 μείζων
768 1945 821 2003 εἷ
868 1951 961 2004 τοῦ
1015 1953 1075 2004 τὸ
1134 1951 1309 2022 παρὸν
1336 1950 1479 2022 ὕδωρ
1534 1951 1825 2014 δεδωκότος

262 2032 389 2099 ἡμῖν
419 2031 630 2087 Ἰακώϐ.
674 2035 839 2104 Τὺδὲ,
877 2055 895 2088 ι
947 2039 1057 2091 Καὶ
1085 2040 1244 2102 αὐτὸς
1280 2039 1340 2104 ἐξ
1369 2040 1531 2092 αὐτοῦ
1592 2040 1764 2103 ἔπιεν,
1802 2058 1821 2091 ι

262 2123 480 2186 ἔπαινός
531 2126 647 2178 ἐστι
689 2127 790 2196 τῆς
841 2130 935 2182 τοῦ
990 2130 1180 2193 ὓδατος
1218 2130 1497 2202 ἡδύτητος.
1563 2131 1827 2185 Τοσοῦτον

263 2213 391 2283 γὰρ,
432 2215 617 2285 φησὶν,
642 2219 909 2289 ἠρέσκετο
952 2224 1018 2293 τῇ
1055 2224 1204 2292 πηγῇ
1240 2225 1267 2275 0
1300 2223 1827 2294 πατριάρχης,ὤστε

262 2305 353 2358 καὶ
379 2307 539 2372 αὐτὸς
562 2314 727 2389 πιεῖν,
752 2313 846 2366 καὶ
864 2315 909 2366 οἱ
927 2314 1034 2367 υἱοὶ
1056 2313 1241 2368 αὐτοῦ.
1263 2315 1337 2369 Τὸ
1371 2315 1425 2368 δὲ
1457 2317 1550 2369 καὶ
1570 2316 1640 2370 τὰ
1660 2315 1830 2388 θρέμ-

266 2417 409 2467 ματα
435 2402 600 2455 αὐτοῦ
634 2406 1147 2470 πιεῖν,ὲνδεικτικόν
1178 2407 1292 2461 ἐστι
1324 2408 1425 2477 τῆς
1447 2408 1702 2476 ἀφθονίας
1737 2408 1829 2462 τοῦ

263 2490 471 2556 ὓδατος.
500 2495 572 2547 Οὔ
610 2495 770 2563 μόνον
822 2498 950 2569 γὰρ,
985 2500 1171 2568 φησὶν,
1199 2499 1295 2570 ἡδύ
1323 2500 1437 2553 ἐστι
1457 2499 1520 2552 τὸ
1544 2500 1707 2572 ὕδωρ,
1738 2504 1831 2556 καὶ

262 2583 432 2644 οὕτως
457 2587 576 2656 ἡδὺ,
606 2588 680 2652 ὡς
722 2590 817 2644 καὶ
845 2591 936 2644 τὸν
960 2591 1158 2644 Ἰακὼὸ
1190 2596 1336 2645 πιεῖν
1365 2592 1425 2657 ἐξ
1453 2593 1619 2647 αὐτοῦ
1655 2613 1668 2626 ·
1693 2595 1833 2648 ἀλλὰ

265 2678 357 2731 καὶ
391 2679 634 2747 δαψιλὲς,
662 2687 756 2735 καὶ
795 2683 990 2750 οὕτως,
1017 2684 1157 2739 ὥστε
1204 2686 1299 2741 καὶ
1345 2687 1482 2756 πρὸς
1510 2688 1568 2740 τὸ
1625 2687 1830 2757 πλῆθος

267 2769 374 2821 τῶν
401 2770 731 2843 θρεμμάτων
755 2775 847 2828 τοῦ
878 2779 1216 2851 πατριάρχου
1271 2779 1525 2848 ἀρκέσαι.
1558 2778 1833 2850 Είπούσης

266 2861 321 2914 δὲ
356 2863 453 2932 τῆς
490 2867 750 2933 γυναικὸς
804 2870 886 2933 τί,
921 2884 941 2922 ι
982 2870 1071 2940 Μὴ
1100 2870 1163 2922 σὺ
1197 2871 1400 2940 μείζων
1433 2867 1485 2925 εἴ
1509 2871 1601 2925 τοῦ
1629 2873 1830 2942 πατρὸς

268 2953 461 3024 ήμῶνς
501 2975 519 3007 ι
553 2959 580 3011 ὁ
608 2957 809 3028 Κύριος
844 2962 1093 3032 φανερῶς
1123 2962 1222 3032 μὲν
1270 2964 1331 3016 οὐ
1390 2963 1559 3033 λέγει,
1602 2966 1683 3019 ὅτι
1723 2966 1833 3021 Ναὶ

270 3050 471 3118 μείζων
522 3054 657 3122 εἰμὶ,
708 3053 793 3107 ἵνα
841 3057 916 3126 μὴ
966 3055 1094 3130 δόξῃ
1133 3058 1458 3130 κομπάζειν,
1488 3061 1654 3131 μήπω
1711 3060 1835 3123 δοὺς

267 3141 540 3207 ἀπόδειξιν
577 3146 674 3216 τῆς
727 3146 935 3210 οἰκείας
984 3146 1264 3217 δυνάμεως
1289 3165 1302 3179 ⁸
1332 3148 1398 3203 δι’
1436 3144 1511 3204 ὧν
1553 3150 1610 3203 δὲ
1661 3151 1831 3218 λέγει,

267 3230 426 3284 τοῦτο
461 3235 882 3299 κατασκευάζειο
911 3255 929 3287 ι
968 3237 1026 3290 'U
1053 3238 1223 3292 πίνων
1253 3241 1350 3308 μὲν
1370 3241 1477 3311 γὰρ
1499 3244 1563 3296 ἐκ
1582 3241 1677 3295 τοῦ
1701 3241 1826 3297 ὓδα·
1859 3269 1904 3328 c

266 3340 356 3385 τος
396 3324 588 3379 τούτου
633 3328 849 3399 διψήσει
884 3346 898 3361 '
937 3334 965 3384 0
1009 3330 1067 3384 δὲ
1120 3333 1184 3386 ἐκ
1236 3335 1329 3386 τοῦ
1360 3334 1493 3404 ἐμοῦ
1553 3335 1723 3389 πίνων
1770 3337 1833 3390 οὐ

270 3414 344 3486 μὴ
363 3417 596 3487 διψήσει.
634 3438 653 3472 ι
674 3420 833 3474 Ὥστε
848 3424 894 3475 εἰ
913 3422 1209 3490 θαυμάζεις
1230 3426 1322 3479 τὸν
1350 3426 1544 3480 Ἰακὼό
1562 3429 1655 3481 τὸν
1677 3427 1834 3483 δόντα

265 3508 325 3560 τὸ
368 3508 510 3579 ὕδωρ
540 3511 722 3575 τοῦτο,
751 3512 931 3584 πολλῷ
976 3516 1177 3584 μᾶλλον
1232 3519 1331 3587 ἐμὲ
1367 3521 1470 3590 χρὴ
1534 3519 1833 3591 θαυμάσαι,

265 3600 326 3655 τὸ
354 3602 486 3655 πολὺ
515 3603 721 3673 βέλτιον
758 3605 903 3678 ὕδωρ
960 3610 1286 3679 παρέχοντα.
1320 3614 1386 3664 Ὀ
1427 3614 1535 3682 γὰρ
1593 3614 1703 3682 ἐγὼ
1754 3615 1834 3667 δί-

260 3693 425 3764 δωμι,
451 3697 600 3767 πηγὴ
626 3698 839 3765 γίνεται
885 3699 1077 3763 ὓδατος
1114 3702 1200 3754 ἀεὶ
1233 3702 1327 3755 καὶ
1356 3705 1443 3757 ἀεὶ
1486 3705 1833 3777 πληθυνομέ-

264 3801 378 3837 νου.
399 3785 475 3838 Οὐ
504 3786 613 3856 γὰρ
640 3788 765 3841 ὅσον
792 3788 1026 3843 λάϐωσιν
1054 3792 1101 3843 οἱ
1132 3791 1278 3860 ἅγιοι
1313 3794 1377 3846 ὲκ
1394 3794 1549 3858 Θεοῦ,
1581 3795 1836 3852 τοσοῦτον

268 3877 362 3928 καὶ
388 3877 514 3947 ἄχρι
547 3879 730 3942 τέλους
760 3880 1016 3950 τηροῦσιν
1050 3896 1064 3912 ’
1096 3883 1232 3939 ἀλλὰ
1292 3887 1581 3958 σπέρματα
1611 3889 1709 3959 μὲν
1743 3891 1837 3944 καὶ

260 3972 439 4043 ἀρχὰς
487 3973 581 4026 τοῦ
618 3975 822 4042 ἀγαθοῦ
863 3977 1108 4046 δέχονται
1154 3978 1243 4032 διὰ
1272 3981 1370 4051 τῆς
1400 3982 1637 4052 χάριτος,
1664 4002 1836 4054 προσ-

262 4062 541 4116 δαπανῶσι
569 4065 624 4118 δὲ
680 4065 773 4119 καὶ
803 4067 951 4120 αὐτοὶ
993 4069 1084 4120 καὶ
1107 4061 1358 4134 αὔξουσιν
1387 4086 1401 4101 ⁸
1432 4071 1460 4124 0
1482 4073 1576 4126 καὶ
1623 4073 1709 4127 διὰ
1736 4074 1837 4145 τῆς

264 4154 375 4207 τῶν
397 4155 674 4210 ταλάντων
705 4158 1021 4229 παραϐολῆς
1054 4163 1309 4231 σημαίνει
1328 4164 1356 4215 0
1380 4162 1604 4234 Κύριος,
1629 4165 1721 4217 καὶ
1750 4165 1837 4219 διὰ

263 4246 360 4300 τοῦ
418 4248 743 4319 πανδοχέως.
770 4251 879 4304 Καὶ
923 4253 1029 4321 γὰρ
1061 4255 1089 4305 0
1120 4254 1186 4306 τὰ
1205 4252 1298 4307 δύο
1344 4255 1581 4309 τάλαντα
1632 4255 1835 4319 λαϐὼν,

264 4340 561 4409 ἐκέρδησεν
629 4340 763 4393 ἄλλα
808 4341 901 4395 δύο
946 4343 1036 4397 διὰ
1066 4344 1167 4414 τῆς
1230 4348 1565 4416 ἐπεργασίας
1592 4365 1607 4379 ο
1640 4350 1837 4420 καὶτῷ

265 4432 525 4502 πανδοχεῖ
572 4434 651 4499 δὲ,
682 4433 761 4503 τῷ
803 4435 896 4488 τὸν
940 4438 1415 4508 τραυματισθέντα
1472 4441 1575 4493 ὑπὸ
1626 4440 1837 4513 λῃστῶν

263 4519 666 4592 ἰποδεξαμένῳ,
707 4523 1047 4594 ὑπισχνεῖται
1098 4529 1128 4580 0
1176 4528 1401 4598 Κύριος,
1456 4531 1538 4584 ὄτι
1625 4534 1690 4586 ’Ὀ
1741 4534 1837 4587 ἐὰν

875 459 1079 519 ENA“
1098 460 1331 521 RATIO
1368 453 1447 521 IN
1488 459 1832 522 EVANGEL

1936 458 1987 518 Μ
2024 459 2367 521 JOANNIS.
2402 486 2469 497 ·-
2504 456 2660 526 CAP.
2704 463 2802 523 IV.

322 592 337 622 ι
370 570 462 640 Μὴ
518 566 581 622 σὺ
622 568 825 640 μείζων
875 564 926 622 εἴ
958 569 1053 623 τοῦ
1112 570 1318 642 πατρὸς
1382 569 1534 641 ἡμῶν
1597 568 1817 633 Ἰακὼϐ,
1853 577 1895 630 Α

1997 569 2161 625 Vsus.
2206 570 2392 625 1:245.
2448 590 2467 623 ι
2522 571 2656 626 Num
2690 582 2742 625 tu
2773 571 2949 643 major
2990 586 3050 626 es
3098 581 3248 641 patre
3304 581 3487 626 ttOstro

1921 661 2110 728 Jacob,
2138 662 2229 732 qui
2258 663 2406 717 dedit
2445 664 2599 718 nobis
2627 674 2867 733 puteum,
2895 673 2951 721 et
2982 665 3092 735 ipse
3132 680 3195 720 ex
3228 681 3292 719 eo
3326 665 3486 728 bibit,

1922 762 1975 808 et
2013 751 2106 806 lilii
2138 752 2274 820 ejus,
2320 763 2375 808 et
2424 769 2616 824 pecora
2663 755 2826 823 ejus?
2876 755 3174 825 Respondit
3216 755 3393 821 Jesus,
3435 765 3491 809 et

1923 844 2062 899 dixit
2089 844 2137 899 ei
2174 861 2187 898 :
2231 843 2418 899 Omnis
2465 845 2555 913 qui
2593 844 2728 900 bibit
2761 862 2826 900 ex
2859 861 2998 916 aqua
3035 849 3158 912 hac,
3211 848 3361 903 sitiet
3387 848 3489 901 itea-

1925 955 2065 993 rum.
2116 937 2377 1008 Quisquis
2429 952 2606 994 autem
2638 940 2839 994 biberit
2886 956 2952 995 ex
2997 956 3159 1011 aqua,
3191 957 3351 1011 quam
3387 956 3487 1011 ego

1923 1029 2061 1085 dabo
2086 1030 2155 1095 ei,
2184 1046 2290 1085 non
2319 1032 2467 1086 sitiet
2490 1032 2542 1086 in
2568 1041 2833 1087 aeternum
2866 1049 2881 1089 :
2909 1035 3001 1087 sed
3029 1050 3164 1103 aqua
3198 1051 3357 1104 quam
3390 1050 3488 1103 ego

1924 1121 2063 1176 dabo
2107 1121 2178 1189 ei,
2214 1122 2303 1178 fiet
2350 1124 2403 1177 in
2457 1138 2521 1179 eo
2563 1122 2683 1180 fons
2725 1139 2877 1193 aqua:
2925 1124 3169 1179 salientis
3217 1126 3268 1179 iu
3322 1125 3486 1178 vitam

1924 1224 2201 1269 aeternam.
2242 1215 2382 1270 Dicit
2416 1215 2488 1269 illi
2515 1215 2708 1270 mulier
2740 1232 2756 1273 :
2785 1216 3036 1281 Domine,
3068 1217 3134 1271 da
3175 1211 3301 1270 mihi
3331 1217 3486 1270 istaut

1928 1323 2144 1376 aquam,
2172 1316 2227 1359 ut
2264 1323 2368 1360 non
2403 1307 2618 1370 sitia-tn,
2653 1320 2829 1376 neque
2860 1308 3067 1361 veniam
3114 1307 3217 1360 huc
3256 1308 3322 1361 ad
3356 1307 3490 1361 batu-

1929 1399 2191 1453 riendum.
2218 1397 2377 1469 555
2420 1415 2438 1450 ι
2469 1398 2682 1454 Patrem
2723 1414 2878 1453 suum
2908 1398 3034 1452 facit
3076 1396 3262 1463 Jaeob,
3296 1412 3354 1452 se
3407 1399 3492 1451 in-

1928 1492 2151 1546 trudens
2172 1491 2223 1545 iu
2254 1489 2587 1547 nobilitatem
2613 1490 2913 1546 Judaieam.
2948 1489 3079 1545 Vide
3108 1499 3310 1555 autem,
3335 1489 3495 1544 obsea-

1927 1598 2041 1648 cro,
2067 1582 2403 1653 prudentiam
2440 1582 2698 1649 mulieris,
2737 1581 3005 1652 quomodo
3036 1583 3216 1637 statim
3248 1595 3277 1635 a
3311 1580 3491 1636 varie-

1931 1683 2038 1729 tate
2065 1689 2325 1745 aquarum
2354 1673 2709 1728 ratiocinatur
2761 1683 2816 1728 et
2848 1674 3087 1728 dantium
3140 1672 3485 1728 varietatem.

1930 1766 2223 1821 Dicitenim
2253 1783 2265 1819 :
2294 1764 2349 1819 Si
2383 1764 2541 1819 talem
2558 1780 2751 1835 aquam
2782 1764 3006 1821 daturus
3023 1782 3103 1831 es,
3135 1766 3355 1820 omnino
3377 1781 3492 1819 ma.

1925 1859 2013 1928 jor
2028 1873 2088 1913 es
2104 1866 2253 1927 patre
2268 1855 2453 1924 Jacob,
2481 1858 2571 1928 qui
2591 1859 2748 1913 nobis
2778 1858 3079 1928 dedithanc
3094 1873 3303 1928 aquam.
3339 1858 3497 1924 Quod

1927 1962 2105 2005 autent
2137 1951 2252 2020 ipse
2282 1965 2349 2005 ex
2380 1965 2445 2006 eo
2502 1951 2655 2015 bibit,
2688 1951 2804 2007 laus
2860 1964 2943 2006 est
2979 1952 3238 2008 bonitatis
3295 1967 3447 2021 aqua:
3476 1968 3491 2015 ;

1932 2052 2134 2095 tantum
2168 2042 2308 2097 enim
2345 2042 2543 2109 placuit
2571 2041 2800 2097 fonsille
2828 2041 3168 2109 patriarclue,
3208 2051 3267 2097 ut
3296 2052 3351 2097 et
3384 2043 3497 2111 ipse

1931 2134 2145 2200 biberit,
2205 2144 2257 2188 et
2303 2133 2397 2188 lilii
2432 2134 2569 2204 ejus.
2598 2132 2751 2200 Quod
2804 2144 2980 2189 autem
3035 2143 3090 2188 et
3134 2148 3328 2203 pecora
3380 2133 3496 2201 ejus

1929 2227 2187 2292 biberint,
2219 2225 2476 2281 indicium
2525 2234 2612 2281 est
2649 2225 2818 2296 cepia:
2857 2241 3136 2295 aquarum.
3182 2224 3297 2280 Non
3353 2227 3496 2280 enim

1932 2318 2101 2374 solum
2131 2317 2300 2373 dulcis
2328 2326 2412 2373 est
2437 2333 2597 2387 aqua,
2646 2329 2699 2373 et
2725 2317 2798 2371 ita
2825 2316 3020 2383 dulcis,
3061 2325 3118 2371 ut
3145 2326 3199 2370 et
3229 2315 3395 2371 Jaeob
3430 2332 3496 2372 ex

1931 2424 1991 2463 ea
2016 2408 2230 2470 biberit.
2286 2411 2381 2464 sed
2411 2416 2465 2463 et
2512 2408 2679 2478 larga,
2711 2417 2766 2462 et
2792 2408 2871 2462 sic
2902 2409 3074 2477 larga,
3116 2417 3175 2461 ut
3221 2407 3500 2462 suffecerit

1934 2501 2265 2556 multitudini
2300 2516 2555 2571 pecorum
2587 2503 2913 2570 patriarchae
2939 2499 3128 2554 Jacob.
3165 2500 3296 2555 Cum
3317 2510 3498 2553 autem

1930 2594 2139 2649 diceret
2194 2594 2404 2659 mulier,
2430 2612 2447 2645 ι
2476 2592 2613 2649 Num
2658 2603 2713 2647 tu
2747 2593 2918 2662 major
2939 2608 2997 2647 es
3029 2603 3182 2663 patre
3213 2593 3442 2648 nostro?
3475 2611 3495 2644 ι

1937 2685 2192 2742 Dominus
2219 2686 2434 2756 quidem
2469 2686 2749 2740 manifeste
2781 2702 2884 2741 non
2915 2686 3064 2751 dicit,
3096 2684 3348 2740 Profecto
3387 2701 3502 2740 ma-

1929 2776 2016 2847 jor
2036 2792 2179 2845 sum,
2213 2790 2269 2830 ut
2301 2794 2405 2831 nou
2436 2777 2682 2832 videatur
2708 2792 2969 2847 arrogans
3023 2793 3166 2845 esse,
3199 2794 3318 2832 cum
3366 2793 3501 2833 non-

1934 2869 2061 2923 dum
2114 2868 2329 2936 aliquod
2386 2869 2658 2938 specimen
2718 2884 2830 2924 sua:
2860 2869 3078 2924 virtutis
3124 2870 3497 2924 exhibuisset:

1936 2961 2038 3016 hoc
2057 2970 2230 3017 tamen
2254 2969 2406 3028 parat
2438 2976 2533 3030 per
2552 2975 2613 3016 ea
2628 2976 2746 3031 quae
2767 2961 2916 3015 dicit.
2948 2961 3088 3015 Dicit
3111 2961 3292 3015 enim:
3336 2980 3355 3013 ι
3394 2961 3500 3027 Qui

1935 3053 2074 3109 bibit
2108 3070 2173 3109 ex
2216 3055 2316 3108 hac
2369 3068 2530 3121 aqua,
2565 3053 2760 3107 iterum
2823 3052 2967 3107 sitiet
3010 3053 3138 3120 :qui
3199 3062 3378 3108 ιιιιιριιι
3435 3068 3502 3105 ex

1936 3160 2054 3201 mea
2085 3145 2240 3209 bibit,
2280 3160 2383 3199 non
2413 3144 2558 3199 sitiet
2582 3145 2632 3199 in
2657 3155 2940 3199 aeternum.
2976 3161 2994 3194 ι
3021 3145 3197 3213 Atque
3228 3145 3297 3197 ita
3336 3145 3378 3197 si
3401 3144 3502 3196 mi—

1937 3238 2075 3294 raris
2111 3236 2278 3293 Jacob
2331 3238 2422 3307 qui
2458 3236 2603 3290 dedit
2643 3250 2838 3305 aquam
2911 3234 3091 3297 talem,
3128 3232 3295 3289 multo
3330 3234 3502 3302 magis

1937 3329 2192 3384 admirari
2251 3336 2465 3396 oportet
2504 3342 2629 3382 eum
2682 3327 2770 3395 qui
2801 3326 3000 3396 praabet
3032 3325 3189 3394 longe
3229 3325 3501 3378 meliorem

1936 3440 2153 3494 aquam.
2186 3422 2357 3489 Quam
2385 3421 2529 3477 enim
2556 3434 2655 3490 ego
2689 3420 2777 3482 do,
2816 3418 2935 3473 fons
2967 3417 3026 3471 lit
3081 3431 3254 3485 aquae,
3290 3431 3410 3486 qua!
3447 3417 3499 3470 in

1935 3516 2050 3571 dies
2074 3516 2244 3584 magis
2272 3529 2338 3569 ac
2386 3513 2559 3583 magis
2592 3510 2996 3579 multiplicatur.
3026 3508 3140 3562 Non
3173 3508 3316 3562 enim
3343 3522 3502 3575 quam

1936 3623 2123 3677 parum
2157 3606 2430 3677 accipiunt
2462 3604 2638 3659 sancti
2679 3617 2710 3657 a
2742 3601 2872 3667 Deo,
2906 3601 2979 3656 ita
3026 3614 3196 3671 usque
3226 3601 3292 3655 ad
3342 3600 3502 3654 linem

1937 3708 2172 3764 servant,
2204 3699 2296 3753 sed
2328 3697 2536 3753 semina
2576 3695 2789 3764 quidem
2821 3704 2874 3748 et
2907 3693 3056 3750 initia
3088 3692 3357 3762 accipiunt
3381 3693 3505 3745 boni

1938 3808 2032 3863 per
2078 3792 2329 3862 gratiam,
2360 3789 2640 3844 insumunt
2679 3794 2859 3841 autem
2905 3794 2960 3841 et
3008 3786 3131 3854 ipsi,
3158 3801 3221 3839 ae
3247 3800 3500 3840 crescere

1938 3886 2141 3938 faciunt
2173 3900 2186 3936 :
2217 3884 2266 3937 id
2293 3882 2433 3952 quod
2459 3897 2556 3952 per
2586 3880 2898 3950 parabolam
2952 3878 3279 3931 talentorum
3338 3877 3507 3946 signi-

1938 3976 2063 4031 lieat
2092 3975 2374 4042 Dominus,
2399 3984 2453 4029 et
2475 3990 2569 4043 per
2600 3972 2888 4042 hospitem.
2929 3970 3136 4025 Etenim
3160 3970 3252 4039 qui
3289 3983 3508 4033 accepe-

1939 4081 2021 4125 rat
2052 4069 2154 4124 duo
2189 4070 2408 4133 talenta,
2445 4067 2680 4121 lucratus
2728 4075 2810 4118 est
2841 4065 2941 4120 alia
3005 4064 3111 4116 duo
3140 4062 3187 4094 ⁸⁸
3214 4066 3253 4127 ‘,
3286 4062 3383 4116 sed
3409 4077 3503 4114 sua

1939 4162 2357 4230 praeparatione:
2382 4169 2439 4214 et
2469 4159 2666 4227 hospiti
2698 4159 2785 4225 qui
2816 4163 3130 4224 susceperat
3165 4155 3504 4206 vulneratum:

1938 4253 2257 4318 latronibus,
2295 4251 2577 4320 pollicetur
2604 4250 2883 4309 Dominus,
2915 4247 3173 4316 quidquid
3243 4255 3504 4314 prmterea

1941 4345 2266 4416 impenderis
2296 4346 2360 4398 de
2397 4354 2508 4406 tuo,
2547 4343 2688 4396 dabo
2723 4341 2902 4395 tibi".
2939 4340 3072 4394 Illud
3128 4339 3292 4408 igitur
3315 4338 3500 4392 ethoc

1939 4438 2057 4492 loco
2076 4435 2247 4489 innuit
2272 4452 2285 4488 :
2319 4432 2574 4502 Equidem
2601 4445 2795 4499 aquam
2817 4430 2884 4483 do
2913 4427 3117 4482 sitienti
3142 4442 3156 4480 :
3189 4426 3276 4480 illa
3305 4436 3506 4483 autem,

1939 4545 2097 4600 quam
2126 4542 2226 4597 ego
2253 4528 2340 4591 do,
2369 4541 2474 4580 non
2504 4534 2685 4580 uiauet
2725 4531 2899 4588 tanta,
2931 4520 3024 4575 sed
3060 4519 3223 4573 etiam
3253 4516 3513 4585 multipli-

266 4614 729 4687 προσδαπανήσῃς
769 4616 1005 4684 οἴκοθεν,
1034 4618 1143 4687 ἐγὼ
1191 4618 1345 4674 δώσω
1390 4639 1491 4677 σοι.
1526 4622 1697 4676 Τοῦτο
1739 4624 1832 4678 οὖν

1939 4631 2110 4684 catur,
2142 4634 2207 4673 ac
2255 4619 2375 4672 fons
2407 4616 2655 4672 ellieitur.
2688 4615 2843 4670 Dedit
2895 4612 3058 4667 Paulo
3107 4626 3302 4680 aquam
3338 4610 3353 4639 ¹
3388 4609 3510 4662 bre-

268 4707 550 4761 κὰνταῦθα
577 4712 873 4764 αἰνίττεται
900 4728 913 4742 ·
947 4712 1151 4782 Δίδωμι
1184 4715 1281 4783 μὲν
1339 4714 1450 4783 ἐγὼ
1480 4715 1624 4788 ὕδωρ
1655 4719 1731 4787 τῷ
1758 4719 1839 4772 δι-

266 4798 462 4867 ψῶντι,
496 4800 672 4854 ἐκεῖνο
726 4801 802 4865 δὲ,
837 4802 976 4872 ὅπερ
1006 4800 1218 4872 δίδωμι,
1254 4802 1315 4855 οὶ
1373 4803 1523 4872 μένει
1563 4805 1838 4871 τοσοῦτον,

267 4893 405 4945 ἀλλὰ
441 4894 786 4965 πλημμυρεῖ,
828 4895 920 4947 καὶ
966 4895 1116 4964 πηγὴ
1145 4894 1373 4963 γίνεται.
1407 4896 1613 4948 Δέδωκε
1648 4898 1704 4950 δὲ
1760 4897 1838 4968 τῷ

269 4984 469 5056 Παύλῳ
496 4984 638 5056 ὕδωρ
675 4986 847 5057 βραχὺ
880 4987 908 5037 0
938 4987 1163 5056 Κύριος,
1185 4986 1284 5046 τὰς
1309 4987 1400 5040 τοῦ
1440 4987 1680 5044 ’Δνανίου
1709 5006 1837 5043 κατ-

268 5079 517 5148 ηχήσεις,
549 5079 682 5132 ἀλλὰ
713 5078 895 5149 πηγὴν
923 5080 951 5131 0
981 5078 1190 5143 Παῦλος
1243 5080 1305 5132 τὺ
1336 5080 1506 5151 βραχὺ
1544 5083 1718 5134 ἐκεῖνο
1736 5082 1838 5150 τῆς

268 5169 621 5234 διδασκαλίας
644 5169 787 5241 ὕδωρ
818 5169 913 5223 τοῦ
953 5172 1197 5224 Ἀνανίου
1229 5172 1531 5236 ἀπέδειξεν,
1563 5172 1701 5225 ὥστε
1730 5174 1837 5226 ἀπὸ

281 5257 642 5330 Ἰερουσαλὴμ
684 5260 847 5330 μέχρι
891 5260 985 5312 τοῦ
1047 5260 1339 5329 Ἰλλυρικοῦ
1403 5260 1606 5328 φθᾶσαι
1632 5261 1698 5313 τὰ
1737 5263 1838 5331 τῆς

269 5350 457 5420 πηγῆς
485 5352 699 5419 ἐκείνης
718 5352 1034 5421 ὁρμήματα.
1079 5351 1143 5404 Ἡ
1159 5351 1292 5421 γυνὴ
1333 5352 1388 5403 δὲ
1420 5351 1536 5414 πῶς
1566 5367 1693 5404 ποτε
1730 5348 1839 5423 ἆρα

269 5444 403 5513 περὶ
431 5442 912 5510 ταῦταδιάκειται;
943 5443 1224 5507 Ταπεινῶς
1251 5445 1349 5514 μὲν
1371 5444 1450 5496 ἐτι
1477 5441 1712 5515 (νομίζει
1732 5443 1842 5515 γὰρ

268 5536 401 5606 περὶ
440 5535 631 5599 ὕδατος
668 5537 926 5608 αἰσθητοῦ
951 5540 1075 5598 τοὺς
1109 5537 1295 5603 λόγους
1314 5532 1502 5604 εἶναι),
1543 5536 1683 5608 πλὴν
1720 5535 1839 5590 ἀλλ’

269 5626 525 5694 ἐμφαίνει
555 5627 649 5680 καί
672 5645 791 5680 τινα
826 5628 1126 5699 προκοπήν.
1158 5629 1230 5680 T0
1253 5629 1352 5698 μὲν
1408 5628 1516 5698 γὰρ
1575 5631 1839 5698 πρότερον

271 5722 490 5790 ἠπόρει,
523 5721 777 5789 λέγουσαο
826 5740 843 5770 ι
882 5722 1048 5775 Πόθεν
1082 5721 1223 5791 ἔχεις
1252 5721 1395 5789 ὕδωρ
1430 5720 1572 5787 ζῶν;
1603 5739 1621 5772 ι
1658 5721 1751 5772 νῦν
1781 5719 1837 5772 δὲ

347 5908 417 5942 ⁸⁸⁸
447 5907 632 5965 Matth.
664 5924 783 5977 xxv,
815 5910 901 5964 2‘2.
980 5912 1021 5942 99
1055 5907 1183 5962 Luc.
1218 5924 1267 5972 κ,
1302 5906 1386 5961 55.

1941 4722 2059 4760 vein
2114 4706 2391 4769 Dominus,
2448 4704 2670 4757 Anania:
2713 4703 3096 4757 instructiones
3133 4717 3147 4754 :
3179 4716 3242 4755 ac
3294 4701 3509 4753 brevem

1941 4798 2087 4851 illam
2113 4812 2307 4866 aquam
2345 4797 2711 4851 doctrinarum
2775 4795 3000 4849 Ananiae
3049 4792 3250 4847 Paulus
3295 4792 3495 4845 fontem

1940 4905 2061 4945 esse
2119 4887 2532 4952 demonstravit,
2563 4888 2634 4942 ita
2691 4898 2808 4941 uta
2864 4885 3164 4941 Jerusalem
3221 4900 3391 4952 usque
3444 4884 3513 4934 ad

1941 4981 2207 5054 Illyricum
2232 4981 2579 5052 pervenirent
2597 4980 2740 5035 illius
2764 4981 2927 5035 fontis
2945 4977 3283 5050 prosilientes
3313 4976 3506 5030 ﬂuxus.

1946 5075 2013 5130 Et
2046 5076 2236 5130 mulier
2301 5073 2572 5143 quomodo
2620 5074 2672 5128 in
2725 5073 2809 5128 his
2839 5071 3030 5127 affecta
3081 5070 3198 5125 est?
3225 5068 3513 5124 llutuiliter

1945 5168 2160 5238 quidem
2190 5168 2364 5222 adhuc
2392 5181 2450 5220 se
2497 5167 2637 5232 gerit
2675 5183 2689 5219 :
2719 5164 2978 5234 opinatur
3006 5162 3150 5216 enim
3179 5160 3246 5215 de
3269 5157 3511 5213 sensibili

1949 5276 2083 5329 aqua
2119 5273 2397 5313 sermones
2425 5258 2610 5312 haberi
2648 5256 2986 5328 :profectum
3019 5264 3196 5307 tamen
3225 5251 3510 5322 quemdam

1950 5350 2169 5403 iudicat.
2223 5348 2355 5403 Nam
2412 5351 2643 5418 primum
2691 5350 2906 5417 quidem
2950 5344 3255 5406 dubitabat,
3284 5344 3509 5398 dicens:

1955 5460 1977 5493 ι
2001 5439 2153 5496 Unde
2176 5443 2340 5496 habes
2365 5456 2559 5510 aquam
2583 5440 2890 5508 viventem}?
2915 5457 2936 5492 ι
2956 5437 3107 5493 Nunc
3129 5446 3307 5491 autem
3323 5445 3375 5488 et
3400 5423 3514 5487 Ser—

1950 5548 2164 5588 monem
2195 5537 2313 5589 sine
2345 5533 2510 5588 dubio
2532 5533 2776 5601 suscipit,
2809 5531 2995 5587 dicens
3023 5549 3037 5585 :
3068 5548 3087 5581 ι
3118 5529 3190 5583 Da
3223 5527 3351 5581 mihi
3376 5525 3515 5578 hanc

1946 5642 2161 5695 aquam.
2200 5644 2219 5676 ι
2261 5626 2482 5680 Videtur
2509 5626 2669 5695 igitur
2696 5626 2809 5680 hate
2857 5639 2976 5679 esse
3002 5619 3318 5692 prudentior
3352 5616 3512 5669 Nico-

1945 5722 2121 5776 demo.
2157 5718 2289 5774 Nam
2317 5718 2402 5774 ille
2433 5720 2646 5789 quidem
2686 5734 2806 5775 cum
2842 5718 3003 5772 multa
3038 5714 3353 5776 audivisset,
3378 5708 3510 5761 talia

1474 5906 1646 5961 1Aul.
1682 5922 1753 5971 lx,
1797 5907 1879 5959 l0.
1966 5898 1975 5903 ἥ
