3960 6454
435 400 573 473 1235

435 522 653 578 dicebat
701 540 715 578 :
753 540 773 575 ι
828 523 1112 591 Quomodo
1157 533 1382 596 possunt
1436 526 1555 581 hmc
1603 524 1756 580 lleri?
1809 544 1828 577 ι

433 625 612 670 antem
651 616 838 688 incipit
862 627 1208 675 contemnere
1233 618 1393 675 etiam
1425 617 1625 674 fontem
1653 615 1838 672 Jacob.
1869 614 2003 671 Nam

435 707 601 765 dicit:
634 708 691 765 Si
724 710 886 767 talem
911 726 1107 783 aquam
1128 713 1314 777 habes,
1351 711 1418 766 da
1448 710 1603 778 mihi,
1634 719 1694 766 ut
1722 725 1830 765 non
1864 709 2004 764 ultra

430 803 647 856 veniam
678 803 782 857 huc
804 801 875 858 ad
906 803 1282 860 hauriendum.
1312 802 1472 861 Vides
1519 804 1662 876 quod
1714 802 2008 875 praetulerit

363 898 371 907 '
437 891 535 959 ipsi
562 890 729 950 Jacob
757 892 1063 952 Dominum.
1113 963 1116 967 λ

1283 410 1864 473 THEOPIIYLACTI
1907 412 2318 472 BULGARL‘E
2353 414 2716 477 ARCHIEP.

3472 408 3475 413 ⁴
3544 412 3677 477 1236

1910 525 2012 580 ista
2043 536 2088 592 Α
2118 526 2508 593 ὰνενδοιάστως
2538 528 2806 601 δεξαμένη
2837 530 2926 583 τὸν
2955 529 3136 599 λόγον,
3169 530 3303 601 φησί
3329 546 3342 559 ο
3384 547 3403 581 ι
3431 530 3533 593 Δός
3593 550 3679 600 μοι

2113 619 2268 672 τοῦτο
2291 621 2352 674 τὸ
2390 619 2555 693 ὕδωρ.
2596 640 2614 673 ι
2647 623 2864 676 Ἔοικεν
2894 619 2987 677 οὖν
3007 621 3149 692 αὕτη
3178 621 3519 692 συνετωτερα
3550 618 3685 675 εἶναι

2112 710 2207 765 τοῦ
2255 710 2591 784 Νικοδήμου.
2629 714 2865 779 Ἐκεῖνος
2901 714 3003 786 μὲν
3028 713 3158 785 γὰρ,
3193 713 3404 786 μυρίων
3450 713 3688 777 ἀκούσας

2112 802 2393 870 τοιούτων,
2429 804 2603 875 ἔλεγε·
2633 824 2652 858 ι
2691 806 2815 871 Πῶς
2866 806 3040 860 ταῦτα
3082 805 3335 875 γενέσθαι
3357 805 3625 870 δύναταις
3664 824 3682 854 ο

2112 893 2251 966 αὕτη
2279 895 2336 950 δὲ
2372 897 2601 969 ἄρχεται
2617 901 2985 968 καταφρονεῖν
3018 898 3119 970 ἠδη
3140 899 3237 952 καὶ
3266 898 3365 966 τῆς
3382 898 3562 966 πηγῆ⁸
3595 895 3688 948 τοῦ

434 984 652 1043 Ἰακὼϐ.
680 986 744 1043 Et
781 990 912 1063 γὰρ,
940 992 1097 1064 φησὶ.
1134 992 1377 1047 τοιοῦτον
1412 990 1554 1064 ὕδωρ
1583 989 1749 1062 ἔχεις,
1776 984 1862 1053 δός
1916 1007 2027 1061 μοι,
2069 993 2163 1045 καὶ
2185 992 2287 1048 οὐκ
2308 992 2391 1047 ἔτι
2419 992 2713 1050 ἐλεύσομαι
2755 988 2880 1059 ὧδε,
2912 992 3054 1048 ὥστε
3078 992 3309 1049 ἀντλεῖν.
3365 992 3531 1063 Ὁρᾷς
3574 991 3691 1054 πῶς

436 1078 728 1150 προέκρινε
745 1082 839 1135 τὸν
872 1083 1077 1156 Κύριον
1102 1083 1195 1139 τοῦ
1251 1084 1469 1140 Ἰακώϐ.

504 1175 672 1233 Vens.
698 1177 890 1235 16-22.
913 1197 932 1233 ι
963 1180 1164 1238 Dicitci
1180 1180 1367 1238 Jesus:
1394 1181 1558 1254 556
1581 1179 1744 1247 Vade,
1777 1194 1907 1236 voca
1931 1180 2012 1235 vi-

444 1273 564 1324 tam
592 1279 769 1339 tuum,
785 1282 839 1328 et
861 1274 983 1329 veni
1008 1270 1133 1330 huc.
1154 1274 1448 1344 Respondit
1472 1274 1684 1340 mulier,
1711 1284 1763 1329 et
1779 1273 1913 1328 dixit
1930 1272 2010 1326 ei:

432 1357 549 1415 Non
574 1359 750 1420 habeo
774 1364 972 1420 virum.
999 1364 1138 1420 Dicit
1163 1366 1212 1421 ei
1247 1364 1405 1421 .lcsus
1434 1381 1448 1420 :
1484 1363 1629 1421 Bene
1654 1363 1863 1430 dixisti,
1892 1362 2013 1418 Non

438 1452 611 1511 habeo
642 1458 819 1511 virum
858 1474 870 1511 :
896 1457 1134 1529 quinque
1155 1458 1300 1514 enim
1332 1457 1477 1513 viros
1502 1457 1759 1521 habuisti,
1781 1466 1837 1512 et
1865 1472 2011 1511 nunc

437 1560 598 1614 quem
648 1547 839 1613 habes,
870 1563 975 1603 non
1031 1559 1115 1604 est
1162 1556 1287 1604 tuus
1331 1548 1432 1603 vir.
1463 1546 1575 1603 Hoc
1624 1561 1751 1603 vere
1799 1545 2008 1601 dixisti.

441 1636 584 1693 Dicit
631 1640 679 1694 ei
721 1640 914 1696 mulier
945 1657 959 1696 :
986 1640 1232 1705 Domine,
1253 1641 1413 1697 video
1459 1642 1605 1710 quod
1652 1639 1920 1710 prepheta
1950 1652 2010 1694 es

438 1740 515 1789 tu.
543 1729 734 1789 Patres
762 1733 935 1789 nostri
966 1734 1019 1788 in
1054 1744 1234 1789 monte
1271 1735 1370 1790 hoc
1401 1733 1786 1798 adoraverunt,
1816 1742 1872 1788 et
1916 1746 2012 1787 vos

436 1824 620 1880 dicitis
658 1826 804 1896 quod
862 1826 1252 1898 Hierosolymis
1301 1835 1386 1881 est
1442 1826 1591 1882 locus
1622 1825 1711 1881 ubi
1763 1833 2012 1895 oporteat
2045 1799 2085 1855 Β

439 1916 690 1973 adorare.
725 1918 865 1974 Dicit
914 1919 964 1974 ei
1004 1918 1163 1976 Iesus
1195 1936 1210 1974 :
1244 1919 1457 1985 Mulier,
1482 1919 1644 1974 crede
1678 1917 1832 1977 mihi.
1867 1916 2014 1972 venit

441 2009 576 2064 hora
612 2010 829 2080 quando
878 2027 1056 2082 neque
1085 2012 1141 2067 in
1181 2021 1361 2067 monte
1386 2013 1508 2077 hoc,
1540 2025 1716 2080 neque
1740 2010 1795 2065 in
1821 2006 2013 2064 Hiero-

440 2100 667 2171 solymis
697 2100 993 2158 adorabitis
1016 2101 1255 2157 Patrem.
1276 2101 1385 2158 Vos
1413 2101 1653 2157 adoratis
1700 2101 1842 2169 quod
1880 2113 2011 2155 nes-

438 2192 564 2247 citis
590 2209 604 2247 :
646 2206 744 2248 nos
760 2194 1048 2250 adoramus
1072 2195 1212 2265 quod
1234 2194 1434 2250 scimus
1464 2195 1626 2264 :qnia
1657 2193 1802 2249 salus
1831 2207 1897 2247 ex
1919 2189 2015 2247 Ju-

440 2285 574 2343 dteis
604 2285 1028 2355 esu—«Vade,
1051 2302 1182 2343 voca
1200 2287 1372 2342 virum
1398 2297 1607 2342 tuum.»
1638 2285 1773 2352 Quia
1796 2283 2014 2340 videbat

441 2378 589 2435 illam
626 2390 908 2452 urgentem
939 2380 1004 2435 ad
1038 2380 1427 2451 recipiendum,
1463 2387 1517 2435 et
1544 2387 1827 2449 cogentem
1864 2391 1925 2432 se
1947 2376 2014 2431 ad

440 2474 700 2539 dandum,
729 2474 900 2530 dicit:
934 2492 953 2526 ι
997 2474 1166 2542 Vade,
1196 2488 1329 2531 voca
1365 2474 1543 2528 virum
1593 2482 1766 2536 tuum,
1808 2488 1828 2523 ι
1860 2468 2013 2539 quasi

440 2565 690 2622 ostendat
709 2564 849 2636 quod
876 2565 1040 2620 etiam
1067 2564 1216 2621 illum
1244 2571 1491 2635 oporteat
1512 2576 1637 2620 esse
1694 2558 2015 2631 participem

444 2659 601 2729 hujus
619 2658 745 2715 doni
772 2657 899 2712 mei.
936 2657 1029 2712 ll!a
1057 2668 1237 2713 autem
1261 2655 1542 2720 festinans,
1578 2659 1717 2708 etut
1764 2649 2013 2718 recipiat,

442 2762 498 2805 et
526 2760 583 2804 ut
609 2749 771 2805 simul
801 2748 984 2815 lateat,
1017 2750 1149 2804 dicit
1179 2765 1193 2802 :
1226 2766 1244 2800 ι
1272 2747 1391 2803 Non
1437 2746 1614 2802 habeo
1661 2747 1860 2805 virum.
1906 2746 2016 2803 »Δι

442 2840 704 2895 Dominus
732 2854 828 2911 per
864 2839 1204 2910 prOpbetiam
1246 2854 1390 2893 nunc
1408 2839 1612 2895 revelat
1636 2854 1797 2896 suam
1841 2841 2015 2895 virtu-

442 2936 575 2999 tem,
625 2942 679 2988 et
711 2933 919 3003 priores
958 2932 1078 3003 ejus
1130 2931 1277 2986 viros
1338 2943 1589 2987 numerat
1638 2945 1695 2988 et
1741 2947 1864 2988 eum
1921 2932 2014 3002 q-ii

444 3039 588 3081 nunc
632 3025 985 3096 ignorabatur
1030 3025 1224 3094 arguit.
1256 3021 1509 3094 Nunquid
1543 3023 1709 3095 igitur
1738 3024 1827 3079 illa
1873 3039 2017 3096 aegre

2192 1199 2211 1230 ι
2247 1180 2407 1248 Λέγει
2465 1179 2603 1251 αὑτῇ
2656 1180 2685 1232 ὁ
2728 1175 2969 1249 ἰησοῦςο
3003 1174 3247 1243 ’Υπαγε,
3286 1171 3543 1243 φώνησον
3595 1170 3691 1224 τὸν

2116 1269 2288 1341 ἄνδρα
2331 1286 2447 1336 σου,
2474 1269 2573 1324 καὶ
2620 1268 2742 1323 ὲλθὲ
2788 1267 2999 1322 ἐνθάδε.
3032 1263 3333 1337 Ἀπεκρίθη
3356 1264 3413 1317 δὲ
3445 1265 3480 1336 η
3535 1264 3688 1333 γυνὴ,

2115 1357 2207 1410 καὶ
2243 1350 2396 1408 εἶπεν
2426 1354 2576 1425 αὐτῷ
2615 1356 2631 1386 δ
2668 1353 2784 1407 Ούκ
2814 1353 2923 1423 ἔχω
2951 1351 3139 1423 ἄνδρα.
3165 1350 3328 1418 Λέγει
3359 1348 3501 1418 αὐτῇ
3526 1350 3554 1401 ὁ
3588 1348 3692 1417 Ἰη-

2116 1446 2243 1511 σοῦς
2274 1463 2287 1477 ·
2351 1446 2548 1509 Καλῶς
2587 1439 2772 1512 εἶπας,
2817 1445 2898 1498 ὅτι
2946 1442 3149 1514 Ἄνδρα
3197 1440 3299 1495 ούκ
3354 1440 3489 1511 ἔχω.
3529 1439 3691 1493 Πέντε

2117 1539 2228 1608 γὰρ
2255 1538 2454 1609 ἄνδρας
2497 1536 2679 1609 ἔσχες,
2707 1538 2803 1590 καὶ
2854 1535 2950 1590 νῦν
2990 1534 3050 1588 δν
3096 1533 3261 1604 ἔχεις,
3299 1532 3401 1585 οὐκ
3448 1530 3564 1583 ἔστι
3602 1547 3691 1583 σου

2117 1632 2255 1701 ἁνήρ
2280 1648 2296 1663 ε
2336 1629 2497 1684 τοῦτο
2527 1627 2743 1701 ἀληθῶς
2799 1628 3048 1697 εἴρηκας.
3082 1625 3244 1693 Λέγει
3276 1622 3428 1693 αὐτῷ
3454 1624 3490 1693 ὴ
3521 1624 3688 1691 γυνή·

2120 1722 2313 1795 Κύριε,
2343 1720 2557 1792 θεωρῶ,
2586 1721 2668 1775 ὅτι
2696 1719 2984 1791 προφήτης
3005 1712 3058 1771 εἴ
3081 1716 3168 1771 σύ.
3188 1712 3251 1769 Oi
3272 1714 3511 1786 πατέρες
3540 1713 3691 1784 ἡμῶν

2115 1818 2174 1868 ὲν
2200 1813 2375 1886 τούτῳ
2403 1811 2479 1882 τῷ
2508 1812 2624 1884 δρει
2667 1808 3099 1884 προσεκύνησαν,
3134 1806 3231 1861 καὶ
3269 1806 3431 1877 ὑμεῖς
3482 1804 3689 1873 λέγετε,

2115 1908 2197 1962 ὅτι
2254 1909 2311 1961 ὲν
2358 1904 2753 1977 Ἱεροσολύμοις
2804 1903 2953 1957 ἐστὶν
2984 1904 3013 1956 6
3042 1901 3226 1965 τόπος,
3251 1900 3385 1954 ὃπου
3412 1898 3494 1951 δεῖ
3521 1912 3690 1967 προτ-

2115 1998 2318 2053 κυνεῖν.
2367 1998 2534 2066 Λέγει
2565 1996 2706 2067 αὐτῇ
2734 1997 2763 2049 ὁ
2793 1993 3000 2065 Ἰησοῦς
3020 2009 3033 2025 ο
3053 1992 3243 2054 Γύναι,
3263 1990 3553 2044 πίστευσον
3579 2005 3688 2057 μοι,

2115 2096 2198 2149 ὅτι
2257 2092 2477 2163 ἔρχεται
2498 2089 2639 2163 ὥρα,
2677 2090 2768 2143 ὅτε
2792 2087 2915 2142 οὗτε
2946 2089 3005 2141 έν
3031 2085 3106 2154 τῷ
3133 2083 3254 2158 ὄρει
3273 2087 3473 2153 τούτῳ,
3494 2081 3617 2134 οὒτε
3636 2083 3691 2133 ἐν

2127 2181 2522 2257 Ἰεροσολύμοις
2556 2180 2962 2252 προσκυνήσετε
2988 2176 3065 2248 τῷ
3086 2175 3283 2245 Πατρί.
3300 2173 3494 2242 Ὑμεῖς
3524 2189 3690 2240 προσ-

2116 2278 2329 2331 κυνεῖτε
2358 2274 2506 2329 ὃούκ
2549 2274 2748 2338 οἴδατε,
2813 2272 2975 2341 ἡμεῖς
3022 2264 3490 2340 προσκυνοῦμενὸ
3542 2264 3686 2316 οῖδα-

2120 2386 2218 2440 μεν
2247 2366 2344 2441 (a).
2366 2364 2744 2433 ι-ιὟπαγε,
2778 2361 3027 2432 φώνησόν
3050 2377 3141 2414 σου
3165 2358 3255 2411 τὸν
3277 2357 3465 2428 ἄνδρα.
3495 2373 3514 2407 ι
3539 2353 3688 2408 Ἐπεὶ

2118 2462 2227 2533 γὰρ
2286 2459 2433 2530 έὼρα
2482 2458 2654 2525 αὐτὴν
2715 2454 3097 2526 ἐπικειμένην,
3142 2451 3288 2506 ὥστε
3353 2450 3564 2511 λαϐεῖν,
3598 2449 3688 2500 καὶ

2117 2552 2537 2621 ἀναγκάζουσαν
2566 2548 2729 2603 αὐτὸν
2780 2546 2985 2613 δοῦναι,
3011 2544 3144 2616 φησί
3179 2558 3195 2575 ·
3242 2561 3263 2595 ε
3296 2540 3552 2610 Φὼνησόν
3599 2557 3687 2592 σου

2116 2646 2211 2700 τὸν
2244 2644 2415 2714 ἄνδρα
2450 2659 2464 2674 ο
2505 2639 2745 2695 »ὡσανεὶ
2800 2635 3235 2707 ἐνδεικνύμενος,
3282 2635 3366 2687 ὄτι
3424 2633 3686 2685 Κάκεῖνον

2118 2737 2201 2792 δεῖ
2229 2736 2485 2792 κοινωνόν
2536 2750 2620 2788 σοι
2676 2730 2931 2801 γενέσθαι
2985 2728 3086 2800 τῆς
3109 2727 3318 2799 δωρεᾶς
3361 2724 3565 2794 ταύτης
3593 2724 3684 2791 τῆς

2118 2833 2280 2903 ἐμῆς.
2306 2828 2522 2898 Ἐκείνη
2542 2827 2601 2882 δὲ
2635 2827 2749 2898 ἅμα
2780 2819 2880 2895 μὲν
2909 2822 3113 2887 λαθεῖν,
3138 2820 3256 2892 ἅμα
3277 2819 3333 2874 δὲ
3363 2819 3459 2873 καὶ
3510 2817 3688 2869 λαϐεῖν

2122 2925 2447 2989 σπεύδουσα,
2477 2921 2663 2993 φησίν·
2702 2937 2720 2972 ι
2747 2919 2862 2973 Ούκ
2878 2917 2985 2988 ἔχω
3009 2917 3195 2986 ἄνδρα.
3224 2934 3243 2968 ι
3296 2913 3356 2969 '0
3384 2913 3441 2967 δὲ
3471 2910 3688 2984 Κύριος,

2119 3018 2207 3073 διὰ
2259 3013 2595 3088 προφητείας
2637 3012 2824 3066 λοιπὸν
2873 3008 3277 3065 ἀποκαλύπτων
3341 3006 3442 3075 τὴν
3490 3003 3688 3057 οἰκείαν

446 3093 678 3183 ferebat,
704 3131 824 3171 cum
859 3116 986 3170 talia
1014 3093 1269 3171 audiret?
1304 3116 1386 3172 vel
1402 3093 1598 3173 relicto
1623 3118 1713 3174 illo
1737 3093 2017 3189 fugiebat?

2121 3111 2376 3181 δύναμιν,
2427 3107 2555 3171 τούς
2609 3123 2668 3159 τε
2720 3104 3023 3175 προτέρους
3055 3100 3301 3170 ἀριθμεῖ,
3340 3096 3438 3151 καὶ
3479 3096 3570 3148 τὸν
3603 3093 3688 3145 ὧν

442 3209 583 3275 Non,
603 3210 695 3266 sed
727 3210 898 3278 magis
925 3210 1189 3265 admirata
1218 3218 1302 3265 est
1342 3218 1397 3266 et
1419 3211 1740 3279 confortata,
1782 3212 1969 3268 dicens
1997 3230 2012 3267 :

450 3320 469 3355 ι
507 3303 753 3368 Domine,
783 3302 940 3357 video
965 3302 1107 3373 quod
1130 3302 1389 3373 propheta
1420 3317 1479 3359 es
1510 3312 1588 3370 tu,
1625 3322 1645 3357 ι
1701 3314 1755 3359 et
1779 3304 1846 3360 de
1884 3305 2016 3376 dog-

447 3395 682 3450 matibus
703 3394 901 3451 divinis
929 3395 1109 3451 statim
1145 3395 1293 3450 illum
1320 3396 1640 3467 interrogat,
1670 3412 1775 3451 non
1805 3398 1872 3453 de
1899 3411 2016 3452 cor-

447 3488 741 3558 paratibus,
774 3497 832 3542 ut
860 3486 927 3543 de
986 3488 1222 3543 sanitate
1277 3489 1541 3557 corporis,
1567 3490 1650 3544 vel
1672 3490 1875 3547 divitiis
1903 3509 1916 3545 :
1943 3492 2015 3546 ita

444 3582 720 3651 sapientiae
739 3581 971 3644 avidam,
987 3590 1039 3635 et
1058 3582 1237 3637 virtuti
1258 3581 1492 3637 deditam
1512 3582 1739 3639 habebat
1757 3583 2013 3652 animam;

448 3673 541 3728 scd
575 3673 735 3741 quid?
779 3689 798 3724 ι
834 3670 1026 3728 Patres
1068 3673 1237 3728 nostri
1285 3673 1336 3727 in
1388 3683 1574 3729 monte
1616 3674 1707 3730 illo
1755 3674 2031 3732 adorare--

452 3775 594 3821 runt.
627 3782 647 3817 ι
692 3763 844 3831 Quod
873 3765 1006 3820 dicit
1046 3775 1266 3835 propter
1293 3764 1564 3820 Abraham
1595 3776 1649 3822 et
1674 3765 1868 3823 Iacob.
1896 3768 2019 3823 Ete-

446 3858 558 3913 nim
608 3857 733 3914 illuc
751 3856 974 3913 tradunt
1001 3857 1156 3914 Isaac
1205 3858 1257 3913 in
1302 3857 1628 3914 sacriﬁcium
1657 3861 2015 3916 adductum’.

454 3970 475 4003 ε
510 3951 579 4006 Et
604 3950 899 4020 quomodo,
940 3949 1136 4019 inquit,
1161 3964 1256 4006 vos
1294 3950 1474 4006 dicitis
1512 3952 1653 4022 quod
1683 3953 1735 4006 in
1768 3951 2022 4008 Hieroso-

447 4042 606 4113 lymis
625 4050 836 4112 oportet
856 4040 1115 4096 adorare?
1155 4060 1173 4094 ι
1206 4039 1398 4096 Vidisti
1430 4044 1699 4112 quomodo
1723 4044 2014 4100 sublimior

448 4135 645 4191 fuerit?
673 4134 805 4189 Nam
832 4149 956 4204 qnas
975 4134 1136 4205 paulo
1164 4144 1293 4190 ante
1323 4135 1552 4192 sollicita
1575 4145 1693 4191 erat
1723 4151 1789 4190 ne
1823 4138 1910 4194 siti
1936 4139 2020 4191 ul-

449 4239 531 4283 tra
578 4237 886 4293 vexaretur,
918 4242 1061 4281 nunc
1116 4229 1183 4283 de
1237 4228 1580 4299 dogmatibus
1609 4240 1778 4301 rogat.
1811 4227 2019 4285 idcirco

448 4327 502 4371 ct
531 4316 784 4373 Christus
839 4316 953 4372 visa
1010 4318 1127 4387 ejus
1182 4319 1443 4389 sapientia
1494 4319 1597 4376 hoc
1626 4322 1841 4390 quidem
1901 4320 2018 4390 ejus

451 4408 642 4474 dogma
695 4421 801 4461 non
828 4406 1007 4461 solvit.
1051 4407 1165 4462 Non
1212 4409 1354 4463 enim
1389 4421 1509 4465 erat
1553 4412 1685 4466 satis
1712 4410 1912 4466 serium
1963 4423 2016 4467 et

453 4496 632 4566 magni
657 4495 935 4560 momenti,
972 4498 1065 4552 sed
1119 4497 1263 4553 aliud
1304 4497 1574 4569 quoddam
1630 4500 1803 4569 majus
1828 4502 2019 4571 dogma
2053 4477 2095 4532 θ

453 4589 785 4655 manifestat,
818 4589 871 4644 id
903 4590 1045 4660 quod
1078 4605 1250 4661 neque
1282 4591 1575 4647 Nicodemo
1603 4608 1778 4662 neque
1819 4592 2053 4648 Natha-'

452 4682 592 4737 naeli
629 4682 981 4737 revelaverat.
1015 4696 1035 4732 ι
1066 4682 1412 4749 Venitenim,
1449 4682 1650 4752 inquit,
1685 4685 1815 4740 hora
1849 4700 2022 4754 quan-

450 4776 518 4827 tln
550 4777 726 4843 neq'ie
772 4776 824 4827 in
850 4766 1238 4845 Hierosolymis
1281 4790 1458 4844 neque
1499 4775 1552 4829 in
1584 4775 1688 4830 hoc
1742 4775 1860 4832 loco
1888 4777 2023 4832 ado-

453 4866 667 4921 rabitur
719 4866 883 4922 Deus.
924 4884 944 4918 ι
979 4865 1118 4920 Nam
1174 4873 1230 4919 tu
1292 4867 1535 4934 quidem,
1566 4866 1766 4936 inquit,
1807 4867 2025 4924 conaris

452 4960 741 5014 ostendero
796 4972 883 5014 res
935 4956 1401 5013 Samaritanorum
1463 4958 1735 5029 digniores
1787 4959 1875 5027 iis,
1904 4975 2024 5031 quas

452 5053 593 5123 apud
625 5051 839 5107 {udaeos
885 5060 1117 5121 aguntur
1153 5067 1168 5105 :
1206 5065 1307 5120 ego
1357 5060 1539 5106 autem
1591 5052 1711 5107 dico
1740 5052 1838 5108 tibi
1880 5053 2025 5123 quod

454 5159 635 5213 neque
665 5138 781 5200 haec
807 5158 983 5215 neque
1017 5143 1104 5199 illa
1148 5145 1353 5199 habent
1385 5144 1724 5214 dignitatem,
1762 5148 1855 5201 sed
1886 5147 2023 5202 alius

451 5235 722 5305 quispiam
767 5244 942 5291 status
971 5235 1079 5291 erit
1130 5234 1235 5291 illis
1282 5236 1518 5306 dignior.
1550 5236 1938 5292 Verumtamen
1972 5246 2027 5293 et

451 5326 531 5381 sic
586 5325 803 5382 Iudaeos
853 5328 1003 5383 vobis
1062 5327 1423 5383 Samaritanis
1467 5328 1739 5398 digniores
1793 5329 2020 5384 allirmo.

463 5422 484 5468 ι
523 5412 632 5471 Vos
683 5415 852 5481 enim,
876 5416 1071 5487 inquit,
1108 5419 1347 5474 adoratis
1402 5420 1548 5489 quod
1609 5420 1831 5474 nescitis
1872 5438 1885 5473 :
1924 5435 2023 5476 nos

456 5517 635 5562 autem
692 5505 886 5576 Judaei,
919 5511 1062 5580 quod
1084 5511 1304 5567 scimus.
1344 5527 1364 5563 ι
1422 5511 1590 5567 Porro
1633 5513 1869 5583 seipsnm
1924 5511 2020 5568 Ju-

525 5649 544 5678 '
578 5645 711 5702 Gen.
736 5661 870 5701 χχιι.

523 5785 599 5852 (a)
652 5786 835 5855 Ὄτιή
868 5785 1114 5855 σωτηρία
1160 5787 1224 5840 ἐκ
1261 5788 1370 5840 τῶν
1406 5787 1672 5842 Ἰουδαίων
1701 5786 1867 5840 ἐστίν.
1899 5785 2021 5842 llzec

454 5852 616 5910 Vctba
644 5855 729 5912 hic
760 5852 973 5925 desunt,
1005 5852 1064 5913 ct
1100 5857 1368 5927 aliquibus
1398 5860 1563 5913 etiam
1586 5858 1639 5914 in
1674 5857 1795 5914 aliis
1822 5858 2021 5915 codici-

2119 3201 2564 3276 έγκρυπτόμενον
2588 3197 2832 3269 ἤλεγξεν.
2856 3191 3003 3267 *Αρα
3015 3193 3109 3248 οὖν
3131 3192 3491 3263 ἐδυσχέρανεν
3513 3187 3686 3254 ἐκείνη

2117 3299 2289 3353 ταῦτα
2313 3296 2597 3353 ἀκούσασα
2624 3311 2639 3360 ;
2690 3292 2722 3362 ἢ
2751 3293 2951 3362 ἀφεῖσα
2995 3289 3184 3343 τοῦτον
3210 3286 3443 3355 ἔφυγενς
3468 3281 3686 3343 Ούκουν,

2119 3394 2256 3450 ἀλλὰ
2272 3392 2599 3461 θαυμάσασα
2618 3386 2819 3459 μᾶλλον
2841 3386 2934 3440 καὶ
2965 3381 3502 3455 προσκαρτερήσασα
3527 3375 3684 3429 πλέον

2119 3483 2269 3552 λέγει
2301 3499 2316 3515 ·
2358 3501 2377 3534 ι
2420 3482 2616 3552 Κύριε,
2649 3478 2861 3550 θεωρῶ,
2881 3478 2961 3530 ὅτι
2982 3475 3269 3547 προφήτης
3294 3466 3346 3524 εἴ
3378 3470 3441 3522 σύ
3481 3485 3497 3500 ο
3530 3487 3548 3518 ι
3602 3466 3691 3520 καὶ

2121 3577 2250 3647 περὶ
2273 3575 2560 3645 δογμάτων
2583 3571 2779 3626 ἐνθέων
2807 3568 2971 3623 αὑτὸν
3009 3567 3211 3639 ἐρωτᾷ,
3233 3563 3296 3617 οὐ
3330 3561 3460 3633 περὶ
3506 3559 3688 3631 βιωτιδ

2122 3668 2255 3734 κῶν,
2290 3662 2423 3732 οἷον,
2457 3666 2708 3736 σώματος
2733 3663 2943 3733 ὑγείας,
2972 3660 3007 3732 ἦ
3042 3657 3343 3730 χρημάτων
3367 3669 3382 3682 ’
3427 3651 3572 3707 οὕτω
3606 3667 3689 3719 φι-

2120 3762 2345 3829 λόσοφον
2379 3756 2520 3828 εἶχεν
2565 3758 2660 3810 καὶ
2712 3756 2888 3823 εὐφυᾶ
2940 3754 3076 3824 πρὸς
3111 3748 3311 3821 ἀρετὴν
3352 3746 3452 3815 τὴν
3496 3744 3689 3813 ψυχήν.

2123 3853 2284 3907 Ἀλλὰ
2299 3850 2389 3917 τί;
2425 3871 2443 3902 ι
2472 3851 2534 3902 Ol.
2566 3847 2801 3919 πατέρες
2829 3845 2983 3917 ἡμῶν
3011 3845 3069 3897 ἐν
3090 3843 3167 3912 τῷ
3184 3842 3301 3911 δρει
3332 3837 3511 3907 τούτῳ
3530 3850 3691 3906 προσ-

2121 3944 2415 4015 εκύνησαν.
2471 3960 2492 3995 s
2556 3938 2745 3994 Ταῦτα
2800 3937 2858 3991 δὲ
2905 3936 3053 4005 λέγει
3094 3933 3182 3987 διὰ
3224 3930 3352 3996 τοὺς
3424 3928 3554 3999 περὶ
3606 3928 3690 3978 τὸν

2121 4038 2374 4109 Ἀϐραάμ
2409 4050 2422 4065 ο
2464 4033 2688 4103 καὶγὰρ
2710 4033 2768 4085 έν
2800 4029 2995 4100 ἐκείνῳ
3021 4029 3181 4097 φασὶν
3204 4023 3296 4079 ὑπ’
3329 4019 3501 4077 αὑτοῦ
3550 4020 3684 4087 ἀνη-

2120 4130 2306 4201 νέχθαι
2335 4127 2426 4181 τὸν
2458 4124 2645 4180 Ἰσαὰκ
2674 4125 2754 4186 είς
2772 4121 2987 4175 θυσίαν.
3007 4117 3118 4173 Καὶ
3139 4116 3273 4180 πῶς,
3294 4114 3477 4183 φησὶν,
3508 4110 3687 4180 «ὑμεῖς

2120 4223 2307 4290 λέγετε
2342 4259 2357 4286 ,
2410 4222 2492 4274 ὅτι
2542 4221 2599 4271 έν
2655 4212 3049 4287 Ἱεροσολύμοις
3103 4211 3184 4264 δεῖ
3252 4207 3580 4279 προσκυνεῖν
3613 4218 3682 4270 ;ι

2123 4310 2278 4377 Εἶδες
2316 4311 2433 4375 πῶς
2464 4306 2770 4378 ὑψηλοτέρα
2800 4304 3055 4374 γέγονεν;
3107 4301 3170 4354 Ἦ
3202 4298 3313 4371 γὰρ
3357 4297 3463 4368 πρὸ
3498 4290 3687 4367 μικροῦ

2130 4404 2452 4480 μεριμνῶσα
2485 4400 2627 4472 ύπὶρ
2652 4399 2744 4453 τοῦ
2771 4398 2845 4469 μὴ
2879 4393 3206 4451 σκύλλεσθαι
3235 4391 3324 4445 διὰ
3378 4390 3474 4443 τοῦ
3495 4389 3686 4480 γδῴᾖν,

2126 4477 2573 4569 περὶδογμάτων
2626 4490 2827 4561 ἐρωτᾷ.
2863 4487 2955 4541 Διὸ
3001 4487 3097 4540 καὶ
3118 4487 3146 4540 ὁ
3168 4484 3403 4555 Χριστὸς
3434 4479 3557 4534 ἰδὼν
3597 4477 3689 4547 τὴν

2128 4590 2301 4660 αὐτῆς
2331 4588 2575 4650 σύνεσιν,
2618 4583 2779 4637 τοῦτο
2812 4581 2912 4653 μὲν
2935 4579 2996 4633 τὸ
3022 4578 3285 4648 ἀπόρημα
3309 4573 3482 4641 αὐτῆς
3504 4573 3565 4625 ού
3580 4570 3689 4624 λύει

2127 4685 2208 4757 (οὐ
2239 4682 2348 4752 γὰρ
2377 4676 2445 4753 ἦν
2476 4673 2987 4751 περισπούδαστον),
3012 4671 3142 4728 ἄλλο
3196 4669 3253 4723 δὲ
3283 4667 3468 4740 μεῖζον
3520 4664 3688 4757 δόγμα

2124 4755 2524 4838 ἀποκαλύπτει,
2558 4773 2695 4843 ὅπερ
2724 4768 2845 4824 οὐδὲ
2875 4765 3194 4836 Νικοδήμῳ,
3225 4760 3347 4815 οὐδὲ
3400 4755 3686 4824 Ναθαναὴλ

2126 4866 2501 4935 ἀπεκάλυψεν.
2541 4866 2802 4934 Ἔρχεται
2826 4859 2958 4931 γὰρ,
2991 4856 3177 4928 φησιν,
3210 4854 3351 4921 ὥρα,
3369 4853 3457 4905 ὅτε
3484 4849 3605 4903 οὒτε
3634 4850 3686 4900 ἐν

2138 4960 2205 5013 ἰε
2215 4958 2554 5030 ροσολύμοις,
2567 4954 2693 5009 οὔτε
2714 4951 2949 5007 ἐνταῦθα
2966 4946 3476 5021 προσκυνηθήσεται
3496 4945 3523 4995 ὁ
3539 4940 3683 5002 Θεὸς.

2124 5052 2198 5106 Σὺ
2232 5050 2334 5123 μὲν
2360 5049 2495 5120 γὰρ,
2526 5047 2682 5117 φησι,
2712 5042 3036 5107 σπουδάζεις
3076 5038 3247 5104 δεῖξαι
3279 5034 3348 5089 τὰ
3380 5034 3491 5088 τῶν
3513 5033 3683 5123 Eupa-

2127 5120 2322 5217 ρειτῶν
2350 5140 2673 5211 ἐντιμότερα
2706 5135 2813 5190 τῶν
2841 5132 2989 5203 παρὰ
3011 5133 3123 5194 τοῖς
3151 5128 3433 5190 Ἰουδαίοις
3459 5141 3475 5155 ⁸
3506 5121 3614 5192 ἐγὼ
3633 5120 3687 5173 δὲ

2123 5216 2268 5304 λέγω
2295 5252 2397 5296 σοι,
2420 5234 2503 5286 ὅτι
2531 5229 2656 5284 οὔτε
2686 5228 2880 5292 ταῦτα,
2909 5221 3032 5279 οὔτε
3052 5224 3234 5277 ἐκεῖνα
3258 5219 3442 5291 έχουσι
3469 5216 3530 5268 τὸ
3560 5228 3685 5283 πρε.

2131 5327 2335 5392 σδεῖον,
2367 5325 2481 5381 ἀλλ’
2511 5322 2673 5394 ἑτέρα
2695 5338 2777 5383 τις
2805 5321 2957 5372 ἔσται
2981 5317 3337 5375 κατάστασις.
3367 5306 3683 5380 ἀμφοτέρων

2124 5422 2381 5493 ἀμείνων.
2412 5419 2554 5489 Πλὴν
2585 5418 2680 5472 καί
2705 5412 2847 5468 οὕτω
2872 5412 2996 5476 τοὺς
3027 5407 3317 5471 Ἰουδαίους
3337 5400 3682 5493 σεμνοτέρούς

2120 5489 2230 5567 τῶν
2249 5509 2606 5584 Σαμαρειτῶν
2637 5507 2792 5580 ὑμῶν
2819 5504 3122 5575 ἀποφαίνω.
3164 5502 3353 5573 Ὑμεῖς
3377 5497 3507 5569 γὰρ,
3531 5509 3605 5564 φη
3618 5489 3679 5554 Ξὶο

2128 5787 2228 5840 bus
2258 5785 2395 5855 apud
2443 5785 2701 5852 Millium;
2741 5798 2859 5856 quae
2898 5792 3079 5838 tamen
3124 5778 3262 5836 infra
3296 5779 3669 5847 exponttntnra

2128 5856 2552 5928 Theophylacto.
