3960 6454
283 324 437 398 1237
982 330 1457 413 ,ENARRATIO
1492 328 1574 395 1N
1613 332 2115 395 EVANGELIUM
2157 324 2500 392 JOANNIS.
2542 352 2611 391 τ
2641 321 2811 386 CAP.
2842 325 2937 385 ιν.
3424 316 3561 381 12"8

277 444 673 513 προσκυνεῖτε
774 443 876 497 οὐκ
935 443 1111 497 οἴδατε
1136 461 1149 474 ·
1178 446 1338 515 ἡμεῖς
1365 443 1421 497 δὲ
1446 445 1495 497 οῖ
1549 443 1813 507 Ἰουδαῖοι,
1858 441 1886 493 ὃ

2012 441 2115 494 ιίυὶε
2167 447 2521 500 annumerat,
2576 451 2639 490 eo
2684 436 2828 506 quod
2876 435 3024 504 juxta
3078 433 3383 499 opinionem
3446 451 3563 486 mu-

276 536 555 605 οῖδαμεν.
595 535 823 588 Ἐαυτὸν
875 535 932 587 δὲ
966 538 1103 605 μετὰ
1156 536 1263 591 τῶν
1327 536 1596 589 Ἰουδαίων
1644 534 1890 605 ἀριθμεῖ,

2019 532 2145 586 ieris
2188 530 2445 600 loquitur.
2502 526 2594 581 llla
2664 529 2809 582 enim
2852 526 3225 595 suspicabatur
3282 523 3562 579 Judaicum

277 626 429 679 6-62:.
462 632 612 698 πρὸς
645 627 745 699 τήν
774 627 1029 683 ὑπόνοιαν
1060 627 1161 697 τῆς
1182 629 1439 696 γυναικὸς
1461 627 1781 697 φθέγγεται*
1812 626 1890 689 ὡς

2012 624 2310 692 ιιιοριιειειιι
2356 634 2499 685 esse,
2527 627 2582 674 et
2630 630 2909 687 propterea
2948 616 3078 671 dicit
3110 633 3123 668 :
3164 633 3183 665 ι
3219 613 3326 668 Nos
3373 616 3567 667 adora—

282 720 606 790 προφήτην
644 719 754 790 γὰρ
780 718 1034 772 Ἰουδαῖον
1076 718 1239 773 αὐτὸν
1273 720 1489 772 ὑπενόει
1531 718 1741 790 ἐκείνη,
1798 718 1895 771 καὶ

2012 730 2141 770 mus.
2182 733 2202 768 ι
2260 711 2540 779 Quomodo
2601 719 2781 765 autem
2840 709 3187 764 nesciverunt
3232 704 3563 761 Samaritaui

281 810 380 863 διὰ
405 810 585 865 τοῦτό
616 825 753 881 φησι
787 827 800 840 ο
840 828 859 862 t
909 811 1099 882 Ἡμεῖς
1133 811 1575 883 προσκυνοῦμεν.
1620 830 1638 863 ι
1677 809 1801 873 Πῶς
1838 809 1894 862 δὲ

2012 807 2137 875 ptod
2178 801 2683 860 adorarunt?Loco
2739 801 3001 870 putabant
3048 797 3296 855 concludi
3346 798 3512 852 Deum
3549 814 3561 847 :

278 901 394 954 οὒκ
453 903 688 973 ᾔδεισαν
717 903 768 956 οἱ
826 901 1167 975 Σαμαρεῖται
1219 902 1247 955 ὃ
1285 902 1693 974 προσεκύνουνς
1729 902 1895 972 Τόπῳ

2012 900 2118 954 .deo
2139 908 2195 954 et
2229 913 2349 953 cum
2378 897 2676 959 misissent,
2712 894 2988 963 quandoa
3041 885 3289 946 leonibus
3337 890 3567 946 devora-

281 989 724 1058 περικλείεσθαι
754 990 1002 1059 ἐνόμιζον
1039 991 1134 1045 τὸν
1191 990 1349 1044 Θεόν.
1388 991 1479 1044 Διὸ
1508 990 1601 1044 καὶ
1644 990 1896 1060 πέμψαν-

2012 1000 2216 1056 bantur,
2250 1000 2307 1046 ut
2329 1005 2491 1061 supra
2522 990 2724 1044 dictum
2753 985 2910 1058 557
2939 994 3047 1053 est,
3074 995 3131 1040 et
3159 983 3569 1038 annuntiasscnt

282 1097 407 1146 τες,
454 1083 555 1137 ὅτε
593 1082 697 1136 ὑπὸ
719 1082 826 1137 τῶν
856 1082 1087 1137 λεόντων
1124 1082 1653 1154 κατεϐιϐρώσκοντο,
1682 1083 1756 1147 ὠς
1786 1082 1897 1137 ἄνω

2012 1085 2110 1156 regi
2148 1086 2497 1155 Assyriorum
2531 1098 2589 1139 sc
2610 1097 2640 1137 a
2672 1080 2781 1137 Deo
2809 1082 2908 1136 loci
2941 1096 3043 1135 non
3058 1078 3255 1147 suscipi
3280 1096 3292 1130 :
3316 1076 3384 1131 ibi
3414 1092 3568 1129 mau-

283 1175 559 1244 εἴρηται,
593 1175 940 1247 ἀπήγγειλαν
973 1176 1050 1246 τῷ
1083 1175 1295 1247 βασιλεῖ
1326 1177 1434 1231 τῶν
1458 1175 1783 1247 Ἀσσυρίων,
1816 1176 1897 1230 ὅτι

2012 1184 2187 1232 serunt
2252 1174 2420 1230 multo
2480 1183 2742 1242 tempore,
2781 1180 2830 1227 et
2863 1171 3143 1229 coluerunt
3196 1169 3355 1232 idola,
3384 1177 3436 1223 et
3463 1183 3567 1221 non

286 1267 317 1320 ὁ
342 1266 446 1319 τοῦ
484 1266 661 1320 τόπου
682 1266 815 1331 Θεὸς
847 1267 1045 1330 αὐτοὺς
1077 1267 1138 1320 οὐ
1175 1268 1565 1338 παραδέχεται.
1602 1266 1796 1320 Ἔνθεν
1817 1284 1899 1320 τοι

287 1357 393 1410 καὶ
421 1356 660 1426 ἔμειναν
693 1358 821 1429 ἄχρι
871 1358 1069 1412 πολλοῦ
1102 1360 1196 1413 καὶ
1228 1361 1425 1414 εἴδωλα
1477 1360 1900 1432 θεραπεύοντες,

288 1448 393 1500 καὶ
421 1446 537 1501 οὐκ
567 1448 730 1501 αὑτὸν
752 1448 809 1501 δὲ
842 1449 933 1502 τὸν
959 1448 1113 1505 Θεόν.
1151 1449 1393 1503 Ἰουδαῖοι
1418 1449 1477 1503 δὲ
1528 1449 1730 1520 ταύτης
1759 1444 1902 1519 ἦσαν

289 1539 731 1612 ἀπηλλαγμένοι
769 1542 867 1612 τῆς
899 1541 1176 1607 ὑπονοίας,
1212 1542 1308 1595 καὶ
1340 1541 1474 1595 Θεὸν
1506 1542 1615 1595 τῶν
1644 1542 1900 1596 ἁπάντιιιν

291 1632 471 1686 αὐτὸν
521 1634 767 1705 ᾔδεισαν,
809 1636 970 1688 είκαὶ
1010 1634 1088 1705 μὴ
1129 1636 1348 1699 πάντες.
1385 1652 1406 1686 ι
1437 1635 1621 1703 ’Ὀτιή
1653 1634 1898 1704 σωτηρία

288 1727 361 1779 ὲκ
390 1724 512 1779 τῶν
545 1725 816 1781 Ἰουδαίων
842 1726 979 1782 ἐστί.
1010 1746 1028 1778 ι
1051 1727 1255 1797 Διπλῆν
1278 1727 1484 1781 ἔννοιαν
1502 1727 1659 1781 τοῦτο
1682 1727 1900 1781 δίδωσιν

2002 1271 2183 1339 ipsum
2234 1281 2447 1338 quoque
2493 1281 2679 1324 verum
2709 1266 2900 1321 Deum.
2933 1263 3104 1320 Judaei
3141 1271 3319 1318 autem
3366 1263 3433 1316 ab
3469 1261 3570 1315 hoc

2001 1374 2189 1416 errore
2214 1360 2367 1415 liberi
2402 1359 2643 1426 fuerunt,
2668 1368 2726 1415 et
2750 1359 3024 1416 sciverunt
3054 1370 3179 1412 esse
3212 1368 3377 1409 unum
3402 1353 3568 1407 Deum

1997 1455 2268 1518 monium,
2303 1455 2518 1509 tametsi
2574 1467 2677 1508 non
2733 1466 2939 1508 omnes.
2972 1470 2992 1502 ι
3033 1449 3167 1516 Quia
3193 1447 3338 1504 salus
3370 1461 3435 1501 ex
3471 1444 3570 1499 Ju-

2001 1545 2131 1601 daeis
2175 1554 2279 1601 est.
2322 1563 2340 1597 ι
2395 1544 2669 1612 Duplicem
2713 1558 2931 1600 sensum
2998 1542 3100 1597 hoc
3136 1540 3293 1594 nobis
3334 1538 3446 1592 dat.
3480 1535 3573 1590 Vel

2001 1640 2144 1693 enim
2177 1638 2321 1709 quod
2365 1638 2484 1696 orbi
2519 1654 2584 1694 ex
2608 1636 2810 1694 Judaeis
2843 1638 2984 1693 bona
3007 1633 3354 1705 provenerint
3384 1646 3399 1683 :
3430 1631 3574 1685 seire

2002 1732 2146 1786 enim
2197 1730 2385 1799 Deum,
2415 1738 2471 1786 et
2516 1739 2865 1785 contemnere
2922 1727 3086 1793 idola,
3114 1725 3239 1781 inde
3287 1724 3571 1780 exordium

293 1817 465 1886 ἡμῖν.
491 1817 568 1870 Ἦ
601 1817 706 1888 γὰρ
746 1819 832 1872 ὅτι
874 1821 941 1890 τῇ
997 1819 1293 1891 οἰκουμένῃ
1333 1818 1401 1872 τὰ
1435 1817 1629 1886 ἁγαθὰ
1673 1818 1738 1872 ἐκ
1791 1816 1901 1871 τῶν

2012 1821 2271 1888 habuere,
2307 1822 2521 1893 aliaque
2547 1822 2730 1879 omnia
2755 1835 2886 1876 sana
2912 1821 3165 1891 dogmata
3196 1835 3211 1872 :
3243 1816 3406 1872 etiam
3456 1816 3570 1885 ipsa

307 1907 606 1963 Ἰουδαίων
651 1908 843 1978 γέγονε
897 1911 978 1980 (τὸ
1015 1912 1127 1982 γὰρ
1182 1911 1382 1964 εἰδέναι
1412 1910 1567 1974 Θεὸν,
1592 1916 1688 1964 καὶ
1727 1927 1899 1965 κατα-

295 1997 612 2065 γινώσκειν
636 2000 890 2064 εἰδώλων,
922 2001 1135 2055 ὲκεῖθεν
1163 2000 1261 2074 τὴν
1311 2002 1487 2073 ἀρχὴν
1512 2001 1660 2073 ἔσχε,
1683 2003 1778 2055 καὶ
1832 2002 1900 2054 τὰ

292 2088 446 2144 ἄλλα
479 2091 664 2145 πάντα
700 2092 968 2163 δόγματα,
993 2094 1092 2147 καὶ
1118 2094 1249 2146 αὐτὸ
1275 2094 1331 2147 δὲ
1346 2093 1504 2147 τοῦτο
1532 2094 1706 2163 τὸτῆς
1733 2111 1904 2165 προσ-

297 2182 600 2253 κυνήσεως
630 2184 760 2255 παρ’
789 2186 928 2256 ἡμῖν
954 2184 1029 2256 (a)
1057 2187 1169 2249 τοῖς
1200 2185 1592 2256 Σαμαρείταις,
1615 2187 1663 2239 εί
1693 2187 1788 2239 καὶ
1825 2188 1900 2257 μὴ

298 2272 517 2341 ὀρθῶς,
549 2275 656 2329 ἀπὸ
687 2276 817 2344 γοῦν
844 2276 951 2333 τῶν
981 2276 1252 2330 Ἰουδαίων
1303 2278 1403 2347 τὴν
1457 2277 1634 2346 ἀρχὴν
1692 2276 1895 2348 ἔσχεν)⁸

2003 1914 2273 1980 adoratio,
2304 1930 2424 1985 quae
2476 1917 2618 1985 apud
2649 1930 2745 1971 vos
2772 1912 3165 1976 Samaritanus,
3191 1910 3409 1967 tametsi
3463 1924 3570 1963 non

2005 2016 2151 2060 recta
2176 2006 2360 2070 fuerit,
2394 2020 2423 2063 a
2444 2006 2644 2062 Judacis
2680 2005 2943 2074 originem
2998 2003 3150 2058 duxit
3187 2020 3201 2057 :
3233 2000 3315 2056 vel
3341 2000 3572 2056 salutem

2006 2096 2252 2153 nominat
2305 2112 2460 2152 suum
2506 2098 2817 2163 adventum,
2855 2095 2946 2166 qui
2981 2108 3048 2150 ex
3091 2093 3287 2150 ludatis
3322 2091 3445 2146 fuit.
3476 2090 3575 2146 Po-

2004 2200 2109 2246 test
2140 2198 2318 2246 autem
2359 2202 2415 2247 et
2451 2190 2710 2247 Dominus
2731 2188 2987 2261 ipse'dici
3017 2187 3182 2252 salus,
3209 2185 3343 2256 quia
3376 2200 3442 2241 ex
3473 2181 3573 2239 Ju-

2008 2280 2139 2334 daeis
2172 2279 2273 2335 fuit
2299 2281 2594 2345 secundum
2624 2294 2869 2336 carnem.

300 2366 339 2444 ᾗ
372 2370 660 2440 σωτηρίαν
687 2371 788 2442 τὴν
824 2371 1029 2424 οἰκείαν
1062 2371 1366 2441 παρουσίαν
1391 2370 1825 2442 ὀνομάζεινῆτις
1865 2373 1931 2425 ἐκ
1968 2372 2079 2427 τῶν
2126 2374 2396 2427 Ἰουδαίων
2447 2375 2694 2443 γέγονεν.
2725 2374 2882 2429 Ἐστι
2909 2371 2966 2426 δὲ
2995 2371 3088 2427 καὶ
3120 2371 3282 2426 αὑτὸν
3334 2371 3427 2427 τὸν
3462 2368 3580 2424 Κύ-

306 2482 433 2537 ριον
467 2462 747 2534 σωτηρίαν
792 2463 1005 2534 νοῆσαι,
1036 2462 1095 2525 ὸς
1123 2462 1339 2532 ἐγένετο
1384 2462 1450 2516 ὲκ
1475 2462 1586 2516 τῶν
1627 2463 1901 2518 Ἰουδαίων
1935 2464 1997 2518 τὸ
2026 2466 2168 2520 κατὰ
2199 2467 2398 2537 σάρκα.

387 2573 410 2607 c
468 2553 611 2609 Ἀλλ’
636 2553 857 2625 ἔρχεται
883 2550 1026 2624 ὥρα,
1063 2553 1158 2608 καὶ
1208 2551 1304 2607 νῦν
1347 2551 1518 2618 ἔστιν,
1545 2551 1635 2607 ὅτε
1659 2555 1709 2608 oi
1758 2552 1893 2625 ἀλη-

2071 2542 2351 2622 Vsas.23,
2406 2538 2555 2615 ωδ(
2620 2556 2727 2613 Sed
2774 2555 2920 2611 venit
2983 2555 3137 2623 hora,
3179 2566 3233 2610 et
3281 2570 3422 2609 nunc
3467 2564 3570 2608 est:

308 2645 460 2699 θινοὶ
527 2644 906 2715 προσκυνηταὶ
966 2645 1411 2717 προσκυνήσουσι
1470 2643 1550 2714 τῷ
1614 2644 1785 2716 Πατρὶ
1839 2646 1897 2699 ὲν

2012 2649 2214 2717 ptanda
2244 2648 2356 2705 veri
2379 2649 2697 2703 adoratores
2722 2643 3256 2701 adorabuutPatrem
3287 2645 3339 2698 in
3374 2644 3568 2711 spiritu

305 2738 598 2809 πνεύματι
630 2738 723 2793 καὶ
748 2738 1011 2810 ἀληθεία*
1042 2739 1270 2810 καὶγὰρ
1326 2740 1353 2792 ὁ
1386 2736 1575 2810 Πατὴρ
1621 2740 1897 2804 τοιούτους

2012 2756 2063 2797 te
2091 2742 2337 2798 veritate.
2375 2741 2506 2797 Nam
2533 2749 2587 2798 et
2635 2740 2793 2796 Pater
2834 2738 2972 2794 tales
2997 2738 3192 2807 quaerit
3217 2736 3310 2807 qui
3347 2737 3575 2792 adorent

308 2832 477 2902 ζητεῖ
503 2831 632 2895 τοὺς
689 2831 1134 2902 προσκυνοῦντας
1182 2832 1364 2887 αὑτόν;
1396 2832 1622 2903 Πνεῦμα
1674 2833 1703 2887 ὁ
1742 2832 1897 2899 Θεὸς,

311 2923 412 2975 καί⁸
442 2922 576 2984 τοὺς
600 2921 1037 2993 προσκυνοῦντας
1066 2923 1249 2987 αὐτὸν,
1279 2923 1337 2974 ὲν
1354 2923 1625 2992 πνεύματι
1650 2921 1749 2975 καὶ
1774 2921 1906 2991 ἀλη-

317 3015 447 3086 θείᾳ.
480 3015 564 3069 δεῖ
594 3017 942 3086 προσκυνεῖν.
988 3034 1007 3068 ι
1042 3015 1103 3068 El
1135 3016 1229 3068 uati.
1262 3014 1424 3068 πλέον
1451 3014 1607 3084 ὑμῶν
1654 3013 1764 3067 τῶν
1792 3012 1901 3066 Σα-

321 3106 614 3176 μαρειτῶν
644 3106 841 3177 ἔχομεν
889 3108 1050 3177 ἡμεῖς
1081 3109 1139 3161 ὀἱ
1184 3109 1430 3162 Ἰουδαῖοι
1483 3107 1562 3178 τῷ
1592 3108 1777 3178 τρόπῳ
1804 3108 1902 3178 τῆς

318 3200 779 3269 προσκυνήσεως,
836 3198 971 3251 ἀλλὰ
1030 3198 1227 3251 καὶτὰ
1279 3199 1385 3252 τῶν
1450 3200 1720 3254 Ἰουδαίων
1748 3199 1904 3264 τέλος

313 3284 437 3357 ’ἕξει
472 3290 681 3342 λοιπόν.
723 3289 798 3342 Οὐ
849 3290 959 3360 γὰρ
988 3290 1057 3342 τὰ
1103 3291 1213 3344 τῶν
1268 3291 1450 3346 τόπων
1504 3292 1907 3364 ἁμειφθήσεται

322 3382 516 3450 μόνον,
549 3380 687 3435 ἀλλὰ
718 3381 813 3434 καὶ
844 3381 913 3435 τὰ
946 3382 1040 3435 τοῦ
1101 3383 1307 3452 τρόπου
1362 3385 1458 3454 τῆς
1488 3385 1745 3457 λατρείας
1770 3403 1784 3417 '
1812 3386 1908 3441 καὶ

318 3472 509 3525 ταῦτα
536 3472 631 3525 ἐπὶ
661 3471 854 3542 θύραις
883 3472 1174 3543 ἐφέστηκε,
1212 3474 1303 3527 καὶ
1327 3474 1422 3529 νῦν
1457 3475 1604 3545 licet)
1630 3491 1643 3505 '
1680 3476 1742 3529 οὐ
1772 3476 1904 3547 γὰρ,

316 3562 401 3627 ὡς
428 3562 504 3617 τὰ
541 3562 695 3633 παρὰ
748 3562 859 3617 τῶν
893 3565 1194 3635 προφητῶν
1245 3567 1536 3636 εἰρημένα,
1594 3569 1906 3639 παράτασιν

323 3657 590 3727 χρονικὴν
616 3654 898 3725 λήψονται.
935 3657 1246 3727 Ἀληθινοὺς
1269 3657 1325 3710 δὲ
1350 3661 1729 3729 προσκυνητάς
1775 3678 1907 3732 φησι

322 3748 459 3812 τοὺς
511 3747 654 3801 κατὰ
689 3747 780 3802 τὸν
826 3747 993 3803 αὑτοῦ
1040 3751 1204 3820 νόμον
1233 3750 1703 3822 πολιτευομένους,
1755 3752 1804 3805 οἳ
1844 3753 1906 3806 οὐ

323 3844 483 3912 τόπῳ
534 3841 905 3911 περικλείουσι
954 3842 1047 3896 τὸν
1097 3844 1252 3909 Θεὸν,
1287 3843 1362 3907 ὡς
1396 3845 1445 3896 οί
1474 3845 1834 3915 Σαμαρεῖται,
1873 3845 1907 3916 ἢ

324 3932 562 4004 λατρεία
583 3932 977 4005 θεραπεύουσιν
1012 3933 1173 3987 αὑτὸν
1198 3939 1511 4006 σωματικῇ,
1534 3936 1609 4000 ὡς
1642 3936 1907 4001 Ἰουδαῖοι,

327 4024 451 4078 ἀλλ’
506 4026 566 4078 ὲν
604 4023 878 4094 πνεύματι
918 4024 1013 4079 καὶ
1065 4025 1316 4098 ἀληθείᾳ,
1367 4027 1616 4081 τουτέστι
1667 4028 1755 4082 διὰ
1807 4028 1909 4096 τῆς

325 4114 531 4184 ψυχῆς,
571 4115 660 4168 διὰ
693 4116 793 4184 τῆς
819 4113 914 4169 τοῦ
946 4115 1067 4179 νοὸς
1101 4117 1497 4188 καθαρότητος.
1540 4118 1695 4171 Ἐπεὶ
1736 4118 1844 4191 γὰρ
1881 4122 1909 4172 ὁ

324 4208 468 4271 Θεὸς
500 4207 719 4278 πνεῦμά.
771 4210 911 4276 ἐστι,
948 4212 1229 4265 τουτέστιν
1268 4209 1582 4283 ἀσώματος,
1638 4212 1722 4266 δεῖ
1746 4211 1911 4267 αὐτὸν

332 4303 664 4371 προσκυνεῖν
718 4302 1046 4373 ἁσωμάτως,
1082 4304 1111 4356 ὃ
1158 4304 1274 4357 ἔστι
1318 4305 1461 4357 κατά
1508 4303 1708 4375 ψυχήν.
1741 4303 1911 4357 Τοῦτο

330 4393 445 4459 γὰρ
475 4389 563 4443 διὰ
583 4388 699 4455 τοῦ,
743 4409 761 4441 ι
817 4393 874 4443 ὲν
904 4392 1198 4463 πνεύματι,
1236 4411 1255 4445 ι
1307 4394 1491 4464 δηλοῖ·
1534 4396 1627 4447 καὶ
1655 4393 1765 4464 γὰρ
1815 4393 1911 4447 καὶ

2002 2834 2199 2903 ipsum.
2228 2831 2464 2903 Spiritus
2518 2842 2601 2888 est
2650 2830 2812 2896 Deus,
2841 2839 2897 2887 et
2926 2845 3020 2886 eos
3043 2829 3137 2899 qui
3168 2829 3395 2883 adurant
3427 2842 3576 2891 etint,

2008 2925 2063 2979 in
2091 2925 2283 2995 spiritu
2342 2940 2405 2981 ac
2441 2926 2671 2980 veritate
2731 2930 2944 2994 oportet
2979 2921 3227 2978 adorare.
3263 2939 3281 2971 ι
3322 2918 3581 2985 Quamvis

2015 3032 2113 3072 nos
2138 3015 2334 3084 Judtei,
2365 3026 2624 3087 quantum
2653 3019 2720 3071 ad
2746 3015 2962 3070 modum
3005 3012 3335 3069 adorationis
3363 3011 3575 3071 attinet,

2011 3108 2132 3177 plus
2166 3108 2463 3164 habeamus
2513 3123 2673 3178 quam
2729 3123 2825 3163 vos
2855 3106 3202 3170 Samaritaui,
3254 3113 3487 3158 attamen
3524 3112 3581 3157 et

2010 3218 2098 3260 res
2124 3202 2432 3258 Judaaorum
2468 3217 2610 3256 nunc
2635 3202 2795 3256 tinem
2826 3200 3086 3255 habitura:
3119 3206 3264 3254 sunt.
3301 3196 3416 3251 Non
3436 3197 3579 3250 enim

2009 3297 2064 3352 in
2103 3297 2236 3353 solis
2270 3296 2404 3353 locis
2430 3300 2656 3351 mutatio
2684 3297 2812 3361 erit,
2843 3294 2936 3351 sed
2960 3303 3013 3349 et
3044 3292 3234 3347 modus
3264 3292 3471 3347 colendi
3498 3290 3580 3344 al-

2011 3392 2273 3445 terabitur
2306 3409 2319 3445 :
2349 3400 2402 3444 et
2425 3390 2538 3444 lucc
2570 3390 2622 3444 iu
2657 3387 2859 3443 foribus
2891 3395 3036 3452 sunt,
3064 3396 3118 3440 et
3151 3399 3293 3438 nunc
3317 3394 3399 3438 est
3424 3384 3578 3437 hora.

2009 3482 2127 3537 Non
2158 3481 2300 3537 enim
2335 3481 2477 3538 sicut
2503 3495 2564 3535 ea
2603 3495 2725 3550 qua:
2771 3492 2803 3533 a
2837 3478 3111 3547 prophetis
3144 3477 3285 3532 dicta
3340 3476 3393 3530 in
3457 3475 3582 3529 lon-

2010 3588 2135 3641 gum
2169 3581 2376 3641 tempus
2427 3570 2768 3627 diﬂ‘erentur.
2828 3567 2994 3624 Veros
3035 3576 3216 3623 autem
3268 3567 3583 3622 adoratores

2012 3663 2143 3718 dicit
2175 3676 2272 3718 eos
2327 3661 2418 3730 qui
2466 3663 2764 3717 secundum
2810 3658 2982 3728 ipsius
3033 3658 3204 3727 legem
3236 3656 3445 3720 vivunt,
3486 3654 3580 3724 qui

2012 3769 2117 3808 non
2157 3752 2275 3808 loco
2296 3752 2477 3821 aliquo
2505 3751 2783 3807 includunt
2814 3748 2981 3805 Deum
3025 3749 3165 3802 sicut
3225 3744 3577 3809 Samaritaui,

2013 3842 2095 3898 vel
2124 3843 2270 3897 cultu
2307 3841 2489 3897 colunt
2515 3840 2808 3912 corporali,
2842 3840 2983 3895 sicut
3019 3835 3188 3893 Judaei
3229 3836 3361 3892 :sed
3388 3836 3583 3905 spiritu

2010 3945 2066 3992 et
2132 3937 2378 4000 veritate,
2441 3935 2542 3991 hoc
2575 3942 2679 3995 est.
2728 3948 2826 4004 per
2868 3934 3123 3994 animam,
3155 3946 3251 3999 per
3295 3929 3582 3999 puritatem

2014 4027 2228 4083 mentis.
2263 4027 2399 4094 Quia
2429 4026 2575 4082 enim
2607 4026 2745 4082 Deus
2768 4025 2988 4095 spiritus
3010 4033 3113 4091 est,
3142 4024 3247 4079 hoc
3277 4031 3365 4077 est
3401 4022 3585 4077 incor-

2015 4135 2233 4188 poreus,
2266 4127 2479 4188 oportet
2502 4121 2678 4189 ipsum
2722 4118 2950 4174 adorare
2974 4115 3410 4186 incorporaliter,
3434 4116 3583 4170 vide-

2013 4213 2139 4268 licet
2177 4212 2228 4266 in
2257 4211 2456 4265 anima.
2486 4210 2600 4267 Hoc
2633 4210 2777 4265 enim
2811 4208 3100 4279 signiﬁcat,
3126 4210 3178 4261 itt
3210 4208 3425 4277 spiritu.
3452 4208 3579 4261 Etc-

2015 4307 2124 4361 nim
2156 4306 2333 4360 anima
2356 4305 2578 4376 spiritus
2597 4314 2681 4360 est
2707 4304 3079 4373 incorporeus.
3112 4303 3379 4368 Quoniam
3406 4311 3585 4354 autem

2017 4398 2169 4451 multi
2202 4398 2451 4451 videntur
2473 4398 2702 4452 adorare
2725 4396 2776 4450 in
2807 4396 3007 4460 anima,
3039 4409 3145 4449 non
3176 4403 3355 4448 tamen
3383 4402 3583 4448 ret-tam

333 4481 581 4551 πνεῦμα,
643 4483 737 4538 καὶ
794 4481 1085 4552 ἀσώματον
1119 4486 1152 4554 ἡ
1212 4484 1381 4555 ψυχή.
1428 4486 1583 4539 Ἑπεὶ
1635 4488 1690 4539 δὲ
1727 4485 1905 4539 πολλοὶ

2020 4492 2218 4547 habent
2251 4491 2556 4554 scientiam,
2588 4490 2730 4544 sicut
2770 4487 3006 4543 haeretici
3048 4504 3063 4541 :
3105 4487 3227 4540 ideo
3269 4484 3496 4547 addidit,
3534 4496 3587 4535 rt

333 4569 557 4624 δοκοῦσι
590 4571 690 4640 μὲν
715 4572 879 4626 αὐτὸν
912 4576 1236 4642 προσκυνεῖν
1270 4575 1413 4628 κατὰ
1438 4565 1637 4646 ψυχὴν,
1683 4576 1784 4629 οὐκ
1815 4575 1913 4645 ὀρ-

337 4664 439 4734 θὴν
467 4664 524 4717 δὲ
562 4663 721 4728 δόξαν
762 4663 892 4735 περὶ
913 4664 1080 4718 αὑτοῦ
1121 4665 1359 4736 ἔχουσιν,
1408 4666 1484 4728 ὼς
1515 4667 1565 4719 οί
1620 4667 1909 4736 αἱρετικοὶ,

328 4756 426 4807 διὸ.
450 4753 609 4808 τοῦτο
641 4754 949 4826 προσέθηκε
996 4756 1080 4819 τὸ,
1121 4775 1139 4808 ι
1206 4758 1263 4809 ὲν
1308 4755 1560 4827 ἀληθείᾳ.
1618 4774 1637 4809 ι
1675 4758 1766 4809 Δεῖ
1800 4756 1911 4828 γὰρ

343 4847 441 4898 καὶ
470 4846 611 4899 κατὰ
643 4846 767 4899 νοῦν
806 4849 1134 4917 προσκυνεῖν
1154 4847 1231 4917 τῷ
1257 4846 1399 4917 Θεῷ,
1427 4846 1563 4901 ἀλλὰ
1600 4849 1693 4900 καὶ
1732 4847 1907 4918 ἀληθῆ

332 4939 500 5005 δόξαν
527 4939 653 5008 περὶ
681 4937 845 4991 αὑτοῦ
870 4938 1035 5009 ἔχειν.
1061 4940 1214 5010 Τάχα
1237 4940 1293 4993 δέ
1318 4957 1402 5003 τις
1444 4942 1579 5011 ἐρεῖ,
1606 4940 1689 4994 ὅτι
1726 4940 1795 4995 τὰ
1816 4940 1911 4993 δύο

343 5031 439 5100 τῆς
480 5030 603 5084 καθ’
633 5032 780 5101 ἡμᾶς
813 5030 1131 5100 φιλοσοφίας
1159 5029 1393 5085 ἐνταῦθα
1417 5033 1556 5105 μέρη
1592 5033 1906 5099 αἰνίττεται,

343 5123 542 5193 πρᾶξιν
565 5123 709 5193 λέγω
736 5123 831 5177 καὶ
870 5124 1124 5196 θεωρίαν,
1172 5125 1259 5178 διὰ
1288 5125 1396 5189 τῶν
1435 5124 1528 5178 δύο
1554 5125 1756 5179 τούτων
1777 5141 1789 5155 ’
1822 5124 1911 5179 διὰ

346 5217 448 5285 μὲν
480 5215 596 5280 τοῦ,
636 5234 655 5267 ι
694 5218 751 5269 ὲν
781 5217 1072 5285 πνεύματι,
1103 5218 1198 5271 ιτὸ
1220 5217 1543 5289 πρακτικόν.
1585 5216 1772 5271 (Ὅσοι
1803 5219 1911 5287 γὰρ

342 5306 615 5376 πνεύματι
644 5308 778 5362 Θεοῦ
832 5309 1076 5377 ἄγονται,
1110 5311 1205 5373 τὰς
1234 5309 1463 5382 πράξεις
1512 5308 1607 5363 τοῦ
1660 5308 1911 5379 σώματος

343 5397 686 5460 θανατοῦσι,ι
721 5401 862 5452 κατὰ
898 5401 989 5455 τὸν
1008 5400 1150 5455 θεῖον
1192 5401 1519 5456 Ἀπόστολον
1542 5416 1557 5433 ·
1589 5402 1684 5455 καὶ
1721 5400 1906 5457 πάλιν·

350 5508 371 5543 ι
419 5492 485 5545 Ἥ
516 5490 672 5562 σὰρξ,
730 5491 985 5563 ἐπιθυμεῖ
1027 5495 1170 5548 κατά
1229 5495 1322 5549 τοῦ
1364 5494 1712 5566 πνεύματος·
1744 5496 1805 5549 τὸ
1853 5494 1911 5549 δὲ

415 5648 433 5678 ³
470 5648 624 5704 ηοω.
658 5666 774 5718 vm,
805 5652 888 5707 l4.
972 5658 987 5683 ³
1022 5654 1140 5707 Gal.
1170 5670 1220 5719 v,
1260 5653 1339 5707 l7.

416 5772 490 5840 ((ι)
539 5770 694 5843 ἠμῖν
718 5786 816 5843 pro
851 5772 998 5842 ὑμῖν.

2019 4583 2072 4635 in
2113 4583 2362 4635 veritate.
2394 4580 2622 4649 Oportet
2657 4579 2801 4633 enim
2821 4587 2875 4632 et
2903 4583 3081 4630 mente
3121 4576 3351 4629 adorare
3393 4572 3583 4635 Deum,

2016 4682 2070 4727 ct
2096 4686 2285 4725 sanam
2319 4671 2628 4741 opinionem
2656 4670 2723 4725 de
2767 4671 2886 4739 ipso
2915 4667 3137 4721 habere.
3173 4662 3449 4719 Fortassis
3478 4678 3582 4714 au-

2014 4772 2124 4818 tem
2157 4762 2425 4831 quispiam
2451 4761 2614 4827 dicet,
2647 4761 2788 4829 quod
2820 4759 2938 4812 dua:
2962 4765 3143 4827 partes
3170 4766 3369 4811 nostra:
3403 4751 3583 4821 philoa

2014 4854 2221 4924 sophia:
2245 4852 2331 4907 hic
2354 4852 2717 4914 insinuentur,
2747 4849 2930 4918 praxis
2964 4847 3087 4901 dico
3109 4852 3165 4901 et
3193 4842 3585 4911 contemplatio

2018 4961 2114 5016 per
2152 4947 2256 4999 duo
2290 4945 2410 5000 ista.
2446 4941 2579 4997 Nam
2599 4958 2722 4997 eum
2756 4941 2907 5004 dicit,
2950 4940 3032 4994 (in
3074 4938 3320 5007 spiritu,»
3349 4936 3587 5007 practice

2019 5039 2264 5093 docetur.
2303 5056 2322 5089 r
2357 5035 2679 5106 Quicunque
2706 5036 2851 5089 enim
2875 5033 3071 5103 spiritu
3095 5031 3189 5086 Dei
3225 5039 3457 5101 aguntur
3482 5029 3525 5093 ³,
3561 5047 3580 5080 ι

2018 5145 2183 5201 opera
2225 5128 2466 5198 corporis
2496 5128 2823 5182 mortiﬁcant
2849 5125 3143 5181 secundum
3172 5122 3415 5178 divinum
3439 5120 3585 5189 Apo-

2020 5223 2237 5288 stolum,
2291 5221 2357 5276 Et
2396 5222 2588 5277 iterum
2634 5237 2649 5275 :
2699 5238 2716 5270 ι
2769 5220 2907 5273 Caro
2945 5216 3281 5287 concupiscit
3325 5215 3586 5269 adversus

2019 5314 2293 5383 spiritum,
2328 5313 2552 5384 spiritus
2584 5322 2762 5368 autem
2798 5322 2984 5365 cutura
3030 5323 3248 5363 carnem
3276 5310 3318 5359 δ.
3351 5325 3371 5359 ι
3412 5306 3478 5360 Et
3513 5306 3582 5359 ita

2019 5406 2255 5473 pret-tice
2314 5404 2618 5461 insinuatur
2659 5417 2752 5475 per
2795 5404 2898 5457 hoc
2945 5402 3088 5471 quod
3126 5399 3277 5462 dicit.
3321 5417 3341 5449 ε
3374 5398 3427 5451 in
3470 5397 3584 5463 spi-

2020 5500 2146 5552 ritu.
2188 5512 2205 5547 ι
2238 5494 2340 5552 Per
2366 5496 2468 5553 hoc
2501 5502 2679 5553 autem
2710 5495 2853 5565 quod
2882 5493 3079 5547 dicitur
3117 5510 3135 5543 ι
3185 5491 3235 5545 in
3264 5488 3522 5559 veritate,
3558 5502 3577 5535 ι
