3960 6454
415 311 553 390 1239

1265 334 1847 399 THEOPHYLACTI
1887 341 2297 403 BULGARI/E
2331 345 2693 410 ARCHIEP.

3516 351 3651 416 123.0

411 437 850 508 contemplativa.
888 441 1058 497 Porro
1088 441 1201 498 haec
1237 454 1291 499 et
1323 443 1527 501 Paulus
1563 448 1717 503 dicit.
1789 468 1808 501 ι
1842 450 1986 520 Epu-

2092 454 2332 525 πνεῦμα,
2364 456 2505 511 κατά
2529 457 2627 527 τῆς
2652 458 2852 528 σαρκός
2885 473 2901 489 ο
2931 476 2952 510 ι
3006 459 3149 513 ὥστε
3196 460 3297 533 τὴν
3351 466 3658 533 πρακτικὴν

413 530 609 598 lemur,
660 530 853 600 inquit,
896 531 949 586 in
1004 535 1210 605 azymis
1265 535 1619 606 sinceritatis,
1664 558 1683 592 ο
1741 538 1843 597 hoc
1877 551 1985 606 est,

412 621 668 690 puritatis
699 622 844 688 vitae,
882 621 935 677 id
966 625 1108 692 quod
1142 636 1227 682 est
1266 629 1534 696 practices
1565 647 1578 684 :
1629 648 1648 681 ι
1695 638 1750 685 et
1786 633 1984 688 verita-

414 711 484 765 tis
514 711 557 774 ⁸,
600 728 620 764 ι
668 711 721 766 id
759 713 908 781 quod
933 717 1029 769 ‘est
1049 717 1531 789 fcontemplativae.
1587 719 1984 793 Contemplatio

411 800 555 854 enim
584 813 881 871 occupatur
904 805 1049 860 circa
1076 808 1359 864 veritatem
1391 812 1651 868 doctrina:
1682 815 1857 873 verbi.
1890 814 1983 870 Vel

412 893 611 949 aliter:
643 894 910 962 Quoniam
963 899 1233 968 peculiare
1259 911 1376 957 erat
1420 902 1776 961 Samaritanis
1815 906 1981 963 Deum

410 985 530 1040 loco
559 986 723 1058 558
759 988 1061 1058 includere,
1089 1003 1143 1046 et
1185 994 1366 1048 dicere
1408 995 1549 1065 quod
1601 997 1655 1052 in
1706 999 1808 1053 hoc
1861 999 1982 1055 loco

408 1087 655 1153 oporteat
712 1081 964 1150 adorare,
1018 1084 1156 1153 apud
1209 1083 1423 1141 Judmos
1459 1096 1639 1145 autem
1709 1091 1890 1146 omnia
1928 1094 1981 1149 in

410 1170 580 1238 ﬁgura
612 1171 634 1204 ⁸
669 1182 725 1228 et
756 1174 943 1229 umbra
984 1175 1207 1244 ﬁebant,
1252 1179 1305 1234 in
1344 1181 1536 1251 spiritu
1606 1184 1857 1248 adorare,
1888 1200 1984 1255 ap-

407 1264 631 1334 ponitur
690 1266 998 1324 adorationi
1049 1270 1520 1329 Samaritanorum
1564 1314 1579 1340 ,
1650 1284 1711 1331 ut
1779 1276 1982 1332 dictum

413 1357 556 1414 hunc
584 1372 803 1415 sensum
827 1360 1024 1418 habeat
1052 1376 1068 1417 :
1100 1362 1211 1419 Vos
1240 1365 1453 1434 quidem
1479 1365 1808 1425 Samaritani
1842 1368 1989 1424 loca-

410 1447 515 1502 lem
547 1449 837 1518 quemdam
870 1452 1075 1509 cultum
1098 1453 1307 1512 oll‘ertis
1338 1456 1467 1522 Deo,
1497 1459 1607 1514 veri
1639 1468 1818 1515 autem
1848 1461 1977 1515 ado-

412 1549 623 1597 ratores
648 1556 753 1598 non
784 1544 1006 1601 localem
1030 1544 1281 1602 oil‘erent.
1307 1546 1365 1604 in
1394 1550 1585 1621 spiritu
1619 1552 1761 1606 enim
1784 1554 1982 1619 colent,

415 1632 519 1688 hoc
544 1642 649 1698 est,
685 1645 865 1693 mente
891 1646 943 1693 et
971 1639 1174 1694 anima.
1213 1639 1321 1696 Sed
1355 1658 1536 1714 neque
1567 1645 1706 1700 sicut
1733 1643 1899 1701 Judaei
1931 1646 1982 1701 in

414 1733 537 1794 typo
567 1733 623 1779 et
648 1724 835 1781 umbra
869 1730 1197 1796 adorabunt,
1220 1732 1312 1787 sed
1341 1732 1395 1787 in
1428 1733 1656 1791 veritate
1694 1736 1856 1807 :quia
1886 1736 1986 1793 Ju-

411 1815 686 1873 daicorum
712 1832 924 1875 morum
952 1829 1005 1876 et
1031 1821 1469 1879 Observationum
1495 1825 1712 1882 futurus
1735 1838 1815 1882 est
1836 1828 1979 1885 linis.

413 1909 684 1981 Fortassis
714 1922 891 1970 autem
915 1915 1141 1974 Judaica
1170 1918 1280 1986 lex,
1310 1921 1610 1977 secundum
1634 1923 1871 1981 litteram
1896 1927 1982 1982 in-

415 2001 649 2068 tellecta,
697 2005 868 2075 ﬁgura
918 2018 1036 2063 erat
1068 2018 1125 2065 et
1178 2011 1391 2066 umbra.
1424 2011 1582 2080 Quod
1613 2013 1830 2079 dicitur,
1873 2034 1891 2069 ι
1929 2018 1981 2072 in

413 2095 605 2165 spiritu
630 2088 677 2164 θ,
706 2112 727 2150 ι
757 2100 1049 2168 opponitur
1074 2101 1289 2158 litterae.
1315 2103 1431 2160 Non
1460 2105 1602 2160 enim
1628 2105 1713 2161 lex
1742 2108 1980 2163 litteram

412 2189 573 2244 nobis
598 2190 942 2259 observatur,
980 2194 1073 2250 sed
1099 2194 1187 2251 lex
1214 2197 1458 2267 spiritus.
1485 2196 1618 2254 Nam
1654 2198 1832 2255 littera
1860 2204 1983 2273 qui-

412 2280 536 2337 dem
558 2282 778 2350 occidit,
812 2283 1045 2355 Spiritus
1073 2298 1253 2343 autem
1284 2288 1541 2345 viviﬁcat.
1583 2291 1648 2344 Et
1684 2292 1825 2362 quod
1852 2292 1985 2347 dici-

412 2381 523 2438 tur,
578 2390 598 2427 ι
633 2372 688 2428 in
723 2376 971 2442 veritate,
1016 2394 1037 2430 ι
1083 2380 1378 2449 opponitur
1424 2365 1630 2436 umbrae
1682 2390 1739 2437 et
1777 2381 1981 2453 ﬁgurae.

420 2482 441 2514 ι
478 2462 636 2520 Venit
674 2464 860 2536 igitur,
897 2467 1090 2537 inquit,
1121 2469 1276 2534 hora,
1314 2489 1333 2522 ι
1383 2470 1493 2525 imo
1538 2486 1684 2528 nunc
1724 2480 1830 2536 est,
1866 2487 1985 2528 cor-

414 2557 617 2624 poralis
658 2559 763 2614 mel
804 2559 1017 2615 scilicet
1067 2561 1331 2618 adventus
1388 2571 1634 2634 tempus.
1687 2581 1706 2616 ι
1761 2564 1984 2635 quando

418 2641 533 2703 veri
587 2648 926 2718 adoratores,
980 2669 1000 2703 ι
1040 2665 1216 2723 neque
1260 2653 1402 2709 sicut
1460 2653 1811 2722 Samaritani,
1877 2671 1985 2712 uno

417 2739 535 2795 loco
560 2740 884 2810 adorabunt,
916 2753 1011 2799 sed
1031 2745 1177 2799 omni
1217 2743 1336 2800 loco
1393 2747 1692 2802 secundum
1733 2747 1983 2818 spiritum

420 2842 473 2884 et
507 2832 928 2904 incorporaliter
962 2834 1334 2891 adorationem
1370 2835 1661 2895 offerentes
1699 2838 1879 2894 :sicut
1921 2847 1979 2895 et

414 2919 617 2978 Paulus
663 2922 795 2979 dicit
827 2940 841 2977 :
877 2941 896 2975 ι
942 2922 1043 2979 Cui
1071 2925 1249 2981 servio
1278 2923 1331 2979 in
1359 2925 1556 2995 spiritu
1587 2942 1708 2982 meo
1733 2926 1778 2994 ⁸,
1810 2945 1830 2980 ι
1873 2943 1984 2993 ,ηεο

416 3027 521 3082 que
552 3014 690 3069 sicut
725 3011 896 3070 Judaei
929 3013 1207 3086 liguralem
1226 3023 1276 3071 et
1306 3017 1644 3073 umbratilem
1676 3015 1983 3075 futurorum

416 3103 750 3159 ostensivum
795 3103 999 3160 cultum
1047 3105 1338 3172 adducent,
1371 3108 1466 3162 sed
1494 3122 1679 3163 verum
1744 3118 1801 3165 et
1846 3108 1981 3164 nihil

420 3194 708 3250 umbratile
746 3195 1055 3253 habentem.
1099 3215 1117 3249 ι
1155 3197 1315 3252 Tales
1342 3198 1488 3253 enim
1538 3200 1734 3270 quaerit
1783 3200 1985 3255 adora-

419 3295 563 3343 tnres
594 3287 761 3353 Deus,
802 3306 823 3340 ι
872 3288 1130 3358 quoniam
1161 3289 1387 3361 spiritus
1412 3298 1517 3359 est,
1552 3290 1887 3362 spirituales,
1932 3300 1986 3346 et

416 3380 545 3449 quia
584 3381 788 3436 veritas
821 3389 924 3445 est,
954 3397 1135 3438 veros.

2084 547 2387 601 αἰνίττεται
2441 547 2530 602 διὰ
2561 547 2678 611 τοῦ,
2714 568 2732 600 ι
2771 548 2829 602 ὲν
2872 549 3145 620 πνεύματι
3169 568 3184 582 ·
3225 569 3245 602 ι
3294 552 3385 606 διὰ
3422 553 3481 606 δὲ
3540 555 3655 619 τοῦ,

2090 656 2109 690 ι
2148 641 2206 691 ἐν
2236 638 2486 711 ἀληθεία,
2519 659 2537 691 ι
2562 640 2624 692 τὸ
2651 639 3003 710 Θεωρητικόν.
3034 640 3221 696 Ταῦτα
3249 643 3305 696 δὲ
3328 644 3421 697 καὶ
3447 645 3658 710 Παῦλός

2084 745 2270 797 φησιν,
2325 729 2455 782 ὅταν
2502 728 2678 799 λέγῃ,
2742 747 2760 780 ι
2812 730 2871 781 ὲν
2923 727 3159 798 ἀζύμοις
3208 729 3586 799 εἱλικρινείας,
3636 751 3652 782 ι

2083 820 2203 892 ἦτοι
2240 819 2609 891 καθαρότητος
2636 820 2774 889 βίου,
2807 818 2837 872 δ
2861 818 2977 873 ἔστι
3013 819 3106 873 τοῦ
3134 821 3468 890 πρακτικοῦ,
3506 840 3526 873 ι
3564 825 3655 876 καὶ

2082 910 2363 982 ἀληθείας,
2391 929 2409 963 ι
2445 910 2473 965 δ
2506 909 2622 964 ἔστι
2644 909 2739 963 τοῦ
2790 908 3125 980 Θέωρητικοῦ
3153 926 3166 939 ·
3201 909 3262 963 τὺ
3307 911 3415 979 γὰρ
3444 910 3653 981 Θεωρη.

2082 1002 2233 1057 τικὸν
2280 1001 2410 1073 περὶ
2433 1003 2531 1070 τὴν
2556 1000 2815 1071 ἀλήθειαν
2839 1002 3186 1070 καταγίνεται
3207 1000 3302 1054 τοῦ
3324 1002 3657 1070 δογματικοῦ

2083 1093 2261 1162 λόγου.
2305 1093 2418 1149 Καὶ
2450 1092 2624 1156 ἄλλως
2648 1108 2664 1122 ⁸
2708 1093 2863 1147 Ἐπεὶ
2886 1093 2996 1146 τῶν
3039 1092 3396 1164 Σαμαρειτῶν
3427 1092 3561 1146 ῖδιον
3592 1091 3657 1161 ἦν

2082 1186 2143 1239 τὸ
2172 1184 2507 1257 περικλείειν
2569 1186 2721 1259 τόπῳ
2776 1186 2868 1240 τὸν
2894 1184 3051 1250 Θεδν,
3101 1186 3193 1239 καὶ
3229 1184 3411 1253 λέγειν
3464 1185 3546 1237 ὅτι
3600 1186 3657 1236 ἐν

2081 1277 2257 1347 τούτῳ
2284 1276 2362 1349 τῷ
2395 1277 2548 1349 τόπῳ
2601 1277 2684 1330 δεῖ
2724 1278 3077 1348 προσκυνεῖν,
3103 1278 3217 1338 τοῖς
3262 1274 3320 1329 δὲ
3385 1276 3658 1337 Ἰουδαίοις

2081 1369 2328 1434 τυπικῶς
2349 1370 2528 1423 πάντα
2552 1369 2785 1423 ἐτελεῖτο
2825 1369 2917 1423 καὶ
2945 1368 3187 1432 σκιωδῶς
3207 1383 3224 1399 ο
3271 1368 3335 1421 τὸ
3382 1369 3503 1437 μὲν,
3549 1385 3571 1420 ι
3601 1369 3657 1421 ἐν

2083 1460 2375 1532 πνεύματι,
2420 1478 2440 1513 ι
2492 1459 2629 1533 πρὸς
2677 1458 3086 1529 ἀντιδιαστολὴν
3143 1457 3252 1512 τῶν
3299 1458 3658 1527 Σαμαρειτῶν

2083 1571 2270 1626 φησιν,
2298 1553 2440 1607 ὥστε
2460 1548 2600 1608 εἶναι
2629 1553 2691 1606 τὺ
2708 1552 2999 1624 λεγόμενον
3022 1550 3282 1605 τοιοῦτον·
3324 1550 3516 1620 Ὑμεῖς
3540 1552 3657 1620 μὲν,

2081 1648 2130 1700 οἱ
2156 1647 2511 1717 Σαμαρεῖται,
2564 1646 2804 1717 τοπικήν
2866 1662 2991 1699 τινα
3037 1643 3298 1715 λατρείαν
3352 1644 3658 1716 προσάγετε

2085 1739 2163 1810 τῷ
2191 1738 2311 1811 Θεῷ
2335 1757 2350 1775 ο
2384 1742 2434 1794 οῖ
2485 1739 2542 1792 δὲ
2588 1738 2833 1809 ἀληθινοὶ
2899 1737 3276 1810 προσκυνηταὶ
3322 1738 3385 1790 οὐ
3427 1739 3658 1804 τοπικὴν

2089 1830 2453 1902 προσάξουσιν
2475 1848 2489 1864 ο
2523 1832 2579 1884 ὲν
2636 1829 2909 1899 πνεύματι
2939 1828 3050 1901 γὰρ
3097 1828 3509 1899 λατρεύσουσιν,
3540 1829 3657 1898 ἦτοι

2085 1922 2162 1994 τῷ
2187 1921 2262 1992 νῷ
2297 1922 2393 1976 καὶ
2418 1923 2483 1991 τῇ
2503 1918 2672 1992 ψυχῇ.
2710 1912 2851 1973 Ἀλλ’
2871 1919 2994 1974 οὐδὲ
3028 1918 3173 1974 κατά
3200 1920 3330 1981 τοὺς
3368 1919 3655 1982 Ἰουδαίους

2086 2015 2142 2066 ὲν
2172 2012 2329 2083 τύπῳ
2361 2013 2456 2067 καὶ
2481 2012 2609 2082 σκιᾷ
2638 2011 3139 2083 προσκυνήσουσιν,
3157 2009 3275 2064 ἀλλ’
3304 2011 3366 2064 ὲν
3402 2009 3651 2079 ἀληθεία,

2085 2099 2175 2158 οἷα
2217 2104 2326 2157 τῶν
2368 2101 2675 2157 Ἰουδαϊκῶν
2733 2100 2871 2155 ὲθῶν
2917 2117 2978 2155 τε
3026 2101 3121 2155 καὶ
3168 2100 3655 2172 παρατηρημάτων

2089 2194 2388 2266 μελλόντων
2416 2192 2807 2262 καταλυθῆναι.
2834 2192 2988 2262 Τάχα
3027 2191 3088 2246 δὲ
3118 2192 3242 2245 επεὶ
3278 2193 3307 2244 ό
3369 2190 3651 2253 Ἰουδαῑκός

2085 2286 2267 2357 νόμος,
2290 2286 2431 2339 κατά
2457 2283 2518 2338 τὸ
2545 2284 2781 2355 γράμμα
2823 2281 3135 2353 νοούμενος,
3185 2281 3359 2341 τύπος
3396 2281 3494 2333 καὶ
3526 2280 3651 2332 σκιά

2083 2372 2174 2449 ἦν,
2210 2376 2345 2448 πρὸς
2373 2372 2779 2444 ἀντιδιαστολὴν
2810 2373 2909 2444 μὲν
2964 2370 3061 2425 τοῦ
3111 2371 3441 2444 γράμματος
3480 2371 3649 2423 κεῖται

2083 2467 2163 2530 τὸ,
2200 2483 2220 2518 ι
2261 2468 2319 2521 ὲν
2352 2463 2645 2535 πνεύματι·
2679 2482 2698 2516 ι
2750 2464 2871 2536 (οὐκ
2904 2462 2985 2516 ἔτι
3005 2462 3115 2535 γὰρ
3142 2462 3172 2515 ό
3201 2460 3296 2515 τοῦ
3325 2460 3649 2530 γράμματπ

2086 2558 2145 2611 ἐν
2174 2558 2306 2628 ἡμῖν
2336 2556 2680 2610 πολιτεύεται
2719 2554 2904 2626 νόμος,
2936 2552 3053 2609 ἀλλ’
3098 2555 3126 2607 ό
3168 2552 3265 2607 τοῦ
3317 2551 3646 2622 πνεύματος·

2093 2670 2111 2703 ι
2148 2651 2223 2703 Τὸ
2256 2649 2358 2721 μὲν
2391 2648 2500 2720 γὰρ
2542 2648 2781 2719 γράμμα
2831 2645 3165 2711 ἀποκτείνει,
3217 2644 3278 2698 τὸ
3333 2643 3392 2695 δὲ
3441 2641 3650 2709 πνεῦμα

2086 2741 2344 2807 ζωοποιεῖ
2370 2755 2384 2771 ·
2426 2735 2475 2809 ι)
2505 2738 2643 2810 πρὸς
2671 2733 3089 2804 ἀντιδιαστολὴν
3138 2733 3196 2786 δὲ
3230 2731 3325 2785 τοῦ
3357 2730 3530 2784 τύπου
3558 2730 3650 2781 καὶ

2084 2835 2184 2903 τῆς
2215 2832 2398 2894 σκιᾶς,
2424 2829 2505 2891 τὸ.
2538 2848 2558 2882 ι
2600 2830 2660 2882 ὲν
2689 2827 2943 2899 ἀληθείᾳ.
2982 2844 3001 2878 ι
3042 2818 3433 2895 Ἐρχεταιαῦν.
3469 2818 3649 2889 φησιν,

2085 2924 2225 2996 ὥρα,
2261 2920 2462 2993 μᾶλλον
2487 2921 2545 2974 δὲ
2575 2921 2669 2975 καὶ
2725 2918 2821 2973 νῦν
2872 2917 3044 2985 ἐστιν,
3071 2917 3099 2968 ὀ
3120 2916 3218 2985 τῆς
3254 2913 3399 2984 ἐμῆς
3451 2909 3649 2981 δηλαδὴ

2089 3015 2410 3088 σωματικῆς
2438 3012 2744 3085 παρουσίας
2764 3009 2981 3081 καιρὸς,
3022 3009 3111 3062 ὅτε
3136 3006 3187 3060 οι
3215 3004 3463 3075 ἀληθινοὶ
3484 3018 3653 3073 προσ-

2087 3107 2313 3180 κυνηταὶ
2341 3106 2466 3160 οὗτε
2502 3105 2645 3159 κατά
2674 3102 3043 3175 Σαμαρείτας,
3081 3102 3138 3154 ὲν
3170 3098 3320 3169 τόπῳ
3363 3096 3448 3148 ἐνὶ
3488 3109 3655 3163 προσ.

2089 3200 2438 3270 κυνήσουσιν,
2463 3194 2576 3250 ἀλλ’
2615 3195 2674 3247 ἑν
2721 3193 2883 3247 παντὶ
2905 3192 3058 3262 τόπῳ
3087 3187 3231 3243 κατά
3271 3184 3520 3254 πνεῦμα.
3559 3181 3651 3238 καὶ

2088 3291 2396 3361 ἀσωμάτως
2441 3286 2542 3359 τὴν
2610 3284 2981 3358 προσκύνησιν
3024 3281 3395 3353 προσάγοντες
3450 3274 3654 3347 (ὥσπερ

2090 3384 2186 3438 καὶ
2214 3381 2424 3446 nasia;
2475 3396 2675 3451 φησιν’
2715 3397 2733 3430 ι
2771 3373 2845 3449 ’ῼ
2888 3375 3138 3447 λατρεύω
3187 3376 3243 3426 ὲν
3273 3371 3351 3442 τῷ
3390 3367 3656 3437 πνεύματί

422 3487 527 3545 μου
570 3475 618 3543 ,)
644 3489 660 3505 .
701 3472 825 3527 οὕτε
872 3473 1018 3528 κατά
1090 3474 1219 3537 τοὺς
1272 3474 1582 3540 Ἰουδαίους,
1623 3476 1880 3548 τυπικὴν,
1931 3476 2025 3531 καὶ
2060 3475 2284 3548 σκιώδη,
2360 3475 2455 3531 καὶ
2499 3473 2609 3528 τῶν
2664 3470 2969 3542 μελλόντων
3013 3463 3354 3538 ἑμφαντικὴν
3398 3460 3650 3531 λατρείαν

420 3563 801 3635 προσάξουσιν,
832 3564 948 3619 ἀλλ’
974 3564 1152 3635 ἀληθῆ
1180 3565 1276 3619 καὶ
1296 3565 1463 3637 μηδὲν
1515 3567 1744 3631 σκιῶδες
1777 3568 2029 3639 ἔχουσαν.
2067 3567 2357 3632 Τοιούτους
2433 3566 2541 3638 γὰρ
2592 3565 2745 3635 ζητεῖ
2802 3562 2931 3627 τοὺς
2980 3556 3365 3631 προσκυνητὰς
3411 3556 3440 3608 ὁ
3486 3552 3616 3614 Θεὸς
3640 3567 3653 3580 ⁸

418 3659 606 3732 ἔπειδὴ
665 3658 882 3732 πνεῦμά
943 3660 1082 3726 ἐστι,
1145 3662 1589 3733 πνευματικοὺς,
1650 3664 1744 3717 καὶ
1791 3664 1982 3737 ἐπειδὴ
2023 3664 2257 3737 ἀλήθειά
2287 3665 2456 3730 ἐστιν,
2485 3658 2798 3733 ἀληθινούς.

392 3782 397 3787 ι
488 3753 651 3809 Vens.
681 3752 873 3808 25~27.
902 3771 924 3807 ι
966 3752 1108 3809 Dicit
1137 3755 1187 3810 ei
1221 3754 1419 3809 mulier
1462 3771 1479 3810 :
1516 3756 1645 3813 Scio
1672 3757 1814 3826 quod
1847 3755 1986 3812 Mes-

418 3846 530 3901 sias
560 3855 821 3902 venturus
842 3855 952 3915 est,
982 3846 1075 3916 qui
1112 3847 1314 3903 dicitur
1345 3847 1597 3904 Christus
1636 3866 1651 3904 :
1689 3866 1813 3905 cum
1853 3866 1985 3922 ergo

388 3946 393 3953 ‘
421 3937 631 3993 venerit
658 3937 774 4005 ille,
814 3937 968 3993 nobis
999 3937 1490 3994 nuntiabitomnia.
1525 3939 1667 3995 Dicit
1698 3941 1746 3995 ei
1780 3940 1981 3998 Iesus:

420 4026 532 4097 Ego
568 4043 687 4083 sum
716 4027 807 4098 qui
840 4027 1033 4098 loquor
1062 4028 1181 4084 tibi.
1217 4027 1284 4083 Et
1326 4029 1587 4085 continuo
1610 4041 1874 4087 venerunt
1899 4032 1982 4087 di-

417 4119 612 4190 scipuli
647 4118 786 4190 ejus.
825 4128 884 4176 et
915 4120 1255 4175 mirabantur
1293 4120 1437 4189 quod
1483 4135 1606 4176 cum
1642 4122 1870 4178 muliere
1899 4122 1982 4177 lo-

419 4218 697 4279 queretur.
739 4206 911 4264 Nemo
960 4218 1138 4265 tamen
1170 4209 1308 4264 dixit
1356 4225 1370 4263 :
1440 4209 1576 4276 Quid
1632 4216 1853 4280 quzrris,
1894 4220 1987 4268 aut

420 4315 519 4356 cur
548 4298 787 4370 loqueris
823 4315 944 4355 cum
969 4300 1075 4355 ea?
1111 4319 1129 4352 ι
1166 4299 1319 4356 Unde
1361 4300 1558 4356 mulier
1607 4303 1813 4357 sciebat
1850 4317 1986 4358 ven-
2017 4292 2063 4352 D

424 4405 603 4448 turum
636 4390 911 4460 Mcsslam,
946 4391 1040 4462 qui
1087 4391 1286 4447 dicitur
1316 4391 1605 4449 Christus?
1634 4392 1712 4449 Ex
1738 4393 1990 4451 Mosaicis

424 4484 749 4556 Scripturis.
796 4482 931 4539 Nam
967 4484 1220 4554 superius
1269 4483 1508 4541 diximus
1558 4487 1701 4556 quod
1752 4488 1993 4558 quinque

425 4574 592 4630 libros
624 4575 757 4631 Mosi
789 4573 1121 4629 Samaritani
1155 4576 1483 4645 receperint.
1522 4575 1659 4643 Quia
1692 4577 1855 4646 igitur
1880 4576 1993 4631 Mo-

421 4666 569 4720 saica
599 4674 937 4734 receperant,
964 4680 1032 4719 ex
1060 4664 1166 4721 illis
1192 4676 1561 4735 cognoverunt
1583 4667 1897 4737 praphetias
1925 4667 1993 4722 de

421 4756 663 4822 Christo,
695 4764 751 4811 et
787 4756 929 4827 quod
961 4753 1135 4811 Filius
1179 4757 1256 4811 sit
1287 4757 1399 4813 Dei.
1429 4756 1566 4812 Nam
1593 4776 1714 4813 cum
1759 4759 1988 4814 dicitur:

428 4870 448 4900 ρ
483 4847 775 4904 Faciamus
809 4848 1084 4903 hominem
1115 4848 1185 4913 ",
1234 4867 1255 4900 ι
1294 4858 1548 4919 tanquam
1585 4851 1652 4904 ad
1679 4848 1877 4905 Filium
1908 4850 1993 4905 di-

424 4948 511 4992 cta
557 4952 678 4994 esse
730 4953 760 4992 a
815 4936 979 4994 Patre
1050 4938 1398 4994 manifestum
1455 4948 1560 4997 est.
1620 4939 1688 4993 Et
1761 4940 1994 4997 Abrahte

388 5048 395 5059 ι
430 5043 648 5099 quoque
675 5029 729 5083 in
756 5029 1102 5085 tabernaculo
1124 5028 1292 5085 Filius
1331 5031 1674 5101 loquebatur,
1727 5042 1782 5087 et
1824 5030 1993 5089 Jacob

430 5124 494 5175 de
519 5123 639 5190 ipso
666 5121 968 5191 praedicens
1000 5120 1217 5177 dicebat
1242 5122 1263 5153 '
1300 5140 1313 5176 :
1351 5141 1370 5172 ι
1408 5121 1525 5177 Νοη
1574 5123 1790 5179 deﬁciet
1842 5125 1995 5194 prin-

427 5226 556 5280 reps
582 5212 648 5266 de
669 5210 834 5276 Juda,
874 5214 1045 5268 donec
1069 5212 1251 5268 veniat
1290 5212 1377 5267 cui
1416 5214 1712 5282 repositum
1745 5224 1831 5269 est
1854 5216 1919 5269 ιο.
1966 5236 1986 5269 ι

428 5304 494 5357 Et
529 5303 645 5373 ipse
667 5301 845 5359 Moses
870 5319 1085 5375 quoque
1113 5303 1282 5359 dicit:
1318 5322 1337 5356 ι
1361 5303 1684 5374 Prophetam
1710 5306 1995 5361 suscitabit

428 5394 581 5451 vobis
605 5393 865 5450 Dominus
902 5396 972 5452 de
1006 5395 1266 5451 fratribus
1295 5396 1490 5451 vestris
1524 5395 1666 5451 sicut
1702 5412 1809 5462 me,
1840 5397 1991 5452 illum

430 5488 665 5544 audietis
698 5489 763 5543 ‘i.
804 5505 824 5539 ι
862 5486 927 5542 Et
949 5489 1113 5543 multa
1143 5489 1246 5543 alia
1273 5488 1478 5543 Christi
1533 5489 1825 5544 adventum
1854 5504 1992 5559 pm-

433 5583 639 5637 dicunt.
668 5580 958 5651 Propterea
993 5582 1123 5637 dicit
1174 5582 1367 5636 mulier
1414 5598 1428 5642 ;
1468 5598 1487 5632 ι
1526 5579 1653 5635 Scio
1683 5581 1826 5652 quod
1860 5597 1993 5637 ven-

505 5701 526 5731 ⁸
556 5697 569 5751 Ι
600 5698 725 5755 Cor.
760 5717 812 5762 ν,
846 5697 897 5751 7.

429 5757 478 5807 δ’
499 5768 636 5826 Gen.
668 5757 811 5836 nix,
854 5768 941 5825 10.
1020 5768 1055 5800 ¹¹
1096 5767 1248 5823 Dcut.
1282 5757 1429 5831 xviri,
1472 5768 1550 5818 H5.

1011 5697 1249 5781 onlnem?
1276 5712 1327 5759 κν
1368 5695 1551 5781 "-m'
1582 5695 1621 5748 Π
1653 5696 1774 5781 (Ὑφ’.
1815 5714 1887 5766 ιιι,
1924 5698 1976 5753 ε.
2054 5699 2074 5732 ⁸
2105 5698 2319 5765 Roma,
2350 5697 2407 5754 9.

2169 3776 2188 3809 ι
2230 3756 2393 3824 Λέγει
2441 3754 2591 3825 αύτῷ
2633 3754 2667 3823 ἡ
2717 3750 2895 3821 γυνή·
2937 3742 3070 3803 Οἶδα
3104 3748 3187 3800 ὅτι
3224 3743 3473 3804 Μεσσίας
3507 3739 3658 3808 ἔρχε-

2090 3868 2203 3915 ται,
2230 3850 2258 3901 ὁ
2284 3848 2575 3918 λεγόμενος
2599 3843 2857 3915 Χριστός.
2893 3841 3062 3896 Ὅταν
3092 3837 3223 3908 ἔλθῃ
3246 3837 3473 3895 ἐκεῖνος,
3496 3831 3662 3896 ἀναγ-

2090 3941 2239 4009 γελεῖ
2276 3941 2407 4011 ἡμῖν
2436 3938 2635 3991 πάντα.
2668 3935 2831 4004 Λέγει
2858 3933 2992 4002 αὐτῇ
3024 3932 3053 3984 ό
3088 3926 3297 4000 Ἰησοῦς
3316 3942 3331 3959 ·
3370 3922 3513 3991 Ἐγώ
3541 3923 3656 3989 εἰμι

2089 4035 2119 4086 ό
2142 4033 2317 4087 λαλῶν
2345 4049 2447 4086 σοι.
2478 4031 2589 4085 Καὶ
2622 4029 2715 4081 ἐπὶ
2758 4026 2938 4096 τούτῳ
2962 4019 3126 4096 ἦλθον
3166 4022 3217 4073 oi
3261 4014 3504 4090 μαθηταὶ
3558 4013 3659 4065 αύ-

2091 4125 2206 4189 τοῦ,
2266 4122 2362 4177 καὶ
2419 4120 2758 4192 ἐθαύμασαν,
2815 4118 2899 4171 ὅτι
2962 4115 3100 4187 μετά
3147 4108 3410 4181 γυναικὸς
3460 4104 3657 4192 ἐλάλει,

2093 4217 2281 4280 Οὐδεὶς
2334 4215 2517 4287 μέντοι
2562 4190 2697 4266 -εῐπε
2722 4226 2739 4244 ο
2775 4211 2841 4263 Τί
2889 4209 3096 4278 ζητεῖς,
3143 4205 3177 4275 ἢ
3216 4202 3269 4257 τί
3311 4200 3491 4261 λαλεῖς
3543 4190 3657 4266 μετ’

2091 4310 2258 4378 αὐτῆς
2283 4325 2298 4374 ;
2334 4326 2352 4359 ι
2384 4306 2552 4360 Πόθεν
2575 4307 2608 4375 ἡ
2639 4304 2775 4375 γυνὴ
2803 4302 3095 4373 ἠπίστατο,
3118 4297 3201 4351 ὃτι
3234 4292 3479 4353 Μεσσίας
3503 4289 3659 4358 ἔρχεὸ

2092 4418 2183 4455 ται
2216 4402 2245 4455 ό
2281 4400 2578 4470 λεγόμενος
2603 4395 2871 4468 Χριστός;
2910 4392 3007 4445 Ἐκ
3042 4389 3151 4443 τῶν
3181 4384 3497 4443 Μωσαῑκῶν
3524 4381 3660 4450 Γρα-

2095 4492 2233 4563 φῶν.
2269 4490 2382 4545 Καὶ
2407 4491 2516 4561 γὰρ
2541 4487 2749 4559 ἔφημεν
2796 4483 3060 4546 εἰπόντες,
3090 4480 3173 4533 δτι
3228 4474 3327 4547 τὴν
3358 4470 3659 4563 [lavet—itse-

2093 4559 2188 4655 νον
2213 4583 2457 4642 Μωσέως
2488 4559 2536 4636 οῖ
2575 4579 2908 4651 Σαμαρεῖται
2968 4572 3242 4639 ἐδέξαντο.
3294 4566 3449 4620 Ἐπεὶ
3474 4559 3565 4617 οὖν
3594 4561 3659 4655 τα

2060 4652 2365 4728 -ίιίωσαῖκὰ
2415 4671 2687 4735 ἐδέξαντο,
2725 4669 2790 4721 ἐκ
2848 4662 3054 4720 τούτων
3114 4661 3339 4732 ᾔδεισαν
3380 4656 3479 4717 τάξ
3533 4652 3659 4720 περὶ

2095 4763 2331 4836 Χριστοῦ
2388 4756 2745 4833 προφητείας,
2793 4756 2889 4811 καὶ
2925 4756 3009 4808 ὅτι
3039 4748 3169 4814 Υἱός
3223 4751 3341 4801 ἐστι
3367 4744 3461 4799 τοῦ
3488 4740 3655 4836 ΔΘεού.

2095 4831 2169 4909 Τό
2198 4872 2257 4907 τε
2286 4831 2472 4922 γὰρξι
2509 4851 2835 4919 Ποιήσωμεν
2882 4843 3192 4915 ἄνθρωπον,
3234 4857 3253 4891 ι
3290 4838 3366 4901 ὼς
3408 4833 3543 4904 πρὸς
3566 4831 3656 4883 τὸν

2097 4948 2225 5000 Υἱδν
2256 4943 2508 5015 εἰρῆσθαι
2540 4941 2690 5013 παρὰ
2739 4937 2835 4992 τοῦ
2878 4935 3088 5001 [ἰατρὸς
3130 4929 3418 5002 ἐμφαίνειο
3450 4927 3543 4979 καὶ
3583 4922 3657 4991 τῷ

2062 5076 2065 5083 .
2110 5035 2359 5106 Ἀὅραάμ
2386 5034 2442 5087 δὲ
2478 5036 2536 5087 ὲν
2553 5035 2620 5104 τῇ
2650 5032 2823 5101 σκηνῇ
2854 5030 2882 5082 ὁ
2919 5027 3048 5090 Υἶδς
3075 5020 3144 5096 ἦν
3165 5024 3194 5075 δ
3226 5018 3653 5106 διαλετόμενος,’

2097 5102 2262 5180 καὶ-ό
2322 5102 2530 5176 *Ἰακὼὸ
2581 5102 2708 5189 περὶ
2761 5115 2925 5171 αὑτοῦ
2983 5106 3533 5204 προφητεύωνξλεῖίε
3576 5102 3653 5204 ab:

2104 5237 2122 5269 ι
2160 5218 2273 5270 Οὐκ
2323 5213 2562 5282 ὲκλείῴει
2607 5212 2791 5281 ἄρχων
2840 5209 2899 5274 ἐξ
2952 5205 3143 5268 Ἰούδα,
3201 5202 3309 5264 ἕως
3350 5199 3417 5252 ἂν
3443 5196 3589 5267 ἔλθῃ,
3615 5196 3657 5260 ῲ

2096 5310 2422 5363 ἀπόκειται·
2466 5325 2484 5357 ι
2525 5305 2620 5359 καὶ
2647 5304 2807 5367 αὐτὸς
2867 5302 2922 5355 δὲ
2972 5296 3238 5365 Μωῡσῆς,
3288 5313 3308 5345 t
3368 5290 3654 5362 “pcipi;in

2095 5399 2391 5466 ἀναστήσει
2423 5394 2625 5467 Κύριος
2674 5395 2739 5447 ὲκ
2780 5393 2887 5445 τῶν
2917 5388 3163 5458 ἀδελφῶν
3199 5384 3354 5456 ὑμῶν
3396 5382 3468 5444 ὡς
3518 5376 3651 5446 ὲμέ³

2096 5490 2262 5545 αὑτοῦ
2294 5488 2594 5543 ἀκούσεσθε
2617 5504 2631 5518 ·
2681 5506 2699 5539 ι
2732 5483 3017 5539 καὶπολλὰ
3045 5482 3210 5551 ἕτερα
3269 5476 3366 5547 τὴν
3393 5471 3486 5527 τοῦ
3511 5471 3647 5538 Χρι·

2100 5580 2225 5635 στοῦ
2258 5578 2558 5653 παρουσίαν
2591 5575 3046 5648 ἀνακηρύττουσι.
3079 5571 3175 5625 Διά
3194 5567 3352 5622 τοῦτο
3374 5561 3467 5619 οὖν
3492 5576 3650 5631 φησιν

2501 5697 2541 5730 ⁸⁸
2571 5694 2704 5751 Gen.
2738 5702 2775 5761 ι,
2820 5690 2914 5748 26.
2990 5692 3012 5724 ’
3071 5688 3206 5747 Gen.
3247 5695 3353 5739 xvn
3413 5688 3465 5736 et
3504 5692 3646 5732 svnt.
