3960 6454
152 404 282 495 tati

815 428 1266 490 ENARRATIO
1308 429 1388 489 ΙΝ
1423 430 1921 492 EVANGELIUM
1961 433 2312 495 JOANNIS.
2347 461 2412 471 -
2447 427 2604 498 CAP.
2645 427 2746 498 Ν.

3265 433 3398 500 ῙΞᾹΞ).

147 544 182 611 ὴ
216 538 393 607 γυνή’
438 555 457 587 ι
497 530 627 589 Οἶδα
659 532 740 586 δτι
766 531 985 603 ἔρχεται
1026 535 1290 598 Μεσσίας.
1345 534 1403 586 '0
1435 535 1490 588 δὲ
1527 534 1732 604 Κύριος

1861 553 1988 594 urus
2011 540 2080 594 sit
2110 540 2350 595 Messias.
2391 559 2408 591 ι
2443 543 2510 594 At
2562 557 2704 596 nunc
2748 554 2807 596 se
2836 541 2909 597 illi
2938 541 3250 597 manifestat
3294 544 3400 599 Do-

147 630 332 683 λ-οιπδν
360 626 696 681 ἐπικαλύπτει
728 625 865 694 αῦτῇ
903 624 1115 690 ἑαυτὸν,
1151 624 1295 678 οὓτω
1348 625 1448 694 τῆς
1500 625 1727 678 ἀκολου-

150 725 268 786 θίας
300 721 394 775 τοῦ
425 722 588 789 λόγου
621 719 1022 790 ἀπαιτησάσης.
1069 721 1130 773 Et
1160 721 1216 772 δὲ
1268 720 1431 782 εὐθὺς
1464 721 1520 786 ἐξ
1556 719 1728 788 ἀρχῆς

148 813 324 880 εἶπεν,
367 813 452 866 ὃτι
510 811 650 880 Ἐγώ
709 813 823 880 εἰμι
871 815 899 865 6
925 812 1178 883 Χριστὸς,
1214 810 1338 863 οὒτε
1377 811 1476 880 τὴν
1501 813 1731 879 γυναῖκα

153 911 368 962 ἔπεισεν
397 907 488 970 ἂν,
522 905 615 958 καὶ
643 905 787 970 ἔδοξε
814 904 1070 975 φορτικός
1091 922 1174 968 τις
1198 901 1336 956 εἶναι
1367 904 1460 957 καὶ
1490 903 1729 966 ἀλαζών·

152 1001 246 1054 νῦν
289 1000 348 1053 δὲ
417 999 562 1052 κατὰ
631 997 826 1066 μικρὸν
876 996 1047 1066 αὐτὴν
1123 995 1460 1066 προϐιϐάσας
1523 996 1616 1048 ἐπὶ
1669 994 1730 1046 τὸ

155 1091 578 1162 ἀναμνησθῆναι
607 1091 704 1159 τῆς
731 1090 858 1158 περὶ
903 1088 1139 1158 Χριστοῦ
1177 1088 1528 1158 προσδοκίας,
1559 1086 1732 1150 οὕτως

155 1185 252 1254 ἤδη
288 1182 486 1236 ἑαυτὸν
543 1181 896 1235 ἐκκαλύπτει.
943 1181 1099 1244 Τίνος
1131 1181 1186 1233 δὲ
1243 1181 1428 1234 ἕνεκεν
1479 1182 1588 1243 τοῖς
1635 1180 1732 1249 μὲν

173 1273 454 1332 Ἰουδαίοις
498 1271 736 1341 συνεχῶς
761 1272 1037 1342 ἐρωτῶσιν
1059 1313 1072 1336 ,
1107 1291 1124 1322 ι
1167 1270 1302 1324 Εἰπὲ
1335 1273 1464 1342 ἡμῖν
1501 1273 1550 1324 εί
1584 1274 1648 1324 σὺ
1684 1267 1733 1324 εἷ

153 1366 180 1418 6
210 1365 470 1436 Χριστὸς,
502 1379 520 1414 ι
556 1365 656 1416 οῦκ
691 1363 1044 1432 ἀπεκάλυψεν
1077 1364 1289 1425 ἑαυτὸν,
1322 1365 1386 1433 τῇ
1419 1363 1472 1416 δὲ
1507 1363 1734 1432 γυναικὶ

153 1458 336 1525 λέγεις
384 1455 648 1517 Ἐκείνοις
693 1455 790 1525 μὲν
831 1455 981 1508 οὐδὲν
1011 1454 1182 1523 λέγει,
1223 1455 1359 1508 διότι
1389 1456 1488 1508 οῦκ
1529 1457 1622 1509 ἐπὶ
1658 1453 1734 1526 τῷ

160 1549 353 1618 μαθεῖν
383 1547 637 1619 ἠρώτων,
664 1547 778 1599 ἀλλ’
802 1546 897 1601 ἐπὶ
930 1546 1005 1617 τῷ
1051 1546 1254 1616 μᾶλλον
1296 1547 1730 1618 συκοφαντῆσαι·

157 1641 328 1711 ταύτῃ
361 1641 442 1703 δὲ,
473 1640 562 1694 διὰ
595 1641 657 1693 τὸ
689 1638 1012 1709 εὐγνώμονα
1056 1637 1218 1706 εἶναι,
1256 1641 1510 1713 φανερῶς
1545 1639 1736 1694 ἑαυτὸν

157 1731 558 1788 ἀποκαλύπτει.
595 1733 704 1785 Καὶ
739 1733 847 1802 γὰρ
877 1731 935 1795 ἐξ
969 1731 1147 1800 ἁπλῆς
1201 1732 1428 1802 γνώμης
1479 1733 1574 1786 καὶ
1619 1732 1735 1785 δια-

161 1825 326 1886 νοίας,
367 1823 464 1876 καὶ
500 1821 743 1876 ποθοῦσα
779 1823 974 1892 μαθεῖν
1017 1823 1078 1876 τὸ
1117 1823 1337 1893 ἀληθὲς,
1379 1822 1587 1894 ἠρώτα,
1640 1824 1734 1876 καὶ

160 1916 315 1985 δῆλον
353 1918 417 1969 ὲκ
439 1915 552 1970 τῶν
595 1914 732 1985 μετά
779 1914 974 1969 ταῦτα.
1033 1916 1143 1970 Καὶ
1179 1917 1288 1987 γὰρ
1337 1915 1635 1979 ἀκούσασα,
1676 1916 1736 1968 οὐ

163 2006 322 2076 μόνον
345 2007 488 2075 αὐτὴ
517 2007 861 2071 ἐπίστευσεν,
895 2005 1033 2059 ἀλλά
1079 2008 1174 2059 καὶ
1209 2006 1403 2069 ἄλλους
1438 2008 1517 2070 είς
1553 2007 1740 2059 πίστιν

161 2099 552 2168 ὲσαγήνευσεν,
603 2100 696 2152 καὶ
735 2097 1015 2169 πανταχοῦ
1066 2101 1098 2170 ἡ
1161 2099 1298 2168 γυνὴ
1345 2098 1594 2167 φαίνεται
1646 2098 1742 2151 καὶ

162 2191 541 2261 ἀκριϐουμένη
596 2193 690 2244 καὶ
742 2193 929 2260 πιστή.
987 2189 1447 2262 Ἀπαρτισθείσης
1470 2190 1525 2242 δὲ
1554 2190 1742 2242 λοιπὸν

163 2284 259 2353 τῆς
313 2284 454 2354 πρὸς
511 2285 609 2356 τὴν
662 2287 894 2352 γυναῖκα
936 2283 1155 2355 ὁμιλίας
1225 2283 1321 2336 καὶ
1371 2281 1742 2345 διδασκαλίας,

164 2375 436 2445 εὖκαίρως
471 2376 792 2446 ἀπήντησαν
819 2376 867 2429 οἱ
920 2375 1185 2446 μαθηταὶ,
1228 2375 1322 2428 καὶ
1349 2370 1657 2443 ἐθαύμαζον
1685 2371 1745 2426 τὸ

165 2467 368 2535 ἄτυφον
411 2466 599 2534 αὑτοῦ,
632 2468 713 2520 ὃτι
739 2466 911 2529 οὕτως
940 2465 1014 2519 ὢν
1049 2465 1256 2531 ἔνδοξος
1287 2464 1384 2518 κοιλ⁸
1417 2462 1746 2534 περιϐόητος

167 2559 314 2627 παρὰ
351 2560 542 2624 πᾶσιν,
594 2558 842 2628 ἠνείχετο
880 2557 1020 2626 μετά
1074 2556 1349 2624 τοσαύτης
1397 2554 1745 2623 συγκαταϐά-

172 2669 306 2714 σεως
338 2651 564 2719 γυναικὶ
596 2649 946 2718 διαλέγεσθαι
977 2650 1213 2720 πενιχρᾷ
1239 2648 1334 2702 καὶ
1364 2647 1740 2720 Σαμαρείτιδι.

169 2745 560 2815 θαυμάζοντες
591 2744 669 2809 δὲ,
698 2744 846 2814 ὅμως
870 2743 929 2796 οῦ
957 2742 1252 2813 θαρροῦσιν
1286 2743 1583 2813 ἐρωτῆσαι,
1617 2740 1748 2811 περὶ

169 2836 310 2900 τίνος
350 2837 494 2908 αὐτῇ
529 2835 868 2903 διαλέγεταιο
902 2834 1074 2899 οὕτως
1117 2831 1258 2906 ἦσαν
1297 2833 1746 2904 πεπαιδευμένοι,

173 2929 264 2982 καὶ
319 2928 421 2998 τὴν
475 2926 745 2997 μαθηταῖς
808 2927 1124 2997 πρέπουσαν
1183 2926 1470 2981 εὐλάϐειαν
1522 2925 1749 2994 ἐτήρουν

174 3019 309 3090 πρὸς
338 3019 432 3072 τὸν
465 3019 800 3073 διδάσκαλον.
839 3020 900 3072 Et
950 3019 1008 3073 δέ
1037 3037 1137 3073 που
1182 3020 1276 3072 καὶ
1303 3018 1578 3086 φαίνοιντο
1602 3020 1743 3088 παρ-

179 3110 590 3183 ρησιαζόμενοι,
623 3110 810 3184 ὥσπερ
871 3111 1125 3184 Ἰωάννης
1154 3112 1319 3180 ἡνίκα
1349 3111 1537 3164 πίπτει
1567 3109 1661 3163 ἐπὶ
1689 3110 1749 3162 τὸ

1833 630 2034 695 minus,
2065 632 2136 686 ita
2199 633 2581 702 consequentia
2639 634 2910 689 sermonis
2954 635 3222 704 exigente.
3255 634 3400 690 Sane

1833 724 1876 777 si
1903 723 2082 777 statim
2121 724 2186 777 ab
2211 722 2363 777 initio
2393 723 2640 785 dixisset,
2696 721 2807 792 Ego
2835 739 2952 777 sum
2982 723 3259 790 Christus,
3311 741 3404 780 ue-

1833 831 1936 884 que
1966 815 2177 870 mulieri
2220 815 2598 886 persuasisset,
2633 823 2686 868 et
2715 814 2864 869 visus
2909 813 3101 870 fuisset
3135 829 3398 870 onerosus

1833 908 2096 976 quispiam
2131 917 2185 963 et
2219 921 2478 976 arrogans
2517 917 2533 958 :
2582 920 2721 960 nunc
2777 907 3034 975 paulatim
3081 909 3146 959 ad
3190 908 3291 960 hoc
3323 909 3403 960 in-

1835 1002 1999 1065 ducit,
2032 1008 2090 1054 ut
2121 1000 2323 1054 mentio
2353 999 2446 1052 liat
2472 998 2894 1066 exspectationis
2923 998 3145 1052 Christi.
3182 995 3256 1050 Ita
3287 997 3399 1064 jam

1835 1108 1892 1147 se
1928 1093 2004 1148 illi
2042 1093 2259 1163 detegit.
2322 1090 2486 1162 Cujus
2539 1091 2714 1162 gratia
2744 1089 2943 1146 Judaeis
2977 1091 3193 1160 quidem
3224 1091 3402 1144 conti-

1836 1199 1941 1238 nuo
1972 1179 2135 1254 559
2192 1183 2690 1254 interrogantibus:
2741 1199 2758 1232 ι
2814 1182 2905 1234 Dic
2937 1181 3112 1244 nobis,
3162 1196 3288 1234 num
3340 1189 3393 1233 tn

1834 1290 1892 1329 es
1925 1275 2172 1330 Christus
2206 1275 2272 1340 ¹³,
2313 1293 2332 1328 ι
2388 1291 2490 1329 non
2553 1273 2814 1328 revelavit
2863 1273 3101 1342 seipsum
3136 1315 3150 1338 ,
3194 1273 3402 1327 mulieri

1836 1377 2013 1421 autem
2046 1366 2360 1422 dicitHllis
2391 1368 2605 1436 quidem
2660 1366 2794 1420 nihil
2835 1365 2990 1428 dicit,
3024 1379 3087 1418 eo
3123 1365 3263 1433 quod
3301 1381 3406 1417 non

1837 1461 2246 1541 interrogahant
2307 1460 2548 1514 discendi
2616 1460 2811 1529 gratia,
2880 1457 2975 1512 sed
3035 1457 3405 1512 calumniandi

1837 1555 2020 1609 animo
2049 1569 2063 1606 :
2094 1553 2219 1607 huic
2253 1561 2458 1617 autem,
2497 1553 2622 1621 quia
2671 1553 2910 1607 studiosa
2944 1559 3082 1616 erat,
3119 1550 3405 1604 manifeste

1835 1663 1894 1704 se
1927 1647 2148 1703 revelat.
2180 1645 2308 1700 Nam
2349 1645 2490 1714 quod
2511 1645 2738 1712 simplici
2766 1655 2943 1699 mente
2972 1651 3025 1698 et
3085 1643 3414 1712 cogitatione

1837 1741 2187 1810 discendique
2219 1739 2488 1794 desiderio
2522 1739 2818 1808 rogaverit,
2856 1735 3203 1791 manifestum
3237 1750 3300 1787 ex
3328 1735 3414 1787 his

1841 1845 1960 1901 quae.
1991 1837 2313 1899 sequuntur.
2348 1825 2482 1881 Nam
2537 1838 2595 1882 ut
2652 1827 2878 1889 audivit,
2941 1842 3046 1880 non
3088 1825 3263 1879 solum
3300 1825 3414 1892 ipsa

1843 1922 2094 1987 credidit,
2128 1922 2223 1974 sed
2259 1920 2422 1975 etiam
2473 1919 2608 1973 alios
2672 1919 2736 1972 ad
2795 1919 2950 1971 [idem
2981 1917 3226 1981 adduxit,
3273 1932 3417 1969 sem-

1843 2030 2047 2083 perque
2079 2021 2300 2083 apparet
2350 2023 2404 2066 et
2450 2012 2641 2075 fidelis,
2685 2022 2738 2064 et
2769 2011 3053 2075 diligenter
3107 2009 3412 2080 inquirens.

1841 2105 2106 2160 Absoluto
2137 2113 2317 2159 autem
2343 2102 2615 2170 colloquio
2642 2116 2761 2154 cum
2799 2102 3026 2154 muliere
3053 2116 3114 2152 ac
3141 2099 3411 2162 doctrina,

1847 2199 2163 2270 tempestive
2189 2204 2552 2253 occurrerunt
2575 2191 2854 2264 discipuli,
2911 2202 2963 2248 et
3001 2192 3251 2246 admirati
3286 2202 3417 2245 sunt.

1846 2290 2201 2346 humilitatem
2234 2289 2372 2358 ejus,
2403 2287 2545 2358 quod
2606 2301 2729 2341 cum
2768 2295 2876 2339 tam
2927 2285 3196 2354 gloriosus
3245 2293 3414 2348 esset,

1845 2391 1895 2436 et
1927 2384 2066 2449 apud
2114 2396 2301 2435 omnes
2342 2376 2592 2443 celebris,
2648 2394 2753 2431 non
2807 2375 3133 2445 dedignatus
3169 2375 3238 2430 sit
3291 2389 3415 2428 cum

1849 2483 1957 2526 tam
2014 2488 2249 2542 paupere
2309 2480 2364 2525 et
2409 2468 2754 2523 Samaritana
2796 2467 3023 2522 muliere
3083 2477 3232 2520 tanta
3293 2481 3420 2520 cum

1849 2565 2109 2620 modestia
2165 2579 2467 2618 sermonem
2530 2563 2750 2616 habere.
2808 2561 3156 2615 Admirantes
3209 2571 3416 2623 autem,

1850 2677 1953 2714 non
1997 2657 2196 2712 audent
2225 2667 2414 2726 rogare
2442 2655 2506 2708 de
2541 2668 2646 2722 quo
2678 2651 2930 2720 loquatur
2970 2650 3016 2706 ei
3047 2668 3061 2713 ;
3103 2651 3238 2703 adeo
3259 2657 3420 2701 erant

1850 2757 1984 2811 bene
2015 2743 2325 2821 compositi,
2357 2758 2641 2806 servantes
2673 2763 2823 2802 suam
2851 2762 2978 2815 erga
3029 2753 3416 2815 prmccptorem

1849 2849 2228 2904 reverentiam.
2262 2843 2413 2910 Quod
2459 2843 2504 2897 si
2554 2840 2749 2896 alicubi
2799 2837 3148 2908 apparuerint
3197 2836 3427 2890 ﬁdenter

1851 2940 2152 3008 loquentes,
2219 2935 2362 2990 sicut
2415 2925 2657 2988 Joannes
2711 2946 2831 2985 cum
2873 2929 3216 2983 recumberet
3259 2937 3422 2995 super

1852 3043 2058 3104 pectus,
2101 3039 2156 3085 et
2213 3045 2334 3084 cum
2382 3027 2701 3080 accederent
2755 3033 2808 3077 et
2855 3021 3096 3075 dicerent
3149 3036 3163 3078 :
3222 3038 3240 3069 ι
3294 3018 3427 3082 Quis

1854 3125 2066 3191 major?
2099 3142 2118 3176 ι
2153 3133 2209 3178 et
2240 3136 2362 3176 cum
2398 3119 2491 3174 lilii
2535 3115 2778 3171 Zebedmi
2809 3115 3158 3167 obsrcrareut
3193 3120 3253 3165 ut
3281 3125 3422 3164 unus

180 3202 392 3275 στῆθος,
450 3204 544 3256 καὶ
590 3203 715 3256 ὅταν
763 3203 1082 3274 προσιόντες
1133 3203 1403 3267 λέγωσιν·
1445 3221 1463 3253 ι
1503 3201 1596 3262 Τίς
1641 3200 1754 3272 μεί-

1857 3233 1884 3270 a
1918 3214 2146 3276 dextris,
2185 3221 2238 3266 et
2270 3210 2410 3264 alter
2440 3224 2468 3260 a
2505 3204 2742 3263 sinistris
2771 3203 3024 3257 sederent
3056 3218 3071 3254 :
3110 3200 3200 3254 illa
3247 3199 3430 3268 inqui-

182 3295 323 3361 ξων;
375 3313 394 3346 ι
455 3294 551 3348 καὶ
597 3296 725 3349 ὅταν
767 3297 817 3348 οἱ
851 3295 944 3349 τοῦ
999 3295 1288 3348 Ζεϐεδαίου
1338 3293 1750 3365 παρακαλῶσιν,

182 3390 269 3442 ἴνα
299 3382 379 3453 εἷς
409 3388 470 3455 ἐξ
501 3387 819 3458 εὐωνύμων,
867 3387 963 3440 καὶ
1009 3383 1088 3450 εἷς
1116 3389 1179 3440 εκ
1199 3387 1390 3453 δεξιῶν
1415 3384 1714 3438 καθίσωσιν
1736 3399 1753 3418 ο

182 3480 294 3534 ἀλλ’
321 3483 514 3534 ἐκεῖνα
533 3478 608 3543 ὡς
641 3481 721 3544 εἰς
744 3479 942 3540 αὐτοὺς
980 3479 1271 3545 ἀνήκοντα,
1302 3479 1396 3530 καὶ
1417 3477 1555 3539 τέως
1587 3477 1756 3543 ἀναγ-

185 3575 315 3627 καῖα
341 3572 530 3636 αὐτοῖς
586 3571 911 3642 φαινόμενα,
973 3570 1342 3634 ἐξετάζουσιν.
1386 3567 1650 3621 Ἐνταῦθα
1679 3567 1757 3634 δὲ,

185 3665 306 3718 ἐπεὶ
369 3664 448 3736 μὴ
498 3662 751 3717 τοσοῦτον
802 3663 984 3723 αὐτοῖς
1021 3661 1240 3732 διέφερε
1275 3661 1336 3714 τὸ
1371 3662 1574 3730 ζητεῖν,
1625 3659 1654 3712 δ
1683 3660 1758 3730 μὴ

185 3757 488 3825 ἀναγκαῖον
519 3750 585 3827 ἦν
611 3755 766 3818 ὅλως,
793 3754 880 3807 διὰ
909 3751 1066 3806 τοῦτο
1101 3755 1162 3806 οὐ
1217 3752 1457 3824 χρῶνται
1505 3755 1571 3824 τῇ
1615 3753 1760 3823 παρ-

193 3848 356 3920 ρησία
388 3849 470 3911 ὡς
505 3847 582 3918 μὴ
612 3845 812 3916 ἐχούσῃ
845 3846 1058 3915 καιρόν.

265 3959 284 3990 ι
337 3937 580 4008 ’Λφῆκεν
611 3931 704 3989 οὖν
731 3934 828 4006 τὴν
851 3935 1039 4005 ὑδρίαν
1066 3935 1233 4004 αὐτῆς
1258 3935 1289 4004 ἡ
1313 3935 1449 4003 γυνὴ
1471 3933 1563 3986 καὶ
1593 3931 1767 4002 ἀπῆλ-

193 4030 282 4083 θεν
322 4031 402 4094 είς
425 4029 528 4100 τὴν
557 4027 733 4092 πόλιν,
760 4025 855 4080 καὶ
885 4026 1034 4093 λέγει
1056 4027 1169 4088 τοῖς
1201 4023 1511 4094 ἀνθρώποις
1533 4041 1546 4054 ·
1573 4022 1760 4089 Δεῦτε,

194 4125 330 4177 ῐδετε
360 4121 678 4193 ἄνθρωπον,
719 4117 778 4182 δς
827 4113 948 4170 εἶπέ
1010 4134 1098 4187 μοι
1160 4116 1340 4169 πάντα
1370 4117 1469 4168 ὅσα
1501 4116 1764 4185 ἐποίησαη

203 4217 328 4286 μήτι
369 4211 527 4276 οὗτός
582 4214 732 4264 ἐστιν
770 4213 798 4264 6
844 4210 1117 4282 Χριστός;
1158 4209 1410 4278 Ἐξῆλοον
1439 4207 1531 4260 οῦν
1562 4209 1626 4259 ὲκ
1670 4207 1768 4277 τῆς

201 4306 424 4370 πόλεως,
460 4304 556 4358 καὶ
579 4303 810 4374 ἤρχοντο
839 4300 974 4372 πρὸς
995 4299 1186 4366 αὐτόν..
1204 4319 1223 4352 ι
1257 4299 1522 4352 Τοσοῦτον
1553 4297 1767 4368 ἀνήφθη

202 4399 299 4466 τὴν
331 4395 560 4468 καρδίαν
591 4397 623 4461 ἡ
657 4392 794 4461 γυνὴ
831 4391 936 4444 ὑπὸ
979 4390 1089 4444 τῶν
1141 4389 1470 4460 εἰρημένων,
1496 4388 1635 4442 ὥστε
1676 4390 1770 4442 καὶ

197 4488 294 4557 τὴν
329 4486 518 4558 ὑδρίαν
555 4487 773 4554 ἀφεῖναι
805 4498 819 4514 ⁶
847 4481 1021 4544 οὕτως
1049 4483 1156 4551 ἄρα
1188 4481 1398 4552 ταχέως
1425 4481 1767 4551 προετίμησε

201 4579 258 4632 τὸ
292 4579 436 4649 ὕδωρ
458 4575 553 4630 τοῦ
605 4574 840 4645 Χριστοῦ
871 4576 969 4642 τῆς
1016 4575 1111 4625 τοῦ
1171 4573 1367 4626 Ἰακὼϐ
1415 4572 1600 4643 πηγῆς
1623 4591 1636 4605 ο
1675 4573 1769 4626 καὶ
1803 4556 1843 4609 ί)

205 4669 267 4739 δὴ
296 4668 593 4730 ἀπόστολος
636 4666 869 4736 γίνεται,
909 4663 1012 4717 ὑπὸ
1045 4663 1146 4733 τῆς
1205 4663 1302 4732 τὴν
1348 4664 1572 4734 καρδίαν
1605 4664 1774 4732 αὐτῆς

207 4761 610 4833 περιλαϐούσης
668 4759 907 4819 πίστεως
961 4756 1426 4826 χειροτονηθείσα,
1473 4756 1569 4808 καὶ
1621 4756 1775 4808 πόλιν

205 4853 498 4923 ὁλόκληρον
521 4849 784 4913 διδάσκει,
826 4848 921 4899 καί
953 4847 1266 4916 ἐφέλκεται.
1309 4865 1326 4896 ι
1364 4845 1552 4906 Δεῦτε,
1581 4845 1769 4916 φησιν,

211 4943 344 4996 ἴδετε
371 4943 679 5014 ἄνθρωπον,
710 4941 768 5000 ὃς
810 4935 934 4992 εἶπέ
983 4956 1072 5009 μοι
1104 4938 1282 4991 πάντα
1327 4940 1426 4991 ὅσα
1467 4938 1715 5007 ἐποίησα.
1751 4955 1770 4988 ι

214 5033 421 5097 Ὄντως
473 5033 694 5086 ἐπειδὰν
751 5030 1007 5100 ἐπυρώθη
1032 5031 1064 5099 ὴ
1089 5029 1235 5098 ψυχὴ
1283 5030 1415 5100 πυρὶ
1451 5030 1601 5098 θείῳ,
1639 5029 1775 5099 πρὸς

211 5125 361 5177 οὐδὲν
419 5126 526 5178 τῶν
581 5127 638 5179 ὲν
682 5126 751 5194 γῇ
804 5124 927 5194 ὁρᾷ,
958 5123 1018 5175 οῦ
1051 5123 1189 5191 πρὸς
1219 5122 1505 5191 αίσχῦνην,
1547 5123 1607 5174 οὗ
1645 5123 1780 5191 πρὸς

217 5215 458 5286 ἀτιμίαν.
497 5216 628 5268 Ἰδοὺ
660 5211 752 5266 οῦν
799 5213 889 5265 καὶ
926 5210 1064 5279 αῦτη
1109 5212 1210 5264 οὐκ
1241 5213 1556 5283 αἰσχύνεται
1591 5213 1685 5266 καὶ
1713 5211 1782 5265 τά

219 5310 394 5361 οἰκεῖα
432 5306 878 5376 ἐκπομπεύουσα,
911 5304 1049 5358 ἀλλά
1076 5322 1276 5374 φησιν’
1327 5324 1344 5357 ι
1402 5308 1496 5370 Ὃς
1533 5303 1652 5359 εἷπὲ
1693 5325 1781 5374 μοι

223 5400 394 5454 πάντα
427 5403 521 5454 ὅσα
552 5399 806 5470 ἐποίησα.
846 5418 864 5450 ι
921 5399 1116 5452 Καίτοι
1161 5416 1223 5467 γε
1274 5399 1505 5468 ἠδύνατο
1535 5401 1628 5453 καὶ
1664 5400 1782 5452 ὲτὲ-

230 5504 334 5558 ρως
358 5493 558 5545 εἰπεῖν·
593 5489 780 5551 Δεῦτε,
817 5491 954 5542 ἴδετε
1009 5490 1297 5561 προφήτην
1345 5491 1777 5562 προφητεύοντα·

225 5581 343 5634 ἀλλ’
371 5583 468 5652 οὐχ
491 5581 686 5644 οὕτως,
752 5581 890 5633 ἀλλά
921 5585 1252 5651 καταφρονεῖ
1280 5583 1376 5653 τῆς
1405 5584 1610 5647 οἰκείας
1625 5584 1784 5652 δόξης

226 5673 312 5724 καὶ
345 5673 479 5742 πρὸς
502 5673 563 5727 τδ
617 5672 854 5743 κηρῦξαι
907 5673 1004 5745 τὴν
1037 5673 1294 5744 ἀλήθειαν
1345 5676 1643 5730 ἀποϐλέπει
1685 5677 1784 5746 μό-

297 5853 334 5880 ’²
365 5850 548 5906 Μυιιιι.
577 5868 720 5918 sxw,
748 5852 834 5905 65-.

1858 3318 1980 3362 runt
2015 3305 2166 3375 quasi
2212 3305 2278 3358 ad
2306 3316 2363 3356 se
2398 3298 2704 3361 attinentia,
2732 3307 2785 3350 et
2820 3304 2944 3348 tunc
2999 3293 3079 3346 eis
3113 3291 3420 3346 necessaria

1859 3404 1993 3456 visa.
2025 3400 2135 3454 lloc
2165 3406 2344 3453 autem
2385 3396 2503 3449 loco
2535 3392 2660 3462 quia
2686 3405 2792 3444 non
2826 3401 2998 3455 usque
3029 3386 3161 3440 adeo
3192 3386 3429 3454 ipsorum

1860 3496 2123 3549 intererat
2186 3502 2450 3560 qumrere,
2515 3497 2688 3552 neque
2753 3477 3121 3534 necessarium
3184 3475 3429 3539 omnino,

1861 3593 2149 3657 propterea
2182 3597 2288 3636 non
2315 3586 2541 3633 utuntur
2572 3573 2789 3638 ﬁducia,
2823 3586 2887 3627 eo
2909 3569 3048 3641 quod
3069 3583 3172 3623 non
3197 3567 3434 3622 habeant

1865 3687 2075 3745 tempus
2103 3681 2488 3744 opportunum.

1915 3933 2102 3992 -Vt~:tts.
2129 3933 2322 3991 28-50.
2353 3953 2371 3986 ‹
2419 3931 2656 4003 Reliquit
2680 3946 2808 4000 ergo
2839 3929 3085 4001 hydriam
3128 3940 3281 3982 suam
3315 3932 3435 3979 mu-

1867 4034 1986 4099 lier,
2016 4043 2069 4088 et
2107 4032 2242 4087 abiit
2284 4031 2338 4084 in
2369 4029 2672 4089 civitatem,
2706 4034 2762 4079 et
2780 4026 2914 4079 dicit
2943 4024 3046 4079 illis
3084 4021 3392 4078 hominibus
3420 4033 3434 4070 :

1868 4121 2080 4188 Venite,
2122 4121 2294 4174 videte
2322 4117 2592 4173 hominem
2623 4118 2715 4186 qui
2749 4115 2886 4170 dixit
2935 4113 3068 4168 mihi
3113 4113 3291 4166 omnia
3319 4123 3440 4179 quae

1869 4220 1968 4274 ieci
1997 4231 2162 4276 :num
2192 4215 2277 4269 hic
2311 4221 2396 4268 est
2429 4211 2517 4266 ille
2571 4209 2871 4266 Christus?
2925 4207 3184 4260 Exierunt
3233 4219 3363 4272 ergo
3408 4214 3439 4257 e

1869 4309 2107 4372 civitate,
2147 4314 2202 4360 et
2226 4302 2514 4357 veniebant
2565 4301 2630 4354 ad
2665 4314 2810 4353 eum.
2857 4318 2876 4350 ι
2929 4296 2985 4350 ιιι
3012 4305 3214 4349 tantum
3250 4309 3444 4347 aerea--

1872 4417 1987 4458 sum
2023 4407 2108 4455 est
2140 4413 2235 4451 cor
2267 4394 2512 4450 mulieris
2540 4393 2698 4446 dictis
2736 4389 3054 4453 Dominicis,
3092 4397 3149 4441 ut
3172 4395 3224 4440 et
3249 4402 3443 4452 aquam

1874 4493 2223 4561 relinqueret.
2260 4478 2350 4542 Sic
2383 4487 2545 4556 igitur
2574 4484 2758 4538 statim
2792 4480 3028 4551 prtetulit
3064 4495 3260 4548 aquam
3285 4477 3447 4531 Chri-

1873 4587 1940 4641 sli
1974 4583 2108 4640 fonti
2141 4581 2328 4645 Jacob,
2359 4589 2414 4634 et
2446 4580 2506 4632 lit
2547 4575 2793 4646 apostolo
2835 4573 3084 4626 ordinata
3111 4586 3140 4622 a
3176 4569 3300 4631 lide,
3329 4583 3447 4636 quae

1874 4694 1969 4734 cor
2021 4678 2138 4745 ejus
2193 4679 2572 4741 occupaverat,
2626 4665 2889 4734 docetque
2927 4673 2981 4718 et
3020 4663 3244 4716 attrahit
3281 4672 3442 4713 totam

1875 4740 2171 4823 civitatem.
2220 4783 2238 4814 ι
2303 4740 2519 4825 Venite,
2560 4758 2756 4827 inquit,
2814 4758 2990 4810 videte
3021 4769 3142 4806 eum
3197 4753 3286 4820 qui
3318 4740 3446 4802 mihi

1876 4851 2211 4910 dixitomnia
2264 4862 2619 4919 quaecumque
2662 4844 2790 4898 feci.
2836 4861 2856 4893 ›
2907 4841 3156 4895 Profecto
3192 4836 3446 4906 quoniani

1876 4960 2104 5002 accensa
2143 4943 2243 4997 luit
2268 4943 2444 4994 anima
2473 4941 2655 4994 divino
2685 4937 2820 5004 igni,
2856 4936 2920 4988 ad
2948 4933 3082 4987 nihil
3112 4947 3297 4985 eorum
3327 4943 3444 4997 qum,

1877 5038 1928 5090 in
1989 5044 2134 5089 terra
2187 5033 2409 5101 respicit
2459 5043 2476 5082 :
2529 5044 2636 5083 non
2697 5027 2762 5080 ad
2808 5025 3205 5087 confusionem,
3249 5037 3350 5074 non
3383 5022 3446 5074 ad

1878 5126 2246 5198 ignominiam,
2282 5140 2379 5178 nec
2408 5123 2473 5176 ad
2514 5121 2658 5174 aliud
2691 5118 2988 5190 quippiam.
3033 5115 3173 5168 Ecce
3210 5115 3368 5182 igitur
3396 5124 3448 5164 cl.

1882 5222 1983 5273 i318
2015 5233 2116 5273 non
2151 5231 2367 5272 veretur
2395 5230 2490 5270 sua
2524 5223 2732 5267 secreta
2763 5209 3018 5279 pandere,
3043 5207 3139 5260 sed
3170 5207 3266 5267 ait,
3302 5223 3318 5254 ι
3347 5203 3448 5269 Qui

1883 5310 2018 5365 dixit
2075 5309 2205 5363 mihi
2243 5308 2422 5362 Omnia
2490 5321 2610 5374 qua:
2671 5301 2796 5357 feci.
2841 5320 2860 5354 ι
2889 5299 3150 5366 Quamvis
3195 5303 3369 5366 posset
3398 5303 3453 5348 et

1883 5403 2039 5457 aliter
2068 5401 2300 5456 dicere:
2356 5397 2568 5460 Venite,
2626 5395 2804 5449 videte
2838 5392 3154 5462 prophetam
3215 5388 3448 5458 prophe-

1886 5503 2088 5546 tantem
2122 5501 2218 5545 :at
2259 5505 2363 5542 non
2419 5489 2517 5542 sic.
2579 5484 2891 5540 Contemnit
2932 5492 3110 5536 autem
3145 5494 3298 5534 suam
3332 5472 3450 5544 glo-

1885 5584 2043 5648 riam,
2083 5591 2131 5633 et
2162 5581 2228 5633 ad
2267 5579 2369 5634 hoc
2424 5577 2596 5632 solum
2641 5583 2874 5645 spectat,
2912 5583 2971 5627 ut
3025 5571 3276 5642 praedicet
3312 5565 3454 5620 verit

1887 5685 2068 5731 tatem.
2098 5671 2214 5727 Non
2247 5672 2377 5727 dicit
2406 5680 2604 5736 autem,
2657 5667 2756 5724 llic
2781 5676 2866 5724 est
2897 5665 3167 5734 Christus,
3210 5659 3452 5716 allirma-s
