3920 6560
156 431 292 495 12ίὸ

845 436 1290 502 ENAltRATlO
1334 442 1414 502 ΙΝ
1455 443 1728 505 EVANG]

1831 444 1954 506 :UM
1997 445 2340 509 JOANNIS.
2379 473 2452 485 --
2478 434 2636 511 CAP.
2679 438 2771 511 ιν.

3271 448 3408 513 1216

151 549 395 613 δοθέντες
432 548 594 619 αὐτῇ,
632 551 739 604 ὁὲν
766 549 840 621 τῷ
864 554 1201 626 παραδείσῳ,
1255 558 1283 609 6
1316 557 1410 611 ἐπὶ
1447 555 1543 610 τοῦ
1578 558 1724 624 Νῶε,

1831 559 2012 627 itaque
2034 560 2272 628 quinque
2303 557 2516 630 legibus
2567 562 2858 632 conjuncta
2906 568 3098 616 natura
3123 569 3180 617 et
3202 570 3410 619 sextam

149 642 180 694 6
209 642 301 694 ἐπὶ
329 639 421 693 τοῦ
466 641 744 713 Ἀϐραὰμ,
773 644 800 695 6
839 642 931 696 ἐπὶ
968 644 1062 696 τοῦ
1109 646 1374 713 Μωσέως,
1407 650 1435 701 6
1475 647 1564 701 διὰ
1615 648 1725 701 τῶν

153 732 474 805 προφητῶν.
522 731 583 786 Ὀ
611 733 737 787 Νῶε
771 735 879 806 γὰρ
904 736 1042 806 μετὰ
1067 737 1160 790 τὸν
1187 737 1575 809 κατακλυσμὸν
1600 740 1725 793 δια-

150 826 323 895 ταγήν
348 839 470 878 τινα
490 823 732 892 ἐδέξατο,
765 827 860 880 καὶ
888 829 917 881 6
950 827 1204 899 Ἀϐραὰμ
1233 828 1333 900 τὴν
1376 830 1481 898 τῆς,
1505 845 1726 900 περιτο-

158 918 283 988 μῆς.
318 916 542 981 Τούτοις
597 917 693 972 οῦν
730 923 844 984 τοῖς
897 921 1060 975 πέντε
1108 923 1296 992 νόμοις
1345 922 1640 990 συζυγεῖσα
1688 925 1721 994 ἡ

154 1008 336 1075 φύσις,
362 1010 454 1063 καὶ
493 1011 652 1065 ἕκτον
683 1013 1025 1083 προσέλαϐεν
1081 1014 1311 1086 ὕστερον
1341 1008 1400 1068 δν
1438 1017 1538 1069 οὐκ
1579 1011 1725 1087 εἶχεν

150 1096 337 1166 ἄνδρα,
370 1099 493 1152 οὐδὲ
528 1099 803 1171 συνεζύγη
832 1103 1067 1167 οὐδέπω,
1104 1104 1196 1156 τὸν
1237 1108 1337 1177 τῆς
1364 1106 1570 1175 Καινῆς
1594 1109 1725 1160 Δια-

153 1185 345 1259 θήκης.
376 1190 608 1261 Νοήσειε
641 1191 688 1245 δ’
718 1193 785 1247 ἄν
807 1210 891 1257 τις
935 1193 1094 1248 ἕκτον
1126 1196 1309 1266 νόμον,
1349 1196 1406 1250 δν
1436 1197 1602 1270 ἄνδρα
1624 1198 1727 1252 οὐκ

112 1310 118 1315 ι
152 1274 297 1350 εἶχεν
326 1283 359 1352 ἡ
390 1282 575 1351 φύσις,
609 1283 701 1338 τὸν
749 1288 849 1357 τῆς
890 1286 1361 1358 είδωλολατρείας.
1388 1288 1590 1343 Τοῦτον
1614 1290 1724 1361 γὰρ

150 1371 218 1441 δὴ
249 1372 341 1425 τὸν
369 1375 533 1445 νόμον
565 1376 667 1429 οὐκ
701 1374 850 1447 εἶχεν
882 1379 946 1432 ἐκ
974 1378 1109 1433 Θεοῦ
1141 1380 1361 1435 δοθέντα
1392 1384 1532 1455 αὐτῇ
1563 1383 1728 1449 σύζυ-

150 1482 269 1535 γον,
297 1467 412 1520 ἀλλ’
444 1468 521 1529 ὡς
564 1470 815 1541 μοιχαλὶς
856 1470 1116 1541 ἐμίγνυτο
1173 1473 1371 1545 τούτῳ.
1406 1477 1497 1530 Δι’)
1558 1478 1658 1531 καὶ
1695 1479 1724 1531 6

153 1560 442 1632 πῳψήτης
471 1563 629 1631 φησίδ
661 1581 681 1616 ι
719 1563 827 1618 Καὶ
860 1565 1161 1636 ἑμοιχῶντο
1184 1569 1240 1621 ὲν
1267 1566 1344 1638 τῷ
1370 1567 1543 1640 ξύλῳ·
1576 1587 1595 1622 ι
1629 1571 1725 1624 καὶ

152 1652 332 1706 πάλιν·
372 1671 392 1705 ι
448 1654 884 1726 Ἐξεπόρνευσαν
912 1657 1091 1711 ὀπίσω
1121 1659 1324 1722 παντὸς
1356 1659 1537 1726 ξύλου,
1573 1676 1592 1713 ι
1632 1661 1722 1715 δια

163 1740 234 1793 τὰ
262 1742 477 1809 γλυπτά
508 1744 710 1815 δηλαδὴ
730 1747 825 1800 καὶ
855 1746 1136 1819 τάῖδένδρα
1162 1748 1197 1803 ἃ
1220 1749 1447 1821 ὲτίμων.
1473 1751 1567 1815 El;
1591 1758 1722 1805 τοσ-

148 1831 304 1884 οῦτον
324 1834 432 1906 γὰρ
484 1837 1219 1911 ἀνοησίαςί“ὲξετραχη>.ίσθη
1274 1841 1307 1911 ἡ
1358 1843 1542 1911 φύσις,
1575 1841 1719 1896 ὥστε

147 1922 242 1974 καὶ
268 1922 507 1994 δένδροις
532 1925 758 1997 ὡραίοις
794 1928 884 1983 διὰ
913 1931 975 1983 τὸ
1000 1930 1198 1993 κάλλος
1229 1929 1401 1994 θύειν,
1449 1932 1719 2002 κυπαρίσ-

148 2029 265 2078 σοις
318 2019 414 2071 καὶ
436 2017 748 2088 πλατάνοις,
776 2021 872 2074 καὶ
899 2026 1014 2088 τοῖς
1043 2023 1328 2086 τοιούτοις.
1369 2023 1500 2077 Ὅτε
1540 2024 1719 2078 τοίνυν

146 2110 241 2164 τὸν
278 2110 438 2165 ἕκτον
465 2111 657 2166 τοῦτον
710 2113 898 2183 μοιχὸν
936 2117 965 2169 6
1011 2115 1298 2187 ἄνθρωπος
1345 2115 1591 2187 ἔστερξε,
1627 2115 1721 2169 καὶ

146 2200 229 2264 είς
249 2199 690 2273 εἰδωλολατρείας
715 2202 1070 2274 ὲξωλίσθησε,
1100 2205 1221 2258 τότε
1245 2207 1272 2258 6
1307 2205 1513 2277 Κύριος
1549 2205 1722 2260 ἐλθὼν

146 2293 483 2347 ἀπαλλάττει
509 2296 658 2365 ἡμᾶς
692 2298 900 2367 ταύτης
926 2314 942 2330 ·
975 2297 1056 2351 διδ
1076 2298 1168 2351 καί
1198 2315 1363 2369 φησιν
1383 2314 1397 2329 ο
1427 2317 1445 2351 ι
1483 2301 1579 2351 ’ον
1623 2298 1721 2352 νῦν

145 2383 311 2455 ἔχεις.
350 2409 372 2438 ο
404 2387 514 2438 Καὶ
537 2386 646 2457 γὰρ
677 2386 849 2450 ὅντως
873 2389 1016 2442 κατὰ
1046 2390 1174 2453 τοὺς
1200 2389 1300 2460 τῆς
1334 2388 1429 2441 τοῦ
1474 2390 1716 2459 Χριστοῦ

144 2480 453 2550 παρουσίας
474 2480 704 2551 χρόνους
726 2483 807 2546 εξς
848 2482 1204 2553 Ἐλληνισμδν
1231 2484 1326 2536 καὶ
1360 2481 1635 2537 Ἰουδαίων
1669 2484 1720 2537 οἱ

147 2574 446 2643 σοφώτεροι
482 2573 867 2645 ἐξετράπησαν
891 2591 907 2606 θ
934 2578 1023 2628 καὶ
1049 2575 1199 2647 δηλοῖ
1218 2578 1250 2648 ἡ
1272 2575 1380 2629 τῶν
1409 2577 1722 2649 Φαρισαίων

142 2664 377 2733 αἵρεσις,
399 2663 711 2736 εἱμαρμένῃ
734 2668 827 2719 καὶ
844 2666 1169 2741 ἀστρολογίᾳ
1190 2669 1542 2726 πιστεύουσα.
1566 2673 1721 2726 Ἔστι

140 2756 203 2810 δὲ
238 2755 566 2828 Σαμαρεῖτις
594 2760 691 2813 καὶ.
727 2760 879 2813 πᾶσα
932 2761 1077 2833 ψυχὴ
1106 2764 1139 2834 ή
1172 2767 1293 2828 ταῖς
1316 2762 1480 2819 πέντε
1521 2766 1720 2839 αἰσθήο

145 2864 302 2901 σεσιν
325 2849 537 2918 ἀλόγως
601 2850 959 2921 ὑποζυγεῖσα,
984 2850 1102 2907 εἶτα
1129 2856 1226 2910 καὶ
1245 2857 1342 2928 τὴν
1369 2876 1435 2910 πε
1447 2858 1500 2930 ρὶ
1527 2861 1594 2912 τὰ
1634 2859 1722 2913 δό-

142 2943 342 3009 τματα
367 2941 786 3012 σφαλερώτατα,
804 2937 917 2996 οἷόν
937 2961 1057 2997 τινα
1075 2944 1231 2999 ἕκτον
1267 2949 1454 3017 μοιχὸν
1487 2947 1724 3019 προσλαι

140 3031 374 3102 ϐομένη,
412 3032 481 3104 ἦν
529 3035 557 3087 6
592 3032 800 3102 Ἰησοῦς
849 3035 1157 3106 εὐεργετεῖ,
1214 3036 1335 3091 εἴτε
1391 3040 1477 3093 διὰ
1507 3039 1596 3093 τοῦ
1631 3040 1725 3112 βα-

143 3124 478 3194 πτίσματος,
503 3125 611 3179 εἴτε
639 3125 725 3179 διὰ
742 3126 840 3197 τῆς
859 3127 1044 3197 πηγῆς
1072 3128 1182 3181 τῶν
1216 3130 1488 3200 δακρύων.
1520 3133 1627 3186 Καὶ
1656 3133 1724 3186 τὰ

1832 652 2064 721 accepit,
2094 666 2256 722 quam
2300 660 2480 717 tamen
2530 670 2634 709 non
2678 654 2912 711 habebat
2939 665 2996 710 ut
3035 654 3235 710 virum.
3262 654 3413 711 Non-

1830 745 1957 800 dum
1985 745 2128 800 enim
2164 745 2532 817 conjungebat
2561 745 2667 802 sibi
2692 746 2865 818 legem
2889 746 3025 803 Novi
3051 748 3409 804 Testamenti.

1830 835 2168 891 intellexerit
2196 835 2353 908 561
2399 845 2580 891 autem
2647 839 2769 906 quis
2807 852 2905 908 per
2953 828 3163 895 sextam
3212 839 3405 907 legem,

1828 940 1992 996 quam
2019 924 2274 980 utvirum
2303 942 2408 980 non
2448 924 2684 981 habebat
2709 934 2922 992 natura,
2948 927 3121 995 legem
3178 926 3405 982 idolola-

1829 1017 1965 1072 triae.
1993 1017 2142 1073 Hanc
2169 1018 2314 1073 enim
2358 1018 2532 1089 legem
2590 1033 2697 1073 non
2738 1017 2975 1074 habebat
3017 1034 3047 1074 a
3084 1020 3190 1074 Deo
3222 1021 3403 1075 datam

1830 1108 1934 1162 sibi
1963 1109 2276 1180 coniugem,
2305 1111 2401 1166 sed
2431 1110 2574 1167 velut
2609 1109 2922 1166 adulterum
2968 1111 3234 1182 iungebat
3277 1113 3403 1168 sibi.

1839 1196 1966 1254 ldeo
1997 1208 2052 1256 et
2085 1203 2347 1272 prepheta
2392 1203 2565 1263 dicit:
2603 1223 2623 1258 ι
2665 1204 2732 1260 Ει
2759 1205 3206 1261 adulterabantur
3258 1208 3311 1262 in
3344 1208 3411 1261 li-

1828 1307 1933 1362 gno
1974 1293 2040 1348 ⁸⁸.
2072 1310 2091 1347 ι
2149 1293 2216 1350 Ει
2266 1296 2485 1362 iterum,
2549 1316 2568 1350 ι
2635 1297 2912 1354 Fornicati
2968 1305 3092 1365 post
3135 1313 3294 1353 omne
3339 1301 3407 1352 li-

1828 1399 1991 1455 gnum
2028 1385 2096 1452 “,
2150 1404 2170 1438 ι
2226 1397 2448 1457 propter
2487 1387 2756 1458 sculptilia
2824 1387 3035 1442 scilicet
3085 1394 3139 1442 et
3182 1388 3407 1451 arbort‘s

1828 1491 1964 1547 quas
1988 1476 2262 1533 colebant.
2302 1477 2381 1533 Eo
2405 1480 2550 1535 enim
2597 1480 2884 1535 dementia:
2940 1488 3261 1549 pervenerat
3304 1494 3403 1531 na-

1829 1577 1972 1637 tura,
2009 1579 2070 1625 ut
2098 1576 2153 1626 et
2178 1571 2467 1628 arboribus
2517 1572 2761 1643 pulchris
2788 1583 3011 1643 propter
3044 1571 3405 1641 pulchritudi-

1829 1678 1949 1718 nem
2005 1663 2362 1728 sacrillcaret,
2415 1666 2711 1736 cyparissis
2743 1665 3013 1730 videlicet,
3058 1673 3113 1719 et
3152 1663 3400 1730 platanis,

1826 1762 1880 1812 ct
1913 1755 2204 1812 similibus.
2230 1754 2457 1823 Quando
2489 1758 2650 1827 igitur
2675 1765 2888 1812 sextum
2912 1757 3060 1810 illttm
3097 1756 3402 1810 adulterum

1818 1846 2077 1901 hemines
2103 1845 2429 1914 dilexerunt,
2482 1856 2536 1903 et
2576 1848 2628 1902 in
2672 1849 3032 1903 idololatriam
3065 1849 3402 1912 exciderunt,

1826 1945 1953 1994 tunc
1981 1938 2241 1996 Dominus
2270 1943 2493 1996 veniens
2535 1941 2781 1995 liberavit
2822 1955 2922 1995 nos
2973 1940 3042 1995 ab
3064 1956 3148 1995 ea.
3191 1939 3318 1994 ideo
3349 1946 3404 1993 et

1826 2030 1975 2097 dicit,
2008 2042 2028 2083 ι
2067 2029 2236 2097 Quem
2264 2044 2409 2087 nunc
2444 2032 2632 2087 babes.
2669 2050 2688 2083 ι
2718 2030 2849 2085 Nam
2883 2031 3128 2098 profecto
3156 2040 3400 2100 tempore

1822 2119 2087 2174 adventus
2115 2121 2242 2175 Jesu
2280 2119 2511 2187 Christi,
2557 2121 2721 2176 etiam
2756 2119 3068 2174 Iudaeorum
3105 2121 3407 2189 sapientio-

1824 2223 1916 2265 res
1943 2211 1995 2264 in
2035 2211 2318 2280 gentilium
2345 2226 2590 2268 errorem
2627 2213 2953 2268 inciderant.
2986 2210 3050 2266 Et
3079 2211 3403 2266 manifesta-

1825 2302 1902 2355 vit
1932 2303 2034 2357 hoc
2084 2302 2482 2359 Pharisaeorum
2524 2304 2768 2370 Itmresis,
2805 2319 2926 2375 quae
2948 2303 3058 2359 fato
3088 2313 3143 2358 et
3172 2304 3403 2359 astrolo-

1824 2394 1926 2465 giae
1955 2395 2235 2450 credebat.
2259 2395 2358 2451 Est
2386 2405 2441 2450 et
2472 2394 2823 2452 Samaritana
2848 2397 3027 2451 omnis
3049 2396 3251 2459 anima,
3286 2408 3406 2465 quas

1824 2489 2075 2543 sensibus
2097 2489 2341 2559 quinque
2369 2489 2744 2559 imprudenter
2781 2487 3025 2558 subjecta
3067 2497 3168 2552 est,
3211 2489 3406 2543 deinde

1824 2580 2189 2650 periculosam
2239 2581 2541 2635 doctrinam
2596 2579 2764 2635 veluti
2833 2588 3047 2634 sextum
3118 2579 3403 2648 quemdam

1824 2673 2129 2727 adulterum
2165 2673 2412 2743 suscipit,
2440 2674 2524 2728 cui
2555 2671 2713 2729 Iesus
2739 2672 3032 2739 benefacit,
3056 2672 3140 2725 vel
3183 2686 3277 2741 per
3303 2673 3404 2725 ba.

1824 2767 2106 2833 ptismum,
2140 2767 2219 2821 vel
2250 2780 2347 2837 per
2378 2766 2577 2822 fontem
2627 2767 3008 2838 lactymarum.
3047 2764 3181 2819 Nam
3223 2773 3277 2819 et
3324 2764 3405 2818 la-

1822 2871 2021 2929 crymae
2054 2857 2175 2912 fons
2204 2856 2371 2913 Jacob
2402 2858 2676 2923 dicuntur,
2709 2867 2890 2913 mente
2933 2868 3115 2911 nostra
3142 2855 3406 2925 supplan-

1824 2955 1972 3001 tante
2002 2946 2265 3001 malitiam
2300 2964 2312 3001 :
2339 2959 2404 3001 ex
2429 2963 2535 3017 qua
2567 2963 2706 3018 aqua
2747 2956 2802 3001 et
2832 2947 2945 3014 ipsa
2977 2961 3130 2999 tuens
3165 2944 3321 3008 bibit,
3353 2954 3409 2998 et

1825 3039 2182 3110 cogitationes
2204 3040 2348 3112 ejus,
2374 3054 2495 3111 qua!
2518 3041 2612 3095 lilii
2661 3041 2936 3104 dicuntur,
2969 3048 3024 3094 et
3055 3054 3274 3109 pecora,
3308 3054 3407 3091 ceu

1828 3133 2175 3189 irrationales
2231 3146 2412 3205 partes
2450 3136 2666 3201 animm,
2721 3135 2801 3189 ira
2843 3145 2900 3189 et
2939 3132 3405 3203 concupiscentia.

140 3213 484 3284 δάκρυαγὰρ
510 3215 687 3286 φρέαρ
713 3214 807 3268 τοῦ
852 3215 1053 3269 Ἰακὼϐ
1079 3218 1146 3270 ἂν
1177 3217 1439 3288 λεχθεῖεν,
1462 3219 1554 3272 τοῦ
1582 3222 1716 3289 ἠμε-

1831 3226 2102 3298 Lacryma:
2134 3227 2282 3282 enim
2309 3228 2474 3283 menti
2524 3236 2580 3284 et
2629 3229 3047 3300 cogitationibus
3089 3237 3141 3281 et
3178 3226 3405 3296 reliquis

139 3300 309 3369 τέρου
364 3302 476 3369 νοῦ,
525 3303 621 3357 τοῦ
660 3305 1044 3375 πτερνίζοντος
1086 3306 1187 3377 τὴν
1236 3308 1455 3364 κακίαν.
1521 3311 1611 3376 Ἐξ
1656 3305 1718 3366 οὖ

1831 3317 1884 3370 in
1919 3316 2262 3389 refrigerium
2301 3320 2456 3374 llunt.

142 3393 342 3458 ὕδατος
372 3396 534 3460 αὐτός
559 3413 620 3450 τε
649 3397 678 3449 6
718 3396 842 3460 νοῦς
875 3398 1041 3461 πίνει,
1091 3399 1186 3451 καὶ
1212 3399 1261 3452 οί
1307 3400 1415 3453 uiui.
1475 3402 1643 3456 αὐτοῦ
1706 3404 1757 3458 οἱ
1798 3407 2071 3478 λογισμοὶ,
2104 3410 2200 3464 καὶ
2245 3408 2316 3463 τὰ
2377 3408 2675 3481 θρέμματα
2707 3407 2897 3471 αὐτοῦ,
2943 3410 3011 3463 τὰ
3059 3407 3230 3477 ἄλογα
3267 3410 3413 3481 μέρη

136 3491 248 3560 τῆς
280 3488 480 3559 ψυχῆς,
508 3488 678 3557 θυμὸς
715 3490 809 3543 καὶ
835 3488 1134 3562 ἐπιθυμία-
1166 3491 1235 3547 τὰ
1268 3491 1377 3564 γὰρ
1402 3491 1613 3565 δάκρυα
1645 3496 1722 3568 τῷ
1762 3497 1838 3565 νῷ
1903 3501 1998 3553 καὶ
2069 3504 2182 3566 τοῖς
2217 3501 2500 3572 λογισμοῖς
2553 3502 2648 3554 καὶ
2697 3503 2813 3563 τοῖς
2841 3502 3049 3565 λοιποῖς
3086 3503 3166 3564 είς
3189 3501 3405 3573 ἀναψυ-

139 3584 252 3657 χὴν
276 3585 534 3654 γίνονται.

224 3701 243 3734 ι
298 3680 383 3734 Ἐν
410 3680 466 3734 δὲ
491 3681 568 3752 τῷ
600 3682 803 3753 μεταξὺ
834 3682 1061 3754 ἠρώτων
1091 3683 1253 3736 αὒτδν
1280 3684 1328 3737 οἱ
1363 3686 1604 3755 μαθηταὶ
1632 3690 1726 3740 αύ-

139 3775 278 3841 τοῦ,
322 3774 608 3844 λέγοντες·
649 3775 902 3844 Ῥαϐϐει,
936 3777 1100 3846 φάγε.
1153 3777 1263 3830 Καὶ
1306 3775 1459 3831 εἶπεν
1510 3780 1725 3846 αὐτοῖς·

156 3864 305 3936 Ἐγὼ
352 3866 555 3937 βρῶσιν
605 3867 714 3939 ἔχω
767 3872 993 3937 φαγεῖν,
1036 3871 1102 3940 ἣν
1156 3870 1313 3940 ὑμεῖς
1364 3871 1466 3924 οὐκ
1525 3873 1725 3927 οἴδατε.

144 3959 383 4029 Ἔλεγον
403 3955 496 4013 οὖν
520 3960 571 4014 οἱ
603 3961 848 4030 μαθηταὶ
881 3961 1016 4031 πρὸς
1039 3961 1301 4032 ἀλλήλους
1318 3979 1333 3994 ·
1358 3963 1536 4033 Μῆτις
1570 3963 1730 4034 ἠνεγ-

143 4071 250 4109 κεν
288 4053 438 4124 αὐτῷ
495 4056 727 4123 φαγεῖνς
780 4055 944 4122 Λέγει
976 4055 1158 4118 αὐτοῖς
1198 4056 1226 4107 6
1270 4054 1476 4124 Ἰησοῦς
1503 4072 1517 4089 ο
1566 4056 1729 4126 Ἐμὸν

144 4146 354 4219 βρῶμά
379 4149 547 4212 ἐστιν,
581 4145 668 4199 ἴνα
699 4146 837 4198 ποιῶ
862 4146 922 4198 τὸ
952 4145 1165 4216 θέλημα
1194 4144 1288 4198 τοῦ
1313 4146 1628 4217 πέμψαντός
1661 4166 1728 4217 με

144 4240 249 4293 καὶ
271 4236 544 4292 τελειώσω
576 4236 741 4290 αὑτοῦ
764 4238 824 4290 τὸ
853 4238 1031 4309 ἔργον.
1065 4256 1084 4290 ι
1130 4238 1388 4309 Ἥρώτων
1408 4240 1458 4292 οἱ
1489 4239 1732 4309 μαθηταὶ

142 4331 244 4383 τὸν
267 4329 490 4402 Κύριον,
524 4329 648 4383 ἀντὶ
676 4329 792 4395 τοῦ,
826 4329 1192 4399 παρεκάλουν,
1227 4329 1367 4384 ὥστε
1395 4333 1609 4400 φαγεῖν,
1632 4333 1734 4385 οὐκ

143 4427 218 4479 ἐκ
252 4423 559 4495 προπετοῦς
588 4423 834 4494 γνώμης,
870 4421 987 4477 ἀλλ’
1020 4423 1085 4474 ὲκ
1110 4423 1315 4491 πολλῆς
1350 4425 1734 4495 φιλοστοργίας

145 4514 260 4589 στῆς
303 4516 438 4589 πρὸς
472 4516 565 4569 τὸν
609 4514 968 4569 διδασκαλονο
1002 4515 1099 4568 καὶ
1146 4517 1256 4587 γὰρ
1309 4516 1536 4571 ἔϐλεπον
1572 4518 1736 4572 αὐτὸν

1900 3691 2069 3746 Vsus.
2112 3691 2301 3747 51-54.
2345 3708 2364 3743 ι
2419 3688 2630 3746 interea
2683 3688 2949 3758 rogabant
2992 3702 3114 3742 eum
3161 3687 3411 3756 discipuli

1825 3783 2070 3838 dicentes
2126 3799 2141 3837 :
2199 3778 2410 3845 Rabbi,
2446 3781 2686 3836 comede.
2726 3780 2819 3835 ille
2858 3789 3038 3835 autem
3081 3780 3219 3833 dixit
3269 3781 3349 3833 eis
3396 3798 3410 3834 :

1824 3874 1938 3944 Ego
1971 3876 2150 3929 cibum
2184 3873 2356 3930 habeo
2390 3874 2808 3938 comedendum,
2842 3887 2999 3940 quem
3032 3889 3127 3926 vos
3162 3873 3410 3927 nescitis.

1826 3963 2089 4020 Dicebant
2122 3978 2252 4034 ergo
2298 3961 2546 4031 discipuli
2595 3963 2739 4016 inter
2767 3976 2826 4015 se
2855 3980 2867 4015 :
2898 3961 3039 4013 Num
3073 3961 3194 4028 quis
3231 3959 3414 4012 attulit

1824 4059 1873 4115 ei
1914 4058 2058 4129 quod
2086 4056 2308 4111 ederet?
2346 4056 2483 4110 Dicit
2509 4054 2559 4109 ei
2600 4053 2799 4108 Jesus:
2841 4051 2990 4106 Meus
3026 4051 3181 4104 cibus
3213 4060 3317 4113 est,
3355 4054 3414 4102 ut

1825 4151 2019 4206 faciam
2055 4150 2194 4217 quod
2227 4148 2340 4203 vult
2368 4148 2414 4203 is
2443 4148 2532 4217 qui
2568 4145 2718 4201 misit
2747 4160 2854 4206 me,
2877 4152 2931 4197 et
2963 4143 3243 4212 perficiam
3275 4156 3414 4211 opus

1826 4241 1962 4311 ejus.
1996 4260 2016 4293 ι
2054 4233 2337 4309 Bogabaut
2367 4236 2618 4308 discipuli
2650 4235 2964 4297 Dominum,
2994 4234 3093 4287 ltoc
3127 4241 3229 4296 est,
3256 4231 3415 4285 obse-

1831 4334 2056 4389 crahant
2114 4338 2173 4386 ut
2220 4329 2535 4387 comederet
2589 4346 2604 4383 :
2667 4341 2776 4381 non
2827 4324 3118 4380 temeraria
3177 4323 3415 4392 quadam

1833 4431 2035 4490 mente,
2068 4421 2166 4478 sed
2196 4432 2390 4489 magna
2425 4415 2715 4471 dilectione
2742 4428 2869 4484 erga
2906 4411 3251 4481 magistrum.
3288 4408 3417 4463 Ete-

1836 4516 1946 4569 nim
1969 4513 2225 4568 videbant
2258 4511 2434 4580 ipsum
2473 4506 2825 4576 defatigatum
2848 4519 2912 4558 ex
2942 4502 3134 4557 itinere
3156 4508 3210 4554 et
3239 4497 3418 4553 calore

147 4586 478 4680 κεκμηιιότα
514 4609 619 4662 ὑπὸ
650 4610 750 4679 τῆς
780 4607 1086 4680 ὁδοιπορίας
1119 4586 1342 4677 καὶτῆς
1378 4611 1728 4682 ἐπικειμένης

1840 4606 2121 4675 ﬂagrante.
2153 4603 2411 4657 Dominus
2445 4610 2624 4653 autem
2658 4596 2838 4650 sciens
2871 4592 3265 4648 Samaritanam
3302 4586 3418 4641 fere

147 4704 377 4774 φλογός.
424 4703 483 4756 Ὀ
522 4702 578 4756 δὲ
608 4701 833 4771 Κύριος,
876 4706 1160 4768 γινώσκων
1207 4702 1288 4755 ὃτι
1331 4704 1364 4772 ἡ
1406 4702 1736 4772 Σαμαρεῖτις

154 4797 347 4870 μέλλει
378 4793 786 4849 ἐπισπάσασθαι
834 4794 1015 4846 πᾶσαν
1047 4793 1230 4864 σχεδὸν
1270 4793 1369 4864 τὴν
1416 4794 1571 4847 πόλιν
1601 4794 1737 4864 πρὸς

150 4888 349 4952 αὐτὸν,
396 4889 491 4941 καὶ
550 4887 633 4941 ὅτι
682 4879 1048 4939 πιστεὺσωσιν
1075 4883 1226 4955 αὐτῷ
1279 4885 1329 4937 oi
1377 4885 1742 4956 Σαμαρεῖται,

160 4996 183 5035 α
230 4978 393 5048 Ἐγὼ,
427 4978 590 5047 φησι,
626 4975 824 5047 βρῶσιν
849 4975 958 5045 ἔχω
1029 4976 1257 5044 φαγεῖν,
1296 4990 1315 5025 ι
1357 4976 1602 5028 τουτέστι
1643 4974 1742 5044 τὴν

158 5072 444 5141 σωτηρίαν
459 5069 568 5123 τῶν
593 5067 916 5139 ἀνθρώπων·
938 5065 1082 5120 οὕτω
1103 5066 1212 5138 γὰρ
1232 5067 1439 5137 ταύτης
1464 5067 1739 5133 ἐπιθυμῶ,

152 5166 239 5229 ὡς
289 5161 462 5226 οὐδεὶς
497 5160 652 5231 ὑμῶν
691 5160 788 5230 τῆς
823 5158 1088 5229 αἰσθητῆς
1121 5157 1397 5229 βρώσεως.
1429 5157 1647 5228 Ταύτην
1685 5158 1743 5211 δὲ

155 5259 264 5328 τὴν
299 5256 521 5328 βρῶσιν,
558 5254 626 5326 ἢν
659 5254 769 5324 ἔχω
803 5254 1029 5321 φαγεῖν,
1065 5252 1220 5323 ὑμεῖς
1260 5251 1310 5304 oi
1351 5251 1590 5322 μαθηταί
1643 5267 1742 5320 μου

156 5352 268 5404 οἰκ
298 5349 499 5403 οἴδατε.
532 5346 731 5416 Παχεῖς
765 5346 875 5415 γὰρ
914 5343 1066 5406 ὄντες
1097 5343 1198 5407 ἔτι,
1232 5343 1324 5396 καὶ
1359 5343 1432 5413 μὴ
1455 5341 1744 5411 δυνάμενοι

158 5443 358 5510 νοῆσαι
391 5439 459 5493 τὰ
487 5435 900 5507 αἰνιγματωδῶς
930 5433 1022 5488 ὑπ’
1051 5434 1187 5505 ἐμοῦ
1217 5434 1509 5504 λεγόμενα,
1542 5434 1642 5486 οὐκ
1669 5434 1748 5486 οῖ-

155 5537 291 5590 δατε
328 5534 411 5587 ὃτι
451 5531 653 5602 βρῶσιν
676 5527 926 5598 ὀνομάζω
952 5526 1051 5599 τὴν
1081 5526 1189 5581 τῶν
1220 5526 1524 5598 ἀνθρώπων
1565 5540 1738 5596 σωτηο

160 5628 314 5699 ρίαν.
347 5623 460 5679 Καὶ
507 5621 683 5684 ἄλλως
723 5619 777 5672 δέ
807 5633 821 5647 ⁸
851 5619 964 5672 Οὔκ
1011 5618 1188 5672 οἴδατε
1221 5619 1427 5688 ταύτην
1459 5617 1555 5689 τὴν
1594 5617 1731 5689 βρῶ·

162 5734 279 5775 (ειν⁵
331 5718 392 5770 ού
459 5714 570 5785 γὰρ
619 5711 960 5783 γινώσκετε,
1013 5713 1096 5766 ὅτι
1149 5710 1500 5766 πιστεύσουσί
1548 5729 1636 5782 μοι
1692 5712 1741 5765 οἱ

248 5906 292 5939 ³⁸
322 5903 436 5961 Jer.
487 5918 569 5969 ttt,
602 5904 656 5959 6.
738 5903 780 5935 ”
810 5900 1009 5957 Ezecb.
1045 5915 1195 5968 χχιιι,
1230 5899 1319 5953 57.

1837 4707 2005 4752 totam
2042 4696 2321 4750 civitatem
2361 4693 2427 4746 ad
2459 4706 2520 4745 se
2551 4699 2920 4749 evocaturam,
2955 4691 3010 4738 et
3043 4682 3418 4738 Samaritauos

1836 4791 1888 4845 itt
1920 4804 1978 4845 se
1998 4786 2305 4843 credituros
2336 4802 2350 4838 :
2381 4802 2399 4836 ι
2438 4783 2570 4853 Ego,
2605 4781 2801 4848 inquit,
2832 4779 3011 4833 cibum
3040 4777 3212 4830 habeo
3237 4786 3421 4826 conte-

1837 4883 2092 4945 dendum,
2128 4898 2146 4930 ι
2180 4879 2283 4932 hoc
2307 4886 2412 4940 est,
2446 4875 2673 4928 salutem
2704 4871 2984 4925 hominum
3022 4888 3036 4923 :
3073 4881 3235 4936 quam
3270 4872 3419 4918 tanto

1838 4974 2108 5031 desiderio
2136 4971 2349 5035 avebat,
2380 4978 2584 5039 quanto
2617 4965 2795 5019 nullus
2820 4971 3061 5017 nostrum
3100 4957 3417 5013 sensibilem

1838 5067 2040 5122 cibum.
2075 5063 2232 5117 ilunc
2271 5071 2450 5116 autem
2497 5059 2676 5112 cibum
2711 5070 2870 5125 quem
2914 5051 3084 5106 habeo
3109 5048 3417 5107 comedere.

1840 5172 1936 5212 vos
1984 5155 2232 5225 discipuli
2277 5153 2381 5208 mei
2429 5150 2670 5206 nescitis.
2720 5144 2904 5203 Ci'assi
2970 5142 3112 5197 enim
3156 5155 3277 5194 cum
3320 5143 3419 5192 vos

1841 5249 2017 5305 adhuc
2053 5249 2197 5313 sitis,
2232 5256 2287 5302 et
2318 5243 2617 5314 intelligere
2653 5237 2935 5309 nequeatis
2970 5246 3090 5304 qua;
3133 5232 3421 5286 obscurius
3524 5306 3536 5317 κ

1843 5358 1873 5396 a
1904 5355 1989 5398 me
2017 5341 2307 5405 dicuntur,
2332 5336 2555 5393 nescitis
2587 5333 2729 5403 quod
2764 5332 2942 5385 cibum
2977 5326 3204 5381 salutem
3240 5323 3419 5377 homi-

1844 5446 1973 5488 num
2002 5432 2296 5488 nominem.
2326 5430 2391 5484 Et
2418 5429 2609 5484 aliter:
2633 5424 2784 5479 llunc
2803 5422 2980 5477 cibum
3003 5416 3243 5480 nescitis,
3271 5416 3422 5482 ῑκιιοδ

1847 5526 1979 5582 ratis
2008 5525 2152 5581 enim
2182 5523 2326 5595 quod
2357 5520 2684 5578 Samaritani
2722 5512 2983 5571 credituri
3027 5519 3151 5565 sunt
3189 5507 3318 5561 mihi
3364 5510 3419 5559 et

1851 5618 2224 5673 salvabtmtur.
2256 5614 2395 5682 Quid
2427 5613 2589 5683 igitur
2621 5606 2912 5679 discipuli?
2946 5602 3134 5658 Adhuc
3177 5598 3421 5653 dubitant

1851 5726 1975 5766 num
2023 5711 2144 5779 quis
2184 5707 2453 5762 attulisset
2492 5705 2541 5760 ei
2586 5702 2728 5774 quod
2761 5700 3029 5759 comedat.
3082 5693 3196 5750 Non
3240 5699 3417 5745 autent
