3960 6454
519 401 657 468 12H

1363 400 1947 464 THEOPHYLACTI
1993 403 2091 464 BU
2102 404 2404 465 LGARIJZ
2446 407 2800 468 ARCIIIEP.

3652 399 3778 467 1243

516 522 740 583 propter
780 510 993 566 solitam
1040 511 1279 583 ipsorum
1334 514 1694 567 reverentiam
1761 529 1887 583 erga
1950 513 2097 568 illum

2214 518 2539 587 Σαμαρεῖται
2566 555 2581 580 ,
2619 517 2713 570 καὶ
2770 517 3127 590 σωθήσονται.
3160 512 3223 572 Τί
3256 536 3350 575 ουν
3396 518 3444 570 οἱ
3504 516 3777 587 μαθηταῖς

517 607 853 675 interrogare
882 604 1100 660 audent.
1133 605 1303 659 Porro
1336 605 1424 659 ille
1458 605 1706 673 quamvis
1738 605 1838 673 ipsi
1874 620 1982 660 non
2015 606 2097 658 in-

518 703 908 764 termgassent,
942 696 1146 751 revelat
1174 695 1335 766 562
1362 696 1648 750 obscurius
1677 696 1900 758 dictum,
1934 707 1988 748 et
2020 696 2101 749 di-

516 790 592 844 cit
637 809 650 844 :
698 808 715 841 ι
760 788 908 844 Meus
948 790 1100 844 cibus
1130 799 1244 854 est,
1280 799 1336 842 ut
1373 789 1568 844 faciam
1611 789 1942 842 voluntatem
1985 790 2102 857 ejus

516 880 606 949 qui
640 895 724 935 me
755 882 937 946 misit;
968 898 985 931 ι
1022 881 1271 936 voluntas
1303 881 1445 936 enim
1484 879 1576 933 Dei
1620 888 1702 934 est
1737 880 1883 933 salus
1922 880 2101 934 bomi-

519 988 670 1035 num,
707 990 726 1024 ι
766 985 820 1026 et
852 972 1125 1043 perficiam
1155 988 1292 1043 opus
1323 971 1457 1039 ejus.
1501 991 1519 1023 ι
1562 971 1845 1041 Propheta:
1875 972 2095 1040 quidem

525 1075 578 1116 et
608 1064 692 1118 lex
725 1065 947 1119 minime
970 1074 1260 1134 potuerunt
1288 1063 1550 1133 perlicere
1584 1078 1720 1131 opus
1752 1063 1864 1118 Dei.
1903 1063 2105 1131 Imper-

519 1155 648 1210 fecti
670 1157 813 1211 enim
837 1167 1014 1220 erant,
1041 1164 1225 1226 utpote
1250 1156 1449 1223 lignras
1472 1164 1525 1208 et
1549 1155 1771 1209 umbras
1796 1154 2099 1208 futurorum

519 1248 880 1302 continentes.
917 1248 986 1301 At
1009 1246 1268 1300 Dominus
1298 1244 1524 1316 perfecit
1550 1260 1686 1313 opus
1714 1243 1830 1308 Dei,
1860 1254 2101 1298 nostram

520 1342 643 1394 dico
671 1340 898 1394 salutem
930 1347 985 1395 et
1020 1338 1446 1393 renovationem.
1481 1336 1728 1391 Forsitan
1758 1344 1812 1390 et
1838 1349 1934 1404 per
1963 1349 2099 1402 opus

524 1433 616 1486 Dei
657 1432 958 1502 intelligere
999 1440 1151 1502 potes
1190 1430 1487 1497 hominem,
1540 1444 1698 1499 quem
1748 1431 1898 1486 solus
1934 1430 2104 1484 Filius

523 1525 639 1589 Dei,
675 1534 891 1579 ostensa
921 1534 1114 1579 natura
1151 1534 1334 1578 nostra
1371 1523 1424 1577 in
1456 1522 1636 1591 seipso
1669 1521 1832 1577 nullis
1863 1521 2103 1593 peccatis

522 1617 773 1680 obnoxia,
806 1617 1068 1685 perfecit,
1101 1617 1202 1670 hoc
1228 1625 1311 1671 est
1335 1655 1349 1676 ,
1386 1616 1682 1670 declaravit
1717 1614 2017 1686 perfecmm
2049 1625 2103 1670 et

524 1710 826 1763 absolutum
857 1709 908 1762 in
940 1709 1086 1762 omni
1119 1708 1260 1763 bono
1287 1723 1449 1778 Opere
1473 1722 1568 1776 per
1595 1708 1831 1762 divinam
1858 1708 1910 1761 in
1941 1720 2106 1761 carne

525 1801 734 1855 vitain:
778 1809 829 1854 et
880 1816 1051 1869 usque
1098 1802 1164 1855 ad
1208 1801 1364 1854 linem
1420 1799 1547 1853 vicit
1593 1799 1875 1854 mundum.
1912 1796 1978 1852 Et
2021 1797 2103 1854 lex

2206 612 2327 663 Ἔτι
2370 611 2709 681 διαποροῦσι,
2761 612 2849 681 Μή
2901 628 2983 675 τις
3030 611 3261 681 ἤνεγκεν
3332 610 3488 681 αὐτῷ
3552 612 3777 679 φαγεῑνς

2204 703 2277 754 Οὔ
2325 701 2564 772 τολμῶσι
2603 701 2733 773 γᾶρ,
2777 701 2865 755 διὰ
2895 701 2956 755 τὸ
2996 701 3098 773 τὴν
3147 701 3353 773 συνήθη
3401 701 3592 763 αὐτοῖς
3636 700 3783 753 561:1-

2203 789 2381 849 6ειαν.
2431 789 2624 842 πεῦσιν
2662 792 3031 860 προσαγαγεῖν
3060 790 3225 861 αὐτῷ.
3289 791 3533 851 Ἐκεῖνος
3565 790 3780 859 μέντοι,

2203 882 2383 936 καίτοι
2429 882 2654 936 ἐκείνων
2710 883 2784 953 μὴ
2829 883 3220 954 ὲρωτησάντων
3248 923 3263 950 ,
3307 882 3694 937 ἀποκαλύπτει
3734 883 3786 934 τὸ

2202 973 2617 1041 αἰνιγματωδῶς
2668 975 2876 1043 ῥηθὲν,
2929 975 3023 1028 καί
3063 990 3266 1044 φησιν’
3309 993 3328 1025 ι
3380 974 3549 1043 Ἐμὸν
3600 973 3787 1042 βρῶμά

2205 1066 2375 1128 ἐστιν,
2412 1065 2498 1118 ἴνα
2525 1066 2664 1118 ποιῶ
2693 1066 2753 1119 τὸ
2781 1066 2998 1136 θέλημα
3045 1067 3140 1120 τοῦ
3195 1066 3512 1136 πέμψαντός
3572 1082 3638 1134 με
3685 1066 3787 1134 (θέ-

2205 1155 2352 1225 λημα
2396 1154 2505 1227 γὰρ
2539 1156 2674 1210 Θεοῦ
2705 1159 2738 1229 ἡ
2773 1159 2884 1210 τῶν
2933 1157 3233 1227 ἀνθρώπων
3305 1156 3643 1227 σωτηρία),
3697 1157 3785 1207 καὶ

2204 1245 2478 1300 τελειώσω
2509 1247 2675 1302 αὑτοῦ
2709 1250 2770 1301 τὸ
2822 1249 3006 1320 ἔργον.
3049 1272 3067 1301 ι
3100 1252 3163 1302 Oi
3214 1250 3313 1320 μὲν
3349 1251 3463 1317 γὰρ
3509 1252 3784 1319 προφῆται

2207 1338 2299 1391 καὶ
2339 1340 2368 1392 6
2401 1338 2566 1408 νόμος
2594 1342 2695 1394 οὐκ
2723 1341 3071 1413 ἠδυνήθησαν
3107 1342 3391 1395 τελειῶσαι
3421 1342 3486 1394 τὺ
3523 1341 3624 1394 τοῦ
3656 1342 3783 1393 Θεοῦ

2204 1428 2367 1499 ἔργον
2385 1448 2397 1461 ’
2421 1431 2633 1495 ἀτελεῖς
2661 1432 2770 1504 γὰρ
2792 1428 2953 1504 ἦσαν,
2984 1432 3185 1497 τύπους
3216 1434 3309 1486 καὶ
3334 1432 3496 1496 σκιὰς
3521 1433 3635 1485 τῶν
3663 1432 3784 1499 μελ-

2206 1521 2407 1574 λόντων
2433 1524 2652 1592 ἀγαθῶν
2678 1526 3057 1596 ἐμφαίνοντες.
3103 1525 3164 1580 '0
3194 1526 3250 1579 δὲ
3274 1526 3480 1597 Κύριος
3508 1524 3785 1577 ἐτελείωπ

2208 1615 2268 1668 τὸ
2306 1616 2400 1668 τοῦ
2457 1616 2593 1668 Θεοῦ
2651 1616 2846 1687 ἔργον,
2878 1617 2978 1689 τὴν
3006 1619 3285 1690 ἡμετέραν
3323 1618 3472 1687 λέγω
3518 1618 3784 1688 σωτηρίαν

2209 1710 2304 1763 κοιλ⁸
2341 1710 2703 1764 ἁνακαίνισιν.
2755 1710 2910 1779 Τάχα
2943 1710 2997 1762 δέ
3026 1727 3115 1780 μοι
3153 1710 3264 1763 νόει
3311 1709 3451 1762 Θεοῦ
3497 1708 3660 1778 ἔργον
3700 1708 3786 1760 τὸν

2207 1800 2495 1874 ἄνθρωπον
2520 1842 2537 1868 ,
2563 1801 2624 1855 ὃν
2654 1801 2938 1869 ἐτελείωσε
2972 1803 3133 1872 μόνος
3166 1804 3195 1855 6
3239 1800 3363 1864 Υἱὸς
3393 1800 3492 1853 τοῦ
3524 1798 3662 1852 θεοῦ
3681 1842 3695 1863 ,
3732 1800 3786 1850 ἐν

524 1907 738 1960 quoque
796 1890 886 1945 Dci
940 1907 1077 1961 opus
1122 1900 1244 1956 est,
1284 1892 1583 1945 secundum
1619 1891 1762 1959 quod
1794 1889 1963 1961 digito
2011 1890 2106 1944 Dei

2214 1891 2394 1961 ἑαυτῷ
2438 1892 2828 1962 ἀναμάρτητον
2856 1890 3145 1956 ἀποδείξας
3182 1891 3281 1961 τὴν
3310 1892 3477 1961 φύσιν
3510 1891 3667 1960 ἡμῶν
3698 1891 3786 1941 καὶ

522 1985 722 2053 scripta
751 1984 791 2016 "
828 2002 843 2038 :
885 1999 1045 2054 quam
1087 1982 1258 2053 legem
1304 1983 1533 2053 perfecit
1568 1982 1844 2038 Dominus.
1894 2000 1913 2034 ι
1954 1980 2105 2036 Finis

524 2072 667 2127 enim
716 2072 875 2143 legis,
926 2072 1174 2128 Christus
1203 2073 1246 2104 “'
1284 2091 1298 2128 :
1344 2092 1362 2124 ι
1409 2073 1663 2142 quoniam
1714 2087 1931 2128 cessare
1977 2072 2105 2128 fecit

525 2164 706 2219 omnia
737 2182 856 2235 qua:
897 2165 950 2219 in
990 2167 1103 2235 lege
1138 2165 1373 2229 fiebant,
1406 2176 1459 2220 et
1489 2181 1517 2218 a
1552 2164 1818 2232 corporali
1859 2165 2004 2221 cultu
2033 2164 2100 2219 ad

526 2258 860 2324 Spiritualem
888 2273 1009 2313 eam
1048 2258 1344 2314 transtulit.
1372 2257 1638 2312 Caeterum
1670 2256 1929 2313 Dominus
1959 2271 2103 2328 saepe

527 2349 764 2420 loquitur
797 2349 1081 2405 obscurius
1103 2389 1118 2413 ,
1151 2358 1211 2403 ut
1244 2348 1565 2404 attentiores
1603 2347 1768 2403 faciat
1806 2349 2100 2413 auditores,

527 2452 582 2495 ct
602 2443 804 2496 excitet
830 2456 925 2496 eos
961 2442 1026 2495 ad
1061 2441 1502 2508 interrogandum
1532 2450 1587 2495 et
1617 2441 1931 2496 discendum
1961 2442 2104 2509 quod

528 2535 757 2590 obscure
777 2533 1078 2589 dicebatur.
1100 2532 1290 2589 Cibum
1312 2541 1493 2588 autem
1518 2533 1802 2588 nominans
1822 2533 2103 2588 hominum

527 2627 788 2691 salutem,
830 2626 988 2682 docet
1028 2625 1319 2695 discipulos
1365 2636 1423 2680 ut
1467 2636 1521 2681 et
1557 2626 1657 2696 ipsi
1708 2641 1831 2681 cum
1867 2627 2103 2682 ordinati

527 2719 638 2773 sint
663 2717 715 2772 in
740 2718 1026 2788 magistros
1059 2719 1230 2784 orbis,
1270 2719 1498 2775 minoris
1528 2718 1735 2775 faciant
1764 2720 2103 2790 corporalem

528 2811 709 2865 cibum
730 2850 745 2876 ,
796 2826 1064 2882 omneque
1095 2812 1422 2867 desideriqu
1452 2826 1610 2867 suum
1647 2826 1712 2867 eo
1750 2810 2103 2879 transferant,

530 2911 589 2956 ut
618 2901 828 2957 salveut
862 2903 1132 2958 homines.
1166 2903 1407 2959 Observa
1437 2904 1618 2959 autem
1655 2908 1800 2974 quod
1836 2914 1891 2960 et
1923 2905 2103 2961 Domi-

531 3009 633 3049 nus
668 2994 784 3065 ipse
833 2995 1135 3064 accipiebat
1173 2996 1321 3051 cibos
1357 3011 1385 3049 a
1419 2996 1742 3063 quibusdam
1775 2996 2103 3067 propositos.

531 3078 730 3143 Dicunt
759 3088 901 3142 enim
932 3087 1179 3159 discipuli
1205 3106 1218 3143 :
1256 3106 1273 3140 ι
1312 3087 1450 3142 Num
1481 3086 1604 3157 quis
1634 3089 1816 3144 attulit
1846 3089 1897 3143 ei
1928 3099 1987 3144 ut
2014 3104 2108 3144 co-

533 3183 715 3237 medat
732 3181 755 3235 ?
774 3198 793 3233 »
823 3179 937 3236 Νοιι
957 3181 1112 3251 quasi
1138 3196 1272 3249 opus
1295 3179 1498 3236 habens
1518 3180 1748 3235 aliorum
1774 3180 2100 3245 ministerio,

2209 1985 2268 2037 ἐν
2293 1983 2456 2037 παντὶ
2487 1982 2632 2054 ἔργῳ
2656 1981 2865 2054 ἀγαθῷ,
2899 1983 2987 2037 διά
3014 1983 3114 2048 τῆς
3155 1984 3212 2035 ἐν
3249 1984 3414 2050 σαρκὶ
3452 1981 3606 2043 θείας
3641 1980 3783 2032 πολι⁸

2208 2080 2359 2144 τείας
2387 2078 2816 2150 τετελειωμένην
2859 2078 2953 2131 καὶ
3002 2079 3424 2150 ἀπηρτισμένην
3474 2077 3785 2147 ἀποςήνας,

2213 2176 2308 2230 καὶ
2335 2176 2461 2246 ἄχρι
2487 2174 2675 2238 τέλους
2699 2175 2929 2246 νικήσας
2955 2175 3047 2228 τὸν
3074 2175 3299 2243 κόσμον.
3330 2173 3443 2227 Καὶ
3470 2173 3500 2224 6
3522 2172 3686 2239 νόμος
3732 2169 3785 2223 δὲ

2213 2267 2348 2321 Θεοῦ
2373 2267 2534 2337 ἔργον
2564 2267 2703 2334 ἐστὶ,
2734 2266 2871 2320 καθὸ
2899 2266 3147 2337 δακτύλῳ
3178 2264 3314 2319 Θεοῦ
3348 2264 3591 2334 ἐγράφη,
3623 2261 3681 2314 ὃν
3704 2262 3785 2313 νό-

2214 2346 2314 2430 μον
2342 2359 2657 2412 ἐτελείωσεν
2686 2360 2714 2412 6
2748 2359 2972 2430 Κύριος.
3002 2360 3167 2422 Τέλος
3196 2357 3307 2427 γάρ
3334 2356 3504 2426 νόμου
3534 2355 3782 2425 Χριστὸς,

2206 2450 2287 2510 ὡς
2319 2452 2498 2506 πάντα
2546 2452 2616 2505 τά
2646 2453 2705 2504 ἐν
2750 2450 2829 2522 τῷ
2866 2450 3019 2522 νόμῳ
3062 2450 3362 2522 τελούμενα
3404 2445 3784 2509 καταπαύσας,

2209 2543 2303 2595 καλ⁵
2336 2542 2444 2597 ἀπὸ
2476 2545 2577 2609 τῆς
2603 2544 2926 2613 σωματικῆς
2951 2541 3207 2611 λατρείας
3240 2540 3334 2593 ἐττλ⁵
3367 2538 3465 2609 τὴν
3498 2552 3787 2606 πνευματι-

2211 2635 2314 2706 κὴν
2349 2634 2524 2689 ταῦτα
2562 2632 2912 2705 μεταγαγών.
2949 2631 3375 2703 Αίνιγματωδῶς
3402 2632 3462 2684 δὲ
3493 2630 3783 2699 φθέγγεται

2209 2726 2475 2791 πολλάκις
2529 2726 2558 2779 6
2607 2725 2814 2795 Κύριος
2862 2724 3407 2796 προσεκτικωτέρους
3454 2721 3632 2773 ποιῶν
3670 2721 3785 2781 te);

2208 2817 2526 2886 ἀκροατὰς,
2582 2818 2676 2870 καὶ
2721 2816 3003 2886 διεγείρων
3029 2815 3247 2887 ⁸αὐτούς
3287 2816 3366 2877 εἰς
3414 2813 3478 2865 τὸ
3520 2812 3787 2882 ἐρωτῆσαι

2210 2909 2306 2963 καὶ
2341 2909 2535 2977 μαθεῖν
2562 2909 2623 2962 τὸ
2657 2904 3197 2979 συγκεκαλυμμένως
3231 2906 3549 2975 λεγόμενον.
3584 2905 3786 2969 Βρῶσιν

2208 3001 2265 3055 δὲ
2292 3000 2574 3071 ὀνομάζων
2600 3000 2701 3071 τὴν
2730 3000 2840 3065 τῶν
2862 3000 3164 3070 ἀνθρώπων
3200 3001 3483 3069 σωτηρίαν
3503 3036 3520 3059 ,
3552 2996 3787 3048 διδάσκει

2209 3098 2336 3158 τοὺς
2370 3094 2639 3165 μαθητὰς,
2671 3095 2759 3147 ἵνα
2787 3093 2882 3147 καὶ
2924 3093 3080 3146 αὐτοὶ
3100 3131 3114 3156 ,
3149 3092 3240 3145 ὅτε
3266 3090 3330 3153 δὴ
3366 3086 3790 3159 χειροτονηθείεν

2211 3187 2527 3242 διδάσκαλοι
2564 3188 2665 3257 τῆς
2699 3186 3050 3259 οἰκουμένης,
3081 3186 3213 3257 περὶ
3243 3183 3531 3244 ἐλάττονος
3562 3184 3791 3234 ποιοῖντο

534 3274 846 3345 (quomodo
868 3276 1012 3330 enim
1036 3274 1262 3329 aliorum
1298 3274 1565 3345 indigeret
1590 3274 1916 3340 ministerio,
1971 3292 1990 3325 ι
2021 3274 2112 3344 qui

2214 3280 2314 3349 τὴν
2348 3280 2671 3351 σωματικὴν
2707 3279 2932 3350 βρῶσιν,
2962 3278 3091 3350 ὅλην
3118 3277 3218 3348 τὴν
3244 3275 3543 3345 ἐπιθυμίαν
3578 3275 3714 3342 πρὸς
3736 3274 3790 3325 :6

532 3367 623 3419 dat
652 3380 832 3420 escam
859 3366 1006 3420 omni
1034 3365 1278 3434 carni"?
1302 3365 1349 3437 ι)
1383 3366 1476 3421 sed
1503 3374 1560 3420 ut
1586 3365 1876 3421 afferentes
1905 3380 2116 3422 mercc-

535 3458 653 3511 ilem
694 3457 950 3525 habeant,
976 3467 1030 3512 et
1069 3468 1384 3513 assuescant
1413 3458 1574 3513 simul
1602 3468 1658 3513 et
1687 3458 1787 3528 ipsi
1815 3459 1951 3515 alios
1989 3473 2115 3527 pas-

533 3565 681 3605 cere.
712 3550 779 3605 Et
807 3551 1022 3605 interim
1046 3550 1139 3604 dat
1165 3551 1470 3618 exemplum
1498 3550 1750 3605 onmibus
1778 3550 2112 3615 hominibus,

538 3651 598 3696 ut
637 3655 742 3695 nou
772 3643 1156 3697 erubescamus
1188 3650 1587 3711 paupertatem,
1614 3655 1789 3711 neque
1818 3656 1981 3710 grave
2015 3656 2112 3709 pu-

540 3741 718 3786 tentus
739 3733 783 3788 si
811 3735 878 3787 ab
901 3732 1022 3789 aliis
1037 3747 1325 3802 pascantur
1349 3772 1363 3797 ,
1382 3731 1684 3803 praesertim
1710 3731 1747 3785 ii
1768 3733 1859 3802 qui
1882 3732 2112 3787 docent:

524 3837 592 3901 ¹ει
633 3827 864 3882 maxime
910 3826 1275 3881 necessarium
1324 3834 1405 3880 est
1436 3825 1571 3879 alios
1620 3825 1822 3880 habere
1869 3825 2113 3879 ciborum

538 3928 847 3985 curatores,
881 3928 940 3972 ut
965 3917 1065 3988 ipsi
1094 3932 1198 3971 non
1221 3915 1419 3972 divulsi
1442 3917 1612 3982 euris,
1637 3913 1942 3970 ministerio
1965 3912 2116 3967 verbi

537 4024 793 4066 \‘ztcemus
833 4028 849 4065 :
898 4019 1183 4080 prepterea
1232 4019 1285 4064 et
1333 4008 1610 4078 discipulis
1650 4007 1934 4075 imperavit
1983 4015 2039 4058 ut
2087 4019 2118 4058 a

538 4104 876 4159 discentibus
908 4113 1222 4173 pascantur.

2218 3371 2414 3437 σώζειν
2441 3371 2763 3444 ἀνθρώπους
2787 3371 3225 3443 μετενεγκόντες.
3253 3368 3574 3439 Σημείωσαι
3604 3367 3683 3429 δὲ,
3712 3367 3791 3418 δτι

2213 3465 2312 3520 καὶ
2338 3465 2408 3518 τὰ
2441 3466 2593 3537 παρά.
2618 3483 2782 3518 τινων
2816 3463 3234 3535 προσφερόμενα
3259 3459 3529 3532 βρώματα
3590 3458 3792 3526 ἐδέχετο

2212 3556 2240 3609 6
2274 3554 2496 3627 Κύριος.
2528 3555 2666 3609 Φασὶ
2703 3558 2812 3625 γὰρ
2841 3556 2889 3608 οἱ
2919 3554 3205 3626 μαθηταί·
3243 3572 3262 3605 ι
3303 3553 3395 3622 Μή
3441 3569 3529 3613 τις
3567 3551 3790 3619 ἧνεγκεν

2220 3645 2370 3718 αὐτῷ
2395 3649 2622 3716 φαγεῖν;
2662 3666 2679 3697 ι
2714 3645 2886 3699 Τοῦτο
2914 3645 2970 3699 δὲ
3002 3644 3197 3709 ἐποίει,
3226 3645 3325 3714 ούχ
3351 3642 3427 3707 ὡς
3451 3640 3674 3713 χρῄζων
3702 3640 3793 3707 τῆς

2215 3740 2350 3809 παρ’
2402 3738 2609 3809 ἐτέρων
2646 3736 2967 3803 διακονίας,ξ
2988 3734 3127 3805 (πῶς
3157 3734 3267 3804 γάρ
3317 3735 3347 3787 6
3377 3732 3558 3795 διδοὺς
3594 3731 3791 3801 τροφὴν

2216 3827 2367 3899 πάσῃ
2412 3828 2645 3898 σαρκίς)
2705 3826 2821 3880 ἀλλ’
2875 3826 2964 3881 ἵνα
3009 3824 3060 3878 οἱ
3142 3822 3548 3894 προσφέροντες
3615 3820 3793 3890 μισθὸν

2214 3916 2403 3987 ἔχωσι,
2429 3919 2525 3972 καὶ
2550 3917 2905 3972 συνεθισθῶσι
2939 3917 3033 3972 κα)⁵
3055 3915 3248 3980 ἄλλους
3278 3917 3522 3986 τρέφειν,
3559 3916 3656 3967 καὶ
3682 3913 3792 3981 ἅμα

2215 4010 2385 4064 τύπον
2412 4011 2587 4073 διδοὺς
2618 4012 2787 4064 πᾶσιν
2810 4009 3123 4080 ἀνθρώποις
3147 4009 3241 4061 τοῦ
3276 4008 3350 4079 μὴ
3376 4005 3794 4076 ἐπαισχύνεσθαι

2217 4102 2316 4172 τὴν
2369 4103 2663 4172 πτωχείαν,
2709 4103 2844 4174 μηδὲ
2891 4101 3029 4173 βαρὺ
3076 4102 3317 4171 νομίζειν
3358 4101 3424 4152 τὸ
3457 4098 3588 4167 παρ’
3628 4098 3792 4152 ἄλλων

539 4196 856 4268 τρέφεσθαι.
882 4195 1043 4249 Ἴδιον
1066 4194 1121 4248 δὲ
1148 4196 1260 4258 τοῖς
1277 4193 1596 4248 διδάσκουσι
1648 4192 1742 4246 καὶ
1791 4191 2222 4260 ἀναγκαιότατον
2259 4194 2418 4248 τοῦτό
2453 4196 2592 4259 ἐστι,
2653 4195 2714 4247 τὸ
2746 4194 2941 4257 ἄλλους
2975 4194 3120 4265 ἔχειν
3176 4192 3274 4261 τῆς
3305 4191 3514 4262 τροφῆς
3588 4205 3795 4259 φροηιτιυ

542 4292 700 4358 στὰς,
734 4289 804 4344 ἶν’
837 4288 996 4343 αὐτοὶ
1039 4290 1438 4362 άπερίσπαστοι
1501 4287 2012 4356 δντες,ίδιακονῶσι
2053 4290 2151 4361 τὴν
2196 4290 2289 4345 τοῦ
2337 4291 2500 4362 λόγου
2548 4290 2849 4346 διακονίαν.
2879 4290 2970 4345 Διὸ
3011 4292 3108 4344 καὶ
3172 4292 3285 4351 τοῖς
3330 4290 3606 4358 μαθηταῖς
3650 4284 3796 4339 τοῦτο

542 4380 795 4446 ἐπέταξε,
838 4381 900 4435 τὸ
946 4381 1097 4452 παρὰ
1128 4381 1239 4435 τῶν
1290 4385 1748 4455 μαθητευομένων
1801 4383 2122 4454 τρέφεσθαι.

622 4474 787 4529 Vsus.
815 4475 1004 4530 55-37.
1037 4492 1058 4526 ι
1096 4473 1286 4531 Nonne
1310 4492 1406 4531 vos
1428 4478 1609 4531 dicitis
1637 4476 1864 4532 :Adlmc
1890 4487 2114 4545 quatuor

2306 4494 2325 4527 ς
2364 4477 2477 4545 Ούχ
2522 4475 2678 4544 ὑμεῖς
2712 4476 2903 4542 Λέγετε
2929 4511 2945 4539 ,
2966 4472 3048 4525 ὅτι
3093 4470 3447 4542 Τετράμηνόν
3478 4471 3620 4537 ἐστι,
3655 4470 3747 4523 καὶ
3768 4473 3795 4524 6

548 4581 764 4623 menses
796 4576 953 4633 sunt,
984 4577 1043 4622 et
1088 4568 1283 4623 messis
1318 4568 1534 4623 veniet?
1586 4566 1729 4623 Ecce
1781 4568 1903 4623 dico
1949 4567 2127 4633 vobis;

546 4658 782 4715 etto’lite
806 4659 992 4714 oculos
1014 4669 1245 4725 vestros,
1274 4669 1327 4714 et
1357 4660 1532 4715 videte
1562 4661 1842 4729 regiones,
1874 4662 2126 4729 quoniam

548 4754 686 4809 alba:
712 4762 838 4808 sunt
872 4752 984 4823 jam
1018 4752 1084 4806 ad
1117 4767 1369 4807 messem.
1400 4752 1467 4806 Et
1497 4754 1590 4821 qui
1620 4752 1796 4817 metit,
1823 4751 2127 4807 mercedem

547 4845 747 4916 accipit
813 4854 867 4900 et
913 4855 1206 4915 congregat
1243 4843 1476 4898 fructum
1519 4844 1571 4898 in
1607 4848 1772 4898 vitam
1818 4853 2124 4898 teternam:

547 4950 611 4994 ut
634 4947 689 4993 et
718 4938 810 5008 qui
843 4938 1105 4999 seminat,
1135 4938 1294 4992 simul
1328 4935 1592 5006 gaudeat,
1622 4945 1678 4991 et
1721 4936 1814 5007 qui
1859 4936 2032 4991 metit.
2071 4934 2126 4989 lu

551 5031 657 5084 hoc
682 5030 826 5083 enim
856 5038 942 5083 est
969 5043 1149 5084 sermo
1177 5043 1357 5090 verus,
1392 5028 1533 5095 quod
1564 5028 1704 5083 alius
1727 5039 1813 5082 est
1844 5030 1934 5097 qui
1967 5026 2131 5083 semi-

552 5131 670 5186 nat,
695 5131 750 5177 et
790 5122 929 5176 alius
953 5131 1038 5175 est
1063 5120 1154 5189 qui
1186 5122 1359 5174 metit.
1402 5118 1513 5187 Ego
1539 5119 1659 5173 misi
1695 5134 1791 5175 vos
1825 5120 1893 5173 ad
1925 5128 2133 5173 meten-

555 5216 683 5267 dnm
717 5216 860 5282 quod
896 5229 994 5268 vos
1028 5228 1132 5269 non
1166 5214 1470 5268 laborastis.
1501 5212 1605 5265 Alii
1645 5212 2045 5275 laboraverunt,
2079 5220 2133 5266 et

556 5313 654 5359 vos
677 5307 730 5357 in
756 5305 967 5361 labores
989 5322 1175 5361 eorum
1201 5305 1490 5361 introistis.
1518 5324 1538 5357 ι
1565 5304 1760 5373 Incipit
1789 5318 1932 5358 nunc
1953 5303 2131 5358 mani-

555 5393 753 5449 festius
785 5398 1025 5452 revelare
1056 5399 1337 5468 discipulis
1382 5412 1448 5453 ea
1482 5412 1604 5467 qua:
1654 5398 1807 5468 prius
1847 5396 2131 5451 obscurius

553 5489 786 5544 dixerat.
816 5487 944 5543 Nam
980 5505 1074 5545 vos
1102 5492 1358 5559 quidem,
1395 5491 1612 5560 inquit,
1643 5490 1853 5554 dicitis,
1886 5489 1989 5543 hoc
2046 5499 2133 5543 est

559 5582 785 5652 putatis,
809 5584 950 5650 quod
971 5585 1165 5639 messis
1194 5585 1467 5640 sensibilis
1494 5586 1580 5639 illa
1611 5581 2133 5654 quatuormensibus

559 5675 743 5730 futura
773 5675 848 5731 sit
876 5693 890 5729 :
925 5690 1025 5746 ego
1050 5688 1232 5733 autem
1259 5678 1379 5733 diu)
1412 5677 1564 5733 vobis
1594 5678 1736 5746 quod
1768 5676 1943 5732 aderit
1970 5675 2133 5746 spiri-

2225 4567 2483 4638 θερισμὸς
2541 4566 2796 4637 ἔρχεταις
2840 4566 2972 4619 Ἰδοὺ
3036 4563 3183 4633 λέγω
3213 4564 3341 4634 ὑμῖν
3365 4605 3380 4631 ,
3413 4563 3657 4633 ἐπάρατε
3682 4564 3796 4625 τοὺς

2223 4659 2534 4729 ὀφθαλμοὺς
2572 4657 2748 4728 ὑμῶν,
2781 4657 2874 4710 καὶ
2904 4654 3175 4709 θεάσασθε
3201 4655 3302 4718 τὰς
3332 4654 3541 4724 χώρας,
3570 4655 3653 4707 ὅτι
3682 4654 3800 4705 λευ-

2226 4754 2319 4807 καί
2350 4754 2455 4805 είσι
2486 4752 2623 4822 πρὸς
2654 4749 2915 4822 θερισμὸν
2944 4749 3067 4819 ἤδη.
3101 4749 3211 4801 Καὶ
3247 4750 3275 4801 6
3318 4747 3571 4818 θερίζων,
3619 4745 3799 4814 μισθὸν

2226 4842 2514 4913 λαμϐάνει,
2546 4843 2642 4896 καὶ
2670 4842 2896 4909 συνάγει
2925 4838 3136 4910 καρπὸν
3168 4840 3246 4902 εἰς
3278 4838 3426 4908 ζωὴν
3456 4837 3694 4890 αἰώνιον
3718 4838 3797 4887 ἴνα

2229 4935 2326 4988 καὶ
2371 4935 2400 4987 6
2435 4933 2675 5004 σπείρων
2723 4931 2858 5002 ὁμοῦ
2890 4930 3056 5002 χαίρῃ
3089 4931 3184 4984 καὶ
3211 4932 3240 4983 6
3270 4928 3525 5001 θερίζων.
3578 4929 3668 4982 Ἐν
3697 4929 3798 4997 γάρ

2227 5026 2404 5096 τούτῳ
2441 5029 2470 5082 6
2500 5027 2659 5095 λόγος
2705 5025 2853 5078 ἐστὶν
2903 5024 3193 5095 ἀληθινὸς,
3246 5024 3329 5076 ὅτι
3377 5022 3537 5085 ἄλλος
3585 5023 3735 5076 ἐστὶν
3774 5024 3801 5072 6

2231 5120 2494 5189 σπείρων,
2519 5120 2613 5172 καὶ
2641 5117 2803 5181 ἄλλος
2824 5119 2852 5170 6
2878 5116 3127 5186 θερίζων.
3163 5114 3305 5183 Ἐγὼ
3336 5114 3637 5169 ἀπέστειλα
3667 5114 3801 5183 ὑμᾶς

2231 5211 2465 5283 θερίζειν
2497 5209 2526 5263 ὃ
2563 5210 2661 5279 οὐχ
2696 5211 2853 5279 ὑμεῖς
2896 5208 3290 5262 κεκοπιάκατε.
3328 5207 3511 5259 Ἄλλοι
3545 5206 3804 5259 κεκοπιά-

2232 5321 2384 5368 κασι,
2413 5302 2508 5357 καὶ
2534 5302 2692 5371 ὑμεῖς
2717 5303 2800 5364 είς
2827 5302 2919 5354 τὸν
2950 5299 3119 5353 κόπον
3144 5298 3324 5351 αὐτῶν
3349 5297 3751 5367 εἰσεληλύθατε.
3782 5318 3799 5349 ι

2240 5393 2501 5463 Ἀρχεται
2535 5391 2631 5445 νῦν
2673 5392 3007 5461 σαφέστερον
3039 5388 3440 5443 ἀνακαλύπτειν
3488 5390 3600 5450 τοῖς
3640 5388 3806 5457 pagg-

2235 5488 2352 5549 ταῖς
2375 5485 2443 5539 τά
2468 5484 2881 5554 αἰνιγματωδῶς
2907 5482 3310 5554 προρρηθέντα.
3342 5480 3534 5550 Ὑμεῖς
3558 5482 3660 5551 μὲν
3680 5480 3786 5548 vis

2236 5579 2391 5649 φησὶ,
2424 5579 2633 5647 λέγετε,
2663 5578 2788 5632 ἀντὶ
2814 5577 2930 5639 τοῦ,
2975 5577 3250 5648 νομίζετε,
3282 5576 3366 5630 ὅτι
3400 5575 3429 5627 6
3457 5574 3719 5645 θερισμὸς
3754 5574 3807 5625 ἐν

2235 5676 2304 5742 τῇ
2344 5672 2671 5743 τετραμήνῳ
2711 5669 2885 5742 ταύτῃ
2937 5669 3193 5740 ἔρχεται,
3228 5671 3257 5722 6
3289 5667 3547 5738 αἰσθητὸς
3587 5666 3802 5736 δηλαδῇ

639 5849 679 5887 ίτ
718 5857 868 5912 Dent.
904 5871 977 5920 Ix,
1020 5857 1103 5912 l0.
1184 5857 1225 5890 ¹⁸
1257 5858 1414 5913 ltum.
1448 5874 1501 5923 κ,
1545 5858 1596 5913 4.
1679 5859 1718 5891 ¹⁹
1751 5856 1891 5913 l’sal.
1950 5869 2143 5924 cxxxv,
2178 5852 2268 5909 2’5.
