  <div class='ocr_page' id='page_1' title='image "/cluster/home/n/w/nwhite01/storage/ocr_20150623/123/hvd.32044019208198/634.png"; bbox 0 0 3960 6454; ppageno 0'>
   <div class='ocr_carea' id='block_1_1' title="bbox 174 339 305 401">
    <p class='ocr_par' dir='ltr' id='par_1_1' title="bbox 174 339 305 401">
     <span class='ocr_line' id='line_1_1' title="bbox 174 339 305 401; baseline 0.008 -1"><span class='ocrx_word' id='word_1_1' title='bbox 174 339 305 401; x_wconf 65' lang='grc' dir='ltr'>Ῑῗὶίθ</span> 
     </span>
    </p>
   </div>
   <div class='ocr_carea' id='block_1_2' title="bbox 804 329 1735 413">
    <p class='ocr_par' dir='ltr' id='par_1_2' title="bbox 804 331 1735 396">
     <span class='ocr_line' id='line_1_2' title="bbox 804 331 1735 396; baseline -0.004 -1"><span class='ocrx_word' id='word_1_2' title='bbox 804 332 1254 396; x_wconf 68' lang='grc' dir='ltr'><strong>ΕΝΑΒΒΑΤῘΟ</strong></span> <span class='ocrx_word' id='word_1_3' title='bbox 1296 335 1377 395; x_wconf 83' lang='grc' dir='ltr'><strong>ΙΝ</strong></span> <span class='ocrx_word' id='word_1_4' title='bbox 1421 331 1735 395; x_wconf 79' lang='lat' dir='ltr'><strong>EVANGE]</strong></span> 
     </span>
    </p>
   </div>
   <div class='ocr_carea' id='block_1_3' title="bbox 1838 329 2747 413">
    <p class='ocr_par' dir='ltr' id='par_1_3' title="bbox 1838 332 2747 413">
     <span class='ocr_line' id='line_1_3' title="bbox 1838 332 2747 413; baseline 0.017 -23"><span class='ocrx_word' id='word_1_5' title='bbox 1838 332 1920 392; x_wconf 68' lang='lat' dir='ltr'><strong>1M</strong></span> <span class='ocrx_word' id='word_1_6' title='bbox 1959 333 2299 399; x_wconf 77' lang='lat' dir='ltr'><strong>JOANNIS.</strong></span> <span class='ocrx_word' id='word_1_7' title='bbox 2340 361 2409 371; x_wconf 82' lang='grc'><strong>-</strong></span> <span class='ocrx_word' id='word_1_8' title='bbox 2447 337 2604 413; x_wconf 75' lang='lat' dir='ltr'><strong>CAP.</strong></span> <span class='ocrx_word' id='word_1_9' title='bbox 2646 339 2747 405; x_wconf 81' lang='lat' dir='ltr'><strong>IV.</strong></span> 
     </span>
    </p>
   </div>
   <div class='ocr_carea' id='block_1_4' title="bbox 3269 341 3368 411">
    <p class='ocr_par' dir='ltr' id='par_1_4' title="bbox 3269 341 3368 411">
     <span class='ocr_line' id='line_1_4' title="bbox 3269 341 3368 411; baseline -0.04 -1"><span class='ocrx_word' id='word_1_10' title='bbox 3269 341 3368 411; x_wconf 72' lang='lat'><strong>125</strong></span> 
     </span>
    </p>
   </div>
   <div class='ocr_carea' id='block_1_5' title="bbox 168 446 1735 530">
    <p class='ocr_par' dir='ltr' id='par_1_5' title="bbox 168 446 1731 519">
     <span class='ocr_line' id='line_1_5' title="bbox 168 446 1731 519; baseline -0.001 -16"><span class='ocrx_word' id='word_1_11' title='bbox 168 454 271 515; x_wconf 77' lang='grc' dir='ltr'>ἐγὼ</span> <span class='ocrx_word' id='word_1_12' title='bbox 306 452 357 503; x_wconf 74' lang='grc' dir='ltr'><strong>δὲ</strong></span> <span class='ocrx_word' id='word_1_13' title='bbox 390 448 531 516; x_wconf 70' lang='grc' dir='ltr'>λέγω</span> <span class='ocrx_word' id='word_1_14' title='bbox 561 448 710 516; x_wconf 77' lang='grc' dir='ltr'>ὑμῖν,</span> <span class='ocrx_word' id='word_1_15' title='bbox 745 465 826 501; x_wconf 89' lang='grc' dir='ltr'><strong>οτι</strong></span> <span class='ocrx_word' id='word_1_16' title='bbox 863 449 1126 518; x_wconf 80' lang='grc' dir='ltr'>πάρεστιν</span> <span class='ocrx_word' id='word_1_17' title='bbox 1159 448 1187 502; x_wconf 89' lang='lat'><strong>6</strong></span> <span class='ocrx_word' id='word_1_18' title='bbox 1218 450 1406 519; x_wconf 71' lang='grc' dir='ltr'>νοητὸς</span> <span class='ocrx_word' id='word_1_19' title='bbox 1447 446 1731 519; x_wconf 86' lang='grc' dir='ltr'>θερισμός.</span> 
     </span>
    </p>
   </div>
   <div class='ocr_carea' id='block_1_6' title="bbox 1838 446 3406 530">
    <p class='ocr_par' dir='ltr' id='par_1_6' title="bbox 1843 447 3406 530">
     <span class='ocr_line' id='line_1_6' title="bbox 1843 447 3406 530; baseline 0.011 -32"><span class='ocrx_word' id='word_1_20' title='bbox 1843 447 2003 502; x_wconf 83' lang='lat' dir='ltr'><strong>tttalis</strong></span> <span class='ocrx_word' id='word_1_21' title='bbox 2036 451 2249 506; x_wconf 82' lang='lat' dir='ltr'><strong>messis.</strong></span> <span class='ocrx_word' id='word_1_22' title='bbox 2283 450 2404 507; x_wconf 68' lang='lat' dir='ltr'><strong>llaec</strong></span> <span class='ocrx_word' id='word_1_23' title='bbox 2431 462 2606 509; x_wconf 84' lang='lat' dir='ltr'><strong>autem</strong></span> <span class='ocrx_word' id='word_1_24' title='bbox 2635 453 2848 510; x_wconf 83' lang='lat' dir='ltr'><strong>dicebat</strong></span> <span class='ocrx_word' id='word_1_25' title='bbox 2872 462 3093 526; x_wconf 88' lang='lat' dir='ltr'><strong>propter</strong></span> <span class='ocrx_word' id='word_1_26' title='bbox 3117 455 3274 530; x_wconf 77' lang='lat'><strong>563</strong></span> <span class='ocrx_word' id='word_1_27' title='bbox 3307 461 3406 515; x_wconf 86' lang='lat' dir='ltr'><strong>Sa-</strong></span> 
     </span>
    </p>
   </div>
   <div class='ocr_carea' id='block_1_7' title="bbox 168 537 1730 609">
    <p class='ocr_par' dir='ltr' id='par_1_7' title="bbox 168 537 1730 609">
     <span class='ocr_line' id='line_1_7' title="bbox 168 537 1730 609; baseline -0.004 -13"><span class='ocrx_word' id='word_1_28' title='bbox 168 542 344 596; x_wconf 79' lang='grc' dir='ltr'>Ταῦτα</span> <span class='ocrx_word' id='word_1_29' title='bbox 372 540 428 595; x_wconf 80' lang='grc' dir='ltr'>δὲ</span> <span class='ocrx_word' id='word_1_30' title='bbox 458 539 611 607; x_wconf 81' lang='grc' dir='ltr'>ἔλεγε</span> <span class='ocrx_word' id='word_1_31' title='bbox 645 538 734 591; x_wconf 79' lang='grc' dir='ltr'>διὰ</span> <span class='ocrx_word' id='word_1_32' title='bbox 763 539 889 600; x_wconf 72' lang='grc' dir='ltr'>τοὺς</span> <span class='ocrx_word' id='word_1_33' title='bbox 919 537 1265 608; x_wconf 74' lang='grc' dir='ltr'><strong>Σαμαρείτας</strong></span> <span class='ocrx_word' id='word_1_34' title='bbox 1293 540 1395 609; x_wconf 68' lang='grc' dir='ltr'>ἤδη</span> <span class='ocrx_word' id='word_1_35' title='bbox 1430 556 1730 609; x_wconf 80' lang='grc' dir='ltr'>προσερχο-</span> 
     </span>
    </p>
   </div>
   <div class='ocr_carea' id='block_1_8' title="bbox 171 626 1727 705">
    <p class='ocr_par' dir='ltr' id='par_1_8' title="bbox 171 626 1727 705">
     <span class='ocr_line' id='line_1_8' title="bbox 171 626 1727 705; baseline -0.002 -19"><span class='ocrx_word' id='word_1_36' title='bbox 171 634 355 705; x_wconf 80' lang='grc' dir='ltr'><strong>μένους</strong></span> <span class='ocrx_word' id='word_1_37' title='bbox 384 630 550 700; x_wconf 83' lang='grc' dir='ltr'>αὑτῷ.</span> <span class='ocrx_word' id='word_1_38' title='bbox 597 630 869 702; x_wconf 85' lang='grc' dir='ltr'>Ἐπάρατε</span> <span class='ocrx_word' id='word_1_39' title='bbox 903 626 996 683; x_wconf 74' lang='grc' dir='ltr'>οὖν</span> <span class='ocrx_word' id='word_1_40' title='bbox 1038 631 1163 694; x_wconf 72' lang='grc' dir='ltr'>τοὺς</span> <span class='ocrx_word' id='word_1_41' title='bbox 1200 629 1511 699; x_wconf 63' lang='grc' dir='ltr'>ὀφθαλμοὺς</span> <span class='ocrx_word' id='word_1_42' title='bbox 1542 630 1727 698; x_wconf 74' lang='grc' dir='ltr'>ὑμῶν,</span> 
     </span>
    </p>
   </div>
   <div class='ocr_carea' id='block_1_9' title="bbox 166 721 1728 794">
    <p class='ocr_par' dir='ltr' id='par_1_9' title="bbox 166 721 1728 794">
     <span class='ocr_line' id='line_1_9' title="bbox 166 721 1728 794; baseline -0.003 -15"><span class='ocrx_word' id='word_1_43' title='bbox 166 727 272 780; x_wconf 73' lang='grc' dir='ltr'>εἴτε</span> <span class='ocrx_word' id='word_1_44' title='bbox 301 725 422 788; x_wconf 78' lang='grc' dir='ltr'>τοὺς</span> <span class='ocrx_word' id='word_1_45' title='bbox 448 722 692 794; x_wconf 74' lang='grc' dir='ltr'>νοητοὺς,</span> <span class='ocrx_word' id='word_1_46' title='bbox 716 724 824 778; x_wconf 73' lang='grc' dir='ltr'>εἴτε</span> <span class='ocrx_word' id='word_1_47' title='bbox 849 724 974 786; x_wconf 76' lang='grc' dir='ltr'>τοὺς</span> <span class='ocrx_word' id='word_1_48' title='bbox 998 722 1309 792; x_wconf 81' lang='grc' dir='ltr'>αἰσθητοὺς,</span> <span class='ocrx_word' id='word_1_49' title='bbox 1337 722 1431 775; x_wconf 99' lang='lat' dir='ltr'><strong>ml</strong></span> <span class='ocrx_word' id='word_1_50' title='bbox 1461 721 1728 776; x_wconf 79' lang='grc' dir='ltr'>θεάσασθε</span> 
     </span>
    </p>
   </div>
   <div class='ocr_carea' id='block_1_10' title="bbox 167 811 1730 886">
    <p class='ocr_par' dir='ltr' id='par_1_10' title="bbox 167 811 1730 886">
     <span class='ocr_line' id='line_1_10' title="bbox 167 811 1730 886; baseline -0.004 -16"><span class='ocrx_word' id='word_1_51' title='bbox 167 818 225 870; x_wconf 79' lang='grc' dir='ltr'>τὸ</span> <span class='ocrx_word' id='word_1_52' title='bbox 250 815 450 886; x_wconf 75' lang='grc' dir='ltr'>πλῆθος</span> <span class='ocrx_word' id='word_1_53' title='bbox 477 815 588 867; x_wconf 85' lang='grc' dir='ltr'><strong>τῶν</strong></span> <span class='ocrx_word' id='word_1_54' title='bbox 620 814 1076 886; x_wconf 79' lang='grc' dir='ltr'>προσερχομένων</span> <span class='ocrx_word' id='word_1_55' title='bbox 1104 812 1479 883; x_wconf 82' lang='grc' dir='ltr'><strong>Σαμαρειτῶν,</strong></span> <span class='ocrx_word' id='word_1_56' title='bbox 1514 812 1607 865; x_wconf 87' lang='lat' dir='ltr'><strong>ml</strong></span> <span class='ocrx_word' id='word_1_57' title='bbox 1633 811 1730 874; x_wconf 79' lang='grc' dir='ltr'>τὰς</span> 
     </span>
    </p>
   </div>
   <div class='ocr_carea' id='block_1_11' title="bbox 169 901 1728 976">
    <p class='ocr_par' dir='ltr' id='par_1_11' title="bbox 169 901 1728 976">
     <span class='ocr_line' id='line_1_11' title="bbox 169 901 1728 976; baseline -0.006 -15"><span class='ocrx_word' id='word_1_58' title='bbox 169 910 245 971; x_wconf 84' lang='grc' dir='ltr'>εἰς</span> <span class='ocrx_word' id='word_1_59' title='bbox 268 908 363 976; x_wconf 78' lang='grc' dir='ltr'><strong>τὴν</strong></span> <span class='ocrx_word' id='word_1_60' title='bbox 389 906 569 958; x_wconf 83' lang='grc' dir='ltr'>πίστιν</span> <span class='ocrx_word' id='word_1_61' title='bbox 593 904 906 975; x_wconf 78' lang='grc' dir='ltr'>προθύμους</span> <span class='ocrx_word' id='word_1_62' title='bbox 932 906 1025 958; x_wconf 74' lang='grc' dir='ltr'><strong>καὶ</strong></span> <span class='ocrx_word' id='word_1_63' title='bbox 1054 904 1302 974; x_wconf 73' lang='grc' dir='ltr'>ἑτοίμους</span> <span class='ocrx_word' id='word_1_64' title='bbox 1327 903 1507 973; x_wconf 70' lang='grc' dir='ltr'>ψυχὰς</span> <span class='ocrx_word' id='word_1_65' title='bbox 1525 901 1728 963; x_wconf 78' lang='grc' dir='ltr'>αὐτῶν,</span> 
     </span>
    </p>
   </div>
   <div class='ocr_carea' id='block_1_12' title="bbox 168 991 1729 1067">
    <p class='ocr_par' dir='ltr' id='par_1_12' title="bbox 168 991 1729 1067">
     <span class='ocr_line' id='line_1_12' title="bbox 168 991 1729 1067; baseline -0.003 -15"><span class='ocrx_word' id='word_1_66' title='bbox 168 1000 359 1060; x_wconf 81' lang='grc' dir='ltr'>αἵτινες</span> <span class='ocrx_word' id='word_1_67' title='bbox 386 998 573 1067; x_wconf 82' lang='grc' dir='ltr'>ῶσπερ</span> <span class='ocrx_word' id='word_1_68' title='bbox 601 996 773 1067; x_wconf 84' lang='grc' dir='ltr'>χῶραι</span> <span class='ocrx_word' id='word_1_69' title='bbox 802 995 1171 1067; x_wconf 84' lang='grc' dir='ltr'>λευκασμέναι</span> <span class='ocrx_word' id='word_1_70' title='bbox 1200 995 1412 1051; x_wconf 82' lang='grc' dir='ltr'>δέονται</span> <span class='ocrx_word' id='word_1_71' title='bbox 1443 991 1729 1064; x_wconf 81' lang='grc' dir='ltr'>θερισμοῦ.</span> 
     </span>
    </p>
   </div>
   <div class='ocr_carea' id='block_1_13' title="bbox 170 1085 1730 1160">
    <p class='ocr_par' dir='ltr' id='par_1_13' title="bbox 170 1085 1730 1160">
     <span class='ocr_line' id='line_1_13' title="bbox 170 1085 1730 1160; baseline -0.005 -16"><span class='ocrx_word' id='word_1_72' title='bbox 170 1090 426 1160; x_wconf 77' lang='grc' dir='ltr'><strong>Καθάπερ</strong></span> <span class='ocrx_word' id='word_1_73' title='bbox 452 1089 558 1160; x_wconf 87' lang='grc' dir='ltr'><strong>γάρ</strong></span> <span class='ocrx_word' id='word_1_74' title='bbox 588 1090 636 1142; x_wconf 79' lang='lat' dir='ltr'><strong>ul</strong></span> <span class='ocrx_word' id='word_1_75' title='bbox 667 1088 917 1158; x_wconf 82' lang='grc' dir='ltr'>στάχυες,</span> <span class='ocrx_word' id='word_1_76' title='bbox 944 1089 1072 1141; x_wconf 77' lang='grc' dir='ltr'>ὅταν</span> <span class='ocrx_word' id='word_1_77' title='bbox 1101 1085 1490 1149; x_wconf 88' lang='grc' dir='ltr'>λευκανθῶσιν,</span> <span class='ocrx_word' id='word_1_78' title='bbox 1523 1085 1730 1153; x_wconf 72' lang='grc' dir='ltr'><strong>⁹ιξτιδιμοι</strong></span> 
     </span>
    </p>
   </div>
   <div class='ocr_carea' id='block_1_14' title="bbox 170 1172 1732 1250">
    <p class='ocr_par' dir='ltr' id='par_1_14' title="bbox 170 1172 1732 1250">
     <span class='ocr_line' id='line_1_14' title="bbox 170 1172 1732 1250; baseline -0.003 -19"><span class='ocrx_word' id='word_1_79' title='bbox 170 1182 244 1241; x_wconf 81' lang='grc' dir='ltr'>εἰς</span> <span class='ocrx_word' id='word_1_80' title='bbox 292 1181 585 1250; x_wconf 69' lang='grc' dir='ltr'>θερισμ),ν,</span> <span class='ocrx_word' id='word_1_81' title='bbox 628 1177 772 1230; x_wconf 84' lang='grc' dir='ltr'>οὑτω</span> <span class='ocrx_word' id='word_1_82' title='bbox 818 1179 911 1231; x_wconf 88' lang='lat' dir='ltr'><strong>ml</strong></span> <span class='ocrx_word' id='word_1_83' title='bbox 956 1172 1103 1233; x_wconf 75' lang='grc' dir='ltr'>οὗτοι</span> <span class='ocrx_word' id='word_1_84' title='bbox 1134 1179 1271 1247; x_wconf 81' lang='grc' dir='ltr'>πρὸς</span> <span class='ocrx_word' id='word_1_85' title='bbox 1314 1178 1586 1247; x_wconf 78' lang='grc' dir='ltr'>σωτηρίαν</span> <span class='ocrx_word' id='word_1_86' title='bbox 1626 1175 1732 1228; x_wconf 75' lang='grc' dir='ltr'>είσὶ</span> 
     </span>
    </p>
   </div>
   <div class='ocr_carea' id='block_1_15' title="bbox 171 1268 1727 1341">
    <p class='ocr_par' dir='ltr' id='par_1_15' title="bbox 171 1268 1727 1341">
     <span class='ocr_line' id='line_1_15' title="bbox 171 1268 1727 1341; baseline -0.003 -15"><span class='ocrx_word' id='word_1_87' title='bbox 171 1269 698 1341; x_wconf 86' lang='grc' dir='ltr'>παρεσκευασμένοι.</span> <span class='ocrx_word' id='word_1_88' title='bbox 727 1287 745 1320; x_wconf 79' lang='grc' dir='ltr'><strong>ι</strong></span> <span class='ocrx_word' id='word_1_89' title='bbox 777 1271 887 1324; x_wconf 80' lang='grc' dir='ltr'><strong>Καὶ</strong></span> <span class='ocrx_word' id='word_1_90' title='bbox 912 1272 940 1323; x_wconf 98' lang='lat'><strong>6</strong></span> <span class='ocrx_word' id='word_1_91' title='bbox 964 1268 1197 1340; x_wconf 75' lang='grc' dir='ltr'>θερίζων</span> <span class='ocrx_word' id='word_1_92' title='bbox 1226 1270 1416 1341; x_wconf 79' lang='grc' dir='ltr'>μισθὸν</span> <span class='ocrx_word' id='word_1_93' title='bbox 1443 1268 1727 1340; x_wconf 77' lang='grc' dir='ltr'>λαμϐάνει,</span> 
     </span>
    </p>
   </div>
   <div class='ocr_carea' id='block_1_16' title="bbox 169 1361 1732 1433">
    <p class='ocr_par' dir='ltr' id='par_1_16' title="bbox 169 1361 1732 1433">
     <span class='ocr_line' id='line_1_16' title="bbox 169 1361 1732 1433; baseline -0.003 -16"><span class='ocrx_word' id='word_1_94' title='bbox 169 1365 257 1418; x_wconf 85' lang='lat' dir='ltr'><strong>ml</strong></span> <span class='ocrx_word' id='word_1_95' title='bbox 305 1363 526 1429; x_wconf 87' lang='grc' dir='ltr'>συνάγει</span> <span class='ocrx_word' id='word_1_96' title='bbox 578 1362 787 1433; x_wconf 71' lang='grc' dir='ltr'>καρπὸν</span> <span class='ocrx_word' id='word_1_97' title='bbox 830 1362 910 1425; x_wconf 81' lang='grc' dir='ltr'><strong>είς</strong></span> <span class='ocrx_word' id='word_1_98' title='bbox 960 1362 1105 1433; x_wconf 77' lang='grc' dir='ltr'>ζωὴν</span> <span class='ocrx_word' id='word_1_99' title='bbox 1151 1363 1405 1416; x_wconf 79' lang='grc' dir='ltr'>αίώνιονο</span> <span class='ocrx_word' id='word_1_100' title='bbox 1446 1362 1532 1416; x_wconf 78' lang='grc' dir='ltr'><strong>ἵνα</strong></span> <span class='ocrx_word' id='word_1_101' title='bbox 1563 1361 1656 1413; x_wconf 81' lang='grc' dir='ltr'>καὶ</span> <span class='ocrx_word' id='word_1_102' title='bbox 1703 1361 1732 1414; x_wconf 89' lang='lat'><strong>6</strong></span> 
     </span>
    </p>
   </div>
   <div class='ocr_carea' id='block_1_17' title="bbox 170 1449 1728 1524">
    <p class='ocr_par' dir='ltr' id='par_1_17' title="bbox 170 1449 1728 1524">
     <span class='ocr_line' id='line_1_17' title="bbox 170 1449 1728 1524; baseline -0.005 -16"><span class='ocrx_word' id='word_1_103' title='bbox 170 1453 402 1523; x_wconf 85' lang='grc' dir='ltr'>σπείρων</span> <span class='ocrx_word' id='word_1_104' title='bbox 430 1451 566 1522; x_wconf 77' lang='grc' dir='ltr'>ὁμοῦ</span> <span class='ocrx_word' id='word_1_105' title='bbox 599 1454 786 1524; x_wconf 80' lang='grc' dir='ltr'>χαίρῃ,</span> <span class='ocrx_word' id='word_1_106' title='bbox 823 1454 917 1506; x_wconf 78' lang='grc' dir='ltr'><strong>καὶ</strong></span> <span class='ocrx_word' id='word_1_107' title='bbox 949 1456 977 1507; x_wconf 89' lang='lat'><strong>6</strong></span> <span class='ocrx_word' id='word_1_108' title='bbox 1009 1452 1263 1522; x_wconf 75' lang='grc' dir='ltr'>θερίζων.</span> <span class='ocrx_word' id='word_1_109' title='bbox 1301 1471 1320 1503; x_wconf 73' lang='grc' dir='ltr'><strong>ι</strong></span> <span class='ocrx_word' id='word_1_110' title='bbox 1362 1453 1425 1505; x_wconf 90' lang='grc' dir='ltr'><strong>Ὃ</strong></span> <span class='ocrx_word' id='word_1_111' title='bbox 1466 1450 1523 1504; x_wconf 85' lang='grc' dir='ltr'>δὲ</span> <span class='ocrx_word' id='word_1_112' title='bbox 1557 1449 1728 1518; x_wconf 81' lang='grc' dir='ltr'>λέγει,</span> 
     </span>
    </p>
   </div>
   <div class='ocr_carea' id='block_1_18' title="bbox 168 1542 1732 1616">
    <p class='ocr_par' dir='ltr' id='par_1_18' title="bbox 168 1542 1732 1616">
     <span class='ocr_line' id='line_1_18' title="bbox 168 1542 1732 1616; baseline -0.004 -13"><span class='ocrx_word' id='word_1_113' title='bbox 168 1544 396 1603; x_wconf 78' lang='grc' dir='ltr'>τοιοῦτόν</span> <span class='ocrx_word' id='word_1_114' title='bbox 421 1546 591 1598; x_wconf 67' lang='grc' dir='ltr'>ἐστιν*</span> <span class='ocrx_word' id='word_1_115' title='bbox 623 1546 685 1599; x_wconf 84' lang='lat' dir='ltr'><strong>Ol</strong></span> <span class='ocrx_word' id='word_1_116' title='bbox 716 1545 991 1616; x_wconf 67' lang='grc' dir='ltr'>προφῆται</span> <span class='ocrx_word' id='word_1_117' title='bbox 1023 1544 1305 1616; x_wconf 76' lang='grc' dir='ltr'>ἐσπειραν,</span> <span class='ocrx_word' id='word_1_118' title='bbox 1337 1543 1453 1598; x_wconf 77' lang='grc' dir='ltr'>ἀλλ’</span> <span class='ocrx_word' id='word_1_119' title='bbox 1481 1543 1581 1597; x_wconf 81' lang='grc' dir='ltr'><strong>οὑκ</strong></span> <span class='ocrx_word' id='word_1_120' title='bbox 1610 1542 1732 1596; x_wconf 66' lang='grc' dir='ltr'>ἑθέ-</span> 
     </span>
    </p>
   </div>
   <div class='ocr_carea' id='block_1_19' title="bbox 172 1633 1728 1708">
    <p class='ocr_par' dir='ltr' id='par_1_19' title="bbox 172 1633 1728 1708">
     <span class='ocr_line' id='line_1_19' title="bbox 172 1633 1728 1708; baseline -0.003 -17"><span class='ocrx_word' id='word_1_121' title='bbox 172 1654 342 1708; x_wconf 87' lang='grc' dir='ltr'>ρισαν.</span> <span class='ocrx_word' id='word_1_122' title='bbox 379 1636 455 1689; x_wconf 85' lang='grc' dir='ltr'>Οὑ</span> <span class='ocrx_word' id='word_1_123' title='bbox 487 1637 594 1707; x_wconf 79' lang='grc' dir='ltr'>μὴν</span> <span class='ocrx_word' id='word_1_124' title='bbox 625 1635 712 1691; x_wconf 87' lang='grc' dir='ltr'><strong>διά</strong></span> <span class='ocrx_word' id='word_1_125' title='bbox 744 1634 904 1691; x_wconf 80' lang='grc' dir='ltr'>τοῦτο</span> <span class='ocrx_word' id='word_1_126' title='bbox 936 1636 1341 1708; x_wconf 79' lang='grc' dir='ltr'>ἀπεστέρηνται</span> <span class='ocrx_word' id='word_1_127' title='bbox 1387 1633 1486 1703; x_wconf 76' lang='grc' dir='ltr'>τῆς</span> <span class='ocrx_word' id='word_1_128' title='bbox 1512 1634 1728 1705; x_wconf 76' lang='grc' dir='ltr'>ἡδονῆς,</span> 
     </span>
    </p>
   </div>
   <div class='ocr_carea' id='block_1_20' title="bbox 166 1725 1729 1799">
    <p class='ocr_par' dir='ltr' id='par_1_20' title="bbox 166 1725 1729 1799">
     <span class='ocr_line' id='line_1_20' title="bbox 166 1725 1729 1799; baseline -0.005 -14"><span class='ocrx_word' id='word_1_129' title='bbox 166 1730 297 1785; x_wconf 85' lang='grc' dir='ltr'><strong>ἀλλά</strong></span> <span class='ocrx_word' id='word_1_130' title='bbox 327 1728 423 1782; x_wconf 73' lang='grc' dir='ltr'><strong>σὺν</strong></span> <span class='ocrx_word' id='word_1_131' title='bbox 459 1729 592 1797; x_wconf 81' lang='grc' dir='ltr'>ἡμῖν</span> <span class='ocrx_word' id='word_1_132' title='bbox 627 1726 933 1799; x_wconf 78' lang='grc' dir='ltr'>χαίρουσιν,</span> <span class='ocrx_word' id='word_1_133' title='bbox 976 1729 1027 1783; x_wconf 86' lang='grc' dir='ltr'><strong>εί</strong></span> <span class='ocrx_word' id='word_1_134' title='bbox 1060 1729 1152 1785; x_wconf 88' lang='lat' dir='ltr'><strong>ml</strong></span> <span class='ocrx_word' id='word_1_135' title='bbox 1184 1728 1259 1799; x_wconf 82' lang='grc' dir='ltr'>μὴ</span> <span class='ocrx_word' id='word_1_136' title='bbox 1288 1728 1385 1781; x_wconf 75' lang='grc' dir='ltr'><strong>σὺν</strong></span> <span class='ocrx_word' id='word_1_137' title='bbox 1414 1728 1548 1797; x_wconf 75' lang='grc' dir='ltr'>ἡμῖν</span> <span class='ocrx_word' id='word_1_138' title='bbox 1581 1725 1729 1795; x_wconf 86' lang='grc' dir='ltr'>θερί-</span> 
     </span>
    </p>
   </div>
   <div class='ocr_carea' id='block_1_21' title="bbox 169 1818 1728 1891">
    <p class='ocr_par' dir='ltr' id='par_1_21' title="bbox 169 1818 1728 1891">
     <span class='ocr_line' id='line_1_21' title="bbox 169 1818 1728 1891; baseline -0.004 -14"><span class='ocrx_word' id='word_1_139' title='bbox 169 1825 370 1889; x_wconf 76' lang='grc' dir='ltr'>ζουσιν,</span> <span class='ocrx_word' id='word_1_140' title='bbox 435 1820 575 1890; x_wconf 84' lang='grc' dir='ltr'>ὅπερ</span> <span class='ocrx_word' id='word_1_141' title='bbox 600 1819 658 1873; x_wconf 69' lang='grc' dir='ltr'>ἐν</span> <span class='ocrx_word' id='word_1_142' title='bbox 688 1820 798 1883; x_wconf 85' lang='grc' dir='ltr'>τοῖς</span> <span class='ocrx_word' id='word_1_143' title='bbox 819 1819 1098 1891; x_wconf 81' lang='grc' dir='ltr'>αἰσθητοῖς</span> <span class='ocrx_word' id='word_1_144' title='bbox 1127 1819 1408 1891; x_wconf 83' lang='grc' dir='ltr'>θερισμοῖς</span> <span class='ocrx_word' id='word_1_145' title='bbox 1434 1819 1535 1874; x_wconf 85' lang='grc' dir='ltr'><strong>οὑκ</strong></span> <span class='ocrx_word' id='word_1_146' title='bbox 1562 1818 1728 1875; x_wconf 79' lang='grc' dir='ltr'>ἐστιν.</span> 
     </span>
    </p>
   </div>
   <div class='ocr_carea' id='block_1_22' title="bbox 178 1904 1730 1982">
    <p class='ocr_par' dir='ltr' id='par_1_22' title="bbox 178 1904 1730 1982">
     <span class='ocr_line' id='line_1_22' title="bbox 178 1904 1730 1982; baseline -0.005 -13"><span class='ocrx_word' id='word_1_147' title='bbox 178 1904 317 1969; x_wconf 83' lang='grc' dir='ltr'>Ἐκεῖ</span> <span class='ocrx_word' id='word_1_148' title='bbox 346 1912 455 1982; x_wconf 84' lang='grc' dir='ltr'>γὰρ</span> <span class='ocrx_word' id='word_1_149' title='bbox 485 1911 581 1967; x_wconf 81' lang='grc' dir='ltr'><strong>ἐὰν</strong></span> <span class='ocrx_word' id='word_1_150' title='bbox 611 1911 792 1982; x_wconf 78' lang='grc' dir='ltr'>συμϐῇ</span> <span class='ocrx_word' id='word_1_151' title='bbox 821 1910 982 1965; x_wconf 77' lang='grc' dir='ltr'>ἄλλον</span> <span class='ocrx_word' id='word_1_152' title='bbox 1004 1912 1226 1982; x_wconf 80' lang='grc' dir='ltr'>σπεῖραι</span> <span class='ocrx_word' id='word_1_153' title='bbox 1254 1950 1272 1976; x_wconf 92' lang='grc'><strong>,</strong></span> <span class='ocrx_word' id='word_1_154' title='bbox 1310 1910 1402 1967; x_wconf 88' lang='lat' dir='ltr'><strong>ml</strong></span> <span class='ocrx_word' id='word_1_155' title='bbox 1443 1909 1600 1965; x_wconf 80' lang='grc' dir='ltr'>ἀλλον</span> <span class='ocrx_word' id='word_1_156' title='bbox 1640 1909 1730 1962; x_wconf 75' lang='grc' dir='ltr'>θεο</span> 
     </span>
    </p>
   </div>
   <div class='ocr_carea' id='block_1_23' title="bbox 168 2001 1731 2080">
    <p class='ocr_par' dir='ltr' id='par_1_23' title="bbox 168 2001 1731 2080">
     <span class='ocr_line' id='line_1_23' title="bbox 168 2001 1731 2080; baseline -0.005 -20"><span class='ocrx_word' id='word_1_157' title='bbox 168 2008 332 2080; x_wconf 77' lang='grc' dir='ltr'>ρίσαι,</span> <span class='ocrx_word' id='word_1_158' title='bbox 365 2006 515 2077; x_wconf 88' lang='grc' dir='ltr'>λύπη</span> <span class='ocrx_word' id='word_1_159' title='bbox 544 2005 622 2076; x_wconf 86' lang='grc' dir='ltr'>τῷ</span> <span class='ocrx_word' id='word_1_160' title='bbox 664 2004 739 2076; x_wconf 81' lang='grc' dir='ltr'>μὴ</span> <span class='ocrx_word' id='word_1_161' title='bbox 772 2001 1062 2074; x_wconf 79' lang='grc' dir='ltr'>θερίζοντι.</span> <span class='ocrx_word' id='word_1_162' title='bbox 1113 2002 1203 2056; x_wconf 83' lang='grc' dir='ltr'>Ἐν</span> <span class='ocrx_word' id='word_1_163' title='bbox 1248 2002 1306 2061; x_wconf 86' lang='grc' dir='ltr'>δὲ</span> <span class='ocrx_word' id='word_1_164' title='bbox 1340 2004 1451 2065; x_wconf 82' lang='grc' dir='ltr'>τοῖς</span> <span class='ocrx_word' id='word_1_165' title='bbox 1488 2017 1731 2070; x_wconf 86' lang='grc' dir='ltr'>πνευμα-</span> 
     </span>
    </p>
   </div>
   <div class='ocr_carea' id='block_1_24' title="bbox 166 2090 1732 2169">
    <p class='ocr_par' dir='ltr' id='par_1_24' title="bbox 166 2090 1732 2169">
     <span class='ocr_line' id='line_1_24' title="bbox 166 2090 1732 2169; baseline -0.004 -18"><span class='ocrx_word' id='word_1_166' title='bbox 166 2102 326 2159; x_wconf 80' lang='grc' dir='ltr'>τικοῖς</span> <span class='ocrx_word' id='word_1_167' title='bbox 348 2138 363 2162; x_wconf 94' lang='grc'><strong>,</strong></span> <span class='ocrx_word' id='word_1_168' title='bbox 395 2099 496 2169; x_wconf 75' lang='grc' dir='ltr'><strong>οὐχ</strong></span> <span class='ocrx_word' id='word_1_169' title='bbox 523 2095 696 2159; x_wconf 79' lang='grc' dir='ltr'>οὕτως</span> <span class='ocrx_word' id='word_1_170' title='bbox 715 2111 729 2126; x_wconf 87' lang='grc'><strong>·</strong></span> <span class='ocrx_word' id='word_1_171' title='bbox 760 2094 895 2149; x_wconf 83' lang='grc' dir='ltr'><strong>ἀλλά</strong></span> <span class='ocrx_word' id='word_1_172' title='bbox 933 2094 1028 2148; x_wconf 80' lang='grc' dir='ltr'>καὶ</span> <span class='ocrx_word' id='word_1_173' title='bbox 1053 2094 1105 2147; x_wconf 78' lang='grc' dir='ltr'><strong>οἱ</strong></span> <span class='ocrx_word' id='word_1_174' title='bbox 1134 2093 1409 2164; x_wconf 81' lang='grc' dir='ltr'>προφῆται</span> <span class='ocrx_word' id='word_1_175' title='bbox 1450 2090 1732 2163; x_wconf 83' lang='grc' dir='ltr'>προκηρύ-</span> 
     </span>
    </p>
   </div>
   <div class='ocr_carea' id='block_1_25' title="bbox 168 2180 1731 2259">
    <p class='ocr_par' dir='ltr' id='par_1_25' title="bbox 168 2180 1731 2259">
     <span class='ocr_line' id='line_1_25' title="bbox 168 2180 1731 2259; baseline -0.006 -16"><span class='ocrx_word' id='word_1_176' title='bbox 168 2190 370 2255; x_wconf 78' lang='grc' dir='ltr'>ξαντες,</span> <span class='ocrx_word' id='word_1_177' title='bbox 402 2190 498 2242; x_wconf 87' lang='lat' dir='ltr'><strong>ml</strong></span> <span class='ocrx_word' id='word_1_178' title='bbox 524 2187 971 2259; x_wconf 79' lang='grc' dir='ltr'>προμαλάξαντες</span> <span class='ocrx_word' id='word_1_179' title='bbox 996 2185 1105 2240; x_wconf 87' lang='grc' dir='ltr'><strong>τῶν</strong></span> <span class='ocrx_word' id='word_1_180' title='bbox 1132 2183 1435 2256; x_wconf 87' lang='grc' dir='ltr'>ἀνθρώπων</span> <span class='ocrx_word' id='word_1_181' title='bbox 1458 2182 1559 2244; x_wconf 75' lang='grc' dir='ltr'>τὰς</span> <span class='ocrx_word' id='word_1_182' title='bbox 1590 2180 1731 2251; x_wconf 82' lang='grc' dir='ltr'>γνώ-</span> 
     </span>
    </p>
   </div>
   <div class='ocr_carea' id='block_1_26' title="bbox 171 2274 1731 2355">
    <p class='ocr_par' dir='ltr' id='par_1_26' title="bbox 171 2274 1731 2355">
     <span class='ocr_line' id='line_1_26' title="bbox 171 2274 1731 2355; baseline -0.006 -20"><span class='ocrx_word' id='word_1_183' title='bbox 171 2298 292 2351; x_wconf 85' lang='grc' dir='ltr'>μας,</span> <span class='ocrx_word' id='word_1_184' title='bbox 344 2280 597 2355; x_wconf 81' lang='grc' dir='ltr'>χαίρουσι</span> <span class='ocrx_word' id='word_1_185' title='bbox 651 2279 748 2334; x_wconf 78' lang='grc' dir='ltr'><strong>σὺν</strong></span> <span class='ocrx_word' id='word_1_186' title='bbox 807 2280 939 2350; x_wconf 76' lang='grc' dir='ltr'>ἡμῖν</span> <span class='ocrx_word' id='word_1_187' title='bbox 987 2279 1101 2341; x_wconf 86' lang='grc' dir='ltr'>τοῖς</span> <span class='ocrx_word' id='word_1_188' title='bbox 1157 2276 1238 2339; x_wconf 74' lang='grc' dir='ltr'><strong>είς</strong></span> <span class='ocrx_word' id='word_1_189' title='bbox 1288 2274 1561 2346; x_wconf 87' lang='grc' dir='ltr'>σωτηρίαν</span> <span class='ocrx_word' id='word_1_190' title='bbox 1604 2274 1731 2336; x_wconf 75' lang='grc' dir='ltr'>τοὺς</span> 
     </span>
    </p>
   </div>
   <div class='ocr_carea' id='block_1_27' title="bbox 168 2365 1728 2443">
    <p class='ocr_par' dir='ltr' id='par_1_27' title="bbox 168 2365 1728 2443">
     <span class='ocr_line' id='line_1_27' title="bbox 168 2365 1728 2443; baseline -0.004 -17"><span class='ocrx_word' id='word_1_191' title='bbox 168 2372 479 2443; x_wconf 81' lang='grc' dir='ltr'>ἀνθρώπους</span> <span class='ocrx_word' id='word_1_192' title='bbox 535 2369 886 2440; x_wconf 71' lang='grc' dir='ltr'>ὲφελκύσασι.</span> <span class='ocrx_word' id='word_1_193' title='bbox 920 2370 994 2423; x_wconf 79' lang='grc' dir='ltr'><strong>Τὸ</strong></span> <span class='ocrx_word' id='word_1_194' title='bbox 1041 2368 1118 2436; x_wconf 81' lang='grc' dir='ltr'>δὲ,</span> <span class='ocrx_word' id='word_1_195' title='bbox 1170 2385 1190 2420; x_wconf 79' lang='grc' dir='ltr'><strong>ι</strong></span> <span class='ocrx_word' id='word_1_196' title='bbox 1230 2365 1373 2435; x_wconf 82' lang='grc' dir='ltr'><strong>Ἐγὼ</strong></span> <span class='ocrx_word' id='word_1_197' title='bbox 1437 2367 1582 2436; x_wconf 82' lang='grc' dir='ltr'>ὑμᾶς</span> <span class='ocrx_word' id='word_1_198' title='bbox 1619 2368 1728 2420; x_wconf 84' lang='grc' dir='ltr'>ἀπ-</span> 
     </span>
    </p>
   </div>
   <div class='ocr_carea' id='block_1_28' title="bbox 169 2456 1730 2535">
    <p class='ocr_par' dir='ltr' id='par_1_28' title="bbox 169 2456 1730 2535">
     <span class='ocr_line' id='line_1_28' title="bbox 169 2456 1730 2535; baseline -0.004 -16"><span class='ocrx_word' id='word_1_199' title='bbox 169 2464 378 2519; x_wconf 86' lang='grc' dir='ltr'>έστειλα</span> <span class='ocrx_word' id='word_1_200' title='bbox 401 2465 659 2535; x_wconf 77' lang='grc' dir='ltr'>θερίζειν,</span> <span class='ocrx_word' id='word_1_201' title='bbox 678 2462 706 2516; x_wconf 84' lang='grc' dir='ltr'><strong>ὃ</strong></span> <span class='ocrx_word' id='word_1_202' title='bbox 726 2463 823 2531; x_wconf 81' lang='grc' dir='ltr'><strong>οὐχ</strong></span> <span class='ocrx_word' id='word_1_203' title='bbox 847 2462 1003 2532; x_wconf 81' lang='grc' dir='ltr'>ὑμεῖς</span> <span class='ocrx_word' id='word_1_204' title='bbox 1022 2459 1409 2523; x_wconf 81' lang='grc' dir='ltr'>κεκοπιάκατε,</span> <span class='ocrx_word' id='word_1_205' title='bbox 1425 2476 1442 2510; x_wconf 81' lang='lat' dir='ltr'><strong>t</strong></span> <span class='ocrx_word' id='word_1_206' title='bbox 1465 2458 1554 2512; x_wconf 77' lang='grc' dir='ltr'><strong>διὰ</strong></span> <span class='ocrx_word' id='word_1_207' title='bbox 1574 2456 1730 2512; x_wconf 78' lang='grc' dir='ltr'>τοῦτο</span> 
     </span>
    </p>
   </div>
   <div class='ocr_carea' id='block_1_29' title="bbox 170 2549 1728 2627">
    <p class='ocr_par' dir='ltr' id='par_1_29' title="bbox 170 2549 1728 2627">
     <span class='ocr_line' id='line_1_29' title="bbox 170 2549 1728 2627; baseline -0.005 -17"><span class='ocrx_word' id='word_1_208' title='bbox 170 2575 327 2626; x_wconf 77' lang='grc' dir='ltr'>φησιν</span> <span class='ocrx_word' id='word_1_209' title='bbox 368 2560 396 2611; x_wconf 90' lang='lat'><strong>6</strong></span> <span class='ocrx_word' id='word_1_210' title='bbox 427 2555 663 2627; x_wconf 84' lang='grc' dir='ltr'>Κύριος,</span> <span class='ocrx_word' id='word_1_211' title='bbox 711 2555 778 2608; x_wconf 80' lang='grc' dir='ltr'><strong>ἵν’</strong></span> <span class='ocrx_word' id='word_1_212' title='bbox 807 2555 935 2608; x_wconf 83' lang='grc' dir='ltr'>ὅταν</span> <span class='ocrx_word' id='word_1_213' title='bbox 965 2552 1271 2625; x_wconf 80' lang='grc' dir='ltr'>ἀποστέλλῃ</span> <span class='ocrx_word' id='word_1_214' title='bbox 1313 2554 1440 2613; x_wconf 83' lang='grc' dir='ltr'>τοὺς</span> <span class='ocrx_word' id='word_1_215' title='bbox 1485 2549 1728 2621; x_wconf 84' lang='grc' dir='ltr'>μαθητὰς</span> 
     </span>
    </p>
   </div>
   <div class='ocr_carea' id='block_1_30' title="bbox 168 2642 1729 2719">
    <p class='ocr_par' dir='ltr' id='par_1_30' title="bbox 168 2642 1729 2719">
     <span class='ocr_line' id='line_1_30' title="bbox 168 2642 1729 2719; baseline -0.004 -18"><span class='ocrx_word' id='word_1_216' title='bbox 168 2649 257 2701; x_wconf 73' lang='grc' dir='ltr'>ἐπὶ</span> <span class='ocrx_word' id='word_1_217' title='bbox 284 2650 343 2702; x_wconf 77' lang='grc' dir='ltr'>τὸ</span> <span class='ocrx_word' id='word_1_218' title='bbox 380 2649 665 2718; x_wconf 81' lang='grc' dir='ltr'>κήρυγμα,</span> <span class='ocrx_word' id='word_1_219' title='bbox 703 2645 781 2719; x_wconf 79' lang='grc' dir='ltr'>μὴ</span> <span class='ocrx_word' id='word_1_220' title='bbox 829 2644 1231 2715; x_wconf 75' lang='grc' dir='ltr'>θορυϐηθῶσιν,</span> <span class='ocrx_word' id='word_1_221' title='bbox 1260 2642 1335 2706; x_wconf 84' lang='grc' dir='ltr'>ὡς</span> <span class='ocrx_word' id='word_1_222' title='bbox 1378 2644 1458 2706; x_wconf 84' lang='grc' dir='ltr'><strong>είς</strong></span> <span class='ocrx_word' id='word_1_223' title='bbox 1498 2642 1729 2712; x_wconf 78' lang='grc' dir='ltr'>πρᾶγμα</span> 
     </span>
    </p>
   </div>
   <div class='ocr_carea' id='block_1_31' title="bbox 168 2733 1726 2808">
    <p class='ocr_par' dir='ltr' id='par_1_31' title="bbox 168 2733 1726 2808">
     <span class='ocr_line' id='line_1_31' title="bbox 168 2733 1726 2808; baseline -0.004 -15"><span class='ocrx_word' id='word_1_224' title='bbox 168 2741 416 2794; x_wconf 79' lang='grc' dir='ltr'>ἐπίπονον</span> <span class='ocrx_word' id='word_1_225' title='bbox 471 2737 951 2808; x_wconf 82' lang='grc' dir='ltr'>ἀποστελλόμενοι.</span> <span class='ocrx_word' id='word_1_226' title='bbox 1006 2736 1081 2790; x_wconf 85' lang='grc' dir='ltr'><strong>Τὸ</strong></span> <span class='ocrx_word' id='word_1_227' title='bbox 1135 2736 1244 2806; x_wconf 77' lang='grc' dir='ltr'><strong>γὰρ</strong></span> <span class='ocrx_word' id='word_1_228' title='bbox 1291 2733 1726 2804; x_wconf 78' lang='grc' dir='ltr'>ἐπιπονώτερον,</span> 
     </span>
    </p>
   </div>
   <div class='ocr_carea' id='block_1_32' title="bbox 169 2824 1730 2903">
    <p class='ocr_par' dir='ltr' id='par_1_32' title="bbox 169 2824 1730 2903">
     <span class='ocr_line' id='line_1_32' title="bbox 169 2824 1730 2903; baseline -0.003 -21"><span class='ocrx_word' id='word_1_229' title='bbox 169 2833 347 2903; x_wconf 70' lang='grc' dir='ltr'>φησὶν,</span> <span class='ocrx_word' id='word_1_230' title='bbox 368 2832 415 2883; x_wconf 83' lang='grc' dir='ltr'>οἱ</span> <span class='ocrx_word' id='word_1_231' title='bbox 444 2830 723 2902; x_wconf 70' lang='grc' dir='ltr'>προφῆται</span> <span class='ocrx_word' id='word_1_232' title='bbox 747 2829 1084 2895; x_wconf 81' lang='grc' dir='ltr'>ἀνεδέξαντο,</span> <span class='ocrx_word' id='word_1_233' title='bbox 1112 2827 1269 2898; x_wconf 84' lang='grc' dir='ltr'>ὑμεῖς</span> <span class='ocrx_word' id='word_1_234' title='bbox 1297 2825 1354 2880; x_wconf 76' lang='grc' dir='ltr'>δὲ</span> <span class='ocrx_word' id='word_1_235' title='bbox 1379 2826 1478 2880; x_wconf 72' lang='grc' dir='ltr'><strong>ἐπὶ</strong></span> <span class='ocrx_word' id='word_1_236' title='bbox 1504 2825 1565 2878; x_wconf 86' lang='grc' dir='ltr'><strong>τὸ</strong></span> <span class='ocrx_word' id='word_1_237' title='bbox 1590 2824 1730 2886; x_wconf 79' lang='grc' dir='ltr'>’ἐτοι-</span> 
     </span>
    </p>
   </div>
   <div class='ocr_carea' id='block_1_33' title="bbox 171 2917 1730 2991">
    <p class='ocr_par' dir='ltr' id='par_1_33' title="bbox 171 2917 1730 2991">
     <span class='ocr_line' id='line_1_33' title="bbox 171 2917 1730 2991; baseline -0.004 -16"><span class='ocrx_word' id='word_1_238' title='bbox 171 2939 266 2991; x_wconf 87' lang='grc' dir='ltr'><strong>μον</strong></span> <span class='ocrx_word' id='word_1_239' title='bbox 307 2918 609 2991; x_wconf 87' lang='grc' dir='ltr'>πέμπεσθε.</span> <span class='ocrx_word' id='word_1_240' title='bbox 652 2920 824 2989; x_wconf 82' lang='grc' dir='ltr'>Λόγον</span> <span class='ocrx_word' id='word_1_241' title='bbox 857 2920 915 2973; x_wconf 77' lang='grc' dir='ltr'>δὲ</span> <span class='ocrx_word' id='word_1_242' title='bbox 948 2918 1203 2991; x_wconf 86' lang='grc' dir='ltr'>ἀληθινόν</span> <span class='ocrx_word' id='word_1_243' title='bbox 1238 2934 1393 2989; x_wconf 77' lang='grc' dir='ltr'>φησι,</span> <span class='ocrx_word' id='word_1_244' title='bbox 1430 2917 1730 2987; x_wconf 86' lang='grc' dir='ltr'>παροιμίαν</span> 
     </span>
    </p>
   </div>
   <div class='ocr_carea' id='block_1_34' title="bbox 169 3009 1730 3084">
    <p class='ocr_par' dir='ltr' id='par_1_34' title="bbox 169 3009 1730 3084">
     <span class='ocr_line' id='line_1_34' title="bbox 169 3009 1730 3084; baseline -0.003 -17"><span class='ocrx_word' id='word_1_245' title='bbox 169 3015 283 3067; x_wconf 64' lang='grc' dir='ltr'>τινὰ</span> <span class='ocrx_word' id='word_1_246' title='bbox 330 3013 773 3084; x_wconf 79' lang='grc' dir='ltr'>περιφερομένην</span> <span class='ocrx_word' id='word_1_247' title='bbox 811 3012 962 3084; x_wconf 85' lang='grc' dir='ltr'><strong>παρά</strong></span> <span class='ocrx_word' id='word_1_248' title='bbox 998 3012 1076 3083; x_wconf 82' lang='grc' dir='ltr'>τῷ</span> <span class='ocrx_word' id='word_1_249' title='bbox 1108 3011 1336 3083; x_wconf 86' lang='grc' dir='ltr'>πλήθει,</span> <span class='ocrx_word' id='word_1_250' title='bbox 1375 3012 1456 3063; x_wconf 76' lang='grc' dir='ltr'><strong>ὄτι</strong></span> <span class='ocrx_word' id='word_1_251' title='bbox 1487 3028 1505 3062; x_wconf 82' lang='grc' dir='ltr'><strong>ι</strong></span> <span class='ocrx_word' id='word_1_252' title='bbox 1536 3009 1730 3072; x_wconf 69' lang='grc' dir='ltr'>Ἄλλος</span> 
     </span>
    </p>
   </div>
   <div class='ocr_carea' id='block_1_35' title="bbox 164 3102 1728 3174">
    <p class='ocr_par' dir='ltr' id='par_1_35' title="bbox 164 3102 1728 3174">
     <span class='ocr_line' id='line_1_35' title="bbox 164 3102 1728 3174; baseline -0.001 -19"><span class='ocrx_word' id='word_1_253' title='bbox 164 3106 305 3158; x_wconf 72' lang='grc' dir='ltr'>ἐστὶν</span> <span class='ocrx_word' id='word_1_254' title='bbox 330 3105 628 3174; x_wconf 58' lang='grc' dir='ltr'>ὁλσπείρων,</span> <span class='ocrx_word' id='word_1_255' title='bbox 647 3107 740 3157; x_wconf 84' lang='lat' dir='ltr'><strong>ml</strong></span> <span class='ocrx_word' id='word_1_256' title='bbox 762 3104 917 3167; x_wconf 80' lang='grc' dir='ltr'>ἄλλος</span> <span class='ocrx_word' id='word_1_257' title='bbox 939 3104 967 3156; x_wconf 87' lang='lat'><strong>6</strong></span> <span class='ocrx_word' id='word_1_258' title='bbox 995 3104 1245 3173; x_wconf 81' lang='grc' dir='ltr'>θερίζων.</span> <span class='ocrx_word' id='word_1_259' title='bbox 1274 3121 1294 3155; x_wconf 76' lang='grc' dir='ltr'><strong>ι</strong></span> <span class='ocrx_word' id='word_1_260' title='bbox 1338 3102 1479 3172; x_wconf 84' lang='grc' dir='ltr'>Ὅρα</span> <span class='ocrx_word' id='word_1_261' title='bbox 1500 3102 1577 3165; x_wconf 81' lang='grc' dir='ltr'>δὲ,</span> <span class='ocrx_word' id='word_1_262' title='bbox 1612 3102 1728 3165; x_wconf 86' lang='grc' dir='ltr'><strong>πῶς</strong></span> 
     </span>
    </p>
   </div>
   <div class='ocr_carea' id='block_1_36' title="bbox 169 3194 1732 3264">
    <p class='ocr_par' dir='ltr' id='par_1_36' title="bbox 169 3194 1732 3264">
     <span class='ocr_line' id='line_1_36' title="bbox 169 3194 1732 3264; baseline -0.001 -16"><span class='ocrx_word' id='word_1_263' title='bbox 169 3196 343 3250; x_wconf 81' lang='grc' dir='ltr'>πάντα</span> <span class='ocrx_word' id='word_1_264' title='bbox 369 3195 705 3260; x_wconf 85' lang='grc' dir='ltr'>δεσποτικῶς</span> <span class='ocrx_word' id='word_1_265' title='bbox 733 3196 882 3264; x_wconf 85' lang='grc' dir='ltr'>λέγει</span> <span class='ocrx_word' id='word_1_266' title='bbox 907 3195 1002 3250; x_wconf 87' lang='lat' dir='ltr'><strong>ml</strong></span> <span class='ocrx_word' id='word_1_267' title='bbox 1033 3194 1477 3263; x_wconf 77' lang='grc' dir='ltr'>ὲξουσιαστικῶς’</span> <span class='ocrx_word' id='word_1_268' title='bbox 1513 3212 1533 3247; x_wconf 82' lang='grc' dir='ltr'><strong>ι</strong></span> <span class='ocrx_word' id='word_1_269' title='bbox 1593 3195 1732 3262; x_wconf 88' lang='grc' dir='ltr'><strong>Ἐγὼ</strong></span> 
     </span>
    </p>
   </div>
   <div class='ocr_carea' id='block_1_37' title="bbox 169 3286 1733 3358">
    <p class='ocr_par' dir='ltr' id='par_1_37' title="bbox 169 3286 1733 3358">
     <span class='ocr_line' id='line_1_37' title="bbox 169 3286 1733 3358; baseline -0.003 -15"><span class='ocrx_word' id='word_1_270' title='bbox 169 3288 460 3343; x_wconf 81' lang='grc' dir='ltr'>ἀπέστειλα</span> <span class='ocrx_word' id='word_1_271' title='bbox 508 3288 652 3357; x_wconf 80' lang='grc' dir='ltr'>ὑμᾶς</span> <span class='ocrx_word' id='word_1_272' title='bbox 686 3286 945 3358; x_wconf 73' lang='grc' dir='ltr'>θερίζειν.</span> <span class='ocrx_word' id='word_1_273' title='bbox 1007 3305 1028 3340; x_wconf 72' lang='grc' dir='ltr'><strong>ι</strong></span> <span class='ocrx_word' id='word_1_274' title='bbox 1091 3286 1465 3341; x_wconf 81' lang='grc' dir='ltr'>’Δκουέτωσαν</span> <span class='ocrx_word' id='word_1_275' title='bbox 1514 3286 1565 3339; x_wconf 89' lang='grc' dir='ltr'>οἱ</span> <span class='ocrx_word' id='word_1_276' title='bbox 1604 3287 1733 3357; x_wconf 76' lang='grc' dir='ltr'>περὶ</span> 
     </span>
    </p>
   </div>
   <div class='ocr_carea' id='block_1_38' title="bbox 170 3378 1734 3451">
    <p class='ocr_par' dir='ltr' id='par_1_38' title="bbox 170 3378 1734 3451">
     <span class='ocr_line' id='line_1_38' title="bbox 170 3378 1734 3451; baseline -0.003 -15"><span class='ocrx_word' id='word_1_277' title='bbox 170 3382 468 3451; x_wconf 61' lang='grc' dir='ltr'>Μαρκίων),</span> <span class='ocrx_word' id='word_1_278' title='bbox 520 3382 611 3432; x_wconf 73' lang='grc' dir='ltr'><strong>τὸν</strong></span> <span class='ocrx_word' id='word_1_279' title='bbox 659 3380 986 3450; x_wconf 85' lang='grc' dir='ltr'>κατάρατον,</span> <span class='ocrx_word' id='word_1_280' title='bbox 1022 3379 1119 3432; x_wconf 74' lang='grc' dir='ltr'><strong>καὶ</strong></span> <span class='ocrx_word' id='word_1_281' title='bbox 1149 3381 1424 3446; x_wconf 65' lang='grc' dir='ltr'>Μάνεντα,</span> <span class='ocrx_word' id='word_1_282' title='bbox 1477 3379 1571 3437; x_wconf 88' lang='lat' dir='ltr'><strong>ml</strong></span> <span class='ocrx_word' id='word_1_283' title='bbox 1607 3378 1734 3443; x_wconf 81' lang='grc' dir='ltr'>τοὺς</span> 
     </span>
    </p>
   </div>
   <div class='ocr_carea' id='block_1_39' title="bbox 167 3470 1732 3543">
    <p class='ocr_par' dir='ltr' id='par_1_39' title="bbox 167 3470 1732 3543">
     <span class='ocr_line' id='line_1_39' title="bbox 167 3470 1732 3543; baseline 0.001 -20"><span class='ocrx_word' id='word_1_284' title='bbox 167 3473 460 3538; x_wconf 78' lang='grc' dir='ltr'>τοιούτους,</span> <span class='ocrx_word' id='word_1_285' title='bbox 507 3470 556 3525; x_wconf 80' lang='grc' dir='ltr'>οἳ</span> <span class='ocrx_word' id='word_1_286' title='bbox 584 3473 683 3541; x_wconf 79' lang='grc' dir='ltr'><strong>τὴν</strong></span> <span class='ocrx_word' id='word_1_287' title='bbox 724 3470 967 3525; x_wconf 86' lang='grc' dir='ltr'>Παλαιάν</span> <span class='ocrx_word' id='word_1_288' title='bbox 1001 3470 1276 3542; x_wconf 77' lang='grc' dir='ltr'>Διαθηκην</span> <span class='ocrx_word' id='word_1_289' title='bbox 1310 3470 1732 3543; x_wconf 78' lang='grc' dir='ltr'>ἀπαλλοτριοῦσι</span> 
     </span>
    </p>
   </div>
   <div class='ocr_carea' id='block_1_40' title="bbox 168 3562 1733 3634">
    <p class='ocr_par' dir='ltr' id='par_1_40' title="bbox 168 3562 1733 3634">
     <span class='ocr_line' id='line_1_40' title="bbox 168 3562 1733 3634; baseline -0.001 -17"><span class='ocrx_word' id='word_1_290' title='bbox 168 3566 259 3631; x_wconf 78' lang='grc' dir='ltr'>τῆς</span> <span class='ocrx_word' id='word_1_291' title='bbox 288 3566 433 3627; x_wconf 82' lang='grc' dir='ltr'>Νέας</span> <span class='ocrx_word' id='word_1_292' title='bbox 459 3581 472 3595; x_wconf 91' lang='grc'>·</span> <span class='ocrx_word' id='word_1_293' title='bbox 515 3562 806 3616; x_wconf 81' lang='grc' dir='ltr'>κάντεῦθεν</span> <span class='ocrx_word' id='word_1_294' title='bbox 838 3563 947 3634; x_wconf 76' lang='grc' dir='ltr'>γὰρ</span> <span class='ocrx_word' id='word_1_295' title='bbox 978 3562 1313 3632; x_wconf 77' lang='grc' dir='ltr'>ἐλέγχονται.</span> <span class='ocrx_word' id='word_1_296' title='bbox 1339 3563 1402 3616; x_wconf 82' lang='lat' dir='ltr'><strong>El</strong></span> <span class='ocrx_word' id='word_1_297' title='bbox 1434 3563 1544 3632; x_wconf 84' lang='grc' dir='ltr'>γὰρ</span> <span class='ocrx_word' id='word_1_298' title='bbox 1579 3563 1733 3616; x_wconf 77' lang='grc' dir='ltr'>ἀλλο-</span> 
     </span>
    </p>
   </div>
   <div class='ocr_carea' id='block_1_41' title="bbox 168 3653 1733 3728">
    <p class='ocr_par' dir='ltr' id='par_1_41' title="bbox 168 3653 1733 3728">
     <span class='ocr_line' id='line_1_41' title="bbox 168 3653 1733 3728; baseline 0.001 -22"><span class='ocrx_word' id='word_1_299' title='bbox 168 3659 288 3725; x_wconf 81' lang='grc' dir='ltr'>τρία</span> <span class='ocrx_word' id='word_1_300' title='bbox 312 3653 380 3728; x_wconf 75' lang='grc' dir='ltr'>ἦν</span> <span class='ocrx_word' id='word_1_301' title='bbox 402 3660 438 3727; x_wconf 75' lang='grc' dir='ltr'><strong>η</strong></span> <span class='ocrx_word' id='word_1_302' title='bbox 466 3656 696 3721; x_wconf 80' lang='grc' dir='ltr'>Παλαιὰ,</span> <span class='ocrx_word' id='word_1_303' title='bbox 727 3656 842 3718; x_wconf 88' lang='grc' dir='ltr'><strong>πῶς</strong></span> <span class='ocrx_word' id='word_1_304' title='bbox 874 3658 921 3709; x_wconf 86' lang='grc' dir='ltr'>οἱ</span> <span class='ocrx_word' id='word_1_305' title='bbox 946 3654 1231 3709; x_wconf 85' lang='grc' dir='ltr'>ἀπόστολοι</span> <span class='ocrx_word' id='word_1_306' title='bbox 1266 3654 1516 3724; x_wconf 71' lang='grc' dir='ltr'>ἐθέρισαν</span> <span class='ocrx_word' id='word_1_307' title='bbox 1537 3657 1605 3711; x_wconf 88' lang='grc' dir='ltr'><strong>τά</strong></span> <span class='ocrx_word' id='word_1_308' title='bbox 1625 3655 1733 3709; x_wconf 91' lang='grc' dir='ltr'><strong>τῶν</strong></span> 
     </span>
    </p>
   </div>
   <div class='ocr_carea' id='block_1_42' title="bbox 170 3748 1732 3826">
    <p class='ocr_par' dir='ltr' id='par_1_42' title="bbox 170 3748 1732 3826">
     <span class='ocr_line' id='line_1_42' title="bbox 170 3748 1732 3826; baseline 0 -23"><span class='ocrx_word' id='word_1_309' title='bbox 170 3750 457 3820; x_wconf 65' lang='grc' dir='ltr'>προφητῶν</span> <span class='ocrx_word' id='word_1_310' title='bbox 474 3766 495 3826; x_wconf 56' lang='grc' dir='ltr'><strong>ς</strong></span> <span class='ocrx_word' id='word_1_311' title='bbox 527 3750 691 3803; x_wconf 79' lang='grc' dir='ltr'>’Ὥστε</span> <span class='ocrx_word' id='word_1_312' title='bbox 724 3751 845 3804; x_wconf 72' lang='grc' dir='ltr'>ἐπεὶ</span> <span class='ocrx_word' id='word_1_313' title='bbox 874 3751 943 3803; x_wconf 79' lang='grc' dir='ltr'><strong>τά</strong></span> <span class='ocrx_word' id='word_1_314' title='bbox 972 3753 1070 3820; x_wconf 83' lang='grc' dir='ltr'><strong>τῆς</strong></span> <span class='ocrx_word' id='word_1_315' title='bbox 1104 3749 1346 3811; x_wconf 86' lang='grc' dir='ltr'>Παλαιᾶς</span> <span class='ocrx_word' id='word_1_316' title='bbox 1368 3749 1418 3801; x_wconf 87' lang='grc' dir='ltr'><strong>οί</strong></span> <span class='ocrx_word' id='word_1_317' title='bbox 1448 3748 1732 3803; x_wconf 86' lang='grc' dir='ltr'>ἀπόστολοι</span> 
     </span>
    </p>
   </div>
   <div class='ocr_carea' id='block_1_43' title="bbox 170 3841 1727 3913">
    <p class='ocr_par' dir='ltr' id='par_1_43' title="bbox 170 3841 1727 3913">
     <span class='ocr_line' id='line_1_43' title="bbox 170 3841 1727 3913; baseline -0.001 -18"><span class='ocrx_word' id='word_1_318' title='bbox 170 3841 439 3911; x_wconf 72' lang='grc' dir='ltr'>ἐθέρισαν,</span> <span class='ocrx_word' id='word_1_319' title='bbox 466 3841 566 3895; x_wconf 87' lang='grc' dir='ltr'><strong>ούκ</strong></span> <span class='ocrx_word' id='word_1_320' title='bbox 587 3841 844 3912; x_wconf 85' lang='grc' dir='ltr'>ἀλλοτρία</span> <span class='ocrx_word' id='word_1_321' title='bbox 870 3842 969 3911; x_wconf 81' lang='grc' dir='ltr'>τῆς</span> <span class='ocrx_word' id='word_1_322' title='bbox 996 3842 1205 3911; x_wconf 80' lang='grc' dir='ltr'>Καινῆς</span> <span class='ocrx_word' id='word_1_323' title='bbox 1227 3842 1499 3913; x_wconf 83' lang='grc' dir='ltr'>Διαθήκης</span> <span class='ocrx_word' id='word_1_324' title='bbox 1527 3843 1727 3913; x_wconf 77' lang='grc' dir='ltr'>ἐκείνη,</span> 
     </span>
    </p>
   </div>
   <div class='ocr_carea' id='block_1_44' title="bbox 170 3932 1732 4007">
    <p class='ocr_par' dir='ltr' id='par_1_44' title="bbox 170 3932 1732 4007">
     <span class='ocr_line' id='line_1_44' title="bbox 170 3932 1732 4007; baseline 0.004 -24"><span class='ocrx_word' id='word_1_325' title='bbox 170 3932 280 3984; x_wconf 82' lang='grc' dir='ltr'>ἀλλ’</span> <span class='ocrx_word' id='word_1_326' title='bbox 298 3935 609 4005; x_wconf 74' lang='grc' dir='ltr'>ἀμφότεραι</span> <span class='ocrx_word' id='word_1_327' title='bbox 632 3934 749 4003; x_wconf 85' lang='grc' dir='ltr'>μία.</span> <span class='ocrx_word' id='word_1_328' title='bbox 776 3935 1151 3989; x_wconf 83' lang='grc' dir='ltr'>Ἀκουέτωσαν</span> <span class='ocrx_word' id='word_1_329' title='bbox 1173 3936 1268 3989; x_wconf 69' lang='grc' dir='ltr'><strong>καὶ</strong></span> <span class='ocrx_word' id='word_1_330' title='bbox 1288 3937 1337 3989; x_wconf 81' lang='grc' dir='ltr'>οἱ</span> <span class='ocrx_word' id='word_1_331' title='bbox 1360 3937 1487 4007; x_wconf 78' lang='grc' dir='ltr'>περὶ</span> <span class='ocrx_word' id='word_1_332' title='bbox 1508 3937 1574 3988; x_wconf 80' lang='grc' dir='ltr'><strong>Ἀ</strong></span> <span class='ocrx_word' id='word_1_333' title='bbox 1583 3952 1641 4007; x_wconf 88' lang='grc' dir='ltr'><strong>ρε</strong></span> <span class='ocrx_word' id='word_1_334' title='bbox 1651 3952 1732 3989; x_wconf 91' lang='grc' dir='ltr'><strong>ιον</strong></span> 
     </span>
    </p>
   </div>
   <div class='ocr_carea' id='block_1_45' title="bbox 170 4021 1735 4096">
    <p class='ocr_par' dir='ltr' id='par_1_45' title="bbox 170 4021 1735 4096">
     <span class='ocr_line' id='line_1_45' title="bbox 170 4021 1735 4096; baseline 0.004 -23"><span class='ocrx_word' id='word_1_335' title='bbox 170 4021 282 4085; x_wconf 83' lang='grc' dir='ltr'><strong>πῶς</strong></span> <span class='ocrx_word' id='word_1_336' title='bbox 317 4024 391 4086; x_wconf 83' lang='grc' dir='ltr'><strong>ὡς</strong></span> <span class='ocrx_word' id='word_1_337' title='bbox 434 4024 636 4091; x_wconf 79' lang='grc' dir='ltr'>Κύριος</span> <span class='ocrx_word' id='word_1_338' title='bbox 663 4024 754 4080; x_wconf 83' lang='grc' dir='ltr'><strong>καί</strong></span> <span class='ocrx_word' id='word_1_339' title='bbox 783 4023 1137 4095; x_wconf 80' lang='grc' dir='ltr'>ὲξουσιαστὴς</span> <span class='ocrx_word' id='word_1_340' title='bbox 1167 4024 1375 4095; x_wconf 84' lang='grc' dir='ltr'>πέμπει</span> <span class='ocrx_word' id='word_1_341' title='bbox 1401 4026 1529 4089; x_wconf 75' lang='grc' dir='ltr'>τοὺς</span> <span class='ocrx_word' id='word_1_342' title='bbox 1560 4026 1735 4096; x_wconf 81' lang='grc' dir='ltr'>μαθη-</span> 
     </span>
    </p>
   </div>
   <div class='ocr_carea' id='block_1_46' title="bbox 170 4113 1734 4187">
    <p class='ocr_par' dir='ltr' id='par_1_46' title="bbox 170 4113 1734 4187">
     <span class='ocr_line' id='line_1_46' title="bbox 170 4113 1734 4187; baseline 0.004 -23"><span class='ocrx_word' id='word_1_343' title='bbox 170 4113 263 4176; x_wconf 83' lang='grc' dir='ltr'><strong>τάς</strong></span> <span class='ocrx_word' id='word_1_344' title='bbox 289 4130 302 4142; x_wconf 76' lang='grc' dir='ltr'><strong><em>ο</em></strong></span> <span class='ocrx_word' id='word_1_345' title='bbox 334 4115 545 4184; x_wconf 81' lang='grc' dir='ltr'>πέμπει</span> <span class='ocrx_word' id='word_1_346' title='bbox 575 4114 653 4178; x_wconf 83' lang='grc' dir='ltr'><strong>δὲ,</strong></span> <span class='ocrx_word' id='word_1_347' title='bbox 697 4115 783 4169; x_wconf 78' lang='grc' dir='ltr'>ἵνα</span> <span class='ocrx_word' id='word_1_348' title='bbox 812 4116 919 4168; x_wconf 84' lang='grc' dir='ltr'><strong>ἀπὸ</strong></span> <span class='ocrx_word' id='word_1_349' title='bbox 958 4116 1065 4170; x_wconf 91' lang='grc' dir='ltr'><strong>τῶν</strong></span> <span class='ocrx_word' id='word_1_350' title='bbox 1096 4117 1299 4185; x_wconf 83' lang='grc' dir='ltr'>γηΐνων</span> <span class='ocrx_word' id='word_1_351' title='bbox 1334 4115 1612 4187; x_wconf 85' lang='grc' dir='ltr'>θερίσωσι,</span> <span class='ocrx_word' id='word_1_352' title='bbox 1638 4116 1734 4171; x_wconf 79' lang='grc' dir='ltr'>καὶ</span> 
     </span>
    </p>
   </div>
   <div class='ocr_carea' id='block_1_47' title="bbox 173 4206 1735 4280">
    <p class='ocr_par' dir='ltr' id='par_1_47' title="bbox 173 4206 1735 4280">
     <span class='ocr_line' id='line_1_47' title="bbox 173 4206 1735 4280; baseline 0.004 -23"><span class='ocrx_word' id='word_1_353' title='bbox 173 4207 439 4276; x_wconf 81' lang='grc' dir='ltr'>ἐκτέμωσι</span> <span class='ocrx_word' id='word_1_354' title='bbox 472 4206 596 4269; x_wconf 79' lang='grc' dir='ltr'>τοὺς</span> <span class='ocrx_word' id='word_1_355' title='bbox 628 4223 828 4276; x_wconf 83' lang='grc' dir='ltr'>προστε</span> <span class='ocrx_word' id='word_1_356' title='bbox 842 4208 1076 4277; x_wconf 83' lang='grc' dir='ltr'>τηκότας</span> <span class='ocrx_word' id='word_1_357' title='bbox 1114 4209 1297 4268; x_wconf 88' lang='grc' dir='ltr'>αὑτοῖς</span> <span class='ocrx_word' id='word_1_358' title='bbox 1334 4210 1430 4262; x_wconf 90' lang='lat' dir='ltr'><strong>ml</strong></span> <span class='ocrx_word' id='word_1_359' title='bbox 1465 4209 1735 4280; x_wconf 82' lang='grc' dir='ltr'>Ἕλληνας</span> 
     </span>
    </p>
   </div>
   <div class='ocr_carea' id='block_1_48' title="bbox 172 4298 1735 4370">
    <p class='ocr_par' dir='ltr' id='par_1_48' title="bbox 172 4298 1735 4370">
     <span class='ocr_line' id='line_1_48' title="bbox 172 4298 1735 4370; baseline 0.003 -21"><span class='ocrx_word' id='word_1_360' title='bbox 172 4298 259 4349; x_wconf 75' lang='lat' dir='ltr'><strong>ml</strong></span> <span class='ocrx_word' id='word_1_361' title='bbox 311 4298 595 4360; x_wconf 59' lang='lat' dir='ltr'><strong>‘los6alou;</strong></span> <span class='ocrx_word' id='word_1_362' title='bbox 620 4337 634 4359; x_wconf 90' lang='lat'><strong>,</strong></span> <span class='ocrx_word' id='word_1_363' title='bbox 669 4298 764 4351; x_wconf 82' lang='lat' dir='ltr'><strong>ml</strong></span> <span class='ocrx_word' id='word_1_364' title='bbox 812 4299 890 4361; x_wconf 85' lang='grc' dir='ltr'><strong>είς</strong></span> <span class='ocrx_word' id='word_1_365' title='bbox 925 4299 1023 4365; x_wconf 81' lang='grc' dir='ltr'><strong>τὴν</strong></span> <span class='ocrx_word' id='word_1_366' title='bbox 1052 4298 1165 4352; x_wconf 82' lang='grc' dir='ltr'>ᾰλω</span> <span class='ocrx_word' id='word_1_367' title='bbox 1193 4299 1604 4370; x_wconf 79' lang='grc' dir='ltr'>ἀποκομίζωσιν</span> <span class='ocrx_word' id='word_1_368' title='bbox 1638 4302 1735 4353; x_wconf 84' lang='grc' dir='ltr'>αύ-</span> 
     </span>
    </p>
   </div>
   <div class='ocr_carea' id='block_1_49' title="bbox 170 4384 1734 4465">
    <p class='ocr_par' dir='ltr' id='par_1_49' title="bbox 170 4384 1734 4465">
     <span class='ocr_line' id='line_1_49' title="bbox 170 4384 1734 4465; baseline 0.004 -26"><span class='ocrx_word' id='word_1_369' title='bbox 170 4390 309 4452; x_wconf 69' lang='grc' dir='ltr'>τοῖος,</span> <span class='ocrx_word' id='word_1_370' title='bbox 334 4391 433 4460; x_wconf 79' lang='grc' dir='ltr'><strong>τὴν</strong></span> <span class='ocrx_word' id='word_1_371' title='bbox 476 4389 802 4459; x_wconf 80' lang='grc' dir='ltr'>Ἐκκλησίαν</span> <span class='ocrx_word' id='word_1_372' title='bbox 844 4390 1019 4465; x_wconf 79' lang='grc' dir='ltr'>λέγω·</span> <span class='ocrx_word' id='word_1_373' title='bbox 1049 4391 1109 4441; x_wconf 84' lang='grc' dir='ltr'>ὲν</span> <span class='ocrx_word' id='word_1_374' title='bbox 1214 4391 1495 4461; x_wconf 84' lang='grc' dir='ltr'>γενόμενοι</span> <span class='ocrx_word' id='word_1_375' title='bbox 1522 4391 1611 4445; x_wconf 87' lang='grc' dir='ltr'><strong>διὰ</strong></span> <span class='ocrx_word' id='word_1_376' title='bbox 1640 4393 1734 4446; x_wconf 83' lang='grc' dir='ltr'>τοῦ</span> 
     </span>
    </p>
   </div>
   <div class='ocr_carea' id='block_1_50' title="bbox 1832 539 3409 617">
    <p class='ocr_par' dir='ltr' id='par_1_50' title="bbox 1832 539 3409 617">
     <span class='ocr_line' id='line_1_50' title="bbox 1832 539 3409 617; baseline 0.007 -24"><span class='ocrx_word' id='word_1_377' title='bbox 1832 539 2162 605; x_wconf 85' lang='lat' dir='ltr'><strong>maritauos,</strong></span> <span class='ocrx_word' id='word_1_378' title='bbox 2201 543 2289 611; x_wconf 88' lang='lat' dir='ltr'><strong>qui</strong></span> <span class='ocrx_word' id='word_1_379' title='bbox 2327 541 2439 609; x_wconf 85' lang='lat' dir='ltr'><strong>jam</strong></span> <span class='ocrx_word' id='word_1_380' title='bbox 2488 546 2777 600; x_wconf 86' lang='lat' dir='ltr'><strong>veniebant</strong></span> <span class='ocrx_word' id='word_1_381' title='bbox 2814 549 2881 602; x_wconf 86' lang='lat' dir='ltr'><strong>ad</strong></span> <span class='ocrx_word' id='word_1_382' title='bbox 2927 547 3122 617; x_wconf 89' lang='lat' dir='ltr'><strong>ipsum.</strong></span> <span class='ocrx_word' id='word_1_383' title='bbox 3163 551 3409 611; x_wconf 84' lang='lat' dir='ltr'><strong>Attollite</strong></span> 
     </span>
    </p>
   </div>
   <div class='ocr_carea' id='block_1_51' title="bbox 1832 629 3404 710">
    <p class='ocr_par' dir='ltr' id='par_1_51' title="bbox 1832 629 3404 710">
     <span class='ocr_line' id='line_1_51' title="bbox 1832 629 3404 710; baseline 0.01 -27"><span class='ocrx_word' id='word_1_384' title='bbox 1832 629 1998 699; x_wconf 79' lang='lat' dir='ltr'><strong>igitur</strong></span> <span class='ocrx_word' id='word_1_385' title='bbox 2029 632 2217 689; x_wconf 88' lang='lat' dir='ltr'><strong>oculos</strong></span> <span class='ocrx_word' id='word_1_386' title='bbox 2247 646 2476 698; x_wconf 84' lang='lat' dir='ltr'><strong>vestros,</strong></span> <span class='ocrx_word' id='word_1_387' title='bbox 2505 635 2591 690; x_wconf 90' lang='lat' dir='ltr'><strong>vel</strong></span> <span class='ocrx_word' id='word_1_388' title='bbox 2621 637 2931 706; x_wconf 87' lang='lat' dir='ltr'><strong>spirituales</strong></span> <span class='ocrx_word' id='word_1_389' title='bbox 2965 639 3044 693; x_wconf 85' lang='lat' dir='ltr'><strong>vel</strong></span> <span class='ocrx_word' id='word_1_390' title='bbox 3072 643 3356 698; x_wconf 87' lang='lat' dir='ltr'><strong>sensibiles</strong></span> <span class='ocrx_word' id='word_1_391' title='bbox 3388 683 3404 710; x_wconf 92' lang='lat'><strong>,</strong></span> 
     </span>
    </p>
   </div>
   <div class='ocr_carea' id='block_1_52' title="bbox 1832 728 3409 797">
    <p class='ocr_par' dir='ltr' id='par_1_52' title="bbox 1832 728 3409 797">
     <span class='ocr_line' id='line_1_52' title="bbox 1832 728 3409 797; baseline 0.008 -19"><span class='ocrx_word' id='word_1_392' title='bbox 1832 734 1880 778; x_wconf 89' lang='lat' dir='ltr'><strong>et</strong></span> <span class='ocrx_word' id='word_1_393' title='bbox 1910 735 2149 795; x_wconf 83' lang='lat' dir='ltr'><strong>spectate</strong></span> <span class='ocrx_word' id='word_1_394' title='bbox 2179 728 2575 783; x_wconf 89' lang='lat' dir='ltr'><strong>multitudinem</strong></span> <span class='ocrx_word' id='word_1_395' title='bbox 2609 729 3096 797; x_wconf 86' lang='lat' dir='ltr'><strong>Samaritanorum,</strong></span> <span class='ocrx_word' id='word_1_396' title='bbox 3121 745 3176 789; x_wconf 89' lang='lat' dir='ltr'><strong>et</strong></span> <span class='ocrx_word' id='word_1_397' title='bbox 3197 737 3409 791; x_wconf 81' lang='lat' dir='ltr'><strong>animas</strong></span> 
     </span>
    </p>
   </div>
   <div class='ocr_carea' id='block_1_53' title="bbox 1833 815 3403 896">
    <p class='ocr_par' dir='ltr' id='par_1_53' title="bbox 1833 815 3403 896">
     <span class='ocr_line' id='line_1_53' title="bbox 1833 815 3403 896; baseline 0.008 -26"><span class='ocrx_word' id='word_1_398' title='bbox 1833 815 2070 887; x_wconf 89' lang='lat' dir='ltr'><strong>ipsorum</strong></span> <span class='ocrx_word' id='word_1_399' title='bbox 2113 820 2178 871; x_wconf 90' lang='lat' dir='ltr'><strong>ad</strong></span> <span class='ocrx_word' id='word_1_400' title='bbox 2226 820 2382 874; x_wconf 78' lang='lat' dir='ltr'><strong>tidem</strong></span> <span class='ocrx_word' id='word_1_401' title='bbox 2429 819 2637 875; x_wconf 84' lang='lat' dir='ltr'><strong>alacres</strong></span> <span class='ocrx_word' id='word_1_402' title='bbox 2677 832 2729 875; x_wconf 89' lang='lat' dir='ltr'><strong>et</strong></span> <span class='ocrx_word' id='word_1_403' title='bbox 2767 834 3065 894; x_wconf 80' lang='lat' dir='ltr'><strong>prmuptas,</strong></span> <span class='ocrx_word' id='word_1_404' title='bbox 3098 841 3217 893; x_wconf 65' lang='lat' dir='ltr'><strong>qua:</strong></span> <span class='ocrx_word' id='word_1_405' title='bbox 3248 828 3403 896; x_wconf 86' lang='lat' dir='ltr'><strong>quasi</strong></span> 
     </span>
    </p>
   </div>
   <div class='ocr_carea' id='block_1_54' title="bbox 1835 910 3407 979">
    <p class='ocr_par' dir='ltr' id='par_1_54' title="bbox 1835 910 3407 979">
     <span class='ocr_line' id='line_1_54' title="bbox 1835 910 3407 979; baseline 0.006 -16"><span class='ocrx_word' id='word_1_406' title='bbox 1835 910 2079 977; x_wconf 78' lang='lat' dir='ltr'><strong>regiones</strong></span> <span class='ocrx_word' id='word_1_407' title='bbox 2119 910 2276 977; x_wconf 72' lang='lat' dir='ltr'><strong>albm,</strong></span> <span class='ocrx_word' id='word_1_408' title='bbox 2316 926 2452 979; x_wconf 88' lang='lat' dir='ltr'><strong>opus</strong></span> <span class='ocrx_word' id='word_1_409' title='bbox 2490 912 2687 969; x_wconf 83' lang='lat' dir='ltr'><strong>habent</strong></span> <span class='ocrx_word' id='word_1_410' title='bbox 2723 916 3070 971; x_wconf 78' lang='lat' dir='ltr'><strong>messoribus.</strong></span> <span class='ocrx_word' id='word_1_411' title='bbox 3101 916 3235 971; x_wconf 84' lang='lat' dir='ltr'><strong>Nam</strong></span> <span class='ocrx_word' id='word_1_412' title='bbox 3264 919 3407 973; x_wconf 93' lang='lat' dir='ltr'><strong>sicut</strong></span> 
     </span>
    </p>
   </div>
   <div class='ocr_carea' id='block_1_55' title="bbox 1833 1000 3406 1074">
    <p class='ocr_par' dir='ltr' id='par_1_55' title="bbox 1833 1000 3406 1074">
     <span class='ocr_line' id='line_1_55' title="bbox 1833 1000 3406 1074; baseline 0.008 -22"><span class='ocrx_word' id='word_1_413' title='bbox 1833 1000 2013 1056; x_wconf 79' lang='lat' dir='ltr'><strong>aristze</strong></span> <span class='ocrx_word' id='word_1_414' title='bbox 2060 1016 2181 1056; x_wconf 91' lang='lat' dir='ltr'><strong>cum</strong></span> <span class='ocrx_word' id='word_1_415' title='bbox 2218 1002 2417 1057; x_wconf 79' lang='lat' dir='ltr'><strong>fuerint</strong></span> <span class='ocrx_word' id='word_1_416' title='bbox 2452 1004 2610 1070; x_wconf 75' lang='lat' dir='ltr'><strong>albae,</strong></span> <span class='ocrx_word' id='word_1_417' title='bbox 2646 1015 2846 1074; x_wconf 66' lang='lat' dir='ltr'><strong>parata:</strong></span> <span class='ocrx_word' id='word_1_418' title='bbox 2895 1017 3020 1062; x_wconf 89' lang='lat' dir='ltr'><strong>sunt</strong></span> <span class='ocrx_word' id='word_1_419' title='bbox 3053 1008 3120 1062; x_wconf 91' lang='lat' dir='ltr'><strong>ad</strong></span> <span class='ocrx_word' id='word_1_420' title='bbox 3154 1023 3406 1074; x_wconf 79' lang='lat' dir='ltr'><strong>messem,</strong></span> 
     </span>
    </p>
   </div>
   <div class='ocr_carea' id='block_1_56' title="bbox 1835 1095 3408 1167">
    <p class='ocr_par' dir='ltr' id='par_1_56' title="bbox 1835 1095 3408 1167">
     <span class='ocr_line' id='line_1_56' title="bbox 1835 1095 3408 1167; baseline 0.008 -23"><span class='ocrx_word' id='word_1_421' title='bbox 1835 1095 1905 1152; x_wconf 87' lang='lat' dir='ltr'><strong>ita</strong></span> <span class='ocrx_word' id='word_1_422' title='bbox 1937 1104 1990 1148; x_wconf 88' lang='lat' dir='ltr'><strong>et</strong></span> <span class='ocrx_word' id='word_1_423' title='bbox 2021 1095 2101 1150; x_wconf 78' lang='lat' dir='ltr'><strong>ba:</strong></span> <span class='ocrx_word' id='word_1_424' title='bbox 2129 1097 2194 1150; x_wconf 88' lang='lat' dir='ltr'><strong>ad</strong></span> <span class='ocrx_word' id='word_1_425' title='bbox 2226 1097 2455 1152; x_wconf 79' lang='lat' dir='ltr'><strong>salutem</strong></span> <span class='ocrx_word' id='word_1_426' title='bbox 2494 1106 2620 1150; x_wconf 89' lang='lat' dir='ltr'><strong>sunt</strong></span> <span class='ocrx_word' id='word_1_427' title='bbox 2658 1109 2994 1167; x_wconf 70' lang='lat' dir='ltr'><strong>prmparatm.</strong></span> <span class='ocrx_word' id='word_1_428' title='bbox 3035 1118 3054 1152; x_wconf 78' lang='grc' dir='ltr'><strong>ι</strong></span> <span class='ocrx_word' id='word_1_429' title='bbox 3096 1100 3164 1154; x_wconf 83' lang='grc' dir='ltr'>Ει</span> <span class='ocrx_word' id='word_1_430' title='bbox 3196 1111 3408 1158; x_wconf 80' lang='lat' dir='ltr'><strong>metens</strong></span> 
     </span>
    </p>
   </div>
   <div class='ocr_carea' id='block_1_57' title="bbox 1835 1183 3409 1254">
    <p class='ocr_par' dir='ltr' id='par_1_57' title="bbox 1835 1183 3409 1254">
     <span class='ocr_line' id='line_1_57' title="bbox 1835 1183 3409 1254; baseline 0.005 -19"><span class='ocrx_word' id='word_1_431' title='bbox 1835 1183 2139 1237; x_wconf 80' lang='lat' dir='ltr'><strong><em>mercedem</em></strong></span> <span class='ocrx_word' id='word_1_432' title='bbox 2164 1185 2379 1253; x_wconf 78' lang='lat' dir='ltr'><strong>accipit,</strong></span> <span class='ocrx_word' id='word_1_433' title='bbox 2403 1193 2458 1240; x_wconf 88' lang='lat' dir='ltr'><strong>et</strong></span> <span class='ocrx_word' id='word_1_434' title='bbox 2487 1185 2688 1254; x_wconf 73' lang='lat' dir='ltr'><strong>colligit</strong></span> <span class='ocrx_word' id='word_1_435' title='bbox 2715 1185 2946 1240; x_wconf 81' lang='lat' dir='ltr'><strong>fructum</strong></span> <span class='ocrx_word' id='word_1_436' title='bbox 2974 1187 3026 1240; x_wconf 89' lang='lat' dir='ltr'><strong>in</strong></span> <span class='ocrx_word' id='word_1_437' title='bbox 3058 1188 3221 1242; x_wconf 89' lang='lat' dir='ltr'><strong>vitam</strong></span> <span class='ocrx_word' id='word_1_438' title='bbox 3252 1200 3409 1243; x_wconf 72' lang='lat' dir='ltr'><strong>mter-</strong></span> 
     </span>
    </p>
   </div>
   <div class='ocr_carea' id='block_1_58' title="bbox 1833 1275 3402 1343">
    <p class='ocr_par' dir='ltr' id='par_1_58' title="bbox 1833 1275 3402 1343">
     <span class='ocr_line' id='line_1_58' title="bbox 1833 1275 3402 1343; baseline 0.002 -16"><span class='ocrx_word' id='word_1_439' title='bbox 1833 1289 1977 1339; x_wconf 87' lang='lat' dir='ltr'><strong>nam,</strong></span> <span class='ocrx_word' id='word_1_440' title='bbox 2027 1283 2081 1328; x_wconf 93' lang='lat' dir='ltr'><strong>ut</strong></span> <span class='ocrx_word' id='word_1_441' title='bbox 2120 1283 2177 1328; x_wconf 88' lang='lat' dir='ltr'><strong>et</strong></span> <span class='ocrx_word' id='word_1_442' title='bbox 2211 1275 2485 1331; x_wconf 81' lang='lat' dir='ltr'><strong>seminans</strong></span> <span class='ocrx_word' id='word_1_443' title='bbox 2516 1276 2674 1330; x_wconf 89' lang='lat' dir='ltr'><strong>simul</strong></span> <span class='ocrx_word' id='word_1_444' title='bbox 2708 1276 2970 1343; x_wconf 73' lang='lat' dir='ltr'><strong>gaudeat,</strong></span> <span class='ocrx_word' id='word_1_445' title='bbox 2997 1287 3051 1332; x_wconf 89' lang='lat' dir='ltr'><strong>et</strong></span> <span class='ocrx_word' id='word_1_446' title='bbox 3086 1288 3291 1333; x_wconf 88' lang='lat' dir='ltr'><strong>metens</strong></span> <span class='ocrx_word' id='word_1_447' title='bbox 3331 1298 3344 1334; x_wconf 90' lang='lat'><strong>:</strong></span> <span class='ocrx_word' id='word_1_448' title='bbox 3382 1297 3402 1330; x_wconf 74' lang='grc' dir='ltr'><strong>ι</strong></span> 
     </span>
    </p>
   </div>
   <div class='ocr_carea' id='block_1_59' title="bbox 1832 1367 3407 1438">
    <p class='ocr_par' dir='ltr' id='par_1_59' title="bbox 1832 1367 3407 1438">
     <span class='ocr_line' id='line_1_59' title="bbox 1832 1367 3407 1438; baseline 0.003 -19"><span class='ocrx_word' id='word_1_449' title='bbox 1832 1367 1975 1438; x_wconf 88' lang='lat' dir='ltr'><strong>quod</strong></span> <span class='ocrx_word' id='word_1_450' title='bbox 2004 1367 2150 1423; x_wconf 87' lang='lat' dir='ltr'><strong>hunc</strong></span> <span class='ocrx_word' id='word_1_451' title='bbox 2172 1381 2391 1422; x_wconf 88' lang='lat' dir='ltr'><strong>sensum</strong></span> <span class='ocrx_word' id='word_1_452' title='bbox 2425 1367 2608 1432; x_wconf 86' lang='lat' dir='ltr'><strong>habet,</strong></span> <span class='ocrx_word' id='word_1_453' title='bbox 2652 1367 2938 1435; x_wconf 76' lang='lat' dir='ltr'><strong>Propheta:</strong></span> <span class='ocrx_word' id='word_1_454' title='bbox 2965 1371 3407 1435; x_wconf 80' lang='lat' dir='ltr'><strong>seminaverunt,</strong></span> 
     </span>
    </p>
   </div>
   <div class='ocr_carea' id='block_1_60' title="bbox 1831 1459 3410 1530">
    <p class='ocr_par' dir='ltr' id='par_1_60' title="bbox 1831 1459 3410 1530">
     <span class='ocr_line' id='line_1_60' title="bbox 1831 1459 3410 1530; baseline 0.002 -18"><span class='ocrx_word' id='word_1_455' title='bbox 1831 1459 1925 1513; x_wconf 90' lang='lat' dir='ltr'><strong>sed</strong></span> <span class='ocrx_word' id='word_1_456' title='bbox 1961 1473 2065 1512; x_wconf 91' lang='lat' dir='ltr'><strong>non</strong></span> <span class='ocrx_word' id='word_1_457' title='bbox 2102 1466 2464 1524; x_wconf 85' lang='lat' dir='ltr'><strong>messuernnt,</strong></span> <span class='ocrx_word' id='word_1_458' title='bbox 2513 1474 2684 1528; x_wconf 82' lang='lat' dir='ltr'><strong>neque</strong></span> <span class='ocrx_word' id='word_1_459' title='bbox 2716 1467 2995 1530; x_wconf 82' lang='lat' dir='ltr'><strong>propterea</strong></span> <span class='ocrx_word' id='word_1_460' title='bbox 3047 1460 3246 1528; x_wconf 75' lang='lat' dir='ltr'><strong>privati</strong></span> <span class='ocrx_word' id='word_1_461' title='bbox 3280 1470 3410 1515; x_wconf 88' lang='lat' dir='ltr'><strong>sunt</strong></span> 
     </span>
    </p>
   </div>
   <div class='ocr_carea' id='block_1_61' title="bbox 1832 1547 3412 1621">
    <p class='ocr_par' dir='ltr' id='par_1_61' title="bbox 1832 1547 3412 1621">
     <span class='ocr_line' id='line_1_61' title="bbox 1832 1547 3412 1621; baseline 0.002 -20"><span class='ocrx_word' id='word_1_462' title='bbox 1832 1547 2147 1618; x_wconf 83' lang='lat' dir='ltr'><strong>voluptate,</strong></span> <span class='ocrx_word' id='word_1_463' title='bbox 2195 1548 2288 1603; x_wconf 89' lang='lat' dir='ltr'><strong>sed</strong></span> <span class='ocrx_word' id='word_1_464' title='bbox 2323 1547 2603 1603; x_wconf 86' lang='lat' dir='ltr'><strong>nobiscum</strong></span> <span class='ocrx_word' id='word_1_465' title='bbox 2650 1548 2897 1607; x_wconf 59' lang='lat' dir='ltr'><strong>laetantur</strong></span> <span class='ocrx_word' id='word_1_466' title='bbox 2925 1548 3039 1621; x_wconf 89' lang='lat' dir='ltr'><strong>(a),</strong></span> <span class='ocrx_word' id='word_1_467' title='bbox 3070 1560 3121 1604; x_wconf 88' lang='lat' dir='ltr'><strong>ct</strong></span> <span class='ocrx_word' id='word_1_468' title='bbox 3161 1550 3412 1620; x_wconf 85' lang='lat' dir='ltr'><strong>quamvis</strong></span> 
     </span>
    </p>
   </div>
   <div class='ocr_carea' id='block_1_62' title="bbox 1831 1641 3408 1710">
    <p class='ocr_par' dir='ltr' id='par_1_62' title="bbox 1831 1641 3408 1710">
     <span class='ocr_line' id='line_1_62' title="bbox 1831 1641 3408 1710; baseline 0.001 -15"><span class='ocrx_word' id='word_1_469' title='bbox 1831 1642 2116 1696; x_wconf 89' lang='lat' dir='ltr'><strong>nobiscum</strong></span> <span class='ocrx_word' id='word_1_470' title='bbox 2146 1655 2251 1697; x_wconf 92' lang='lat' dir='ltr'><strong>non</strong></span> <span class='ocrx_word' id='word_1_471' title='bbox 2283 1651 2517 1704; x_wconf 88' lang='lat' dir='ltr'><strong>metant,</strong></span> <span class='ocrx_word' id='word_1_472' title='bbox 2550 1642 2601 1695; x_wconf 89' lang='lat' dir='ltr'><strong>id</strong></span> <span class='ocrx_word' id='word_1_473' title='bbox 2631 1641 2774 1710; x_wconf 92' lang='lat' dir='ltr'><strong>quod</strong></span> <span class='ocrx_word' id='word_1_474' title='bbox 2804 1641 2856 1697; x_wconf 90' lang='lat' dir='ltr'><strong>in</strong></span> <span class='ocrx_word' id='word_1_475' title='bbox 2887 1642 3238 1699; x_wconf 87' lang='lat' dir='ltr'><strong>sensibilibus</strong></span> <span class='ocrx_word' id='word_1_476' title='bbox 3266 1657 3408 1698; x_wconf 88' lang='lat' dir='ltr'><strong>mes-</strong></span> 
     </span>
    </p>
   </div>
   <div class='ocr_carea' id='block_1_63' title="bbox 1835 1730 3414 1801">
    <p class='ocr_par' dir='ltr' id='par_1_63' title="bbox 1835 1730 3414 1801">
     <span class='ocr_line' id='line_1_63' title="bbox 1835 1730 3414 1801; baseline 0 -13"><span class='ocrx_word' id='word_1_477' title='bbox 1835 1731 1987 1791; x_wconf 86' lang='lat' dir='ltr'><strong>sibus</strong></span> <span class='ocrx_word' id='word_1_478' title='bbox 2034 1746 2138 1787; x_wconf 87' lang='lat' dir='ltr'><strong>non</strong></span> <span class='ocrx_word' id='word_1_479' title='bbox 2166 1742 2270 1787; x_wconf 90' lang='lat' dir='ltr'><strong>est.</strong></span> <span class='ocrx_word' id='word_1_480' title='bbox 2304 1730 2420 1787; x_wconf 88' lang='lat' dir='ltr'><strong>Illic</strong></span> <span class='ocrx_word' id='word_1_481' title='bbox 2453 1732 2596 1786; x_wconf 86' lang='lat' dir='ltr'><strong>enim</strong></span> <span class='ocrx_word' id='word_1_482' title='bbox 2635 1732 2679 1786; x_wconf 89' lang='lat' dir='ltr'><strong>si</strong></span> <span class='ocrx_word' id='word_1_483' title='bbox 2703 1732 2948 1786; x_wconf 85' lang='lat' dir='ltr'><strong>evenerit</strong></span> <span class='ocrx_word' id='word_1_484' title='bbox 2975 1733 3118 1801; x_wconf 84' lang='lat' dir='ltr'><strong>quod</strong></span> <span class='ocrx_word' id='word_1_485' title='bbox 3150 1733 3294 1786; x_wconf 88' lang='lat' dir='ltr'><strong>alius</strong></span> <span class='ocrx_word' id='word_1_486' title='bbox 3324 1747 3414 1788; x_wconf 83' lang='lat' dir='ltr'><strong>se-</strong></span> 
     </span>
    </p>
   </div>
   <div class='ocr_carea' id='block_1_64' title="bbox 1837 1822 3409 1890">
    <p class='ocr_par' dir='ltr' id='par_1_64' title="bbox 1837 1822 3409 1890">
     <span class='ocr_line' id='line_1_64' title="bbox 1837 1822 3409 1890; baseline 0.001 -13"><span class='ocrx_word' id='word_1_487' title='bbox 1837 1823 2033 1890; x_wconf 84' lang='lat' dir='ltr'><strong>minat,</strong></span> <span class='ocrx_word' id='word_1_488' title='bbox 2066 1832 2123 1879; x_wconf 91' lang='lat' dir='ltr'><strong>et</strong></span> <span class='ocrx_word' id='word_1_489' title='bbox 2156 1822 2295 1879; x_wconf 89' lang='lat' dir='ltr'><strong>alius</strong></span> <span class='ocrx_word' id='word_1_490' title='bbox 2325 1822 2498 1886; x_wconf 87' lang='lat' dir='ltr'><strong>metit,</strong></span> <span class='ocrx_word' id='word_1_491' title='bbox 2531 1822 2750 1878; x_wconf 87' lang='lat' dir='ltr'><strong>tristitia</strong></span> <span class='ocrx_word' id='word_1_492' title='bbox 2779 1832 2861 1878; x_wconf 89' lang='lat' dir='ltr'><strong>est</strong></span> <span class='ocrx_word' id='word_1_493' title='bbox 2902 1838 3010 1878; x_wconf 93' lang='lat' dir='ltr'><strong>non</strong></span> <span class='ocrx_word' id='word_1_494' title='bbox 3053 1823 3300 1879; x_wconf 89' lang='lat' dir='ltr'><strong>metenti.</strong></span> <span class='ocrx_word' id='word_1_495' title='bbox 3351 1825 3409 1879; x_wconf 90' lang='lat' dir='ltr'><strong>In</strong></span> 
     </span>
    </p>
   </div>
   <div class='ocr_carea' id='block_1_65' title="bbox 1838 1915 3411 1986">
    <p class='ocr_par' dir='ltr' id='par_1_65' title="bbox 1838 1915 3411 1986">
     <span class='ocr_line' id='line_1_65' title="bbox 1838 1915 3411 1986; baseline 0.001 -16"><span class='ocrx_word' id='word_1_496' title='bbox 1838 1916 2211 1985; x_wconf 76' lang='lat' dir='ltr'><strong>Spiritualibus</strong></span> <span class='ocrx_word' id='word_1_497' title='bbox 2235 1923 2414 1971; x_wconf 87' lang='lat' dir='ltr'><strong>autem</strong></span> <span class='ocrx_word' id='word_1_498' title='bbox 2452 1930 2560 1969; x_wconf 85' lang='lat' dir='ltr'><strong>non</strong></span> <span class='ocrx_word' id='word_1_499' title='bbox 2592 1916 2694 1981; x_wconf 86' lang='lat' dir='ltr'><strong>sie,</strong></span> <span class='ocrx_word' id='word_1_500' title='bbox 2724 1915 2821 1970; x_wconf 91' lang='lat' dir='ltr'><strong>sed</strong></span> <span class='ocrx_word' id='word_1_501' title='bbox 2854 1925 2906 1970; x_wconf 93' lang='lat' dir='ltr'><strong>et</strong></span> <span class='ocrx_word' id='word_1_502' title='bbox 2932 1918 3207 1986; x_wconf 63' lang='lat' dir='ltr'><strong>propheta:</strong></span> <span class='ocrx_word' id='word_1_503' title='bbox 3247 1926 3411 1972; x_wconf 87' lang='lat' dir='ltr'><strong>antea</strong></span> 
     </span>
    </p>
   </div>
   <div class='ocr_carea' id='block_1_66' title="bbox 1837 2006 3405 2078">
    <p class='ocr_par' dir='ltr' id='par_1_66' title="bbox 1837 2006 3405 2078">
     <span class='ocr_line' id='line_1_66' title="bbox 1837 2006 3405 2078; baseline 0.002 -18"><span class='ocrx_word' id='word_1_504' title='bbox 1837 2007 2286 2078; x_wconf 83' lang='lat' dir='ltr'><strong>praedicaverunt,</strong></span> <span class='ocrx_word' id='word_1_505' title='bbox 2315 2016 2367 2061; x_wconf 90' lang='lat' dir='ltr'><strong>et</strong></span> <span class='ocrx_word' id='word_1_506' title='bbox 2392 2006 2847 2077; x_wconf 70' lang='lat' dir='ltr'><strong>prtemolliverunt</strong></span> <span class='ocrx_word' id='word_1_507' title='bbox 2871 2008 3145 2062; x_wconf 85' lang='lat' dir='ltr'><strong>hominum</strong></span> <span class='ocrx_word' id='word_1_508' title='bbox 3162 2018 3370 2063; x_wconf 88' lang='lat' dir='ltr'><strong>mentes</strong></span> <span class='ocrx_word' id='word_1_509' title='bbox 3388 2046 3405 2073; x_wconf 92' lang='lat'><strong>,</strong></span> 
     </span>
    </p>
   </div>
   <div class='ocr_carea' id='block_1_67' title="bbox 1838 2097 3408 2169">
    <p class='ocr_par' dir='ltr' id='par_1_67' title="bbox 1838 2097 3408 2169">
     <span class='ocr_line' id='line_1_67' title="bbox 1838 2097 3408 2169; baseline -0.001 -16"><span class='ocrx_word' id='word_1_510' title='bbox 1838 2100 1980 2154; x_wconf 84' lang='lat' dir='ltr'><strong>unde</strong></span> <span class='ocrx_word' id='word_1_511' title='bbox 2014 2098 2293 2153; x_wconf 76' lang='lat' dir='ltr'><strong>vobiscum</strong></span> <span class='ocrx_word' id='word_1_512' title='bbox 2338 2097 2612 2169; x_wconf 74' lang='lat' dir='ltr'><strong>gaudent,</strong></span> <span class='ocrx_word' id='word_1_513' title='bbox 2650 2100 2739 2165; x_wconf 83' lang='lat' dir='ltr'><strong>qui</strong></span> <span class='ocrx_word' id='word_1_514' title='bbox 2782 2097 3032 2153; x_wconf 84' lang='lat' dir='ltr'><strong>homines</strong></span> <span class='ocrx_word' id='word_1_515' title='bbox 3067 2098 3132 2153; x_wconf 88' lang='lat' dir='ltr'><strong>ad</strong></span> <span class='ocrx_word' id='word_1_516' title='bbox 3178 2098 3408 2155; x_wconf 82' lang='lat' dir='ltr'><strong>salutem</strong></span> 
     </span>
    </p>
   </div>
   <div class='ocr_carea' id='block_1_68' title="bbox 1836 2190 3410 2261">
    <p class='ocr_par' dir='ltr' id='par_1_68' title="bbox 1836 2190 3410 2261">
     <span class='ocr_line' id='line_1_68' title="bbox 1836 2190 3410 2261; baseline 0.001 -14"><span class='ocrx_word' id='word_1_517' title='bbox 1836 2191 2045 2257; x_wconf 83' lang='lat' dir='ltr'><strong>capitis.</strong></span> <span class='ocrx_word' id='word_1_518' title='bbox 2082 2209 2102 2245; x_wconf 81' lang='grc' dir='ltr'><strong>ι</strong></span> <span class='ocrx_word' id='word_1_519' title='bbox 2143 2190 2254 2261; x_wconf 78' lang='lat' dir='ltr'><strong>Ego</strong></span> <span class='ocrx_word' id='word_1_520' title='bbox 2285 2204 2382 2247; x_wconf 87' lang='lat' dir='ltr'><strong>vos</strong></span> <span class='ocrx_word' id='word_1_521' title='bbox 2412 2200 2593 2244; x_wconf 90' lang='lat' dir='ltr'><strong>autem</strong></span> <span class='ocrx_word' id='word_1_522' title='bbox 2629 2192 2749 2245; x_wconf 89' lang='lat' dir='ltr'><strong>misi</strong></span> <span class='ocrx_word' id='word_1_523' title='bbox 2793 2199 2851 2244; x_wconf 94' lang='lat' dir='ltr'><strong>ut</strong></span> <span class='ocrx_word' id='word_1_524' title='bbox 2882 2191 3101 2246; x_wconf 84' lang='lat' dir='ltr'><strong>metatis</strong></span> <span class='ocrx_word' id='word_1_525' title='bbox 3133 2190 3277 2260; x_wconf 88' lang='lat' dir='ltr'><strong>quod</strong></span> <span class='ocrx_word' id='word_1_526' title='bbox 3312 2206 3410 2249; x_wconf 80' lang='lat' dir='ltr'><strong>vos</strong></span> 
     </span>
    </p>
   </div>
   <div class='ocr_carea' id='block_1_69' title="bbox 1837 2281 3414 2349">
    <p class='ocr_par' dir='ltr' id='par_1_69' title="bbox 1837 2281 3414 2349">
     <span class='ocr_line' id='line_1_69' title="bbox 1837 2281 3414 2349; baseline -0.001 -14"><span class='ocrx_word' id='word_1_527' title='bbox 1837 2297 1943 2339; x_wconf 88' lang='lat' dir='ltr'><strong>non</strong></span> <span class='ocrx_word' id='word_1_528' title='bbox 1968 2281 2308 2344; x_wconf 85' lang='lat' dir='ltr'><strong>elaborastis,</strong></span> <span class='ocrx_word' id='word_1_529' title='bbox 2352 2300 2374 2333; x_wconf 76' lang='grc' dir='ltr'><strong>ι</strong></span> <span class='ocrx_word' id='word_1_530' title='bbox 2408 2288 2693 2349; x_wconf 87' lang='lat' dir='ltr'><strong>propterea</strong></span> <span class='ocrx_word' id='word_1_531' title='bbox 2730 2282 2862 2336; x_wconf 87' lang='lat' dir='ltr'><strong>dicit</strong></span> <span class='ocrx_word' id='word_1_532' title='bbox 2888 2281 3165 2349; x_wconf 84' lang='lat' dir='ltr'><strong>Dominus,</strong></span> <span class='ocrx_word' id='word_1_533' title='bbox 3201 2295 3271 2335; x_wconf 87' lang='lat' dir='ltr'><strong>ne</strong></span> <span class='ocrx_word' id='word_1_534' title='bbox 3329 2283 3414 2336; x_wconf 85' lang='lat' dir='ltr'><strong>di-</strong></span> 
     </span>
    </p>
   </div>
   <div class='ocr_carea' id='block_1_70' title="bbox 1836 2372 3412 2443">
    <p class='ocr_par' dir='ltr' id='par_1_70' title="bbox 1836 2372 3412 2443">
     <span class='ocr_line' id='line_1_70' title="bbox 1836 2372 3412 2443; baseline -0.001 -15"><span class='ocrx_word' id='word_1_535' title='bbox 1836 2373 2026 2443; x_wconf 86' lang='lat' dir='ltr'><strong>scipuli</strong></span> <span class='ocrx_word' id='word_1_536' title='bbox 2075 2374 2139 2427; x_wconf 89' lang='lat' dir='ltr'><strong>ad</strong></span> <span class='ocrx_word' id='word_1_537' title='bbox 2170 2372 2612 2442; x_wconf 70' lang='lat' dir='ltr'><strong>prtedicationem</strong></span> <span class='ocrx_word' id='word_1_538' title='bbox 2647 2373 2797 2428; x_wconf 88' lang='lat' dir='ltr'><strong>missi</strong></span> <span class='ocrx_word' id='word_1_539' title='bbox 2834 2374 3117 2429; x_wconf 82' lang='lat' dir='ltr'><strong>turbentur</strong></span> <span class='ocrx_word' id='word_1_540' title='bbox 3148 2372 3302 2442; x_wconf 90' lang='lat' dir='ltr'><strong>quasi</strong></span> <span class='ocrx_word' id='word_1_541' title='bbox 3344 2374 3412 2426; x_wconf 89' lang='lat' dir='ltr'><strong>ad</strong></span> 
     </span>
    </p>
   </div>
   <div class='ocr_carea' id='block_1_71' title="bbox 1838 2463 3413 2534">
    <p class='ocr_par' dir='ltr' id='par_1_71' title="bbox 1838 2463 3413 2534">
     <span class='ocr_line' id='line_1_71' title="bbox 1838 2463 3413 2534; baseline -0.001 -15"><span class='ocrx_word' id='word_1_542' title='bbox 1838 2479 1950 2519; x_wconf 90' lang='lat' dir='ltr'><strong>rem</strong></span> <span class='ocrx_word' id='word_1_543' title='bbox 1988 2464 2253 2521; x_wconf 70' lang='lat' dir='ltr'><strong>difﬁcilem</strong></span> <span class='ocrx_word' id='word_1_544' title='bbox 2286 2481 2299 2518; x_wconf 90' lang='lat'><strong>:</strong></span> <span class='ocrx_word' id='word_1_545' title='bbox 2332 2481 2453 2519; x_wconf 88' lang='lat' dir='ltr'><strong>nam</strong></span> <span class='ocrx_word' id='word_1_546' title='bbox 2486 2464 2629 2534; x_wconf 87' lang='lat' dir='ltr'><strong>quod</strong></span> <span class='ocrx_word' id='word_1_547' title='bbox 2658 2480 2946 2523; x_wconf 83' lang='lat' dir='ltr'><strong>onerosum</strong></span> <span class='ocrx_word' id='word_1_548' title='bbox 2970 2473 3108 2528; x_wconf 85' lang='lat' dir='ltr'><strong>erat,</strong></span> <span class='ocrx_word' id='word_1_549' title='bbox 3134 2463 3413 2533; x_wconf 76' lang='lat' dir='ltr'><strong>propheta:</strong></span> 
     </span>
    </p>
   </div>
   <div class='ocr_carea' id='block_1_72' title="bbox 1835 2556 3412 2626">
    <p class='ocr_par' dir='ltr' id='par_1_72' title="bbox 1835 2556 3412 2626">
     <span class='ocr_line' id='line_1_72' title="bbox 1835 2556 3412 2626; baseline -0.003 -14"><span class='ocrx_word' id='word_1_550' title='bbox 1835 2567 2224 2625; x_wconf 81' lang='lat' dir='ltr'><strong>susceperant;</strong></span> <span class='ocrx_word' id='word_1_551' title='bbox 2260 2571 2358 2613; x_wconf 89' lang='lat' dir='ltr'><strong>vos</strong></span> <span class='ocrx_word' id='word_1_552' title='bbox 2380 2564 2559 2611; x_wconf 85' lang='lat' dir='ltr'><strong>autem</strong></span> <span class='ocrx_word' id='word_1_553' title='bbox 2598 2556 2652 2611; x_wconf 90' lang='lat' dir='ltr'><strong>in</strong></span> <span class='ocrx_word' id='word_1_554' title='bbox 2688 2566 2985 2626; x_wconf 69' lang='lat' dir='ltr'><strong>prmparata</strong></span> <span class='ocrx_word' id='word_1_555' title='bbox 3012 2556 3309 2611; x_wconf 87' lang='lat' dir='ltr'><strong>mittimini.</strong></span> <span class='ocrx_word' id='word_1_556' title='bbox 3341 2557 3412 2608; x_wconf 78' lang='lat' dir='ltr'><strong>At</strong></span> 
     </span>
    </p>
   </div>
   <div class='ocr_carea' id='block_1_73' title="bbox 1836 2644 3407 2716">
    <p class='ocr_par' dir='ltr' id='par_1_73' title="bbox 1836 2644 3407 2716">
     <span class='ocr_line' id='line_1_73' title="bbox 1836 2644 3407 2716; baseline -0.003 -14"><span class='ocrx_word' id='word_1_557' title='bbox 1836 2661 2139 2702; x_wconf 80' lang='lat' dir='ltr'><strong>sermonem</strong></span> <span class='ocrx_word' id='word_1_558' title='bbox 2168 2661 2352 2701; x_wconf 88' lang='lat' dir='ltr'><strong>verum</strong></span> <span class='ocrx_word' id='word_1_559' title='bbox 2379 2647 2528 2712; x_wconf 84' lang='lat' dir='ltr'><strong>dicit,</strong></span> <span class='ocrx_word' id='word_1_560' title='bbox 2552 2646 2896 2715; x_wconf 89' lang='lat' dir='ltr'><strong>proverbium</strong></span> <span class='ocrx_word' id='word_1_561' title='bbox 2919 2644 3077 2716; x_wconf 80' lang='lat' dir='ltr'><strong>vulgo</strong></span> <span class='ocrx_word' id='word_1_562' title='bbox 3099 2645 3365 2715; x_wconf 74' lang='lat' dir='ltr'><strong>iactatum</strong></span> <span class='ocrx_word' id='word_1_563' title='bbox 3392 2661 3407 2698; x_wconf 91' lang='lat'><strong>:</strong></span> 
     </span>
    </p>
   </div>
   <div class='ocr_carea' id='block_1_74' title="bbox 1843 2722 3411 2811">
    <p class='ocr_par' dir='ltr' id='par_1_74' title="bbox 1843 2722 3411 2811">
     <span class='ocr_line' id='line_1_74' title="bbox 1843 2722 3411 2811; baseline 0.004 -21"><span class='ocrx_word' id='word_1_564' title='bbox 1843 2722 1861 2790; x_wconf 65' lang='grc' dir='ltr'><em>ἀ</em></span> <span class='ocrx_word' id='word_1_565' title='bbox 1913 2741 2062 2796; x_wconf 79' lang='lat' dir='ltr'><strong>&#39;Alius</strong></span> <span class='ocrx_word' id='word_1_566' title='bbox 2088 2749 2171 2795; x_wconf 90' lang='lat' dir='ltr'><strong>est</strong></span> <span class='ocrx_word' id='word_1_567' title='bbox 2207 2741 2299 2809; x_wconf 85' lang='lat' dir='ltr'><strong>qui</strong></span> <span class='ocrx_word' id='word_1_568' title='bbox 2338 2741 2592 2804; x_wconf 88' lang='lat' dir='ltr'><strong>seminat,</strong></span> <span class='ocrx_word' id='word_1_569' title='bbox 2625 2751 2679 2795; x_wconf 90' lang='lat' dir='ltr'><strong>et</strong></span> <span class='ocrx_word' id='word_1_570' title='bbox 2724 2740 2864 2797; x_wconf 87' lang='lat' dir='ltr'><strong>alius</strong></span> <span class='ocrx_word' id='word_1_571' title='bbox 2896 2741 2986 2811; x_wconf 89' lang='lat' dir='ltr'><strong>qui</strong></span> <span class='ocrx_word' id='word_1_572' title='bbox 3018 2741 3193 2797; x_wconf 88' lang='lat' dir='ltr'><strong>metit.</strong></span> <span class='ocrx_word' id='word_1_573' title='bbox 3241 2758 3260 2792; x_wconf 75' lang='grc' dir='ltr'><strong>ι</strong></span> <span class='ocrx_word' id='word_1_574' title='bbox 3300 2739 3411 2796; x_wconf 83' lang='lat' dir='ltr'><strong>0b-</strong></span> 
     </span>
    </p>
   </div>
   <div class='ocr_carea' id='block_1_75' title="bbox 1836 2830 3407 2902">
    <p class='ocr_par' dir='ltr' id='par_1_75' title="bbox 1836 2830 3407 2902">
     <span class='ocr_line' id='line_1_75' title="bbox 1836 2830 3407 2902; baseline -0.001 -16"><span class='ocrx_word' id='word_1_575' title='bbox 1836 2845 1992 2886; x_wconf 86' lang='lat' dir='ltr'><strong>serva</strong></span> <span class='ocrx_word' id='word_1_576' title='bbox 2024 2840 2202 2887; x_wconf 90' lang='lat' dir='ltr'><strong>autem</strong></span> <span class='ocrx_word' id='word_1_577' title='bbox 2233 2833 2503 2902; x_wconf 87' lang='lat' dir='ltr'><strong>quomodo</strong></span> <span class='ocrx_word' id='word_1_578' title='bbox 2531 2830 2711 2886; x_wconf 88' lang='lat' dir='ltr'><strong>omnia</strong></span> <span class='ocrx_word' id='word_1_579' title='bbox 2740 2846 2805 2887; x_wconf 81' lang='lat' dir='ltr'><strong>ex</strong></span> <span class='ocrx_word' id='word_1_580' title='bbox 2837 2831 3164 2887; x_wconf 88' lang='lat' dir='ltr'><strong>auctoritate</strong></span> <span class='ocrx_word' id='word_1_581' title='bbox 3209 2841 3266 2888; x_wconf 91' lang='lat' dir='ltr'><strong>et</strong></span> <span class='ocrx_word' id='word_1_582' title='bbox 3306 2834 3407 2886; x_wconf 82' lang='lat' dir='ltr'><strong>do-</strong></span> 
     </span>
    </p>
   </div>
   <div class='ocr_carea' id='block_1_76' title="bbox 1838 2920 3413 2991">
    <p class='ocr_par' dir='ltr' id='par_1_76' title="bbox 1838 2920 3413 2991">
     <span class='ocr_line' id='line_1_76' title="bbox 1838 2920 3413 2991; baseline 0.001 -17"><span class='ocrx_word' id='word_1_583' title='bbox 1838 2920 2006 2974; x_wconf 90' lang='lat' dir='ltr'><strong>minio</strong></span> <span class='ocrx_word' id='word_1_584' title='bbox 2055 2921 2278 2977; x_wconf 90' lang='lat' dir='ltr'><strong>iudicet.</strong></span> <span class='ocrx_word' id='word_1_585' title='bbox 2317 2938 2336 2972; x_wconf 87' lang='grc'><strong>‹</strong></span> <span class='ocrx_word' id='word_1_586' title='bbox 2377 2921 2486 2991; x_wconf 82' lang='lat' dir='ltr'><strong>Ego</strong></span> <span class='ocrx_word' id='word_1_587' title='bbox 2522 2921 2640 2975; x_wconf 93' lang='lat' dir='ltr'><strong>misi</strong></span> <span class='ocrx_word' id='word_1_588' title='bbox 2673 2935 2771 2976; x_wconf 81' lang='lat' dir='ltr'><strong>vos</strong></span> <span class='ocrx_word' id='word_1_589' title='bbox 2799 2922 2866 2975; x_wconf 87' lang='lat' dir='ltr'><strong>ad</strong></span> <span class='ocrx_word' id='word_1_590' title='bbox 2901 2921 3225 2979; x_wconf 85' lang='lat' dir='ltr'><strong>metendum.</strong></span> <span class='ocrx_word' id='word_1_591' title='bbox 3255 2940 3275 2973; x_wconf 74' lang='grc' dir='ltr'><strong>ι</strong></span> <span class='ocrx_word' id='word_1_592' title='bbox 3302 2921 3413 2976; x_wconf 81' lang='lat' dir='ltr'><strong>Au-</strong></span> 
     </span>
    </p>
   </div>
   <div class='ocr_carea' id='block_1_77' title="bbox 1838 3010 3407 3076">
    <p class='ocr_par' dir='ltr' id='par_1_77' title="bbox 1838 3010 3407 3076">
     <span class='ocr_line' id='line_1_77' title="bbox 1838 3010 3407 3076; baseline 0.001 -11"><span class='ocrx_word' id='word_1_593' title='bbox 1838 3010 1991 3066; x_wconf 89' lang='lat' dir='ltr'><strong>diant</strong></span> <span class='ocrx_word' id='word_1_594' title='bbox 2022 3010 2291 3067; x_wconf 89' lang='lat' dir='ltr'><strong>maledicti</strong></span> <span class='ocrx_word' id='word_1_595' title='bbox 2317 3011 2651 3071; x_wconf 72' lang='lat' dir='ltr'><strong>Marcionita:</strong></span> <span class='ocrx_word' id='word_1_596' title='bbox 2678 3020 2733 3066; x_wconf 92' lang='lat' dir='ltr'><strong>et</strong></span> <span class='ocrx_word' id='word_1_597' title='bbox 2761 3011 3065 3076; x_wconf 76' lang='lat' dir='ltr'><strong>Mauicltzei,</strong></span> <span class='ocrx_word' id='word_1_598' title='bbox 3102 3024 3156 3071; x_wconf 85' lang='lat' dir='ltr'><strong>et</strong></span> <span class='ocrx_word' id='word_1_599' title='bbox 3180 3012 3407 3076; x_wconf 85' lang='lat' dir='ltr'><strong>similes,</strong></span> 
     </span>
    </p>
   </div>
   <div class='ocr_carea' id='block_1_78' title="bbox 1836 3100 3406 3173">
    <p class='ocr_par' dir='ltr' id='par_1_78' title="bbox 1836 3100 3406 3173">
     <span class='ocr_line' id='line_1_78' title="bbox 1836 3100 3406 3173; baseline 0.001 -20"><span class='ocrx_word' id='word_1_600' title='bbox 1836 3104 1926 3173; x_wconf 83' lang='lat' dir='ltr'><strong>qui</strong></span> <span class='ocrx_word' id='word_1_601' title='bbox 1960 3102 2126 3159; x_wconf 81' lang='lat' dir='ltr'><strong>Vetus</strong></span> <span class='ocrx_word' id='word_1_602' title='bbox 2172 3100 2579 3157; x_wconf 86' lang='lat' dir='ltr'><strong>Testamentum</strong></span> <span class='ocrx_word' id='word_1_603' title='bbox 2615 3117 2644 3155; x_wconf 92' lang='lat' dir='ltr'><strong>a</strong></span> <span class='ocrx_word' id='word_1_604' title='bbox 2688 3100 2840 3158; x_wconf 82' lang='lat' dir='ltr'><strong>Novo</strong></span> <span class='ocrx_word' id='word_1_605' title='bbox 2873 3103 3180 3158; x_wconf 87' lang='lat' dir='ltr'><strong>abalienant</strong></span> <span class='ocrx_word' id='word_1_606' title='bbox 3227 3118 3244 3157; x_wconf 90' lang='lat'><strong>:</strong></span> <span class='ocrx_word' id='word_1_607' title='bbox 3282 3118 3406 3156; x_wconf 75' lang='lat' dir='ltr'><strong>nam</strong></span> 
     </span>
    </p>
   </div>
   <div class='ocr_carea' id='block_1_79' title="bbox 1833 3193 3412 3266">
    <p class='ocr_par' dir='ltr' id='par_1_79' title="bbox 1833 3193 3412 3266">
     <span class='ocr_line' id='line_1_79' title="bbox 1833 3193 3412 3266; baseline -0.001 -17"><span class='ocrx_word' id='word_1_608' title='bbox 1833 3196 2009 3250; x_wconf 88' lang='lat' dir='ltr'><strong>ethoc</strong></span> <span class='ocrx_word' id='word_1_609' title='bbox 2038 3195 2154 3251; x_wconf 91' lang='lat' dir='ltr'><strong>loco</strong></span> <span class='ocrx_word' id='word_1_610' title='bbox 2186 3195 2605 3265; x_wconf 84' lang='lat' dir='ltr'><strong>redarguuntur.</strong></span> <span class='ocrx_word' id='word_1_611' title='bbox 2640 3193 2853 3249; x_wconf 84' lang='lat' dir='ltr'><strong>Etenim</strong></span> <span class='ocrx_word' id='word_1_612' title='bbox 2883 3194 2926 3249; x_wconf 95' lang='lat' dir='ltr'><strong>si</strong></span> <span class='ocrx_word' id='word_1_613' title='bbox 2952 3195 3188 3266; x_wconf 76' lang='lat' dir='ltr'><strong>alienum</strong></span> <span class='ocrx_word' id='word_1_614' title='bbox 3215 3193 3412 3249; x_wconf 84' lang='lat' dir='ltr'><strong>fuisset</strong></span> 
     </span>
    </p>
   </div>
   <div class='ocr_carea' id='block_1_80' title="bbox 1838 3286 3410 3365">
    <p class='ocr_par' dir='ltr' id='par_1_80' title="bbox 1838 3286 3410 3365">
     <span class='ocr_line' id='line_1_80' title="bbox 1838 3286 3410 3365; baseline -0.002 -24"><span class='ocrx_word' id='word_1_615' title='bbox 1838 3286 2030 3354; x_wconf 85' lang='lat' dir='ltr'><strong>Vetus,</strong></span> <span class='ocrx_word' id='word_1_616' title='bbox 2051 3287 2321 3357; x_wconf 89' lang='lat' dir='ltr'><strong>quomodo</strong></span> <span class='ocrx_word' id='word_1_617' title='bbox 2349 3286 2578 3358; x_wconf 90' lang='lat' dir='ltr'><strong>apostoli</strong></span> <span class='ocrx_word' id='word_1_618' title='bbox 2612 3286 2968 3342; x_wconf 85' lang='lat' dir='ltr'><strong>messuisseut</strong></span> <span class='ocrx_word' id='word_1_619' title='bbox 2989 3301 3053 3341; x_wconf 90' lang='lat' dir='ltr'><strong>ea</strong></span> <span class='ocrx_word' id='word_1_620' title='bbox 3080 3300 3199 3365; x_wconf 69' lang='lat' dir='ltr'><strong>quae</strong></span> <span class='ocrx_word' id='word_1_621' title='bbox 3229 3301 3257 3340; x_wconf 84' lang='lat' dir='ltr'><strong>a</strong></span> <span class='ocrx_word' id='word_1_622' title='bbox 3285 3301 3410 3354; x_wconf 75' lang='lat' dir='ltr'><strong>pro-</strong></span> 
     </span>
    </p>
   </div>
   <div class='ocr_carea' id='block_1_81' title="bbox 1832 3366 3405 3450">
    <p class='ocr_par' dir='ltr' id='par_1_81' title="bbox 1832 3366 3405 3450">
     <span class='ocr_line' id='line_1_81' title="bbox 1832 3366 3405 3450; baseline -0.003 -19"><span class='ocrx_word' id='word_1_623' title='bbox 1832 3378 2011 3450; x_wconf 89' lang='lat' dir='ltr'><strong>phetis</strong></span> <span class='ocrx_word' id='word_1_624' title='bbox 2041 3376 2347 3432; x_wconf 87' lang='lat' dir='ltr'><strong>seminata?</strong></span> <span class='ocrx_word' id='word_1_625' title='bbox 2376 3375 2530 3439; x_wconf 89' lang='lat' dir='ltr'><strong>Unde</strong></span> <span class='ocrx_word' id='word_1_626' title='bbox 2560 3378 2685 3444; x_wconf 82' lang='lat' dir='ltr'><strong>quia</strong></span> <span class='ocrx_word' id='word_1_627' title='bbox 2717 3373 2947 3444; x_wconf 86' lang='lat' dir='ltr'><strong>apostoli</strong></span> <span class='ocrx_word' id='word_1_628' title='bbox 2976 3366 3315 3428; x_wconf 79' lang='lat' dir='ltr'><strong>messueruut</strong></span> <span class='ocrx_word' id='word_1_629' title='bbox 3340 3386 3405 3426; x_wconf 86' lang='lat' dir='ltr'><strong>ea</strong></span> 
     </span>
    </p>
   </div>
   <div class='ocr_carea' id='block_1_82' title="bbox 1832 3462 3408 3539">
    <p class='ocr_par' dir='ltr' id='par_1_82' title="bbox 1832 3462 3408 3539">
     <span class='ocr_line' id='line_1_82' title="bbox 1832 3462 3408 3539; baseline -0.004 -16"><span class='ocrx_word' id='word_1_630' title='bbox 1832 3484 1952 3539; x_wconf 71' lang='lat' dir='ltr'><strong>qua:</strong></span> <span class='ocrx_word' id='word_1_631' title='bbox 1975 3472 2028 3524; x_wconf 90' lang='lat' dir='ltr'><strong>in</strong></span> <span class='ocrx_word' id='word_1_632' title='bbox 2050 3467 2255 3533; x_wconf 79' lang='lat' dir='ltr'><strong>Veteri,</strong></span> <span class='ocrx_word' id='word_1_633' title='bbox 2284 3485 2386 3524; x_wconf 92' lang='lat' dir='ltr'><strong>non</strong></span> <span class='ocrx_word' id='word_1_634' title='bbox 2416 3467 2649 3522; x_wconf 86' lang='lat' dir='ltr'><strong>alienum</strong></span> <span class='ocrx_word' id='word_1_635' title='bbox 2677 3476 2758 3520; x_wconf 90' lang='lat' dir='ltr'><strong>est</strong></span> <span class='ocrx_word' id='word_1_636' title='bbox 2780 3466 2953 3535; x_wconf 90' lang='lat' dir='ltr'><strong>ipsum</strong></span> <span class='ocrx_word' id='word_1_637' title='bbox 2983 3480 3013 3518; x_wconf 89' lang='lat' dir='ltr'><strong>a</strong></span> <span class='ocrx_word' id='word_1_638' title='bbox 3039 3463 3188 3519; x_wconf 85' lang='lat' dir='ltr'><strong>Novo</strong></span> <span class='ocrx_word' id='word_1_639' title='bbox 3218 3462 3408 3519; x_wconf 86' lang='lat' dir='ltr'><strong>Testa-</strong></span> 
     </span>
    </p>
   </div>
   <div class='ocr_carea' id='block_1_83' title="bbox 1836 3556 3407 3630">
    <p class='ocr_par' dir='ltr' id='par_1_83' title="bbox 1836 3556 3407 3630">
     <span class='ocr_line' id='line_1_83' title="bbox 1836 3556 3407 3630; baseline -0.004 -15"><span class='ocrx_word' id='word_1_640' title='bbox 1836 3572 2018 3617; x_wconf 89' lang='lat' dir='ltr'><strong>mento</strong></span> <span class='ocrx_word' id='word_1_641' title='bbox 2041 3600 2057 3626; x_wconf 92' lang='lat'><strong>,</strong></span> <span class='ocrx_word' id='word_1_642' title='bbox 2091 3562 2183 3617; x_wconf 89' lang='lat' dir='ltr'><strong>sed</strong></span> <span class='ocrx_word' id='word_1_643' title='bbox 2216 3570 2443 3630; x_wconf 87' lang='lat' dir='ltr'><strong>utraque</strong></span> <span class='ocrx_word' id='word_1_644' title='bbox 2470 3574 2635 3613; x_wconf 89' lang='lat' dir='ltr'><strong>unum</strong></span> <span class='ocrx_word' id='word_1_645' title='bbox 2665 3566 2816 3613; x_wconf 88' lang='lat' dir='ltr'><strong>sunt.</strong></span> <span class='ocrx_word' id='word_1_646' title='bbox 2842 3556 3077 3612; x_wconf 88' lang='lat' dir='ltr'><strong>Audiant</strong></span> <span class='ocrx_word' id='word_1_647' title='bbox 3108 3566 3159 3612; x_wconf 89' lang='lat' dir='ltr'><strong>et</strong></span> <span class='ocrx_word' id='word_1_648' title='bbox 3192 3557 3407 3622; x_wconf 83' lang='lat' dir='ltr'><strong>Ariani,</strong></span> 
     </span>
    </p>
   </div>
   <div class='ocr_carea' id='block_1_84' title="bbox 1834 3650 3410 3723">
    <p class='ocr_par' dir='ltr' id='par_1_84' title="bbox 1834 3650 3410 3723">
     <span class='ocr_line' id='line_1_84' title="bbox 1834 3650 3410 3723; baseline -0.003 -15"><span class='ocrx_word' id='word_1_649' title='bbox 1834 3654 2107 3723; x_wconf 85' lang='lat' dir='ltr'><strong>quomodo</strong></span> <span class='ocrx_word' id='word_1_650' title='bbox 2150 3662 2406 3722; x_wconf 89' lang='lat' dir='ltr'><strong>tanquam</strong></span> <span class='ocrx_word' id='word_1_651' title='bbox 2443 3650 2705 3707; x_wconf 88' lang='lat' dir='ltr'><strong>Dominus</strong></span> <span class='ocrx_word' id='word_1_652' title='bbox 2742 3658 2799 3705; x_wconf 91' lang='lat' dir='ltr'><strong>et</strong></span> <span class='ocrx_word' id='word_1_653' title='bbox 2840 3657 3164 3720; x_wconf 88' lang='lat' dir='ltr'><strong>potestatem</strong></span> <span class='ocrx_word' id='word_1_654' title='bbox 3203 3650 3410 3704; x_wconf 85' lang='lat' dir='ltr'><strong>habens</strong></span> 
     </span>
    </p>
   </div>
   <div class='ocr_carea' id='block_1_85' title="bbox 1835 3738 3411 3813">
    <p class='ocr_par' dir='ltr' id='par_1_85' title="bbox 1835 3738 3411 3813">
     <span class='ocr_line' id='line_1_85' title="bbox 1835 3738 3411 3813; baseline -0.004 -12"><span class='ocrx_word' id='word_1_655' title='bbox 1835 3750 2013 3801; x_wconf 88' lang='lat' dir='ltr'><strong>mittat</strong></span> <span class='ocrx_word' id='word_1_656' title='bbox 2058 3745 2373 3813; x_wconf 84' lang='lat' dir='ltr'><strong>discipulos.</strong></span> <span class='ocrx_word' id='word_1_657' title='bbox 2413 3742 2575 3804; x_wconf 76' lang='lat' dir='ltr'><strong>Mittit</strong></span> <span class='ocrx_word' id='word_1_658' title='bbox 2604 3751 2783 3795; x_wconf 89' lang='lat' dir='ltr'><strong>autem</strong></span> <span class='ocrx_word' id='word_1_659' title='bbox 2819 3748 2875 3794; x_wconf 90' lang='lat' dir='ltr'><strong>ut</strong></span> <span class='ocrx_word' id='word_1_660' title='bbox 2909 3741 2974 3796; x_wconf 90' lang='lat' dir='ltr'><strong>de</strong></span> <span class='ocrx_word' id='word_1_661' title='bbox 3011 3738 3242 3794; x_wconf 87' lang='lat' dir='ltr'><strong>terrenis</strong></span> <span class='ocrx_word' id='word_1_662' title='bbox 3293 3754 3411 3794; x_wconf 82' lang='lat' dir='ltr'><strong>me-</strong></span> 
     </span>
    </p>
   </div>
   <div class='ocr_carea' id='block_1_86' title="bbox 1837 3830 3408 3905">
    <p class='ocr_par' dir='ltr' id='par_1_86' title="bbox 1837 3830 3408 3905">
     <span class='ocr_line' id='line_1_86' title="bbox 1837 3830 3408 3905; baseline -0.008 -10"><span class='ocrx_word' id='word_1_663' title='bbox 1837 3844 1952 3895; x_wconf 79' lang='lat' dir='ltr'><strong>tan’t</strong></span> <span class='ocrx_word' id='word_1_664' title='bbox 1983 3848 2038 3894; x_wconf 86' lang='lat' dir='ltr'><strong>et</strong></span> <span class='ocrx_word' id='word_1_665' title='bbox 2064 3846 2325 3893; x_wconf 77' lang='lat' dir='ltr'><strong>exsecent</strong></span> <span class='ocrx_word' id='word_1_666' title='bbox 2366 3851 2461 3890; x_wconf 93' lang='lat' dir='ltr'><strong>eos</strong></span> <span class='ocrx_word' id='word_1_667' title='bbox 2493 3834 2584 3905; x_wconf 89' lang='lat' dir='ltr'><strong>qui</strong></span> <span class='ocrx_word' id='word_1_668' title='bbox 2620 3832 2852 3889; x_wconf 88' lang='lat' dir='ltr'><strong>terrenis</strong></span> <span class='ocrx_word' id='word_1_669' title='bbox 2894 3830 3035 3891; x_wconf 70' lang='grc' dir='ltr'><strong>σαὶτί</strong></span> <span class='ocrx_word' id='word_1_670' title='bbox 3068 3839 3257 3897; x_wconf 88' lang='lat' dir='ltr'><strong>erant,</strong></span> <span class='ocrx_word' id='word_1_671' title='bbox 3302 3839 3408 3889; x_wconf 87' lang='lat' dir='ltr'><strong>tam</strong></span> 
     </span>
    </p>
   </div>
   <div class='ocr_carea' id='block_1_87' title="bbox 1835 3916 3408 4003">
    <p class='ocr_par' dir='ltr' id='par_1_87' title="bbox 1835 3916 3408 4003">
     <span class='ocr_line' id='line_1_87' title="bbox 1835 3916 3408 4003; baseline -0.008 -17"><span class='ocrx_word' id='word_1_672' title='bbox 1835 3916 2061 4003; x_wconf 73' lang='lat' dir='ltr'><strong>gentiles</strong></span> <span class='ocrx_word' id='word_1_673' title='bbox 2102 3944 2265 4000; x_wconf 85' lang='lat' dir='ltr'><strong>quam</strong></span> <span class='ocrx_word' id='word_1_674' title='bbox 2288 3928 2523 3990; x_wconf 65' lang='lat' dir='ltr'><strong>Juda&#39;os,</strong></span> <span class='ocrx_word' id='word_1_675' title='bbox 2569 3927 2933 3994; x_wconf 88' lang='lat' dir='ltr'><strong>invehantque</strong></span> <span class='ocrx_word' id='word_1_676' title='bbox 2976 3922 3095 3979; x_wconf 88' lang='lat' dir='ltr'><strong>illos</strong></span> <span class='ocrx_word' id='word_1_677' title='bbox 3122 3922 3175 3976; x_wconf 87' lang='lat' dir='ltr'><strong>itt</strong></span> <span class='ocrx_word' id='word_1_678' title='bbox 3202 3935 3408 3987; x_wconf 88' lang='lat' dir='ltr'><strong>aream,</strong></span> 
     </span>
    </p>
   </div>
   <div class='ocr_carea' id='block_1_88' title="bbox 1836 4014 3406 4088">
    <p class='ocr_par' dir='ltr' id='par_1_88' title="bbox 1836 4014 3406 4088">
     <span class='ocr_line' id='line_1_88' title="bbox 1836 4014 3406 4088; baseline -0.005 -8"><span class='ocrx_word' id='word_1_679' title='bbox 1836 4023 2135 4080; x_wconf 70' lang='lat' dir='ltr'><strong>Ecclesium</strong></span> <span class='ocrx_word' id='word_1_680' title='bbox 2167 4022 2310 4087; x_wconf 91' lang='lat' dir='ltr'><strong>dico,</strong></span> <span class='ocrx_word' id='word_1_681' title='bbox 2348 4022 2400 4074; x_wconf 92' lang='lat' dir='ltr'><strong>in</strong></span> <span class='ocrx_word' id='word_1_682' title='bbox 2428 4035 2532 4088; x_wconf 89' lang='lat' dir='ltr'><strong>qua</strong></span> <span class='ocrx_word' id='word_1_683' title='bbox 2572 4017 2965 4073; x_wconf 85' lang='lat' dir='ltr'><strong>conculcentur</strong></span> <span class='ocrx_word' id='word_1_684' title='bbox 2988 4031 3019 4069; x_wconf 89' lang='lat' dir='ltr'><strong>a</strong></span> <span class='ocrx_word' id='word_1_685' title='bbox 3049 4014 3219 4070; x_wconf 90' lang='lat' dir='ltr'><strong>bobus</strong></span> <span class='ocrx_word' id='word_1_686' title='bbox 3244 4055 3261 4081; x_wconf 94' lang='lat'><strong>,</strong></span> <span class='ocrx_word' id='word_1_687' title='bbox 3301 4015 3406 4072; x_wconf 80' lang='lat' dir='ltr'><strong>hoc</strong></span> 
     </span>
    </p>
   </div>
   <div class='ocr_carea' id='block_1_89' title="bbox 1835 4107 3407 4181">
    <p class='ocr_par' dir='ltr' id='par_1_89' title="bbox 1835 4107 3407 4181">
     <span class='ocr_line' id='line_1_89' title="bbox 1835 4107 3407 4181; baseline -0.008 -9"><span class='ocrx_word' id='word_1_688' title='bbox 1835 4126 1918 4172; x_wconf 88' lang='lat' dir='ltr'><strong>est</strong></span> <span class='ocrx_word' id='word_1_689' title='bbox 1976 4113 2321 4177; x_wconf 82' lang='lat' dir='ltr'><strong>doctoribus;</strong></span> <span class='ocrx_word' id='word_1_690' title='bbox 2355 4120 2409 4167; x_wconf 92' lang='lat' dir='ltr'><strong>et</strong></span> <span class='ocrx_word' id='word_1_691' title='bbox 2433 4110 2652 4181; x_wconf 85' lang='lat' dir='ltr'><strong>jaceant</strong></span> <span class='ocrx_word' id='word_1_692' title='bbox 2690 4109 2791 4163; x_wconf 89' lang='lat' dir='ltr'><strong>sub</strong></span> <span class='ocrx_word' id='word_1_693' title='bbox 2827 4107 2932 4162; x_wconf 92' lang='lat' dir='ltr'><strong>illis</strong></span> <span class='ocrx_word' id='word_1_694' title='bbox 2960 4120 3024 4160; x_wconf 90' lang='lat' dir='ltr'><strong>ac</strong></span> <span class='ocrx_word' id='word_1_695' title='bbox 3060 4107 3407 4172; x_wconf 88' lang='lat' dir='ltr'><strong>triturentur,</strong></span> 
     </span>
    </p>
   </div>
   <div class='ocr_carea' id='block_1_90' title="bbox 1835 4199 3401 4275">
    <p class='ocr_par' dir='ltr' id='par_1_90' title="bbox 1835 4199 3401 4275">
     <span class='ocr_line' id='line_1_90' title="bbox 1835 4199 3401 4275; baseline -0.007 -10"><span class='ocrx_word' id='word_1_696' title='bbox 1835 4225 1955 4265; x_wconf 88' lang='lat' dir='ltr'><strong>eum</strong></span> <span class='ocrx_word' id='word_1_697' title='bbox 1980 4220 2168 4261; x_wconf 89' lang='lat' dir='ltr'><strong>omnes</strong></span> <span class='ocrx_word' id='word_1_698' title='bbox 2202 4204 2406 4275; x_wconf 87' lang='lat' dir='ltr'><strong>paleas,</strong></span> <span class='ocrx_word' id='word_1_699' title='bbox 2440 4211 2494 4258; x_wconf 89' lang='lat' dir='ltr'><strong>et</strong></span> <span class='ocrx_word' id='word_1_700' title='bbox 2544 4202 2683 4272; x_wconf 76' lang='lat' dir='ltr'><strong>ignis</strong></span> <span class='ocrx_word' id='word_1_701' title='bbox 2731 4200 2968 4256; x_wconf 69' lang='lat' dir='ltr'><strong>fomitem</strong></span> <span class='ocrx_word' id='word_1_702' title='bbox 2997 4237 3012 4263; x_wconf 89' lang='lat'><strong>,</strong></span> <span class='ocrx_word' id='word_1_703' title='bbox 3049 4206 3104 4255; x_wconf 91' lang='lat' dir='ltr'><strong>et</strong></span> <span class='ocrx_word' id='word_1_704' title='bbox 3138 4199 3401 4269; x_wconf 84' lang='lat' dir='ltr'><strong>quidquid</strong></span> 
     </span>
    </p>
   </div>
   <div class='ocr_carea' id='block_1_91' title="bbox 1835 4290 3408 4366">
    <p class='ocr_par' dir='ltr' id='par_1_91' title="bbox 1835 4290 3408 4366">
     <span class='ocr_line' id='line_1_91' title="bbox 1835 4290 3408 4366; baseline -0.01 -11"><span class='ocrx_word' id='word_1_705' title='bbox 1835 4315 2089 4356; x_wconf 80' lang='lat' dir='ltr'><strong>cartteunt</strong></span> <span class='ocrx_word' id='word_1_706' title='bbox 2121 4308 2222 4363; x_wconf 81' lang='lat' dir='ltr'><strong>est,</strong></span> <span class='ocrx_word' id='word_1_707' title='bbox 2259 4294 2574 4366; x_wconf 61' lang='lat' dir='ltr'><strong>altjecerint,</strong></span> <span class='ocrx_word' id='word_1_708' title='bbox 2601 4302 2655 4348; x_wconf 88' lang='lat' dir='ltr'><strong>et</strong></span> <span class='ocrx_word' id='word_1_709' title='bbox 2685 4291 2812 4347; x_wconf 82' lang='lat' dir='ltr'><strong>facti</strong></span> <span class='ocrx_word' id='word_1_710' title='bbox 2847 4306 2979 4361; x_wconf 89' lang='lat' dir='ltr'><strong>pura</strong></span> <span class='ocrx_word' id='word_1_711' title='bbox 3016 4305 3185 4361; x_wconf 76' lang='lat' dir='ltr'><strong>grana</strong></span> <span class='ocrx_word' id='word_1_712' title='bbox 3212 4290 3265 4345; x_wconf 91' lang='lat' dir='ltr'><strong>in</strong></span> <span class='ocrx_word' id='word_1_713' title='bbox 3290 4305 3408 4347; x_wconf 62' lang='lat' dir='ltr'><strong>cus.</strong></span> 
     </span>
    </p>
   </div>
   <div class='ocr_carea' id='block_1_92' title="bbox 1836 4382 3408 4460">
    <p class='ocr_par' dir='ltr' id='par_1_92' title="bbox 1836 4382 3408 4460">
     <span class='ocr_line' id='line_1_92' title="bbox 1836 4382 3408 4460; baseline -0.008 -13"><span class='ocrx_word' id='word_1_714' title='bbox 1836 4391 1957 4448; x_wconf 85' lang='lat' dir='ltr'><strong>lesti</strong></span> <span class='ocrx_word' id='word_1_715' title='bbox 1994 4405 2131 4460; x_wconf 89' lang='lat' dir='ltr'><strong>penu</strong></span> <span class='ocrx_word' id='word_1_716' title='bbox 2179 4396 2533 4458; x_wconf 81' lang='lat' dir='ltr'><strong>reponantur,</strong></span> <span class='ocrx_word' id='word_1_717' title='bbox 2568 4400 2631 4438; x_wconf 88' lang='lat' dir='ltr'><strong>ac</strong></span> <span class='ocrx_word' id='word_1_718' title='bbox 2678 4384 2872 4437; x_wconf 87' lang='lat' dir='ltr'><strong>deinde</strong></span> <span class='ocrx_word' id='word_1_719' title='bbox 2912 4383 3066 4437; x_wconf 88' lang='lat' dir='ltr'><strong>cibus</strong></span> <span class='ocrx_word' id='word_1_720' title='bbox 3111 4383 3242 4436; x_wconf 80' lang='lat' dir='ltr'><strong>ﬂant</strong></span> <span class='ocrx_word' id='word_1_721' title='bbox 3290 4382 3408 4446; x_wconf 86' lang='lat' dir='ltr'><strong>Dei,</strong></span> 
     </span>
    </p>
   </div>
   <div class='ocr_carea' id='block_1_93' title="bbox 174 4470 1735 4552">
    <p class='ocr_par' dir='ltr' id='par_1_93' title="bbox 174 4479 1732 4552">
     <span class='ocr_line' id='line_1_93' title="bbox 174 4479 1732 4552; baseline 0.003 -19"><span class='ocrx_word' id='word_1_722' title='bbox 174 4479 427 4534; x_wconf 79' lang='grc' dir='ltr'>ἀλοῦσθαι</span> <span class='ocrx_word' id='word_1_723' title='bbox 450 4481 601 4552; x_wconf 86' lang='grc' dir='ltr'><strong>παρά</strong></span> <span class='ocrx_word' id='word_1_724' title='bbox 619 4480 726 4533; x_wconf 85' lang='grc' dir='ltr'><strong>τῶν</strong></span> <span class='ocrx_word' id='word_1_725' title='bbox 758 4479 918 4549; x_wconf 84' lang='grc' dir='ltr'>βοῶν,</span> <span class='ocrx_word' id='word_1_726' title='bbox 946 4480 1189 4534; x_wconf 79' lang='grc' dir='ltr'>τουτέστι</span> <span class='ocrx_word' id='word_1_727' title='bbox 1241 4482 1350 4535; x_wconf 87' lang='grc' dir='ltr'><strong>τῶν</strong></span> <span class='ocrx_word' id='word_1_728' title='bbox 1374 4483 1732 4549; x_wconf 83' lang='grc' dir='ltr'>διδασκάλων,</span> 
     </span>
    </p>
   </div>
   <div class='ocr_carea' id='block_1_94' title="bbox 1838 4470 3413 4552">
    <p class='ocr_par' dir='ltr' id='par_1_94' title="bbox 1839 4470 3413 4551">
     <span class='ocr_line' id='line_1_94' title="bbox 1839 4470 3413 4551; baseline -0.005 -16"><span class='ocrx_word' id='word_1_729' title='bbox 1839 4482 1930 4551; x_wconf 90' lang='lat' dir='ltr'><strong>qui</strong></span> <span class='ocrx_word' id='word_1_730' title='bbox 1964 4480 2164 4551; x_wconf 82' lang='lat' dir='ltr'><strong>gaudet</strong></span> <span class='ocrx_word' id='word_1_731' title='bbox 2207 4479 2260 4535; x_wconf 90' lang='lat' dir='ltr'><strong>in</strong></span> <span class='ocrx_word' id='word_1_732' title='bbox 2307 4477 2484 4532; x_wconf 86' lang='lat' dir='ltr'><strong>salute</strong></span> <span class='ocrx_word' id='word_1_733' title='bbox 2510 4490 2720 4530; x_wconf 90' lang='lat' dir='ltr'><strong>eorum.</strong></span> <span class='ocrx_word' id='word_1_734' title='bbox 2753 4471 2833 4527; x_wconf 90' lang='lat' dir='ltr'><strong>lta</strong></span> <span class='ocrx_word' id='word_1_735' title='bbox 2863 4470 3064 4528; x_wconf 89' lang='lat' dir='ltr'><strong>Paulus</strong></span> <span class='ocrx_word' id='word_1_736' title='bbox 3092 4472 3338 4540; x_wconf 86' lang='lat' dir='ltr'><strong>messuit,</strong></span> <span class='ocrx_word' id='word_1_737' title='bbox 3381 4488 3413 4527; x_wconf 90' lang='lat' dir='ltr'><strong>a</strong></span> 
     </span>
    </p>
   </div>
   <div class='ocr_carea' id='block_1_95' title="bbox 173 4570 1737 4645">
    <p class='ocr_par' dir='ltr' id='par_1_95' title="bbox 173 4570 1737 4645">
     <span class='ocr_line' id='line_1_95' title="bbox 173 4570 1737 4645; baseline 0.003 -22"><span class='ocrx_word' id='word_1_738' title='bbox 173 4574 263 4624; x_wconf 88' lang='lat' dir='ltr'><strong>ml</strong></span> <span class='ocrx_word' id='word_1_739' title='bbox 298 4572 617 4625; x_wconf 84' lang='grc' dir='ltr'>ὑποκεῖσθαι</span> <span class='ocrx_word' id='word_1_740' title='bbox 650 4572 853 4636; x_wconf 79' lang='grc' dir='ltr'>αὐτοῖς,</span> <span class='ocrx_word' id='word_1_741' title='bbox 881 4570 1175 4641; x_wconf 82' lang='grc' dir='ltr'>τρίϐονται,</span> <span class='ocrx_word' id='word_1_742' title='bbox 1207 4572 1301 4625; x_wconf 79' lang='grc' dir='ltr'><strong>καὶ</strong></span> <span class='ocrx_word' id='word_1_743' title='bbox 1336 4575 1445 4627; x_wconf 84' lang='grc' dir='ltr'><strong>πᾶν</strong></span> <span class='ocrx_word' id='word_1_744' title='bbox 1487 4575 1737 4645; x_wconf 82' lang='grc' dir='ltr'>ἀσχυρῶ-</span> 
     </span>
    </p>
   </div>
   <div class='ocr_carea' id='block_1_96' title="bbox 172 4663 1739 4734">
    <p class='ocr_par' dir='ltr' id='par_1_96' title="bbox 172 4663 1739 4734">
     <span class='ocr_line' id='line_1_96' title="bbox 172 4663 1739 4734; baseline 0.003 -18"><span class='ocrx_word' id='word_1_745' title='bbox 172 4664 274 4729; x_wconf 83' lang='grc' dir='ltr'>δες,</span> <span class='ocrx_word' id='word_1_746' title='bbox 294 4667 386 4719; x_wconf 78' lang='grc' dir='ltr'><strong>καὶ</strong></span> <span class='ocrx_word' id='word_1_747' title='bbox 412 4682 476 4717; x_wconf 88' lang='grc' dir='ltr'><strong>σα</strong></span> <span class='ocrx_word' id='word_1_748' title='bbox 486 4664 693 4734; x_wconf 78' lang='grc' dir='ltr'>ρκικὺν,</span> <span class='ocrx_word' id='word_1_749' title='bbox 719 4663 814 4723; x_wconf 85' lang='lat' dir='ltr'><strong>ml</strong></span> <span class='ocrx_word' id='word_1_750' title='bbox 837 4664 929 4717; x_wconf 83' lang='grc' dir='ltr'>τοῦ</span> <span class='ocrx_word' id='word_1_751' title='bbox 951 4664 1126 4731; x_wconf 83' lang='grc' dir='ltr'>πυρὸς</span> <span class='ocrx_word' id='word_1_752' title='bbox 1146 4664 1477 4733; x_wconf 83' lang='grc' dir='ltr'>ὑπέγκαυμα</span> <span class='ocrx_word' id='word_1_753' title='bbox 1500 4667 1739 4720; x_wconf 79' lang='grc' dir='ltr'>ἀποϐαλ-</span> 
     </span>
    </p>
   </div>
   <div class='ocr_carea' id='block_1_97' title="bbox 175 4754 1738 4828">
    <p class='ocr_par' dir='ltr' id='par_1_97' title="bbox 175 4754 1738 4828">
     <span class='ocr_line' id='line_1_97' title="bbox 175 4754 1738 4828; baseline 0.004 -22"><span class='ocrx_word' id='word_1_754' title='bbox 175 4755 416 4825; x_wconf 76' lang='grc' dir='ltr'>λὸμενοι,</span> <span class='ocrx_word' id='word_1_755' title='bbox 452 4755 685 4827; x_wconf 77' lang='grc' dir='ltr'>καθαροὶ</span> <span class='ocrx_word' id='word_1_756' title='bbox 719 4754 909 4808; x_wconf 88' lang='grc' dir='ltr'>κόκκοι</span> <span class='ocrx_word' id='word_1_757' title='bbox 942 4757 1009 4825; x_wconf 80' lang='grc' dir='ltr'>τῇ</span> <span class='ocrx_word' id='word_1_758' title='bbox 1045 4754 1284 4826; x_wconf 80' lang='grc' dir='ltr'>οὐρανίῳ</span> <span class='ocrx_word' id='word_1_759' title='bbox 1348 4756 1605 4828; x_wconf 74' lang='grc' dir='ltr'>ἀποθήκη</span> <span class='ocrx_word' id='word_1_760' title='bbox 1650 4760 1738 4812; x_wconf 80' lang='grc' dir='ltr'><strong>ἐν·</strong></span> 
     </span>
    </p>
   </div>
   <div class='ocr_carea' id='block_1_98' title="bbox 186 4844 1736 4925">
    <p class='ocr_par' dir='ltr' id='par_1_98' title="bbox 186 4844 1736 4925">
     <span class='ocr_line' id='line_1_98' title="bbox 186 4844 1736 4925; baseline 0.003 -26"><span class='ocrx_word' id='word_1_761' title='bbox 186 4849 531 4901; x_wconf 77' lang='grc' dir='ltr'>αποτίθενται</span> <span class='ocrx_word' id='word_1_762' title='bbox 552 4888 567 4912; x_wconf 92' lang='grc'><strong>,</strong></span> <span class='ocrx_word' id='word_1_763' title='bbox 598 4844 716 4900; x_wconf 72' lang='grc' dir='ltr'>εἶτα</span> <span class='ocrx_word' id='word_1_764' title='bbox 750 4848 844 4901; x_wconf 74' lang='grc' dir='ltr'><strong>καὶ</strong></span> <span class='ocrx_word' id='word_1_765' title='bbox 892 4846 1088 4917; x_wconf 87' lang='grc' dir='ltr'>βρῶμα</span> <span class='ocrx_word' id='word_1_766' title='bbox 1122 4848 1362 4915; x_wconf 86' lang='grc' dir='ltr'>γίνονται</span> <span class='ocrx_word' id='word_1_767' title='bbox 1383 4848 1476 4901; x_wconf 82' lang='grc' dir='ltr'><strong>τοῦ</strong></span> <span class='ocrx_word' id='word_1_768' title='bbox 1502 4848 1636 4903; x_wconf 87' lang='grc' dir='ltr'><strong>Θεοῦ</strong></span> <span class='ocrx_word' id='word_1_769' title='bbox 1669 4852 1736 4925; x_wconf 79' lang='grc' dir='ltr'>τῇ</span> 
     </span>
    </p>
   </div>
   <div class='ocr_carea' id='block_1_99' title="bbox 181 4938 1741 5013">
    <p class='ocr_par' dir='ltr' id='par_1_99' title="bbox 181 4938 1741 5013">
     <span class='ocr_line' id='line_1_99' title="bbox 181 4938 1741 5013; baseline 0.003 -22"><span class='ocrx_word' id='word_1_770' title='bbox 181 4942 418 5013; x_wconf 79' lang='grc' dir='ltr'>σωτηρίᾳ</span> <span class='ocrx_word' id='word_1_771' title='bbox 447 4941 653 4994; x_wconf 89' lang='grc' dir='ltr'>τούτων</span> <span class='ocrx_word' id='word_1_772' title='bbox 703 4939 1217 5009; x_wconf 78' lang='grc' dir='ltr'>ὲνευφραινομένου,</span> <span class='ocrx_word' id='word_1_773' title='bbox 1259 4938 1445 5003; x_wconf 80' lang='grc' dir='ltr'>Οὕτως</span> <span class='ocrx_word' id='word_1_774' title='bbox 1475 4941 1503 4992; x_wconf 91' lang='lat'><strong>6</strong></span> <span class='ocrx_word' id='word_1_775' title='bbox 1531 4940 1741 5007; x_wconf 81' lang='grc' dir='ltr'>Παῦλος</span> 
     </span>
    </p>
   </div>
   <div class='ocr_carea' id='block_1_100' title="bbox 1842 4563 3415 4633">
    <p class='ocr_par' dir='ltr' id='par_1_100' title="bbox 1842 4563 3415 4633">
     <span class='ocr_line' id='line_1_100' title="bbox 1842 4563 3415 4633; baseline -0.008 -3"><span class='ocrx_word' id='word_1_776' title='bbox 1842 4586 1984 4630; x_wconf 89' lang='lat' dir='ltr'><strong>terra</strong></span> <span class='ocrx_word' id='word_1_777' title='bbox 2033 4585 2322 4633; x_wconf 88' lang='lat' dir='ltr'><strong>resecans,</strong></span> <span class='ocrx_word' id='word_1_778' title='bbox 2355 4578 2410 4623; x_wconf 91' lang='lat' dir='ltr'><strong>et</strong></span> <span class='ocrx_word' id='word_1_779' title='bbox 2456 4568 2657 4622; x_wconf 89' lang='lat' dir='ltr'><strong>docens</strong></span> <span class='ocrx_word' id='word_1_780' title='bbox 2708 4580 2807 4621; x_wconf 88' lang='lat' dir='ltr'><strong>nos</strong></span> <span class='ocrx_word' id='word_1_781' title='bbox 2865 4564 3007 4633; x_wconf 84' lang='lat' dir='ltr'><strong>quod</strong></span> <span class='ocrx_word' id='word_1_782' title='bbox 3050 4563 3415 4632; x_wconf 87' lang='lat' dir='ltr'><strong>municipatus</strong></span> 
     </span>
    </p>
   </div>
   <div class='ocr_carea' id='block_1_101' title="bbox 1846 4654 3414 4721">
    <p class='ocr_par' dir='ltr' id='par_1_101' title="bbox 1846 4654 3414 4721">
     <span class='ocr_line' id='line_1_101' title="bbox 1846 4654 3414 4721; baseline -0.01 -2"><span class='ocrx_word' id='word_1_783' title='bbox 1846 4673 2030 4719; x_wconf 87' lang='lat' dir='ltr'><strong>noster</strong></span> <span class='ocrx_word' id='word_1_784' title='bbox 2055 4662 2110 4716; x_wconf 90' lang='lat' dir='ltr'><strong>in</strong></span> <span class='ocrx_word' id='word_1_785' title='bbox 2135 4661 2290 4719; x_wconf 68' lang='lat' dir='ltr'><strong>cmlis</strong></span> <span class='ocrx_word' id='word_1_786' title='bbox 2312 4660 2385 4713; x_wconf 87' lang='lat' dir='ltr'><strong>sit</strong></span> <span class='ocrx_word' id='word_1_787' title='bbox 2411 4658 2481 4713; x_wconf 76' lang='grc' dir='ltr'>ὀ.</span> <span class='ocrx_word' id='word_1_788' title='bbox 2505 4656 2839 4713; x_wconf 87' lang='lat' dir='ltr'><strong>Cavillantur</strong></span> <span class='ocrx_word' id='word_1_789' title='bbox 2861 4664 3038 4709; x_wconf 87' lang='lat' dir='ltr'><strong>autem</strong></span> <span class='ocrx_word' id='word_1_790' title='bbox 3062 4654 3277 4721; x_wconf 82' lang='lat' dir='ltr'><strong>quidam</strong></span> <span class='ocrx_word' id='word_1_791' title='bbox 3311 4654 3414 4709; x_wconf 89' lang='lat' dir='ltr'><strong>hoc</strong></span> 
     </span>
    </p>
   </div>
   <div class='ocr_carea' id='block_1_102' title="bbox 1846 4743 3417 4822">
    <p class='ocr_par' dir='ltr' id='par_1_102' title="bbox 1846 4743 3417 4822">
     <span class='ocr_line' id='line_1_102' title="bbox 1846 4743 3417 4822; baseline -0.012 -11"><span class='ocrx_word' id='word_1_792' title='bbox 1846 4757 1991 4811; x_wconf 88' lang='lat' dir='ltr'><strong>dicto</strong></span> <span class='ocrx_word' id='word_1_793' title='bbox 2025 4753 2201 4822; x_wconf 89' lang='lat' dir='ltr'><strong>lepide</strong></span> <span class='ocrx_word' id='word_1_794' title='bbox 2233 4764 2425 4813; x_wconf 87' lang='lat' dir='ltr'><strong>senes,</strong></span> <span class='ocrx_word' id='word_1_795' title='bbox 2471 4748 2641 4803; x_wconf 90' lang='lat' dir='ltr'><strong>videri</strong></span> <span class='ocrx_word' id='word_1_796' title='bbox 2678 4747 2927 4815; x_wconf 74' lang='lat' dir='ltr'><strong>regiones</strong></span> <span class='ocrx_word' id='word_1_797' title='bbox 2959 4744 3102 4814; x_wconf 86' lang='lat' dir='ltr'><strong>quod</strong></span> <span class='ocrx_word' id='word_1_798' title='bbox 3137 4743 3272 4802; x_wconf 69' lang='lat' dir='ltr'><strong>alba:</strong></span> <span class='ocrx_word' id='word_1_799' title='bbox 3305 4743 3417 4797; x_wconf 82' lang='lat' dir='ltr'><strong>sint</strong></span> 
     </span>
    </p>
   </div>
   <div class='ocr_carea' id='block_1_103' title="bbox 1847 4838 3418 4913">
    <p class='ocr_par' dir='ltr' id='par_1_103' title="bbox 1847 4838 3418 4913">
     <span class='ocr_line' id='line_1_103' title="bbox 1847 4838 3418 4913; baseline -0.01 -11"><span class='ocrx_word' id='word_1_800' title='bbox 1847 4850 1914 4903; x_wconf 89' lang='lat' dir='ltr'><strong>ad</strong></span> <span class='ocrx_word' id='word_1_801' title='bbox 1946 4859 2173 4902; x_wconf 90' lang='lat' dir='ltr'><strong>messem</strong></span> <span class='ocrx_word' id='word_1_802' title='bbox 2197 4883 2213 4908; x_wconf 91' lang='lat'><strong>,</strong></span> <span class='ocrx_word' id='word_1_803' title='bbox 2242 4851 2462 4913; x_wconf 88' lang='lat' dir='ltr'><strong>propter</strong></span> <span class='ocrx_word' id='word_1_804' title='bbox 2491 4853 2656 4894; x_wconf 87' lang='lat' dir='ltr'><strong>canos</strong></span> <span class='ocrx_word' id='word_1_805' title='bbox 2683 4838 2911 4902; x_wconf 89' lang='lat' dir='ltr'><strong>scilicet,</strong></span> <span class='ocrx_word' id='word_1_806' title='bbox 2938 4847 2993 4891; x_wconf 93' lang='lat' dir='ltr'><strong>et</strong></span> <span class='ocrx_word' id='word_1_807' title='bbox 3016 4849 3248 4890; x_wconf 90' lang='lat' dir='ltr'><strong>messem</strong></span> <span class='ocrx_word' id='word_1_808' title='bbox 3277 4851 3418 4888; x_wconf 83' lang='lat' dir='ltr'><strong>tuor-</strong></span> 
     </span>
    </p>
   </div>
   <div class='ocr_carea' id='block_1_104' title="bbox 180 5018 3412 5107">
    <p class='ocr_par' dir='ltr' id='par_1_104' title="bbox 180 5018 3412 5107">
     <span class='ocr_line' id='line_1_104' title="bbox 180 5018 3412 5107; baseline 0.002 -25"><span class='ocrx_word' id='word_1_809' title='bbox 180 5031 386 5105; x_wconf 73' lang='grc' dir='ltr'>ἑθέριζε</span> <span class='ocrx_word' id='word_1_810' title='bbox 417 5036 514 5104; x_wconf 79' lang='grc' dir='ltr'>τῆς</span> <span class='ocrx_word' id='word_1_811' title='bbox 533 5035 638 5106; x_wconf 77' lang='grc' dir='ltr'>γῆς</span> <span class='ocrx_word' id='word_1_812' title='bbox 670 5033 1011 5103; x_wconf 86' lang='grc' dir='ltr'>ἀποτέμνων,</span> <span class='ocrx_word' id='word_1_813' title='bbox 1040 5034 1134 5086; x_wconf 81' lang='grc' dir='ltr'>καὶ</span> <span class='ocrx_word' id='word_1_814' title='bbox 1192 5034 1456 5089; x_wconf 85' lang='grc' dir='ltr'>διδάσκων</span> <span class='ocrx_word' id='word_1_815' title='bbox 1489 5036 1657 5107; x_wconf 75' lang='grc' dir='ltr'>ἡμᾶς,</span> <span class='ocrx_word' id='word_1_816' title='bbox 1727 5042 1810 5097; x_wconf 85' lang='grc' dir='ltr'><strong>ὅτι</strong></span> <span class='ocrx_word' id='word_1_817' title='bbox 1840 5042 1902 5095; x_wconf 77' lang='grc' dir='ltr'><strong>τὸ</strong></span> <span class='ocrx_word' id='word_1_818' title='bbox 1938 5035 2243 5103; x_wconf 85' lang='grc' dir='ltr'>πολίτευμα</span> <span class='ocrx_word' id='word_1_819' title='bbox 2287 5029 2443 5101; x_wconf 82' lang='grc' dir='ltr'>ἡμῶν</span> <span class='ocrx_word' id='word_1_820' title='bbox 2479 5029 2537 5081; x_wconf 76' lang='grc' dir='ltr'>ὲν</span> <span class='ocrx_word' id='word_1_821' title='bbox 2584 5026 2837 5098; x_wconf 82' lang='grc' dir='ltr'>οὐρανοῖς</span> <span class='ocrx_word' id='word_1_822' title='bbox 2866 5024 3118 5094; x_wconf 75' lang='grc' dir='ltr'>ὑπάρχει·</span> <span class='ocrx_word' id='word_1_823' title='bbox 3162 5018 3412 5092; x_wconf 78' lang='grc' dir='ltr'>Χρῶνται</span> 
     </span>
    </p>
   </div>
   <div class='ocr_carea' id='block_1_105' title="bbox 179 5115 3406 5200">
    <p class='ocr_par' dir='ltr' id='par_1_105' title="bbox 179 5115 3406 5200">
     <span class='ocr_line' id='line_1_105' title="bbox 179 5115 3406 5200; baseline -0.004 -22"><span class='ocrx_word' id='word_1_824' title='bbox 179 5126 233 5181; x_wconf 86' lang='grc' dir='ltr'><strong>δέ</strong></span> <span class='ocrx_word' id='word_1_825' title='bbox 260 5145 402 5193; x_wconf 88' lang='grc' dir='ltr'>τινες</span> <span class='ocrx_word' id='word_1_826' title='bbox 428 5128 523 5182; x_wconf 88' lang='lat' dir='ltr'><strong>ml</strong></span> <span class='ocrx_word' id='word_1_827' title='bbox 552 5129 647 5182; x_wconf 72' lang='grc' dir='ltr'>ἐπὶ</span> <span class='ocrx_word' id='word_1_828' title='bbox 672 5127 778 5180; x_wconf 91' lang='grc' dir='ltr'><strong>τῶν</strong></span> <span class='ocrx_word' id='word_1_829' title='bbox 808 5128 1079 5196; x_wconf 87' lang='grc' dir='ltr'>γερόντων</span> <span class='ocrx_word' id='word_1_830' title='bbox 1108 5129 1407 5199; x_wconf 85' lang='grc' dir='ltr'>χαριέντως</span> <span class='ocrx_word' id='word_1_831' title='bbox 1430 5128 1529 5200; x_wconf 83' lang='grc' dir='ltr'>τῷ,</span> <span class='ocrx_word' id='word_1_832' title='bbox 1566 5148 1586 5183; x_wconf 77' lang='lat' dir='ltr'><strong>t</strong></span> <span class='ocrx_word' id='word_1_833' title='bbox 1614 5131 1895 5189; x_wconf 78' lang='grc' dir='ltr'>θεάσασθε</span> <span class='ocrx_word' id='word_1_834' title='bbox 1927 5132 2026 5194; x_wconf 88' lang='grc' dir='ltr'><strong>τάς</strong></span> <span class='ocrx_word' id='word_1_835' title='bbox 2056 5125 2260 5200; x_wconf 84' lang='grc' dir='ltr'>χώρας,</span> <span class='ocrx_word' id='word_1_836' title='bbox 2305 5125 2388 5178; x_wconf 86' lang='grc' dir='ltr'>ὅτι</span> <span class='ocrx_word' id='word_1_837' title='bbox 2456 5120 2644 5175; x_wconf 83' lang='grc' dir='ltr'>λευκαί</span> <span class='ocrx_word' id='word_1_838' title='bbox 2701 5118 2810 5170; x_wconf 87' lang='grc' dir='ltr'>είσι</span> <span class='ocrx_word' id='word_1_839' title='bbox 2872 5116 3007 5186; x_wconf 82' lang='grc' dir='ltr'>πρὸς</span> <span class='ocrx_word' id='word_1_840' title='bbox 3064 5115 3344 5185; x_wconf 80' lang='grc' dir='ltr'>θερισμὸν,</span> <span class='ocrx_word' id='word_1_841' title='bbox 3386 5134 3406 5165; x_wconf 76' lang='grc' dir='ltr'><strong>ι</strong></span> 
     </span>
    </p>
   </div>
   <div class='ocr_carea' id='block_1_106' title="bbox 180 5217 1737 5293">
    <p class='ocr_par' dir='ltr' id='par_1_106' title="bbox 180 5217 1737 5293">
     <span class='ocr_line' id='line_1_106' title="bbox 180 5217 1737 5293; baseline 0.006 -24"><span class='ocrx_word' id='word_1_842' title='bbox 180 5219 262 5272; x_wconf 84' lang='grc' dir='ltr'><strong>διά</strong></span> <span class='ocrx_word' id='word_1_843' title='bbox 286 5220 383 5284; x_wconf 84' lang='grc' dir='ltr'><strong>τάς</strong></span> <span class='ocrx_word' id='word_1_844' title='bbox 404 5219 592 5283; x_wconf 73' lang='grc' dir='ltr'>πολιὰς</span> <span class='ocrx_word' id='word_1_845' title='bbox 616 5218 839 5289; x_wconf 78' lang='grc' dir='ltr'>δηλαδὴ,</span> <span class='ocrx_word' id='word_1_846' title='bbox 858 5217 953 5271; x_wconf 87' lang='lat' dir='ltr'><strong>ml</strong></span> <span class='ocrx_word' id='word_1_847' title='bbox 976 5217 1066 5271; x_wconf 84' lang='grc' dir='ltr'><strong>τδν</strong></span> <span class='ocrx_word' id='word_1_848' title='bbox 1087 5217 1180 5271; x_wconf 79' lang='grc' dir='ltr'><strong>τοῦ</strong></span> <span class='ocrx_word' id='word_1_849' title='bbox 1205 5218 1432 5273; x_wconf 88' lang='grc' dir='ltr'>θανάτου</span> <span class='ocrx_word' id='word_1_850' title='bbox 1454 5220 1737 5293; x_wconf 87' lang='grc' dir='ltr'>θερισμόν.</span> 
     </span>
    </p>
   </div>
   <div class='ocr_carea' id='block_1_107' title="bbox 239 5311 1746 5381">
    <p class='ocr_par' dir='ltr' id='par_1_107' title="bbox 239 5311 1746 5381">
     <span class='ocr_line' id='line_1_107' title="bbox 239 5311 1746 5381; baseline 0.005 -19"><span class='ocrx_word' id='word_1_851' title='bbox 239 5331 257 5362; x_wconf 84' lang='grc' dir='ltr'><strong>ι</strong></span> <span class='ocrx_word' id='word_1_852' title='bbox 297 5313 389 5365; x_wconf 80' lang='grc' dir='ltr'>Ἐκ</span> <span class='ocrx_word' id='word_1_853' title='bbox 418 5312 475 5365; x_wconf 81' lang='grc' dir='ltr'>δὲ</span> <span class='ocrx_word' id='word_1_854' title='bbox 496 5312 597 5381; x_wconf 78' lang='grc' dir='ltr'>τῆς</span> <span class='ocrx_word' id='word_1_855' title='bbox 627 5311 831 5374; x_wconf 87' lang='grc' dir='ltr'>πόλεως</span> <span class='ocrx_word' id='word_1_856' title='bbox 864 5311 1076 5380; x_wconf 77' lang='grc' dir='ltr'>ἐκείνης</span> <span class='ocrx_word' id='word_1_857' title='bbox 1108 5312 1291 5365; x_wconf 75' lang='grc' dir='ltr'>πολλοὶ</span> <span class='ocrx_word' id='word_1_858' title='bbox 1316 5313 1642 5367; x_wconf 71' lang='grc' dir='ltr'>ἐπίστευσαν</span> <span class='ocrx_word' id='word_1_859' title='bbox 1666 5319 1746 5380; x_wconf 84' lang='grc' dir='ltr'><strong>είς</strong></span> 
     </span>
    </p>
   </div>
   <div class='ocr_carea' id='block_1_108' title="bbox 183 5402 1745 5475">
    <p class='ocr_par' dir='ltr' id='par_1_108' title="bbox 183 5402 1745 5475">
     <span class='ocr_line' id='line_1_108' title="bbox 183 5402 1745 5475; baseline 0.005 -22"><span class='ocrx_word' id='word_1_860' title='bbox 183 5402 339 5456; x_wconf 74' lang='grc' dir='ltr'>αὑτὸν</span> <span class='ocrx_word' id='word_1_861' title='bbox 362 5404 469 5457; x_wconf 73' lang='grc' dir='ltr'><strong>τῶν</strong></span> <span class='ocrx_word' id='word_1_862' title='bbox 496 5403 848 5474; x_wconf 86' lang='grc' dir='ltr'>Σαμαρειτῶν</span> <span class='ocrx_word' id='word_1_863' title='bbox 894 5404 980 5456; x_wconf 75' lang='grc' dir='ltr'><strong>διὰ</strong></span> <span class='ocrx_word' id='word_1_864' title='bbox 1019 5403 1110 5457; x_wconf 78' lang='grc' dir='ltr'><strong>τὸν</strong></span> <span class='ocrx_word' id='word_1_865' title='bbox 1152 5404 1307 5472; x_wconf 88' lang='grc' dir='ltr'>λόγον</span> <span class='ocrx_word' id='word_1_866' title='bbox 1352 5406 1452 5475; x_wconf 78' lang='grc' dir='ltr'><strong>τῆς</strong></span> <span class='ocrx_word' id='word_1_867' title='bbox 1488 5409 1745 5475; x_wconf 68' lang='grc' dir='ltr'>γυναικὸς</span> 
     </span>
    </p>
   </div>
   <div class='ocr_carea' id='block_1_109' title="bbox 186 5488 1749 5568">
    <p class='ocr_par' dir='ltr' id='par_1_109' title="bbox 186 5488 1749 5568">
     <span class='ocr_line' id='line_1_109' title="bbox 186 5488 1749 5568; baseline 0.006 -23"><span class='ocrx_word' id='word_1_868' title='bbox 186 5494 585 5566; x_wconf 76' lang='grc' dir='ltr'>μαρτυρούσης,</span> <span class='ocrx_word' id='word_1_869' title='bbox 617 5494 699 5548; x_wconf 83' lang='grc' dir='ltr'>ὅτι</span> <span class='ocrx_word' id='word_1_870' title='bbox 718 5488 850 5547; x_wconf 84' lang='grc' dir='ltr'>Εἷπέ</span> <span class='ocrx_word' id='word_1_871' title='bbox 865 5512 956 5565; x_wconf 92' lang='grc' dir='ltr'><strong>μοι</strong></span> <span class='ocrx_word' id='word_1_872' title='bbox 974 5496 1149 5551; x_wconf 88' lang='grc' dir='ltr'>πάντα</span> <span class='ocrx_word' id='word_1_873' title='bbox 1160 5497 1256 5550; x_wconf 82' lang='grc' dir='ltr'>ὅσα</span> <span class='ocrx_word' id='word_1_874' title='bbox 1268 5497 1519 5568; x_wconf 74' lang='grc' dir='ltr'>ἐποίησα.</span> <span class='ocrx_word' id='word_1_875' title='bbox 1554 5499 1638 5563; x_wconf 83' lang='grc' dir='ltr'>Ὠς</span> <span class='ocrx_word' id='word_1_876' title='bbox 1656 5495 1749 5554; x_wconf 81' lang='grc' dir='ltr'><strong>οὖν</strong></span> 
     </span>
    </p>
   </div>
   <div class='ocr_carea' id='block_1_110' title="bbox 254 5627 833 5701">
    <p class='ocr_par' dir='ltr' id='par_1_110' title="bbox 254 5627 833 5701">
     <span class='ocr_line' id='line_1_110' title="bbox 254 5627 833 5701; baseline -0.005 -17"><span class='ocrx_word' id='word_1_877' title='bbox 254 5628 299 5660; x_wconf 70' lang='grc'><strong>³⁸</strong></span> <span class='ocrx_word' id='word_1_878' title='bbox 359 5630 588 5701; x_wconf 81' lang='lat' dir='ltr'><strong>Philipp.</strong></span> <span class='ocrx_word' id='word_1_879' title='bbox 626 5645 705 5696; x_wconf 87' lang='lat' dir='ltr'><strong>Ill,</strong></span> <span class='ocrx_word' id='word_1_880' title='bbox 742 5627 833 5682; x_wconf 75' lang='grc'>20.</span> 
     </span>
    </p>
   </div>
   <div class='ocr_carea' id='block_1_111' title="bbox 1930 5295 3418 5366">
    <p class='ocr_par' dir='ltr' id='par_1_111' title="bbox 1930 5295 3418 5366">
     <span class='ocr_line' id='line_1_111' title="bbox 1930 5295 3418 5366; baseline -0.012 0"><span class='ocrx_word' id='word_1_881' title='bbox 1930 5311 2092 5366; x_wconf 72' lang='lat' dir='ltr'><strong>Vsus.</strong></span> <span class='ocrx_word' id='word_1_882' title='bbox 2123 5306 2313 5364; x_wconf 69' lang='lat'><strong>39-42.</strong></span> <span class='ocrx_word' id='word_1_883' title='bbox 2347 5324 2364 5357; x_wconf 82' lang='grc' dir='ltr'><strong>ι</strong></span> <span class='ocrx_word' id='word_1_884' title='bbox 2397 5304 2471 5359; x_wconf 82' lang='lat' dir='ltr'><strong>Ex</strong></span> <span class='ocrx_word' id='word_1_885' title='bbox 2502 5303 2715 5359; x_wconf 86' lang='lat' dir='ltr'><strong>civitate</strong></span> <span class='ocrx_word' id='word_1_886' title='bbox 2737 5311 2915 5355; x_wconf 89' lang='lat' dir='ltr'><strong>autem</strong></span> <span class='ocrx_word' id='word_1_887' title='bbox 2940 5298 3029 5354; x_wconf 85' lang='lat' dir='ltr'><strong>illa</strong></span> <span class='ocrx_word' id='word_1_888' title='bbox 3053 5297 3203 5351; x_wconf 90' lang='lat' dir='ltr'><strong>multi</strong></span> <span class='ocrx_word' id='word_1_889' title='bbox 3233 5295 3418 5351; x_wconf 86' lang='lat' dir='ltr'><strong>Sama-</strong></span> 
     </span>
    </p>
   </div>
   <div class='ocr_carea' id='block_1_112' title="bbox 1856 5384 3417 5461">
    <p class='ocr_par' dir='ltr' id='par_1_112' title="bbox 1856 5384 3417 5461">
     <span class='ocr_line' id='line_1_112' title="bbox 1856 5384 3417 5461; baseline -0.015 0"><span class='ocrx_word' id='word_1_890' title='bbox 1856 5384 2152 5461; x_wconf 76' lang='lat' dir='ltr'><strong>ritanorum</strong></span> <span class='ocrx_word' id='word_1_891' title='bbox 2202 5398 2549 5453; x_wconf 88' lang='lat' dir='ltr'><strong>crediderunt</strong></span> <span class='ocrx_word' id='word_1_892' title='bbox 2592 5394 2645 5448; x_wconf 91' lang='lat' dir='ltr'><strong>iu</strong></span> <span class='ocrx_word' id='word_1_893' title='bbox 2692 5407 2815 5447; x_wconf 91' lang='lat' dir='ltr'><strong>eum</strong></span> <span class='ocrx_word' id='word_1_894' title='bbox 2857 5400 3076 5461; x_wconf 89' lang='lat' dir='ltr'><strong>propter</strong></span> <span class='ocrx_word' id='word_1_895' title='bbox 3115 5403 3417 5444; x_wconf 82' lang='lat' dir='ltr'><strong>sermonem</strong></span> 
     </span>
    </p>
   </div>
   <div class='ocr_carea' id='block_1_113' title="bbox 1860 5482 3420 5559">
    <p class='ocr_par' dir='ltr' id='par_1_113' title="bbox 1860 5482 3420 5559">
     <span class='ocr_line' id='line_1_113' title="bbox 1860 5482 3420 5559; baseline -0.013 -6"><span class='ocrx_word' id='word_1_896' title='bbox 1860 5496 2101 5553; x_wconf 78' lang='lat' dir='ltr'><strong>nulieris</strong></span> <span class='ocrx_word' id='word_1_897' title='bbox 2126 5489 2469 5548; x_wconf 85' lang='lat' dir='ltr'><strong>lcstilicantis</strong></span> <span class='ocrx_word' id='word_1_898' title='bbox 2499 5484 2901 5559; x_wconf 75' lang='lat' dir='ltr'><strong>quoddixisset</strong></span> <span class='ocrx_word' id='word_1_899' title='bbox 2929 5482 3031 5542; x_wconf 89' lang='lat' dir='ltr'><strong>sibi</strong></span> <span class='ocrx_word' id='word_1_900' title='bbox 3058 5482 3238 5540; x_wconf 90' lang='lat' dir='ltr'><strong>omnia</strong></span> <span class='ocrx_word' id='word_1_901' title='bbox 3272 5494 3420 5550; x_wconf 74' lang='lat' dir='ltr'><strong>qua:-</strong></span> 
     </span>
    </p>
   </div>
   <div class='ocr_carea' id='block_1_114' title="bbox 254 5744 1887 5815">
    <p class='ocr_par' dir='ltr' id='par_1_114' title="bbox 254 5744 1887 5815">
     <span class='ocr_line' id='line_1_114' title="bbox 254 5744 1887 5815; baseline -0.004 -14"><span class='ocrx_word' id='word_1_902' title='bbox 254 5747 326 5815; x_wconf 87' lang='lat' dir='ltr'><strong>(a)</strong></span> <span class='ocrx_word' id='word_1_903' title='bbox 362 5747 501 5805; x_wconf 81' lang='lat' dir='ltr'><strong>Edit.</strong></span> <span class='ocrx_word' id='word_1_904' title='bbox 539 5747 661 5802; x_wconf 68' lang='grc' dir='ltr'>ιω.</span> <span class='ocrx_word' id='word_1_905' title='bbox 724 5761 828 5801; x_wconf 92' lang='lat' dir='ltr'><strong>non</strong></span> <span class='ocrx_word' id='word_1_906' title='bbox 885 5746 1066 5803; x_wconf 76' lang='lat' dir='ltr'><strong>habet.</strong></span> <span class='ocrx_word' id='word_1_907' title='bbox 1132 5745 1218 5798; x_wconf 72' lang='lat' dir='ltr'><strong>sed</strong></span> <span class='ocrx_word' id='word_1_908' title='bbox 1288 5744 1554 5798; x_wconf 56' lang='lat' dir='ltr'><strong>nol’isrum</strong></span> <span class='ocrx_word' id='word_1_909' title='bbox 1622 5744 1887 5795; x_wconf 73' lang='lat' dir='ltr'><strong>lu&#39;tantur.</strong></span> 
     </span>
    </p>
   </div>
  </div>
