3960 6454
418 344 439 356 “
506 354 645 424 12:1

1363 344 1949 411 THEOPHYLACTI
1991 339 2410 404 ΒυιϐᾹΒΙίΕ
2448 335 2806 399 ARCHIEP.

3624 325 3755 391 1252

493 490 708 546 cunque
725 472 963 530 fecisset.
996 468 1133 525 Cum
1164 465 1438 524 venissent
1457 480 1587 536 ergo
1612 464 1678 518 ad
1704 463 1850 518 illum
1877 462 2069 518 Sama-

2195 457 2333 532 ςλθον
2367 457 2501 527 πρὸς
2533 454 2694 509 αὐτὸν
2720 454 2767 505 οἱ
2798 450 3163 520 Σαμαρεῖται,
3189 445 3418 519 ἠρώτων
3442 443 3610 497 αὐτὸν
3641 448 3732 515 μεί

492 568 677 627 ritani,
710 562 872 639 56E.
902 566 1229 631 rogaverunt
1256 572 1379 613 eum
1414 566 1472 609 ut
1509 555 1648 624 apud
1680 569 1742 610 se
1772 560 2018 608 maneret
2054 568 2068 605 :

494 666 550 710 et
585 655 783 709 mansit
814 652 886 706 ibi
905 652 1039 706 duos
1061 649 1198 711 dies,
1228 661 1292 701 ac
1317 646 1489 701 multo
1514 645 1694 714 plures
1723 642 2074 699 crediderunt

497 758 717 817 propter
745 757 1053 799 sermonem
1072 740 1331 812 ipsius,et
1357 738 1570 793 mulieri
1617 736 1871 792 dicebant
1908 752 1922 789 :
1954 731 2073 790 Jam

496 852 606 893 non
646 842 867 906 propter
915 843 1063 888 tuam
1097 832 1399 905 orationem
1447 828 1755 885 credimus:
1791 826 1889 896 ipsi
1931 824 2073 879 enim

500 930 841 991 audivimus,
875 935 931 982 et
960 926 1166 981 scimus
1212 924 1357 993 quod
1391 923 1479 977 hic
1522 931 1605 976 est
1648 935 1776 977 vere
1828 918 2079 975 Salvator

498 1024 682 1077 mundi
709 1020 980 1077 Christus.
1014 1037 1033 1072 ι
1064 1016 1291 1087 Pr0pter
1310 1028 1617 1071 sermonem
1646 1011 1889 1067 mulieris
1914 1009 2069 1065 multi

500 1113 825 1169 Samaritani
860 1113 1124 1176 credunt,
1157 1118 1343 1179 utpote
1370 1107 1664 1177 prudenter
1697 1103 1838 1173 apud
1881 1117 1940 1158 se
1996 1101 2080 1163 iu—

500 1207 745 1263 dicantes
774 1205 918 1274 quod
949 1204 1116 1259 vitam
1152 1215 1304 1257 suam
1339 1200 1539 1254 mulier
1571 1213 1679 1256 non
1707 1197 1982 1265 vulgasset
2012 1193 2076 1248 ad

501 1297 604 1352 hoc
636 1305 694 1350 ut
723 1293 1126 1365 gratiﬁcaretur
1160 1290 1339 1356 alteri,
1379 1290 1481 1344 nisi
1511 1303 1636 1343 vere
1676 1300 1903 1357 magnus
1958 1284 2079 1353 quis

499 1398 646 1443 esset
687 1396 744 1442 et
790 1399 955 1455 super
1004 1385 1205 1438 multos
1271 1381 1362 1451 qui
1396 1383 1462 1435 ab
1514 1380 1602 1433 illa
1659 1375 2076 1448 prmdieahatur.

500 1479 626 1535 Ideo
662 1487 716 1532 et
756 1477 913 1531 [idem
958 1474 1214 1545 operibus
1257 1480 1788 1537 commonstrantes,
1824 1469 2079 1523 obsecra-

502 1571 631 1624 hant
661 1569 809 1622 illum
839 1575 898 1621 ιιι
923 1576 1184 1638 perpetuo
1207 1566 1348 1637 apud
1380 1567 1526 1634 ipsos
1555 1570 1720 1619 esset.
1755 1580 1774 1614 ι
1803 1561 2026 1615 Manere
2054 1577 2073 1614 ι

503 1659 646 1718 enim
695 1659 796 1712 hoc
840 1657 1133 1728 signiﬁcat,
1182 1666 1502 1725 perpetuum
1559 1651 1892 1706 domicilium
1941 1652 2081 1720 apud

505 1751 627 1805 illos
649 1749 869 1808 habere.
904 1747 1099 1803 Verum
1126 1746 1214 1801 ille
1239 1746 1291 1799 iu
1327 1745 1427 1800 hoe
1454 1759 1559 1800 non
1590 1745 1951 1811 obtemperat,
1987 1743 2080 1796 sed

507 1849 572 1899 ad
598 1845 731 1898 duos
761 1852 971 1897 tantum
994 1840 1112 1895 dies
1138 1850 1316 1894 manet
1345 1855 1358 1892 :
1390 1838 1535 1893 unde
1570 1854 1590 1888 ι
1627 1845 1682 1889 et
1709 1834 1877 1889 multo
1900 1834 2081 1904 plures

506 1936 852 1990 crediderunt
873 1941 1095 2004 propter
1113 1930 1413 1985 doctrinam
1436 1927 1573 1996 ejus.
1609 1946 1628 1979 ι
1657 1926 1897 1987 Tametsi
1920 1941 2082 1982 evan-

506 2027 698 2101 gelista
730 2040 838 2082 non
867 2031 1086 2080 enarret
1122 2020 1490 2094 particulatim
1520 2019 1792 2074 mirabilia
1824 2019 2085 2074 doctrinm

505 2118 621 2186 ejus
651 2118 837 2182 verba,
862 2124 1059 2172 eventu
1086 2123 1264 2168 tamen
1289 2112 1466 2175 docet,
1500 2119 1557 2164 ut
1585 2110 1949 2180 intelligamus
1977 2109 2086 2163 vir-

508 2220 674 2265 tatem
700 2209 896 2263 divinae
934 2207 1078 2261 illius
1107 2204 1388 2259 doctrinze.
1420 2200 1557 2257 Nam
1595 2212 1650 2258 et
1692 2202 1858 2257 multa
1898 2202 2002 2256 alia
2031 2210 2087 2258 et

510 2315 706 2372 magna
736 2309 1019 2356 transeunt
1040 2296 1404 2369 evangelistae,
1428 2310 1494 2351 eo
1515 2295 1657 2364 quod
1677 2309 1784 2352 non
1808 2296 1875 2349 ad
1903 2304 2089 2349 osten-

510 2394 790 2455 tationem,
824 2389 923 2445 setl
956 2390 1022 2444 ad
1056 2388 1340 2444 veritatem
1387 2384 1766 2442 declarandam
1817 2385 2086 2451 scribunt,

508 2485 693 2555 Itaque
718 2501 840 2540 cum
868 2482 1130 2538 Dominus
1160 2494 1305 2538 esset
1332 2482 1472 2553 apud
1507 2480 1917 2548 Samaritanos,
1946 2482 2089 2536 veri-

509 2577 688 2633 simile
729 2584 812 2630 est
852 2589 974 2629 eum
1018 2574 1288 2629 diviniora
1334 2571 1580 2643 quaedam
1629 2569 1912 2636 docuisse;
1950 2571 2090 2628 unde

509 2670 658 2726 nullo
704 2669 822 2723 viso
853 2668 1008 2739 signo
1041 2668 1307 2731 credunt,
1348 2673 1402 2721 et
1440 2666 1730 2722 obsecrant
1759 2672 1817 2718 ut
1851 2671 2087 2718 maneat.

508 2759 679 2819 Judaei
716 2769 894 2814 autem
928 2759 1175 2828 quamvis
1203 2757 1449 2828 pluribus
1478 2756 1821 2812 sermonibus
1847 2763 1899 2809 et
1924 2754 2092 2825 signis

514 2852 847 2917 fruerentur,
886 2852 1061 2905 adlmc
1117 2850 1603 2922 persequebantur,
1651 2847 1895 2920 profecto
1936 2865 1955 2899 r
1999 2848 2097 2902 iui-

515 2946 639 2999 inici
683 2944 950 3007 hominis,
987 2942 1269 2998 domestici
1302 2942 1419 3012 ejus
1448 2942 1516 2997 “.
1550 2960 1569 2993 ι
1621 2940 1756 2996 Vide
1802 2940 1930 2995 item
1961 2953 2096 3010 quo—

517 3035 675 3091 modo
710 3034 859 3090 brevi
911 3032 1201 3089 multitudo
1244 3033 1517 3103 praecellat
1562 3046 1681 3088 eam
1730 3047 1760 3087 a
1790 3047 1895 3103 qua
1935 3031 2093 3087 docta

2174 569 2263 607 ναι
2295 550 2427 620 παρ’
2457 548 2677 610 αὐτοῖς·
2711 542 2808 597 καλ
2839 542 3056 613 ἔμεινεν
3088 540 3209 592 ἐκεῖ
3251 538 3349 591 δύο
3389 534 3631 608 ἡμέρας,
3670 536 3760 587 καὶ

2176 640 2355 711 πολλῷ
2383 638 2602 701 πλείους
2624 636 2957 689 ἐπίστευσαν
2977 632 3066 685 διὰ
3091 636 3183 685 τὸν
3208 630 3367 698 λόγον
3394 626 3597 683 αὑτοῦ*
3616 628 3681 696 τῇ
3704 643 3761 679 τε

2176 733 2397 804 γυναικὶ
2428 730 2614 797 ἔλεγον
2637 770 2652 795 ,
2681 727 2764 782 ὅτι
2817 725 2931 780 Ούκ
2964 724 3046 779 ἔτι
3076 724 3164 777 διὰ
3189 722 3288 793 τὴν
3319 721 3419 792 σὴν
3450 720 3648 772 λαλιὰν
3675 736 3763 770 πι-

2178 825 2461 894 στεύομεν*
2507 820 2663 878 αὐτοὶ
2717 818 2827 889 γὰρ
2875 816 3214 886 ἀκηκόαμεν,
3266 814 3362 867 καὶ
3396 813 3650 882 οἰδαμεν,
3683 811 3761 864 δτι

2177 912 2333 981 οὗτός
2359 918 2508 969 ἐστιν
2534 911 2793 983 ἀληθῶςό
2819 907 3014 980 Σωτὴρ
3035 906 3129 961 τοῦ
3154 905 3360 975 κόσμου
3383 907 3409 958 6
3440 904 3707 975 Χριστός.
3743 921 3761 954 ι

2179 1009 2277 1064 Διὰ
2314 1006 2407 1061 τὸν
2446 1006 2603 1074 λόγον
2654 1002 2755 1072 τῆς
2791 1000 3051 1071 γυναικὸς
3088 996 3436 1055 πιστεύουσιν
3477 995 3530 1047 oi
3577 993 3765 1063 Σαμα-

2184 1106 2362 1174 ρεῖται
2384 1141 2400 1169 ,
2435 1099 2510 1162 ὡς
2542 1096 2753 1151 συνετοὶ
2783 1094 2914 1165 παρ’
2943 1092 3157 1154 ἑαυτοῖς
3201 1088 3528 1160 κρίναντες,
3561 1084 3642 1147 ὡς
3669 1084 3767 1136 οὐκ

2186 1195 2255 1250 ἂν
2282 1193 2374 1247 τὸν
2404 1191 2604 1245 οἰκεῖον
2641 1186 2753 1259 βίον
2784 1187 2819 1257 ἡ
2867 1184 3006 1255 γυνὴ
3046 1182 3459 1250 ἔξεπόμπευσεν
3490 1177 3637 1247 ὑπὲρ
3676 1175 3765 1228 τοῦ

2182 1283 2519 1357 χαρίσασθαι
2554 1280 2764 1351 ἑτέρῳ,
2800 1278 2849 1331 εί
2884 1278 2959 1347 μὴ
2993 1274 3209 1346 ἀληθῶς
3246 1272 3423 1343 μέγας
3453 1288 3541 1332 τις
3577 1265 3649 1340 ἦν
3675 1268 3764 1322 καὶ

2183 1377 2324 1447 ὑπὲρ
2352 1373 2477 1437 τοὺς
2503 1371 2730 1433 πολλοὺς
2755 1369 2782 1423 6
2807 1367 2900 1420 ὑπ’
2922 1366 3092 1434 αὐτῆς
3117 1364 3545 1435 κηρυττόμενος·
3570 1358 3655 1412 διὸ
3673 1358 3764 1410 καὶ

2182 1468 2282 1539 τὴν
2309 1466 2494 1520 πίστιν
2516 1465 2625 1525 τοῖς
2659 1463 2839 1531 ἔργοις
2872 1456 3199 1520 δεικνύντες,
3232 1452 3583 1523 παρεκάλουν
3607 1450 3763 1502 αὐτὸν

2182 1556 2248 1610 δι’
2268 1556 2391 1610 ὅλου
2417 1553 2547 1623 παρ’
2571 1552 2786 1612 ἑαυτοῖς
2810 1543 2970 1602 εἶναι·
3002 1545 3061 1599 τὸ
3087 1546 3214 1616 γὰρ,
3246 1562 3266 1596 ι
3304 1544 3512 1612 μεῖναι,
3547 1559 3570 1592 ι
3615 1539 3765 1591 τοῦτο

2186 1650 2440 1722 σημαίνει
2473 1646 2533 1699 τὸ
2594 1643 2921 1712 κατοικῆσαι
2956 1638 3177 1701 τελείως
3214 1634 3342 1708 παρ’
3368 1636 3581 1696 αὐτοῖς.
3631 1632 3690 1685 '0
3712 1632 3767 1684 δὲ

2185 1741 2343 1796 τοῦτο
2372 1739 2473 1811 μὲν
2497 1738 2559 1793 ού
2595 1736 2883 1801 πείθεται,
2912 1732 3006 1787 δύο
3032 1730 3089 1784 δὲ
3134 1730 3301 1802 μόνας
3337 1727 3555 1797 ἡμέρας
3597 1724 3762 1794 μένει·

2185 1834 2308 1887 ὅθεν
2360 1829 2458 1884 καὶ
2496 1827 2676 1893 πολλῷ
2709 1826 2931 1888 πλείους
2967 1821 3147 1877 αὐτῶν
3182 1820 3517 1874 ἐπίστευσαν
3555 1815 3645 1868 διὰ
3670 1814 3765 1883 τὴν

2184 1919 2534 1976 διδασκαλίαν
2564 1915 2752 1972 αὐτοῦ.
2778 1915 2887 1968 Καὶ
2912 1913 3021 1983 γὰρ
3041 1913 3069 1966 6
3091 1906 3493 1979 εὐαγγελιστὴς
3518 1905 3621 1958 ούκ
3644 1903 3766 1971 ἑξη-

2156 2016 2366 2083 ηγεῖται
2420 2011 2489 2065 τὰ
2548 2009 2691 2066 κατὰ
2746 2007 2911 2079 μέρος
2962 2002 3251 2073 Θαυμαστὰ
3282 2000 3384 2069 τῆς
3418 1994 3764 2058 διδασκαλίας

2187 2096 2355 2160 αὑτοῦ
2402 2104 2665 2176 ῥήματα,
2701 2098 2816 2152 ἀλλ’
2850 2097 2982 2169 ἡμῖν
3029 2111 3094 2162 γε
3137 2092 3324 2145 δίδωσι
3374 2091 3518 2144 νοεῖν
3567 2090 3634 2140 ἐκ
3675 2084 3765 2137 τοῦ

2186 2197 2377 2260 τέλους
2406 2196 2513 2247 τῶν
2547 2191 2891 2264 πραγμάτων
2917 2188 3015 2258 τὴν
3036 2185 3268 2254 δύναμιν
3298 2181 3398 2251 τῆς
3430 2181 3581 2242 θείας
3606 2178 3766 2232 αὐτοῦ

2188 2287 2559 2349 διδασκαλίας.
2593 2282 2773 2341 Πολλὰ
2800 2281 2909 2352 γάρ
2940 2297 3021 2332 τοι
3044 2277 3142 2333 καὶ
3169 2276 3279 2329 τῶν
3303 2273 3562 2345 μεγάλων
3594 2286 3767 2339 παρα-

2190 2382 2479 2456 τρέχουσιν
2513 2379 2561 2431 οί
2588 2372 2994 2445 εὐαγγελισταὶ,
3018 2372 3100 2425 ὃτι
3132 2368 3207 2441 μὴ
3234 2367 3371 2438 πρὸς
3394 2362 3655 2428 ἐπίδειξιν
3676 2362 3767 2413 καὶ

2192 2452 2504 2542 φιλοτιμίαν
2520 2466 2843 2538 γράφουσιν,
2867 2461 3002 2516 ἀλλὰ
3028 2460 3166 2530 πρὸς
3185 2458 3471 2528 ἀλήθειαν.
3495 2455 3605 2508 Καὶ
3623 2452 3767 2522 παρὰ

2188 2564 2305 2625 τοῖς
2351 2558 2726 2630 Σαμαρείταις
2771 2552 2864 2607 οὖν
2907 2554 3203 2620 γενόμενον
3238 2548 3333 2601 τὸν
3380 2545 3588 2616 Κύριον
3626 2543 3766 2602 εἰκὸς

2193 2654 2445 2721 θειότερα
2467 2666 2589 2705 τινα
2629 2648 2858 2714 διδάξαυ
2894 2645 3015 2699 ὅθεν
3044 2641 3165 2695 οὐδὲ
3202 2639 3429 2710 σημεῖον
3457 2635 3615 2688 οὐδὲν
3638 2632 3765 2685 i669-

2194 2762 2306 2819 τες,
2354 2740 2672 2796 πιστεύουσι
2720 2739 2814 2792 καὶ
2842 2731 3225 2807 παρακαλοῦσι
3274 2730 3484 2800 μένειν.
3530 2725 3769 2787 Ἰουδαῖοι

2195 2817 2370 2894 δὲ’καὶ
2393 2834 2570 2903 λόγων
2595 2832 2806 2903 μυρίων
2834 2831 2932 2883 καὶ
2964 2825 3204 2898 σημείων
3233 2817 3769 2878 καταπολαύσαντκ,

2197 2928 2277 2982 ἔτι
2314 2914 2557 2988 ἐδίωκον,
2589 2922 2761 2984 δντως
2792 2938 2811 2972 ι
2850 2919 3033 2989 ἐχθροὶ
3060 2916 3156 2969 τοῦ
3182 2912 3475 2984 ἀνθρώπου
3503 2912 3554 2964 οἱ
3574 2912 3772 2962 οἰκεια-

2199 3019 2284 3071 κοὶ
2307 3015 2492 3073 αὐτοῦ.
2538 3032 2558 3065 ι
2595 3013 2737 3082 Ὅρα
2765 3010 2821 3063 δέ
2849 3026 2939 3081 μοι
2971 3007 3140 3061 πόσον
3168 3004 3342 3076 βραχῦ
3362 3003 3423 3056 τὸ
3453 3000 3662 3070 πλῆθος
3681 2999 3773 3069 τὴν

515 3129 696 3185 fuerat
717 3145 730 3181 :
755 3143 859 3181 non
891 3128 1032 3182 enim
1059 3092 1381 3195 prophetam
1403 3132 1620 3191 vocant,
1648 3092 1823 3193 neque
1851 3123 2092 3178 Salvato-

2199 3110 2487 3176 διδάξασαν
2519 3104 2719 3167 αῶτοὺς
2751 3099 3211 3171 ύπερηκόντισαν.
3246 3098 3321 3150 Ού
3353 3094 3462 3165 γὰρ
3492 3092 3774 3164 προφήτην

514 3237 630 3278 rent
664 3220 864 3285 Israel,
896 3219 992 3276 sed
1021 3218 1205 3274 mundi
1241 3236 1256 3275 :
1293 3229 1350 3273 et
1388 3233 1510 3273 cum
1534 3217 1792 3283 articulo,
1822 3235 1841 3270 ι
1875 3215 1977 3271 llic
2013 3224 2092 3271 est

2199 3202 2363 3259 circini
2390 3199 2663 3267 λέγουσιν,
2696 3193 2817 3248 οὐδὲ
2850 3191 3080 3262 Σωτῆρα
3105 3189 3199 3242 τοῦ
3248 3186 3488 3257 Ἰσραὴλ,
3518 3185 3659 3238 ἀλλὰ
3684 3181 3773 3235 τοῦ

518 3317 767 3371 Salvator
791 3356 808 3382 ,
839 3332 859 3367 ι
906 3314 995 3370 ille
1026 3312 1247 3384 proprie
1284 3321 1336 3368 et
1358 3326 1487 3367 vere
1534 3310 1844 3369 salvaturus
1885 3324 2095 3366 omnes.

519 3406 799 3464 Venerunt
843 3406 986 3461 enim
1041 3403 1196 3459 tnulti
1233 3413 1291 3458 ut
1316 3404 1612 3470 salvarent,
1645 3413 1701 3460 et
1725 3403 1831 3467 lex,
1883 3412 1938 3458 et
1978 3416 2102 3473 pro-

519 3501 697 3570 pheta:
717 3508 771 3553 et
795 3498 1005 3570 angeli;
1042 3496 1137 3552 sed
1173 3495 1262 3551 hic
1288 3502 1372 3551 est
1400 3494 1494 3551 ille
1528 3509 1691 3552 verus
1722 3494 1991 3551 Salvator.

596 3669 759 3725 Vens.
802 3666 994 3724 45-45.
1038 3684 1059 3721 ι
1098 3667 1226 3723 Post
1255 3666 1392 3723 duos
1422 3677 1606 3725 autem
1639 3667 1756 3725 dies
1788 3668 1919 3726 exiit
1950 3669 2097 3736 inde,

519 3772 578 3819 et
605 3760 740 3816 abiit
788 3762 841 3814 in
871 3758 1170 3815 Galilaeam.
1206 3757 1324 3837 ipse
1367 3760 1513 3814 enim
1563 3757 1722 3814 Jesus
1755 3768 1982 3816 testatus
2018 3768 2104 3816 est

521 3851 663 3922 quod
703 3851 963 3922 propheta
1000 3850 1056 3906 in
1082 3864 1178 3905 sua
1210 3852 1384 3921 patria
1420 3852 1676 3907 honorem
1703 3868 1811 3908 non
1855 3852 2098 3910 haberet.

522 3944 657 4001 Cum
705 3958 834 4015 ergo
876 3943 1118 3999 venisset
1162 3943 1217 3997 in
1253 3941 1562 4011 Galilaeam,
1612 3953 1944 4015 exceperunt
1978 3958 2101 3999 eum

525 4035 761 4101 Galiltei,
780 4052 900 4090 cum
922 4034 1107 4091 omnia
1131 4034 1395 4093 vidissent
1421 4050 1539 4106 qua:
1566 4032 1773 4093 fecerat
1789 4036 2105 4107 Hierosoly-

526 4131 628 4185 mis
671 4130 721 4183 in
764 4129 850 4184 die
877 4128 1055 4194 festo;
1095 4144 1222 4184 nam
1250 4137 1305 4184 et
1331 4128 1430 4197 ipsi
1465 4137 1728 4183 venerant
1752 4128 1821 4185 ad
1855 4131 1996 4185 diem
2024 4128 2104 4185 l'e-

524 4229 689 4275 stum.
728 4236 746 4270 ι
779 4218 913 4274 Cum
946 4218 1157 4275 exisset
1184 4231 1213 4271 a
1250 4217 1496 4273 Samaria
1525 4214 1789 4273 Dominus
1814 4256 1831 4283 ,
1872 4216 1926 4272 in
1952 4216 2104 4275 Gali-

526 4312 680 4367 laeam
704 4311 1023 4381 digreditur.
1052 4311 1255 4367 Deinde
1278 4324 1345 4364 ne
1372 4311 1496 4380 quis
1543 4310 1790 4381 inquirat
1813 4319 1870 4365 et
1901 4311 2108 4366 dubitet

527 4418 697 4472 quare
721 4418 826 4456 non
852 4417 1069 4471 semper
1093 4411 1308 4457 maneat
1336 4402 1391 4456 in
1413 4401 1656 4469 Galilaa,
1689 4401 1784 4458 sed
1820 4415 1917 4473 per
1941 4402 2109 4457 inter-

2199 3297 2428 3368 κόσμου,
2461 3293 2555 3347 καὶ
2589 3289 2729 3362 μετὰ
2761 3285 2857 3342 τοῦ
2893 3285 3119 3358 ἄρθρου,
3172 3302 3191 3335 ι
3225 3275 3397 3344 Οὗτός
3431 3279 3648 3368 ἐστινὸ
3673 3277 3775 3330 2».-

2198 3367 2323 3462 τηρ,
2359 3406 2378 3440 ι
2416 3388 2445 3440 6
2471 3384 2677 3455 κυρίως
2707 3382 2801 3443 καὶ
2840 3379 2917 3450 τῷ
2945 3379 3058 3433 δντι
3091 3376 3271 3439 σώσας
3305 3375 3545 3436 πάντας.
3577 3367 3776 3424 Ἦλθον

2326 3478 2437 3551 γὰρ
2468 3477 2653 3532 πολλοὶ
2682 3476 2875 3541 σῶσαι,
2906 3472 3000 3526 καὶ
3022 3470 3207 3541 νόμος,
3236 3468 3329 3523 καὶ
3358 3465 3667 3537 προφῆται,
3690 3460 3779 3514 καὶ

2201 3573 2444 3644 ἄγγελοι,
2469 3570 2584 3625 ἀλλ’
2614 3562 2770 3629 οὗτός
2798 3569 2948 3644 ἐστιν
2976 3567 3005 3619 6
3032 3561 3288 3633 ἀληθινὸς
3323 3559 3542 3629 Σωτήρ.

2281 3636 2299 3717 ἑ
2333 3636 2489 3720 Μετὰ
2535 3661 2593 3715 δὲ
2638 3661 2739 3724 τὰς
2781 3636 2875 3712 δύό
2901 3657 3120 3730 ἡμέρας
3149 3652 3375 3723 ἐξῆλθεν
3403 3650 3621 3703 ἐκεῖθεν
3640 3687 3656 3712 ,
3687 3646 3778 3701 καὶ

2202 3758 2446 3829 ἀπῆλθεν
2501 3756 2582 3819 είς
2632 3753 2731 3825 τὴν
2761 3749 3087 3807 Γαλιλαίαν·
3140 3746 3303 3806 αὐτὸς
3350 3745 3525 3817 γὰρδ
3580 3739 3778 3812 Ἰησοῦς

2204 3848 2592 3922 ἐμαρτύρησεν
2612 3885 2630 3914 ,
2669 3846 2751 3899 δτι
2785 3842 3072 3915 προφήτης
3102 3841 3160 3894 ὲν
3198 3841 3268 3910 τῇ
3308 3838 3416 3909 ἰδίᾳ
3450 3836 3672 3906 πατρίδι
3704 3850 3781 3887 τιν

2208 3941 2315 4014 μὴν
2356 3941 2459 3995 οὐκ
2503 3938 2637 4009 ἔχει.
2671 3936 2803 3989 Ὅτε
2848 3931 2943 3989 οὖν
2989 3929 3154 4005 ἦλθεν
3190 3932 3273 3995 είς
3316 3930 3419 4001 τὴν
3472 3926 3777 3985 Γαλιλαίαν.

2204 4032 2455 4099 ὲδέξαντο
2500 4028 2661 4082 αὐτὸν
2697 4027 2748 4080 οἱ
2779 4024 3090 4088 Γαλιλαῖοι,
3125 4022 3303 4078 πάντα
3352 4017 3662 4090 ἑωρακότες
3686 4017 3781 4069 ὅσα

2204 4123 2463 4195 εποίησεν
2481 4123 2540 4174 ἐν
2571 4117 2970 4194 Ἰεροσολύμοις
2995 4118 3054 4169 ὲν
3078 4118 3144 4186 τῇ
3170 4115 3353 4183 ἑορτῇο
3377 4112 3472 4165 καὶ
3498 4109 3658 4164 αὐτοὶ
3678 4107 3781 4177 γὰρ

2203 4210 2370 4287 ἦλθον
2396 4215 2475 4276 είς
2502 4212 2601 4284 τὴν
2644 4210 2859 4281 ἑορτήν.
2906 4226 2925 4261 ι
2968 4206 3231 4271 Ἐξελθὼν
3269 4204 3380 4258 ἀπὸ
3418 4200 3730 4273 Σαμαρείας
3753 4201 3781 4251 6

2208 4307 2440 4378 Κύριος,
2469 4306 2549 4369 είς
2575 4304 2675 4376 τὴν
2712 4301 3004 4361 Γαλιλαίαν
3034 4300 3358 4371 ἀπέρχεται.
3395 4296 3556 4363 Εἶτα,
3591 4297 3677 4348 ἱνα
3709 4294 3780 4367 μὴ

2207 4397 2441 4471 ἐξετάζῃ
2476 4413 2594 4463 τις,
2635 4394 2733 4450 καὶ
2761 4394 2994 4465 διαπορῇ
3020 4433 3035 4456 ,
3072 4393 3218 4456 τίνος
3259 4392 3451 4445 ¹ἑνεκεν
3481 4390 3585 4443 οὐκ
3627 4391 3684 4442 ὲν
3720 4387 3782 4459 τῇ

526 4495 666 4549 valla
698 4494 1076 4564 peregrinetur
1103 4493 1248 4563 apttd
1277 4508 1396 4560 eos,
1426 4493 1665 4550 maxime
1703 4507 1829 4553 cum
1862 4493 2092 4553 videatut

2211 4489 2470 4562 Γαλιλαίᾳ
2499 4487 2588 4542 ἀεὶ
2617 4483 2708 4554 ἦν,
2737 4487 2853 4540 ἀλλ’
2882 4488 2946 4539 ἐκ
2972 4484 3367 4556 διαλείμματος
3396 4482 3584 4544 αὐτοῖς
3607 4479 3782 4547 Ernst;-

527 4600 648 4640 esse
676 4601 742 4641 ex
766 4585 989 4641 Galilzea
1016 4602 1031 4640 :
1061 4586 1194 4641 dicit
1222 4587 1368 4656 quod
1394 4596 1684 4658 propterea
1712 4601 1816 4642 non
1848 4589 2092 4643 manserit

2211 4584 2322 4654 μεῖ,
2357 4581 2453 4635 καὶ
2478 4580 2650 4634 ταῦτα
2680 4581 2746 4633 ἐκ
2773 4580 2873 4649 τῆς
2893 4576 3188 4638 Γαλιλαίας
3214 4571 3356 4629 εἶναι
3383 4573 3579 4637 δοκῶν,
3604 4577 3783 4643 φησιν,

529 4678 584 4734 in
635 4676 882 4743 Galilasa,
924 4678 1050 4749 quia
1084 4678 1289 4733 nullum
1322 4678 1582 4735 honorem
1620 4678 1696 4735 illi
1725 4679 2087 4743 exhibueranl

2208 4674 2292 4729 ὅτι
2322 4670 2414 4725 διὰ
2438 4669 2597 4728 τοῦτο
2622 4669 2722 4723 οὐκ
2743 4669 2803 4722 ὲν
2825 4672 2892 4739 τῇ
2924 4666 3182 4738 Γαλιλαίᾳ
3206 4665 3507 4736 παρέμενε,
3532 4665 3672 4717 διότι
3700 4662 3782 4713 ούο

535 4789 553 4824 ι
587 4772 707 4841 ipse
731 4773 876 4827 enim
906 4771 1064 4830 Jesus
1084 4780 1315 4829 testatus
1345 4772 1447 4827 fuit
1473 4773 1615 4844 quod
1646 4773 1909 4843 propheta
1939 4774 1992 4829 in
2018 4789 2092 4828 su:

2207 4764 2403 4834 δεμίαν
2436 4761 2599 4834 τιμὴν
2635 4761 2770 4832 πρὸς
2800 4760 2963 4815 αὐτὸν
2989 4758 3381 4811 ὲνεδείκνυντο.
3424 4774 3446 4807 ε
3481 4756 3655 4817 Αὐτὸς
3680 4755 3782 4822 γέρ

530 4864 702 4933 patria
733 4866 785 4920 in
824 4864 1030 4921 honore
1062 4880 1169 4921 non
1211 4865 1304 4921 sit.
1344 4883 1363 4918 ι
1397 4865 1794 4921 Consuevimus
1839 4866 1982 4921 enim
2017 4882 2092 4921 no:

2212 4860 2242 4913 6
2305 4853 2511 4926 Ἰησοῦς
2549 4851 2969 4924 ἐμαρτύρησεν,
3023 4850 3107 4903 ὅτι
3147 4849 3435 4920 προφήτης
3476 4850 3535 4900 ὲν
3582 4850 3648 4916 τῇ
3686 4848 3781 4914 ἰδέα

531 4957 782 5020 homines
806 4967 1159 5014 contemnere
1199 4972 1262 5012 ea
1289 4972 1408 5028 qua:
1435 4957 1587 5013 valde
1616 4955 1903 5012 familiaria
1930 4999 1944 5023 ,
1975 4973 2119 5015 sem-

533 5064 631 5119 per
666 5049 837 5119 magis
876 5050 1222 5107 attendentes
1247 5050 1440 5105 alienis
1468 5059 1521 5104 et
1551 5048 1810 5106 insolitis.
1844 5048 1984 5117 Quid
2013 5050 2115 5120 igi-

535 5141 661 5195 tur?
685 5140 800 5197 Non
824 5141 1074 5197 videmus
1099 5143 1265 5197 etiam
1289 5141 1487 5197 multos
1513 5142 1653 5212 apud
1680 5156 1809 5196 suos
1836 5141 1887 5196 in
1913 5141 2117 5197 honore

535 5232 763 5292 haberi?
803 5233 947 5289 Sane
982 5234 1086 5289 hoc
1122 5234 1275 5288 valde
1307 5248 1515 5288 rarum.
1544 5232 1600 5288 Si
1650 5242 1830 5288 autem
1870 5232 2115 5288 nonnulli

538 5324 885 5379 inveniuntur
928 5325 1021 5395 qui
1055 5326 1109 5380 in
1142 5325 1316 5394 patria
1347 5340 1442 5379 sua
1484 5323 1536 5379 in
1571 5322 1733 5395 565
1772 5324 1977 5379 honore
2017 5323 2118 5379 ha-

537 5413 755 5478 bentur,
803 5415 973 5469 multo
1013 5415 1185 5487 magis
1229 5415 1281 5470 in
1312 5424 1453 5470 terra
1483 5415 1657 5471 aliena
1688 5431 1702 5468 ς
1739 5414 1811 5468 ita
1839 5424 1895 5468 ut
1936 5414 2111 5469 honor

537 5506 628 5576 qui
658 5507 737 5559 eis
768 5505 820 5558 in
858 5507 1030 5574 patria
1063 5507 1422 5577 impenditur,
1456 5507 1500 5562 si
1533 5504 1850 5561 conferatur
1876 5520 1999 5561 cum
2046 5518 2111 5560 eo

537 5597 633 5671 qui
665 5597 715 5651 in
745 5607 889 5652 terra
920 5597 1117 5665 aliena,
1152 5597 1444 5669 ignominia
1469 5611 1590 5655 esse
1615 5598 1945 5654 inveniatur.
1977 5594 2111 5652 Nam

610 5780 655 5815 "
688 5779 851 5836 Mich.
886 5796 981 5847 vn,
1007 5780 1060 5836 ϐ.

2217 4946 2441 5019 πατρίδι
2470 4946 2666 5016 ἄτιμός
2694 4946 2860 4998 ἐστιν.
2898 4962 2917 4994 ι
2955 4942 3242 5013 Είώθαμεν
3284 4941 3392 5012 γὰρ
3429 4941 3484 4993 οἱ
3512 4940 3783 5008 ἅνθρωποι

2210 5040 2325 5094 τῶν
2362 5039 2420 5091 ιν
2467 5035 2727 5108 συνηθείᾳ
2775 5036 3158 5107 καταφρονεῖν,
3197 5034 3286 5087 ἀεὶ
3332 5035 3449 5095 τοῖς
3489 5032 3662 5099 ξένοις
3701 5032 3784 5085 καὶ

2212 5130 2409 5203 ἁηθίσι
2454 5113 2834 5200 προσέχοντες.
2874 5128 2941 5180 Τί
2979 5123 3112 5193 οὖνς
3155 5127 3266 5196 Οὐχ
3294 5124 3514 5196 ὁρῶμεν
3568 5125 3786 5184 πολλοὺς

2214 5223 2310 5279 καὶ
2331 5223 2484 5294 παρὰ
2512 5223 2628 5286 τοῖς
2649 5222 2871 5284 οἰκείοις
2893 5220 3266 5290 τιμωμένους;
3293 5218 3546 5272 Μάλιστα
3586 5216 3683 5286 μὲν
3702 5211 3786 5269 οὖν

2216 5318 2444 5371 σπάνιον
2478 5316 2540 5369 τὸ
2580 5314 2844 5368 τοιοῦτον·
2875 5314 2924 5367 εί
2945 5313 3002 5367 δέ
3026 5311 3129 5366 πού
3161 5327 3305 5375 τινες
3329 5310 3611 5382 εὑρεθεῖεν
3638 5313 3698 5362 ὲν
3728 5311 3786 5379 τῇ

2216 5408 2437 5480 πατρίδι
2485 5406 2819 5477 τιμώμενοι,
2868 5404 3049 5476 πολλῷ
3089 5405 3292 5476 μᾶλλον
3325 5406 3385 5458 ἐν
3426 5407 3494 5474 τῇ
3538 5404 3787 5473 ἀλλοτρία

2216 5500 2654 5573 τιμηθήσονται,
2694 5500 2835 5554 ὥστε
2863 5499 3261 5571 συγκρινομένη
3292 5498 3326 5568 ἠ
3369 5499 3428 5552 ὲν
3464 5500 3531 5567 τῇ
3580 5495 3787 5566 πατρίδι

2219 5593 2356 5673 τιμὴ
2395 5596 2530 5667 πρὸς
2557 5595 2657 5666 τὴν
2683 5596 2740 5648 ὲν
2769 5596 2834 5666 τῇ
2873 5593 3158 5665 ἀλλοτρίᾳ,
3187 5591 3382 5664 ἀτιμία
3410 5591 3786 5663 εὑρεθήσεται,
