3960 6454
186 378 318 444 12ῧῖ

852 377 1293 439 ENARRA'l‘lO
1329 378 1408 438 ΙΝ
1442 377 1941 465 EVANGELIUM
1988 376 2232 438 JOANN
2242 376 2329 438 IS.
2369 402 2441 414 -
2477 377 2632 439 CAP.
2672 376 2768 439 IV.

3275 372 3416 440 1256

193 500 248 548 ὐ
278 494 385 565 γάρ
411 511 495 547 τοι
528 492 745 563 φθόνος,
775 495 885 557 τοῖς
914 492 1361 564 συμπατριὼταις
1388 493 1450 545 οὐ
1480 492 1751 561 συγχωρεῖ

1855 491 2053 546 invidia
2104 470 2479 561 compatriotis
2518 506 2621 544 non
2654 489 2782 545 sinit
2816 503 3108 559 congruum
3152 490 3415 546 honorem

182 588 276 658 τὴν
314 587 697 656 προσήκουσαν
724 584 889 655 τιμὴν
921 584 1233 639 ἀποδιδόναι
1259 624 1274 649 ,
1302 585 1418 637 ἀλλ’
1448 583 1749 657 ὑφειμένην

182 682 276 750 τὴν
301 678 507 748 ταύτην
541 677 905 743 ἀποδιδόασιν,
931 677 1192 748 αἰσχύνην
1225 677 1430 731 οἰκείαν
1458 676 1749 747 ἡγούμενοι

182 772 276 842 τὴν
298 768 391 823 τοῦ
418 768 691 839 ὁμοφύλου
716 767 1090 839 εὐδοκίμησιν.
1133 768 1371 822 Ἐλθόντι
1407 763 1499 825 οὖν
1533 767 1610 839 τῷ
1640 768 1751 821 Κυ-

186 864 283 933 ρίῳ
306 864 384 925 είς
409 860 699 913 Γαλιλαίαν
724 858 1047 912 ἐπίστευσαν
1068 861 1117 913 οἱ
1138 859 1433 926 Γαλιλαῖοι,
1459 860 1526 913 τὰ
1549 860 1753 929 σημεῖα.

186 957 382 1018 ἰδόντες
413 953 449 1007 ἃ
480 952 735 1023 ἐποίησεν
760 954 817 1007 ὲν
858 952 1271 1023 Ἰεροσολύμοις.
1307 952 1451 1022 Πλὴν
1478 953 1529 1005 οί
1564 953 1751 1023 Σαμα-

188 1049 359 1117 ρεῖται
388 1044 782 1116 δοκιμώτεροι,
810 1046 858 1098 οί
902 1045 996 1099 καὶ
1032 1047 1200 1115 χωρὶς
1241 1045 1485 1116 σημείων
1530 1042 1752 1098 πιστεύ-

188 1154 376 1200 σαντες
401 1136 508 1189 ἀπὸ
536 1136 628 1189 τοῦ
668 1136 825 1205 λόγου
855 1138 951 1207 τῆς
981 1137 1256 1205 γυναικός.
1287 1137 1430 1207 Ὅρα
1459 1135 1516 1189 δὲ
1544 1153 1750 1189 παντα-

187 1226 278 1295 χοῦ
305 1229 428 1289 τοὺς
469 1227 808 1298 ἀποϐῖιήτους
853 1227 953 1298 μὲν
990 1226 1301 1292 δοκοῦντας,
1334 1227 1750 1299 εὐδοκιμοῦντας

186 1321 241 1371 ὲν
273 1322 335 1389 τῇ
364 1320 545 1372 πίστει
594 1320 942 1391 Σαμαρείτας
972 1320 1117 1389 λέγω
1151 1322 1244 1375 καὶ
1267 1320 1600 1377 Γαλιλαίους·
1634 1320 1752 1389 (καὶ

186 1413 289 1480 γὰρ
327 1411 421 1463 καὶ
452 1410 675 1474 τούτους
699 1411 1007 1476 έξουθένουν
1037 1413 1111 1475 ὡς
1132 1413 1514 1484 ἀγροικότερον
1543 1412 1752 1471 διακει-

190 1503 401 1574 μένουςο
435 1504 516 1556 6:6
545 1504 637 1557 καὶ
672 1504 880 1573 ἔλεγον,
914 1506 994 1559 ὅτι
1024 1524 1041 1557 ι
1073 1506 1362 1579 Προφήτης
1386 1507 1450 1559 ὲκ
1477 1506 1573 1574 τῆς
1602 1505 1754 1563 Γαλι-

185 1595 339 1656 λαίας
372 1595 475 1651 οὐκ
507 1596 846 1669 ἐγήγερται).
896 1616 914 1649 ι
977 1598 1103 1661 τοὺς
1135 1598 1191 1659 δὲ
1220 1598 1509 1662 ἐκλεκτοὺς
1545 1601 1755 1669 νομιζο-

190 1687 401 1761 μένους,
425 1688 919 1767 ἁποόαλλρμένους,
951 1685 1053 1743 οἷοι
1076 1686 1217 1760 ἦσαν
1241 1692 1288 1743 oi
1322 1690 1752 1761 Ἱεροσολυμῖται

196 1777 456 1833 Ἰουδαῖοι.
503 1778 735 1842 Εἰκότως
756 1779 864 1850 ἄρα
897 1780 988 1834 καὶ
1008 1782 1056 1834 οί
1077 1782 1283 1841 ἐθνικοὶ
1317 1781 1748 1853 παρεδέχθημεν.

197 1870 283 1921 Ἐν
306 1871 415 1941 γὰρ
448 1874 516 1941 τῇ
547 1871 725 1944 οἰκεία
762 1874 1002 1943 πατρίδι,
1034 1878 1097 1945 τῇ
1137 1875 1245 1929 τῶν
1286 1874 1577 1937 Ἰουδαίων,
1609 1877 1750 1930 εἴποι

186 1961 249 2012 ἄν
278 1978 381 2022 τις,
414 1968 730 2035 συναγωγῇ,
762 1966 928 2035 τιμὴν
951 1967 1050 2019 οὐκ
1076 1965 1290 2036 ἔσχενκό
1316 1969 1597 2038 προφήτης
1625 1969 1752 2038 Χρι-

187 2054 330 2116 στδς.
364 2054 509 2111 καθὰ
541 2058 782 2129 Μωῡσῆς
813 2058 984 2127 λέγει,
1012 2061 1093 2114 ὅτι
1121 2080 1140 2113 ‹
1187 2063 1480 2133 Προφήτην
1511 2062 1752 2135 ἀναστή-

187 2165 262 2200 σει
288 2149 491 2219 Κύριος
514 2151 690 2219 ἡμῶν.
733 2172 751 2205 ι

250 2234 454 2292 Ἦλθεν
485 2241 574 2293 οὖν
599 2243 626 2293 6
662 2242 863 2312 Ἰησοῦς
892 2243 1051 2295 πάλιν
1087 2245 1166 2305 είς
1194 2241 1293 2315 τὴν
1326 2244 1481 2297 Κανᾶ
1514 2246 1613 2314 τῆς
1648 2245 1753 2297 Γα-

184 2329 417 2397 λιλαίας,
474 2333 610 2385 ὅπου
661 2333 884 2405 ἐποίησε
935 2335 994 2388 :6
1033 2333 1177 2404 ὕδωρ
1217 2330 1378 2389 οἶνον.
1416 2336 1530 2389 Καὶ
1568 2332 1635 2407 ἦν
1668 2352 1750 2399 τις

185 2422 482 2492 βασιλικὸς,
513 2423 573 2477 οὒ
602 2427 629 2477 6
684 2426 792 2489 υίὸς
817 2426 1031 2492 ἠσθένει
1064 2428 1120 2480 ὲν
1156 2427 1543 2496 Καπερναούμ.
1585 2420 1752 2489 Οὗτος

188 2516 446 2578 ἀκούσας,
479 2517 559 2568 ὅτι
603 2516 808 2585 Ἰησοῦς
834 2518 958 2588 ἥκει
985 2521 1047 2570 ἐκ
1078 2517 1179 2587 τῆς
1224 2517 1489 2581 Ἰουδαίας
1530 2519 1608 2581 είς
1653 2520 1751 2589 τὴν

187 2607 499 2672 Γαλιλαίαν,
536 2607 778 2678 ἀπῆλθεν
820 2610 954 2680 πρὶς
983 2609 1163 2674 αὑτὸν,
1195 2610 1289 2663 καὶ
1331 2608 1516 2681 ἠρώτα
1566 2611 1747 2677 αὑτὸν,

185 2700 270 2754 ἵνα
304 2699 518 2770 καταϐῇ
573 2701 666 2753 καὶ
699 2701 913 2781 ἰάσηται
942 2702 1101 2754 αὐτοῦ
1128 2703 1218 2756 τὸν
1245 2701 1358 2755 υἱόν
1378 2718 1392 2735 ο
1427 2701 1617 2772 ἔμελλε
1642 2702 1751 2774 γὰρ

183 2792 569 2862 ἀποθνήσκειν.
594 2787 760 2849 Εἶπεν
785 2789 879 2846 οὖν
908 2796 934 2846 6
981 2794 1198 2863 Ἰησοῦς
1235 2796 1368 2866 πρὸς
1401 2795 1586 2849 αὐτόν·
1624 2795 1751 2848 Ἐὰν
1796 2834 1799 2845 μ

189 2883 264 2954 μὴ
286 2886 491 2953 σημεῖα
521 2884 613 2936 καὶ
645 2884 849 2954 τέρατα
879 2884 1045 2952 ἴδητε,
1083 2886 1144 2939 οὐ
1169 2886 1243 2958 μὴ
1268 2887 1616 2958 πιστεύσητε.
1645 2886 1752 2941 Λέ-

185 2991 269 3044 γει
302 2974 441 3044 πρός
469 2975 631 3028 αὐτὴν
660 2977 687 3028 6
732 2975 1006 3046 βασιλικός
1029 2993 1043 3007 ⁶
1076 2978 1271 3050 Κύριε,
1304 2978 1575 3049 κατάϐηθι
1618 2980 1750 3050 πρὶν

184 3064 476 3118 ἀποθανεῖν
509 3068 569 3118 τὸ
617 3065 828 3118 παιδίον
879 3083 1002 3136 μου.
1052 3067 1214 3135 Λέγει
1267 3069 1413 3139 αὐτῷ
1441 3071 1469 3123 6
1514 3070 1748 3141 Ἰησοῦς⁸

1854 585 2022 647 reddi,
2058 584 2151 637 sed
2183 596 2370 652 parum
2403 582 2505 637 illis
2541 582 2782 635 tribuunt
2825 582 2991 645 cives,
3024 598 3178 636 suam
3226 582 3417 637 confit-

1851 677 2056 732 sionem
2133 674 2510 730 existimantes
2557 674 2780 742 gloriam
2833 676 3234 731 contribulium.
3278 674 3413 730 Cum

1852 767 2086 823 venisset
2126 766 2287 839 igitur
2322 765 2579 821 Dominus
2625 766 2679 819 in
2728 764 3031 832 Galilmam,
3067 768 3412 823 crediderunt

1852 859 2053 915 ϐειιίιωί
2078 897 2094 923 ,
2128 859 2251 930 quia
2280 859 2529 912 viderant
2555 857 2707 927 signa
2742 857 2878 910 facta
2921 859 2971 911 in
3005 857 3413 929 Hierosolymis.

1851 952 2013 1021 Atqui
2063 950 2387 1006 Samaritani
2434 950 2772 1019 probatiores
2806 957 2960 1003 erant
2992 950 3081 1018 qui
3131 961 3183 1004 et
3212 951 3415 1020 absque

1852 1041 2018 1111 signis
2049 1041 2212 1097 verbo
2240 1041 2478 1097 mulieris
2506 1041 2868 1097 crediderant.
2916 1042 3044 1096 Vide
3074 1052 3256 1096 autem
3295 1043 3417 1097 ubi-

1852 1147 1956 1206 que
1984 1145 2078 1188 eos
2099 1132 2192 1203 qui
2214 1132 2402 1201 abjecti
2428 1134 2785 1197 habebantur,
2811 1133 3071 1187 celebrari
3097 1144 3153 1187 ut
3178 1134 3415 1202 potiores

1854 1225 1989 1292 (ide,
2023 1225 2394 1281 Samaritanos
2426 1226 2544 1279 dico
2584 1235 2637 1280 et
2683 1224 2950 1280 Galilaeos.
2982 1223 3116 1280 Nam
3151 1226 3247 1278 hos
3280 1240 3415 1279 con—

1854 1320 2163 1375 temnebant
2192 1327 2249 1373 ut
2279 1319 2638 1390 agrestiores;
2670 1319 2786 1373 ideo
2815 1326 2867 1370 e‘t
2902 1318 3152 1372 dicebant
3181 1333 3196 1372 ε
3226 1334 3245 1367 ι
3286 1313 3421 1370 Pro-

1853 1412 2012 1479 pheta
2051 1424 2115 1464 ex
2151 1407 2368 1464 Galilaea
2420 1425 2522 1461 non
2555 1409 2853 1463 surrexit“
2883 1450 2898 1474 ,
2961 1427 2980 1462 ι
3034 1423 3128 1469 eos
3168 1423 3296 1462 vero
3324 1407 3417 1478 qui

1852 1502 2012 1558 electi
2046 1501 2392 1571 putabantur,
2424 1500 2605 1569 abjici,
2630 1501 2821 1570 quales
2852 1501 3065 1556 fuerunt
3105 1500 3421 1569 Hierosoly-

1856 1595 2038 1649 mitani
2080 1592 2276 1649 Judtei.
2329 1592 2514 1647 Merito
2571 1594 2737 1662 igitur
2793 1602 2846 1647 et
2897 1593 3125 1664 gentiles
3181 1591 3419 1660 suscepti

1854 1696 2000 1742 sunt.
2039 1685 2171 1741 Nam
2201 1686 2253 1740 in
2299 1701 2395 1740 sua
2441 1687 2635 1755 patria,
2672 1688 2771 1739 hoc
2797 1696 2878 1740 est
2914 1685 2965 1739 in
3006 1700 3272 1769 synagoga
3325 1682 3424 1738 Ju-

1856 1780 2114 1843 daeomm,
2147 1778 2407 1832 honorem
2453 1791 2558 1830 non
2592 1776 2824 1830 habebat
2855 1777 3114 1844 propheta
3147 1774 3418 1838 Christus,

1854 1870 1992 1925 sicut
2018 1868 2191 1925 Moses
2215 1869 2345 1924 dicit
2372 1886 2385 1924 :
2418 1888 2436 1921 ι
2475 1867 2796 1938 Prophetam
2822 1867 3106 1923 suscitath
3138 1868 3289 1927 vobis
3315 1867 3419 1922 Du-

1857 1965 2035 2021 minus
2056 1964 2121 2017 ”.
2160 1981 2179 2014 ι

1926 2256 2090 2312 Vsus.
2127 2254 2321 2310 46-50.
2355 2273 2370 2304 ι
2413 2253 2570 2309 Venit
2609 2269 2737 2325 ergo
2763 2253 2918 2310 Jesus
2946 2254 3140 2311 iterum
3183 2254 3234 2309 in
3273 2256 3419 2311 Cana

1853 2347 2106 2411 Galilaeaa,
2139 2345 2226 2398 ubi
2271 2346 2470 2397 fecerat
2509 2357 2573 2395 ex
2606 2357 2740 2410 aqua
2797 2342 3000 2395 vinum.
3050 2341 3115 2395 Et
3145 2351 3262 2396 erat
3297 2341 3422 2411 qui-

1853 2440 1972 2491 dam
2009 2437 2185 2507 regius
2236 2435 2386 2503 cujus
2445 2434 2586 2487 lilius
2634 2432 3014 2486 inlirmabatnr
3057 2432 3420 2501 Capernaum.

1855 2528 1951 2581 llic
1974 2543 2095 2581 cum
2126 2526 2363 2579 audisset
2394 2526 2531 2593 quod
2565 2523 2724 2579 Jesus
2754 2523 3059 2577 advenisset
3089 2538 3118 2576 a
3149 2521 3329 2577 Judaaa
3367 2525 3420 2578 in

1852 2618 2150 2681 Galilaeam,
2177 2618 2308 2672 abiit
2343 2616 2406 2670 ad
2431 2632 2576 2680 cum,
2607 2624 2660 2669 et
2690 2615 2911 2685 rogabat
2940 2629 3062 2669 eum
3109 2622 3167 2668 ut
3194 2614 3420 2669 descen-

1854 2714 2003 2763 deret
2060 2722 2123 2761 ac
2177 2716 2395 2761 sanaret
2455 2706 2623 2775 ipsius
2652 2704 2819 2758 lilium
2856 2722 2869 2758 :
2902 2704 3166 2773 siquidem
3206 2705 3250 2758 is
3292 2719 3419 2773 age-

1855 2800 1946 2854 bat
1979 2799 2235 2852 animam.
2282 2798 2420 2851 Dixit
2451 2812 2580 2866 ergo
2618 2794 2773 2855 Jcsus
2822 2796 2886 2848 ad
2918 2811 3039 2850 eum
3078 2813 3092 2849 :
3127 2793 3242 2849 Nisi
3267 2795 3418 2865 signa

1854 2900 1907 2948 et
1938 2890 2175 2961 prodigia
2214 2888 2490 2951 videritis,
2531 2903 2634 2941 non
2687 2886 2938 2941 credetis.
2983 2885 3123 2939 Dixit
3173 2887 3238 2939 ad
3296 2901 3418 2941 eum

1852 2983 2033 3053 regius
2062 2998 2077 3035 :
2116 2976 2360 3046 Domine,
2386 2979 2648 3034 descende
2669 2979 2976 3049 priusquam
2999 2977 3264 3032 moriatur
3282 2978 3421 3033 ﬁlius

1855 3087 2026 3128 meus.
2063 3070 2201 3126 Dicit
2228 3071 2275 3125 ei
2299 3069 2491 3124 Jesus:
2527 3067 2672 3123 Vade
2695 3108 2711 3133 ,
2744 3067 2883 3122 illius
2920 3076 3045 3121 tuus
3097 3067 3247 3121 vivit.
3287 3066 3420 3121 Cre-

186 3153 451 3223 Πορεύου,
480 3156 507 3208 6
538 3156 651 3219 υίός
682 3173 774 3208 σου
809 3155 894 3229 ζῇ.
924 3158 1031 3211 Καὶ
1058 3158 1374 3212 ἐπίστευσεν
1408 3163 1435 3214 6
1464 3161 1750 3235 ἄνθρωπος

1854 3164 1989 3220 didit
2016 3163 2177 3221 homo
2193 3161 2598 3228 sermoiiiquem
2624 3160 2836 3213 dixerat
2863 3159 2910 3213 ei
2946 3154 3123 3222 Jesus,
3154 3164 3211 3212 ct
3238 3157 3367 3211 ibat.
3395 3173 3415 3209 ι

187 3246 262 3317 τῷ
292 3247 458 3320 λόγῳ,
493 3243 535 3317 ᾧ
565 3244 717 3303 εἶπεν
750 3249 900 3319 αὐτῷ
930 3250 956 3303 6
986 3250 1216 3321 Ἰησοῦς,
1247 3251 1342 3311 καὶ
1371 3251 1683 3325 ἐπορεύετο.
1725 3274 1745 3311 ι

199 3339 631 3412 ’Λναμιμνήσκει
683 3342 829 3412 ἡμᾶς
859 3343 887 3394 6
911 3342 1310 3415 εὐαγγελιστὴς
1339 3344 1434 3398 τοῦ
1485 3348 1543 3399 ὲν
1594 3349 1751 3421 Κανᾷ

187 3429 487 3501 θαύματος,
520 3431 654 3485 ὅπου
678 3432 896 3499 ἐγένετο
923 3434 984 3485 τὸ
1007 3431 1149 3504 ὕδωρ
1179 3429 1340 3502 οἶνος,
1378 3436 1497 3505 ἄμα
1538 3438 1637 3507 μὲν
1661 3439 1751 3493 διὰ

184 3523 246 3575 τὸ
287 3521 523 3591 αὐξῆσαι
569 3522 678 3574 τῶν
712 3523 1067 3592 Σαμαρειτῶν
1098 3524 1159 3576 τὸ
1204 3526 1480 3597 ἐγκώμιον
1522 3527 1607 3597 (οἱ
1651 3530 1749 3599 μὲν

185 3613 295 3684 γὰρ
325 3612 623 3677 Γαλιλαῖοι,
656 3613 809 3682 φησὶ,
842 3614 937 3669 καὶ
977 3614 1084 3666 61:6
1112 3614 1219 3668 τῶν
1259 3617 1317 3668 ὲν
1355 3616 1752 3689 Ἱεροσολύμοις

186 3705 278 3758 καὶ
306 3704 417 3757 61:6
448 3703 556 3757 τῶν
593 3704 722 3779 παρ’
754 3703 939 3767 αὐτοῖς
980 3706 1288 3775 γενομένων
1316 3709 1558 3781 σημείων
1590 3711 1751 3764 αὐτὸν

187 3799 437 3864 ἐδέξαντο
456 3816 468 3827 ο
494 3799 543 3851 0i
569 3797 626 3852 δὲ
677 3798 1024 3872 Σαμαρεῖται
1077 3799 1187 3852 61:6
1216 3799 1384 3870 μόνης
1412 3801 1513 3872 τῆς
1542 3819 1752 3877 μαρτυ-

189 3893 307 3964 ρίας
332 3892 433 3963 τῆς
464 3892 745 3961 γυναικὸς,
782 3894 878 3946 καὶ
907 3892 1004 3963 τῆς
1045 3891 1209 3947 αὑτοῦ
1237 3893 1332 3946 τοῦ
1372 3894 1578 3965 Κυρίου
1607 3894 1751 3950 διδα-

191 3985 466 4053 σκαλίας),
488 3984 604 4052 ἅμα
629 3982 684 4036 δὲ
716 3984 808 4035 καὶ
832 3982 924 4036 ἵνα
949 3982 1097 4053 δείξῃ
1123 3984 1275 4057 ἡμῖν,
1303 3985 1387 4037 ὅτι
1416 3985 1510 4038 καὶ
1534 3986 1563 4038 6
1593 3985 1749 4056 βασι-

186 4077 332 4141 λικὸς
363 4077 475 4130 61:6
503 4075 597 4129 τοῦ
644 4077 702 4129 ὲν
725 4077 882 4147 Κανᾷ
915 4074 1193 4147 θαύματος
1217 4075 1429 4148 ἀγαθήν
1455 4094 1577 4130 τινα
1621 4078 1750 4149 περὶ

186 4169 279 4223 τοῦ
306 4166 548 4242 Χριστοῦ
584 4166 852 4240 ὑπόληψιν
886 4167 1123 4235 ἐδέξατο,
1152 4170 1200 4222 εί
1223 4170 1318 4222 καὶ
1341 4168 1416 4240 μὴ
1446 4168 1543 4241 τὴν
1570 4169 1747 4234 ἀξίαν.

188 4259 472 4315 Βασιλικὸν
501 4259 557 4313 δὲ
585 4257 773 4313 τοῦτον
819 4258 991 4324 καλεῖ,
1034 4257 1067 4330 ἢ
1097 4257 1173 4323 ὡς
1195 4260 1258 4313 ὲκ
1278 4259 1466 4327 γένους
1489 4258 1619 4313 ὄντα
1646 4258 1748 4330 βα·-

190 4353 421 4417 σιλικοῦ,
443 4351 477 4424 ἢ
499 4352 713 4420 ἀξίωμά
737 4369 790 4406 τι
818 4351 994 4423 ἀρχῆς
1025 4351 1212 4423 ἕτερον
1240 4349 1386 4405 οὕτω
1406 4350 1748 4422 καλούμενον

188 4444 401 4516 ἔχοντα.
430 4439 580 4515 *Αρα
611 4439 724 4509 οὖν,
768 4445 921 4515 φησι,
962 4446 1059 4497 καὶ
1102 4442 1266 4507 αὐτός
1298 4444 1447 4497 ἐστιν
1489 4437 1643 4508 οὗτος
1672 4441 1750 4515 τῷ

1857 3255 2147 3312 Reeordari
2199 3268 2298 3310 nos
2339 3251 2468 3313 facit
2496 3250 2827 3322 evangelista
2866 3248 3113 3304 miraculi
3150 3248 3203 3301 in
3248 3246 3418 3310 Cana.

1853 3347 1944 3403 ubi
1971 3361 2108 3416 aqua
2134 3345 2273 3400 facta
2302 3352 2384 3403 est
2412 3344 2620 3409 vinum,
2652 3352 2706 3399 et
2736 3342 2952 3396 interim
2983 3350 3039 3395 ut
3069 3351 3277 3396 crescat
3302 3339 3420 3394 laus

1852 3437 2338 3493 Samaritanorum.
2382 3433 2516 3489 Nam
2565 3444 2620 3489 et
2672 3432 2875 3489 (Ξυιίιωὶ
2934 3432 3175 3500 quidem,
3224 3431 3419 3501 inquit,

1851 3537 2209 3600 susceperunt
2255 3542 2376 3583 eum
2433 3536 2652 3598 propter
2697 3527 2849 3596 signa
2881 3541 2997 3594 quae
3038 3524 3177 3578 facta
3208 3530 3335 3577 sunt
3365 3523 3419 3577 in

1851 3620 2258 3691 Hierosolymis,
2291 3628 2345 3674 et
2400 3619 2542 3690 apud
2585 3633 2644 3674 se
2694 3635 2711 3673 ι
2762 3617 3090 3674 Samaritani
3134 3625 3315 3671 autem
3350 3614 3420 3670 ob

1850 3714 2015 3769 solius
2049 3711 2291 3766 mulieris
2330 3710 2694 3766 testimonium
2715 3749 2731 3776 ,
2760 3716 2814 3763 et
2862 3708 3031 3775 ipsius
3063 3706 3269 3760 Domini
3316 3705 3418 3759 do-

1849 3806 2100 3862 ctrinam.
2153 3801 2403 3859 Ostendit
2443 3803 2665 3869 insuper
2719 3799 2862 3871 quod
2912 3807 2967 3853 et
3012 3797 3189 3869 regius
3224 3795 3313 3849 ille
3350 3810 3419 3850 ex

1851 3894 2115 3949 miraculo
2147 3893 2291 3964 quod
2322 3892 2377 3947 iu
2417 3890 2560 3947 Cana
2588 3901 2708 3947 erat
2740 3890 2965 3954 factum,
3003 3889 3196 3943 bonam
3229 3901 3421 3957 quam-

1851 3989 1975 4046 dam
2005 3989 2071 4043 de
2095 3985 2310 4041 Christo
2339 3984 2643 4054 Opinionem
2682 3989 3030 4051 conceperat,
3070 3980 3280 4034 tametsi
3318 3979 3421 4033 mi-

1851 4094 1953 4133 nus
1993 4076 2233 4145 dignam.
2271 4073 2497 4145 Regium
2531 4080 2711 4128 autem
2763 4071 2915 4127 illum
2946 4079 3127 4137 vocat,
3164 4072 3246 4125 vel
3275 4071 3418 4140 quod

1849 4183 1916 4224 ex
1950 4167 2098 4238 regio
2122 4171 2240 4221 erat
2287 4178 2483 4235 genere
2506 4203 2522 4229 ,
2556 4162 2641 4218 vel
2673 4161 2815 4234 quod
2852 4161 3074 4234 gerebat
3102 4161 3418 4233 dignitatem

1850 4259 2140 4328 quamdam
2169 4258 2236 4312 ob
2256 4271 2417 4326 quam
2447 4255 2525 4311 sic
2551 4257 2869 4311 vocabatur.
2896 4254 3031 4312 Num
3062 4255 3245 4326 igitur,
3279 4255 3422 4310 dicet

1851 4348 1993 4419 quis,
2014 4349 2153 4403 idem
2173 4355 2256 4403 est
2275 4362 2397 4402 cum
2424 4347 2738 4402 centurione
2754 4349 2893 4416 apud
2913 4345 3261 4400 Manlianum?
3283 4344 3419 4399 Nam

1852 4448 1908 4495 et
1941 4437 2031 4494 ille
2062 4452 2131 4495 ex
2159 4436 2503 4508 Capernaum
2528 4445 2668 4493 erat.
2699 4435 2818 4491 Non
2856 4436 3048 4507 opinor
3077 4435 3328 4507 equidem
3356 4434 3424 4489 il-

192 4537 340 4607 παρὰ
364 4533 444 4606 τῷ
485 4534 749 4606 Ματθαίῳ
772 4537 1151 4611 ὲκατοντάρχῳ
1178 4554 1195 4603 ;
1229 4537 1324 4590 καὶ
1369 4535 1477 4608 γὰρ
1501 4536 1751 4601 κάκεῖνος

1854 4529 1960 4586 lum
2001 4542 2147 4593 esse,
2178 4529 2272 4584 sed
2300 4528 2486 4584 alium.
2525 4528 2656 4582 Nam
2697 4528 2784 4583 ille
2815 4529 3032 4600 quidem
3062 4537 3117 4582 et
3149 4528 3417 4582 volentem

189 4629 245 4681 ὲν
266 4630 424 4683 Καπε
435 4630 640 4700 ρναοὺμ
658 4624 746 4700 ἦν.
774 4629 887 4683 Οὐκ
909 4624 1061 4697 οἶμαι
1080 4629 1257 4682 τοίνυν
1281 4629 1376 4683 τὸν
1401 4629 1563 4684 αὐτὸν
1587 4626 1747 4695 εἶναι,

190 4720 301 4773 ἀλλ’
328 4721 536 4791 ἕτερον.
579 4722 815 4784 Ἐκεῖνος
849 4721 947 4791 μὲν
971 4721 1078 4791 γὰρ
1110 4720 1203 4774 καὶ
1225 4719 1547 4791 βουλόμενον
1574 4719 1750 4774 ἐλθεῖν

192 4812 282 4865 τὸν
338 4813 574 4883 Χριστὸν
617 4812 903 4866 διακωλύει
928 4852 942 4878 ,
979 4811 1151 4879 λέγων
1170 4827 1182 4842 ·
1214 4830 1232 4864 ι
1269 4813 1385 4866 Οὐκ
1415 4812 1531 4882 εἰμὶ
1556 4811 1705 4879 ἄξιος
1724 4852 1739 4873 ,

193 4899 280 4952 ἵνα
325 4916 429 4969 μου
483 4900 589 4954 ὑπὸ
626 4901 726 4971 τὴν
758 4900 957 4970 στέγην
1010 4899 1293 4973 εἰσέλθῃς
1324 4919 1342 4952 ι
1379 4896 1534 4967 οὗτος
1573 4900 1629 4954 δὲ
1668 4903 1749 4965 είς

203 4990 291 5060 τὴν
315 4989 493 5044 οἰκίαν
521 4989 685 5045 αὐτοῦ
727 4989 878 5044 ἕλκει
902 4991 995 5046 τὸν
1037 4990 1265 5061 Ἰησοῦν.
1292 4992 1560 5048 Κάκείνου
1592 4991 1691 5062 μὲν
1720 4991 1750 5044 6

195 5084 342 5146 παῖς.
379 5083 547 5153 ἤγουν
569 5085 599 5138 6
625 5081 828 5148 δοῦλος,
857 5083 1088 5154 παρέσει
1122 5082 1407 5153 κατείχετο
1432 5099 1446 5115 ·
1475 5081 1665 5136 τούτου
1689 5082 1747 5135 δὲ

193 5173 222 5224 6
248 5175 359 5236 υίὸς
407 5175 643 5246 πυρετῷ.
694 5177 869 5228 Κάκεῖ
900 5175 996 5246 μὲν
1029 5174 1136 5227 61:6
1170 5173 1264 5227 τοῦ
1292 5175 1453 5245 ὅρους
1484 5174 1747 5241 καταϐὰς,

190 5263 271 5326 είς
312 5265 685 5335 Καπερναοὺμ
735 5266 955 5335 εἰσῆλθε
987 5283 1001 5297 ο
1052 5264 1148 5319 νῦν
1167 5266 1244 5327 δὲ.
1274 5265 1384 5321 ἀπὸ
1422 5268 1523 5336 τῆς
1566 5266 1753 5335 Σαμαο

195 5357 364 5421 ρείας,
404 5360 498 5409 καὶ
523 5358 622 5410 οὐκ
647 5358 726 5420 είς
751 5359 1145 5428 Καπερναοὺμ,
1170 5357 1284 5412 ἀλλ’
1314 5359 1391 5420 εἰς
1415 5357 1588 5411 Κανᾶ.
1633 5358 1754 5412 Ἐπὶ

192 5449 377 5513 πᾶσιν,
418 5451 622 5510 ἐκεῖνος
657 5450 757 5519 μὲν
807 5451 1203 5523 ἑκατόνταρχος
1233 5465 1247 5480 ⁸
1272 5443 1425 5514 οὗτος
1442 5449 1521 5512 δὲ,
1546 5451 1751 5520 βασιλι-

193 5536 284 5601 κὸς
310 5540 370 5593 :6
394 5541 628 5612 ἀξίωμα.
656 5532 821 5606 ’Δῖξιοῖ
844 5544 942 5613 μὲν
963 5540 1057 5598 οὖν
1080 5545 1109 5597 6
1130 5542 1403 5613 βασιλικὸς
1430 5544 1521 5595 τὸν
1550 5543 1751 5614 Κύριον

197 5632 497 5698 κατελθεῖν,
546 5634 620 5697 ὡς
654 5634 872 5705 ἰάσηται
903 5635 995 5687 τὸν
1025 5636 1139 5688 υίόν
1173 5651 1186 5663 ·
1222 5637 1249 5686 6
1280 5634 1336 5686 δὲ
1394 5633 1595 5700 Κύριος
1628 5634 1753 5687 καθ·

262 5794 305 5825 ⁸⁸
336 5794 487 5848 Joan.
519 5810 609 5858 vn.
643 5793 728 5849 59..
806 5797 851 5828 "
878 5796 1031 5853 Deut.
1061 5812 1209 5860 xvru,
1243 5798 1329 5852 15.

1856 4622 2040 4679 venire
2076 4620 2354 4677 Christum
2395 4621 2663 4690 prohibet,
2699 4620 2884 4677 dicens
2919 4640 2934 4676 :
2971 4639 2990 4672 ι
3023 4619 3138 4674 Νοη
3185 4636 3302 4675 sum
3332 4620 3419 4674 di-

1855 4732 1990 4787 gnus
2022 4724 2080 4769 ut
2104 4714 2205 4770 sub
2236 4722 2432 4769 tectum
2458 4730 2633 4769 meum
2669 4714 2991 4784 ingrediaris
3017 4712 3082 4767 “.
3119 4731 3139 4764 ι
3164 4712 3265 4768 Iste
3294 4726 3417 4768 vero

1854 4808 2037 4865 Jesum
2067 4809 2120 4861 in
2143 4807 2360 4860 domum
2387 4821 2541 4860 suam
2574 4806 2757 4860 trahit.
2782 4806 2848 4859 Et
2881 4805 3023 4860 illius
3045 4803 3260 4874 quidem
3283 4817 3419 4872 puer

1855 4898 2088 4972 paralysi
2109 4898 2466 4965 detinebatur,
2497 4913 2682 4953 servus
2715 4896 2962 4953 videlicet
2997 4914 3012 4951 :
3045 4894 3206 4953 istius
3237 4904 3415 4953 autem

1858 4991 1998 5046 [ilius
2033 4990 2191 5047 febri.
2218 4989 2283 5044 Et
2341 4989 2448 5044 illic
2478 4989 2697 5063 quidem
2737 5003 2859 5044 cum
2902 5002 2931 5042 a
2967 4996 3151 5045 monte
3180 4988 3419 5044 descen-

1856 5084 2041 5149 disset,
2075 5093 2128 5137 et
2159 5083 2499 5154 Capernaum
2542 5081 2816 5152 ingressus
2845 5090 2970 5136 est:
3009 5095 3151 5135 nunc
3174 5090 3353 5136 autem
3385 5095 3416 5135 a

1856 5175 2126 5234 Samaria.
2148 5182 2199 5229 et
2228 5189 2335 5229 non
2371 5174 2423 5228 iu
2448 5174 2785 5244 Capernaum
2805 5214 2819 5240 ,
2850 5172 3012 5245 566
3041 5174 3135 5228 sed
3170 5174 3222 5227 in
3246 5172 3416 5233 Cana.

1858 5265 1910 5319 lu
1934 5280 2166 5331 summa,
2189 5267 2278 5322 ille
2300 5267 2541 5321 centurio
2563 5307 2578 5332 ,
2607 5266 2694 5320 hic
2720 5274 2899 5321 autem
2922 5266 3099 5337 regius
3117 5265 3217 5321 fuit
3243 5266 3417 5337 digni.

1858 5369 1984 5415 tate.
2022 5358 2153 5416 Orat
2187 5362 2348 5430 igitur
2394 5362 2574 5431 regius
2607 5361 2698 5414 ille
2729 5362 3010 5415 Dominum
3044 5369 3100 5414 nt
3129 5360 3419 5419 descendat

1856 5454 1922 5506 ad
1958 5454 2260 5508 sanandum
2301 5453 2489 5508 lilium.
2526 5453 2595 5507 Λι
2637 5453 2896 5507 Dominus
2928 5453 3237 5523 perstringit
3270 5468 3415 5517 eum,

1855 5553 2037 5613 utpote
2062 5559 2167 5599 non
2206 5548 2514 5615 perfectam.
2545 5547 2638 5602 sed
2670 5559 2889 5615 parvam
2923 5546 3206 5600 habentem
3236 5544 3415 5607 iidem,

1859 5634 2279 5705 Dicendocuim,
2306 5656 2323 5688 ι
2351 5637 2642 5702 Descende,
2665 5638 2976 5708 priusquam
3001 5639 3256 5696 moriatur
3280 5634 3420 5689 ﬁlius

1432 5796 1476 5829 “
1504 5796 1692 5854 Matth.
1726 5813 1839 5863 vm,
1872 5799 1922 5853 8.
