  <div class='ocr_page' id='page_1' title='image "/cluster/home/n/w/nwhite01/storage/ocr_20150623/123/hvd.32044019208198/637.png"; bbox 0 0 3920 6576; ppageno 0'>
   <div class='ocr_carea' id='block_1_1' title="bbox 480 370 615 438">
    <p class='ocr_par' dir='ltr' id='par_1_1' title="bbox 480 370 615 438">
     <span class='ocr_line' id='line_1_1' title="bbox 480 370 615 438; baseline -0.044 0"><span class='ocrx_word' id='word_1_1' title='bbox 480 370 615 438; x_wconf 73' lang='lat'><strong>12:.5</strong></span> 
     </span>
    </p>
   </div>
   <div class='ocr_carea' id='block_1_2' title="bbox 1353 352 2798 425">
    <p class='ocr_par' dir='ltr' id='par_1_2' title="bbox 1353 352 2798 425">
     <span class='ocr_line' id='line_1_2' title="bbox 1353 352 2798 425; baseline -0.006 0"><span class='ocrx_word' id='word_1_2' title='bbox 1353 360 1934 425; x_wconf 74' lang='lat' dir='ltr'><strong>THEOPIIYLACTI</strong></span> <span class='ocrx_word' id='word_1_3' title='bbox 1981 355 2399 419; x_wconf 67' lang='grc' dir='ltr'><strong>ΒῐΠιῦΛΒίίΕ</strong></span> <span class='ocrx_word' id='word_1_4' title='bbox 2431 352 2798 416; x_wconf 76' lang='lat' dir='ltr'><strong>ARCHIEP.</strong></span> 
     </span>
    </p>
   </div>
   <div class='ocr_carea' id='block_1_3' title="bbox 3599 344 3730 408">
    <p class='ocr_par' dir='ltr' id='par_1_3' title="bbox 3599 344 3730 408">
     <span class='ocr_line' id='line_1_3' title="bbox 3599 344 3730 408; baseline 0 0"><span class='ocrx_word' id='word_1_5' title='bbox 3599 344 3730 408; x_wconf 65' lang='lat'><strong>1256</strong></span> 
     </span>
    </p>
   </div>
   <div class='ocr_carea' id='block_1_4' title="bbox 475 459 2063 548">
    <p class='ocr_par' dir='ltr' id='par_1_4' title="bbox 475 471 2045 548">
     <span class='ocr_line' id='line_1_4' title="bbox 475 471 2045 548; baseline -0.013 -6"><span class='ocrx_word' id='word_1_6' title='bbox 475 498 651 548; x_wconf 89' lang='lat' dir='ltr'><strong>meus,</strong></span> <span class='ocrx_word' id='word_1_7' title='bbox 683 501 702 534; x_wconf 74' lang='grc' dir='ltr'><strong>ι</strong></span> <span class='ocrx_word' id='word_1_8' title='bbox 740 478 1107 535; x_wconf 78' lang='lat' dir='ltr'><strong>inﬁrmitatem</strong></span> <span class='ocrx_word' id='word_1_9' title='bbox 1139 473 1263 529; x_wconf 79' lang='lat' dir='ltr'><strong>lldei</strong></span> <span class='ocrx_word' id='word_1_10' title='bbox 1307 488 1417 529; x_wconf 75' lang='lat' dir='ltr'><strong>suae</strong></span> <span class='ocrx_word' id='word_1_11' title='bbox 1462 471 1697 528; x_wconf 93' lang='lat' dir='ltr'><strong>ostendit</strong></span> <span class='ocrx_word' id='word_1_12' title='bbox 1730 488 1744 525; x_wconf 91' lang='lat'><strong>:</strong></span> <span class='ocrx_word' id='word_1_13' title='bbox 1776 471 1900 541; x_wconf 78' lang='lat' dir='ltr'><strong>quia</strong></span> <span class='ocrx_word' id='word_1_14' title='bbox 1942 484 2045 524; x_wconf 86' lang='lat' dir='ltr'><strong>non</strong></span> 
     </span>
    </p>
   </div>
   <div class='ocr_carea' id='block_1_5' title="bbox 2169 459 3730 548">
    <p class='ocr_par' dir='ltr' id='par_1_5' title="bbox 2169 459 3730 537">
     <span class='ocr_line' id='line_1_5' title="bbox 2169 459 3730 537; baseline -0.006 -17"><span class='ocrx_word' id='word_1_15' title='bbox 2169 467 2462 537; x_wconf 79' lang='grc' dir='ltr'>ιπτόμενος</span> <span class='ocrx_word' id='word_1_16' title='bbox 2491 466 2680 531; x_wconf 80' lang='grc' dir='ltr'>αὐτοῦ,</span> <span class='ocrx_word' id='word_1_17' title='bbox 2709 465 2783 526; x_wconf 77' lang='grc' dir='ltr'><strong>ὡς</strong></span> <span class='ocrx_word' id='word_1_18' title='bbox 2812 461 2887 533; x_wconf 76' lang='grc' dir='ltr'>μὴ</span> <span class='ocrx_word' id='word_1_19' title='bbox 2919 461 3128 516; x_wconf 60' lang='grc' dir='ltr'>τελεῖακ.</span> <span class='ocrx_word' id='word_1_20' title='bbox 3159 461 3259 532; x_wconf 74' lang='grc' dir='ltr'>τὴν</span> <span class='ocrx_word' id='word_1_21' title='bbox 3280 460 3493 527; x_wconf 72' lang='grc' dir='ltr'>πῖστιν,</span> <span class='ocrx_word' id='word_1_22' title='bbox 3671 462 3730 511; x_wconf 80' lang='grc' dir='ltr'>ἐκ</span> 
     </span>
    </p>
   </div>
   <div class='ocr_carea' id='block_1_6' title="bbox 475 563 2045 642">
    <p class='ocr_par' dir='ltr' id='par_1_6' title="bbox 475 563 2045 642">
     <span class='ocr_line' id='line_1_6' title="bbox 475 563 2045 642; baseline -0.011 -10"><span class='ocrx_word' id='word_1_23' title='bbox 475 575 732 632; x_wconf 74' lang='lat' dir='ltr'><strong>credebat</strong></span> <span class='ocrx_word' id='word_1_24' title='bbox 754 570 923 642; x_wconf 88' lang='lat' dir='ltr'><strong>quod,</strong></span> <span class='ocrx_word' id='word_1_25' title='bbox 969 569 1014 624; x_wconf 89' lang='lat' dir='ltr'><strong>si</strong></span> <span class='ocrx_word' id='word_1_26' title='bbox 1049 567 1388 635; x_wconf 84' lang='lat' dir='ltr'><strong>contingeret</strong></span> <span class='ocrx_word' id='word_1_27' title='bbox 1418 564 1556 620; x_wconf 89' lang='lat' dir='ltr'><strong>mori</strong></span> <span class='ocrx_word' id='word_1_28' title='bbox 1594 563 1758 618; x_wconf 84' lang='lat' dir='ltr'><strong>lilium</strong></span> <span class='ocrx_word' id='word_1_29' title='bbox 1783 601 1799 627; x_wconf 95' lang='lat'><strong>,</strong></span> <span class='ocrx_word' id='word_1_30' title='bbox 1852 571 2045 633; x_wconf 86' lang='lat' dir='ltr'><strong>potens</strong></span> 
     </span>
    </p>
   </div>
   <div class='ocr_carea' id='block_1_7' title="bbox 474 655 2044 729">
    <p class='ocr_par' dir='ltr' id='par_1_7' title="bbox 474 655 2044 729">
     <span class='ocr_line' id='line_1_7' title="bbox 474 655 2044 729; baseline -0.01 -6"><span class='ocrx_word' id='word_1_31' title='bbox 474 676 623 723; x_wconf 85' lang='lat' dir='ltr'><strong>esset</strong></span> <span class='ocrx_word' id='word_1_32' title='bbox 668 680 790 721; x_wconf 92' lang='lat' dir='ltr'><strong>eum</strong></span> <span class='ocrx_word' id='word_1_33' title='bbox 848 662 1134 718; x_wconf 75' lang='lat' dir='ltr'><strong>suscitare.</strong></span> <span class='ocrx_word' id='word_1_34' title='bbox 1179 659 1468 729; x_wconf 81' lang='lat' dir='ltr'><strong>Propterea</strong></span> <span class='ocrx_word' id='word_1_35' title='bbox 1505 655 1875 727; x_wconf 79' lang='lat' dir='ltr'><strong>perstringens</strong></span> <span class='ocrx_word' id='word_1_36' title='bbox 1919 669 2044 708; x_wconf 90' lang='lat' dir='ltr'><strong>eum</strong></span> 
     </span>
    </p>
   </div>
   <div class='ocr_carea' id='block_1_8' title="bbox 474 744 2044 818">
    <p class='ocr_par' dir='ltr' id='par_1_8' title="bbox 474 744 2044 818">
     <span class='ocr_line' id='line_1_8' title="bbox 474 744 2044 818; baseline -0.009 -9"><span class='ocrx_word' id='word_1_37' title='bbox 474 753 647 809; x_wconf 84' lang='lat' dir='ltr'><strong>dicit:</strong></span> <span class='ocrx_word' id='word_1_38' title='bbox 690 769 709 802; x_wconf 74' lang='grc' dir='ltr'><strong>ι</strong></span> <span class='ocrx_word' id='word_1_39' title='bbox 765 749 875 804; x_wconf 84' lang='lat' dir='ltr'><strong>Nisi</strong></span> <span class='ocrx_word' id='word_1_40' title='bbox 913 749 1065 818; x_wconf 87' lang='lat' dir='ltr'><strong>signa</strong></span> <span class='ocrx_word' id='word_1_41' title='bbox 1099 756 1153 802; x_wconf 89' lang='lat' dir='ltr'><strong>et</strong></span> <span class='ocrx_word' id='word_1_42' title='bbox 1182 746 1427 818; x_wconf 88' lang='lat' dir='ltr'><strong>prodigia</strong></span> <span class='ocrx_word' id='word_1_43' title='bbox 1462 744 1723 808; x_wconf 91' lang='lat' dir='ltr'><strong>videritis,</strong></span> <span class='ocrx_word' id='word_1_44' title='bbox 1761 758 1863 797; x_wconf 94' lang='lat' dir='ltr'><strong>nou</strong></span> <span class='ocrx_word' id='word_1_45' title='bbox 1923 757 2044 796; x_wconf 90' lang='lat' dir='ltr'><strong>cre-</strong></span> 
     </span>
    </p>
   </div>
   <div class='ocr_carea' id='block_1_9' title="bbox 477 834 2044 904">
    <p class='ocr_par' dir='ltr' id='par_1_9' title="bbox 477 834 2044 904">
     <span class='ocr_line' id='line_1_9' title="bbox 477 834 2044 904; baseline -0.005 -10"><span class='ocrx_word' id='word_1_46' title='bbox 477 842 635 897; x_wconf 80' lang='lat' dir='ltr'><strong>detis.</strong></span> <span class='ocrx_word' id='word_1_47' title='bbox 668 860 687 892; x_wconf 80' lang='grc'>›</span> <span class='ocrx_word' id='word_1_48' title='bbox 729 839 948 895; x_wconf 85' lang='lat' dir='ltr'><strong>interim</strong></span> <span class='ocrx_word' id='word_1_49' title='bbox 998 849 1177 893; x_wconf 89' lang='lat' dir='ltr'><strong>autem</strong></span> <span class='ocrx_word' id='word_1_50' title='bbox 1227 846 1282 893; x_wconf 90' lang='lat' dir='ltr'><strong>et</strong></span> <span class='ocrx_word' id='word_1_51' title='bbox 1338 837 1473 891; x_wconf 89' lang='lat' dir='ltr'><strong>alios</strong></span> <span class='ocrx_word' id='word_1_52' title='bbox 1515 837 1663 890; x_wconf 85' lang='lat' dir='ltr'><strong>cives</strong></span> <span class='ocrx_word' id='word_1_53' title='bbox 1707 834 2044 904; x_wconf 88' lang='lat' dir='ltr'><strong>Capernaum</strong></span> 
     </span>
    </p>
   </div>
   <div class='ocr_carea' id='block_1_10' title="bbox 477 925 2046 999">
    <p class='ocr_par' dir='ltr' id='par_1_10' title="bbox 477 925 2046 999">
     <span class='ocr_line' id='line_1_10' title="bbox 477 925 2046 999; baseline -0.005 -12"><span class='ocrx_word' id='word_1_54' title='bbox 477 944 715 989; x_wconf 79' lang='lat' dir='ltr'><strong>accusat.</strong></span> <span class='ocrx_word' id='word_1_55' title='bbox 751 932 1007 987; x_wconf 79' lang='lat' dir='ltr'><strong>Videntur</strong></span> <span class='ocrx_word' id='word_1_56' title='bbox 1034 931 1179 988; x_wconf 91' lang='lat' dir='ltr'><strong>enim</strong></span> <span class='ocrx_word' id='word_1_57' title='bbox 1200 930 1401 999; x_wconf 89' lang='lat' dir='ltr'><strong>ubique</strong></span> <span class='ocrx_word' id='word_1_58' title='bbox 1443 929 1511 983; x_wconf 91' lang='lat' dir='ltr'><strong>ob</strong></span> <span class='ocrx_word' id='word_1_59' title='bbox 1541 927 1762 982; x_wconf 87' lang='lat' dir='ltr'><strong>multam</strong></span> <span class='ocrx_word' id='word_1_60' title='bbox 1795 925 2046 981; x_wconf 85' lang='lat' dir='ltr'><strong>incredu-</strong></span> 
     </span>
    </p>
   </div>
   <div class='ocr_carea' id='block_1_11' title="bbox 476 1018 2043 1091">
    <p class='ocr_par' dir='ltr' id='par_1_11' title="bbox 476 1018 2043 1091">
     <span class='ocr_line' id='line_1_11' title="bbox 476 1018 2043 1091; baseline -0.007 -10"><span class='ocrx_word' id='word_1_61' title='bbox 476 1027 684 1081; x_wconf 86' lang='lat' dir='ltr'><strong>litalem</strong></span> <span class='ocrx_word' id='word_1_62' title='bbox 720 1023 1092 1080; x_wconf 87' lang='lat' dir='ltr'><strong>condemnari.</strong></span> <span class='ocrx_word' id='word_1_63' title='bbox 1127 1021 1298 1091; x_wconf 78' lang='lat' dir='ltr'><strong>igitur</strong></span> <span class='ocrx_word' id='word_1_64' title='bbox 1328 1020 1584 1090; x_wconf 87' lang='lat' dir='ltr'><strong>quoniam</strong></span> <span class='ocrx_word' id='word_1_65' title='bbox 1634 1018 1863 1076; x_wconf 70' lang='lat' dir='ltr'><strong>inﬁrmae</strong></span> <span class='ocrx_word' id='word_1_66' title='bbox 1891 1032 2043 1071; x_wconf 89' lang='lat' dir='ltr'><strong>men-</strong></span> 
     </span>
    </p>
   </div>
   <div class='ocr_carea' id='block_1_12' title="bbox 479 1106 2049 1186">
    <p class='ocr_par' dir='ltr' id='par_1_12' title="bbox 479 1106 2049 1186">
     <span class='ocr_line' id='line_1_12' title="bbox 479 1106 2049 1186; baseline -0.006 -16"><span class='ocrx_word' id='word_1_67' title='bbox 479 1118 549 1172; x_wconf 89' lang='lat' dir='ltr'><strong>tis</strong></span> <span class='ocrx_word' id='word_1_68' title='bbox 577 1126 693 1171; x_wconf 88' lang='lat' dir='ltr'><strong>crat</strong></span> <span class='ocrx_word' id='word_1_69' title='bbox 727 1116 930 1186; x_wconf 86' lang='lat' dir='ltr'><strong>regius,</strong></span> <span class='ocrx_word' id='word_1_70' title='bbox 965 1123 1018 1167; x_wconf 93' lang='lat' dir='ltr'><strong>et</strong></span> <span class='ocrx_word' id='word_1_71' title='bbox 1047 1114 1269 1184; x_wconf 90' lang='lat' dir='ltr'><strong>urgebat</strong></span> <span class='ocrx_word' id='word_1_72' title='bbox 1296 1110 1580 1167; x_wconf 90' lang='lat' dir='ltr'><strong>Dominum</strong></span> <span class='ocrx_word' id='word_1_73' title='bbox 1614 1119 1670 1161; x_wconf 93' lang='lat' dir='ltr'><strong>ut</strong></span> <span class='ocrx_word' id='word_1_74' title='bbox 1693 1106 2049 1165; x_wconf 83' lang='lat' dir='ltr'><strong>descenderet</strong></span> 
     </span>
    </p>
   </div>
   <div class='ocr_carea' id='block_1_13' title="bbox 477 1195 2045 1266">
    <p class='ocr_par' dir='ltr' id='par_1_13' title="bbox 477 1195 2045 1266">
     <span class='ocr_line' id='line_1_13' title="bbox 477 1195 2045 1266; baseline -0.008 -4"><span class='ocrx_word' id='word_1_75' title='bbox 477 1208 544 1262; x_wconf 90' lang='lat' dir='ltr'><strong>ad</strong></span> <span class='ocrx_word' id='word_1_76' title='bbox 591 1208 889 1262; x_wconf 87' lang='lat' dir='ltr'><strong>sanandum</strong></span> <span class='ocrx_word' id='word_1_77' title='bbox 936 1206 1100 1260; x_wconf 82' lang='lat' dir='ltr'><strong>lilium</strong></span> <span class='ocrx_word' id='word_1_78' title='bbox 1135 1221 1149 1258; x_wconf 90' lang='lat'><strong>:</strong></span> <span class='ocrx_word' id='word_1_79' title='bbox 1179 1202 1473 1258; x_wconf 90' lang='lat' dir='ltr'><strong>ostendens</strong></span> <span class='ocrx_word' id='word_1_80' title='bbox 1501 1200 1549 1255; x_wconf 92' lang='lat' dir='ltr'><strong>ei</strong></span> <span class='ocrx_word' id='word_1_81' title='bbox 1608 1198 1855 1261; x_wconf 80' lang='lat' dir='ltr'><strong>Salvator</strong></span> <span class='ocrx_word' id='word_1_82' title='bbox 1903 1195 2045 1266; x_wconf 85' lang='lat' dir='ltr'><strong>quod</strong></span> 
     </span>
    </p>
   </div>
   <div class='ocr_carea' id='block_1_14' title="bbox 475 1289 2046 1368">
    <p class='ocr_par' dir='ltr' id='par_1_14' title="bbox 475 1289 2046 1368">
     <span class='ocr_line' id='line_1_14' title="bbox 475 1289 2046 1368; baseline -0.005 -14"><span class='ocrx_word' id='word_1_83' title='bbox 475 1300 640 1356; x_wconf 86' lang='lat' dir='ltr'><strong>etiam</strong></span> <span class='ocrx_word' id='word_1_84' title='bbox 690 1299 885 1355; x_wconf 86' lang='lat' dir='ltr'><strong>absens</strong></span> <span class='ocrx_word' id='word_1_85' title='bbox 935 1306 1118 1368; x_wconf 81' lang='lat' dir='ltr'><strong>posset</strong></span> <span class='ocrx_word' id='word_1_86' title='bbox 1150 1297 1324 1365; x_wconf 89' lang='lat' dir='ltr'><strong>ipsum</strong></span> <span class='ocrx_word' id='word_1_87' title='bbox 1364 1308 1581 1358; x_wconf 88' lang='lat' dir='ltr'><strong>sanare,</strong></span> <span class='ocrx_word' id='word_1_88' title='bbox 1617 1291 1788 1347; x_wconf 84' lang='lat' dir='ltr'><strong>dicit:</strong></span> <span class='ocrx_word' id='word_1_89' title='bbox 1821 1310 1839 1343; x_wconf 77' lang='grc' dir='ltr'><strong>ι</strong></span> <span class='ocrx_word' id='word_1_90' title='bbox 1878 1289 2046 1356; x_wconf 84' lang='lat' dir='ltr'><strong>Vade,</strong></span> 
     </span>
    </p>
   </div>
   <div class='ocr_carea' id='block_1_15' title="bbox 481 1384 2049 1456">
    <p class='ocr_par' dir='ltr' id='par_1_15' title="bbox 481 1384 2049 1456">
     <span class='ocr_line' id='line_1_15' title="bbox 481 1384 2049 1456; baseline -0.004 -13"><span class='ocrx_word' id='word_1_91' title='bbox 481 1390 624 1447; x_wconf 88' lang='lat' dir='ltr'><strong>lilius</strong></span> <span class='ocrx_word' id='word_1_92' title='bbox 680 1400 803 1444; x_wconf 89' lang='lat' dir='ltr'><strong>tuus</strong></span> <span class='ocrx_word' id='word_1_93' title='bbox 853 1389 1003 1451; x_wconf 86' lang='lat' dir='ltr'><strong>vivit.</strong></span> <span class='ocrx_word' id='word_1_94' title='bbox 1042 1406 1060 1440; x_wconf 75' lang='grc' dir='ltr'><strong>ι</strong></span> <span class='ocrx_word' id='word_1_95' title='bbox 1094 1388 1335 1456; x_wconf 90' lang='lat' dir='ltr'><strong>Denique</strong></span> <span class='ocrx_word' id='word_1_96' title='bbox 1382 1386 1537 1455; x_wconf 86' lang='lat' dir='ltr'><strong>pueri</strong></span> <span class='ocrx_word' id='word_1_97' title='bbox 1584 1385 1801 1454; x_wconf 86' lang='lat' dir='ltr'><strong>quidem</strong></span> <span class='ocrx_word' id='word_1_98' title='bbox 1836 1384 2049 1438; x_wconf 88' lang='lat' dir='ltr'><strong>sanavit</strong></span> 
     </span>
    </p>
   </div>
   <div class='ocr_carea' id='block_1_16' title="bbox 477 1474 2046 1551">
    <p class='ocr_par' dir='ltr' id='par_1_16' title="bbox 477 1474 2046 1551">
     <span class='ocr_line' id='line_1_16' title="bbox 477 1474 2046 1551; baseline -0.005 -16"><span class='ocrx_word' id='word_1_99' title='bbox 477 1481 707 1545; x_wconf 82' lang='lat' dir='ltr'><strong>febrem,</strong></span> <span class='ocrx_word' id='word_1_100' title='bbox 743 1479 914 1551; x_wconf 87' lang='lat' dir='ltr'><strong>patris</strong></span> <span class='ocrx_word' id='word_1_101' title='bbox 964 1488 1141 1533; x_wconf 89' lang='lat' dir='ltr'><strong>autem</strong></span> <span class='ocrx_word' id='word_1_102' title='bbox 1190 1474 1650 1535; x_wconf 80' lang='lat' dir='ltr'><strong>incredulitatem.</strong></span> <span class='ocrx_word' id='word_1_103' title='bbox 1685 1475 1840 1529; x_wconf 89' lang='lat' dir='ltr'><strong>Scias</strong></span> <span class='ocrx_word' id='word_1_104' title='bbox 1868 1483 2046 1529; x_wconf 90' lang='lat' dir='ltr'><strong>autem</strong></span> 
     </span>
    </p>
   </div>
   <div class='ocr_carea' id='block_1_17' title="bbox 478 1564 2048 1641">
    <p class='ocr_par' dir='ltr' id='par_1_17' title="bbox 478 1564 2048 1641">
     <span class='ocr_line' id='line_1_17' title="bbox 478 1564 2048 1641; baseline -0.003 -18"><span class='ocrx_word' id='word_1_105' title='bbox 478 1572 622 1627; x_wconf 88' lang='lat' dir='ltr'><strong>aliud</strong></span> <span class='ocrx_word' id='word_1_106' title='bbox 650 1587 770 1627; x_wconf 90' lang='lat' dir='ltr'><strong>esse</strong></span> <span class='ocrx_word' id='word_1_107' title='bbox 801 1572 1034 1641; x_wconf 83' lang='lat' dir='ltr'><strong>signum,</strong></span> <span class='ocrx_word' id='word_1_108' title='bbox 1053 1568 1200 1623; x_wconf 84' lang='lat' dir='ltr'><strong>aliud</strong></span> <span class='ocrx_word' id='word_1_109' title='bbox 1224 1567 1551 1638; x_wconf 77' lang='lat' dir='ltr'><strong>prodigium.</strong></span> <span class='ocrx_word' id='word_1_110' title='bbox 1577 1564 1708 1628; x_wconf 78' lang='lat' dir='ltr'><strong>Nam</strong></span> <span class='ocrx_word' id='word_1_111' title='bbox 1744 1565 2048 1637; x_wconf 78' lang='lat' dir='ltr'><strong>prodigium</strong></span> 
     </span>
    </p>
   </div>
   <div class='ocr_carea' id='block_1_18' title="bbox 481 1654 2047 1731">
    <p class='ocr_par' dir='ltr' id='par_1_18' title="bbox 481 1654 2047 1731">
     <span class='ocr_line' id='line_1_18' title="bbox 481 1654 2047 1731; baseline -0.006 -17"><span class='ocrx_word' id='word_1_112' title='bbox 481 1661 538 1727; x_wconf 76' lang='lat' dir='ltr'><strong>lit</strong></span> <span class='ocrx_word' id='word_1_113' title='bbox 566 1673 759 1731; x_wconf 71' lang='lat' dir='ltr'><strong>pra-ter</strong></span> <span class='ocrx_word' id='word_1_114' title='bbox 803 1670 1048 1714; x_wconf 87' lang='lat' dir='ltr'><strong>naturam</strong></span> <span class='ocrx_word' id='word_1_115' title='bbox 1074 1697 1089 1724; x_wconf 95' lang='lat'><strong>,</strong></span> <span class='ocrx_word' id='word_1_116' title='bbox 1120 1666 1177 1711; x_wconf 92' lang='lat' dir='ltr'><strong>ut</strong></span> <span class='ocrx_word' id='word_1_117' title='bbox 1204 1665 1286 1712; x_wconf 90' lang='lat' dir='ltr'><strong>est</strong></span> <span class='ocrx_word' id='word_1_118' title='bbox 1312 1655 1524 1727; x_wconf 89' lang='lat' dir='ltr'><strong>aperire</strong></span> <span class='ocrx_word' id='word_1_119' title='bbox 1550 1655 1736 1712; x_wconf 88' lang='lat' dir='ltr'><strong>oculos</strong></span> <span class='ocrx_word' id='word_1_120' title='bbox 1753 1654 1878 1710; x_wconf 80' lang='lat' dir='ltr'><strong>caeci</strong></span> <span class='ocrx_word' id='word_1_121' title='bbox 1913 1654 2047 1720; x_wconf 87' lang='lat' dir='ltr'><strong>uati,</strong></span> 
     </span>
    </p>
   </div>
   <div class='ocr_carea' id='block_1_19' title="bbox 478 1751 2050 1819">
    <p class='ocr_par' dir='ltr' id='par_1_19' title="bbox 478 1751 2050 1819">
     <span class='ocr_line' id='line_1_19' title="bbox 478 1751 2050 1819; baseline -0.006 -11"><span class='ocrx_word' id='word_1_122' title='bbox 478 1762 527 1808; x_wconf 92' lang='lat' dir='ltr'><strong>et</strong></span> <span class='ocrx_word' id='word_1_123' title='bbox 557 1754 795 1808; x_wconf 78' lang='lat' dir='ltr'><strong>excitare</strong></span> <span class='ocrx_word' id='word_1_124' title='bbox 832 1760 1105 1811; x_wconf 77' lang='lat' dir='ltr'><strong>monuum</strong></span> <span class='ocrx_word' id='word_1_125' title='bbox 1157 1766 1175 1805; x_wconf 90' lang='lat'><strong>:</strong></span> <span class='ocrx_word' id='word_1_126' title='bbox 1221 1751 1432 1819; x_wconf 81' lang='lat' dir='ltr'><strong>signum</strong></span> <span class='ocrx_word' id='word_1_127' title='bbox 1489 1757 1670 1802; x_wconf 84' lang='lat' dir='ltr'><strong>autem</strong></span> <span class='ocrx_word' id='word_1_128' title='bbox 1701 1762 1809 1803; x_wconf 92' lang='lat' dir='ltr'><strong>non</strong></span> <span class='ocrx_word' id='word_1_129' title='bbox 1852 1757 2050 1819; x_wconf 69' lang='lat' dir='ltr'><strong>praeter</strong></span> 
     </span>
    </p>
   </div>
   <div class='ocr_carea' id='block_1_20' title="bbox 2156 549 3730 627">
    <p class='ocr_par' dir='ltr' id='par_1_20' title="bbox 2156 549 3730 627">
     <span class='ocr_line' id='line_1_20' title="bbox 2156 549 3730 627; baseline -0.004 -19"><span class='ocrx_word' id='word_1_130' title='bbox 2156 559 2356 627; x_wconf 66' lang='grc' dir='ltr'>μέρους</span> <span class='ocrx_word' id='word_1_131' title='bbox 2413 555 2630 625; x_wconf 75' lang='grc' dir='ltr'>ἔχοντος</span> <span class='ocrx_word' id='word_1_132' title='bbox 2689 555 2831 626; x_wconf 77' lang='grc' dir='ltr'>(καὶ</span> <span class='ocrx_word' id='word_1_133' title='bbox 2878 552 2987 624; x_wconf 68' lang='grc' dir='ltr'>γὰρ</span> <span class='ocrx_word' id='word_1_134' title='bbox 3021 553 3080 605; x_wconf 72' lang='grc' dir='ltr'>τὸ</span> <span class='ocrx_word' id='word_1_135' title='bbox 3113 555 3313 616; x_wconf 81' lang='grc' dir='ltr'>είπείν,</span> <span class='ocrx_word' id='word_1_136' title='bbox 3363 570 3384 602; x_wconf 71' lang='grc' dir='ltr'><strong>ι</strong></span> <span class='ocrx_word' id='word_1_137' title='bbox 3440 549 3730 620; x_wconf 77' lang='grc' dir='ltr'>Κατάὸηθι</span> 
     </span>
    </p>
   </div>
   <div class='ocr_carea' id='block_1_21' title="bbox 2157 639 3732 717">
    <p class='ocr_par' dir='ltr' id='par_1_21' title="bbox 2157 639 3732 717">
     <span class='ocr_line' id='line_1_21' title="bbox 2157 639 3732 717; baseline -0.006 -18"><span class='ocrx_word' id='word_1_138' title='bbox 2157 647 2286 717; x_wconf 76' lang='grc' dir='ltr'>πρὶν</span> <span class='ocrx_word' id='word_1_139' title='bbox 2312 645 2606 699; x_wconf 80' lang='grc' dir='ltr'><strong>ἀποθανεῖν</strong></span> <span class='ocrx_word' id='word_1_140' title='bbox 2631 645 2725 698; x_wconf 83' lang='grc' dir='ltr'>τὸν</span> <span class='ocrx_word' id='word_1_141' title='bbox 2768 643 2884 698; x_wconf 79' lang='grc' dir='ltr'>υἱόν</span> <span class='ocrx_word' id='word_1_142' title='bbox 2911 659 3013 712; x_wconf 87' lang='grc' dir='ltr'>μου</span> <span class='ocrx_word' id='word_1_143' title='bbox 3034 684 3049 707; x_wconf 88' lang='grc'><strong>,</strong></span> <span class='ocrx_word' id='word_1_144' title='bbox 3089 660 3108 695; x_wconf 73' lang='grc' dir='ltr'><strong>ι</strong></span> <span class='ocrx_word' id='word_1_145' title='bbox 3156 642 3258 711; x_wconf 76' lang='grc' dir='ltr'>τὴν</span> <span class='ocrx_word' id='word_1_146' title='bbox 3306 641 3610 694; x_wconf 75' lang='grc' dir='ltr'>ἀσθένειαν</span> <span class='ocrx_word' id='word_1_147' title='bbox 3642 639 3732 707; x_wconf 75' lang='grc' dir='ltr'>τῆς</span> 
     </span>
    </p>
   </div>
   <div class='ocr_carea' id='block_1_22' title="bbox 2155 732 3731 806">
    <p class='ocr_par' dir='ltr' id='par_1_22' title="bbox 2155 732 3731 806">
     <span class='ocr_line' id='line_1_22' title="bbox 2155 732 3731 806; baseline -0.004 -16"><span class='ocrx_word' id='word_1_148' title='bbox 2155 738 2393 800; x_wconf 85' lang='grc' dir='ltr'>πίστεως</span> <span class='ocrx_word' id='word_1_149' title='bbox 2419 735 2583 789; x_wconf 76' lang='grc' dir='ltr'>αὐτοῦ</span> <span class='ocrx_word' id='word_1_150' title='bbox 2616 734 2870 805; x_wconf 75' lang='grc' dir='ltr'><strong>ἐμφαίνει</strong></span> <span class='ocrx_word' id='word_1_151' title='bbox 2893 777 2909 801; x_wconf 90' lang='grc'><strong>,</strong></span> <span class='ocrx_word' id='word_1_152' title='bbox 2941 735 3015 799; x_wconf 85' lang='grc' dir='ltr'>ὡς</span> <span class='ocrx_word' id='word_1_153' title='bbox 3044 735 3117 806; x_wconf 82' lang='grc' dir='ltr'>μὴ</span> <span class='ocrx_word' id='word_1_154' title='bbox 3148 735 3530 798; x_wconf 84' lang='grc' dir='ltr'>πιστεύοντος,</span> <span class='ocrx_word' id='word_1_155' title='bbox 3569 733 3652 785; x_wconf 79' lang='grc' dir='ltr'>ὅτι</span> <span class='ocrx_word' id='word_1_156' title='bbox 3686 732 3731 784; x_wconf 81' lang='grc' dir='ltr'><strong>εί</strong></span> 
     </span>
    </p>
   </div>
   <div class='ocr_carea' id='block_1_23' title="bbox 2153 823 3729 901">
    <p class='ocr_par' dir='ltr' id='par_1_23' title="bbox 2153 823 3729 901">
     <span class='ocr_line' id='line_1_23' title="bbox 2153 823 3729 901; baseline -0.002 -18"><span class='ocrx_word' id='word_1_157' title='bbox 2153 831 2247 884; x_wconf 81' lang='grc' dir='ltr'>καὶ</span> <span class='ocrx_word' id='word_1_158' title='bbox 2274 830 2454 901; x_wconf 78' lang='grc' dir='ltr'>συμϐῇ</span> <span class='ocrx_word' id='word_1_159' title='bbox 2485 829 2648 883; x_wconf 72' lang='grc' dir='ltr'>αὑτὸν</span> <span class='ocrx_word' id='word_1_160' title='bbox 2688 829 3003 889; x_wconf 82' lang='grc' dir='ltr'>ἀποθανεῖν,</span> <span class='ocrx_word' id='word_1_161' title='bbox 3038 828 3262 891; x_wconf 78' lang='grc' dir='ltr'>δυνατός</span> <span class='ocrx_word' id='word_1_162' title='bbox 3307 823 3462 882; x_wconf 61' lang='grc' dir='ltr'>ἐστιν</span> <span class='ocrx_word' id='word_1_163' title='bbox 3491 826 3729 896; x_wconf 83' lang='grc' dir='ltr'>ἀναστῆ-</span> 
     </span>
    </p>
   </div>
   <div class='ocr_carea' id='block_1_24' title="bbox 2156 917 3730 991">
    <p class='ocr_par' dir='ltr' id='par_1_24' title="bbox 2156 917 3730 991">
     <span class='ocr_line' id='line_1_24' title="bbox 2156 917 3730 991; baseline -0.003 -17"><span class='ocrx_word' id='word_1_164' title='bbox 2156 937 2246 974; x_wconf 74' lang='lat' dir='ltr'><strong>cat</strong></span> <span class='ocrx_word' id='word_1_165' title='bbox 2297 919 2520 990; x_wconf 78' lang='grc' dir='ltr'>αὐτὸν),</span> <span class='ocrx_word' id='word_1_166' title='bbox 2573 919 2665 973; x_wconf 83' lang='grc' dir='ltr'>διά</span> <span class='ocrx_word' id='word_1_167' title='bbox 2701 920 2878 973; x_wconf 87' lang='grc' dir='ltr'>ταῦτα</span> <span class='ocrx_word' id='word_1_168' title='bbox 2931 919 3025 973; x_wconf 72' lang='grc' dir='ltr'>οῦν</span> <span class='ocrx_word' id='word_1_169' title='bbox 3081 918 3505 988; x_wconf 79' lang='grc' dir='ltr'><strong>καθαπτόμενος</strong></span> <span class='ocrx_word' id='word_1_170' title='bbox 3553 917 3730 991; x_wconf 72' lang='grc' dir='ltr'>αὑτοῦ,</span> 
     </span>
    </p>
   </div>
   <div class='ocr_carea' id='block_1_25' title="bbox 2156 1010 3731 1087">
    <p class='ocr_par' dir='ltr' id='par_1_25' title="bbox 2156 1010 3731 1087">
     <span class='ocr_line' id='line_1_25' title="bbox 2156 1010 3731 1087; baseline -0.001 -24"><span class='ocrx_word' id='word_1_171' title='bbox 2156 1010 2318 1087; x_wconf 74' lang='grc' dir='ltr'>φησίν</span> <span class='ocrx_word' id='word_1_172' title='bbox 2345 1026 2359 1042; x_wconf 78' lang='grc' dir='ltr'><strong><em>ο</em></strong></span> <span class='ocrx_word' id='word_1_173' title='bbox 2399 1029 2418 1061; x_wconf 86' lang='grc'><strong><em>‹</em></strong></span> <span class='ocrx_word' id='word_1_174' title='bbox 2468 1010 2592 1064; x_wconf 71' lang='grc' dir='ltr'>Ἐὰν</span> <span class='ocrx_word' id='word_1_175' title='bbox 2622 1010 2697 1081; x_wconf 78' lang='grc' dir='ltr'>μὴ</span> <span class='ocrx_word' id='word_1_176' title='bbox 2734 1012 2936 1081; x_wconf 85' lang='grc' dir='ltr'>σημεῖα</span> <span class='ocrx_word' id='word_1_177' title='bbox 2968 1010 3063 1063; x_wconf 74' lang='grc' dir='ltr'>καὶ</span> <span class='ocrx_word' id='word_1_178' title='bbox 3104 1011 3307 1082; x_wconf 80' lang='grc' dir='ltr'>τέρατα</span> <span class='ocrx_word' id='word_1_179' title='bbox 3348 1011 3525 1081; x_wconf 79' lang='grc' dir='ltr'>ἴδητε,</span> <span class='ocrx_word' id='word_1_180' title='bbox 3559 1011 3619 1062; x_wconf 78' lang='grc' dir='ltr'>οῦ</span> <span class='ocrx_word' id='word_1_181' title='bbox 3664 1010 3731 1080; x_wconf 69' lang='grc' dir='ltr'>μὴ</span> 
     </span>
    </p>
   </div>
   <div class='ocr_carea' id='block_1_26' title="bbox 2154 1099 3734 1174">
    <p class='ocr_par' dir='ltr' id='par_1_26' title="bbox 2154 1099 3734 1174">
     <span class='ocr_line' id='line_1_26' title="bbox 2154 1099 3734 1174; baseline -0.008 -12"><span class='ocrx_word' id='word_1_182' title='bbox 2154 1100 2503 1174; x_wconf 74' lang='grc' dir='ltr'><strong>πιστεύσητε·</strong></span> <span class='ocrx_word' id='word_1_183' title='bbox 2536 1119 2556 1153; x_wconf 75' lang='grc' dir='ltr'><strong>ι</strong></span> <span class='ocrx_word' id='word_1_184' title='bbox 2587 1101 2704 1170; x_wconf 80' lang='grc' dir='ltr'>ᾆμα</span> <span class='ocrx_word' id='word_1_185' title='bbox 2732 1101 2789 1155; x_wconf 75' lang='grc' dir='ltr'><strong>δὲ</strong></span> <span class='ocrx_word' id='word_1_186' title='bbox 2816 1101 2910 1154; x_wconf 78' lang='grc' dir='ltr'>καὶ</span> <span class='ocrx_word' id='word_1_187' title='bbox 2942 1099 3051 1153; x_wconf 83' lang='grc' dir='ltr'><strong>τῶν</strong></span> <span class='ocrx_word' id='word_1_188' title='bbox 3085 1099 3288 1170; x_wconf 76' lang='grc' dir='ltr'>ἐτέρων</span> <span class='ocrx_word' id='word_1_189' title='bbox 3320 1100 3565 1152; x_wconf 79' lang='grc' dir='ltr'>πολιτῶν</span> <span class='ocrx_word' id='word_1_190' title='bbox 3610 1116 3734 1151; x_wconf 87' lang='grc' dir='ltr'>κατ-</span> 
     </span>
    </p>
   </div>
   <div class='ocr_carea' id='block_1_27' title="bbox 2157 1188 3732 1263">
    <p class='ocr_par' dir='ltr' id='par_1_27' title="bbox 2157 1188 3732 1263">
     <span class='ocr_line' id='line_1_27' title="bbox 2157 1188 3732 1263; baseline -0.004 -19"><span class='ocrx_word' id='word_1_191' title='bbox 2157 1192 2373 1262; x_wconf 84' lang='grc' dir='ltr'>ηγορῶν</span> <span class='ocrx_word' id='word_1_192' title='bbox 2430 1193 2542 1244; x_wconf 84' lang='grc' dir='ltr'>τῶν</span> <span class='ocrx_word' id='word_1_193' title='bbox 2601 1194 2660 1244; x_wconf 85' lang='grc' dir='ltr'>ὲν</span> <span class='ocrx_word' id='word_1_194' title='bbox 2706 1194 2772 1261; x_wconf 83' lang='grc' dir='ltr'>τῇ</span> <span class='ocrx_word' id='word_1_195' title='bbox 2837 1193 3234 1263; x_wconf 75' lang='grc' dir='ltr'>Καπερναούμ.</span> <span class='ocrx_word' id='word_1_196' title='bbox 3290 1189 3592 1242; x_wconf 79' lang='grc' dir='ltr'>Φαίνονται</span> <span class='ocrx_word' id='word_1_197' title='bbox 3634 1188 3732 1257; x_wconf 68' lang='grc' dir='ltr'>γὰρ</span> 
     </span>
    </p>
   </div>
   <div class='ocr_carea' id='block_1_28' title="bbox 2156 1281 3733 1359">
    <p class='ocr_par' dir='ltr' id='par_1_28' title="bbox 2156 1281 3733 1359">
     <span class='ocr_line' id='line_1_28' title="bbox 2156 1281 3733 1359; baseline -0.004 -19"><span class='ocrx_word' id='word_1_198' title='bbox 2156 1284 2431 1356; x_wconf 78' lang='grc' dir='ltr'><strong>πανταχοῦ</strong></span> <span class='ocrx_word' id='word_1_199' title='bbox 2479 1282 2679 1359; x_wconf 76' lang='grc' dir='ltr'>πολλὴν</span> <span class='ocrx_word' id='word_1_200' title='bbox 2718 1283 2981 1337; x_wconf 74' lang='grc' dir='ltr'><strong>ἀπιστίαν</strong></span> <span class='ocrx_word' id='word_1_201' title='bbox 3026 1282 3527 1354; x_wconf 86' lang='grc' dir='ltr'>κατηγορούμενοι.</span> <span class='ocrx_word' id='word_1_202' title='bbox 3590 1281 3733 1334; x_wconf 68' lang='grc' dir='ltr'>Ἐπεὶ</span> 
     </span>
    </p>
   </div>
   <div class='ocr_carea' id='block_1_29' title="bbox 2153 1372 3734 1448">
    <p class='ocr_par' dir='ltr' id='par_1_29' title="bbox 2153 1372 3734 1448">
     <span class='ocr_line' id='line_1_29' title="bbox 2153 1372 3734 1448; baseline -0.003 -17"><span class='ocrx_word' id='word_1_203' title='bbox 2153 1376 2246 1434; x_wconf 79' lang='grc' dir='ltr'>οῦν</span> <span class='ocrx_word' id='word_1_204' title='bbox 2272 1377 2503 1448; x_wconf 77' lang='grc' dir='ltr'>ἀσθενὴς</span> <span class='ocrx_word' id='word_1_205' title='bbox 2539 1372 2607 1448; x_wconf 76' lang='grc' dir='ltr'>ἦν</span> <span class='ocrx_word' id='word_1_206' title='bbox 2630 1376 2659 1428; x_wconf 99' lang='lat'><strong>6</strong></span> <span class='ocrx_word' id='word_1_207' title='bbox 2690 1376 2971 1448; x_wconf 82' lang='grc' dir='ltr'>βασιλικὸς</span> <span class='ocrx_word' id='word_1_208' title='bbox 2996 1377 3095 1447; x_wconf 78' lang='grc' dir='ltr'>τὴν</span> <span class='ocrx_word' id='word_1_209' title='bbox 3155 1375 3415 1447; x_wconf 84' lang='grc' dir='ltr'>γνώμην,</span> <span class='ocrx_word' id='word_1_210' title='bbox 3468 1375 3570 1427; x_wconf 78' lang='grc' dir='ltr'>καὶ</span> <span class='ocrx_word' id='word_1_211' title='bbox 3615 1391 3734 1427; x_wconf 77' lang='grc' dir='ltr'>κατ-</span> 
     </span>
    </p>
   </div>
   <div class='ocr_carea' id='block_1_30' title="bbox 2156 1463 3737 1542">
    <p class='ocr_par' dir='ltr' id='par_1_30' title="bbox 2156 1463 3737 1542">
     <span class='ocr_line' id='line_1_30' title="bbox 2156 1463 3737 1542; baseline -0.003 -20"><span class='ocrx_word' id='word_1_212' title='bbox 2156 1470 2353 1542; x_wconf 81' lang='grc' dir='ltr'>ήπειγε</span> <span class='ocrx_word' id='word_1_213' title='bbox 2387 1470 2479 1522; x_wconf 84' lang='grc' dir='ltr'>τὸν</span> <span class='ocrx_word' id='word_1_214' title='bbox 2511 1468 2714 1541; x_wconf 82' lang='grc' dir='ltr'><strong>Κύριον</strong></span> <span class='ocrx_word' id='word_1_215' title='bbox 2755 1468 3038 1525; x_wconf 79' lang='grc' dir='ltr'><strong>κατελθεῖν</strong></span> <span class='ocrx_word' id='word_1_216' title='bbox 3066 1463 3479 1539; x_wconf 84' lang='grc' dir='ltr'>είς⁸θεραπείαν</span> <span class='ocrx_word' id='word_1_217' title='bbox 3498 1465 3598 1519; x_wconf 84' lang='grc' dir='ltr'>τοῦ</span> <span class='ocrx_word' id='word_1_218' title='bbox 3625 1484 3737 1518; x_wconf 79' lang='grc' dir='ltr'>παι-</span> 
     </span>
    </p>
   </div>
   <div class='ocr_carea' id='block_1_31' title="bbox 2154 1558 3733 1633">
    <p class='ocr_par' dir='ltr' id='par_1_31' title="bbox 2154 1558 3733 1633">
     <span class='ocr_line' id='line_1_31' title="bbox 2154 1558 3733 1633; baseline -0.004 -17"><span class='ocrx_word' id='word_1_219' title='bbox 2154 1562 2263 1628; x_wconf 81' lang='grc' dir='ltr'>δὸς,</span> <span class='ocrx_word' id='word_1_220' title='bbox 2294 1561 2553 1616; x_wconf 81' lang='grc' dir='ltr'><strong>δεικνύων</strong></span> <span class='ocrx_word' id='word_1_221' title='bbox 2580 1561 2730 1633; x_wconf 73' lang='grc' dir='ltr'>αὐτῷ</span> <span class='ocrx_word' id='word_1_222' title='bbox 2751 1564 2778 1616; x_wconf 91' lang='lat'><strong>6</strong></span> <span class='ocrx_word' id='word_1_223' title='bbox 2823 1561 3037 1633; x_wconf 83' lang='grc' dir='ltr'>Σωτὴρ,</span> <span class='ocrx_word' id='word_1_224' title='bbox 3069 1562 3152 1615; x_wconf 83' lang='grc' dir='ltr'>ὃτι</span> <span class='ocrx_word' id='word_1_225' title='bbox 3185 1563 3278 1615; x_wconf 74' lang='grc' dir='ltr'>καὶ</span> <span class='ocrx_word' id='word_1_226' title='bbox 3311 1559 3480 1614; x_wconf 84' lang='grc' dir='ltr'>ἀπὼν</span> <span class='ocrx_word' id='word_1_227' title='bbox 3512 1558 3733 1612; x_wconf 77' lang='grc' dir='ltr'>δύναται</span> 
     </span>
    </p>
   </div>
   <div class='ocr_carea' id='block_1_32' title="bbox 2156 1649 3733 1727">
    <p class='ocr_par' dir='ltr' id='par_1_32' title="bbox 2156 1649 3733 1727">
     <span class='ocr_line' id='line_1_32' title="bbox 2156 1649 3733 1727; baseline -0.003 -19"><span class='ocrx_word' id='word_1_228' title='bbox 2156 1653 2318 1709; x_wconf 82' lang='grc' dir='ltr'>αὑτὸν</span> <span class='ocrx_word' id='word_1_229' title='bbox 2344 1652 2703 1726; x_wconf 86' lang='grc' dir='ltr'>θεραπεῦσαι,</span> <span class='ocrx_word' id='word_1_230' title='bbox 2734 1653 2886 1722; x_wconf 81' lang='grc' dir='ltr'>λέγει</span> <span class='ocrx_word' id='word_1_231' title='bbox 2910 1670 2924 1685; x_wconf 79' lang='lat'><strong>-</strong></span> <span class='ocrx_word' id='word_1_232' title='bbox 2950 1673 2969 1707; x_wconf 74' lang='grc' dir='ltr'><strong>ι</strong></span> <span class='ocrx_word' id='word_1_233' title='bbox 3004 1654 3267 1727; x_wconf 76' lang='grc' dir='ltr'><strong>Πορεύου,</strong></span> <span class='ocrx_word' id='word_1_234' title='bbox 3294 1655 3326 1707; x_wconf 91' lang='lat'><strong>6</strong></span> <span class='ocrx_word' id='word_1_235' title='bbox 3350 1653 3469 1715; x_wconf 82' lang='grc' dir='ltr'>υἱός</span> <span class='ocrx_word' id='word_1_236' title='bbox 3496 1668 3592 1705; x_wconf 84' lang='grc' dir='ltr'><strong>σου</strong></span> <span class='ocrx_word' id='word_1_237' title='bbox 3611 1649 3692 1722; x_wconf 70' lang='grc' dir='ltr'><strong>ζῇ.</strong></span> <span class='ocrx_word' id='word_1_238' title='bbox 3712 1668 3733 1711; x_wconf 73' lang='grc' dir='ltr'><strong>ι</strong></span> 
     </span>
    </p>
   </div>
   <div class='ocr_carea' id='block_1_33' title="bbox 2168 1741 3739 1816">
    <p class='ocr_par' dir='ltr' id='par_1_33' title="bbox 2168 1741 3739 1816">
     <span class='ocr_line' id='line_1_33' title="bbox 2168 1741 3739 1816; baseline -0.002 -18"><span class='ocrx_word' id='word_1_239' title='bbox 2168 1741 2388 1815; x_wconf 76' lang='grc' dir='ltr'>Ἀ’μέλει</span> <span class='ocrx_word' id='word_1_240' title='bbox 2416 1744 2509 1799; x_wconf 85' lang='grc' dir='ltr'><strong>τοῦ</strong></span> <span class='ocrx_word' id='word_1_241' title='bbox 2540 1744 2642 1816; x_wconf 81' lang='grc' dir='ltr'>μὲν</span> <span class='ocrx_word' id='word_1_242' title='bbox 2668 1745 2857 1809; x_wconf 68' lang='grc' dir='ltr'>παιδὸς</span> <span class='ocrx_word' id='word_1_243' title='bbox 2886 1744 2978 1798; x_wconf 83' lang='grc' dir='ltr'>τὸν</span> <span class='ocrx_word' id='word_1_244' title='bbox 3020 1745 3275 1815; x_wconf 77' lang='grc' dir='ltr'>πυρετὸν,</span> <span class='ocrx_word' id='word_1_245' title='bbox 3308 1744 3407 1798; x_wconf 89' lang='grc' dir='ltr'>τοῦ</span> <span class='ocrx_word' id='word_1_246' title='bbox 3441 1744 3653 1815; x_wconf 71' lang='grc' dir='ltr'>πατρὸς</span> <span class='ocrx_word' id='word_1_247' title='bbox 3686 1743 3739 1796; x_wconf 68' lang='grc' dir='ltr'><strong>δὲ</strong></span> 
     </span>
    </p>
   </div>
   <div class='ocr_carea' id='block_1_34' title="bbox 479 1835 2063 1911">
    <p class='ocr_par' dir='ltr' id='par_1_34' title="bbox 479 1838 2049 1908">
     <span class='ocr_line' id='line_1_34' title="bbox 479 1838 2049 1908; baseline -0.004 -9"><span class='ocrx_word' id='word_1_248' title='bbox 479 1855 752 1908; x_wconf 88' lang='lat' dir='ltr'><strong>naturam,</strong></span> <span class='ocrx_word' id='word_1_249' title='bbox 792 1852 851 1904; x_wconf 83' lang='lat' dir='ltr'><strong>ut</strong></span> <span class='ocrx_word' id='word_1_250' title='bbox 890 1851 976 1903; x_wconf 87' lang='lat' dir='ltr'><strong>est</strong></span> <span class='ocrx_word' id='word_1_251' title='bbox 1022 1855 1215 1898; x_wconf 89' lang='lat' dir='ltr'><strong>sanare</strong></span> <span class='ocrx_word' id='word_1_252' title='bbox 1241 1841 1536 1903; x_wconf 84' lang='lat' dir='ltr'><strong>inlirmum.</strong></span> <span class='ocrx_word' id='word_1_253' title='bbox 1571 1838 1823 1899; x_wconf 81' lang='lat' dir='ltr'><strong>Perﬁciet</strong></span> <span class='ocrx_word' id='word_1_254' title='bbox 1871 1847 2049 1894; x_wconf 88' lang='lat' dir='ltr'><strong>autem</strong></span> 
     </span>
    </p>
   </div>
   <div class='ocr_carea' id='block_1_35' title="bbox 2169 1835 3738 1911">
    <p class='ocr_par' dir='ltr' id='par_1_35' title="bbox 2169 1835 3738 1911">
     <span class='ocr_line' id='line_1_35' title="bbox 2169 1835 3738 1911; baseline 0 -22"><span class='ocrx_word' id='word_1_255' title='bbox 2169 1836 2249 1911; x_wconf 71' lang='grc' dir='ltr'><strong>τὴν</strong></span> <span class='ocrx_word' id='word_1_256' title='bbox 2285 1837 2543 1891; x_wconf 79' lang='grc' dir='ltr'><strong>ἀπιστίαν</strong></span> <span class='ocrx_word' id='word_1_257' title='bbox 2608 1837 2815 1899; x_wconf 79' lang='grc' dir='ltr'>ιάσατο.</span> <span class='ocrx_word' id='word_1_258' title='bbox 2865 1837 3107 1893; x_wconf 85' lang='grc' dir='ltr'>Γίνωσκε</span> <span class='ocrx_word' id='word_1_259' title='bbox 3143 1837 3221 1904; x_wconf 82' lang='grc' dir='ltr'><strong>δὲ,</strong></span> <span class='ocrx_word' id='word_1_260' title='bbox 3261 1837 3336 1900; x_wconf 84' lang='grc' dir='ltr'>ὡς</span> <span class='ocrx_word' id='word_1_261' title='bbox 3370 1836 3505 1890; x_wconf 76' lang='grc' dir='ltr'>ἄλλο</span> <span class='ocrx_word' id='word_1_262' title='bbox 3558 1835 3738 1906; x_wconf 79' lang='grc' dir='ltr'>τέρας,</span> 
     </span>
    </p>
   </div>
   <div class='ocr_carea' id='block_1_36' title="bbox 477 1931 2051 2003">
    <p class='ocr_par' dir='ltr' id='par_1_36' title="bbox 477 1931 2051 2003">
     <span class='ocr_line' id='line_1_36' title="bbox 477 1931 2051 2003; baseline -0.004 -12"><span class='ocrx_word' id='word_1_263' title='bbox 477 1946 534 1991; x_wconf 87' lang='lat' dir='ltr'><strong>et</strong></span> <span class='ocrx_word' id='word_1_264' title='bbox 565 1951 707 1991; x_wconf 92' lang='lat' dir='ltr'><strong>nunc</strong></span> <span class='ocrx_word' id='word_1_265' title='bbox 754 1936 859 1991; x_wconf 88' lang='lat' dir='ltr'><strong>hoc</strong></span> <span class='ocrx_word' id='word_1_266' title='bbox 900 1935 1220 1990; x_wconf 86' lang='lat' dir='ltr'><strong>miraculum</strong></span> <span class='ocrx_word' id='word_1_267' title='bbox 1256 1933 1551 1997; x_wconf 86' lang='lat' dir='ltr'><strong>Dominus,</strong></span> <span class='ocrx_word' id='word_1_268' title='bbox 1609 1932 1654 1987; x_wconf 87' lang='lat' dir='ltr'><strong>si</strong></span> <span class='ocrx_word' id='word_1_269' title='bbox 1716 1931 1840 2003; x_wconf 88' lang='lat' dir='ltr'><strong>quis</strong></span> <span class='ocrx_word' id='word_1_270' title='bbox 1899 1931 2051 1986; x_wconf 84' lang='lat' dir='ltr'><strong>illum</strong></span> 
     </span>
    </p>
   </div>
   <div class='ocr_carea' id='block_1_37' title="bbox 479 2023 2052 2096">
    <p class='ocr_par' dir='ltr' id='par_1_37' title="bbox 479 2023 2052 2096">
     <span class='ocr_line' id='line_1_37' title="bbox 479 2023 2052 2096; baseline -0.005 -13"><span class='ocrx_word' id='word_1_271' title='bbox 479 2029 656 2084; x_wconf 84' lang='lat' dir='ltr'><strong>adeat.</strong></span> <span class='ocrx_word' id='word_1_272' title='bbox 683 2027 872 2085; x_wconf 86' lang='lat' dir='ltr'><strong>Omnis</strong></span> <span class='ocrx_word' id='word_1_273' title='bbox 927 2029 1087 2084; x_wconf 90' lang='lat' dir='ltr'><strong>homo</strong></span> <span class='ocrx_word' id='word_1_274' title='bbox 1133 2036 1217 2084; x_wconf 90' lang='lat' dir='ltr'><strong>est</strong></span> <span class='ocrx_word' id='word_1_275' title='bbox 1259 2027 1444 2096; x_wconf 89' lang='lat' dir='ltr'><strong>regius</strong></span> <span class='ocrx_word' id='word_1_276' title='bbox 1476 2026 1695 2096; x_wconf 90' lang='lat' dir='ltr'><strong>quidam</strong></span> <span class='ocrx_word' id='word_1_277' title='bbox 1728 2038 1833 2079; x_wconf 91' lang='lat' dir='ltr'><strong>non</strong></span> <span class='ocrx_word' id='word_1_278' title='bbox 1880 2023 2052 2078; x_wconf 89' lang='lat' dir='ltr'><strong>solum</strong></span> 
     </span>
    </p>
   </div>
   <div class='ocr_carea' id='block_1_38' title="bbox 481 2114 2056 2190">
    <p class='ocr_par' dir='ltr' id='par_1_38' title="bbox 481 2114 2056 2190">
     <span class='ocr_line' id='line_1_38' title="bbox 481 2114 2056 2190; baseline -0.002 -18"><span class='ocrx_word' id='word_1_279' title='bbox 481 2120 658 2189; x_wconf 87' lang='lat' dir='ltr'><strong>quoad</strong></span> <span class='ocrx_word' id='word_1_280' title='bbox 680 2129 942 2189; x_wconf 88' lang='lat' dir='ltr'><strong>cognatus</strong></span> <span class='ocrx_word' id='word_1_281' title='bbox 970 2128 1188 2190; x_wconf 83' lang='lat' dir='ltr'><strong>propter</strong></span> <span class='ocrx_word' id='word_1_282' title='bbox 1229 2119 1465 2174; x_wconf 82' lang='lat' dir='ltr'><strong>animam</strong></span> <span class='ocrx_word' id='word_1_283' title='bbox 1501 2116 1614 2184; x_wconf 79' lang='lat' dir='ltr'><strong>regi</strong></span> <span class='ocrx_word' id='word_1_284' title='bbox 1638 2114 1916 2180; x_wconf 90' lang='lat' dir='ltr'><strong>omnium,</strong></span> <span class='ocrx_word' id='word_1_285' title='bbox 1962 2114 2056 2171; x_wconf 86' lang='lat' dir='ltr'><strong>sed</strong></span> 
     </span>
    </p>
   </div>
   <div class='ocr_carea' id='block_1_39' title="bbox 483 2212 2059 2284">
    <p class='ocr_par' dir='ltr' id='par_1_39' title="bbox 483 2212 2059 2284">
     <span class='ocr_line' id='line_1_39' title="bbox 483 2212 2059 2284; baseline -0.001 -16"><span class='ocrx_word' id='word_1_286' title='bbox 483 2214 647 2273; x_wconf 85' lang='lat' dir='ltr'><strong>etiam</strong></span> <span class='ocrx_word' id='word_1_287' title='bbox 681 2213 821 2282; x_wconf 87' lang='lat' dir='ltr'><strong>quod</strong></span> <span class='ocrx_word' id='word_1_288' title='bbox 873 2212 987 2281; x_wconf 83' lang='lat' dir='ltr'><strong>ipse</strong></span> <span class='ocrx_word' id='word_1_289' title='bbox 1040 2213 1242 2282; x_wconf 89' lang='lat' dir='ltr'><strong>regiam</strong></span> <span class='ocrx_word' id='word_1_290' title='bbox 1302 2212 1618 2284; x_wconf 85' lang='lat' dir='ltr'><strong>dignitatem</strong></span> <span class='ocrx_word' id='word_1_291' title='bbox 1668 2225 1830 2283; x_wconf 85' lang='lat' dir='ltr'><strong>supra</strong></span> <span class='ocrx_word' id='word_1_292' title='bbox 1866 2224 2059 2272; x_wconf 80' lang='lat' dir='ltr'><strong>omnes</strong></span> 
     </span>
    </p>
   </div>
   <div class='ocr_carea' id='block_1_40' title="bbox 485 2304 2061 2375">
    <p class='ocr_par' dir='ltr' id='par_1_40' title="bbox 485 2304 2061 2375">
     <span class='ocr_line' id='line_1_40' title="bbox 485 2304 2061 2375; baseline 0 -16"><span class='ocrx_word' id='word_1_293' title='bbox 485 2305 712 2375; x_wconf 77' lang='lat' dir='ltr'><strong>accepit.</strong></span> <span class='ocrx_word' id='word_1_294' title='bbox 748 2305 1025 2365; x_wconf 82' lang='lat' dir='ltr'><strong>Invenitur</strong></span> <span class='ocrx_word' id='word_1_295' title='bbox 1055 2315 1232 2362; x_wconf 88' lang='lat' dir='ltr'><strong>autem</strong></span> <span class='ocrx_word' id='word_1_296' title='bbox 1270 2320 1412 2375; x_wconf 70' lang='lat' dir='ltr'><strong>saepe</strong></span> <span class='ocrx_word' id='word_1_297' title='bbox 1436 2306 1641 2362; x_wconf 87' lang='lat' dir='ltr'><strong>habens</strong></span> <span class='ocrx_word' id='word_1_298' title='bbox 1671 2304 1886 2375; x_wconf 85' lang='lat' dir='ltr'><strong>quidem</strong></span> <span class='ocrx_word' id='word_1_299' title='bbox 1909 2318 2061 2360; x_wconf 86' lang='lat' dir='ltr'><strong>men-</strong></span> 
     </span>
    </p>
   </div>
   <div class='ocr_carea' id='block_1_41' title="bbox 485 2395 2061 2467">
    <p class='ocr_par' dir='ltr' id='par_1_41' title="bbox 485 2395 2061 2467">
     <span class='ocr_line' id='line_1_41' title="bbox 485 2395 2061 2467; baseline -0.001 -18"><span class='ocrx_word' id='word_1_300' title='bbox 485 2406 589 2452; x_wconf 86' lang='lat' dir='ltr'><strong>tem</strong></span> <span class='ocrx_word' id='word_1_301' title='bbox 638 2398 790 2467; x_wconf 86' lang='lat' dir='ltr'><strong>quasi</strong></span> <span class='ocrx_word' id='word_1_302' title='bbox 844 2396 1010 2451; x_wconf 85' lang='lat' dir='ltr'><strong>lilium</strong></span> <span class='ocrx_word' id='word_1_303' title='bbox 1062 2397 1183 2467; x_wconf 87' lang='lat' dir='ltr'><strong>igne</strong></span> <span class='ocrx_word' id='word_1_304' title='bbox 1238 2396 1550 2457; x_wconf 81' lang='lat' dir='ltr'><strong>illicitarum</strong></span> <span class='ocrx_word' id='word_1_305' title='bbox 1586 2395 1930 2465; x_wconf 88' lang='lat' dir='ltr'><strong>voluptatum</strong></span> <span class='ocrx_word' id='word_1_306' title='bbox 2005 2401 2061 2448; x_wconf 92' lang='lat' dir='ltr'><strong>et</strong></span> 
     </span>
    </p>
   </div>
   <div class='ocr_carea' id='block_1_42' title="bbox 482 2486 2063 2560">
    <p class='ocr_par' dir='ltr' id='par_1_42' title="bbox 482 2486 2063 2560">
     <span class='ocr_line' id='line_1_42' title="bbox 482 2486 2063 2560; baseline -0.001 -17"><span class='ocrx_word' id='word_1_307' title='bbox 482 2488 934 2559; x_wconf 83' lang='lat' dir='ltr'><strong>concupiscentiis</strong></span> <span class='ocrx_word' id='word_1_308' title='bbox 951 2489 1090 2543; x_wconf 82' lang='lat' dir='ltr'><strong>male</strong></span> <span class='ocrx_word' id='word_1_309' title='bbox 1107 2488 1466 2545; x_wconf 79' lang='lat' dir='ltr'><strong>laborantem.</strong></span> <span class='ocrx_word' id='word_1_310' title='bbox 1495 2487 1552 2543; x_wconf 93' lang='lat' dir='ltr'><strong>Si</strong></span> <span class='ocrx_word' id='word_1_311' title='bbox 1578 2489 1743 2560; x_wconf 83' lang='lat' dir='ltr'><strong>igitur</strong></span> <span class='ocrx_word' id='word_1_312' title='bbox 1766 2486 2063 2547; x_wconf 79' lang='lat' dir='ltr'><strong>accesserit</strong></span> 
     </span>
    </p>
   </div>
   <div class='ocr_carea' id='block_1_43' title="bbox 483 2578 2059 2653">
    <p class='ocr_par' dir='ltr' id='par_1_43' title="bbox 483 2578 2059 2653">
     <span class='ocr_line' id='line_1_43' title="bbox 483 2578 2059 2653; baseline -0.005 -14"><span class='ocrx_word' id='word_1_313' title='bbox 483 2578 550 2639; x_wconf 80' lang='lat' dir='ltr'><strong>ad</strong></span> <span class='ocrx_word' id='word_1_314' title='bbox 575 2578 788 2645; x_wconf 75' lang='lat' dir='ltr'><strong>Jesum,</strong></span> <span class='ocrx_word' id='word_1_315' title='bbox 815 2588 870 2636; x_wconf 91' lang='lat' dir='ltr'><strong>et</strong></span> <span class='ocrx_word' id='word_1_316' title='bbox 907 2579 1157 2653; x_wconf 82' lang='lat' dir='ltr'><strong>petiverit</strong></span> <span class='ocrx_word' id='word_1_317' title='bbox 1177 2581 1244 2635; x_wconf 88' lang='lat' dir='ltr'><strong>ab</strong></span> <span class='ocrx_word' id='word_1_318' title='bbox 1274 2595 1339 2636; x_wconf 86' lang='lat' dir='ltr'><strong>eo</strong></span> <span class='ocrx_word' id='word_1_319' title='bbox 1364 2589 1423 2635; x_wconf 90' lang='lat' dir='ltr'><strong>ut</strong></span> <span class='ocrx_word' id='word_1_320' title='bbox 1474 2580 1787 2645; x_wconf 84' lang='lat' dir='ltr'><strong>descendat,</strong></span> <span class='ocrx_word' id='word_1_321' title='bbox 1828 2580 1929 2634; x_wconf 89' lang='lat' dir='ltr'><strong>boc</strong></span> <span class='ocrx_word' id='word_1_322' title='bbox 1956 2586 2059 2643; x_wconf 88' lang='lat' dir='ltr'><strong>est,</strong></span> 
     </span>
    </p>
   </div>
   <div class='ocr_carea' id='block_1_44' title="bbox 485 2671 2061 2744">
    <p class='ocr_par' dir='ltr' id='par_1_44' title="bbox 485 2671 2061 2744">
     <span class='ocr_line' id='line_1_44' title="bbox 485 2671 2061 2744; baseline -0.001 -17"><span class='ocrx_word' id='word_1_323' title='bbox 485 2671 808 2727; x_wconf 87' lang='lat' dir='ltr'><strong>misereatur</strong></span> <span class='ocrx_word' id='word_1_324' title='bbox 830 2672 1138 2742; x_wconf 56' lang='lat' dir='ltr'><strong>etzremittat</strong></span> <span class='ocrx_word' id='word_1_325' title='bbox 1174 2671 1246 2731; x_wconf 90' lang='lat' dir='ltr'><strong>illi</strong></span> <span class='ocrx_word' id='word_1_326' title='bbox 1272 2680 1488 2742; x_wconf 85' lang='lat' dir='ltr'><strong>peccata</strong></span> <span class='ocrx_word' id='word_1_327' title='bbox 1524 2672 1833 2744; x_wconf 86' lang='lat' dir='ltr'><strong>priusquam</strong></span> <span class='ocrx_word' id='word_1_328' title='bbox 1859 2685 1927 2725; x_wconf 81' lang='lat' dir='ltr'><strong>ex</strong></span> <span class='ocrx_word' id='word_1_329' title='bbox 1951 2680 2061 2725; x_wconf 90' lang='lat' dir='ltr'><strong>toto</strong></span> 
     </span>
    </p>
   </div>
   <div class='ocr_carea' id='block_1_45' title="bbox 484 2761 2061 2835">
    <p class='ocr_par' dir='ltr' id='par_1_45' title="bbox 484 2761 2061 2835">
     <span class='ocr_line' id='line_1_45' title="bbox 484 2761 2061 2835; baseline -0.002 -18"><span class='ocrx_word' id='word_1_330' title='bbox 484 2779 515 2825; x_wconf 75' lang='grc' dir='ltr'>ο</span> <span class='ocrx_word' id='word_1_331' title='bbox 545 2764 732 2818; x_wconf 89' lang='lat' dir='ltr'><strong>morbo</strong></span> <span class='ocrx_word' id='word_1_332' title='bbox 772 2764 1104 2834; x_wconf 83' lang='lat' dir='ltr'><strong>voluptatum</strong></span> <span class='ocrx_word' id='word_1_333' title='bbox 1134 2764 1396 2823; x_wconf 87' lang='lat' dir='ltr'><strong>moriatur</strong></span> <span class='ocrx_word' id='word_1_334' title='bbox 1425 2780 1439 2818; x_wconf 90' lang='lat'><strong>:</strong></span> <span class='ocrx_word' id='word_1_335' title='bbox 1468 2762 1556 2835; x_wconf 88' lang='lat' dir='ltr'><strong>(si</strong></span> <span class='ocrx_word' id='word_1_336' title='bbox 1582 2763 1727 2821; x_wconf 89' lang='lat' dir='ltr'><strong>enim</strong></span> <span class='ocrx_word' id='word_1_337' title='bbox 1752 2761 1922 2817; x_wconf 88' lang='lat' dir='ltr'><strong>nostri</strong></span> <span class='ocrx_word' id='word_1_338' title='bbox 1956 2775 2061 2815; x_wconf 94' lang='lat' dir='ltr'><strong>non</strong></span> 
     </span>
    </p>
   </div>
   <div class='ocr_carea' id='block_1_46' title="bbox 487 2855 2065 2928">
    <p class='ocr_par' dir='ltr' id='par_1_46' title="bbox 487 2855 2065 2928">
     <span class='ocr_line' id='line_1_46' title="bbox 487 2855 2065 2928; baseline 0 -17"><span class='ocrx_word' id='word_1_339' title='bbox 487 2858 848 2918; x_wconf 84' lang='lat' dir='ltr'><strong>misereretur</strong></span> <span class='ocrx_word' id='word_1_340' title='bbox 888 2855 1051 2922; x_wconf 89' lang='lat' dir='ltr'><strong>Deus,</strong></span> <span class='ocrx_word' id='word_1_341' title='bbox 1080 2857 1173 2913; x_wconf 86' lang='lat' dir='ltr'><strong>sed</strong></span> <span class='ocrx_word' id='word_1_342' title='bbox 1194 2858 1514 2913; x_wconf 87' lang='lat' dir='ltr'><strong>observaret</strong></span> <span class='ocrx_word' id='word_1_343' title='bbox 1541 2857 1946 2928; x_wconf 88' lang='lat' dir='ltr'><strong>iniquitates,_et</strong></span> <span class='ocrx_word' id='word_1_344' title='bbox 1979 2869 2065 2911; x_wconf 86' lang='lat' dir='ltr'><strong>se-</strong></span> 
     </span>
    </p>
   </div>
   <div class='ocr_carea' id='block_1_47' title="bbox 485 2946 2062 3020">
    <p class='ocr_par' dir='ltr' id='par_1_47' title="bbox 485 2946 2062 3020">
     <span class='ocr_line' id='line_1_47' title="bbox 485 2946 2062 3020; baseline 0.003 -20"><span class='ocrx_word' id='word_1_345' title='bbox 485 2946 717 3003; x_wconf 91' lang='lat' dir='ltr'><strong>cundum</strong></span> <span class='ocrx_word' id='word_1_346' title='bbox 740 2947 859 3005; x_wconf 89' lang='lat' dir='ltr'><strong>illas</strong></span> <span class='ocrx_word' id='word_1_347' title='bbox 882 2948 1254 3016; x_wconf 85' lang='lat' dir='ltr'><strong>ulcisceretur,</strong></span> <span class='ocrx_word' id='word_1_348' title='bbox 1274 2948 1522 3020; x_wconf 87' lang='lat' dir='ltr'><strong>quisnam</strong></span> <span class='ocrx_word' id='word_1_349' title='bbox 1551 2948 1843 3004; x_wconf 89' lang='lat' dir='ltr'><strong>sustineret</strong></span> <span class='ocrx_word' id='word_1_350' title='bbox 1867 2946 1981 3019; x_wconf 74' lang='lat' dir='ltr'><strong>i&quot;)</strong></span> <span class='ocrx_word' id='word_1_351' title='bbox 2015 2946 2062 3004; x_wconf 88' lang='lat' dir='ltr'><strong>si</strong></span> 
     </span>
    </p>
   </div>
   <div class='ocr_carea' id='block_1_48' title="bbox 486 3036 2064 3111">
    <p class='ocr_par' dir='ltr' id='par_1_48' title="bbox 486 3036 2064 3111">
     <span class='ocr_line' id='line_1_48' title="bbox 486 3036 2064 3111; baseline 0.001 -20"><span class='ocrx_word' id='word_1_352' title='bbox 486 3038 651 3107; x_wconf 86' lang='lat' dir='ltr'><strong>igitur</strong></span> <span class='ocrx_word' id='word_1_353' title='bbox 676 3038 1010 3105; x_wconf 80' lang='lat' dir='ltr'><strong>accesserit,</strong></span> <span class='ocrx_word' id='word_1_354' title='bbox 1043 3046 1102 3093; x_wconf 92' lang='lat' dir='ltr'><strong>ut</strong></span> <span class='ocrx_word' id='word_1_355' title='bbox 1151 3038 1352 3093; x_wconf 89' lang='lat' dir='ltr'><strong>dictum</strong></span> <span class='ocrx_word' id='word_1_356' title='bbox 1397 3046 1518 3104; x_wconf 90' lang='lat' dir='ltr'><strong>est,</strong></span> <span class='ocrx_word' id='word_1_357' title='bbox 1573 3046 1892 3108; x_wconf 79' lang='lat' dir='ltr'><strong>assequetur</strong></span> <span class='ocrx_word' id='word_1_358' title='bbox 1919 3036 2064 3111; x_wconf 83' lang='lat' dir='ltr'><strong>quod</strong></span> 
     </span>
    </p>
   </div>
   <div class='ocr_carea' id='block_1_49' title="bbox 486 3128 2063 3201">
    <p class='ocr_par' dir='ltr' id='par_1_49' title="bbox 486 3128 2063 3201">
     <span class='ocr_line' id='line_1_49' title="bbox 486 3128 2063 3201; baseline 0.002 -22"><span class='ocrx_word' id='word_1_359' title='bbox 486 3128 701 3199; x_wconf 77' lang='lat' dir='ltr'><strong>qua-rit,</strong></span> <span class='ocrx_word' id='word_1_360' title='bbox 731 3138 785 3184; x_wconf 91' lang='lat' dir='ltr'><strong>et</strong></span> <span class='ocrx_word' id='word_1_361' title='bbox 814 3129 1042 3201; x_wconf 70' lang='lat' dir='ltr'><strong>recipiet</strong></span> <span class='ocrx_word' id='word_1_362' title='bbox 1075 3136 1311 3187; x_wconf 59' lang='lat' dir='ltr'><strong>mentem</strong></span> <span class='ocrx_word' id='word_1_363' title='bbox 1350 3142 1501 3183; x_wconf 91' lang='lat' dir='ltr'><strong>suam</strong></span> <span class='ocrx_word' id='word_1_364' title='bbox 1530 3142 1738 3184; x_wconf 85' lang='lat' dir='ltr'><strong>sanam.</strong></span> <span class='ocrx_word' id='word_1_365' title='bbox 1775 3128 2063 3185; x_wconf 80' lang='lat' dir='ltr'><strong>Verumta-</strong></span> 
     </span>
    </p>
   </div>
   <div class='ocr_carea' id='block_1_50' title="bbox 486 3220 2061 3293">
    <p class='ocr_par' dir='ltr' id='par_1_50' title="bbox 486 3220 2061 3293">
     <span class='ocr_line' id='line_1_50' title="bbox 486 3220 2061 3293; baseline 0.001 -18"><span class='ocrx_word' id='word_1_366' title='bbox 486 3236 611 3275; x_wconf 83' lang='lat' dir='ltr'><strong>men</strong></span> <span class='ocrx_word' id='word_1_367' title='bbox 645 3222 764 3277; x_wconf 89' lang='lat' dir='ltr'><strong>vide</strong></span> <span class='ocrx_word' id='word_1_368' title='bbox 797 3231 850 3277; x_wconf 90' lang='lat' dir='ltr'><strong>et</strong></span> <span class='ocrx_word' id='word_1_369' title='bbox 881 3222 1008 3291; x_wconf 89' lang='lat' dir='ltr'><strong>quid</strong></span> <span class='ocrx_word' id='word_1_370' title='bbox 1040 3222 1184 3277; x_wconf 88' lang='lat' dir='ltr'><strong>dicat</strong></span> <span class='ocrx_word' id='word_1_371' title='bbox 1210 3222 1276 3276; x_wconf 88' lang='lat' dir='ltr'><strong>ad</strong></span> <span class='ocrx_word' id='word_1_372' title='bbox 1314 3220 1466 3278; x_wconf 92' lang='lat' dir='ltr'><strong>illum</strong></span> <span class='ocrx_word' id='word_1_373' title='bbox 1499 3220 1758 3276; x_wconf 86' lang='lat' dir='ltr'><strong>Dominus</strong></span> <span class='ocrx_word' id='word_1_374' title='bbox 1788 3236 1803 3274; x_wconf 87' lang='lat'><strong>:</strong></span> <span class='ocrx_word' id='word_1_375' title='bbox 1843 3237 1864 3273; x_wconf 75' lang='grc' dir='ltr'><strong>ι</strong></span> <span class='ocrx_word' id='word_1_376' title='bbox 1889 3221 2061 3293; x_wconf 79' lang='lat' dir='ltr'><strong>Vade,</strong></span> 
     </span>
    </p>
   </div>
   <div class='ocr_carea' id='block_1_51' title="bbox 488 3312 2067 3383">
    <p class='ocr_par' dir='ltr' id='par_1_51' title="bbox 488 3312 2067 3383">
     <span class='ocr_line' id='line_1_51' title="bbox 488 3312 2067 3383; baseline -0.001 -12"><span class='ocrx_word' id='word_1_377' title='bbox 488 3312 629 3371; x_wconf 78' lang='lat' dir='ltr'><strong>ﬁlius</strong></span> <span class='ocrx_word' id='word_1_378' title='bbox 659 3323 779 3369; x_wconf 89' lang='lat' dir='ltr'><strong>tuus</strong></span> <span class='ocrx_word' id='word_1_379' title='bbox 808 3315 977 3381; x_wconf 77' lang='lat' dir='ltr'><strong>vivit,</strong></span> <span class='ocrx_word' id='word_1_380' title='bbox 1012 3332 1031 3367; x_wconf 72' lang='grc' dir='ltr'><strong>ι</strong></span> <span class='ocrx_word' id='word_1_381' title='bbox 1063 3314 1165 3371; x_wconf 89' lang='lat' dir='ltr'><strong>hoc</strong></span> <span class='ocrx_word' id='word_1_382' title='bbox 1208 3323 1312 3383; x_wconf 88' lang='lat' dir='ltr'><strong>est,</strong></span> <span class='ocrx_word' id='word_1_383' title='bbox 1348 3330 1417 3370; x_wconf 92' lang='lat' dir='ltr'><strong>ne</strong></span> <span class='ocrx_word' id='word_1_384' title='bbox 1448 3313 1523 3370; x_wconf 90' lang='lat' dir='ltr'><strong>sis</strong></span> <span class='ocrx_word' id='word_1_385' title='bbox 1550 3312 1844 3370; x_wconf 89' lang='lat' dir='ltr'><strong>immobilis</strong></span> <span class='ocrx_word' id='word_1_386' title='bbox 1879 3312 1946 3368; x_wconf 89' lang='lat' dir='ltr'><strong>ad</strong></span> <span class='ocrx_word' id='word_1_387' title='bbox 1971 3314 2067 3369; x_wconf 55' lang='lat' dir='ltr'><strong>bo.</strong></span> 
     </span>
    </p>
   </div>
   <div class='ocr_carea' id='block_1_52' title="bbox 489 3403 2069 3471">
    <p class='ocr_par' dir='ltr' id='par_1_52' title="bbox 489 3403 2069 3471">
     <span class='ocr_line' id='line_1_52' title="bbox 489 3403 2069 3471; baseline 0 -12"><span class='ocrx_word' id='word_1_388' title='bbox 489 3420 641 3471; x_wconf 88' lang='lat' dir='ltr'><strong>num,</strong></span> <span class='ocrx_word' id='word_1_389' title='bbox 663 3406 758 3459; x_wconf 89' lang='lat' dir='ltr'><strong>sed</strong></span> <span class='ocrx_word' id='word_1_390' title='bbox 784 3407 937 3469; x_wconf 70' lang='lat' dir='ltr'><strong>vade,</strong></span> <span class='ocrx_word' id='word_1_391' title='bbox 961 3414 1017 3460; x_wconf 92' lang='lat' dir='ltr'><strong>et</strong></span> <span class='ocrx_word' id='word_1_392' title='bbox 1035 3404 1410 3461; x_wconf 87' lang='lat' dir='ltr'><strong>incessabilem</strong></span> <span class='ocrx_word' id='word_1_393' title='bbox 1435 3403 1724 3460; x_wconf 91' lang='lat' dir='ltr'><strong>motionem</strong></span> <span class='ocrx_word' id='word_1_394' title='bbox 1750 3405 1972 3461; x_wconf 87' lang='lat' dir='ltr'><strong>ostende</strong></span> <span class='ocrx_word' id='word_1_395' title='bbox 2000 3405 2069 3467; x_wconf 87' lang='lat' dir='ltr'><strong>ad</strong></span> 
     </span>
    </p>
   </div>
   <div class='ocr_carea' id='block_1_53' title="bbox 490 3494 2062 3565">
    <p class='ocr_par' dir='ltr' id='par_1_53' title="bbox 490 3494 2062 3565">
     <span class='ocr_line' id='line_1_53' title="bbox 490 3494 2062 3565; baseline 0.001 -15"><span class='ocrx_word' id='word_1_396' title='bbox 490 3499 715 3553; x_wconf 89' lang='lat' dir='ltr'><strong>bonum.</strong></span> <span class='ocrx_word' id='word_1_397' title='bbox 744 3495 895 3551; x_wconf 86' lang='lat' dir='ltr'><strong>Tunc</strong></span> <span class='ocrx_word' id='word_1_398' title='bbox 927 3496 1074 3551; x_wconf 90' lang='lat' dir='ltr'><strong>enim</strong></span> <span class='ocrx_word' id='word_1_399' title='bbox 1103 3495 1247 3551; x_wconf 85' lang='lat' dir='ltr'><strong>illius</strong></span> <span class='ocrx_word' id='word_1_400' title='bbox 1274 3503 1395 3551; x_wconf 91' lang='lat' dir='ltr'><strong>tuus</strong></span> <span class='ocrx_word' id='word_1_401' title='bbox 1416 3496 1582 3552; x_wconf 82' lang='lat' dir='ltr'><strong>vivet.</strong></span> <span class='ocrx_word' id='word_1_402' title='bbox 1614 3494 1671 3551; x_wconf 91' lang='lat' dir='ltr'><strong>Si</strong></span> <span class='ocrx_word' id='word_1_403' title='bbox 1695 3506 1876 3552; x_wconf 88' lang='lat' dir='ltr'><strong>autem</strong></span> <span class='ocrx_word' id='word_1_404' title='bbox 1909 3497 2062 3565; x_wconf 86' lang='lat' dir='ltr'><strong>quie-</strong></span> 
     </span>
    </p>
   </div>
   <div class='ocr_carea' id='block_1_54' title="bbox 490 3588 2064 3658">
    <p class='ocr_par' dir='ltr' id='par_1_54' title="bbox 490 3588 2064 3658">
     <span class='ocr_line' id='line_1_54' title="bbox 490 3588 2064 3658; baseline 0.004 -19"><span class='ocrx_word' id='word_1_405' title='bbox 490 3590 658 3655; x_wconf 83' lang='lat' dir='ltr'><strong>veris,</strong></span> <span class='ocrx_word' id='word_1_406' title='bbox 696 3604 799 3642; x_wconf 88' lang='lat' dir='ltr'><strong>nou</strong></span> <span class='ocrx_word' id='word_1_407' title='bbox 829 3588 1133 3656; x_wconf 88' lang='lat' dir='ltr'><strong>ambulans,</strong></span> <span class='ocrx_word' id='word_1_408' title='bbox 1161 3589 1430 3643; x_wconf 92' lang='lat' dir='ltr'><strong>morietur</strong></span> <span class='ocrx_word' id='word_1_409' title='bbox 1466 3589 1625 3658; x_wconf 89' lang='lat' dir='ltr'><strong>plane</strong></span> <span class='ocrx_word' id='word_1_410' title='bbox 1659 3602 1813 3650; x_wconf 86' lang='lat' dir='ltr'><strong>mens</strong></span> <span class='ocrx_word' id='word_1_411' title='bbox 1856 3597 1972 3656; x_wconf 90' lang='lat' dir='ltr'><strong>tua,</strong></span> <span class='ocrx_word' id='word_1_412' title='bbox 1998 3602 2064 3645; x_wconf 91' lang='lat' dir='ltr'><strong>eo</strong></span> 
     </span>
    </p>
   </div>
   <div class='ocr_carea' id='block_1_55' title="bbox 493 3680 1681 3755">
    <p class='ocr_par' dir='ltr' id='par_1_55' title="bbox 493 3680 1681 3755">
     <span class='ocr_line' id='line_1_55' title="bbox 493 3680 1681 3755; baseline 0.003 -25"><span class='ocrx_word' id='word_1_413' title='bbox 493 3682 637 3755; x_wconf 85' lang='lat' dir='ltr'><strong>quod</strong></span> <span class='ocrx_word' id='word_1_414' title='bbox 668 3682 733 3733; x_wconf 89' lang='lat' dir='ltr'><strong>ad</strong></span> <span class='ocrx_word' id='word_1_415' title='bbox 770 3682 968 3735; x_wconf 77' lang='lat' dir='ltr'><strong>bonurn</strong></span> <span class='ocrx_word' id='word_1_416' title='bbox 1008 3689 1060 3734; x_wconf 89' lang='lat' dir='ltr'><strong>te</strong></span> <span class='ocrx_word' id='word_1_417' title='bbox 1107 3694 1212 3735; x_wconf 93' lang='lat' dir='ltr'><strong>non</strong></span> <span class='ocrx_word' id='word_1_418' title='bbox 1250 3680 1608 3750; x_wconf 87' lang='lat' dir='ltr'><strong>promoveris.</strong></span> <span class='ocrx_word' id='word_1_419' title='bbox 1676 3738 1681 3741; x_wconf 98' lang='lat'>_</span> 
     </span>
    </p>
   </div>
   <div class='ocr_carea' id='block_1_56' title="bbox 2159 1925 3737 1999">
    <p class='ocr_par' dir='ltr' id='par_1_56' title="bbox 2159 1925 3737 1999">
     <span class='ocr_line' id='line_1_56' title="bbox 2159 1925 3737 1999; baseline -0.003 -18"><span class='ocrx_word' id='word_1_420' title='bbox 2159 1928 2256 1982; x_wconf 75' lang='grc' dir='ltr'>καὶ</span> <span class='ocrx_word' id='word_1_421' title='bbox 2282 1925 2411 1987; x_wconf 75' lang='grc' dir='ltr'>ἄλλο</span> <span class='ocrx_word' id='word_1_422' title='bbox 2455 1931 2702 1999; x_wconf 85' lang='grc' dir='ltr'>σημεῖον.</span> <span class='ocrx_word' id='word_1_423' title='bbox 2743 1928 2922 1997; x_wconf 89' lang='grc' dir='ltr'>Τέρας</span> <span class='ocrx_word' id='word_1_424' title='bbox 2979 1926 3080 1997; x_wconf 78' lang='grc' dir='ltr'>μὲν</span> <span class='ocrx_word' id='word_1_425' title='bbox 3113 1928 3225 1999; x_wconf 77' lang='grc' dir='ltr'>γὰρ</span> <span class='ocrx_word' id='word_1_426' title='bbox 3253 1926 3315 1980; x_wconf 76' lang='grc' dir='ltr'>τὸ</span> <span class='ocrx_word' id='word_1_427' title='bbox 3345 1927 3507 1997; x_wconf 87' lang='grc' dir='ltr'><strong>παρά</strong></span> <span class='ocrx_word' id='word_1_428' title='bbox 3538 1925 3701 1994; x_wconf 78' lang='grc' dir='ltr'>φύσιν</span> <span class='ocrx_word' id='word_1_429' title='bbox 3723 1968 3737 1992; x_wconf 85' lang='grc'><strong>,</strong></span> 
     </span>
    </p>
   </div>
   <div class='ocr_carea' id='block_1_57' title="bbox 2156 2016 3740 2097">
    <p class='ocr_par' dir='ltr' id='par_1_57' title="bbox 2156 2016 3740 2097">
     <span class='ocr_line' id='line_1_57' title="bbox 2156 2016 3740 2097; baseline -0.003 -22"><span class='ocrx_word' id='word_1_430' title='bbox 2156 2016 2269 2083; x_wconf 78' lang='grc' dir='ltr'>οἷον</span> <span class='ocrx_word' id='word_1_431' title='bbox 2294 2021 2355 2075; x_wconf 87' lang='grc' dir='ltr'>τὸ</span> <span class='ocrx_word' id='word_1_432' title='bbox 2397 2020 2657 2097; x_wconf 79' lang='grc' dir='ltr'>διανοίξαι</span> <span class='ocrx_word' id='word_1_433' title='bbox 2705 2021 3016 2090; x_wconf 79' lang='grc' dir='ltr'>ὀφθαλμοὺς</span> <span class='ocrx_word' id='word_1_434' title='bbox 3060 2018 3268 2091; x_wconf 78' lang='grc' dir='ltr'><strong>τυφλοῦ</strong></span> <span class='ocrx_word' id='word_1_435' title='bbox 3307 2018 3740 2089; x_wconf 80' lang='grc' dir='ltr'>γεγεννημένου,</span> 
     </span>
    </p>
   </div>
   <div class='ocr_carea' id='block_1_58' title="bbox 2157 2110 3743 2183">
    <p class='ocr_par' dir='ltr' id='par_1_58' title="bbox 2157 2110 3743 2183">
     <span class='ocr_line' id='line_1_58' title="bbox 2157 2110 3743 2183; baseline -0.002 -17"><span class='ocrx_word' id='word_1_436' title='bbox 2157 2112 2256 2166; x_wconf 77' lang='grc' dir='ltr'>καὶ</span> <span class='ocrx_word' id='word_1_437' title='bbox 2277 2114 2492 2182; x_wconf 75' lang='grc' dir='ltr'>ἐγεῖραι</span> <span class='ocrx_word' id='word_1_438' title='bbox 2532 2112 2725 2183; x_wconf 85' lang='grc' dir='ltr'>νεκρόν</span> <span class='ocrx_word' id='word_1_439' title='bbox 2748 2127 2764 2144; x_wconf 77' lang='grc' dir='ltr'><strong><em>ο</em></strong></span> <span class='ocrx_word' id='word_1_440' title='bbox 2789 2114 3017 2183; x_wconf 85' lang='grc' dir='ltr'>σημεῖον</span> <span class='ocrx_word' id='word_1_441' title='bbox 3049 2111 3128 2177; x_wconf 84' lang='grc' dir='ltr'><strong>δὲ,</strong></span> <span class='ocrx_word' id='word_1_442' title='bbox 3150 2111 3212 2166; x_wconf 80' lang='grc' dir='ltr'>τὸ</span> <span class='ocrx_word' id='word_1_443' title='bbox 3241 2112 3345 2165; x_wconf 87' lang='grc' dir='ltr'><strong>ούκ</strong></span> <span class='ocrx_word' id='word_1_444' title='bbox 3371 2111 3484 2175; x_wconf 78' lang='grc' dir='ltr'><strong>ἔξω</strong></span> <span class='ocrx_word' id='word_1_445' title='bbox 3514 2111 3621 2177; x_wconf 80' lang='grc' dir='ltr'>τῆς</span> <span class='ocrx_word' id='word_1_446' title='bbox 3649 2110 3743 2178; x_wconf 75' lang='grc' dir='ltr'>φύ-</span> 
     </span>
    </p>
   </div>
   <div class='ocr_carea' id='block_1_59' title="bbox 2164 2199 3746 2276">
    <p class='ocr_par' dir='ltr' id='par_1_59' title="bbox 2164 2199 3746 2276">
     <span class='ocr_line' id='line_1_59' title="bbox 2164 2199 3746 2276; baseline -0.003 -18"><span class='ocrx_word' id='word_1_447' title='bbox 2164 2220 2327 2269; x_wconf 83' lang='grc' dir='ltr'>σεως.</span> <span class='ocrx_word' id='word_1_448' title='bbox 2360 2199 2473 2262; x_wconf 76' lang='grc' dir='ltr'>οἷον</span> <span class='ocrx_word' id='word_1_449' title='bbox 2501 2204 2562 2258; x_wconf 83' lang='grc' dir='ltr'>τὸ</span> <span class='ocrx_word' id='word_1_450' title='bbox 2598 2202 2781 2267; x_wconf 76' lang='grc' dir='ltr'>ἰᾶσθαι</span> <span class='ocrx_word' id='word_1_451' title='bbox 2807 2204 3116 2276; x_wconf 75' lang='grc' dir='ltr'>ᾅρρωστον,</span> <span class='ocrx_word' id='word_1_452' title='bbox 3145 2203 3371 2259; x_wconf 82' lang='grc' dir='ltr'>Τελέσει</span> <span class='ocrx_word' id='word_1_453' title='bbox 3390 2204 3452 2261; x_wconf 80' lang='grc' dir='ltr'><strong>δὲ</strong></span> <span class='ocrx_word' id='word_1_454' title='bbox 3470 2204 3571 2257; x_wconf 75' lang='grc' dir='ltr'>καὶ</span> <span class='ocrx_word' id='word_1_455' title='bbox 3595 2201 3746 2254; x_wconf 79' lang='grc' dir='ltr'>τοῦτο</span> 
     </span>
    </p>
   </div>
   <div class='ocr_carea' id='block_1_60' title="bbox 2158 2294 3746 2368">
    <p class='ocr_par' dir='ltr' id='par_1_60' title="bbox 2158 2294 3746 2368">
     <span class='ocr_line' id='line_1_60' title="bbox 2158 2294 3746 2368; baseline -0.003 -17"><span class='ocrx_word' id='word_1_456' title='bbox 2158 2297 2220 2352; x_wconf 80' lang='grc' dir='ltr'>τὸ</span> <span class='ocrx_word' id='word_1_457' title='bbox 2242 2297 2429 2368; x_wconf 88' lang='grc' dir='ltr'>θαῦμα</span> <span class='ocrx_word' id='word_1_458' title='bbox 2459 2296 2555 2359; x_wconf 70' lang='grc' dir='ltr'>καὶ</span> <span class='ocrx_word' id='word_1_459' title='bbox 2603 2296 2701 2350; x_wconf 89' lang='grc' dir='ltr'><strong>νῦν</strong></span> <span class='ocrx_word' id='word_1_460' title='bbox 2725 2298 2754 2350; x_wconf 93' lang='lat'><strong>6</strong></span> <span class='ocrx_word' id='word_1_461' title='bbox 2779 2297 2983 2368; x_wconf 84' lang='grc' dir='ltr'>Κύριος</span> <span class='ocrx_word' id='word_1_462' title='bbox 3013 2297 3106 2349; x_wconf 77' lang='grc' dir='ltr'><strong>ἐπὶ</strong></span> <span class='ocrx_word' id='word_1_463' title='bbox 3141 2296 3350 2360; x_wconf 79' lang='grc' dir='ltr'>παντὸς</span> <span class='ocrx_word' id='word_1_464' title='bbox 3374 2294 3478 2348; x_wconf 88' lang='grc' dir='ltr'>τοῦ</span> <span class='ocrx_word' id='word_1_465' title='bbox 3514 2311 3746 2367; x_wconf 67' lang='grc' dir='ltr'>προπερ-ς</span> 
     </span>
    </p>
   </div>
   <div class='ocr_carea' id='block_1_61' title="bbox 2161 2386 3748 2466">
    <p class='ocr_par' dir='ltr' id='par_1_61' title="bbox 2161 2386 3748 2466">
     <span class='ocr_line' id='line_1_61' title="bbox 2161 2386 3748 2466; baseline -0.003 -21"><span class='ocrx_word' id='word_1_466' title='bbox 2161 2391 2419 2463; x_wconf 84' lang='grc' dir='ltr'>χομένου.</span> <span class='ocrx_word' id='word_1_467' title='bbox 2449 2386 2576 2443; x_wconf 80' lang='grc' dir='ltr'>Οίον</span> <span class='ocrx_word' id='word_1_468' title='bbox 2606 2388 2887 2459; x_wconf 77' lang='grc' dir='ltr'>βασιλικός</span> <span class='ocrx_word' id='word_1_469' title='bbox 2915 2390 3033 2441; x_wconf 78' lang='grc' dir='ltr'>ἐστι</span> <span class='ocrx_word' id='word_1_470' title='bbox 3067 2390 3177 2465; x_wconf 81' lang='grc' dir='ltr'><strong>πᾶς</strong></span> <span class='ocrx_word' id='word_1_471' title='bbox 3210 2388 3531 2466; x_wconf 76' lang='grc' dir='ltr'>ἄνθρωπος,</span> <span class='ocrx_word' id='word_1_472' title='bbox 3571 2388 3633 2440; x_wconf 81' lang='grc' dir='ltr'>οὐ</span> <span class='ocrx_word' id='word_1_473' title='bbox 3658 2387 3748 2457; x_wconf 75' lang='grc' dir='ltr'>μό·</span> 
     </span>
    </p>
   </div>
   <div class='ocr_carea' id='block_1_62' title="bbox 2160 2482 3742 2555">
    <p class='ocr_par' dir='ltr' id='par_1_62' title="bbox 2160 2482 3742 2555">
     <span class='ocr_line' id='line_1_62' title="bbox 2160 2482 3742 2555; baseline -0.004 -14"><span class='ocrx_word' id='word_1_474' title='bbox 2160 2503 2251 2541; x_wconf 91' lang='grc' dir='ltr'><strong>νον</strong></span> <span class='ocrx_word' id='word_1_475' title='bbox 2279 2488 2354 2549; x_wconf 86' lang='grc' dir='ltr'>ὡς</span> <span class='ocrx_word' id='word_1_476' title='bbox 2381 2484 2476 2539; x_wconf 92' lang='grc' dir='ltr'><strong>τοῦ</strong></span> <span class='ocrx_word' id='word_1_477' title='bbox 2507 2483 2775 2555; x_wconf 81' lang='grc' dir='ltr'>βασιλέως</span> <span class='ocrx_word' id='word_1_478' title='bbox 2807 2483 3031 2546; x_wconf 80' lang='grc' dir='ltr'>πάντων</span> <span class='ocrx_word' id='word_1_479' title='bbox 3063 2483 3336 2554; x_wconf 78' lang='grc' dir='ltr'>συγγενὴς</span> <span class='ocrx_word' id='word_1_480' title='bbox 3362 2482 3461 2537; x_wconf 85' lang='grc' dir='ltr'><strong>διά</strong></span> <span class='ocrx_word' id='word_1_481' title='bbox 3489 2483 3595 2551; x_wconf 77' lang='grc' dir='ltr'>τὴν</span> <span class='ocrx_word' id='word_1_482' title='bbox 3645 2483 3742 2552; x_wconf 71' lang='grc' dir='ltr'>ψυ-</span> 
     </span>
    </p>
   </div>
   <div class='ocr_carea' id='block_1_63' title="bbox 2162 2574 3747 2653">
    <p class='ocr_par' dir='ltr' id='par_1_63' title="bbox 2162 2574 3747 2653">
     <span class='ocr_line' id='line_1_63' title="bbox 2162 2574 3747 2653; baseline -0.004 -20"><span class='ocrx_word' id='word_1_483' title='bbox 2162 2578 2285 2651; x_wconf 78' lang='grc' dir='ltr'>χὴν,</span> <span class='ocrx_word' id='word_1_484' title='bbox 2312 2578 2452 2633; x_wconf 86' lang='grc' dir='ltr'><strong>ἀλλά</strong></span> <span class='ocrx_word' id='word_1_485' title='bbox 2477 2577 2571 2632; x_wconf 78' lang='grc' dir='ltr'>καὶ</span> <span class='ocrx_word' id='word_1_486' title='bbox 2603 2576 2680 2640; x_wconf 86' lang='grc' dir='ltr'><strong>ὡς</strong></span> <span class='ocrx_word' id='word_1_487' title='bbox 2721 2576 2887 2639; x_wconf 81' lang='grc' dir='ltr'>αὐτὸς</span> <span class='ocrx_word' id='word_1_488' title='bbox 2917 2574 3205 2653; x_wconf 82' lang='grc' dir='ltr'>βασιλικὴν</span> <span class='ocrx_word' id='word_1_489' title='bbox 3234 2574 3417 2647; x_wconf 78' lang='grc' dir='ltr'>ἀρχὴν</span> <span class='ocrx_word' id='word_1_490' title='bbox 3449 2574 3595 2628; x_wconf 79' lang='grc' dir='ltr'>κατὰ</span> <span class='ocrx_word' id='word_1_491' title='bbox 3620 2577 3747 2628; x_wconf 52' lang='grc' dir='ltr'>πάν</span> 
     </span>
    </p>
   </div>
   <div class='ocr_carea' id='block_1_64' title="bbox 2161 2665 3746 2740">
    <p class='ocr_par' dir='ltr' id='par_1_64' title="bbox 2161 2665 3746 2740">
     <span class='ocr_line' id='line_1_64' title="bbox 2161 2665 3746 2740; baseline -0.004 -15"><span class='ocrx_word' id='word_1_492' title='bbox 2161 2687 2271 2725; x_wconf 88' lang='grc' dir='ltr'><strong>των</strong></span> <span class='ocrx_word' id='word_1_493' title='bbox 2306 2668 2625 2740; x_wconf 76' lang='grc' dir='ltr'>δεξάμενος.</span> <span class='ocrx_word' id='word_1_494' title='bbox 2659 2665 3059 2740; x_wconf 80' lang='grc' dir='ltr'>Εὑρίσκεταιδὲ</span> <span class='ocrx_word' id='word_1_495' title='bbox 3085 2666 3349 2729; x_wconf 81' lang='grc' dir='ltr'><strong>πολλάκις</strong></span> <span class='ocrx_word' id='word_1_496' title='bbox 3377 2665 3524 2735; x_wconf 74' lang='grc' dir='ltr'>ἔχων</span> <span class='ocrx_word' id='word_1_497' title='bbox 3554 2682 3639 2729; x_wconf 83' lang='grc' dir='ltr'><strong>τις</strong></span> <span class='ocrx_word' id='word_1_498' title='bbox 3662 2667 3746 2728; x_wconf 73' lang='grc' dir='ltr'>τὸν</span> 
     </span>
    </p>
   </div>
   <div class='ocr_carea' id='block_1_65' title="bbox 2163 2755 3748 2837">
    <p class='ocr_par' dir='ltr' id='par_1_65' title="bbox 2163 2755 3748 2837">
     <span class='ocr_line' id='line_1_65' title="bbox 2163 2755 3748 2837; baseline -0.005 -19"><span class='ocrx_word' id='word_1_499' title='bbox 2163 2761 2309 2830; x_wconf 83' lang='grc' dir='ltr'>νοῦν,</span> <span class='ocrx_word' id='word_1_500' title='bbox 2334 2755 2425 2816; x_wconf 76' lang='grc' dir='ltr'><strong>οἷα</strong></span> <span class='ocrx_word' id='word_1_501' title='bbox 2451 2761 2587 2826; x_wconf 85' lang='grc' dir='ltr'>υίὸν,</span> <span class='ocrx_word' id='word_1_502' title='bbox 2618 2760 2754 2832; x_wconf 82' lang='grc' dir='ltr'>πυρὶ</span> <span class='ocrx_word' id='word_1_503' title='bbox 2790 2758 2993 2837; x_wconf 74' lang='grc' dir='ltr'>ἡδονῶν</span> <span class='ocrx_word' id='word_1_504' title='bbox 3021 2760 3237 2814; x_wconf 83' lang='grc' dir='ltr'>ἀτόπων</span> <span class='ocrx_word' id='word_1_505' title='bbox 3299 2760 3397 2811; x_wconf 75' lang='grc' dir='ltr'>καὶ</span> <span class='ocrx_word' id='word_1_506' title='bbox 3433 2758 3748 2831; x_wconf 72' lang='grc' dir='ltr'><strong>ἐπιθυμίαις</strong></span> 
     </span>
    </p>
   </div>
   <div class='ocr_carea' id='block_1_66' title="bbox 2164 2851 3748 2925">
    <p class='ocr_par' dir='ltr' id='par_1_66' title="bbox 2164 2851 3748 2925">
     <span class='ocr_line' id='line_1_66' title="bbox 2164 2851 3748 2925; baseline -0.004 -16"><span class='ocrx_word' id='word_1_507' title='bbox 2164 2856 2351 2919; x_wconf 78' lang='grc' dir='ltr'>κακῶς</span> <span class='ocrx_word' id='word_1_508' title='bbox 2388 2854 2601 2924; x_wconf 75' lang='grc' dir='ltr'>ἔχοντα.</span> <span class='ocrx_word' id='word_1_509' title='bbox 2629 2853 2694 2907; x_wconf 83' lang='grc' dir='ltr'><strong>Εἰ</strong></span> <span class='ocrx_word' id='word_1_510' title='bbox 2746 2854 2928 2908; x_wconf 77' lang='grc' dir='ltr'>τοίνυν</span> <span class='ocrx_word' id='word_1_511' title='bbox 2980 2853 3254 2925; x_wconf 81' lang='grc' dir='ltr'><strong>προσέλθῃ</strong></span> <span class='ocrx_word' id='word_1_512' title='bbox 3298 2851 3378 2923; x_wconf 82' lang='grc' dir='ltr'>τῷ</span> <span class='ocrx_word' id='word_1_513' title='bbox 3421 2853 3628 2923; x_wconf 78' lang='grc' dir='ltr'>Ἰησοῦ,</span> <span class='ocrx_word' id='word_1_514' title='bbox 3663 2858 3748 2904; x_wconf 74' lang='grc' dir='ltr'>καὶ</span> 
     </span>
    </p>
   </div>
   <div class='ocr_carea' id='block_1_67' title="bbox 2164 2945 3748 3021">
    <p class='ocr_par' dir='ltr' id='par_1_67' title="bbox 2164 2945 3748 3021">
     <span class='ocr_line' id='line_1_67' title="bbox 2164 2945 3748 3021; baseline -0.003 -20"><span class='ocrx_word' id='word_1_515' title='bbox 2164 2947 2377 3019; x_wconf 87' lang='grc' dir='ltr'>αίτήσει</span> <span class='ocrx_word' id='word_1_516' title='bbox 2424 2945 2589 3001; x_wconf 77' lang='grc' dir='ltr'>αὑτὸν</span> <span class='ocrx_word' id='word_1_517' title='bbox 2622 2945 2957 3021; x_wconf 79' lang='grc' dir='ltr'>καταϐῆναι,</span> <span class='ocrx_word' id='word_1_518' title='bbox 3005 2945 3294 3011; x_wconf 83' lang='grc' dir='ltr'>τουτέστι,</span> <span class='ocrx_word' id='word_1_519' title='bbox 3338 2946 3748 3014; x_wconf 75' lang='grc' dir='ltr'>συγκαταεάσει</span> 
     </span>
    </p>
   </div>
   <div class='ocr_carea' id='block_1_68' title="bbox 2167 3037 3747 3113">
    <p class='ocr_par' dir='ltr' id='par_1_68' title="bbox 2167 3037 3747 3113">
     <span class='ocr_line' id='line_1_68' title="bbox 2167 3037 3747 3113; baseline -0.002 -20"><span class='ocrx_word' id='word_1_520' title='bbox 2167 3039 2577 3113; x_wconf 78' lang='grc' dir='ltr'><strong>φιλανθρωπίας</strong></span> <span class='ocrx_word' id='word_1_521' title='bbox 2606 3038 2939 3113; x_wconf 78' lang='grc' dir='ltr'>χρήσασθαι,</span> <span class='ocrx_word' id='word_1_522' title='bbox 2963 3038 3058 3101; x_wconf 76' lang='grc' dir='ltr'>καὶ</span> <span class='ocrx_word' id='word_1_523' title='bbox 3085 3038 3454 3111; x_wconf 81' lang='grc' dir='ltr'>συγχωρῆσαι</span> <span class='ocrx_word' id='word_1_524' title='bbox 3478 3037 3634 3113; x_wconf 73' lang='grc' dir='ltr'>αὐτῷ</span> <span class='ocrx_word' id='word_1_525' title='bbox 3656 3041 3747 3103; x_wconf 66' lang='grc' dir='ltr'>τὰς</span> 
     </span>
    </p>
   </div>
   <div class='ocr_carea' id='block_1_69' title="bbox 2166 3129 3749 3208">
    <p class='ocr_par' dir='ltr' id='par_1_69' title="bbox 2166 3129 3749 3208">
     <span class='ocr_line' id='line_1_69' title="bbox 2166 3129 3749 3208; baseline -0.004 -21"><span class='ocrx_word' id='word_1_526' title='bbox 2166 3131 2445 3202; x_wconf 82' lang='grc' dir='ltr'>ἁμαρτίας</span> <span class='ocrx_word' id='word_1_527' title='bbox 2469 3131 2599 3206; x_wconf 81' lang='grc' dir='ltr'>πρὶν</span> <span class='ocrx_word' id='word_1_528' title='bbox 2633 3131 2665 3202; x_wconf 76' lang='grc' dir='ltr'><strong>ἢ</strong></span> <span class='ocrx_word' id='word_1_529' title='bbox 2692 3130 2919 3194; x_wconf 85' lang='grc' dir='ltr'>τελείως</span> <span class='ocrx_word' id='word_1_530' title='bbox 2950 3132 3058 3185; x_wconf 75' lang='grc' dir='ltr'><strong>ἀπὸ</strong></span> <span class='ocrx_word' id='word_1_531' title='bbox 3082 3131 3182 3208; x_wconf 83' lang='grc' dir='ltr'><strong>τῆς</strong></span> <span class='ocrx_word' id='word_1_532' title='bbox 3211 3132 3372 3185; x_wconf 86' lang='grc' dir='ltr'>νόσου</span> <span class='ocrx_word' id='word_1_533' title='bbox 3398 3129 3518 3183; x_wconf 79' lang='grc' dir='ltr'>τῶν</span> <span class='ocrx_word' id='word_1_534' title='bbox 3566 3130 3749 3182; x_wconf 79' lang='grc' dir='ltr'>ἐπιθυ-</span> 
     </span>
    </p>
   </div>
   <div class='ocr_carea' id='block_1_70' title="bbox 2169 3221 3749 3299">
    <p class='ocr_par' dir='ltr' id='par_1_70' title="bbox 2169 3221 3749 3299">
     <span class='ocr_line' id='line_1_70' title="bbox 2169 3221 3749 3299; baseline -0.003 -22"><span class='ocrx_word' id='word_1_535' title='bbox 2169 3222 2307 3294; x_wconf 83' lang='grc' dir='ltr'>μιῶν</span> <span class='ocrx_word' id='word_1_536' title='bbox 2345 3224 2729 3299; x_wconf 76' lang='grc' dir='ltr'>ἀπονεκρωθῇ,</span> <span class='ocrx_word' id='word_1_537' title='bbox 2762 3224 2834 3293; x_wconf 87' lang='grc' dir='ltr'>(εί</span> <span class='ocrx_word' id='word_1_538' title='bbox 2882 3221 2958 3295; x_wconf 81' lang='grc' dir='ltr'>μὴ</span> <span class='ocrx_word' id='word_1_539' title='bbox 3005 3223 3114 3293; x_wconf 81' lang='grc' dir='ltr'><strong>γάρ</strong></span> <span class='ocrx_word' id='word_1_540' title='bbox 3146 3221 3542 3292; x_wconf 74' lang='grc' dir='ltr'>συγκαταδαίη</span> <span class='ocrx_word' id='word_1_541' title='bbox 3580 3222 3749 3292; x_wconf 70' lang='grc' dir='ltr'>ἡμῖνρ</span> 
     </span>
    </p>
   </div>
   <div class='ocr_carea' id='block_1_71' title="bbox 2167 3313 3749 3387">
    <p class='ocr_par' dir='ltr' id='par_1_71' title="bbox 2167 3313 3749 3387">
     <span class='ocr_line' id='line_1_71' title="bbox 2167 3313 3749 3387; baseline -0.003 -17"><span class='ocrx_word' id='word_1_542' title='bbox 2167 3315 2323 3382; x_wconf 78' lang='grc' dir='ltr'>Θεὸς,</span> <span class='ocrx_word' id='word_1_543' title='bbox 2355 3314 2491 3376; x_wconf 84' lang='grc' dir='ltr'><strong>ἀλλά</strong></span> <span class='ocrx_word' id='word_1_544' title='bbox 2541 3314 2643 3379; x_wconf 82' lang='grc' dir='ltr'>τὰς</span> <span class='ocrx_word' id='word_1_545' title='bbox 2696 3314 2932 3386; x_wconf 80' lang='grc' dir='ltr'>ἀνομίας</span> <span class='ocrx_word' id='word_1_546' title='bbox 2987 3316 3469 3387; x_wconf 87' lang='grc' dir='ltr'>παρατηρήσαιτο,</span> <span class='ocrx_word' id='word_1_547' title='bbox 3509 3314 3604 3367; x_wconf 79' lang='grc' dir='ltr'><strong>καί</strong></span> <span class='ocrx_word' id='word_1_548' title='bbox 3635 3313 3749 3366; x_wconf 76' lang='grc' dir='ltr'>κατ’</span> 
     </span>
    </p>
   </div>
   <div class='ocr_carea' id='block_1_72' title="bbox 2168 3406 3752 3477">
    <p class='ocr_par' dir='ltr' id='par_1_72' title="bbox 2168 3406 3752 3477">
     <span class='ocr_line' id='line_1_72' title="bbox 2168 3406 3752 3477; baseline -0.001 -17"><span class='ocrx_word' id='word_1_549' title='bbox 2168 3406 2384 3470; x_wconf 76' lang='grc' dir='ltr'>ὲκείνας</span> <span class='ocrx_word' id='word_1_550' title='bbox 2409 3406 2706 3473; x_wconf 78' lang='grc' dir='ltr'>ἐξετάσειε,</span> <span class='ocrx_word' id='word_1_551' title='bbox 2731 3406 2811 3470; x_wconf 79' lang='grc' dir='ltr'><strong>τίς</strong></span> <span class='ocrx_word' id='word_1_552' title='bbox 2836 3407 3020 3461; x_wconf 83' lang='grc' dir='ltr'>λοιπὸν</span> <span class='ocrx_word' id='word_1_553' title='bbox 3047 3407 3422 3477; x_wconf 85' lang='grc' dir='ltr'>ὑποστήσεται</span> <span class='ocrx_word' id='word_1_554' title='bbox 3441 3409 3482 3474; x_wconf 90' lang='lat'><strong>;)</strong></span> <span class='ocrx_word' id='word_1_555' title='bbox 3511 3409 3563 3459; x_wconf 77' lang='lat' dir='ltr'><strong>ei</strong></span> <span class='ocrx_word' id='word_1_556' title='bbox 3589 3422 3752 3477; x_wconf 64' lang='grc' dir='ltr'>προσα</span> 
     </span>
    </p>
   </div>
   <div class='ocr_carea' id='block_1_73' title="bbox 2171 3497 3750 3572">
    <p class='ocr_par' dir='ltr' id='par_1_73' title="bbox 2171 3497 3750 3572">
     <span class='ocr_line' id='line_1_73' title="bbox 2171 3497 3750 3572; baseline 0.002 -21"><span class='ocrx_word' id='word_1_557' title='bbox 2171 3497 2302 3570; x_wconf 53' lang='lat' dir='ltr'><strong>(iter;</strong></span> <span class='ocrx_word' id='word_1_558' title='bbox 2333 3499 2536 3565; x_wconf 79' lang='grc' dir='ltr'>τοίνυν,</span> <span class='ocrx_word' id='word_1_559' title='bbox 2565 3499 2641 3563; x_wconf 81' lang='grc' dir='ltr'><strong>ὡς</strong></span> <span class='ocrx_word' id='word_1_560' title='bbox 2676 3499 2917 3570; x_wconf 76' lang='grc' dir='ltr'>εἴρηται,</span> <span class='ocrx_word' id='word_1_561' title='bbox 2972 3500 3224 3567; x_wconf 81' lang='grc' dir='ltr'>τεύξεται</span> <span class='ocrx_word' id='word_1_562' title='bbox 3251 3501 3347 3555; x_wconf 88' lang='grc' dir='ltr'>τοῦ</span> <span class='ocrx_word' id='word_1_563' title='bbox 3389 3501 3750 3572; x_wconf 75' lang='grc' dir='ltr'>ζητουμένου,</span> 
     </span>
    </p>
   </div>
   <div class='ocr_carea' id='block_1_74' title="bbox 2171 3590 3749 3664">
    <p class='ocr_par' dir='ltr' id='par_1_74' title="bbox 2171 3590 3749 3664">
     <span class='ocr_line' id='line_1_74' title="bbox 2171 3590 3749 3664; baseline 0 -20"><span class='ocrx_word' id='word_1_564' title='bbox 2171 3590 2268 3644; x_wconf 81' lang='grc' dir='ltr'>καὶ</span> <span class='ocrx_word' id='word_1_565' title='bbox 2305 3590 2646 3663; x_wconf 73' lang='grc' dir='ltr'>ἀπολήψεται</span> <span class='ocrx_word' id='word_1_566' title='bbox 2672 3593 2765 3645; x_wconf 76' lang='grc' dir='ltr'><strong>τὸν</strong></span> <span class='ocrx_word' id='word_1_567' title='bbox 2793 3591 2918 3645; x_wconf 91' lang='grc' dir='ltr'>νοῦν</span> <span class='ocrx_word' id='word_1_568' title='bbox 2947 3591 3110 3646; x_wconf 82' lang='grc' dir='ltr'>αὐτοῦ</span> <span class='ocrx_word' id='word_1_569' title='bbox 3132 3593 3287 3661; x_wconf 80' lang='grc' dir='ltr'>ὑγιᾶ.</span> <span class='ocrx_word' id='word_1_570' title='bbox 3332 3594 3484 3664; x_wconf 73' lang='grc' dir='ltr'>Πλὴν</span> <span class='ocrx_word' id='word_1_571' title='bbox 3505 3594 3609 3663; x_wconf 81' lang='grc' dir='ltr'>ὅρα</span> <span class='ocrx_word' id='word_1_572' title='bbox 3659 3592 3749 3644; x_wconf 70' lang='grc' dir='ltr'>καὶ</span> 
     </span>
    </p>
   </div>
   <div class='ocr_carea' id='block_1_75' title="bbox 2175 3684 3748 3759">
    <p class='ocr_par' dir='ltr' id='par_1_75' title="bbox 2175 3684 3748 3759">
     <span class='ocr_line' id='line_1_75' title="bbox 2175 3684 3748 3759; baseline 0.001 -23"><span class='ocrx_word' id='word_1_573' title='bbox 2175 3684 2229 3736; x_wconf 89' lang='grc' dir='ltr'><strong>τί</strong></span> <span class='ocrx_word' id='word_1_574' title='bbox 2264 3700 2429 3753; x_wconf 84' lang='grc' dir='ltr'>φησιν</span> <span class='ocrx_word' id='word_1_575' title='bbox 2466 3686 2495 3737; x_wconf 98' lang='lat'><strong>6</strong></span> <span class='ocrx_word' id='word_1_576' title='bbox 2527 3684 2731 3757; x_wconf 77' lang='grc' dir='ltr'>Κύριος</span> <span class='ocrx_word' id='word_1_577' title='bbox 2760 3687 2899 3757; x_wconf 80' lang='grc' dir='ltr'>πρὸς</span> <span class='ocrx_word' id='word_1_578' title='bbox 2943 3685 3106 3738; x_wconf 76' lang='grc' dir='ltr'>αὐτόν</span> <span class='ocrx_word' id='word_1_579' title='bbox 3132 3702 3147 3717; x_wconf 78' lang='grc' dir='ltr'><strong>ο</strong></span> <span class='ocrx_word' id='word_1_580' title='bbox 3187 3703 3207 3736; x_wconf 75' lang='grc' dir='ltr'><strong>ι</strong></span> <span class='ocrx_word' id='word_1_581' title='bbox 3260 3686 3535 3759; x_wconf 77' lang='grc' dir='ltr'>Πορεύου,</span> <span class='ocrx_word' id='word_1_582' title='bbox 3570 3687 3600 3738; x_wconf 87' lang='lat'><strong>6</strong></span> <span class='ocrx_word' id='word_1_583' title='bbox 3638 3684 3748 3746; x_wconf 73' lang='lat' dir='ltr'><strong>uid;</strong></span> 
     </span>
    </p>
   </div>
   <div class='ocr_carea' id='block_1_76' title="bbox 490 3771 3749 3848">
    <p class='ocr_par' dir='ltr' id='par_1_76' title="bbox 490 3771 3749 3848">
     <span class='ocr_line' id='line_1_76' title="bbox 490 3771 3749 3848; baseline 0.002 -21"><span class='ocrx_word' id='word_1_584' title='bbox 490 3791 587 3828; x_wconf 85' lang='grc' dir='ltr'>σου</span> <span class='ocrx_word' id='word_1_585' title='bbox 613 3773 680 3844; x_wconf 78' lang='grc' dir='ltr'><strong>ζῇ</strong></span> <span class='ocrx_word' id='word_1_586' title='bbox 701 3789 716 3805; x_wconf 78' lang='grc' dir='ltr'><strong>ο</strong></span> <span class='ocrx_word' id='word_1_587' title='bbox 748 3792 768 3827; x_wconf 73' lang='grc' dir='ltr'><strong>ι</strong></span> <span class='ocrx_word' id='word_1_588' title='bbox 800 3772 1068 3835; x_wconf 80' lang='grc' dir='ltr'>τουτέστι,</span> <span class='ocrx_word' id='word_1_589' title='bbox 1096 3771 1190 3844; x_wconf 76' lang='grc' dir='ltr'><strong>Μὴ</strong></span> <span class='ocrx_word' id='word_1_590' title='bbox 1229 3772 1487 3844; x_wconf 85' lang='grc' dir='ltr'>ἀκίνητος</span> <span class='ocrx_word' id='word_1_591' title='bbox 1512 3771 1605 3829; x_wconf 76' lang='grc' dir='ltr'>ἔσο</span> <span class='ocrx_word' id='word_1_592' title='bbox 1627 3773 1764 3846; x_wconf 76' lang='grc' dir='ltr'>πρὸς</span> <span class='ocrx_word' id='word_1_593' title='bbox 1796 3773 1858 3828; x_wconf 87' lang='grc' dir='ltr'>τδ</span> <span class='ocrx_word' id='word_1_594' title='bbox 1880 3774 2067 3843; x_wconf 79' lang='grc' dir='ltr'>καλὸν,</span> <span class='ocrx_word' id='word_1_595' title='bbox 2102 3774 2240 3829; x_wconf 88' lang='grc' dir='ltr'><strong>ἀλλά</strong></span> <span class='ocrx_word' id='word_1_596' title='bbox 2301 3775 2561 3848; x_wconf 83' lang='grc' dir='ltr'>πορεύου,</span> <span class='ocrx_word' id='word_1_597' title='bbox 2597 3777 2691 3831; x_wconf 72' lang='grc' dir='ltr'>καὶ</span> <span class='ocrx_word' id='word_1_598' title='bbox 2717 3776 2932 3848; x_wconf 85' lang='grc' dir='ltr'>κίνησιν</span> <span class='ocrx_word' id='word_1_599' title='bbox 2961 3778 3386 3832; x_wconf 77' lang='grc' dir='ltr'>ἀκατάπαυστον</span> <span class='ocrx_word' id='word_1_600' title='bbox 3452 3778 3749 3839; x_wconf 72' lang='grc' dir='ltr'>ἑνδείκνυσο</span> 
     </span>
    </p>
   </div>
   <div class='ocr_carea' id='block_1_77' title="bbox 496 3863 3749 3943">
    <p class='ocr_par' dir='ltr' id='par_1_77' title="bbox 496 3863 3749 3943">
     <span class='ocr_line' id='line_1_77' title="bbox 496 3863 3749 3943; baseline 0.002 -26"><span class='ocrx_word' id='word_1_601' title='bbox 496 3865 633 3934; x_wconf 77' lang='grc' dir='ltr'>πρὸς</span> <span class='ocrx_word' id='word_1_602' title='bbox 681 3865 742 3917; x_wconf 80' lang='grc' dir='ltr'>τὸ</span> <span class='ocrx_word' id='word_1_603' title='bbox 797 3865 1040 3933; x_wconf 63' lang='grc' dir='ltr'>ἀγαθόν·</span> <span class='ocrx_word' id='word_1_604' title='bbox 1070 3863 1194 3917; x_wconf 84' lang='grc' dir='ltr'>τότε</span> <span class='ocrx_word' id='word_1_605' title='bbox 1228 3863 1337 3934; x_wconf 89' lang='grc' dir='ltr'><strong>γάρ</strong></span> <span class='ocrx_word' id='word_1_606' title='bbox 1376 3864 1405 3917; x_wconf 91' lang='lat'><strong>6</strong></span> <span class='ocrx_word' id='word_1_607' title='bbox 1441 3864 1556 3927; x_wconf 83' lang='grc' dir='ltr'>υἱός</span> <span class='ocrx_word' id='word_1_608' title='bbox 1610 3880 1706 3927; x_wconf 84' lang='grc' dir='ltr'>σου</span> <span class='ocrx_word' id='word_1_609' title='bbox 1755 3865 1845 3941; x_wconf 79' lang='grc' dir='ltr'><strong>ζῇ.</strong></span> <span class='ocrx_word' id='word_1_610' title='bbox 1898 3866 1962 3919; x_wconf 84' lang='lat' dir='ltr'><strong>El</strong></span> <span class='ocrx_word' id='word_1_611' title='bbox 2011 3865 2066 3920; x_wconf 79' lang='grc' dir='ltr'><strong>δὲ</strong></span> <span class='ocrx_word' id='word_1_612' title='bbox 2139 3865 2325 3939; x_wconf 78' lang='grc' dir='ltr'>παύσῃ</span> <span class='ocrx_word' id='word_1_613' title='bbox 2378 3866 2474 3921; x_wconf 90' lang='grc' dir='ltr'>τοῦ</span> <span class='ocrx_word' id='word_1_614' title='bbox 2530 3867 2885 3939; x_wconf 86' lang='grc' dir='ltr'>πορεύεσθαι,</span> <span class='ocrx_word' id='word_1_615' title='bbox 2956 3868 3280 3943; x_wconf 75' lang='grc' dir='ltr'>τεθνήξεται</span> <span class='ocrx_word' id='word_1_616' title='bbox 3330 3886 3428 3925; x_wconf 86' lang='grc' dir='ltr'>σου</span> <span class='ocrx_word' id='word_1_617' title='bbox 3477 3867 3749 3934; x_wconf 78' lang='grc' dir='ltr'>πάντωςό</span> 
     </span>
    </p>
   </div>
   <div class='ocr_carea' id='block_1_78' title="bbox 498 3953 2175 4027">
    <p class='ocr_par' dir='ltr' id='par_1_78' title="bbox 498 3953 2175 4027">
     <span class='ocr_line' id='line_1_78' title="bbox 498 3953 2175 4027; baseline 0.002 -19"><span class='ocrx_word' id='word_1_618' title='bbox 498 3955 643 4020; x_wconf 80' lang='grc' dir='ltr'>νοῦς,</span> <span class='ocrx_word' id='word_1_619' title='bbox 687 3957 753 4024; x_wconf 80' lang='grc' dir='ltr'>τῇ</span> <span class='ocrx_word' id='word_1_620' title='bbox 797 3955 926 4024; x_wconf 74' lang='grc' dir='ltr'>περὶ</span> <span class='ocrx_word' id='word_1_621' title='bbox 968 3954 1026 4007; x_wconf 81' lang='grc' dir='ltr'>τὸ</span> <span class='ocrx_word' id='word_1_622' title='bbox 1054 3953 1217 4008; x_wconf 84' lang='grc' dir='ltr'>καλὸν</span> <span class='ocrx_word' id='word_1_623' title='bbox 1244 3953 1499 4026; x_wconf 76' lang='grc' dir='ltr'>ἀκινησίᾳ</span> <span class='ocrx_word' id='word_1_624' title='bbox 1527 3953 1625 4027; x_wconf 84' lang='grc' dir='ltr'>τὴν</span> <span class='ocrx_word' id='word_1_625' title='bbox 1653 3955 1923 4026; x_wconf 82' lang='grc' dir='ltr'>νέκρωσιν</span> <span class='ocrx_word' id='word_1_626' title='bbox 1971 3956 2175 4013; x_wconf 79' lang='grc' dir='ltr'>λαϐὼν.</span> 
     </span>
    </p>
   </div>
   <div class='ocr_carea' id='block_1_79' title="bbox 562 4047 2074 4117">
    <p class='ocr_par' dir='ltr' id='par_1_79' title="bbox 562 4047 2074 4117">
     <span class='ocr_line' id='line_1_79' title="bbox 562 4047 2074 4117; baseline 0.001 -12"><span class='ocrx_word' id='word_1_627' title='bbox 562 4050 727 4105; x_wconf 75' lang='lat' dir='ltr'><strong>Vens.</strong></span> <span class='ocrx_word' id='word_1_628' title='bbox 757 4049 951 4104; x_wconf 72' lang='lat'><strong>51-56.</strong></span> <span class='ocrx_word' id='word_1_629' title='bbox 984 4067 1003 4101; x_wconf 79' lang='grc' dir='ltr'><strong>ι</strong></span> <span class='ocrx_word' id='word_1_630' title='bbox 1040 4047 1159 4103; x_wconf 79' lang='lat' dir='ltr'><strong>lam</strong></span> <span class='ocrx_word' id='word_1_631' title='bbox 1184 4059 1365 4105; x_wconf 88' lang='lat' dir='ltr'><strong>autem</strong></span> <span class='ocrx_word' id='word_1_632' title='bbox 1391 4065 1457 4106; x_wconf 87' lang='lat' dir='ltr'><strong>eo</strong></span> <span class='ocrx_word' id='word_1_633' title='bbox 1495 4049 1880 4117; x_wconf 87' lang='lat' dir='ltr'><strong>descendente,</strong></span> <span class='ocrx_word' id='word_1_634' title='bbox 1930 4051 2074 4106; x_wconf 85' lang='lat' dir='ltr'><strong>servi</strong></span> 
     </span>
    </p>
   </div>
   <div class='ocr_carea' id='block_1_80' title="bbox 494 4141 2074 4208">
    <p class='ocr_par' dir='ltr' id='par_1_80' title="bbox 494 4141 2074 4208">
     <span class='ocr_line' id='line_1_80' title="bbox 494 4141 2074 4208; baseline 0.001 -12"><span class='ocrx_word' id='word_1_635' title='bbox 494 4152 850 4199; x_wconf 82' lang='lat' dir='ltr'><strong>occurrerunt</strong></span> <span class='ocrx_word' id='word_1_636' title='bbox 882 4142 954 4208; x_wconf 90' lang='lat' dir='ltr'><strong>ei,</strong></span> <span class='ocrx_word' id='word_1_637' title='bbox 987 4151 1043 4197; x_wconf 89' lang='lat' dir='ltr'><strong>et</strong></span> <span class='ocrx_word' id='word_1_638' title='bbox 1077 4141 1462 4197; x_wconf 87' lang='lat' dir='ltr'><strong>nuntiaverunt</strong></span> <span class='ocrx_word' id='word_1_639' title='bbox 1500 4141 1573 4207; x_wconf 92' lang='lat' dir='ltr'><strong>ei,</strong></span> <span class='ocrx_word' id='word_1_640' title='bbox 1615 4143 1879 4206; x_wconf 82' lang='lat' dir='ltr'><strong>dicentes,</strong></span> <span class='ocrx_word' id='word_1_641' title='bbox 1902 4143 2074 4206; x_wconf 72' lang='lat' dir='ltr'><strong>Filius</strong></span> 
     </span>
    </p>
   </div>
   <div class='ocr_carea' id='block_1_81' title="bbox 499 4231 2071 4306">
    <p class='ocr_par' dir='ltr' id='par_1_81' title="bbox 499 4231 2071 4306">
     <span class='ocr_line' id='line_1_81' title="bbox 499 4231 2071 4306; baseline 0.003 -17"><span class='ocrx_word' id='word_1_642' title='bbox 499 4245 621 4290; x_wconf 90' lang='lat' dir='ltr'><strong>tuus</strong></span> <span class='ocrx_word' id='word_1_643' title='bbox 647 4234 800 4290; x_wconf 91' lang='lat' dir='ltr'><strong>vivit.</strong></span> <span class='ocrx_word' id='word_1_644' title='bbox 836 4231 1160 4291; x_wconf 86' lang='lat' dir='ltr'><strong>Sciscitatus</strong></span> <span class='ocrx_word' id='word_1_645' title='bbox 1178 4243 1265 4291; x_wconf 91' lang='lat' dir='ltr'><strong>est</strong></span> <span class='ocrx_word' id='word_1_646' title='bbox 1292 4249 1423 4306; x_wconf 90' lang='lat' dir='ltr'><strong>ergo</strong></span> <span class='ocrx_word' id='word_1_647' title='bbox 1457 4236 1643 4290; x_wconf 88' lang='lat' dir='ltr'><strong>horam</strong></span> <span class='ocrx_word' id='word_1_648' title='bbox 1680 4236 1749 4291; x_wconf 87' lang='lat' dir='ltr'><strong>ab</strong></span> <span class='ocrx_word' id='word_1_649' title='bbox 1772 4237 1853 4292; x_wconf 92' lang='lat' dir='ltr'><strong>eis</strong></span> <span class='ocrx_word' id='word_1_650' title='bbox 1884 4237 1937 4291; x_wconf 91' lang='lat' dir='ltr'><strong>in</strong></span> <span class='ocrx_word' id='word_1_651' title='bbox 1966 4252 2071 4306; x_wconf 87' lang='lat' dir='ltr'><strong>qua</strong></span> 
     </span>
    </p>
   </div>
   <div class='ocr_carea' id='block_1_82' title="bbox 2259 4048 3744 4122">
    <p class='ocr_par' dir='ltr' id='par_1_82' title="bbox 2259 4048 3744 4122">
     <span class='ocr_line' id='line_1_82' title="bbox 2259 4048 3744 4122; baseline 0.002 -19"><span class='ocrx_word' id='word_1_652' title='bbox 2259 4069 2278 4103; x_wconf 71' lang='grc' dir='ltr'><strong>ι</strong></span> <span class='ocrx_word' id='word_1_653' title='bbox 2319 4050 2458 4122; x_wconf 82' lang='grc' dir='ltr'>Ἤδη</span> <span class='ocrx_word' id='word_1_654' title='bbox 2497 4051 2553 4105; x_wconf 86' lang='grc' dir='ltr'><strong>δὲ</strong></span> <span class='ocrx_word' id='word_1_655' title='bbox 2592 4051 2759 4106; x_wconf 82' lang='grc' dir='ltr'>αὑτοῦ</span> <span class='ocrx_word' id='word_1_656' title='bbox 2790 4048 3235 4119; x_wconf 74' lang='grc' dir='ltr'>καταὸαίνοντος,</span> <span class='ocrx_word' id='word_1_657' title='bbox 3286 4054 3337 4108; x_wconf 81' lang='lat' dir='ltr'><strong>oi</strong></span> <span class='ocrx_word' id='word_1_658' title='bbox 3382 4054 3561 4108; x_wconf 80' lang='grc' dir='ltr'>δοῦλοι</span> <span class='ocrx_word' id='word_1_659' title='bbox 3591 4049 3744 4110; x_wconf 64' lang='grc' dir='ltr'>αῦτςῦ</span> 
     </span>
    </p>
   </div>
   <div class='ocr_carea' id='block_1_83' title="bbox 2184 4143 3745 4219">
    <p class='ocr_par' dir='ltr' id='par_1_83' title="bbox 2184 4143 3745 4219">
     <span class='ocr_line' id='line_1_83' title="bbox 2184 4143 3745 4219; baseline 0.002 -22"><span class='ocrx_word' id='word_1_660' title='bbox 2184 4144 2509 4215; x_wconf 82' lang='grc' dir='ltr'>ἀπήντησαν</span> <span class='ocrx_word' id='word_1_661' title='bbox 2550 4143 2699 4213; x_wconf 84' lang='grc' dir='ltr'><strong>αὑτῷ</strong></span> <span class='ocrx_word' id='word_1_662' title='bbox 2723 4183 2737 4206; x_wconf 95' lang='grc'><strong>,</strong></span> <span class='ocrx_word' id='word_1_663' title='bbox 2772 4146 2864 4198; x_wconf 74' lang='grc' dir='ltr'>καὶ</span> <span class='ocrx_word' id='word_1_664' title='bbox 2897 4146 3236 4219; x_wconf 73' lang='grc' dir='ltr'>ἀπήγγειλαν</span> <span class='ocrx_word' id='word_1_665' title='bbox 3263 4146 3519 4217; x_wconf 78' lang='grc' dir='ltr'>λέγοντες</span> <span class='ocrx_word' id='word_1_666' title='bbox 3541 4188 3557 4212; x_wconf 88' lang='grc'><strong>,</strong></span> <span class='ocrx_word' id='word_1_667' title='bbox 3578 4150 3654 4200; x_wconf 73' lang='grc' dir='ltr'>ὅτι</span> <span class='ocrx_word' id='word_1_668' title='bbox 3694 4148 3745 4200; x_wconf 88' lang='grc'><strong>’0</strong></span> 
     </span>
    </p>
   </div>
   <div class='ocr_carea' id='block_1_84' title="bbox 2180 4234 3743 4310">
    <p class='ocr_par' dir='ltr' id='par_1_84' title="bbox 2180 4234 3743 4310">
     <span class='ocr_line' id='line_1_84' title="bbox 2180 4234 3743 4310; baseline 0.002 -23"><span class='ocrx_word' id='word_1_669' title='bbox 2180 4234 2294 4298; x_wconf 84' lang='grc' dir='ltr'>υίός</span> <span class='ocrx_word' id='word_1_670' title='bbox 2325 4252 2418 4288; x_wconf 84' lang='grc' dir='ltr'>σου</span> <span class='ocrx_word' id='word_1_671' title='bbox 2446 4236 2534 4306; x_wconf 77' lang='grc' dir='ltr'><strong>ζῇ.</strong></span> <span class='ocrx_word' id='word_1_672' title='bbox 2578 4235 2840 4295; x_wconf 82' lang='grc' dir='ltr'>Ἐπύθετο</span> <span class='ocrx_word' id='word_1_673' title='bbox 2869 4236 2962 4290; x_wconf 82' lang='grc' dir='ltr'><strong>οῦν</strong></span> <span class='ocrx_word' id='word_1_674' title='bbox 2993 4237 3123 4309; x_wconf 87' lang='grc' dir='ltr'>παρ’</span> <span class='ocrx_word' id='word_1_675' title='bbox 3151 4238 3331 4291; x_wconf 81' lang='grc' dir='ltr'>αὐτῶν</span> <span class='ocrx_word' id='word_1_676' title='bbox 3360 4239 3463 4310; x_wconf 77' lang='grc' dir='ltr'><strong>την</strong></span> <span class='ocrx_word' id='word_1_677' title='bbox 3489 4237 3657 4308; x_wconf 65' lang='grc' dir='ltr'>ὥραν,</span> <span class='ocrx_word' id='word_1_678' title='bbox 3693 4240 3743 4291; x_wconf 75' lang='grc' dir='ltr'>ἒν</span> 
     </span>
    </p>
   </div>
   <div class='ocr_carea' id='block_1_85' title="bbox 496 4323 2063 4401">
    <p class='ocr_par' dir='ltr' id='par_1_85' title="bbox 496 4327 2063 4397">
     <span class='ocr_line' id='line_1_85' title="bbox 496 4327 2063 4397; baseline 0 -14"><span class='ocrx_word' id='word_1_679' title='bbox 496 4329 735 4397; x_wconf 74' lang='lat' dir='ltr'><strong>vegetius</strong></span> <span class='ocrx_word' id='word_1_680' title='bbox 789 4342 848 4382; x_wconf 89' lang='lat' dir='ltr'><strong>se</strong></span> <span class='ocrx_word' id='word_1_681' title='bbox 898 4327 1192 4383; x_wconf 86' lang='lat' dir='ltr'><strong>habuisset.</strong></span> <span class='ocrx_word' id='word_1_682' title='bbox 1230 4327 1294 4381; x_wconf 85' lang='lat' dir='ltr'><strong>Et</strong></span> <span class='ocrx_word' id='word_1_683' title='bbox 1340 4328 1589 4382; x_wconf 80' lang='lat' dir='ltr'><strong>dixerunt</strong></span> <span class='ocrx_word' id='word_1_684' title='bbox 1623 4328 1673 4382; x_wconf 91' lang='lat' dir='ltr'><strong>ei</strong></span> <span class='ocrx_word' id='word_1_685' title='bbox 1704 4346 1719 4382; x_wconf 91' lang='lat'><strong>:</strong></span> <span class='ocrx_word' id='word_1_686' title='bbox 1748 4328 1898 4395; x_wconf 79' lang='lat' dir='ltr'><strong>ﬂeri,</strong></span> <span class='ocrx_word' id='word_1_687' title='bbox 1940 4329 2063 4383; x_wconf 84' lang='lat' dir='ltr'><strong>hora</strong></span> 
     </span>
    </p>
   </div>
   <div class='ocr_carea' id='block_1_86' title="bbox 2169 4323 3743 4401">
    <p class='ocr_par' dir='ltr' id='par_1_86' title="bbox 2180 4323 3743 4401">
     <span class='ocr_line' id='line_1_86' title="bbox 2180 4323 3743 4401; baseline 0.003 -21"><span class='ocrx_word' id='word_1_688' title='bbox 2180 4323 2211 4398; x_wconf 82' lang='grc' dir='ltr'>ᾖ</span> <span class='ocrx_word' id='word_1_689' title='bbox 2241 4327 2578 4398; x_wconf 67' lang='grc' dir='ltr'>κομψότερον</span> <span class='ocrx_word' id='word_1_690' title='bbox 2600 4328 2781 4399; x_wconf 74' lang='grc' dir='ltr'>ἔσχεν.</span> <span class='ocrx_word' id='word_1_691' title='bbox 2801 4330 2911 4385; x_wconf 77' lang='grc' dir='ltr'><strong>Καὶ</strong></span> <span class='ocrx_word' id='word_1_692' title='bbox 2927 4328 3079 4389; x_wconf 87' lang='grc' dir='ltr'>είπον</span> <span class='ocrx_word' id='word_1_693' title='bbox 3128 4330 3300 4401; x_wconf 81' lang='grc' dir='ltr'>αὐτῷ,</span> <span class='ocrx_word' id='word_1_694' title='bbox 3328 4333 3415 4385; x_wconf 85' lang='grc' dir='ltr'>ὅτι</span> <span class='ocrx_word' id='word_1_695' title='bbox 3444 4332 3588 4392; x_wconf 79' lang='grc' dir='ltr'>Χθὲς</span> <span class='ocrx_word' id='word_1_696' title='bbox 3607 4332 3743 4400; x_wconf 73' lang='grc' dir='ltr'>ὥραν</span> 
     </span>
    </p>
   </div>
   <div class='ocr_carea' id='block_1_87' title="bbox 498 4417 2076 4489">
    <p class='ocr_par' dir='ltr' id='par_1_87' title="bbox 498 4417 2076 4489">
     <span class='ocr_line' id='line_1_87' title="bbox 498 4417 2076 4489; baseline 0.002 -18"><span class='ocrx_word' id='word_1_697' title='bbox 498 4419 725 4485; x_wconf 74' lang='lat' dir='ltr'><strong>septima</strong></span> <span class='ocrx_word' id='word_1_698' title='bbox 776 4418 997 4487; x_wconf 84' lang='lat' dir='ltr'><strong>reliquit</strong></span> <span class='ocrx_word' id='word_1_699' title='bbox 1029 4433 1154 4473; x_wconf 89' lang='lat' dir='ltr'><strong>eum</strong></span> <span class='ocrx_word' id='word_1_700' title='bbox 1195 4417 1387 4472; x_wconf 75' lang='lat' dir='ltr'><strong>febris.</strong></span> <span class='ocrx_word' id='word_1_701' title='bbox 1423 4417 1691 4488; x_wconf 86' lang='lat' dir='ltr'><strong>Cognovit</strong></span> <span class='ocrx_word' id='word_1_702' title='bbox 1735 4434 1863 4488; x_wconf 87' lang='lat' dir='ltr'><strong>ergo</strong></span> <span class='ocrx_word' id='word_1_703' title='bbox 1920 4431 2076 4489; x_wconf 87' lang='lat' dir='ltr'><strong>pater</strong></span> 
     </span>
    </p>
   </div>
   <div class='ocr_carea' id='block_1_88' title="bbox 500 4506 2078 4585">
    <p class='ocr_par' dir='ltr' id='par_1_88' title="bbox 500 4506 2078 4585">
     <span class='ocr_line' id='line_1_88' title="bbox 500 4506 2078 4585; baseline 0.003 -23"><span class='ocrx_word' id='word_1_704' title='bbox 500 4509 642 4585; x_wconf 88' lang='lat' dir='ltr'><strong>quod</strong></span> <span class='ocrx_word' id='word_1_705' title='bbox 679 4507 765 4561; x_wconf 85' lang='lat' dir='ltr'><strong>illa</strong></span> <span class='ocrx_word' id='word_1_706' title='bbox 805 4508 937 4562; x_wconf 88' lang='lat' dir='ltr'><strong>hora</strong></span> <span class='ocrx_word' id='word_1_707' title='bbox 974 4515 1094 4562; x_wconf 86' lang='lat' dir='ltr'><strong>erat</strong></span> <span class='ocrx_word' id='word_1_708' title='bbox 1138 4508 1192 4562; x_wconf 90' lang='lat' dir='ltr'><strong>in</strong></span> <span class='ocrx_word' id='word_1_709' title='bbox 1221 4522 1326 4576; x_wconf 88' lang='lat' dir='ltr'><strong>qua</strong></span> <span class='ocrx_word' id='word_1_710' title='bbox 1361 4508 1497 4562; x_wconf 79' lang='lat' dir='ltr'><strong>dixit</strong></span> <span class='ocrx_word' id='word_1_711' title='bbox 1537 4509 1637 4565; x_wconf 88' lang='lat' dir='ltr'><strong>sibi</strong></span> <span class='ocrx_word' id='word_1_712' title='bbox 1692 4506 1872 4574; x_wconf 82' lang='lat' dir='ltr'><strong>Jesus,</strong></span> <span class='ocrx_word' id='word_1_713' title='bbox 1906 4508 2078 4572; x_wconf 80' lang='lat' dir='ltr'><strong>Filius</strong></span> 
     </span>
    </p>
   </div>
   <div class='ocr_carea' id='block_1_89' title="bbox 504 4600 2078 4669">
    <p class='ocr_par' dir='ltr' id='par_1_89' title="bbox 504 4600 2078 4669">
     <span class='ocr_line' id='line_1_89' title="bbox 504 4600 2078 4669; baseline 0.001 -13"><span class='ocrx_word' id='word_1_714' title='bbox 504 4613 627 4657; x_wconf 89' lang='lat' dir='ltr'><strong>tuus</strong></span> <span class='ocrx_word' id='word_1_715' title='bbox 662 4602 810 4665; x_wconf 87' lang='lat' dir='ltr'><strong>vivit,</strong></span> <span class='ocrx_word' id='word_1_716' title='bbox 842 4610 896 4655; x_wconf 84' lang='lat' dir='ltr'><strong>et</strong></span> <span class='ocrx_word' id='word_1_717' title='bbox 924 4601 1154 4656; x_wconf 85' lang='lat' dir='ltr'><strong>credidit</strong></span> <span class='ocrx_word' id='word_1_718' title='bbox 1184 4601 1319 4668; x_wconf 88' lang='lat' dir='ltr'><strong>ipse,</strong></span> <span class='ocrx_word' id='word_1_719' title='bbox 1352 4611 1406 4653; x_wconf 93' lang='lat' dir='ltr'><strong>et</strong></span> <span class='ocrx_word' id='word_1_720' title='bbox 1437 4600 1630 4660; x_wconf 89' lang='lat' dir='ltr'><strong>domus</strong></span> <span class='ocrx_word' id='word_1_721' title='bbox 1653 4600 1771 4669; x_wconf 83' lang='lat' dir='ltr'><strong>ejus</strong></span> <span class='ocrx_word' id='word_1_722' title='bbox 1801 4608 1931 4656; x_wconf 88' lang='lat' dir='ltr'><strong>tota.</strong></span> <span class='ocrx_word' id='word_1_723' title='bbox 1962 4600 2078 4657; x_wconf 85' lang='lat' dir='ltr'><strong>Hoc</strong></span> 
     </span>
    </p>
   </div>
   <div class='ocr_carea' id='block_1_90' title="bbox 504 4689 2080 4763">
    <p class='ocr_par' dir='ltr' id='par_1_90' title="bbox 504 4689 2080 4763">
     <span class='ocr_line' id='line_1_90' title="bbox 504 4689 2080 4763; baseline 0.001 -16"><span class='ocrx_word' id='word_1_724' title='bbox 504 4694 699 4749; x_wconf 87' lang='lat' dir='ltr'><strong>iterum</strong></span> <span class='ocrx_word' id='word_1_725' title='bbox 718 4694 1012 4748; x_wconf 84' lang='lat' dir='ltr'><strong>secundum</strong></span> <span class='ocrx_word' id='word_1_726' title='bbox 1040 4692 1252 4763; x_wconf 89' lang='lat' dir='ltr'><strong>signum</strong></span> <span class='ocrx_word' id='word_1_727' title='bbox 1282 4692 1449 4746; x_wconf 90' lang='lat' dir='ltr'><strong>edidit</strong></span> <span class='ocrx_word' id='word_1_728' title='bbox 1477 4689 1655 4757; x_wconf 81' lang='lat' dir='ltr'><strong>Jcsus,</strong></span> <span class='ocrx_word' id='word_1_729' title='bbox 1680 4707 1802 4747; x_wconf 91' lang='lat' dir='ltr'><strong>cum</strong></span> <span class='ocrx_word' id='word_1_730' title='bbox 1847 4694 2080 4748; x_wconf 90' lang='lat' dir='ltr'><strong>venisset</strong></span> 
     </span>
    </p>
   </div>
   <div class='ocr_carea' id='block_1_91' title="bbox 504 4781 2083 4853">
    <p class='ocr_par' dir='ltr' id='par_1_91' title="bbox 504 4781 2083 4853">
     <span class='ocr_line' id='line_1_91' title="bbox 504 4781 2083 4853; baseline 0 -15"><span class='ocrx_word' id='word_1_731' title='bbox 504 4802 533 4838; x_wconf 92' lang='lat' dir='ltr'><strong>a</strong></span> <span class='ocrx_word' id='word_1_732' title='bbox 563 4784 744 4839; x_wconf 67' lang='lat' dir='ltr'><strong>Judaia</strong></span> <span class='ocrx_word' id='word_1_733' title='bbox 771 4785 825 4840; x_wconf 90' lang='lat' dir='ltr'><strong>in</strong></span> <span class='ocrx_word' id='word_1_734' title='bbox 872 4784 1172 4840; x_wconf 75' lang='lat' dir='ltr'><strong>Galilaeam.</strong></span> <span class='ocrx_word' id='word_1_735' title='bbox 1213 4800 1233 4835; x_wconf 79' lang='grc' dir='ltr'><strong>ι</strong></span> <span class='ocrx_word' id='word_1_736' title='bbox 1274 4781 1649 4853; x_wconf 80' lang='lat' dir='ltr'><strong>ObstupefaCti</strong></span> <span class='ocrx_word' id='word_1_737' title='bbox 1689 4785 1833 4839; x_wconf 85' lang='lat' dir='ltr'><strong>servi</strong></span> <span class='ocrx_word' id='word_1_738' title='bbox 1892 4798 2083 4853; x_wconf 87' lang='lat' dir='ltr'><strong>repen-</strong></span> 
     </span>
    </p>
   </div>
   <div class='ocr_carea' id='block_1_92' title="bbox 506 4875 2078 4942">
    <p class='ocr_par' dir='ltr' id='par_1_92' title="bbox 506 4875 2078 4942">
     <span class='ocr_line' id='line_1_92' title="bbox 506 4875 2078 4942; baseline -0.001 -12"><span class='ocrx_word' id='word_1_739' title='bbox 506 4876 824 4936; x_wconf 60' lang='lat' dir='ltr'><strong>tinamorbi</strong></span> <span class='ocrx_word' id='word_1_740' title='bbox 861 4876 1178 4942; x_wconf 88' lang='lat' dir='ltr'><strong>mutatione,</strong></span> <span class='ocrx_word' id='word_1_741' title='bbox 1234 4889 1531 4931; x_wconf 92' lang='lat' dir='ltr'><strong>occurrunt</strong></span> <span class='ocrx_word' id='word_1_742' title='bbox 1580 4876 1836 4941; x_wconf 89' lang='lat' dir='ltr'><strong>domino,</strong></span> <span class='ocrx_word' id='word_1_743' title='bbox 1880 4875 2078 4933; x_wconf 82' lang='lat' dir='ltr'><strong>bonum</strong></span> 
     </span>
    </p>
   </div>
   <div class='ocr_carea' id='block_1_93' title="bbox 507 4965 2082 5041">
    <p class='ocr_par' dir='ltr' id='par_1_93' title="bbox 507 4965 2082 5041">
     <span class='ocr_line' id='line_1_93' title="bbox 507 4965 2082 5041; baseline 0 -18"><span class='ocrx_word' id='word_1_744' title='bbox 507 4969 755 5023; x_wconf 88' lang='lat' dir='ltr'><strong>nuntium</strong></span> <span class='ocrx_word' id='word_1_745' title='bbox 784 4965 1073 5024; x_wconf 85' lang='lat' dir='ltr'><strong>all‘erentes</strong></span> <span class='ocrx_word' id='word_1_746' title='bbox 1101 4968 1168 5022; x_wconf 90' lang='lat' dir='ltr'><strong>de</strong></span> <span class='ocrx_word' id='word_1_747' title='bbox 1186 4967 1420 5023; x_wconf 88' lang='lat' dir='ltr'><strong>sanitate</strong></span> <span class='ocrx_word' id='word_1_748' title='bbox 1452 4966 1612 5041; x_wconf 79' lang='lat'><strong>567</strong></span> <span class='ocrx_word' id='word_1_749' title='bbox 1644 4966 1759 5022; x_wconf 85' lang='lat' dir='ltr'><strong>lilii.</strong></span> <span class='ocrx_word' id='word_1_750' title='bbox 1790 4965 1905 5022; x_wconf 84' lang='lat' dir='ltr'><strong>Non</strong></span> <span class='ocrx_word' id='word_1_751' title='bbox 1939 4969 2082 5023; x_wconf 90' lang='lat' dir='ltr'><strong>enim</strong></span> 
     </span>
    </p>
   </div>
   <div class='ocr_carea' id='block_1_94' title="bbox 507 5058 2086 5128">
    <p class='ocr_par' dir='ltr' id='par_1_94' title="bbox 507 5058 2086 5128">
     <span class='ocr_line' id='line_1_94' title="bbox 507 5058 2086 5128; baseline 0.002 -14"><span class='ocrx_word' id='word_1_752' title='bbox 507 5061 827 5128; x_wconf 82' lang='lat' dir='ltr'><strong>simpliciter</strong></span> <span class='ocrx_word' id='word_1_753' title='bbox 861 5070 915 5114; x_wconf 92' lang='lat' dir='ltr'><strong>et</strong></span> <span class='ocrx_word' id='word_1_754' title='bbox 945 5060 1087 5115; x_wconf 88' lang='lat' dir='ltr'><strong>sicut</strong></span> <span class='ocrx_word' id='word_1_755' title='bbox 1121 5059 1237 5117; x_wconf 84' lang='lat' dir='ltr'><strong>ﬁeri</strong></span> <span class='ocrx_word' id='word_1_756' title='bbox 1284 5059 1440 5128; x_wconf 89' lang='lat' dir='ltr'><strong>solet,</strong></span> <span class='ocrx_word' id='word_1_757' title='bbox 1487 5061 1580 5115; x_wconf 90' lang='lat' dir='ltr'><strong>sed</strong></span> <span class='ocrx_word' id='word_1_758' title='bbox 1616 5058 1797 5115; x_wconf 90' lang='lat' dir='ltr'><strong>subito</strong></span> <span class='ocrx_word' id='word_1_759' title='bbox 1828 5061 2086 5117; x_wconf 87' lang='lat' dir='ltr'><strong>liberatus</strong></span> 
     </span>
    </p>
   </div>
   <div class='ocr_carea' id='block_1_95' title="bbox 507 5151 2083 5215">
    <p class='ocr_par' dir='ltr' id='par_1_95' title="bbox 507 5151 2083 5215">
     <span class='ocr_line' id='line_1_95' title="bbox 507 5151 2083 5215; baseline 0.003 -10"><span class='ocrx_word' id='word_1_760' title='bbox 507 5160 589 5205; x_wconf 79' lang='lat' dir='ltr'><strong>est</strong></span> <span class='ocrx_word' id='word_1_761' title='bbox 626 5151 849 5215; x_wconf 83' lang='lat' dir='ltr'><strong>afebre,</strong></span> <span class='ocrx_word' id='word_1_762' title='bbox 898 5159 957 5204; x_wconf 91' lang='lat' dir='ltr'><strong>ut</strong></span> <span class='ocrx_word' id='word_1_763' title='bbox 1007 5152 1076 5204; x_wconf 89' lang='lat' dir='ltr'><strong>ita</strong></span> <span class='ocrx_word' id='word_1_764' title='bbox 1126 5151 1446 5207; x_wconf 89' lang='lat' dir='ltr'><strong>ostendatur</strong></span> <span class='ocrx_word' id='word_1_765' title='bbox 1474 5151 1793 5205; x_wconf 86' lang='lat' dir='ltr'><strong>miraculum</strong></span> <span class='ocrx_word' id='word_1_766' title='bbox 1846 5153 1946 5208; x_wconf 89' lang='lat' dir='ltr'><strong>hoc</strong></span> <span class='ocrx_word' id='word_1_767' title='bbox 1975 5167 2083 5209; x_wconf 91' lang='lat' dir='ltr'><strong>non</strong></span> 
     </span>
    </p>
   </div>
   <div class='ocr_carea' id='block_1_96' title="bbox 512 5242 2089 5313">
    <p class='ocr_par' dir='ltr' id='par_1_96' title="bbox 512 5242 2089 5313">
     <span class='ocr_line' id='line_1_96' title="bbox 512 5242 2089 5313; baseline 0.004 -20"><span class='ocrx_word' id='word_1_768' title='bbox 512 5242 680 5295; x_wconf 75' lang='lat' dir='ltr'><strong>fuisse</strong></span> <span class='ocrx_word' id='word_1_769' title='bbox 711 5252 950 5307; x_wconf 59' lang='lat' dir='ltr'><strong>natura),</strong></span> <span class='ocrx_word' id='word_1_770' title='bbox 985 5242 1079 5296; x_wconf 88' lang='lat' dir='ltr'><strong>sed</strong></span> <span class='ocrx_word' id='word_1_771' title='bbox 1118 5242 1332 5297; x_wconf 86' lang='lat' dir='ltr'><strong>virtutis</strong></span> <span class='ocrx_word' id='word_1_772' title='bbox 1360 5243 1589 5298; x_wconf 77' lang='lat' dir='ltr'><strong>Christi.</strong></span> <span class='ocrx_word' id='word_1_773' title='bbox 1626 5243 1695 5299; x_wconf 91' lang='lat' dir='ltr'><strong>Ut</strong></span> <span class='ocrx_word' id='word_1_774' title='bbox 1725 5259 1855 5313; x_wconf 85' lang='lat' dir='ltr'><strong>ergo</strong></span> <span class='ocrx_word' id='word_1_775' title='bbox 1898 5243 2089 5300; x_wconf 87' lang='lat' dir='ltr'><strong>didicit</strong></span> 
     </span>
    </p>
   </div>
   <div class='ocr_carea' id='block_1_97' title="bbox 513 5335 2084 5406">
    <p class='ocr_par' dir='ltr' id='par_1_97' title="bbox 513 5335 2084 5406">
     <span class='ocr_line' id='line_1_97' title="bbox 513 5335 2084 5406; baseline 0.002 -19"><span class='ocrx_word' id='word_1_776' title='bbox 513 5348 544 5387; x_wconf 93' lang='lat' dir='ltr'><strong>a</strong></span> <span class='ocrx_word' id='word_1_777' title='bbox 588 5335 760 5388; x_wconf 87' lang='lat' dir='ltr'><strong>servis</strong></span> <span class='ocrx_word' id='word_1_778' title='bbox 800 5336 985 5388; x_wconf 88' lang='lat' dir='ltr'><strong>horam</strong></span> <span class='ocrx_word' id='word_1_779' title='bbox 1031 5335 1083 5387; x_wconf 93' lang='lat' dir='ltr'><strong>in</strong></span> <span class='ocrx_word' id='word_1_780' title='bbox 1126 5348 1231 5403; x_wconf 86' lang='lat' dir='ltr'><strong>qua</strong></span> <span class='ocrx_word' id='word_1_781' title='bbox 1269 5349 1400 5403; x_wconf 84' lang='lat' dir='ltr'><strong>puer</strong></span> <span class='ocrx_word' id='word_1_782' title='bbox 1431 5337 1672 5406; x_wconf 82' lang='lat' dir='ltr'><strong>vegetius</strong></span> <span class='ocrx_word' id='word_1_783' title='bbox 1700 5350 1757 5391; x_wconf 91' lang='lat' dir='ltr'><strong>se</strong></span> <span class='ocrx_word' id='word_1_784' title='bbox 1786 5337 2084 5403; x_wconf 85' lang='lat' dir='ltr'><strong>habuisset,</strong></span> 
     </span>
    </p>
   </div>
   <div class='ocr_carea' id='block_1_98' title="bbox 517 5425 2089 5492">
    <p class='ocr_par' dir='ltr' id='par_1_98' title="bbox 517 5425 2089 5492">
     <span class='ocr_line' id='line_1_98' title="bbox 517 5425 2089 5492; baseline 0.003 -14"><span class='ocrx_word' id='word_1_785' title='bbox 517 5427 617 5479; x_wconf 90' lang='lat' dir='ltr'><strong>hoc</strong></span> <span class='ocrx_word' id='word_1_786' title='bbox 644 5435 745 5485; x_wconf 86' lang='lat' dir='ltr'><strong>est,</strong></span> <span class='ocrx_word' id='word_1_787' title='bbox 785 5425 974 5480; x_wconf 87' lang='lat' dir='ltr'><strong>melius</strong></span> <span class='ocrx_word' id='word_1_788' title='bbox 1008 5426 1306 5492; x_wconf 82' lang='lat' dir='ltr'><strong>habuisset,</strong></span> <span class='ocrx_word' id='word_1_789' title='bbox 1347 5434 1400 5480; x_wconf 89' lang='lat' dir='ltr'><strong>et</strong></span> <span class='ocrx_word' id='word_1_790' title='bbox 1435 5428 1487 5481; x_wconf 91' lang='lat' dir='ltr'><strong>in</strong></span> <span class='ocrx_word' id='word_1_791' title='bbox 1523 5428 1800 5484; x_wconf 89' lang='lat' dir='ltr'><strong>meliorem</strong></span> <span class='ocrx_word' id='word_1_792' title='bbox 1858 5429 2089 5482; x_wconf 88' lang='lat' dir='ltr'><strong>transis-</strong></span> 
     </span>
    </p>
   </div>
   <div class='ocr_carea' id='block_1_99' title="bbox 516 5516 2087 5587">
    <p class='ocr_par' dir='ltr' id='par_1_99' title="bbox 516 5516 2087 5587">
     <span class='ocr_line' id='line_1_99' title="bbox 516 5516 2087 5587; baseline 0.003 -15"><span class='ocrx_word' id='word_1_793' title='bbox 516 5528 599 5572; x_wconf 79' lang='lat' dir='ltr'><strong>set</strong></span> <span class='ocrx_word' id='word_1_794' title='bbox 623 5516 1006 5583; x_wconf 76' lang='lat' dir='ltr'><strong>valetudinem,</strong></span> <span class='ocrx_word' id='word_1_795' title='bbox 1039 5519 1195 5587; x_wconf 79' lang='lat' dir='ltr'><strong>plene</strong></span> <span class='ocrx_word' id='word_1_796' title='bbox 1213 5518 1443 5574; x_wconf 88' lang='lat' dir='ltr'><strong>credidit</strong></span> <span class='ocrx_word' id='word_1_797' title='bbox 1477 5520 1726 5575; x_wconf 90' lang='lat' dir='ltr'><strong>Domino.</strong></span> <span class='ocrx_word' id='word_1_798' title='bbox 1755 5519 1914 5576; x_wconf 84' lang='lat' dir='ltr'><strong>Prior</strong></span> <span class='ocrx_word' id='word_1_799' title='bbox 1942 5522 2087 5576; x_wconf 87' lang='lat' dir='ltr'><strong>enim</strong></span> 
     </span>
    </p>
   </div>
   <div class='ocr_carea' id='block_1_100' title="bbox 518 5606 2087 5677">
    <p class='ocr_par' dir='ltr' id='par_1_100' title="bbox 518 5606 2087 5677">
     <span class='ocr_line' id='line_1_100' title="bbox 518 5606 2087 5677; baseline 0.004 -14"><span class='ocrx_word' id='word_1_800' title='bbox 518 5608 636 5677; x_wconf 67' lang='lat' dir='ltr'><strong>cius</strong></span> <span class='ocrx_word' id='word_1_801' title='bbox 669 5606 798 5661; x_wconf 85' lang='lat' dir='ltr'><strong>tidcs</strong></span> <span class='ocrx_word' id='word_1_802' title='bbox 843 5607 1157 5676; x_wconf 81' lang='lat' dir='ltr'><strong>irnperfecta</strong></span> <span class='ocrx_word' id='word_1_803' title='bbox 1196 5619 1333 5665; x_wconf 84' lang='lat' dir='ltr'><strong>erat.</strong></span> <span class='ocrx_word' id='word_1_804' title='bbox 1390 5610 1467 5667; x_wconf 84' lang='lat' dir='ltr'><strong>Ne</strong></span> <span class='ocrx_word' id='word_1_805' title='bbox 1504 5613 1650 5668; x_wconf 88' lang='lat' dir='ltr'><strong>enim</strong></span> <span class='ocrx_word' id='word_1_806' title='bbox 1701 5613 1831 5669; x_wconf 85' lang='lat' dir='ltr'><strong>mihi</strong></span> <span class='ocrx_word' id='word_1_807' title='bbox 1882 5613 2087 5669; x_wconf 71' lang='lat' dir='ltr'><strong>dixeris</strong></span> 
     </span>
    </p>
   </div>
   <div class='ocr_carea' id='block_1_101' title="bbox 616 5792 1139 5861">
    <p class='ocr_par' dir='ltr' id='par_1_101' title="bbox 616 5792 1139 5861">
     <span class='ocr_line' id='line_1_101' title="bbox 616 5792 1139 5861; baseline 0.01 -15"><span class='ocrx_word' id='word_1_808' title='bbox 616 5795 661 5826; x_wconf 76' lang='lat'><strong>”‘</strong></span> <span class='ocrx_word' id='word_1_809' title='bbox 691 5792 835 5849; x_wconf 77' lang='lat' dir='ltr'><strong>PSul.</strong></span> <span class='ocrx_word' id='word_1_810' title='bbox 868 5809 1047 5861; x_wconf 72' lang='lat' dir='ltr'><strong>cxxtx,</strong></span> <span class='ocrx_word' id='word_1_811' title='bbox 1086 5796 1139 5852; x_wconf 86' lang='grc'><strong>’5.</strong></span> 
     </span>
    </p>
   </div>
   <div class='ocr_carea' id='block_1_102' title="bbox 2179 4418 3740 4494">
    <p class='ocr_par' dir='ltr' id='par_1_102' title="bbox 2179 4418 3740 4494">
     <span class='ocr_line' id='line_1_102' title="bbox 2179 4418 3740 4494; baseline 0.004 -22"><span class='ocrx_word' id='word_1_812' title='bbox 2179 4418 2412 4491; x_wconf 77' lang='grc' dir='ltr'>ὲὸδόμην</span> <span class='ocrx_word' id='word_1_813' title='bbox 2429 4420 2642 4489; x_wconf 81' lang='grc' dir='ltr'>ἀφῆκεν</span> <span class='ocrx_word' id='word_1_814' title='bbox 2664 4420 2827 4475; x_wconf 84' lang='grc' dir='ltr'>αὑτὸν</span> <span class='ocrx_word' id='word_1_815' title='bbox 2845 4422 2872 4474; x_wconf 88' lang='lat'><strong>6</strong></span> <span class='ocrx_word' id='word_1_816' title='bbox 2896 4421 3148 4492; x_wconf 83' lang='grc' dir='ltr'>πυρετός.</span> <span class='ocrx_word' id='word_1_817' title='bbox 3169 4423 3353 4491; x_wconf 84' lang='grc' dir='ltr'>Ἔγνω</span> <span class='ocrx_word' id='word_1_818' title='bbox 3379 4422 3474 4476; x_wconf 82' lang='grc' dir='ltr'><strong>οὖν</strong></span> <span class='ocrx_word' id='word_1_819' title='bbox 3491 4426 3521 4477; x_wconf 87' lang='lat'><strong>6</strong></span> <span class='ocrx_word' id='word_1_820' title='bbox 3554 4423 3740 4494; x_wconf 70' lang='grc' dir='ltr'>πατὴρ,</span> 
     </span>
    </p>
   </div>
   <div class='ocr_carea' id='block_1_103' title="bbox 2138 4508 3743 4587">
    <p class='ocr_par' dir='ltr' id='par_1_103' title="bbox 2138 4508 3743 4587">
     <span class='ocr_line' id='line_1_103' title="bbox 2138 4508 3743 4587; baseline 0.002 -24"><span class='ocrx_word' id='word_1_821' title='bbox 2138 4540 2141 4547; x_wconf 93' lang='lat'><strong><em>-</em></strong></span> <span class='ocrx_word' id='word_1_822' title='bbox 2178 4513 2260 4563; x_wconf 81' lang='grc' dir='ltr'>ὅτι</span> <span class='ocrx_word' id='word_1_823' title='bbox 2295 4513 2352 4564; x_wconf 84' lang='grc' dir='ltr'>ὲν</span> <span class='ocrx_word' id='word_1_824' title='bbox 2373 4511 2558 4587; x_wconf 77' lang='grc' dir='ltr'>ἐκείνῃ</span> <span class='ocrx_word' id='word_1_825' title='bbox 2578 4514 2645 4583; x_wconf 79' lang='grc' dir='ltr'>τῇ</span> <span class='ocrx_word' id='word_1_826' title='bbox 2672 4511 2894 4584; x_wconf 74' lang='grc' dir='ltr'>ὥρᾳ.ιὲν</span> <span class='ocrx_word' id='word_1_827' title='bbox 2980 4510 3132 4567; x_wconf 79' lang='grc' dir='ltr'>εἶπεν</span> <span class='ocrx_word' id='word_1_828' title='bbox 3159 4515 3309 4585; x_wconf 81' lang='grc' dir='ltr'>αὐτῷ</span> <span class='ocrx_word' id='word_1_829' title='bbox 3330 4517 3361 4569; x_wconf 87' lang='grc' dir='ltr'>ὁ</span> <span class='ocrx_word' id='word_1_830' title='bbox 3400 4516 3624 4585; x_wconf 67' lang='grc' dir='ltr'>Ἰησοῦς,</span> <span class='ocrx_word' id='word_1_831' title='bbox 3672 4516 3743 4567; x_wconf 74' lang='grc' dir='ltr'>ὅτι</span> 
     </span>
    </p>
   </div>
   <div class='ocr_carea' id='block_1_104' title="bbox 2192 4602 3741 4678">
    <p class='ocr_par' dir='ltr' id='par_1_104' title="bbox 2192 4602 3741 4678">
     <span class='ocr_line' id='line_1_104' title="bbox 2192 4602 3741 4678; baseline 0.003 -24"><span class='ocrx_word' id='word_1_832' title='bbox 2192 4602 2250 4665; x_wconf 84' lang='grc' dir='ltr'><strong>Ὀ</strong></span> <span class='ocrx_word' id='word_1_833' title='bbox 2279 4602 2391 4666; x_wconf 71' lang='grc' dir='ltr'>υἱός</span> <span class='ocrx_word' id='word_1_834' title='bbox 2419 4619 2514 4655; x_wconf 90' lang='grc' dir='ltr'>σου</span> <span class='ocrx_word' id='word_1_835' title='bbox 2563 4603 2655 4674; x_wconf 75' lang='grc' dir='ltr'><strong>ζῇ,</strong></span> <span class='ocrx_word' id='word_1_836' title='bbox 2710 4604 2805 4656; x_wconf 78' lang='grc' dir='ltr'>καὶ</span> <span class='ocrx_word' id='word_1_837' title='bbox 2835 4605 3157 4665; x_wconf 73' lang='grc' dir='ltr'>ἐπίστευσεν</span> <span class='ocrx_word' id='word_1_838' title='bbox 3190 4606 3377 4671; x_wconf 74' lang='grc' dir='ltr'>αὐτὸς,</span> <span class='ocrx_word' id='word_1_839' title='bbox 3412 4608 3508 4660; x_wconf 84' lang='grc' dir='ltr'>καὶ</span> <span class='ocrx_word' id='word_1_840' title='bbox 3544 4609 3575 4678; x_wconf 81' lang='grc' dir='ltr'><strong>ἡ</strong></span> <span class='ocrx_word' id='word_1_841' title='bbox 3610 4607 3741 4659; x_wconf 75' lang='grc' dir='ltr'>οἰκία</span> 
     </span>
    </p>
   </div>
   <div class='ocr_carea' id='block_1_105' title="bbox 2181 4694 3740 4769">
    <p class='ocr_par' dir='ltr' id='par_1_105' title="bbox 2181 4694 3740 4769">
     <span class='ocr_line' id='line_1_105' title="bbox 2181 4694 3740 4769; baseline 0 -22"><span class='ocrx_word' id='word_1_842' title='bbox 2181 4694 2348 4747; x_wconf 83' lang='grc' dir='ltr'>αὐτοῦ</span> <span class='ocrx_word' id='word_1_843' title='bbox 2400 4694 2519 4765; x_wconf 82' lang='grc' dir='ltr'>ὅλη.</span> <span class='ocrx_word' id='word_1_844' title='bbox 2560 4694 2733 4748; x_wconf 89' lang='grc' dir='ltr'>Τοῦτο</span> <span class='ocrx_word' id='word_1_845' title='bbox 2765 4696 2926 4755; x_wconf 78' lang='grc' dir='ltr'>πάλιν</span> <span class='ocrx_word' id='word_1_846' title='bbox 2955 4697 3207 4768; x_wconf 84' lang='grc' dir='ltr'>δεύτερον</span> <span class='ocrx_word' id='word_1_847' title='bbox 3239 4702 3470 4769; x_wconf 82' lang='grc' dir='ltr'>σημεῖον</span> <span class='ocrx_word' id='word_1_848' title='bbox 3505 4699 3740 4767; x_wconf 71' lang='grc' dir='ltr'>ἐποίησεν</span> 
     </span>
    </p>
   </div>
   <div class='ocr_carea' id='block_1_106' title="bbox 2182 4785 3737 4862">
    <p class='ocr_par' dir='ltr' id='par_1_106' title="bbox 2182 4785 3737 4862">
     <span class='ocr_line' id='line_1_106' title="bbox 2182 4785 3737 4862; baseline 0.003 -24"><span class='ocrx_word' id='word_1_849' title='bbox 2182 4789 2211 4839; x_wconf 92' lang='lat'><strong>6</strong></span> <span class='ocrx_word' id='word_1_850' title='bbox 2253 4786 2494 4857; x_wconf 87' lang='grc' dir='ltr'>Ἰησοῦς,</span> <span class='ocrx_word' id='word_1_851' title='bbox 2555 4785 2724 4852; x_wconf 78' lang='grc' dir='ltr'>ἐλθὼν</span> <span class='ocrx_word' id='word_1_852' title='bbox 2773 4788 2837 4841; x_wconf 79' lang='grc' dir='ltr'>ὲκ</span> <span class='ocrx_word' id='word_1_853' title='bbox 2882 4789 2980 4860; x_wconf 79' lang='grc' dir='ltr'>τῆς</span> <span class='ocrx_word' id='word_1_854' title='bbox 3022 4789 3285 4853; x_wconf 82' lang='grc' dir='ltr'>Ἰουδαίας</span> <span class='ocrx_word' id='word_1_855' title='bbox 3325 4792 3409 4855; x_wconf 83' lang='grc' dir='ltr'><strong>είς</strong></span> <span class='ocrx_word' id='word_1_856' title='bbox 3449 4792 3551 4862; x_wconf 77' lang='grc' dir='ltr'>τὴν</span> <span class='ocrx_word' id='word_1_857' title='bbox 3595 4790 3737 4842; x_wconf 60' lang='lat' dir='ltr'><strong>F12:-</strong></span> 
     </span>
    </p>
   </div>
   <div class='ocr_carea' id='block_1_107' title="bbox 2183 4877 3736 4953">
    <p class='ocr_par' dir='ltr' id='par_1_107' title="bbox 2183 4877 3736 4953">
     <span class='ocr_line' id='line_1_107' title="bbox 2183 4877 3736 4953; baseline 0.005 -24"><span class='ocrx_word' id='word_1_858' title='bbox 2183 4877 2360 4933; x_wconf 79' lang='grc' dir='ltr'>λαίαν.</span> <span class='ocrx_word' id='word_1_859' title='bbox 2405 4898 2423 4930; x_wconf 83' lang='grc'>›</span> <span class='ocrx_word' id='word_1_860' title='bbox 2466 4879 2865 4948; x_wconf 77' lang='grc' dir='ltr'>Ἐκπλαγέντες</span> <span class='ocrx_word' id='word_1_861' title='bbox 2901 4882 2951 4934; x_wconf 86' lang='grc' dir='ltr'>οἱ</span> <span class='ocrx_word' id='word_1_862' title='bbox 2983 4881 3159 4936; x_wconf 83' lang='grc' dir='ltr'>δοῦλοι</span> <span class='ocrx_word' id='word_1_863' title='bbox 3208 4884 3309 4953; x_wconf 79' lang='grc' dir='ltr'>τὴν</span> <span class='ocrx_word' id='word_1_864' title='bbox 3350 4883 3555 4952; x_wconf 82' lang='grc' dir='ltr'>ἀθρόαν</span> <span class='ocrx_word' id='word_1_865' title='bbox 3592 4899 3736 4952; x_wconf 79' lang='grc' dir='ltr'>μετα·</span> 
     </span>
    </p>
   </div>
   <div class='ocr_carea' id='block_1_108' title="bbox 2185 4969 3733 5045">
    <p class='ocr_par' dir='ltr' id='par_1_108' title="bbox 2185 4969 3733 5045">
     <span class='ocr_line' id='line_1_108' title="bbox 2185 4969 3733 5045; baseline 0.003 -23"><span class='ocrx_word' id='word_1_866' title='bbox 2185 4969 2349 5039; x_wconf 68' lang='grc' dir='ltr'>δολὴν</span> <span class='ocrx_word' id='word_1_867' title='bbox 2380 4969 2481 5040; x_wconf 85' lang='grc' dir='ltr'>τῆς</span> <span class='ocrx_word' id='word_1_868' title='bbox 2515 4973 2688 5035; x_wconf 83' lang='grc' dir='ltr'>νόσου,</span> <span class='ocrx_word' id='word_1_869' title='bbox 2729 4972 3016 5025; x_wconf 84' lang='grc' dir='ltr'>ἀπαντῶσι</span> <span class='ocrx_word' id='word_1_870' title='bbox 3056 4973 3136 5044; x_wconf 82' lang='grc' dir='ltr'>τῷ</span> <span class='ocrx_word' id='word_1_871' title='bbox 3181 4975 3379 5045; x_wconf 78' lang='grc' dir='ltr'>κυρίῳ,</span> <span class='ocrx_word' id='word_1_872' title='bbox 3410 4974 3733 5042; x_wconf 72' lang='grc' dir='ltr'>εὐαγγελιζό-</span> 
     </span>
    </p>
   </div>
   <div class='ocr_carea' id='block_1_109' title="bbox 2188 5060 3734 5137">
    <p class='ocr_par' dir='ltr' id='par_1_109' title="bbox 2188 5060 3734 5137">
     <span class='ocr_line' id='line_1_109' title="bbox 2188 5060 3734 5137; baseline 0.003 -25"><span class='ocrx_word' id='word_1_873' title='bbox 2188 5075 2343 5128; x_wconf 80' lang='grc' dir='ltr'>μενοι</span> <span class='ocrx_word' id='word_1_874' title='bbox 2373 5060 2523 5132; x_wconf 81' lang='grc' dir='ltr'><strong>αύτῷ</strong></span> <span class='ocrx_word' id='word_1_875' title='bbox 2557 5061 2655 5137; x_wconf 76' lang='grc' dir='ltr'>τὴν</span> <span class='ocrx_word' id='word_1_876' title='bbox 2676 5062 2771 5115; x_wconf 88' lang='grc' dir='ltr'>τοῦ</span> <span class='ocrx_word' id='word_1_877' title='bbox 2805 5063 2924 5116; x_wconf 81' lang='grc' dir='ltr'>υἱοῦ</span> <span class='ocrx_word' id='word_1_878' title='bbox 2956 5063 3167 5131; x_wconf 82' lang='grc' dir='ltr'>ὑγείαν.</span> <span class='ocrx_word' id='word_1_879' title='bbox 3202 5062 3282 5119; x_wconf 81' lang='grc' dir='ltr'><strong>Οὐ</strong></span> <span class='ocrx_word' id='word_1_880' title='bbox 3313 5065 3424 5134; x_wconf 76' lang='grc' dir='ltr'>γὰρ</span> <span class='ocrx_word' id='word_1_881' title='bbox 3455 5065 3634 5127; x_wconf 79' lang='grc' dir='ltr'>ἁπλῶς</span> <span class='ocrx_word' id='word_1_882' title='bbox 3656 5064 3734 5116; x_wconf 72' lang='grc' dir='ltr'>καὶ</span> 
     </span>
    </p>
   </div>
   <div class='ocr_carea' id='block_1_110' title="bbox 2187 5154 3731 5235">
    <p class='ocr_par' dir='ltr' id='par_1_110' title="bbox 2187 5154 3731 5235">
     <span class='ocr_line' id='line_1_110' title="bbox 2187 5154 3731 5235; baseline 0.004 -28"><span class='ocrx_word' id='word_1_883' title='bbox 2187 5154 2261 5218; x_wconf 82' lang='grc' dir='ltr'>ὡς</span> <span class='ocrx_word' id='word_1_884' title='bbox 2282 5154 2493 5235; x_wconf 72' lang='grc' dir='ltr'>ἔτυχεν,</span> <span class='ocrx_word' id='word_1_885' title='bbox 2517 5156 2632 5211; x_wconf 85' lang='grc' dir='ltr'>ἀλλ’</span> <span class='ocrx_word' id='word_1_886' title='bbox 2657 5156 2852 5229; x_wconf 82' lang='grc' dir='ltr'>ἀθρόον</span> <span class='ocrx_word' id='word_1_887' title='bbox 2880 5159 3169 5230; x_wconf 85' lang='grc' dir='ltr'>ἀπηλλάγη</span> <span class='ocrx_word' id='word_1_888' title='bbox 3201 5159 3297 5213; x_wconf 90' lang='grc' dir='ltr'>τοῦ</span> <span class='ocrx_word' id='word_1_889' title='bbox 3332 5161 3585 5231; x_wconf 80' lang='grc' dir='ltr'>πυρετοῦ,</span> <span class='ocrx_word' id='word_1_890' title='bbox 3612 5159 3731 5213; x_wconf 77' lang='grc' dir='ltr'>ὥστε</span> 
     </span>
    </p>
   </div>
   <div class='ocr_carea' id='block_1_111' title="bbox 2187 5246 3726 5324">
    <p class='ocr_par' dir='ltr' id='par_1_111' title="bbox 2187 5246 3726 5324">
     <span class='ocr_line' id='line_1_111' title="bbox 2187 5246 3726 5324; baseline 0.004 -25"><span class='ocrx_word' id='word_1_891' title='bbox 2187 5246 2469 5317; x_wconf 78' lang='grc' dir='ltr'>δειχθῆναι</span> <span class='ocrx_word' id='word_1_892' title='bbox 2519 5249 2594 5322; x_wconf 79' lang='grc' dir='ltr'>μὴ</span> <span class='ocrx_word' id='word_1_893' title='bbox 2627 5249 2840 5319; x_wconf 83' lang='grc' dir='ltr'>φύσεως</span> <span class='ocrx_word' id='word_1_894' title='bbox 2883 5253 3206 5309; x_wconf 82' lang='grc' dir='ltr'>ἀκολουθίαν</span> <span class='ocrx_word' id='word_1_895' title='bbox 3238 5249 3382 5306; x_wconf 80' lang='grc' dir='ltr'>εἶναι</span> <span class='ocrx_word' id='word_1_896' title='bbox 3415 5254 3477 5307; x_wconf 78' lang='grc' dir='ltr'>τὸ</span> <span class='ocrx_word' id='word_1_897' title='bbox 3503 5254 3726 5324; x_wconf 73' lang='grc' dir='ltr'>πρᾶγμα,</span> 
     </span>
    </p>
   </div>
   <div class='ocr_carea' id='block_1_112' title="bbox 2190 5341 3730 5415">
    <p class='ocr_par' dir='ltr' id='par_1_112' title="bbox 2190 5341 3730 5415">
     <span class='ocr_line' id='line_1_112' title="bbox 2190 5341 3730 5415; baseline 0.001 -20"><span class='ocrx_word' id='word_1_898' title='bbox 2190 5341 2326 5395; x_wconf 85' lang='grc' dir='ltr'><strong>ἀλλά</strong></span> <span class='ocrx_word' id='word_1_899' title='bbox 2375 5342 2475 5413; x_wconf 82' lang='grc' dir='ltr'>τῆς</span> <span class='ocrx_word' id='word_1_900' title='bbox 2506 5344 2791 5414; x_wconf 82' lang='grc' dir='ltr'>δυνάμεως</span> <span class='ocrx_word' id='word_1_901' title='bbox 2826 5345 2921 5399; x_wconf 90' lang='grc' dir='ltr'>τοῦ</span> <span class='ocrx_word' id='word_1_902' title='bbox 2968 5346 3227 5415; x_wconf 83' lang='grc' dir='ltr'>Χριστοῦ.</span> <span class='ocrx_word' id='word_1_903' title='bbox 3272 5346 3481 5400; x_wconf 80' lang='grc' dir='ltr'>Μαθὼν</span> <span class='ocrx_word' id='word_1_904' title='bbox 3509 5348 3561 5400; x_wconf 82' lang='grc' dir='ltr'><strong>δὲ</strong></span> <span class='ocrx_word' id='word_1_905' title='bbox 3608 5346 3730 5413; x_wconf 64' lang='grc' dir='ltr'>παρὰ</span> 
     </span>
    </p>
   </div>
   <div class='ocr_carea' id='block_1_113' title="bbox 2190 5431 3725 5511">
    <p class='ocr_par' dir='ltr' id='par_1_113' title="bbox 2190 5431 3725 5511">
     <span class='ocr_line' id='line_1_113' title="bbox 2190 5431 3725 5511; baseline 0.004 -26"><span class='ocrx_word' id='word_1_906' title='bbox 2190 5433 2299 5487; x_wconf 86' lang='grc' dir='ltr'>τῶν</span> <span class='ocrx_word' id='word_1_907' title='bbox 2321 5433 2525 5488; x_wconf 87' lang='grc' dir='ltr'>δούλων</span> <span class='ocrx_word' id='word_1_908' title='bbox 2541 5436 2638 5506; x_wconf 79' lang='grc' dir='ltr'>τὴν</span> <span class='ocrx_word' id='word_1_909' title='bbox 2659 5436 2833 5507; x_wconf 79' lang='grc' dir='ltr'>ὥραν,</span> <span class='ocrx_word' id='word_1_910' title='bbox 2865 5440 2923 5490; x_wconf 82' lang='grc' dir='ltr'>ὲν</span> <span class='ocrx_word' id='word_1_911' title='bbox 3019 5438 3362 5509; x_wconf 71' lang='grc' dir='ltr'>κομψότερον</span> <span class='ocrx_word' id='word_1_912' title='bbox 3387 5440 3415 5491; x_wconf 91' lang='lat'><strong>6</strong></span> <span class='ocrx_word' id='word_1_913' title='bbox 3439 5441 3559 5501; x_wconf 80' lang='grc' dir='ltr'>παῖς</span> <span class='ocrx_word' id='word_1_914' title='bbox 3578 5439 3725 5509; x_wconf 68' lang='grc' dir='ltr'>ἔσχεν,</span> 
     </span>
    </p>
   </div>
   <div class='ocr_carea' id='block_1_114' title="bbox 2193 5527 3727 5602">
    <p class='ocr_par' dir='ltr' id='par_1_114' title="bbox 2193 5527 3727 5602">
     <span class='ocr_line' id='line_1_114' title="bbox 2193 5527 3727 5602; baseline 0.001 -22"><span class='ocrx_word' id='word_1_915' title='bbox 2193 5527 2315 5580; x_wconf 72' lang='grc' dir='ltr'>ἀντὶ</span> <span class='ocrx_word' id='word_1_916' title='bbox 2344 5527 2464 5592; x_wconf 78' lang='grc' dir='ltr'>τοῦ,</span> <span class='ocrx_word' id='word_1_917' title='bbox 2503 5529 2597 5581; x_wconf 76' lang='grc' dir='ltr'><strong>ἐπὶ</strong></span> <span class='ocrx_word' id='word_1_918' title='bbox 2628 5529 2690 5581; x_wconf 82' lang='grc' dir='ltr'>τὸ</span> <span class='ocrx_word' id='word_1_919' title='bbox 2721 5529 2929 5599; x_wconf 84' lang='grc' dir='ltr'>βέλτιον</span> <span class='ocrx_word' id='word_1_920' title='bbox 2961 5532 3056 5585; x_wconf 72' lang='grc' dir='ltr'>καὶ</span> <span class='ocrx_word' id='word_1_921' title='bbox 3079 5532 3486 5602; x_wconf 74' lang='grc' dir='ltr'>εύρωστότερον</span> <span class='ocrx_word' id='word_1_922' title='bbox 3504 5531 3727 5602; x_wconf 70' lang='grc' dir='ltr'>μετῆλθεν</span> 
     </span>
    </p>
   </div>
   <div class='ocr_carea' id='block_1_115' title="bbox 2192 5619 3723 5694">
    <p class='ocr_par' dir='ltr' id='par_1_115' title="bbox 2192 5619 3723 5694">
     <span class='ocr_line' id='line_1_115' title="bbox 2192 5619 3723 5694; baseline 0 -23"><span class='ocrx_word' id='word_1_923' title='bbox 2192 5619 2221 5671; x_wconf 88' lang='lat'><strong>6</strong></span> <span class='ocrx_word' id='word_1_924' title='bbox 2249 5621 2399 5687; x_wconf 83' lang='grc' dir='ltr'>παῖς,</span> <span class='ocrx_word' id='word_1_925' title='bbox 2428 5620 2648 5684; x_wconf 81' lang='grc' dir='ltr'>τελείως</span> <span class='ocrx_word' id='word_1_926' title='bbox 2679 5623 2923 5675; x_wconf 86' lang='grc' dir='ltr'>πιστεύει</span> <span class='ocrx_word' id='word_1_927' title='bbox 2946 5621 3023 5691; x_wconf 80' lang='grc' dir='ltr'><strong>τῷ</strong></span> <span class='ocrx_word' id='word_1_928' title='bbox 3054 5622 3264 5694; x_wconf 83' lang='grc' dir='ltr'>Κυρίῳ.</span> <span class='ocrx_word' id='word_1_929' title='bbox 3319 5624 3368 5676; x_wconf 80' lang='grc' dir='ltr'>Η</span> <span class='ocrx_word' id='word_1_930' title='bbox 3398 5622 3506 5694; x_wconf 77' lang='grc' dir='ltr'><strong>γὰρ</strong></span> <span class='ocrx_word' id='word_1_931' title='bbox 3527 5620 3723 5693; x_wconf 65' lang='grc' dir='ltr'>προτέῆ</span> 
     </span>
    </p>
   </div>
  </div>
