3960 6454
256 230 401 308 125⁵1

896 247 1339 313 ENARRATIO
1375 250 1459 312 IN
1498 230 1997 316 EVANGELIUM
2039 254 2379 319 JOANNIS.
2423 282 2484 296 —-
2508 261 2667 324 CAP.
2704 263 2771 325 v.

3368 270 3507 338 1253

261 359 449 420 πίστις
480 356 646 412 αυτοῦ
677 357 874 431 ἀτελής
897 355 988 431 ἦν.
1019 362 1110 434 Μὴ
1144 362 1253 435 γάρ
1282 381 1374 435 μοι
1405 364 1590 438 εἴπῃς,
1620 366 1703 420 ὅτι
1727 368 1809 424 Κα

1941 370 2085 438 quod
2114 383 2216 423 non
2239 371 2562 428 accessisset
2585 374 2690 429 nisi
2719 373 3052 434 credidisset.
3091 376 3225 433 Nam
3251 390 3303 436 et
3329 393 3508 452 patres

262 449 372 521 μὴν
393 449 495 504 ούκ
533 448 600 504 ἂν
630 451 965 522 προσῆλθεν,
1014 456 1063 508 εί
1110 455 1184 526 μή
1223 457 1567 513 ἐπίστευσεν.
1602 459 1838 514 Εἰὼθασι

255 538 368 611 γὰρ
395 540 449 591 oi
476 540 714 611 πατέρες
735 541 844 594 ἀπὸ
881 544 981 614 τῆς
1007 545 1141 615 πρὸς
1161 546 1291 609 τοὺς
1309 547 1509 611 παῖδας
1540 549 1744 618 φιλίας,
1775 551 1836 603 ού

258 633 422 702 μόνον
448 629 528 697 οἷς
551 633 847 704 θαρροῦσιν
877 636 1079 707 ίατροϊς
1104 641 1406 708 προσιέναι,
1429 642 1567 696 ἀλλὰ
1598 642 1694 696 καὶ
1725 646 1838 708 τοῖς

253 724 528 796 ἀτέκνοις,
579 727 746 797 μηδὲν
790 728 897 783 τῶν
941 728 1170 785 δεόντων
1207 732 1537 804 παραλιπεῖν
1574 735 1834 806 βουλόμε-

251 833 353 870 νοι.
386 818 668 888 Προσῆλθε
713 818 813 891 μὲν
860 819 952 875 οὖν
978 820 1088 875 ἀπὸ
1116 821 1373 888 πίστεως,
1405 824 1521 892 εἴγε
1560 826 1836 881 καὶτοῦτο

248 907 524 978 δώσομεν,
550 909 684 963 ἀλλὰ
721 910 937 983 ψυχρᾶς
972 912 1069 966 καὶ
1112 913 1360 981 ἀτελοῦς,
1385 916 1452 986 ήν
1480 915 1601 970 οὐδὲ
1650 917 1834 996 πίστιν

247 998 316 1053 ἄν
347 1014 433 1063 τις
461 1001 732 1057 καλέσειε.
760 1004 893 1057 Τότε
907 1003 966 1058 δὲ
994 1004 1213 1070 τελείως
1243 1006 1586 1075 ἐπίστευσεν,
1621 1011 1709 1063 ὅτε
1739 1010 1834 1064 καὶ

246 1093 380 1163 περὶ
406 1094 508 1164 τῆς
525 1094 676 1174 ὥρας
700 1094 899 1166 ἔμαθε.
933 1098 1159 1161 Τίνοςδὲ
1182 1100 1368 1153 ἕνεκεν
1386 1103 1414 1154 ό
1437 1101 1832 1174 εὐαγγελιστής

244 1201 436 1252 φησιν,
482 1184 565 1237 ὅτι
615 1185 869 1256 δεύτερον
901 1186 1062 1241 τοῦτο
1101 1191 1162 1241 τὸ
1211 1193 1439 1262 σημεῖον
1472 1192 1731 1265 ἐποίησεν
1774 1195 1831 1247 ἐν

242 1274 442 1345 Κανᾷ;
478 1274 598 1329 Ἵνα
624 1275 774 1349 δείξῃ
810 1279 937 1342 τοὺς
972 1279 1319 1351 Σαμαρείτας
1370 1283 1584 1338 πολλῶν
1641 1286 1825 1350 ἀξίους

241 1365 563 1434 ἐγκωμίων.
600 1368 710 1422 Καὶ
755 1371 886 1441 γὰρ,
922 1372 1079 1441 φησὶ,
1110 1375 1206 1427 καὶ
1230 1373 1485 1447 δευτέρου
1514 1376 1705 1431 τούτου
1733 1375 1825 1432 τοῦ

243 1459 481 1529 σημείου
533 1462 849 1534 γενομένου,
906 1464 1120 1520 οὐδέπω
1165 1467 1213 1520 οί
1277 1468 1553 1523 Γαλιλαῖοι
1587 1469 1722 1541 πρὸς
1766 1471 1826 1524 τὸ

243 1547 381 1619 ὕψος
445 1550 670 1605 ἐκείνων
717 1550 1001 1622 ἔφθασαν,
1063 1556 1173 1613 τῶν
1204 1558 1370 1632 μηδὲν
1443 1561 1659 1615 ἰδόντων
1724 1578 1825 1632 σηι

242 1641 419 1713 μεῖον.
1724 1650 1731 1658 ’

853 1759 1105 1817 ΚΕΦΑΛ.
1153 1761 1231 1820 E'.

238 1845 384 1927 Περὶ
411 1846 527 1927 τοῦ
551 1849 889 1927 ,τριείκοντᾳ
922 1852 1024 1927 καὶ
1050 1853 1202 1927 ὀκτὼ
1229 1855 1333 1927 ἔτη
1368 1856 1617 1926 ἔχοντος
1655 1860 1725 1914 ἐν
1748 1859 1819 1927 τῇ

307 1916 620 1997 ἀσθενείᾳ.
643 1922 786 1997 ηερί
811 1921 947 1997 rei»:
972 1924 1271 1981 Ἰουδαίων
1297 1916 1632 1997 ζητεύντωὲ
1681 1916 1819 1985 dare:

309 1987 546 2044 κτεῖναι
593 1991 701 2044 τὸν
724 1987 1011 2059 Ἲησοῦν.
1348 1987 1359 1997 ’
1645 2005 1657 2015 ’

311 2119 332 2152 ε
381 2102 543 2157 Μετὰ
571 2104 769 2173 κταῦτα
820 2102 889 2177 ἦν
940 2109 973 2180 ἠ
1022 2110 1183 2182 ἑορτὴ
1232 2110 1341 2165 τῶν
1382 2113 1675 2179 Ἰουδαίων,
1725 2118 1819 2170 καὶ

232 2194 405 2266 ἀνέϐη
439 2196 469 2248 ό
514 2197 729 2268 Ἰησοῦς
777 2201 858 2265 είς
902 2201 1271 2275 Ἰεροσόλυμα.
1307 2205 1466 2259 Ἔστι
1506 2207 1563 2261 δὲ
1592 2209 1651 2261 ἐν
1706 2212 1818 2273 τοῖς

243 2286 517 2360 Ἵεροσολύ
527 2308 650 2360 μοις
669 2294 978 2366 προϐατικὴ
1001 2295 1356 2367 κολυμϐήθρα
1386 2300 1417 2368 ή
1448 2299 1815 2373 ἐπιλεγομένη

242 2375 529 2449 Ἐϐραϊστὶ
558 2380 819 2452 Βηθεσδᾶ,
849 2385 1011 2437 πέντε
1034 2385 1195 2450 στοὰς
1216 2385 1435 2456 ἔχουσα.
1470 2389 1559 2444 Ἐν
1578 2391 1813 2456 ταύταις

229 2471 524 2524 κατέκειτο
565 2472 769 2544 πλῆθος
805 2474 940 2529 πολὺ
970 2476 1079 2532 τῶν
1129 2478 1527 2549 ἀσθενούντων,
1576 2483 1812 2553 τυφλῶν,

229 2564 450 2634 χωλῶν,
485 2564 688 2638 ξηρῶν,
714 2569 1084 2642 ἐκδεχομένων
1109 2572 1209 2643 τὴν
1237 2574 1332 2629 τοῦ
1354 2576 1545 2642 ὓδατος
1572 2578 1810 2649 κίνησιν.

232 2657 504 2725 Ἀγγελος
533 2661 641 2732 γὰρ
666 2661 807 2714 κατὰ
832 2664 1024 2733 καιρὸν
1053 2666 1376 2722 κατέϐαινεν
1406 2670 1465 2722 ἐν
1496 2673 1560 2741 τῇ
1607 2672 1812 2743 κολυμ-

227 2750 430 2822 ϐήθρᾳ,
463 2754 558 2806 καὶ
580 2755 849 2825 ἐτάρασσε
888 2759 948 2810 τὸ
976 2755 1143 2830 ὕδωρ.
1177 2758 1235 2813 '0
1272 2759 1364 2815 οὖν
1395 2763 1609 2834 πρῶτος
1637 2764 1813 2835 ἐμϐὰς

230 2843 375 2910 μετὰ
412 2844 513 2909 τὴν
547 2847 794 2919 ταραχὴν
825 2846 919 2902 τοῦ
948 2847 1160 2917 ὕδατος,
1195 2852 1354 2924 ὑγιὴς
1386 2854 1622 2923 ἐγένετο,
1652 2848 1697 2923 ᾧ
1722 2856 1813 2929 δή·

226 2950 360 2987 ποτε
390 2936 678 3007 κατείχετο
694 2940 981 3010 νοσήματι.
1011 2960 1030 2993 ι
1063 2943 1256 3015 Ἐορτὴ
1279 2940 1347 3016 ἦν
1380 2947 1487 3000 τῶν
1511 2947 1805 3014 Ἰουδαίων,

224 3028 260 3096 ἡ
289 3029 393 3098 τῆς
416 3029 819 3103 Πεντηκοστῆς,
851 3029 1033 3104 οἶμαι.
1067 3035 1378 3093 ’Δναϐαίνει
1406 3039 1461 3093 δὲ
1485 3042 1542 3096 ἐν
1578 3042 1750 3116 ταύτῃ
1781 3046 1808 3097 ό

1941 468 2362 527 consueverunt,
2410 477 2520 532 pne
2577 480 2764 522 amore
2797 480 2925 538 erga
2963 468 3127 542 ﬁlios,
3183 488 3288 528 non
3335 475 3510 532 solum

1940 552 2199 609 accedere
2226 553 2293 609 ad
2317 555 2557 612 medicos
2590 559 2790 628 quibus
2821 562 2959 615 bene
2990 562 3182 631 ﬁdunt,
3211 566 3307 622 sed
3347 577 3402 622 et
3442 572 3508 623 ad

1940 645 2238 716 imperitos,
2278 648 2415 702 nihil
2451 661 2517 702 ex
2558 651 2643 706 bis
2675 665 2795 720 quae
2830 651 3014 711 facere
3037 666 3306 725 oporteat,
3340 660 3510 714 inter-

1939 738 2233 796 mittentes.
2264 741 2508 798 Accessit
2534 743 2751 813 quidem
2776 760 2842 801 ex
2873 748 2996 813 tide,
3039 749 3302 817 siquidem
3329 764 3380 806 et
3405 754 3509 810 boc

1936 830 2215 899 dabimus;
2271 834 2367 890 sed
2408 836 2601 908 frigida
2655 846 2712 892 et
2744 838 3085 909 imperfecta,
3117 858 3278 911 quam
3331 861 3508 915 neque

1937 922 2095 979 ﬁdem
2143 925 2264 995 quis
2312 937 2456 982 recte
2486 929 2776 984 vocaverit.
2828 929 2983 987 Tunc
3040 943 3217 987 autem
3268 934 3507 1005 perfecte

1936 1018 2181 1083 credidit,
2215 1023 2431 1090 quando
2469 1030 2521 1075 et
2543 1023 2609 1077 de
2642 1023 2771 1077 hora
2805 1023 3014 1082 didicit.
3059 1026 3118 1081 Et
3148 1042 3314 1096 quare
3346 1045 3507 1084 evan-

1932 1109 2121 1179 gelista
2147 1112 2276 1166 dicit
2314 1113 2456 1181 quod
2486 1115 2782 1169 secundum
2817 1114 2923 1172 hoc
2957 1117 3171 1186 signum
3223 1118 3415 1175 fecerit
3445 1122 3501 1184 in

1931 1200 2127 1256 Cana?
2160 1200 2230 1256 Ut
2258 1205 2509 1259 ostendat
2538 1203 2914 1263 Samaritanos
2963 1208 3145 1264 multis
3180 1209 3370 1281 dignos
3386 1212 3504 1266 lau—

1931 1289 2111 1347 dibus.
2146 1290 2357 1348 Etenim
2396 1295 2549 1363 dicit,
2599 1306 2655 1355 et
2708 1313 2832 1355 cum
2884 1302 3128 1357 secundo
3186 1302 3290 1358 hoc
3349 1305 3504 1360 lieret

1930 1382 2165 1451 signum,
2201 1388 2437 1440 nondum
2472 1400 2841 1458 pervenerunt
2882 1392 3093 1449 Galilaei
3127 1395 3194 1449 ad
3253 1395 3502 1453 sublimi-

1932 1482 2094 1528 tatem
2120 1473 2332 1530 illornm
2363 1478 2454 1547 qui
2492 1479 2694 1536 nullum
2730 1484 2975 1541 viderant
3015 1487 3249 1557 signum.

2547 1770 2773 1828 CAPUT
2819 1771 2878 1826 V.

1927 1852 2013 1939 De.
2032 1871 2091 1907 eo
2121 1856 2210 1939 qui
2239 1873 2270 1939 ει
2298 1858 2520 1939 triginta
2542 1869 2588 1913 el
2613 1870 2733 1939 octo.
2759 1864 2909 1939 annis
2936 1867 2994 1939 iit
3013 1866 3321 1935 inﬁrmitate
3341 1886 3496 1939 jace-

1997 1927 2103 1978 bat.
2131 1925 2205 1979 De
2224 1925 2431 1985 Iudicis
2458 1932 2810 1998 qnwrentibus
2844 1925 3124 1989 Dominum
3167 1925 3421 1995 occidere.

1994 2105 2157 2163 Vsus.
2185 2109 2302 2167 1-4.
2334 2129 2352 2162 ε
2391 2110 2518 2167 Post
2546 2112 2661 2168 haec
2683 2123 2802 2170 erat
2820 2116 2935 2173 dies
2964 2116 3135 2174 {estus
3159 2117 3492 2185 Iudaeorum,

1919 2210 1973 2254 et
2003 2202 2252 2256 ascendit
2302 2200 2463 2260 Jesus
2509 2204 2903 2278 Hierosolyma.
2941 2210 3036 2265 Est
3074 2219 3253 2267 autem
3301 2213 3495 2270 llicroo

1919 2293 2144 2362 solymis
2190 2295 2469 2361 probatica
2519 2297 2751 2366 piscina,
2784 2314 2904 2368 quae
2939 2303 3356 2372 cognominatur
3387 2306 3494 2360 lle—

1919 2383 2101 2439 braice
2154 2384 2444 2452 Bethesda,
2497 2390 2736 2460 quinque
2788 2394 3036 2463 porticus
3068 2397 3374 2454 babens.ln
3407 2401 3491 2457 bis

1918 2473 2132 2541 iacebat
2173 2477 2466 2535 multitudo
2503 2480 2902 2553 languentium,
2951 2501 3242 2556 caecorum,
3269 2490 3492 2546 claudo-

1918 2581 2057 2631 rum,
2090 2568 2387 2637 aridorum,
2423 2575 2854 2643 exspectantium
2892 2592 3047 2648 aqua:
3095 2589 3320 2636 motum.
3377 2584 3491 2636 An-

1915 2657 2067 2728 gcltts
2097 2661 2242 2716 enim
2274 2663 2800 2723 tlesccudebatcerto
2829 2677 3070 2738 tempore
3111 2671 3164 2725 in
3199 2673 3484 2742 piscinam,

1915 2759 1965 2803 et
2004 2752 2504 2825 turbabat-aquam.
2537 2757 2727 2829 Itaque
2754 2759 2845 2831 qui
2877 2761 3086 2831 primus
3120 2763 3489 2820 descendisset

1904 2855 2035 2912 post
2059 2846 2420 2902 turbationem
2463 2864 2640 2921 aqum,
2674 2868 2841 2910 sanus
2874 2855 3036 2910 ﬁebat
3081 2871 3111 2913 a
3164 2873 3488 2930 quocunque

1913 2932 2254 2990 detinebatur
2307 2940 2520 2995 morbo.
2555 2960 2576 2994 ι
2623 2942 2746 3000 Dies
2795 2944 2964 3002 festus
3006 2958 3125 3003 erat
3148 2947 3484 3016 Judazorum,

1880 3016 2231 3083 *Pentecoste
2261 3031 2473 3100 opinor.
2499 3034 2758 3092 Ascendit
2785 3036 2839 3091 in
2857 3052 2922 3094 eo
2957 3037 3252 3111 Dominus;
3285 3045 3484 3111 partim

225 3120 472 3190 Κύριος⁹
504 3121 621 3193 ἅμα
656 3125 792 3194 μὲν,
828 3103 917 3180 ἵνα
951 3127 1025 3198 μὴ
1071 3128 1196 3200 δόξῃ
1244 3131 1484 3197 ἐναντίος
1525 3133 1606 3205 τῷ
1632 3103 1802 3207 vctis),

1914 3132 1980 3173 ne
2006 3118 2274 3175 videretur
2316 3138 2437 3179 esse
2466 3126 2808 3185 adversarius
2850 3129 2977 3201 legi,
3001 3132 3094 3187 sed
3141 3147 3485 3203 compareret

223 3212 367 3267 ἀλλὰ
397 3215 659 3285 φαίνηται
688 3219 1065 3289 συνεορτάξων
1113 3224 1228 3286 τοῖς
1267 3223 1483 3289 πολλοῖς
1507 3242 1522 3257 ’
1563 3227 1680 3298 ἃμα
1722 3228 1802 3295 δὲ,

224 3305 312 3358 ίνα
344 3305 566 3371 πλείους
609 3307 699 3362 διὰ
747 3310 990 3380 σημείων
1021 3311 1368 3378 διδασκαλίας
1398 3316 1800 3390 ἐπισπάσηται,

165 3442 169 3446 .
221 3398 318 3451 καὶ
363 3399 599 3467 μάλιστα
656 3401 718 3455 τὸ
769 3402 972 3472 πλῆθος
1015 3404 1076 3458 τὸ
1122 3405 1330 3462 ἄδολον.
1381 3408 1470 3463 Ἐν
1520 3411 1629 3482 γὰρ
1678 3413 1803 3478 ταῖς

220 3489 439 3560 ἑορταῖς
465 3491 689 3549 είὼθασι
719 3495 1075 3566 συνέρχεσθαι
1108 3500 1201 3551 καὶ
1234 3499 1484 3572 ἀγρόται,
1515 3502 1612 3556 καὶ
1648 3505 1803 3558 ἁστι-

219 3581 308 3634 κοὶ
338 3585 736 3654 χειρώνακτες,
769 3587 868 3649 τὰς
898 3586 1068 3651 ἄλλας
1087 3590 1303 3661 ἡμέρας
1327 3595 1438 3655 τοῖς
1466 3592 1648 3664 ἔργοις
1672 3614 1801 3650 συν-

217 3673 633 3745 ασχολούμενοι.
669 3676 984 3748 Προϐατικὴ
1016 3679 1073 3733 δὲ
1103 3680 1380 3753 ἐλέγετονή
1414 3683 1795 3757 κολυμϐήθρα,

217 3760 353 3816 διότι
388 3763 459 3816 τὰ
490 3764 629 3835 πρὸς
658 3765 851 3820 θυσίαν
871 3769 1121 3838 πρόϐατα
1141 3772 1263 3823 ἐκεῖ
1287 3774 1574 3843 συνήγετο,
1608 3776 1703 3828 καλ⁸
1732 3777 1800 3831 τὰ

215 3850 428 3922 ἔγκατα
468 3856 649 3910 αὐτῶν
696 3858 989 3913 ἐπλύνοντο
1037 3864 1170 3917 ἐκεῖ.
1230 3860 1391 3935 Εἶχον
1421 3865 1478 3918 δὲ
1520 3868 1569 3920 oi
1612 3868 1798 3923 πολλοὶ

218 3948 509 4018 ὑπόληψιν,
543 3951 623 4003 ὅτι
655 3952 750 4004 καὶ
779 3953 889 4007 ἀπὸ
913 3955 1074 4022 μόνου
1107 3955 1202 4009 τοῦ
1231 3957 1526 4037 πλύνεσθαι
1555 3961 1623 4012 τὰ
1652 3960 1798 4014 ἐντό-

218 4037 342 4092 σθια
375 4042 483 4094 τῶν
535 4043 746 4114 ἱερείων
787 4044 1017 4116 δύναμίν
1050 4064 1172 4101 τινα
1205 4048 1471 4120 λαμϐάνει
1516 4052 1795 4125 θειοτέραν

212 4133 274 4185 τὸ
312 4131 459 4205 ὕδωρ
482 4176 497 4201 ,
537 4135 617 4190 διὸ
643 4139 738 4192 καὶ⁵
792 4139 883 4191 τὸν
912 4140 1146 4209 ἄγγελον
1191 4142 1483 4215 ἐπιφοιτᾷν
1511 4145 1685 4216 τούτῳ
1716 4147 1795 4219 τῷ

216 4221 367 4278 ὕδατι
397 4225 474 4287 ὡς
507 4227 770 4300 ἐκλεκτῷ,
817 4232 911 4283 mi.
942 4231 1407 4304 θαυματουργείν.
1443 4236 1662 4292 Ἔοικεν
1685 4239 1792 4310 ἄρα

214 4316 248 4385 ή
289 4317 409 4370 θεία
444 4318 671 4388 πρόνοια
711 4321 996 4394 πόρρωθεν
1023 4324 1345 4380 όδοποιοῦσα
1365 4328 1477 4391 τοῖς
1521 4329 1795 4395 Ἰουδαίοις

1907 3226 2029 3265 cum
2056 3213 2278 3284 reliquis
2325 3217 2464 3273 diem
2498 3217 2692 3277 festum
2725 3237 2923 3293 agens:
2957 3228 3152 3295 partim
3197 3237 3255 3283 ut
3300 3230 3483 3299 plures

1904 3318 2002 3374 per
2030 3306 2180 3377 signa
2210 3318 2266 3363 et
2295 3310 2570 3369 doctrinas
2615 3314 2863 3372 alliceret
2903 3326 2957 3373 et
3003 3320 3235 3375 maxime
3268 3323 3482 3379 turbam

1904 3398 2226 3466 simplicem.
2269 3400 2528 3458 Solebant
2574 3407 2717 3463 enim
2767 3409 2857 3464 die
2906 3408 3048 3465 festo
3106 3415 3396 3473 convenire
3426 3428 3484 3473 et

1903 3490 2091 3544 rustici
2122 3501 2178 3546 et
2193 3493 2415 3561 opifices
2437 3497 2651 3561 urbani,
2675 3500 2766 3569 qui
2796 3501 2916 3557 aliis
2940 3503 3127 3560 diebus
3145 3505 3196 3561 in
3222 3510 3480 3579 operibus

1901 3582 2015 3637 suis
2057 3594 2211 3638 erant
2268 3590 2538 3657 occupati.
2609 3592 2888 3649 Probatica
2950 3606 3125 3652 autem
3195 3598 3480 3658 dicebatur

1902 3675 2132 3743 piscina,
2162 3692 2228 3732 eo
2258 3681 2399 3747 quod
2425 3695 2553 3736 oves
2590 3683 2701 3740 illic
2732 3685 2800 3740 ad
2831 3688 3154 3744 sacrificium
3175 3706 3475 3764 congrega-

1901 3765 2117 3837 bantur,
2147 3782 2201 3824 et
2226 3771 2474 3829 intestina
2499 3790 2685 3831 carum
2710 3778 3089 3839 abluebantur.
3114 3785 3261 3841 Multi
3290 3800 3472 3846 autem

1899 3859 2258 3928 cpinabantur
2278 3866 2423 3933 quod
2472 3867 2589 3923 sola
2642 3870 2920 3928 ablutionc
2964 3876 3347 3934 intestinorum
3380 3897 3474 3936 sa-

1899 3947 2240 4025 criticalium,
2272 3961 2524 4018 virtutem
2543 3967 2827 4036 quamdam
2858 3969 3182 4027 diviniorem
3202 3975 3473 4045 acciperet

1898 4062 2061 4115 aqua,
2109 4060 2163 4107 et
2212 4063 2501 4122 propterea
2555 4058 2779 4128 angelus
2820 4062 2886 4114 ad
2921 4077 3114 4131 aquam
3143 4072 3200 4120 ut
3241 4066 3471 4123 electam

1899 4138 2202 4204 accederet,
2233 4151 2286 4195 et
2318 4141 2634 4200 miraculum
2668 4158 3008 4217 operaretur.
3043 4153 3333 4210 Videbatur
3358 4159 3469 4211 uti-

1899 4244 2006 4299 que
2031 4233 2209 4287 divina
2240 4237 2503 4307 sapientia
2536 4254 2566 4293 a
2605 4240 2763 4312 longe
2793 4242 2934 4298 viam
2966 4243 3144 4301 facere
3170 4246 3372 4305 Iudaeis
3397 4249 3468 4305 ad

1900 4321 2057 4377 fidem
2090 4325 2142 4379 in
2175 4325 2477 4395 Cbristuin,
2526 4333 2943 4401 prmordinando
2993 4337 3313 4394 miraculum
3367 4341 3468 4412 pi-

214 4410 351 4478 πρὸς
395 4411 495 4482 τὴν
541 4413 619 4476 είς
655 4414 888 4482 Χριστὸν
929 4417 1132 4481 πίστιν,
1169 4418 1230 4472 τὸ
1271 4420 1367 4490 τῆς
1406 4422 1793 4496 κολυμϐήθρας

1914 4416 2084 4472 icium.
2122 4417 2256 4473 Nam
2274 4422 2526 4490 quoniam
2557 4425 2826 4494 baptisma
2859 4429 3107 4483 daturum
3151 4430 3317 4504 568
3347 4410 3469 4490 etalt

212 4501 418 4573 ταύτης
460 4503 646 4573 θαῦμα
698 4510 1183 4577 προοικονομῆσαι.
1235 4511 1391 4565 Ἐπεὶ
1429 4514 1538 4584 γὰρ
1595 4515 1788 4585 ἔμελλε

214 4589 495 4662 βάπτισμα
524 4592 764 4647 δίδοσθαι
796 4595 998 4666 πολλὴν
1022 4597 1145 4666 ἔχον
1166 4596 1422 4668 δύναμιν,
1453 4602 1546 4653 καὶ
1578 4601 1788 4673 δωρεὰν

213 4685 497 4755 μεγίστην,
516 4681 604 4740 οἷα
634 4687 895 4757 καθαῖρον
916 4689 1211 4759 ἁμαρτίας,
1242 4692 1336 4745 καὶ
1358 4691 1656 4755 ζωοποιοῦν
1689 4694 1788 4758 τὰς

206 4775 406 4847 ψυχὰς,
445 4777 837 4848 προζωγραφεί
864 4779 995 4843 Θεὸς
1029 4783 1088 4833 τὸ
1122 4781 1408 4853 βάπτισμα
1428 4786 1615 4848 ἐντοῖς
1654 4786 1785 4840 Ίου-

205 4864 450 4934 δαῖκοίς,
508 4871 603 4922 καὶ
649 4869 829 4923 δίδωσι
864 4872 963 4940 μὲν
994 4873 1089 4927 καὶ
1120 4872 1263 4947 ὕδωρ
1291 4875 1478 4939 αὐτοῖς
1525 4878 1785 4949 καθαῖρον

208 4959 520 5031 μολυσμοὺς
571 4961 633 5015 οὒ
674 4962 877 5033 κυρίως
907 4962 1086 5033 ὄντας,
1143 4966 1279 5019 ἀλλά
1326 4967 1641 5031 δοκοῦνταςο
1672 4964 1784 5025 οἷον

1897 4521 2146 4572 magnam
2177 4512 2448 4577 virtutem,
2483 4523 2535 4568 et
2567 4519 2860 4570 maximum
2892 4519 3114 4584 donmn,
3147 4531 3332 4592 ωροτε
3361 4538 3464 4591 pu-

1893 4595 2112 4652 rificans
2148 4611 2429 4668 peccatum
2482 4614 2535 4657 et
2565 4604 2843 4660 viviticans
2883 4609 3113 4674 animas,
3157 4610 3463 4681 prteﬁgurat

1892 4686 2033 4743 Deus
2073 4688 2343 4758 baptisma
2403 4692 2455 4745 in
2500 4694 2663 4749 rebus
2703 4693 2962 4763 Judaicis,
3003 4710 3057 4751 et
3086 4698 3217 4767 ipsis
3245 4713 3460 4767 quoque

1889 4793 2083 4849 aquam
2116 4782 2349 4852 datqute
2380 4784 2630 4853 puriﬂcet
2661 4787 2871 4855 sordes,
2928 4802 3051 4858 quae
3102 4805 3210 4845 non
3267 4790 3457 4845 sordes

1888 4873 2105 4941 proprie
2154 4885 2330 4939 erant,
2376 4877 2471 4930 sed
2517 4877 2838 4933 videbantur
2872 4892 2994 4934 esse
3027 4896 3041 4932 :
3074 4887 3132 4932 ut
3162 4880 3205 4933 si
3235 4881 3454 4949 quando

1889 4964 2190 5035 tetigissent
2213 4979 2507 5036 mortuum,
2542 4970 2628 5024 vel
2660 4969 2953 5040 leprosum,
2990 4970 3075 5024 vel
3096 4971 3297 5040 aliquid
3323 4973 3455 5029 tale.

204 5051 329 5115 τοὺς
377 5052 487 5106 ἀπὸ
523 5055 616 5108 τοῦ
669 5055 910 5125 ἆψασθαι
957 5058 1176 5128 νεκροῦ,
1223 5059 1258 5131 ἢ
1289 5058 1514 5132 λεπροῦ,
1549 5038 1651 5117 xal‘
1676 5063 1783 5118 τῶν

1914 5060 1989 5109 lat
2035 5067 2216 5113 autem
2272 5067 2327 5114 et
2354 5059 2572 5129 piscium
2605 5038 2766 5131 bujus
2795 5059 3139 5125 miraculum,
3193 5064 3459 5129 quuddu—-

204 5141 462 5197 τοιούτων
488 5144 690 5216 ἐτέρων
714 5162 728 5177 ο
756 5146 942 5201 δίδωσι
970 5148 1027 5202 δέ
1059 5150 1238 5203 καὶτὸ
1268 5154 1368 5222 τῆς
1393 5153 1783 5226 κολυμϐήθρας

1917 5156 2032 5205 eret
2079 5164 2174 5206 eos
2226 5151 2294 5206 ad
2342 5152 2743 5220 susceptionem
2799 5152 3158 5220 baptismatis.
3219 5154 3456 5225 Angelus

202 5236 408 5307 ταύτης
439 5236 644 5308 θαῦμα,
679 5239 907 5311 όδηγοῦν
958 5241 1159 5307 αὐτοὺς
1201 5244 1283 5308 είς
1324 5245 1425 5315 τῆν
1460 5247 1781 5318 παραδοχὴν

1918 5242 2027 5295 nim
2078 5250 2319 5313 tempore
2366 5249 2669 5311 opportuno
2695 5241 3080 5306 descendebat,
3108 5252 3164 5297 et
3202 5248 3455 5300 turbabat

204 5327 295 5379 τοῦ
336 5330 731 5399 βαπτίσματος.
778 5332 1045 5401 Ἀγγελος
1074 5334 1185 5406 γὰρ
1214 5336 1355 5391 κατὰ
1383 5337 1576 5408 καιρὸν
1603 5355 1777 5393 κατα-

1917 5348 2101 5404 quam,
2127 5346 2184 5389 et
2207 5334 2505 5389 sanativam
2540 5332 2612 5387 illi
2636 5333 2890 5387 virtutem
2917 5334 3152 5400 indebat.
3175 5334 3451 5407 Nusquam

204 5415 421 5485 ϐαίνων,
451 5421 772 5493 διετάρασσε
801 5425 862 5478 τὸ
891 5425 1060 5497 ὕδωρ,
1093 5428 1187 5482 καὶ
1223 5430 1521 5501 ίαματικὴν
1550 5431 1777 5486 ἐνετίθει

1915 5426 2024 5478 nim
2065 5424 2171 5479 ista
2199 5436 2391 5480 natura
2416 5439 2568 5494 aqua
2597 5434 2700 5492 est,
2741 5433 2802 5479 ut
2827 5441 2922 5495 per
2945 5441 3004 5482 se
3046 5437 3224 5494 sanet,
3254 5427 3452 5492 alioqui

201 5509 372 5583 τούτῳ
413 5514 664 5583 δύναμιν.
710 5517 784 5571 Oti
818 5518 927 5588 γὰρ
951 5520 1123 5590 δήπου
1161 5520 1313 5591 ήτοῢ
1350 5521 1544 5587 ὕδατος
1589 5523 1773 5594 φύσις,

1918 5533 1981 5570 oc
2000 5502 2477 5587 perpetdo‘ﬂeret;
2508 5517 2602 5571 sed
2628 5526 2801 5571 totum
2837 5517 2892 5571 in
2914 5518 3103 5588 angelo
3134 5519 3294 5571 situm
3316 5526 3456 5577 erat,

203 5602 339 5674 αὐτὴ
368 5606 490 5660 καθ’
517 5607 713 5679 ἑαυτήν
743 5610 861 5662 lato
888 5609 905 5679 (
931 5606 965 5682 ἧ
997 5612 1107 5683 γὰρ
1145 5614 1212 5668 ἂν
1247 5614 1336 5668 διὰ
1365 5616 1566 5680 παντὸς
1616 5615 1777 5670 τοῦτο

1918 5607 2135 5676 nidquid
2165 5618 2283 5662 erat
2326 5607 2598 5664 elﬁcacim.
2654 5607 2733 5661 Ita
2775 5618 2833 5663 et
2860 5609 2999 5678 apud
3034 5622 3134 5662 nos
3179 5620 3314 5674 aqua
3362 5603 3455 5656 ba-

201 5692 447 5769 ἐγίνετο),
489 5698 604 5751 ἀλλ’
634 5700 727 5755 επὶ
767 5703 834 5772 τῇ
863 5702 960 5756 τοῦ
1006 5706 1243 5774 ἀγγέλου
1279 5708 1531 5782 ἐνεργείᾳ
1558 5708 1620 5763 τὸ
1663 5710 1774 5764 πᾶν
1879 5700 2170 5774 ptismatis,
2205 5714 2343 5771 aqua
2383 5709 2466 5758 est
2499 5701 2871 5772 simpliciter:
2913 5715 3033 5756 cum
3059 5709 3242 5753 autem
3288 5708 3461 5750 acces-

437 5793 705 5853 Pamor..
751 5797 869 5857 Gtt.
910 5796 1190 5860 CXXIII.
2988 5791 3068 5855 ιθ
