3960 6454
495 277 634 343 1250

1381 272 1957 338 TllEOPllYLACTl
1999 249 2408 337 BULGAR'IIE
2449 279 2805 340 ARCHIEP.

3598 286 3721 351 i250

491 391 624 444 serit
669 385 908 458 Spiritus
950 383 1123 439 sancti
1167 383 1358 456 gratia,
1412 391 1632 453 propter
1673 382 2047 436 invocatioth

2179 383 2374 437 ἐκεῖτο.
2403 383 2592 448 Οὕτως
2613 383 2708 439 οὖν
2738 388 2831 440 καὶ
2861 389 2943 458 ἐφ’
2975 391 3105 460 ἡμῖν
3144 392 3202 445 τὸ
3250 393 3338 447 τοῦ
3373 394 3742 465 βαπτίσματος

490 481 624 545 Dei,
662 479 879 536 morbos
931 476 1088 532 solvit
1137 476 1478 538 animarum;
1527 483 1581 528 et
1636 475 1681 528 si
1729 472 1852 542 quis
1893 488 2067 526 caecus

487 578 696 639 luisset,
729 571 1022 628 obcmcatis
1049 567 1220 622 oculis
1254 567 1450 621 animae
1469 581 1537 621 ne
1570 563 2064 634 possitdijuilicare

489 673 686 726 bonum
715 685 745 723 a.
776 668 954 733 maio;
991 675 1044 720 et
1069 665 1112 719 si
1145 664 1366 718 claudus
1417 661 1540 732 quis
1570 659 1784 722 fuisset,
1827 659 1916 727 qui
1953 671 2058 710 nou

472 762 805 816 movebatur
838 761 904 814 ad
970 757 1274 813 faciendum
1326 758 1525 812 bonum
1565 764 1618 809 et
1671 751 2060 822 proﬁciendum

481 857 538 906 in
592 854 820 919 melius;
852 861 906 906 ιιι
937 852 980 906 si
1019 851 1201 905 aridus
1228 857 1281 904 et
1311 846 1582 918 desperati
1618 842 1841 900 omnino
1864 840 2060 896 fuisset

492 947 691 1007 morbi,
729 945 1037 1014 nulliusque
1061 942 1183 998 boni
1215 941 1502 1011 particeps,
1535 939 1602 992 ab
1629 950 1764 1007 aqua
1791 935 1880 988 illa
1911 948 2066 988 cura-

485 1040 663 1092 batur.
718 1038 781 1092 Et
812 1048 939 1092 tune
972 1035 1260 1093 infirmitas
1313 1031 1646 1101 impediebat
1687 1028 1948 1098 quosdam
1994 1039 2064 1081 ne

485 1141 854 1184 sanarentur:
893 1145 1032 1184 nunc
1084 1139 1262 1182 autem
1327 1127 1379 1181 in
1401 1124 1670 1192 baptismo
1718 1120 1923 1174 nullum
1981 1126 2067 1172 est

482 1223 844 1277 ubstaeulum.
880 1221 995 1276 Non
1033 1223 1176 1276 enim
1193 1235 1298 1276 uno
1327 1225 1521 1274 sanato
1555 1217 1644 1270 alii
1686 1214 2063 1281 relinquuntur

481 1331 589 1368 nou
623 1318 828 1378 curati;
859 1317 950 1368 sed
975 1315 1184 1370 etiamsi
1218 1323 1360 1369 totus
1393 1312 1544 1366 orbis
1584 1310 1899 1370 conflueret,
1950 1318 2060 1358 non

481 1409 898 1461 imminueretttr
928 1409 1118 1476 gratia.

2176 475 2340 544 ὕδωρ,
2401 475 2544 548 ὕδωρ
2595 479 2745 531 ἐστὶν
2805 479 3012 543 ἁπλῶς,
3067 482 3362 552 δεξάμενον
3395 485 3453 538 δι
3502 485 3605 556 τὴν
3657 488 3741 541 τοῦ

2171 569 2493 638 Πνεῦματος
2529 573 2692 644 χάριν
2725 574 2813 628 διὰ
2839 574 2946 628 τῶν
2969 576 3132 630 θείων
3159 579 3499 651 ἐπικλήσεων
3518 621 3534 646 ,
3559 582 3628 635 τὰ
3655 583 3743 651 ψυ-

2169 661 2298 728 χικά
2352 662 2638 731 νοσήματα
2692 665 2845 719 Mein
2880 667 2983 721 κᾶν
3013 669 3216 738 τυφλὸς
3251 673 3334 742 εἴη
3377 690 3461 735 τις
3494 675 3625 736 τοὺς
3654 675 3742 744 τῆς

2165 751 2347 820 ψυχῆς
2375 753 2692 825 ὀφθαλμοὺς
2741 761 3164 829 πεπηρωμένος,
3197 763 3293 815 καὶ
3327 763 3401 834 μὴ
3452 763 3741 833 δυνάμενος

2165 847 2444 914 διακρῖναι
2475 847 2536 900 τὸ
2575 852 2826 920 κρεῖττον
2856 851 2965 904 ἀπὸ
3001 851 3093 904 τοῦ
3135 853 3398 923 χείρονος,
3439 856 3543 908 κᾶν
3561 856 3740 925 χωλὴ,

2166 934 2424 1005 ἀκίνητος
2459 937 2592 1008 πρὸς
2623 940 2886 1008 ἐργασίαν
2930 942 3097 996 καλοῦ
3122 984 3138 1008 ,
3180 944 3273 997 καὶ
3315 948 3607 1015 προκοπὴν
3655 948 3745 1015 τὴν

2166 1029 2260 1080 ἐπὶ
2303 1028 2364 1080 τὸ
2407 1032 2692 1100 κρεῖττον,
2755 1033 2860 1087 κᾶν
2925 1034 3090 1106 ξηρὸς
3143 1038 3464 1091 παντάπασι
3507 1041 3606 1092 καὶ
3648 1041 3744 1091 ἁπ-

2165 1120 2534 1188 εγνωσμένος,
2567 1126 2661 1177 καὶ
2711 1125 2940 1195 μηδενὸς
2991 1127 3200 1196 ἀγαθοῦ
3239 1131 3539 1199 μετουσίαν
3589 1130 3737 1200 έχων,

2166 1210 2372 1274 πάντας
2400 1212 2461 1264 τὸ
2493 1213 2637 1285 ὕδωρ
2684 1216 2844 1270 τοῦτο
2887 1220 3053 1274 litat.
3089 1223 3200 1274 Καὶ
3241 1222 3363 1273 τότε
3393 1223 3495 1290 μὲν
3533 1223 3743 1291 ἡὰςθέ-

2165 1318 2281 1353 νεια
2308 1304 2590 1370 ἐνεπόδιζέ
2618 1325 2727 1362 τισι
2755 1309 2892 1379 πρὸς
2917 1311 3013 1381 τὴν
3053 1312 3368 1382 θεραπείαν,
3401 1313 3500 1366 νῦν
3529 1315 3589 1366 δὲ
3620 1318 3742 1383 πρθς

2164 1393 2224 1446 τὸ
2259 1392 2629 1467 βαπτισθῆναι
2659 1401 2811 1456 οὐδὲν
2837 1403 3035 1476 ἐχομεν
3067 1405 3316 1476 κώλυμα.
3363 1410 3441 1458 οὐ
3498 1409 3610 1477 γὰρ
3636 1410 3742 1467 ἐνὸς

480 1501 921 1569 θεραπευομένου
951 1501 1034 1566 ,οἱ
1077 1497 1226 1553 ἄλλοι
1265 1497 1630 1566 ἀθεράπευτοι
1677 1490 1910 1544 ἐῶνται·
1939 1485 2074 1541 ἀλλὰ
2113 1483 2215 1539 κᾶν
2261 1487 2407 1540 πᾶσα
2451 1491 2484 1559 ἡ
2537 1492 2831 1566 οἰκουμένη
2879 1497 3131 1570 συνέλθῃ,
3173 1499 3272 1551 οὐκ
3321 1499 3647 1553 ἐλαττοῦται
3703 1504 3731 1571 η

484 1614 660 1664 χαρις.

595 1615 660 1659 ις.

557 1615 720 1748 εἴδετε.
753 1691 867 1745 5-7.
908 1708 924 1740 ι
965 1686 1092 1742 Erat
1121 1695 1299 1740 autem
1349 1684 1566 1754 quidam
1599 1681 1760 1736 homo
1809 1677 1918 1731 illic
1958 1673 2049 1744 qui

2241 1676 2394 1734 ιἾῙν
2463 1683 2518 1737 δέ
2597 1701 2680 1749 τις
2737 1686 3024 1758 ἄνθρωπος
3115 1692 3250 1755 ἐκεῖ,
3301 1692 3600 1762 τριάκοντα
3657 1691 3740 1743 καὶ

484 1787 699 1854 triginta
732 1793 783 1838 et
812 1793 934 1837 octo
957 1795 1128 1834 annos
1162 1778 1352 1834 morbo
1383 1775 1690 1830 tenebatur.
1738 1770 1891 1824 llunc
1927 1781 2046 1821 eum

2155 1766 2304 1823 ὀκτὼ
2331 1772 2424 1842 ἔτη
2456 1775 2595 1845 ἔχων
2623 1777 2680 1830 ἐν
2700 1780 2766 1848 τῇ
2791 1778 3066 1851 ἀσθενείᾳ.
3091 1781 3292 1836 Τοῦτον
3323 1783 3449 1836 ἰδὼν
3481 1785 3513 1834 ὁ
3547 1781 3740 1851 Ἰησοῦς

483 1879 704 1932 vidisset
753 1873 914 1930 Jesus
964 1871 1374 1928 deeumbentem
1403 1910 1416 1933 ,
1453 1877 1505 1921 et
1541 1863 1884 1936 cognovisset
1915 1857 2056 1928 quod

475 1975 589 2044 jam
612 1973 838 2025 multmn
877 1971 1136 2039 temporis
1164 1966 1352 2020 morbo
1375 1971 1669 2026 teneretur,
1698 1961 1826 2015 dic-it
1851 1958 1898 2012 ei
1926 1972 1940 2010 :
1968 1954 2059 2010 Vis

483 2078 646 2119 sanus
681 2061 840 2115 ﬁeri?
873 2059 1169 2129 Respondit
1201 2057 1246 2112 ei
1299 2055 1585 2125 languidus
1615 2071 1627 2106 :
1673 2050 1920 2113 Domine,
1959 2052 2057 2102 lto-

476 2158 682 2210 minem
713 2169 816 2208 non
843 2152 1034 2217 habeo,
1065 2160 1142 2217 ut,
1166 2165 1287 2204 eum
1323 2148 1534 2202 turbata
1565 2144 1907 2214 fueritaqua,
1935 2142 2059 2195 mit-

482 2257 560 2301 tat
583 2261 667 2300 me
701 2248 752 2298 in
791 2245 1052 2313 piscinam
1076 2259 1090 2309 ;
1114 2241 1207 2296 sed
1231 2240 1446 2295 interim
1470 2240 1594 2293 dum
1623 2251 1723 2306 ego
1751 2235 1926 2296 venio,
1945 2235 2056 2303 jam

480 2341 619 2394 alius
659 2351 892 2392 anteme
917 2335 1218 2390 descendit.
1257 2353 1276 2386 ι
1307 2333 1582 2402 Stupenda
1621 2330 1901 2400 paralytici
1929 2342 2058 2382 ron-

475 2432 712 2486 stantia:
760 2442 932 2483 annos
964 2427 1196 2482 habebat
1240 2425 1458 2496 triginta
1496 2432 1643 2488 octo,
1675 2432 1730 2477 et
1765 2421 2056 2491 quotannis

481 2523 698 2578 liberari
750 2537 777 2574 a
814 2521 1002 2574 morbo
1033 2528 1354 2589 exspectans
1394 2515 1688 2580 assidebat,
1713 2525 1766 2568 et
1794 2512 2056 2583 impedie-

481 2619 640 2670 batur
677 2631 705 2670 a
731 2613 1130 2686 potentioribus
1162 2621 1472 2682 praeventus
1493 2650 1508 2676 ,
1547 2623 1646 2663 nec
1671 2616 1847 2660 tamen
1890 2603 2056 2659 desti-

483 2704 548 2756 tit
585 2718 756 2771 neque
807 2701 1133 2770 desperavit.
1189 2698 1311 2753 Ideo
1363 2707 1417 2754 et
1463 2698 1722 2753 Dominus
1761 2696 2058 2764 interrogat

478 2809 624 2855 eum,
661 2791 842 2846 volens
873 2802 1177 2846 monstrare
1204 2789 1356 2844 nobis
1375 2787 1748 2843 fortitudinem
1785 2785 2052 2850 hominis;

482 2902 586 2940 non
623 2885 768 2940 enim
800 2884 1099 2952 interrogat
1123 2883 1275 2952 quasi
1319 2883 1530 2936 discere
1566 2880 1842 2950 quippiam
1873 2879 2051 2932 vellet.

483 2979 592 3032 lloc
623 2978 764 3031 enim
785 2992 886 3030 non
917 2975 1092 3030 solum
1113 2973 1440 3044 superfluum
1467 2984 1630 3037 esset,
1657 2972 1750 3028 sed
1771 2973 2051 3040 insipiens,

476 3083 718 3136 quaerere
743 3083 813 3121 an
840 3081 982 3138 aeger
1011 3065 1139 3120 velit
1164 3066 1364 3120 sanari.
1395 3064 1620 3119 Factum
1647 3078 1778 3135 ergo
1809 3075 1869 3118 ut
1895 3055 2064 3117 mon-'

475 3169 682 3215 strctttr
737 3160 897 3214 nobis
949 3155 1182 3213 hominis
1228 3159 1512 3227 patientia.
1544 3156 1683 3223 Quid
1720 3157 1884 3227 igitur
1914 3155 2049 3210 ille?

475 3252 640 3308 Multa
668 3269 789 3308 eum
821 3252 1232 3306 mansuetudine
1259 3251 1587 3319 respondet:
1625 3250 1820 3314 Etiam,
1853 3250 2046 3318 inquit,

478 3348 722 3414 Domine,
761 3346 877 3401 volo
911 3346 1153 3415 quidem,
1177 3345 1269 3400 sed
1312 3360 1419 3399 non
1453 3345 1624 3399 habeo
1651 3343 1924 3398 hominem
1957 3345 2047 3413 qui

472 3441 642 3507 possit
665 3454 749 3494 me
781 3441 834 3492 in
862 3453 1056 3507 aquam
1099 3436 1322 3492 inferre.
1360 3434 1506 3490 Nihil
1539 3436 1906 3504 blasphemum
1936 3448 2049 3490 res-

475 3532 682 3599 pondit,
720 3545 826 3584 non
857 3530 1034 3599 arguit
1062 3528 1336 3584 Christum
1387 3537 1444 3583 ut
1487 3529 1709 3584 stultam
1740 3529 2044 3594 interroga-

465 3625 675 3677 ‘tiouetu
702 3622 1123 3694 interrogantem
1157 3636 1174 3688 ;
1210 3635 1313 3675 non
1348 3621 1626 3676 maledixit
1649 3620 1752 3674 diei
1788 3619 2044 3673 nativita-

468 3717 564 3782 tis,
590 3716 729 3770 sicut
753 3715 1120 3785 pusillanimes
1143 3713 1566 3782 facimus,idque
1582 3727 1703 3767 cum
1727 3711 1780 3766 in
1815 3711 2045 3766 leviores

471 3808 692 3862 morbos
729 3807 1106 3873 iueiderimus;
1138 3807 1229 3860 sed
1280 3814 1562 3860 mansuete
1595 3814 1649 3858 et
1673 3804 1883 3873 placide
1928 3817 2044 3856 res-

471 3915 695 3966 punsum
730 3900 839 3964 dat,
866 3900 1076 3953 tametsi
1108 3899 1338 3953 nesciret
1364 3899 1614 3966 quisnam
1653 3907 1796 3950 esset
1834 3897 1925 3964 qui
1962 3897 2041 3948 in-

469 3993 798 4061 terrogabat.
826 3990 1069 4062 Namque
1098 3993 1200 4046 hoc
1234 3991 1409 4046 solum
1435 3989 1765 4045 existimavit
1797 3990 2042 4043 utilitatis

461 4088 570 4140 sibi
605 4085 770 4157 569
799 4087 1056 4140 accedere
1089 4082 1362 4146 fortassis,
1415 4091 1477 4136 ut
1525 4081 1749 4136 inferret
1777 4080 1952 4149 ipsum
1985 4081 2040 4134 in

465 4195 660 4248 aquam
687 4220 699 4244 ,
735 4188 788 4231 et
825 4187 1106 4246 propterea
1152 4175 1343 4230 blande
1371 4172 1590 4228 Christo
1628 4173 1884 4242 loquitur.
1925 4172 2038 4226 Non

466 4272 598 4322 dixit
649 4281 825 4321 autem
873 4269 1144 4329 Christus,
1186 4266 1548 4321 Visisanabo
1574 4271 1646 4331 te,
1697 4274 1851 4319 utne
1887 4265 2036 4320 video

465 4372 614 4414 retur
641 4359 866 4427 gloriam
897 4373 1162 4427 quaerere.

545 4622 697 4674 (ens.
729 4619 885 4674 8-10.
927 4637 944 4670 ι
986 4618 1126 4672 Dicit
1171 4619 1219 4673 ei
1243 4617 1438 4674 Jesus:
1483 4617 1680 4689 Surge,
1720 4617 1844 4672 tolle
1910 4634 2032 4687 gra-

461 4718 642 4768 batum
673 4726 819 4768 tuum
847 4723 899 4766 et
935 4711 1168 4766 ambula.
1208 4711 1273 4764 Et
1315 4713 1496 4766 statim
1544 4727 1708 4767 sanus
1752 4711 1928 4768 factus
1953 4721 2036 4768 est

463 4813 623 4860 homo
658 4807 766 4874 ille,
803 4817 854 4860 et
907 4805 1125 4862 sustulit
1181 4805 1465 4875 grabatum
1500 4820 1656 4858 suum
1682 4815 1738 4860 et
1790 4805 2036 4860 ambula-

461 4903 572 4954 bat.
603 4897 736 4952 Erat
781 4909 962 4954 autem
1011 4898 1308 4953 Sabbatum
1363 4897 1414 4950 in
1467 4896 1555 4950 die
1610 4896 1721 4951 illo.
1777 4896 2034 4952 Dicebant

459 5007 588 5062 ergo
615 4991 782 5046 Judazi
815 4993 860 5045 ei
887 4992 981 5061 qui
1035 4999 1253 5046 sanatus
1301 4987 1518 5042 fuerat:
1581 4987 1876 5046 Sabbatum
1926 4997 2030 5054 est,

459 5098 562 5136 non
596 5083 720 5138 licet
754 5083 846 5138 tibi
887 5083 1076 5138 tollere
1113 5081 1415 5152 grabatum.
1451 5096 1471 5130 ι
1500 5075 1660 5132 Jubet
1699 5079 1809 5133 tolli
1862 5081 2034 5134 lectu-

459 5179 590 5243 lum,
622 5180 807 5234 voleus
835 5177 1150 5233 credibilius
1185 5175 1299 5228 fieri
1327 5174 1645 5228 miraculum
1675 5173 1816 5242 quod
1864 5171 2030 5227 facie-

458 5273 575 5334 bat,
605 5286 671 5325 ne
697 5282 976 5339 putaretur
1017 5284 1137 5325 esse
1189 5270 1512 5338 phantasma
1570 5266 1860 5336 quoddam.
1917 5264 2029 5320 Nisi

456 5364 599 5417 enim
666 5363 902 5415 membra
955 5361 1108 5416 firme
1175 5360 1408 5414 fuissent
1462 5359 1708 5424 solidata,
1772 5357 2029 5412 lectulum

456 5457 599 5510 ferre
641 5468 752 5508 non
794 5453 1076 5522 potuisset.
1117 5451 1235 5506 Non
1268 5462 1446 5505 autem
1480 5450 1654 5519 exegit
1678 5449 1748 5504 ab
1777 5464 1842 5503 eo
1870 5449 2028 5504 fidem

455 5559 745 5616 antequam
779 5554 1046 5609 satiasset,
1089 5545 1232 5599 sicut
1273 5544 1325 5597 in
1357 5543 1483 5598 aliis
1509 5541 1834 5612 quibusdam
1861 5559 1876 5607 ;
1902 5541 2025 5609 quia

455 5650 593 5703 .eger
634 5635 723 5688 ille
779 5632 1016 5688 nondum
1069 5632 1275 5689 viderat
1329 5648 1454 5687 eum
1506 5633 1659 5702 signa
1715 5632 2025 5688 iacientem.

457 5727 662 5780 Etenim
701 5725 959 5781 Dominus
999 5725 1159 5782 fidem
1193 5727 1409 5800 exigere
1441 5741 1544 5781 nou
1579 5727 1785 5785 solebat
1811 5729 1878 5783 ab
1918 5729 2026 5787 illis

2168 1863 2592 1934 κατακείμενον,
2619 1869 2714 1922 καὶ
2744 1871 2926 1938 γνοὺς,
2961 1873 3042 1925 ὅτι
3071 1873 3239 1926 πολὺν
3269 1875 3372 1944 ἤδη.
3396 1876 3592 1943 χρόνον
3613 1874 3736 1944 ἔχει,

2162 1951 2310 2020 λέγει
2368 1957 2550 2029 αὐτῷ·
2615 1957 2803 2025 Θέλεις
2855 1963 3014 2034 ὑγιὴς
3068 1966 3362 2032 γενέσθαις
3429 1966 3729 2039 Ἀπεκρίθη

2162 2043 2318 2117 αὑτῷ
2367 2050 2395 2102 ό
2446 2050 2688 2106 ἀσθενῶν
2725 2068 2738 2082 '
2777 2053 2974 2125 Κύριε,
3005 2056 3297 2126 ἄνθρωπον
3334 2057 3438 2111 οὐκ
3477 2058 3619 2127 ἔχω,
3659 2059 3738 2113 ἵνα

2159 2139 2289 2194 ὅταν
2323 2143 2570 2216 ταραχθῇ
2613 2147 2675 2200 τὸ
2712 2147 2878 2219 ὕδωρ,
2909 2149 3084 2222 βάλλῃ
3117 2167 3185 2220 με
3215 2151 3296 2214 είς
3329 2151 3434 2222 τὴν
3463 2151 3735 2223 κολυμὸή-

2161 2232 2327 2304 θρανο
2359 2237 2417 2288 ἐν
2445 2229 2490 2306 ᾧ
2523 2237 2580 2292 δὲ
2604 2238 2836 2310 ἔρχομαι
2891 2242 3022 2311 ἐγὼ,
3053 2243 3211 2308 ἄλλος
3238 2243 3346 2316 πρὸ
3391 2244 3528 2314 ἐμοῦ
3581 2259 3737 2299 κατα-

2160 2325 2355 2382 ϐαίνει.
2400 2347 2418 2381 ι
2471 2331 2848 2406 Ἐκπληκτικὴ
2884 2337 2916 2406 ὴ
2958 2337 3228 2407 καρτερία
3261 2335 3358 2391 τοῦ
3403 2337 3732 2406 παραλύτοο.

2163 2419 2304 2492 Ἐτη
2345 2423 2645 2493 τριάκοντα
2693 2426 2788 2479 καὶ
2833 2427 2976 2482 ὀκτὼ
3032 2423 3181 2499 εἷχε,
3232 2432 3329 2483 καὶ
3364 2432 3491 2484 καθ’
3519 2430 3737 2484 ἕκαστον

2157 2510 2405 2568 ἐνιαυτὸν
2435 2515 2920 2589 ἀπαλλαγήσεσθαι
2949 2519 3044 2574 τοῦ
3063 2522 3371 2591 νοσήματος
3394 2521 3729 2592 προσδοκῶν,

2158 2603 2476 2674 ἐνηδρεύετο
2527 2607 2959 2680 ἐμποδιζόμενος
3013 2606 3118 2667 ὑπὸ
3166 2613 3276 2667 τῶν
3323 2615 3732 2686 δυνατωτέρων.

2159 2696 2268 2750 Καὶ
2295 2698 2444 2767 ὅμως
2495 2701 2598 2755 οὐκ
2643 2703 2930 2772 ἀφίστατο,
2961 2707 3084 2760 οὐδέ
3118 2708 3470 2776 ἀπεγίνωσκε
3499 2724 3514 2737 '
3545 2709 3626 2762 διὸ
3649 2709 3737 2762 καὶ

2157 2790 2338 2861 ἐρωτᾷ
2365 2793 2526 2846 αὐτὸν
2561 2794 2590 2846 ό
2621 2795 2825 2867 Κύριος
2844 2838 2860 2862 ,
2891 2797 3058 2854 θέλων
3085 2800 3256 2864 δεῖξαι
3289 2802 3423 2872 ἡμῖν
3452 2801 3559 2872 τὴν
3603 2819 3734 2872 καρ-

2156 2882 2344 2953 τερίαν
2383 2883 2478 2938 τοῦ
2515 2887 2805 2958 ἀνθρώπου
2835 2907 2848 2920 ο
2898 2889 2958 2944 οὐ
2997 2891 3106 2961 γάρ
3139 2891 3202 2961 δὴ
3251 2891 3327 2955 ὡς
3360 2891 3738 2962 μαθησόμενος

2158 2974 2357 3045 ἐρωτᾷ.
2405 2977 2575 3030 Τοῦτο
2627 2979 2735 3050 γὰρ
2773 2981 2832 3034 οὐ
2897 2981 3056 3050 μόνον
3104 2983 3396 3050 περιττὸν,
3448 2983 3591 3040 ἀλλὰ
3643 2986 3732 3038 καὶ

2159 3067 2406 3138 ἀνόητον,
2444 3071 2504 3123 τὸ
2545 3072 2758 3142 ἐρωτᾷν
2786 3074 2836 3126 εί
2860 3071 3001 3126 θέλει
3032 3075 3060 3128 ὁ
3085 3075 3257 3128 νοσῶν
3287 3075 3539 3145 ῦγιᾶναι.
3564 3080 3734 3148 Ὅπερ

2159 3154 2249 3210 οὖν
2283 3155 2457 3223 εἷπον,
2491 3159 2580 3214 ἵνα
2607 3161 2760 3234 δείξῃ
2790 3165 2923 3233 ἡμῖν
2954 3164 3049 3236 τὴν
3070 3168 3365 3238 καρτερίαν
3390 3169 3492 3223 τοῦ
3531 3171 3738 3243 ἀνθρὼ-

2152 3264 2277 3311 που,
2305 3248 2394 3302 διὰ
2421 3250 2578 3304 τοῦτο
2599 3253 2799 3325 ἐρωτᾷ.
2831 3255 2896 3308 Τί
2923 3252 3016 3309 οῦν
3049 3258 3290 3324 ἐκεῖνος;
3345 3262 3511 3316 Μετὰ
3543 3264 3734 3332 πολλῆς

2148 3340 2448 3405 ἐπιεικείας
2471 3343 2854 3416 ἀποκρίνεταιο
2884 3348 3014 3413 Ναὶ,
3041 3352 3196 3421 φησὶ,
3219 3352 3422 3423 Κύριε,
3449 3353 3598 3409 θέλω
3618 3358 3734 3425 μὲν,

2147 3427 2262 3481 ἀλλ’
2293 3431 2392 3484 οὐκ
2437 3433 2546 3502 ἔχω
2576 3435 2862 3506 ἄνθρωπον
2906 3440 2996 3494 τὸν
3018 3441 3316 3511 δυνάμενόν
3355 3463 3428 3515 με
3476 3447 3733 3516 ἐμϐαλεῖν

2145 3526 2222 3596 τῷ
2249 3526 2422 3582 ὕδατι.
2466 3531 2636 3584 Οὐδὲν
2681 3534 3010 3607 βλάσφημον
3057 3539 3438 3609 ἀπεκρίνατο,
3482 3543 3586 3597 οὐκ
3630 3545 3732 3597 άπ-

2147 3619 2436 3689 επέμψατο
2459 3621 2549 3674 τὸν
2579 3624 2830 3694 Χριστὸν,
2864 3629 2940 3692 ὼς
2971 3631 3324 3702 ἐρωτήσαντα
3355 3635 3570 3688 ἄτοπον
3598 3639 3732 3707 ἐρώ-

2144 3723 2309 3778 τημα,
2347 3711 2407 3765 οὐ
2447 3714 2800 3784 κατηράσατο
2841 3718 2939 3788 τὴν
2986 3721 3200 3792 ἡμέραν
3247 3722 3348 3792 τῆς
3393 3726 3728 3795 γεννήσεως,

2142 3797 2231 3856 οἷα
2256 3805 2304 3857 ot
2337 3806 2663 3878 μικρόψυχοι
2703 3810 2986 3883 ποιοῦμεν,
3019 3813 3308 3869 καὶταῦτα
3340 3815 3730 3887 ἐλαφροτέρας

2143 3897 2414 3967 νοσήμασι
2445 3901 2890 3970 περιπίπτοντες,
2937 3905 3076 3959 ἀλλὰ
3109 3907 3301 3976 πράως
3337 3908 3435 3962 καὶ
3474 3909 3728 3978 δυσωπη-

2141 3989 2309 4053 τικῶς
2344 3993 2582 4046 ποιεῖται
2615 3993 2712 4066 τὴν
2742 3996 3062 4068 ἀπόκρισιν,
3109 4001 3287 4056 καίτοι
3336 4019 3402 4070 γε
3440 4004 3522 4074 μὴ
3551 4003 3725 4065 είξὼςυ

2140 4079 2288 4144 ὅστις
2319 4082 2451 4136 ποτέ
2488 4078 2556 4154 ἦν
2584 4086 2614 4137 ὁ
2655 4088 2898 4158 ἐρωτῶν,
2942 4091 3059 4147 ἀλλ’
3095 4095 3126 4167 ἢ
3157 4093 3320 4147 τοῦτο
3373 4095 3542 4165 μόνον
3591 4097 3722 4156 fore;

2140 4170 2382 4240 ἐνόμισε,
2407 4176 2811 4252 χρησιμεύει[ν]
2837 4182 2986 4253 αὐτῷ
3013 4184 3103 4238 τὸν
3135 4185 3375 4254 Χριστὸν
3396 4228 3410 4251 ,
3454 4185 3603 4239 ὥστε
3631 4188 3726 4255 ἐμ-

2141 4264 2324 4320 6αλείν
2343 4269 2506 4322 αὐτὸν
2531 4272 2612 4333 είς
2636 4272 2696 4326 τὸ
2718 4272 2883 4346 ὕδωρ,
2920 4279 3014 4330 καὶ
3047 4277 3138 4331 διὰ
3168 4278 3377 4332 τούτων
3413 4281 3726 4334 ἐπισπάσα-

2141 4356 2266 4411 σθαι
2329 4360 2422 4413 xci.
2475 4361 2800 4434 δυσωπῆσαι
2831 4366 2942 4420 τῶν
3002 4370 3270 4440 ῥημάτων
3302 4371 3582 4440 βούλεται.
3617 4373 3727 4424 Οὐκ

2066 4468 2117 4527 ι)
2143 4443 2266 4502 εἷπε
2301 4449 2357 4504 δὲ
2389 4453 2418 4505 ὁ
2455 4453 2714 4524 Χριστὸς,
2757 4457 2978 4526 Θέλεις;
3021 4459 3354 4531 θεραπεύσω
3395 4481 3494 4529 σε,
3533 4465 3623 4517 ἵνα
3653 4467 3725 4534 μὴ

2139 4540 2264 4613 δόξῃ
2311 4544 2636 4614 κομπάζειν.

2214 4650 2232 4685 ι
2269 4635 2430 4703 Λέγει
2452 4637 2602 4706 αὐτῷ
2633 4638 2660 4699 ὁ
2688 4639 2892 4709 Ἰησοῦς
2914 4658 2927 4671 ·
2957 4642 3229 4713 Ἔγειραι,
3262 4638 3397 4714 ἆρον
3425 4645 3523 4698 τὸν
3554 4645 3726 4715 κράξ-

2137 4725 2301 4781 6ατόν
2373 4747 2501 4795 σου,
2559 4733 2652 4785 καὶ
2712 4735 3027 4803 περιπάτει.
3081 4736 3193 4790 Καὶ
3253 4737 3457 4800 εὐθέως
3507 4740 3722 4806 ἐγένετο

2137 4819 2295 4888 ὑγιὴς
2327 4820 2354 4871 ὁ
2381 4821 2687 4891 ἄνθρωπος,
2723 4825 2816 4877 καὶ
2864 4821 2965 4895 ἦρε
3011 4826 3103 4878 τὸν
3161 4827 3476 4897 κράὸὁατον
3528 4827 3715 4891 αὐτοῦ,

2138 4911 2232 4963 καὶ
2262 4912 2603 4977 περιεπάτει.
2633 4908 2741 4966 Ἦν
2773 4915 2830 4966 δὲ
2870 4916 3148 4970 Σάπατον
3178 4918 3236 4971 ἐν
3265 4919 3454 4990 ἐκείνῃ
3481 4923 3550 4989 τῇ
3581 4921 3717 4989 ὴμέ-

2138 5016 2229 5070 ρᾳ.
2291 5001 2514 5066 Ἔλεγον
2566 5002 2660 5058 οὖν
2711 5006 2763 5058 oi.
2802 5007 3042 5060 Ἰουδαῖοι
3093 5009 3172 5080 τῷ
3217 5009 3714 5079 τεθεραπευμένῳ·

2135 5091 2412 5145 Σάϐϐατόν
2438 5095 2584 5148 ἐστιν
2602 5110 2616 5124 ·
2646 5097 2744 5150 οὐκ
2767 5097 2942 5161 ἔξεστί
2976 5117 3056 5153 σοι
3079 5097 3210 5171 ἆραι
3232 5102 3323 5155 τὸν
3347 5102 3712 5170 κράὸὄατον.ι

2135 5183 2360 5238 Κελεύει
2392 5182 2520 5256 ἆραι
2552 5187 2613 5239 τὸ
2648 5189 2924 5256 κλινίδιον,
2972 5192 3351 5246 πιστώσασθαι
3384 5193 3716 5264 βουλόμενος

2132 5276 2192 5328 τὸ
2224 5278 2515 5349 γενόμενον
2546 5279 2751 5351 θαῦμα,
2770 5281 2911 5337 ὥστε
2934 5284 3136 5354 μηδένα
3157 5286 3379 5353 νομίσαι
3407 5286 3715 5352 φαντασίαν

2132 5369 2265 5421 αὐτὸ
2285 5365 2446 5425 εἶναι.
2480 5373 2553 5424 Οὐ
2589 5374 2695 5443 γὰρ
2725 5373 2810 5439 ἂν,
2861 5377 2909 5428 εί
2939 5377 3014 5447 μὴ
3053 5377 3289 5444 βεϐαίως
3358 5379 3454 5432 καὶ
3507 5379 3715 5447 σφόδρα

2132 5457 2412 5531 συνεπάγη
2443 5463 2593 5533 αὐτῷ
2621 5465 2688 5516 τά
2715 5466 2880 5534 μέλη,
2906 5467 3008 5537 τὴν
3033 5467 3220 5538 κλίνην
3248 5468 3435 5538 φέρειν
3460 5468 3709 5538 ἠδύνατο.

2130 5550 2245 5604 Οὐκ
2281 5552 2502 5604 ἀπαιτεῖ
2521 5553 2576 5605 δὲ
2604 5554 2765 5608 αὑτὸν
2789 5556 2893 5624 πρὸ
2914 5556 3011 5626 τῆς
3045 5557 3240 5620 ἰάσεως
3287 5557 3493 5616 πίστιν.
3521 5554 3711 5623 ᾣσπερ

2130 5643 2223 5695 ἐπὶ
2250 5642 2426 5697 ἄλλων
2463 5646 2646 5710 τινῶν,
2675 5648 2756 5699 ὅτι
2790 5648 3002 5700 οὐδέπω
3028 5649 3189 5701 αὐτὸν
3227 5645 3368 5702 εἶδεν
3401 5652 3428 5701 ὁ
3464 5647 3709 5702 ἀσθενῶν

2131 5738 2355 5806 σημεῖον
2384 5738 2743 5806 πεποιηκότα.
2773 5739 2882 5791 Καὶ
2912 5741 3020 5810 γὰρ
3075 5741 3381 5806 κάκείνους,
3417 5739 3512 5803 οὓς
3542 5741 3708 5792 ἁπαι-
