3960 6454
455 263 614 330 .1263

1354 266 1947 331 .TllEOPllYLACTl
1993 271 2406 334 BULGARLE
2443 275 2796 338 A-RCIIIEP.

3594 279 3734 342 126$

453 380 704 451 supplicii
737 395 1042 436 mensuram
1073 381 1613 453 amplanﬁimpendit.
1653 383 1796 439 Sane
1816 396 2037 454 peccata

2143 387 2436 457 ἀνθρώπου
2495 390 2610 467 βίον
2642 393 2828 463 σχεδὸν
2873 392 3151 460 ἡνὰλωσεν
3200 396 3257 448 ἐν
3307 395 3381 464 τῷ
3417 398 3598 466 -μῇκει
3637 402 3735 467 τῆς

408 539 411 543 Ι
455 489 562 524 non
607 471 922 539 judicantur
965 481 1228 542 tempore,
1283 475 1376 529 sed
1428 474 1542 542 ipsa
1581 476 1904 532 delictorum
1941 493 2037 532 na-

455 573 598 618 tura.
628 563 770 629 Quin
825 563 912 618 hic
939 573 990 619 et
1015 564 1144 619 illud
1168 566 1453 634 discimus,
1487 568 1627 637 quod
1661 569 1785 624 licet
1817 586 2036 640 gravem

455 653 673 710 luamus
706 670 802 724 pro
847 657 1035 726 primis
1061 659 1300 726 peccatis
1346 675 1584 729 pmuam,
1617 662 1661 714 si
1698 661 1892 718 deinde
1941 663 2040 716 ite-

461 764 582 801 rum
621 749 670 801 in
708 750 895 802 eadem
933 749 1236 805 incidamus
1275 763 1520 820 peccata,
1572 753 1764 807 iterum
1793 755 2038 823 graviora

458 843 750 910 patiemur,
784 841 947 911 idque
996 844 1210 898 merito.
1255 843 1357 910 Qui
1387 846 1530 900 enim
1578 847 1745 913 priori
1776 848 2040 916 supplicio

454 950 560 989 non
603 936 923 990 emendatus
967 946 1069 1001 est,
1106 939 1171 990 ad
1220 938 1423 1007 majora
1467 948 1734 994 tormenta
1789 943 2037 1007 ducetur,

456 1040 713 1097 tanquam
743 1028 1052 1084 insensatus
1114 1038 1168 1084 et
1215 1041 1577 1101 contemptor.
1625 1034 1686 1086 Et
1719 1050 1908 1102 quare,
1956 1036 2044 1090 in-

452 1123 592 1190 quit,
638 1137 742 1175 non
783 1136 975 1177 omnes
1031 1122 1108 1177 sic
1167 1124 1505 1191 puniuntur?
1565 1125 1776 1181 Etenim
1846 1129 2042 1184 multos

455 1212 820 1281 improborum
851 1212 1096 1267 videmus
1155 1213 1290 1267 bene
1322 1214 1559 1270 valentes
1605 1231 1857 1286 corpore,
1892 1231 1945 1273 et
1987 1223 2039 1274 in

453 1304 662 1358 deliciis
702 1319 765 1359 ac
808 1304 1163 1374 prosperitate
1209 1304 1469 1364 viventes.
1531 1306 1725 1362 Verum
1765 1311 1908 1378 quod
1964 1311 2041 1365 illi

457 1393 590 1448 nihil
621 1394 706 1449 hic
735 1395 1036 1465 patiuntur,
1070 1395 1325 1451 viaticum
1357 1398 1435 1452 eis
1458 1400 1562 1453 erit
1618 1399 1683 1454 ad
1718 1401 2040 1471 supplicium

453 1489 694 1558 gravius,
728 1493 867 1559 quod
900 1491 1025 1544 alibi
1071 1493 1265 1547 ferent.
1289 1493 1353 1547 Et
1389 1495 1488 1550 hoc
1520 1494 1720 1551 Paulus
1756 1497 2042 1552 manifeste

453 1584 666 1638 dioebat
693 1602 707 1638 :
738 1602 756 1636 ι
807 1583 940 1639 Cum
1001 1585 1142 1639 enim
1199 1586 1508 1656 judicatnur
1535 1604 1563 1644 a
1597 1590 1844 1655 Domino,
1897 1609 1916 1642 ι
1957 1591 2042 1646 hic

453 1679 676 1741 scilicet,
721 1697 737 1730 ι
763 1679 1060 1745 erudimur,
1083 1688 1138 1733 ut
1166 1695 1232 1734 ne
1263 1695 1384 1734 cum
1428 1681 1528 1736 hoc
1552 1683 1751 1737 mundo
1780 1684 2038 1736 condem-

2141 479 2436 548 τιμωρίας.
2466 469 2552 533 Οὐκ
2574 481 2683 552 γὰρ
2727 483 2905 552 χρόνῳ
2934 481 3000 535 τὰ
3036 483 3419 553 ἁμαρτήματα
3454 486 3729 554 κρίνεται,

2142 570 2258 622 ἀλλ’
2289 571 2427 641 αὑτῇ
2475 575 2541 641 τῇ
2573 571 2732 641 φύσει
2785 574 2893 625 τῶν
2950 575 3525 646 πεπλημμελημένων.
3579 580 3733 632 Μετὰ

2142 660 2344 714 τούτοιν
2379 665 2601 717 κάκεῖνο
2633 666 3000 736 μανθάνομεν,
3034 668 3115 718 ὃτι
3147 667 3251 733 κᾷν
3281 669 3525 739 χαλεπὴν
3549 670 3734 738 δῶμεν

2145 751 2281 821 ὑπὲρ
2313 754 2418 805 τῶν
2455 756 2732 826 προτέρων
2774 756 3192 827 ἁμαρτημάτων
3222 758 3318 828 τὴν
3375 759 3557 830 δίκην,
3612 759 3734 814 εἶτα

2141 846 2250 906 τοῖς
2287 845 2464 908 αὐτοῖς
2502 847 2870 917 ἁμαρτήμασι
2901 847 3065 900 πάλιν
3099 851 3458 921 ὲμφυρῶμεν,
3490 853 3738 922 χαλεπόν

2142 955 2274 1008 τερα
2301 939 2462 992 πάλιν
2510 941 2848 1011 πεισόμεθα·
2888 944 2982 995 καὶ
3031 944 3178 1013 μάλα
3229 947 3483 1009 είκότως.
3528 948 3591 999 Ὀ
3627 951 3738 1016 γριρ

2147 1032 2282 1103 μηδὲ
2326 1035 2392 1102 τῇ
2425 1033 2666 1104 προτέρᾳ
2715 1035 2954 1104 τιμωρίᾳ
2988 1034 3326 1105 βελτιωθεὶς,
3378 1039 3473 1090 ἐπὶ
3510 1039 3738 1107 μείζονα

2143 1124 2338 1188 ἄγεται
2371 1124 2730 1195 κολαστήρια,
2763 1124 2840 1188 ὡς
2874 1126 3201 1195 ἀναίσθητος
3237 1131 3330 1180 καὶ
3379 1147 3736 1200 καταφρονη-

2141 1219 2262 1288 τὴς.
2297 1220 2407 1272 Καὶ
2440 1219 2583 1281 τίνος
2613 1219 2824 1283 ἕνεκεν,
2859 1223 3046 1289 φησὶν,
3077 1223 3138 1274 οὑ
3170 1222 3368 1285 πάντες
3398 1222 3547 1275 οὕτω
3570 1225 3737 1278 κολα-

2144 1310 2328 1375 ζονται
2354 1328 2367 1376 ;
2405 1311 2516 1365 Καὶ
2545 1311 2654 1383 γὰρ
2689 1311 2916 1376 πολλοὺς
2937 1313 3156 1384 δρῶμεν
3182 1313 3288 1366 τῶν
3311 1315 3534 1384 φαύλων
3573 1316 3737 1369 εὑσωο

2148 1403 2472 1471 ματοῦντας,
2493 1405 2588 1458 καὶ
2613 1404 2980 1476 σφριγῶντας,
3001 1406 3096 1457 καὶ¹
3115 1406 3494 1477 εὐημεροῦντα
3505 1427 3546 1463 :.
3575 1407 3736 1462 Ἀλλὰ

2144 1496 2204 1548 τὸ
2235 1497 2402 1565 μηδὲν
2456 1498 2653 1561 αὑτοὺς
2701 1497 2894 1550 παθεῖν
2940 1496 3209 1563 ἐνταῦθα,
3267 1499 3480 1568 ἐφόδιον
3521 1501 3736 1566 γίνεται

2149 1589 2395 1658 μείζονος
2423 1591 2539 1642 ἐκεῖ
2568 1591 2839 1661 τιμωρίας
2860 1606 2874 1620 ⁸
2905 1592 2999 1644 καὶ
3047 1592 3204 1644 τοῦτο
3243 1591 3422 1661 δηλῶν
3458 1596 3487 1645 ὁ
3517 1593 3732 1658 Παῦλος

2148 1681 2350 1749 ἔλεγεν,
2379 1683 2458 1734 ὅτι
2496 1683 2848 1753 (Κρινόμενοι
2876 1683 2978 1735 ὑπὸ
3003 1684 3260 1754 Κυρίου,›
3283 1682 3520 1736 ἐνταῦθα
3541 1685 3734 1754 δηλον-

455 1773 733 1838 nemur",
773 1792 792 1824 ι
829 1771 953 1826 alibi
1003 1773 1295 1828 videlicet:
1350 1790 1470 1828 nam
1504 1791 1620 1844 quae
1646 1775 1731 1830 hic
1768 1778 1920 1842 fiunt,
1951 1780 2038 1831 ad-

2148 1774 2251 1838 ότι,
2312 1792 2330 1826 ι
2366 1775 2758 1841 παιδευόμεθα,
2788 1775 2874 1828 ἵνα
2913 1775 2987 1846 μὴ
3013 1778 3110 1829 σὺν
3140 1777 3217 1848 τῷ
3242 1778 3434 1846 κόσμῳ
3464 1793 3734 1847 κατακρι-

455 1866 772 1921 m0uitionis
817 1874 986 1920 sunt:
1038 1881 1156 1934 qum
1185 1875 1365 1920 autent
1419 1867 1569 1932 alibi,
1614 1869 2039 1937 suppliciorum.

450 1961 592 2028 Quid
629 1960 835 2029 igitur?
861 1959 1121 2028 numquid
1166 1974 1358 2014 omnes
1408 1961 1578 2014 morbi
1609 1971 1730 2014 sunt
1763 1978 1825 2014 ex
1852 1977 2041 2031 pecca-

455 2053 562 2106 tis?
593 2050 708 2105 Non
745 2067 934 2107 omnes
966 2051 1208 2120 quidem,
1257 2050 1350 2104 sed
1401 2051 1602 2120 plures.
1667 2052 1838 2106 Morbi
1895 2056 2040 2107 enim

457 2144 623 2214 aliqui
655 2150 876 2214 propter
899 2153 1123 2212 peccata
1153 2143 1429 2208 accidunt,
1466 2145 1609 2198 sicut
1663 2155 1718 2200 et
1743 2144 1902 2199 istius
1944 2161 2042 2212 pa-

458 2241 690 2312 ralytici,
725 2252 778 2293 et
809 2241 860 2295 in
889 2240 1043 2295 libris
1076 2239 1282 2312 Regum
1313 2240 1556 2293 videmus
1576 2239 1864 2308 quemdam
1894 2238 2042 2290 labo-

454 2345 665 2390 rantem
699 2333 882 2388 dolore
934 2333 1131 2402 pedum
1185 2342 1404 2403 pr0pter
1454 2331 1821 2401 peceatum".
1865 2329 2040 2399 Aliqui

453 2434 635 2481 autem
673 2435 796 2480 sunt
834 2435 1054 2494 pr0pter
1087 2424 1462 2496 probationem
1507 2434 1563 2479 et
1605 2423 2040 2492 prtcdicationem

454 2521 596 2575 sicut
629 2519 848 2574 morbus
875 2516 1000 2582 Job,
1026 2524 1440 2573 utmoustretur
1491 2516 1606 2586 ejus
1664 2515 1856 2570 virtus.
1907 2514 2041 2580 Qui-

451 2614 580 2668 dam
609 2623 788 2667 autem
820 2612 984 2667 etiam
1019 2611 1086 2665 ab
1106 2611 1319 2681 ignavia
1370 2610 1644 2672 oriuntur,
1695 2616 1884 2678 utpote
1921 2607 2040 2677 gula

455 2714 509 2760 et
525 2704 810 2758 ebrietate.
832 2703 972 2758 Sunt
988 2712 1169 2756 autem
1196 2701 1440 2755 nonnulli
1464 2701 1554 2770 qui
1574 2700 1746 2766 conjei
1765 2709 1936 2751 turam
1954 2714 2042 2750 su-

453 2805 612 2854 tnuut
663 2813 727 2853 ex
781 2797 884 2853 hoc
930 2796 1074 2866 quod
1139 2795 1401 2851 Dmninus
1450 2794 1607 2856 dicit,
1637 2810 1654 2844 ι
1700 2789 1778 2844 Ne
1821 2790 2042 2861 posthac

456 2901 651 2958 pecces
675 2905 695 2942 ι
730 2906 748 2939 ι
784 2897 838 2942 et
865 2897 1117 2944 asserunt
1158 2884 1302 2955 quod
1347 2883 1604 2938 Dominus
1645 2881 1864 2935 sciverit
1897 2881 2042 2950 quod

454 2981 792 3052 paralyticus
822 2979 912 3034 ille
966 2978 1299 3032 indicaturus
1345 2983 1490 3030 esset
1530 2982 1585 3029 et
1636 2971 2042 3042 signiﬁcaturus

455 3073 677 3141 Iudaeis,
724 3082 1008 3144 postquam
1065 3071 1355 3140 reperissct
1399 3083 1522 3124 eum
1582 3067 1638 3120 in
1688 3064 1925 3136 templo:
1988 3073 2042 3118 et

453 3178 740 3236 prnpterca
758 3165 886 3218 dicit
912 3180 924 3217 :
963 3183 979 3215 ι
1011 3161 1088 3218 Ne
1116 3162 1256 3217 ultra
1280 3175 1489 3231 pecces.
1525 3177 1542 3210 ι
1569 3157 1674 3212 Sed
1705 3173 1808 3211 non
1835 3166 1914 3210 est
1949 3157 2039 3210 ita.

457 3258 844 3313 V'ideturenim
875 3257 994 3325 pius
1033 3255 1196 3309 homo
1245 3269 1384 3308 esse.
1436 3250 1569 3306 Nam
1601 3269 1619 3302 ι
1665 3249 1861 3321 reperit
1895 3265 2038 3312 eum,

457 3351 650 3418 inquit,
691 3348 848 3404 .Iesus
879 3349 930 3401 in
969 3346 1192 3414 templo,
1223 3363 1242 3396 ι
1277 3345 1376 3399 nisi
1409 3345 1551 3398 enim
1574 3343 1693 3410 pius
1721 3342 1927 3404 fuisset,
1950 3356 2044 3394 ex—

456 3443 725 3510 posuisset
753 3454 812 3494 sc
849 3438 1108 3507 voluptati
1145 3447 1199 3490 et
1222 3435 1427 3490 deliciis
1457 3437 1507 3488 in
1534 3435 1754 3488 domum
1780 3447 2032 3497 currens,

457 3534 618 3605 5'71
649 3541 701 3585 et
751 3530 1024 3601 cﬂ‘ugissct
1050 3529 1360 3584 Judtcorum
1400 3527 1687 3592 insaniam,
1715 3541 1780 3580 ne
1814 3525 1920 3578 illis
1956 3540 2040 3577 ra-

459 3630 607 3682 tione
665 3625 959 3680 rcdderet:
1015 3623 1108 3678 sed
1163 3622 1297 3676 nihil
1345 3622 1537 3675 horum
1592 3619 1787 3673 terruit
1815 3633 1938 3671 cum
1985 3625 2040 3669 ut

458 3719 742 3774 desisteret
776 3732 805 3770 a
859 3715 1079 3785 templo.
1117 3713 1221 3768 Sed
1253 3723 1306 3768 et
1367 3723 1650 3782 postquam
1698 3709 1917 3779 agnovit
1948 3706 2038 3762 Je-

459 3829 604 3876 sum,
639 3813 759 3864 vide
810 3821 1011 3880 quanta
1061 3808 1397 3880 gratitudine
1444 3822 1566 3861 eum
1601 3804 1804 3859 Judaais
1843 3803 2040 3872 praedi-

459 3913 564 3959 cet.
598 3901 715 3958 Non
749 3901 892 3955 enim
911 3901 1062 3967 dicit,
1088 3899 1246 3956 Jesus
1278 3899 1480 3968 estqui
1513 3897 1652 3952 dixit
1691 3896 1819 3950 mihi
1849 3911 1864 3947 :
1890 3893 2040 3948 Tolle

458 3996 779 4066 grabatum;
830 3993 882 4048 id
938 3995 1084 4064 quod
1154 3991 1231 4046 illi
1291 3991 1482 4045 audire
1536 3988 1816 4054 volebant;
1862 3986 1956 4042 sed
1991 3987 2039 4040 is

458 4088 550 4155 qui
589 4086 760 4156 ipsum
798 4100 988 4138 sanum
1029 4083 1157 4138 fecit
1191 4101 1205 4137 :
1250 4083 1302 4136 id
1343 4081 1488 4153 quod
1525 4082 1711 4136 audire
1757 4095 1860 4134 non
1895 4081 2039 4133 fere-

460 4179 613 4245 bant,
653 4193 750 4248 pro
806 4178 1038 4233 crimine
1091 4176 1356 4230 habentes
1401 4174 1622 4230 Sabbati
1661 4173 2033 4228 violationem.

458 4269 612 4336 Quod
659 4280 838 4323 autem
868 4267 1038 4324 Judaei
1063 4269 1534 4338 persequebantur
1554 4266 1870 4330 Dominum,
1907 4265 2037 4333 quid

457 4370 745 4430 propterea
798 4362 1042 4430 peccavit
1099 4361 1258 4415 homo
1307 4362 1398 4430 qui
1433 4359 1582 4414 illum
1638 4359 1718 4413 eis
1761 4358 2038 4414 ostendit?

2146 1865 2350 1935 θῶμεν,
2392 1885 2411 1917 ι
2445 1868 2562 1918 ἐκεῖ
2597 1866 2797 1938 δηλαδή
2830 1884 2844 1898 ο
2873 1868 2940 1920 τὰ
2993 1869 3092 1938 μὲν
3135 1869 3245 1939 γὰρ
3280 1869 3518 1922 ἐνταῦθα
3549 1869 3733 1924 νουθε·

2146 1957 2286 2018 σίας,
2321 1957 2388 2008 τὶι
2418 1957 2473 2010 δὲ
2506 1960 2622 2009 ἐκεῖ
2661 1957 2932 2028 τιμωρίας
2971 1959 3108 2011 ἐστί.
3169 1960 3233 2012 Τί
3275 1956 3406 2026 οὖνς
3443 1962 3631 2014 Πάντα
3663 1964 3733 2014 τὰ

2145 2049 2428 2120 νοσήματα
2461 2049 2518 2114 ἐξ
2548 2051 3000 2121 ἀμαρτημάτωνς
3036 2051 3110 2104 Οὑ
3140 2052 3320 2106 πάντα
3358 2055 3481 2124 μὲν,
3505 2055 3640 2108 ἀλλὰ
3663 2060 3731 2108 τα

2144 2143 2386 2198 πλείονα.
2418 2142 2499 2196 Τὰ
2552 2143 2652 2211 μὲν
2684 2143 2791 2214 γὰρ
2824 2144 2890 2196 δι’
2939 2145 3338 2215 ἁμαρτήματα,
3392 2147 3586 2214 ὥσπερ
3638 2149 3732 2199 καὶ

2143 2233 2236 2287 τοῦ
2272 2235 2584 2306 παραλύτου
2625 2235 2845 2300 τούτου,
2897 2237 2994 2289 καλ⁸
3044 2238 3103 2288 ὲν
3150 2241 3270 2300 ταῖς
3325 2239 3641 2300 Βασιλείαις
3669 2239 3730 2292 δὲ

2141 2328 2358 2396 ὁρῶμέν
2388 2346 2508 2382 τινα
2535 2329 2800 2398 ποδαλγίᾳ
2828 2329 3195 2400 περιπεσόντα
3223 2330 3292 2382 δι’
3321 2332 3599 2399 ἁμαρτίας
3625 2347 3638 2360 ο
3661 2331 3730 2383 τΞι

2143 2423 2200 2476 δὲ
2253 2424 2320 2477 δι’
2357 2423 2710 2495 εὐδοκίμησιν
2746 2427 2838 2478 καὶ
2875 2426 3200 2496 ἀνάρρησιν,
3258 2426 3450 2495 ὥσπερ
3489 2426 3587 2478 ἐπὶ
3635 2425 3727 2478 τοῦ

2157 2515 2293 2578 Ἰὼϐ,
2319 2517 2404 2568 ἵνα
2424 2517 2607 2588 δειχθῇ
2642 2519 2672 2587 ἡ
2701 2516 2868 2588 ἀρετὴ
2886 2516 3067 2588 ⁵αὑτοῦ
3093 2534 3106 2550 ·
3141 2518 3382 2586 γίνονται
3412 2517 3471 2569 δέ
3497 2535 3618 2570 τινα
3636 2519 3728 2569 καὶ

2144 2608 2251 2659 ἀπὸ
2288 2607 2586 2679 ῥᾳθυμίας,
2621 2603 2732 2662 οἷον
2759 2609 3204 2680 γαστριμαργίας
3223 2611 3317 2662 καὶ
3355 2609 3548 2678 μέθης.
3576 2609 3728 2670 Τινὲς

2142 2700 2197 2753 δὲ
2225 2701 2331 2753 ἀπὸ
2362 2700 2455 2752 τοῦ
2491 2702 2664 2754 είπεῖν
2691 2703 2782 2754 τὸν
2807 2702 3032 2772 Κύριον,
3076 2721 3093 2751 ι
3127 2701 3342 2770 Μηκέτι
3364 2701 3672 2770 ἁμάρτανε,
3704 2717 3725 2752 ι

2145 2793 2537 2865 στοχαζόμενοι
2572 2795 2988 2864 ἀποφαίνονται,
3020 2796 3103 2848 ὅτι
3138 2793 3326 2846 τοῦτον
3354 2794 3446 2845 τδν
3476 2793 3726 2862 παραλυ-

2142 2903 2232 2941 τον
2260 2887 2374 2958 ᾔδει
2417 2889 2445 2940 δ
2478 2886 2681 2957 Κύριος
2738 2887 3000 2956 μέλλοντα
3059 2885 3336 2950 ὑποδεῖξαι
3382 2883 3574 2942 αὑτὸν.
3637 2882 3728 2934 καὶ

2145 2974 2533 3047 καταμηνῦσαι
2582 2979 2693 3039 τοῖς
2747 2977 3042 3040 Ἰουδαίοις,
3079 2976 3196 3046 μεθ’
3229 2977 3258 3030 δ
3283 2970 3444 3044 εὗρεν
3477 2973 3643 3026 αὑτὸν
3670 2976 3729 3027 ἐν

2070 3099 2112 3156 C
2145 3068 2221 3138 τῷ
2249 3066 2400 3136 ἱερῷ,
2443 3069 2535 3121 καὶ
2563 3067 2650 3120 διὰ
2680 3067 2839 3120 τοῦτό
2872 3086 3003 3138 φησι
3025 3085 3040 3100 ο
3078 3087 3097 3119 ι
3125 3069 3341 3137 Μηκέτι
3366 3069 3672 3137 ἁμάρτανε.
3701 3083 3722 3118 ι

2159 3161 2300 3214 ’Λλλ’
2331 3162 2430 3214 οὑκ
2480 3161 2596 3214 ἔστι
2641 3161 2821 3216 τοῦτο.
2870 3162 3124 3214 Φαίνεται
3152 3162 3264 3232 γὰρ
3307 3160 3547 3231 εὐλαϐὴς
3577 3162 3604 3211 ὁ
3639 3160 3730 3213 ἄνα

2149 3253 2391 3323 θρωπος.
2433 3272 2451 3306 ι
2492 3253 2753 3326 Εὑρίσκει
2794 3254 2902 3324 γὰρ
2931 3253 3114 3315 αὑτὸν,
3155 3255 3341 3323 φησιν,
3367 3255 3394 3305 ὀ
3432 3252 3643 3322 Ἰησοῦς
3671 3253 3728 3305 ἐν

2143 3346 2221 3416 τῷ
2251 3347 2398 3416 ἱερῷ.
2421 3367 2440 3399 ι
2485 3348 2678 3400 Καίτοι
2711 3350 2757 3400 εί
2784 3347 2858 3416 μὴ
2890 3346 3122 3418 εὑλαϐὴς
3151 3343 3238 3417 ἧν,
3267 3347 3451 3398 ἀνέσει
3483 3347 3579 3398 καὶ
3602 3361 3729 3415 τρν-

2143 3441 2215 3508 φῇ
2250 3440 2314 3492 ἂν
2347 3439 2609 3505 ἐξέδωκεν
2629 3440 2840 3502 ἑαυτὸν,
2861 3440 3042 3492 οἴκαδε
3069 3439 3312 3508 δραμὼν,
3343 3440 3439 3491 καὶ
3465 3438 3728 3505 ἐξέφυγεν

2143 3532 2208 3584 ἂν
2243 3532 2341 3599 τὴν
2364 3532 2473 3584 τῶν
2510 3533 2779 3585 Ἰουδαίων
2814 3531 3034 3602 μανίαν,
3069 3532 3162 3584 καὶ
3199 3531 3296 3593 τὰς
3331 3530 3725 3601 λογοπρπγίαφ

2143 3622 2256 3678 ἀλλ’
2289 3625 2442 3677 οὐδὲν
2469 3625 2674 3678 τούτων
2707 3625 2870 3676 αὑτὸν
2904 3625 3160 3694 ἐποίησεν
3187 3624 3494 3692 ἀποστῆναι
3534 3621 3632 3675 τοῦ
3657 3624 3729 3673 is-

2145 3717 2238 3787 ροῦ
2261 3735 2273 3747 '
2307 3718 2443 3773 ἀλλὰ
2479 3720 2572 3771 καὶ
2601 3717 2740 3788 μετὰ
2791 3718 2852 3771 τὸ
2887 3716 3187 3785 ὲπιγνῶναι
3214 3717 3306 3767 τὸν
3344 3714 3580 3784 Ἰησοῦν,
3626 3715 3724 3783 ὅρα

2141 3811 2255 3874 πῶς
2284 3811 2446 3863 αὑτὸν
2486 3811 2845 3880 εὐγνωμόνως
2877 3808 3244 3879 ἁνακηρύττει
3276 3810 3389 3869 τοῖς
3426 3807 3723 3870 Ἰουδαίοις.

2140 3905 2215 3958 Οὑ
2247 3904 2354 3972 γὰρ
2404 3903 2572 3971 λέγει,
2621 3905 2704 3956 ὅτι
2736 3902 2944 3973 Ἰησοῦς
2984 3903 3130 3955 ἐστιν
3177 3901 3205 3952 ὁ
3249 3898 3420 3951 είπὼν
3473 3895 3607 3968 ἆραι
3641 3899 3724 3948 τὴν

2139 3995 2471 4064 κράδὸατον,
2510 3996 2645 4064 ὅπερ
2679 3997 2876 4047 ἐκεῖνοι
2904 3993 3094 4063 ἦθελον
3124 3992 3366 4052 ἀκούειν,
3395 3990 3512 4044 ἀλλ’
3550 3992 3577 4041 ὁ
3609 4007 3726 4041 ποι-

2138 4087 2275 4157 ήσας
2309 4087 2472 4140 αὑτὸν
2504 4087 2651 4155 ὑγιῆ,
2673 4088 2810 4156 ὅπερ
2838 4085 3059 4138 ἀκούειν
3080 4086 3178 4136 οὑκ
3203 4083 3501 4152 ἠνείχοντο,
3528 4081 3726 4150 £710.11-

2141 4198 2215 4250 μα
2253 4179 2568 4249 ποιούμενοι
2612 4180 2708 4248 τὴν
2759 4179 2854 4232 τοῦ
2887 4179 3167 4244 Σαὸὀὰτου
3203 4175 3538 4246 παράλυσιν.
3575 4175 3635 4226 Ei
3668 4176 3724 4227 δε

2151 4271 2391 4324 Ἰουδαῖοι
2439 4271 2663 4325 ἐδίωκον
2691 4271 2782 4324 τὸν
2828 4271 3052 4341 Κύριον,
3085 4270 3138 4322 τί
3165 4270 3317 4339 παρά
3347 4269 3510 4322 τοῦτο
3537 4269 3724 4338 ἥμαρ-

2137 4383 2228 4419 τεν
2261 4367 2288 4418 ὁ
2312 4363 2620 4435 ἄνθρωπος,
2659 4363 2945 4430 ὑποδείξας
2979 4362 3144 4417 αὑτὸν
3168 4362 3386 4427 αύτυίςς
3417 4361 3596 4423 Αὐτὸς
3630 4362 3725 4430 μὲν

459 4453 579 4522 Ipse
605 4455 749 4508 enim
776 4461 930 4522 grata
977 4461 1176 4516 mente,
1211 4462 1268 4507 ut
1296 4461 1351 4507 et
1403 4452 1539 4507 alios
1568 4452 1633 4505 ad
1666 4451 1826 4506 ﬁdem
1867 4461 2036 4504 attra-

2143 4458 2250 4527 γὰρ
2281 4458 2376 4510 ἀπ’
2410 4456 2748 4528 εὐγνώμονος
2787 4456 3046 4519 διανοίας,
3099 4455 3188 4508 ἵνα
3219 4455 3314 4507 καὶ
3357 4455 3488 4516 τοὺς
3531 4453 3724 4514 ἄλλους

463 4549 639 4613 heret,
700 4545 1028 4616 praadicabat
1062 4545 1433 4601 Servatorem.
1474 4545 1544 4599 At
1581 4559 1702 4599 cum
1736 4544 1810 4598 illi
1854 4559 2037 4614 perse-

457 4648 758 4708 querentur
827 4638 1253 4706 benefaetorem,
1330 4639 1573 4708 ipsorum
1628 4647 1750 4693 erat
1807 4639 2033 4693 crimen.

457 4732 628 4787 Porro
669 4746 764 4800 per
793 4732 1126 4801 probaticam
1171 4732 1437 4802 piscinam
1475 4733 1712 4804 intellige
1745 4732 2032 4802 baptisma,

459 4827 650 4895 inqu
689 4822 850 4880 Jesus
875 4825 1136 4879 Dominus
1186 4836 1391 4889 noster,
1431 4824 1550 4880 ovis
1605 4825 1696 4879 illa
1733 4841 1830 4892 pro
1882 4824 2037 4879 nobis

461 4918 760 4982 immolata,
791 4918 932 4973 lotus
966 4927 1049 4973 est
1093 4927 1143 4973 et
1185 4919 1490 4989 baptizatus
1516 4933 1614 4987 pro
1660 4918 1833 4972 nobis.
1867 4917 2038 4982 Quiu-

460 5026 566 5080 que
615 5021 795 5066 autem
846 5011 1087 5079 porticus
1136 5011 1297 5065 habet
1355 5011 1457 5065 ista
1508 5010 1736 5079 piscina.
1796 5011 2038 5077 Quatuor

459 5103 603 5157 enim
634 5102 884 5169 virtutes,
917 5113 970 5158 et
1000 5117 1102 5156 una
1135 5101 1576 5172 contemplati-va,
1624 5103 1677 5157 in
1713 5104 2038 5172 baptismate

461 5205 742 5262 apparent.
776 5193 947 5264 Igitur
973 5194 1210 5248 humana
1260 5206 1472 5260 natura,
1510 5196 1675 5249 veluti
1703 5195 2034 5265 paralyticos

461 5286 706 5353 quidam,
739 5287 893 5352 cujus
925 5303 1117 5342 omnes
1150 5287 1416 5342 animales
1439 5288 1666 5342 virtutes
1691 5288 1881 5342 morbo
1909 5303 2030 5342 cor-

457 5385 627 5444 repta:
683 5388 828 5440 sunt,
870 5376 1018 5444 jacet
1074 5378 1293 5447 triginta
1350 5387 1476 5432 octo
1534 5378 1691 5432 annis
1738 5389 2030 5448 aegretans.

461 5465 646 5535 Neque
683 5468 824 5519 enim
877 5479 1020 5521 recte
1063 5485 1121 5523 se
1171 5471 1403 5524 habebat
1456 5471 1508 5524 iu
1562 5471 1665 5525 (ide
1726 5469 2030 5534 Trinitatis,

463 5573 642 5629 neque
675 5565 925 5612 octavum
959 5562 1236 5627 sccculum,
1296 5563 1748 5618 resurrectionem
1801 5563 1944 5629 dico,
1981 5573 2035 5618 et

546 5741 590 5769 “
625 5739 638 5793 ί
676 5743 799 5796 αυτ.
841 5758 902 5807 ιι,
936 5741 1024 5796 3‘2.

1101 5744 1145 5774 ’τ
1177 5741 1216 5798 n
1247 5743 1375 5815 ιιρε.
1411 5745 1490 5800 is.

2139 4549 2507 4620 ἐφελκύσηται
2537 4549 2672 4619 πρὸς
2704 4549 2913 4614 πίστιν,
2932 4549 3197 4618 ἐκήρυττε
3222 4547 3314 4600 τὸν
3337 4545 3688 4617 θεραπευτὴν
3707 4561 3723 4573 ο

2138 4643 2187 4694 εί
2230 4641 2286 4694 δὲ
2333 4642 2531 4694 ἐκεῖνοι
2587 4641 2806 4694 ἐδίωκον
2845 4640 2936 4692 τὸν
2992 4640 3323 4710 εὐεργέτην,
3387 4638 3620 4690 ἐκείνων
3666 4635 3723 4687 τδ

2141 4734 2411 4802 ἔγκλημα.
2441 4734 2569 4786 Νόει
2592 4733 2648 4786 δέ
2676 4751 2764 4804 μοι
2799 4734 3144 4803 προδατικὴν
3173 4731 3597 4801 κολυμϐήθραν,
3627 4730 3721 4796 τὴν

2139 4825 2233 4878 τοῦ
2285 4825 2658 4895 βαπτίσματος
2688 4829 2868 4894 χάριν,
2913 4827 2969 4877 ὲν
3013 4819 3135 4895 ᾖτδ
3164 4823 3306 4893 ὑπὲρ
3348 4821 3510 4890 ἡμῶν
3565 4819 3721 4872 τυθὲν

2139 4917 2646 4990 πρόϐατονΊησοῦς
2687 4920 2715 4969 ὁ
2758 4917 2994 4988 Κύριος,
3041 4914 3248 4985 ὲπλὺθη
3305 4913 3720 4984 βαπισόμενος

2141 5014 2278 5084 ὑπὲρ
2301 5011 2478 5082 ἡμῶν.
2502 5011 2671 5063 Πέντε
2701 5009 2754 5062 δὲ
2782 5009 2938 5071 στοας
2963 5009 3074 5079 ἔχει
3100 5005 3240 5074 αὕτη
3269 5007 3302 5074 ἡ
3333 5003 3716 5073 κολυμϐήθρα.

2139 5107 2205 5158 Δί
2230 5103 2338 5173 γὰρ
2366 5105 2627 5172 τέσσαρες
2654 5103 2867 5174 ἀρεταὶ,
2899 5102 2992 5156 καὶ
3020 5103 3080 5151 τὸ
3102 5098 3438 5168 θεωρητικδν
3489 5096 3586 5148 καὶ
3639 5096 3721 5146 δε-

2140 5196 2431 5266 γματικδν,
2463 5192 2540 5262 τῷ
2563 5192 2897 5262 βαπτίσματι
2923 5189 3401 5260 συνεμφαίνονται.
3451 5187 3514 5238 Ἡ
3547 5186 3719 5236 τοίνυν

2141 5286 2456 5357 ἀνθρωπίνη
2489 5285 2671 5352 φύσις,
2703 5281 2791 5336 οίὰ
2813 5301 2892 5346 τις
2917 5283 3131 5353 παράλυ
3147 5298 3248 5344 ιος,
3277 5280 3462 5341 πάσας
3488 5277 3588 5339 τὰς
3619 5276 3719 5345 ψ)-

2143 5383 2300 5450 χικὰς
2327 5378 2588 5446 δυνάμεις
2616 5375 2938 5445 παρεθείσα,
2970 5375 3261 5427 κατέκειτο
3301 5372 3598 5440 τριάκοντα
3627 5365 3720 5418 καὶ

2143 5469 2420 5538 ὀκτὼ-ἔτη
2464 5467 2716 5519 νοσοῦσα.
2759 5465 2896 5518 Οῦτε
2945 5465 3055 5534 γὰρ
3091 5466 3148 5516 ὲν
3171 5465 3234 5533 τῇ
3277 5465 3356 5525 εἰς
3391 5459 3600 5531 Τριάδα
3633 5455 3719 5508 πί-

2143 5580 2256 5616 στει
2281 5561 2444 5626 ὑγιῶς
2479 5556 2644 5630 εἶχεν,
2675 5557 2796 5611 οῦτε
2823 5547 3006 5626 ξγδοον
3030 5556 3219 5619 αἰῶνα,
3249 5554 3549 5609 ἀνάστασιν
3580 5546 3720 5616 λέγω
