  <div class='ocr_page' id='page_1' title='image "/cluster/home/n/w/nwhite01/storage/ocr_20150623/123/hvd.32044019208198/642.png"; bbox 0 0 3960 6454; ppageno 0'>
   <div class='ocr_carea' id='block_1_1' title="bbox 229 492 358 559">
    <p class='ocr_par' dir='ltr' id='par_1_1' title="bbox 229 492 358 559">
     <span class='ocr_line' id='line_1_1' title="bbox 229 492 358 559; baseline -0.023 0"><span class='ocrx_word' id='word_1_1' title='bbox 229 492 358 559; x_wconf 76' lang='grc'>1265</span> 
     </span>
    </p>
   </div>
   <div class='ocr_carea' id='block_1_2' title="bbox 842 489 1791 564">
    <p class='ocr_par' dir='ltr' id='par_1_2' title="bbox 842 489 1784 564">
     <span class='ocr_line' id='line_1_2' title="bbox 842 489 1784 564; baseline 0.006 -10"><span class='ocrx_word' id='word_1_2' title='bbox 842 492 988 555; x_wconf 80' lang='lat' dir='ltr'><strong>ENA</strong></span> <span class='ocrx_word' id='word_1_3' title='bbox 998 489 1290 557; x_wconf 73' lang='grc' dir='ltr'><strong>ΗΒΑΤΙΟ</strong></span> <span class='ocrx_word' id='word_1_4' title='bbox 1318 497 1402 560; x_wconf 88' lang='grc' dir='ltr'><strong>ΙΝ</strong></span> <span class='ocrx_word' id='word_1_5' title='bbox 1435 498 1784 564; x_wconf 79' lang='lat' dir='ltr'><strong>EVANGEL</strong></span> 
     </span>
    </p>
   </div>
   <div class='ocr_carea' id='block_1_3' title="bbox 1892 489 2705 564">
    <p class='ocr_par' dir='ltr' id='par_1_3' title="bbox 1892 494 2705 560">
     <span class='ocr_line' id='line_1_3' title="bbox 1892 494 2705 560; baseline 0.001 -1"><span class='ocrx_word' id='word_1_6' title='bbox 1892 498 1934 559; x_wconf 74' lang='lat' dir='ltr'><strong>id</strong></span> <span class='ocrx_word' id='word_1_7' title='bbox 1968 494 2307 559; x_wconf 72' lang='lat' dir='ltr'><strong>JOANNIS.</strong></span> <span class='ocrx_word' id='word_1_8' title='bbox 2347 523 2414 534; x_wconf 91' lang='grc'><strong>·-</strong></span> <span class='ocrx_word' id='word_1_9' title='bbox 2444 499 2599 560; x_wconf 86' lang='lat' dir='ltr'><strong>CAP.</strong></span> <span class='ocrx_word' id='word_1_10' title='bbox 2638 501 2705 560; x_wconf 89' lang='lat' dir='ltr'><strong>V.</strong></span> 
     </span>
    </p>
   </div>
   <div class='ocr_carea' id='block_1_4' title="bbox 3315 499 3471 563">
    <p class='ocr_par' dir='ltr' id='par_1_4' title="bbox 3315 499 3471 563">
     <span class='ocr_line' id='line_1_4' title="bbox 3315 499 3471 563; baseline 0.006 -1"><span class='ocrx_word' id='word_1_11' title='bbox 3315 499 3471 563; x_wconf 65' lang='lat'><strong>1266’</strong></span> 
     </span>
    </p>
   </div>
   <div class='ocr_carea' id='block_1_5' title="bbox 223 604 1791 687">
    <p class='ocr_par' dir='ltr' id='par_1_5' title="bbox 223 604 1791 686">
     <span class='ocr_line' id='line_1_5' title="bbox 223 604 1791 686; baseline 0.003 -25"><span class='ocrx_word' id='word_1_12' title='bbox 223 611 316 666; x_wconf 71' lang='grc' dir='ltr'>καὶ</span> <span class='ocrx_word' id='word_1_13' title='bbox 343 604 520 678; x_wconf 88' lang='grc' dir='ltr'>κρίσιν</span> <span class='ocrx_word' id='word_1_14' title='bbox 538 606 644 659; x_wconf 81' lang='grc' dir='ltr'><strong>τῶν</strong></span> <span class='ocrx_word' id='word_1_15' title='bbox 675 606 1047 679; x_wconf 80' lang='grc' dir='ltr'>βεϐιωμένων,</span> <span class='ocrx_word' id='word_1_16' title='bbox 1082 610 1317 682; x_wconf 79' lang='grc' dir='ltr'>βεϐαίως</span> <span class='ocrx_word' id='word_1_17' title='bbox 1348 613 1603 669; x_wconf 80' lang='grc' dir='ltr'>ἐπίστευε</span> <span class='ocrx_word' id='word_1_18' title='bbox 1628 617 1791 686; x_wconf 86' lang='grc' dir='ltr'>γενή-</span> 
     </span>
    </p>
   </div>
   <div class='ocr_carea' id='block_1_6' title="bbox 1892 604 3479 687">
    <p class='ocr_par' dir='ltr' id='par_1_6' title="bbox 1892 612 3479 687">
     <span class='ocr_line' id='line_1_6' title="bbox 1892 612 3479 687; baseline 0.006 -21"><span class='ocrx_word' id='word_1_19' title='bbox 1892 612 2153 680; x_wconf 77' lang='lat' dir='ltr'><strong>indicium</strong></span> <span class='ocrx_word' id='word_1_20' title='bbox 2178 628 2401 685; x_wconf 88' lang='lat' dir='ltr'><strong>operum</strong></span> <span class='ocrx_word' id='word_1_21' title='bbox 2435 614 2597 687; x_wconf 81' lang='lat' dir='ltr'><strong>hujus</strong></span> <span class='ocrx_word' id='word_1_22' title='bbox 2618 615 2739 671; x_wconf 69' lang='lat' dir='ltr'><strong>vita:</strong></span> <span class='ocrx_word' id='word_1_23' title='bbox 2766 614 2992 674; x_wconf 88' lang='lat' dir='ltr'><strong>firmiter</strong></span> <span class='ocrx_word' id='word_1_24' title='bbox 3017 618 3271 676; x_wconf 86' lang='lat' dir='ltr'><strong>credebat</strong></span> <span class='ocrx_word' id='word_1_25' title='bbox 3305 618 3420 676; x_wconf 86' lang='lat' dir='ltr'><strong>fore</strong></span> <span class='ocrx_word' id='word_1_26' title='bbox 3435 639 3479 687; x_wconf 62' lang='grc' dir='ltr'><strong>ι,</strong></span> 
     </span>
    </p>
   </div>
   <div class='ocr_carea' id='block_1_7' title="bbox 225 699 1786 782">
    <p class='ocr_par' dir='ltr' id='par_1_7' title="bbox 225 699 1786 782">
     <span class='ocr_line' id='line_1_7' title="bbox 225 699 1786 782; baseline 0.004 -26"><span class='ocrx_word' id='word_1_27' title='bbox 225 703 426 757; x_wconf 66' lang='grc' dir='ltr'>(εσθαι.</span> <span class='ocrx_word' id='word_1_28' title='bbox 504 699 597 754; x_wconf 78' lang='grc' dir='ltr'>Διὸ</span> <span class='ocrx_word' id='word_1_29' title='bbox 627 701 720 754; x_wconf 66' lang='grc' dir='ltr'><strong>καλ⁸</strong></span> <span class='ocrx_word' id='word_1_30' title='bbox 750 702 845 772; x_wconf 83' lang='grc' dir='ltr'>οὐχ</span> <span class='ocrx_word' id='word_1_31' title='bbox 880 701 1102 771; x_wconf 76' lang='grc' dir='ltr'>εὕρισκε</span> <span class='ocrx_word' id='word_1_32' title='bbox 1148 704 1479 778; x_wconf 70' lang='grc' dir='ltr'>θεραπείαν·</span> <span class='ocrx_word' id='word_1_33' title='bbox 1509 707 1632 762; x_wconf 80' lang='grc' dir='ltr'>οὐδὲ</span> <span class='ocrx_word' id='word_1_34' title='bbox 1676 709 1786 782; x_wconf 86' lang='grc' dir='ltr'><strong>γὰρ</strong></span> 
     </span>
    </p>
   </div>
   <div class='ocr_carea' id='block_1_8' title="bbox 226 791 1790 872">
    <p class='ocr_par' dir='ltr' id='par_1_8' title="bbox 226 791 1790 872">
     <span class='ocr_line' id='line_1_8' title="bbox 226 791 1790 872; baseline 0.006 -27"><span class='ocrx_word' id='word_1_35' title='bbox 226 791 364 863; x_wconf 78' lang='grc' dir='ltr'>εἶχεν</span> <span class='ocrx_word' id='word_1_36' title='bbox 418 791 704 862; x_wconf 79' lang='grc' dir='ltr'>ἄνθρωπον</span> <span class='ocrx_word' id='word_1_37' title='bbox 750 793 842 847; x_wconf 74' lang='grc' dir='ltr'>τὸν</span> <span class='ocrx_word' id='word_1_38' title='bbox 871 794 1213 865; x_wconf 82' lang='grc' dir='ltr'>ἐμϐαλοῦντα</span> <span class='ocrx_word' id='word_1_39' title='bbox 1250 799 1329 862; x_wconf 87' lang='grc' dir='ltr'><strong>είς</strong></span> <span class='ocrx_word' id='word_1_40' title='bbox 1360 798 1460 870; x_wconf 83' lang='grc' dir='ltr'>τὴν</span> <span class='ocrx_word' id='word_1_41' title='bbox 1513 799 1790 872; x_wconf 85' lang='grc' dir='ltr'>κολυμϐή-</span> 
     </span>
    </p>
   </div>
   <div class='ocr_carea' id='block_1_9' title="bbox 226 883 1785 959">
    <p class='ocr_par' dir='ltr' id='par_1_9' title="bbox 226 883 1785 959">
     <span class='ocr_line' id='line_1_9' title="bbox 226 883 1785 959; baseline 0.005 -21"><span class='ocrx_word' id='word_1_42' title='bbox 226 888 369 959; x_wconf 72' lang='grc' dir='ltr'>θρχν,</span> <span class='ocrx_word' id='word_1_43' title='bbox 395 883 688 950; x_wconf 78' lang='grc' dir='ltr'><strong>τουτέστιν,</strong></span> <span class='ocrx_word' id='word_1_44' title='bbox 715 884 869 940; x_wconf 83' lang='grc' dir='ltr'>οῦπω</span> <span class='ocrx_word' id='word_1_45' title='bbox 900 888 1141 955; x_wconf 81' lang='grc' dir='ltr'>ἐγεγόνει</span> <span class='ocrx_word' id='word_1_46' title='bbox 1164 888 1450 959; x_wconf 80' lang='grc' dir='ltr'>ἄνθρωπος</span> <span class='ocrx_word' id='word_1_47' title='bbox 1480 893 1509 945; x_wconf 85' lang='grc' dir='ltr'><strong><em>ὁ</em></strong></span> <span class='ocrx_word' id='word_1_48' title='bbox 1537 891 1665 956; x_wconf 81' lang='grc' dir='ltr'>Υίδς</span> <span class='ocrx_word' id='word_1_49' title='bbox 1691 892 1785 946; x_wconf 88' lang='grc' dir='ltr'><strong>τοῦ</strong></span> 
     </span>
    </p>
   </div>
   <div class='ocr_carea' id='block_1_10' title="bbox 223 970 1781 1048">
    <p class='ocr_par' dir='ltr' id='par_1_10' title="bbox 223 970 1781 1048">
     <span class='ocr_line' id='line_1_10' title="bbox 223 970 1781 1048; baseline 0.008 -23"><span class='ocrx_word' id='word_1_50' title='bbox 223 974 373 1034; x_wconf 75' lang='grc' dir='ltr'>Θεοῦ.</span> <span class='ocrx_word' id='word_1_51' title='bbox 405 970 461 1035; x_wconf 82' lang='grc' dir='ltr'>ὃς</span> <span class='ocrx_word' id='word_1_52' title='bbox 492 972 684 1042; x_wconf 82' lang='grc' dir='ltr'>ἔμελλε</span> <span class='ocrx_word' id='word_1_53' title='bbox 705 973 792 1029; x_wconf 86' lang='grc' dir='ltr'><strong>διά</strong></span> <span class='ocrx_word' id='word_1_54' title='bbox 816 974 908 1029; x_wconf 89' lang='grc' dir='ltr'><strong>τοῦ</strong></span> <span class='ocrx_word' id='word_1_55' title='bbox 936 976 1311 1048; x_wconf 77' lang='grc' dir='ltr'><strong>βαπτίσματος</strong></span> <span class='ocrx_word' id='word_1_56' title='bbox 1345 980 1570 1047; x_wconf 83' lang='grc' dir='ltr'>ὑγιᾶσαι</span> <span class='ocrx_word' id='word_1_57' title='bbox 1595 982 1781 1038; x_wconf 84' lang='grc' dir='ltr'>αὐτόν.</span> 
     </span>
    </p>
   </div>
   <div class='ocr_carea' id='block_1_11' title="bbox 225 1065 1786 1145">
    <p class='ocr_par' dir='ltr' id='par_1_11' title="bbox 225 1065 1786 1145">
     <span class='ocr_line' id='line_1_11' title="bbox 225 1065 1786 1145; baseline 0.006 -25"><span class='ocrx_word' id='word_1_58' title='bbox 225 1070 348 1121; x_wconf 77' lang='grc' dir='ltr'>Ὅτε</span> <span class='ocrx_word' id='word_1_59' title='bbox 371 1065 427 1119; x_wconf 73' lang='grc' dir='ltr'><strong>δέ</strong></span> <span class='ocrx_word' id='word_1_60' title='bbox 457 1066 676 1135; x_wconf 88' lang='grc' dir='ltr'>γέγονεν</span> <span class='ocrx_word' id='word_1_61' title='bbox 709 1066 1012 1138; x_wconf 80' lang='grc' dir='ltr'>ἄνθρωπος,</span> <span class='ocrx_word' id='word_1_62' title='bbox 1046 1069 1169 1123; x_wconf 88' lang='grc' dir='ltr'>τότε</span> <span class='ocrx_word' id='word_1_63' title='bbox 1195 1070 1386 1139; x_wconf 81' lang='grc' dir='ltr'>ύγίασε</span> <span class='ocrx_word' id='word_1_64' title='bbox 1429 1074 1529 1143; x_wconf 84' lang='grc' dir='ltr'>μὲν</span> <span class='ocrx_word' id='word_1_65' title='bbox 1558 1074 1657 1145; x_wconf 82' lang='grc' dir='ltr'>τὴν</span> <span class='ocrx_word' id='word_1_66' title='bbox 1684 1075 1786 1145; x_wconf 74' lang='grc' dir='ltr'>ερύ-</span> 
     </span>
    </p>
   </div>
   <div class='ocr_carea' id='block_1_12' title="bbox 224 1156 1787 1236">
    <p class='ocr_par' dir='ltr' id='par_1_12' title="bbox 224 1156 1787 1236">
     <span class='ocr_line' id='line_1_12' title="bbox 224 1156 1787 1236; baseline 0.005 -24"><span class='ocrx_word' id='word_1_67' title='bbox 224 1177 305 1212; x_wconf 89' lang='grc' dir='ltr'><strong>σιν</strong></span> <span class='ocrx_word' id='word_1_68' title='bbox 330 1156 508 1227; x_wconf 77' lang='grc' dir='ltr'>ἡμῶν,</span> <span class='ocrx_word' id='word_1_69' title='bbox 540 1157 834 1228; x_wconf 81' lang='grc' dir='ltr'>προσέταξε</span> <span class='ocrx_word' id='word_1_70' title='bbox 865 1157 922 1212; x_wconf 82' lang='grc' dir='ltr'>δὲ</span> <span class='ocrx_word' id='word_1_71' title='bbox 945 1160 1040 1213; x_wconf 78' lang='grc' dir='ltr'>καὶ</span> <span class='ocrx_word' id='word_1_72' title='bbox 1076 1161 1136 1214; x_wconf 72' lang='grc' dir='ltr'><strong>τὸ</strong></span> <span class='ocrx_word' id='word_1_73' title='bbox 1160 1162 1415 1217; x_wconf 87' lang='grc' dir='ltr'>κλινίδιον</span> <span class='ocrx_word' id='word_1_74' title='bbox 1441 1159 1597 1236; x_wconf 77' lang='grc' dir='ltr'>ἆραι,</span> <span class='ocrx_word' id='word_1_75' title='bbox 1628 1184 1787 1220; x_wconf 86' lang='grc' dir='ltr'>τουτ-</span> 
     </span>
    </p>
   </div>
   <div class='ocr_carea' id='block_1_13' title="bbox 228 1248 1784 1330">
    <p class='ocr_par' dir='ltr' id='par_1_13' title="bbox 228 1248 1784 1330">
     <span class='ocr_line' id='line_1_13' title="bbox 228 1248 1784 1330; baseline 0.006 -26"><span class='ocrx_word' id='word_1_76' title='bbox 228 1251 362 1315; x_wconf 81' lang='grc' dir='ltr'>έστι,</span> <span class='ocrx_word' id='word_1_77' title='bbox 427 1248 616 1302; x_wconf 75' lang='grc' dir='ltr'>καὶτὸ</span> <span class='ocrx_word' id='word_1_78' title='bbox 668 1250 829 1321; x_wconf 82' lang='grc' dir='ltr'>σῶμα</span> <span class='ocrx_word' id='word_1_79' title='bbox 859 1251 1058 1322; x_wconf 87' lang='grc' dir='ltr'>κοῦφον</span> <span class='ocrx_word' id='word_1_80' title='bbox 1110 1255 1333 1324; x_wconf 81' lang='grc' dir='ltr'>ποιῆσαι</span> <span class='ocrx_word' id='word_1_81' title='bbox 1379 1256 1476 1311; x_wconf 70' lang='grc' dir='ltr'>καὶ</span> <span class='ocrx_word' id='word_1_82' title='bbox 1529 1260 1784 1330; x_wconf 77' lang='grc' dir='ltr'>ἐλαφρὸν,</span> 
     </span>
    </p>
   </div>
   <div class='ocr_carea' id='block_1_14' title="bbox 223 1338 1788 1421">
    <p class='ocr_par' dir='ltr' id='par_1_14' title="bbox 223 1338 1788 1421">
     <span class='ocr_line' id='line_1_14' title="bbox 223 1338 1788 1421; baseline 0.003 -23"><span class='ocrx_word' id='word_1_83' title='bbox 223 1345 314 1399; x_wconf 74' lang='grc' dir='ltr'><strong>καὶ</strong></span> <span class='ocrx_word' id='word_1_84' title='bbox 347 1338 478 1413; x_wconf 80' lang='grc' dir='ltr'>ἆραι</span> <span class='ocrx_word' id='word_1_85' title='bbox 516 1343 622 1396; x_wconf 84' lang='grc' dir='ltr'><strong>ἀπὸ</strong></span> <span class='ocrx_word' id='word_1_86' title='bbox 654 1345 752 1415; x_wconf 84' lang='grc' dir='ltr'>τῆς</span> <span class='ocrx_word' id='word_1_87' title='bbox 795 1344 919 1414; x_wconf 84' lang='grc' dir='ltr'>γῆς,</span> <span class='ocrx_word' id='word_1_88' title='bbox 956 1345 1031 1416; x_wconf 80' lang='grc' dir='ltr'>μὴ</span> <span class='ocrx_word' id='word_1_89' title='bbox 1082 1344 1450 1419; x_wconf 82' lang='grc' dir='ltr'><strong>βαρυνόμενον</strong></span> <span class='ocrx_word' id='word_1_90' title='bbox 1500 1349 1661 1421; x_wconf 74' lang='grc' dir='ltr'>σαρξὶ</span> <span class='ocrx_word' id='word_1_91' title='bbox 1691 1351 1788 1405; x_wconf 76' lang='grc' dir='ltr'>καὶ</span> 
     </span>
    </p>
   </div>
   <div class='ocr_carea' id='block_1_15' title="bbox 225 1432 1788 1511">
    <p class='ocr_par' dir='ltr' id='par_1_15' title="bbox 225 1432 1788 1511">
     <span class='ocr_line' id='line_1_15' title="bbox 225 1432 1788 1511; baseline 0.007 -27"><span class='ocrx_word' id='word_1_92' title='bbox 225 1432 511 1503; x_wconf 79' lang='grc' dir='ltr'><strong>μερίμναις</strong></span> <span class='ocrx_word' id='word_1_93' title='bbox 539 1435 776 1502; x_wconf 79' lang='grc' dir='ltr'>γηῖναις,</span> <span class='ocrx_word' id='word_1_94' title='bbox 800 1432 934 1490; x_wconf 84' lang='grc' dir='ltr'><strong>ἀλλὰ</strong></span> <span class='ocrx_word' id='word_1_95' title='bbox 952 1435 1054 1506; x_wconf 81' lang='grc' dir='ltr'>τῆς</span> <span class='ocrx_word' id='word_1_96' title='bbox 1081 1437 1216 1507; x_wconf 77' lang='grc' dir='ltr'>πρὸς</span> <span class='ocrx_word' id='word_1_97' title='bbox 1244 1438 1305 1492; x_wconf 87' lang='grc' dir='ltr'><strong>τδ</strong></span> <span class='ocrx_word' id='word_1_98' title='bbox 1331 1438 1494 1493; x_wconf 74' lang='grc' dir='ltr'>καλὸν</span> <span class='ocrx_word' id='word_1_99' title='bbox 1516 1439 1788 1511; x_wconf 74' lang='grc' dir='ltr'>ῥᾳθυμίας</span> 
     </span>
    </p>
   </div>
   <div class='ocr_carea' id='block_1_16' title="bbox 221 1525 1788 1604">
    <p class='ocr_par' dir='ltr' id='par_1_16' title="bbox 221 1525 1788 1604">
     <span class='ocr_line' id='line_1_16' title="bbox 221 1525 1788 1604; baseline 0.006 -26"><span class='ocrx_word' id='word_1_100' title='bbox 221 1525 603 1595; x_wconf 77' lang='grc' dir='ltr'>ἐξαναστῆσαι,</span> <span class='ocrx_word' id='word_1_101' title='bbox 627 1527 721 1581; x_wconf 71' lang='grc' dir='ltr'>καὶ</span> <span class='ocrx_word' id='word_1_102' title='bbox 751 1532 1092 1597; x_wconf 79' lang='grc' dir='ltr'><strong>περιπατεῖν,</strong></span> <span class='ocrx_word' id='word_1_103' title='bbox 1122 1530 1151 1585; x_wconf 82' lang='grc' dir='ltr'><strong>ὃ</strong></span> <span class='ocrx_word' id='word_1_104' title='bbox 1181 1531 1298 1584; x_wconf 82' lang='grc' dir='ltr'>ἐστι</span> <span class='ocrx_word' id='word_1_105' title='bbox 1331 1532 1603 1586; x_wconf 88' lang='grc' dir='ltr'>κινεῖσθαι</span> <span class='ocrx_word' id='word_1_106' title='bbox 1652 1533 1788 1604; x_wconf 72' lang='grc' dir='ltr'>πρὸς</span> 
     </span>
    </p>
   </div>
   <div class='ocr_carea' id='block_1_17' title="bbox 219 1614 1789 1695">
    <p class='ocr_par' dir='ltr' id='par_1_17' title="bbox 219 1614 1789 1695">
     <span class='ocr_line' id='line_1_17' title="bbox 219 1614 1789 1695; baseline 0.007 -26"><span class='ocrx_word' id='word_1_107' title='bbox 219 1617 315 1685; x_wconf 82' lang='grc' dir='ltr'>τὴν</span> <span class='ocrx_word' id='word_1_108' title='bbox 346 1614 438 1669; x_wconf 85' lang='grc' dir='ltr'><strong>τοῦ</strong></span> <span class='ocrx_word' id='word_1_109' title='bbox 463 1616 670 1685; x_wconf 82' lang='grc' dir='ltr'>ἀγαθοῦ</span> <span class='ocrx_word' id='word_1_110' title='bbox 695 1619 1066 1690; x_wconf 84' lang='grc' dir='ltr'>ἐργασίαν.Τὺ</span> <span class='ocrx_word' id='word_1_111' title='bbox 1089 1622 1145 1676; x_wconf 81' lang='grc' dir='ltr'>δὲ</span> <span class='ocrx_word' id='word_1_112' title='bbox 1165 1623 1533 1694; x_wconf 81' lang='grc' dir='ltr'><strong>ταράσσεσθαι</strong></span> <span class='ocrx_word' id='word_1_113' title='bbox 1554 1625 1615 1679; x_wconf 85' lang='grc' dir='ltr'>τὸ</span> <span class='ocrx_word' id='word_1_114' title='bbox 1644 1624 1789 1695; x_wconf 76' lang='grc' dir='ltr'>ὕδωρ</span> 
     </span>
    </p>
   </div>
   <div class='ocr_carea' id='block_1_18' title="bbox 220 1706 1790 1788">
    <p class='ocr_par' dir='ltr' id='par_1_18' title="bbox 220 1706 1790 1788">
     <span class='ocr_line' id='line_1_18' title="bbox 220 1706 1790 1788; baseline 0.007 -28"><span class='ocrx_word' id='word_1_115' title='bbox 220 1706 315 1773; x_wconf 79' lang='grc' dir='ltr'>τῆς</span> <span class='ocrx_word' id='word_1_116' title='bbox 372 1706 759 1779; x_wconf 83' lang='grc' dir='ltr'>κολυμϐήθρας</span> <span class='ocrx_word' id='word_1_117' title='bbox 790 1710 951 1764; x_wconf 87' lang='grc' dir='ltr'>τοῦτο</span> <span class='ocrx_word' id='word_1_118' title='bbox 994 1710 1165 1782; x_wconf 85' lang='grc' dir='ltr'>δηλοῖ,</span> <span class='ocrx_word' id='word_1_119' title='bbox 1194 1713 1254 1766; x_wconf 80' lang='grc' dir='ltr'>τὸ</span> <span class='ocrx_word' id='word_1_120' title='bbox 1288 1715 1346 1767; x_wconf 92' lang='grc' dir='ltr'><strong>ἐν</strong></span> <span class='ocrx_word' id='word_1_121' title='bbox 1376 1715 1513 1787; x_wconf 78' lang='grc' dir='ltr'>αὐτῇ</span> <span class='ocrx_word' id='word_1_122' title='bbox 1545 1716 1790 1788; x_wconf 83' lang='grc' dir='ltr'>θορυϐεῖ-</span> 
     </span>
    </p>
   </div>
   <div class='ocr_carea' id='block_1_19' title="bbox 222 1797 1790 1880">
    <p class='ocr_par' dir='ltr' id='par_1_19' title="bbox 222 1797 1790 1880">
     <span class='ocr_line' id='line_1_19' title="bbox 222 1797 1790 1880; baseline 0.01 -31"><span class='ocrx_word' id='word_1_123' title='bbox 222 1797 340 1852; x_wconf 89' lang='grc' dir='ltr'>σθαι</span> <span class='ocrx_word' id='word_1_124' title='bbox 371 1797 438 1851; x_wconf 84' lang='grc' dir='ltr'><strong>τὰ</strong></span> <span class='ocrx_word' id='word_1_125' title='bbox 483 1800 768 1871; x_wconf 88' lang='grc' dir='ltr'>πνεύματα</span> <span class='ocrx_word' id='word_1_126' title='bbox 800 1801 901 1873; x_wconf 83' lang='grc' dir='ltr'>τῆς</span> <span class='ocrx_word' id='word_1_127' title='bbox 938 1805 1222 1876; x_wconf 86' lang='grc' dir='ltr'>πονηρίας,</span> <span class='ocrx_word' id='word_1_128' title='bbox 1266 1808 1662 1880; x_wconf 74' lang='grc' dir='ltr'>συν-τριϐόμενα</span> <span class='ocrx_word' id='word_1_129' title='bbox 1696 1812 1790 1864; x_wconf 78' lang='grc' dir='ltr'>καὶ</span> 
     </span>
    </p>
   </div>
   <div class='ocr_carea' id='block_1_20' title="bbox 222 1892 1786 1973">
    <p class='ocr_par' dir='ltr' id='par_1_20' title="bbox 222 1892 1786 1973">
     <span class='ocr_line' id='line_1_20' title="bbox 222 1892 1786 1973; baseline 0.009 -32"><span class='ocrx_word' id='word_1_130' title='bbox 222 1892 633 1961; x_wconf 79' lang='grc' dir='ltr'>συμπνιγὸμενα</span> <span class='ocrx_word' id='word_1_131' title='bbox 677 1896 743 1966; x_wconf 79' lang='grc' dir='ltr'><strong>τῇ</strong></span> <span class='ocrx_word' id='word_1_132' title='bbox 770 1894 861 1948; x_wconf 90' lang='grc' dir='ltr'><strong>τοῦ</strong></span> <span class='ocrx_word' id='word_1_133' title='bbox 884 1896 1042 1964; x_wconf 83' lang='grc' dir='ltr'>ἁγίου</span> <span class='ocrx_word' id='word_1_134' title='bbox 1086 1897 1403 1969; x_wconf 86' lang='grc' dir='ltr'>Πνεύματος</span> <span class='ocrx_word' id='word_1_135' title='bbox 1432 1900 1638 1972; x_wconf 88' lang='grc' dir='ltr'>χάριτι.</span> <span class='ocrx_word' id='word_1_136' title='bbox 1690 1902 1786 1973; x_wconf 85' lang='grc' dir='ltr'><strong>Εῐη</strong></span> 
     </span>
    </p>
   </div>
   <div class='ocr_carea' id='block_1_21' title="bbox 1890 703 3450 765">
    <p class='ocr_par' dir='ltr' id='par_1_21' title="bbox 1890 703 3450 765">
     <span class='ocr_line' id='line_1_21' title="bbox 1890 703 3450 765; baseline 0.004 -7"><span class='ocrx_word' id='word_1_137' title='bbox 1890 704 2009 759; x_wconf 86' lang='lat' dir='ltr'><strong>ideo</strong></span> <span class='ocrx_word' id='word_1_138' title='bbox 2037 711 2091 759; x_wconf 90' lang='lat' dir='ltr'><strong>et</strong></span> <span class='ocrx_word' id='word_1_139' title='bbox 2124 703 2466 760; x_wconf 79' lang='lat' dir='ltr'><strong>noninvenit</strong></span> <span class='ocrx_word' id='word_1_140' title='bbox 2491 719 2701 760; x_wconf 84' lang='lat' dir='ltr'><strong>curam.</strong></span> <span class='ocrx_word' id='word_1_141' title='bbox 2731 704 2848 761; x_wconf 80' lang='lat' dir='ltr'><strong>Non</strong></span> <span class='ocrx_word' id='word_1_142' title='bbox 2894 707 3036 762; x_wconf 90' lang='lat' dir='ltr'><strong>enim</strong></span> <span class='ocrx_word' id='word_1_143' title='bbox 3077 708 3309 765; x_wconf 85' lang='lat' dir='ltr'><strong>habebat</strong></span> <span class='ocrx_word' id='word_1_144' title='bbox 3348 710 3450 765; x_wconf 88' lang='lat' dir='ltr'><strong>ho-</strong></span> 
     </span>
    </p>
   </div>
   <div class='ocr_carea' id='block_1_22' title="bbox 1890 797 3456 867">
    <p class='ocr_par' dir='ltr' id='par_1_22' title="bbox 1890 797 3456 867">
     <span class='ocr_line' id='line_1_22' title="bbox 1890 797 3456 867; baseline 0.004 -16"><span class='ocrx_word' id='word_1_145' title='bbox 1890 798 2088 852; x_wconf 83' lang='lat' dir='ltr'><strong>minem</strong></span> <span class='ocrx_word' id='word_1_146' title='bbox 2129 798 2220 867; x_wconf 88' lang='lat' dir='ltr'><strong>qui</strong></span> <span class='ocrx_word' id='word_1_147' title='bbox 2259 797 2479 852; x_wconf 86' lang='lat' dir='ltr'><strong>inferret</strong></span> <span class='ocrx_word' id='word_1_148' title='bbox 2509 797 2562 852; x_wconf 92' lang='lat' dir='ltr'><strong>in</strong></span> <span class='ocrx_word' id='word_1_149' title='bbox 2621 797 2907 867; x_wconf 85' lang='lat' dir='ltr'><strong>piscinam,</strong></span> <span class='ocrx_word' id='word_1_150' title='bbox 2944 799 3047 856; x_wconf 88' lang='lat' dir='ltr'><strong>hoc</strong></span> <span class='ocrx_word' id='word_1_151' title='bbox 3083 810 3184 867; x_wconf 88' lang='lat' dir='ltr'><strong>est,</strong></span> <span class='ocrx_word' id='word_1_152' title='bbox 3214 804 3456 858; x_wconf 87' lang='lat' dir='ltr'><strong>nondum</strong></span> 
     </span>
    </p>
   </div>
   <div class='ocr_carea' id='block_1_23' title="bbox 1888 889 3450 965">
    <p class='ocr_par' dir='ltr' id='par_1_23' title="bbox 1888 889 3450 965">
     <span class='ocr_line' id='line_1_23' title="bbox 1888 889 3450 965; baseline 0.001 -18"><span class='ocrx_word' id='word_1_153' title='bbox 1888 900 2005 947; x_wconf 85' lang='lat' dir='ltr'><strong>erat</strong></span> <span class='ocrx_word' id='word_1_154' title='bbox 2038 890 2211 945; x_wconf 86' lang='lat' dir='ltr'><strong>factus</strong></span> <span class='ocrx_word' id='word_1_155' title='bbox 2245 890 2405 945; x_wconf 89' lang='lat' dir='ltr'><strong>homo</strong></span> <span class='ocrx_word' id='word_1_156' title='bbox 2455 889 2626 946; x_wconf 79' lang='lat' dir='ltr'><strong>Filius</strong></span> <span class='ocrx_word' id='word_1_157' title='bbox 2682 890 2798 956; x_wconf 89' lang='lat' dir='ltr'><strong>Dei,</strong></span> <span class='ocrx_word' id='word_1_158' title='bbox 2829 892 2922 962; x_wconf 88' lang='lat' dir='ltr'><strong>qui</strong></span> <span class='ocrx_word' id='word_1_159' title='bbox 2977 908 3073 962; x_wconf 88' lang='lat' dir='ltr'><strong>per</strong></span> <span class='ocrx_word' id='word_1_160' title='bbox 3124 895 3450 965; x_wconf 77' lang='lat' dir='ltr'><strong>baptismum</strong></span> 
     </span>
    </p>
   </div>
   <div class='ocr_carea' id='block_1_24' title="bbox 1890 980 3451 1049">
    <p class='ocr_par' dir='ltr' id='par_1_24' title="bbox 1890 980 3451 1049">
     <span class='ocr_line' id='line_1_24' title="bbox 1890 980 3451 1049; baseline 0.002 -14"><span class='ocrx_word' id='word_1_161' title='bbox 1890 980 2040 1036; x_wconf 89' lang='lat' dir='ltr'><strong>illum</strong></span> <span class='ocrx_word' id='word_1_162' title='bbox 2081 989 2368 1036; x_wconf 81' lang='lat' dir='ltr'><strong>sanaturus</strong></span> <span class='ocrx_word' id='word_1_163' title='bbox 2420 991 2588 1037; x_wconf 89' lang='lat' dir='ltr'><strong>esset.</strong></span> <span class='ocrx_word' id='word_1_164' title='bbox 2630 981 2859 1049; x_wconf 84' lang='lat' dir='ltr'><strong>Quando</strong></span> <span class='ocrx_word' id='word_1_165' title='bbox 2902 992 3081 1040; x_wconf 85' lang='lat' dir='ltr'><strong>autem</strong></span> <span class='ocrx_word' id='word_1_166' title='bbox 3131 984 3306 1040; x_wconf 82' lang='lat' dir='ltr'><strong>factus</strong></span> <span class='ocrx_word' id='word_1_167' title='bbox 3366 992 3451 1041; x_wconf 88' lang='lat' dir='ltr'><strong>est</strong></span> 
     </span>
    </p>
   </div>
   <div class='ocr_carea' id='block_1_25' title="bbox 1888 1071 3453 1143">
    <p class='ocr_par' dir='ltr' id='par_1_25' title="bbox 1888 1071 3453 1143">
     <span class='ocr_line' id='line_1_25' title="bbox 1888 1071 3453 1143; baseline 0.002 -17"><span class='ocrx_word' id='word_1_168' title='bbox 1888 1071 2076 1137; x_wconf 87' lang='lat' dir='ltr'><strong>homo,</strong></span> <span class='ocrx_word' id='word_1_169' title='bbox 2141 1081 2271 1128; x_wconf 89' lang='lat' dir='ltr'><strong>tunc</strong></span> <span class='ocrx_word' id='word_1_170' title='bbox 2329 1073 2545 1126; x_wconf 81' lang='lat' dir='ltr'><strong>sanavit</strong></span> <span class='ocrx_word' id='word_1_171' title='bbox 2598 1072 2814 1143; x_wconf 88' lang='lat' dir='ltr'><strong>quidem</strong></span> <span class='ocrx_word' id='word_1_172' title='bbox 2863 1085 3111 1129; x_wconf 89' lang='lat' dir='ltr'><strong>naturam</strong></span> <span class='ocrx_word' id='word_1_173' title='bbox 3174 1086 3453 1131; x_wconf 85' lang='lat' dir='ltr'><strong>nostram:</strong></span> 
     </span>
    </p>
   </div>
   <div class='ocr_carea' id='block_1_26' title="bbox 1889 1162 3455 1237">
    <p class='ocr_par' dir='ltr' id='par_1_26' title="bbox 1889 1162 3455 1237">
     <span class='ocr_line' id='line_1_26' title="bbox 1889 1162 3455 1237; baseline 0.003 -20"><span class='ocrx_word' id='word_1_174' title='bbox 1889 1164 2147 1231; x_wconf 81' lang='lat' dir='ltr'><strong>praecepit</strong></span> <span class='ocrx_word' id='word_1_175' title='bbox 2180 1171 2356 1217; x_wconf 86' lang='lat' dir='ltr'><strong>autem</strong></span> <span class='ocrx_word' id='word_1_176' title='bbox 2392 1172 2445 1216; x_wconf 90' lang='lat' dir='ltr'><strong>et</strong></span> <span class='ocrx_word' id='word_1_177' title='bbox 2469 1162 2721 1218; x_wconf 79' lang='lat' dir='ltr'><strong>lectulum</strong></span> <span class='ocrx_word' id='word_1_178' title='bbox 2753 1162 2915 1233; x_wconf 85' lang='lat' dir='ltr'><strong>ferre,</strong></span> <span class='ocrx_word' id='word_1_179' title='bbox 2941 1168 3041 1221; x_wconf 92' lang='lat' dir='ltr'><strong>hoc</strong></span> <span class='ocrx_word' id='word_1_180' title='bbox 3057 1175 3161 1230; x_wconf 89' lang='lat' dir='ltr'><strong>est,</strong></span> <span class='ocrx_word' id='word_1_181' title='bbox 3183 1175 3236 1223; x_wconf 88' lang='lat' dir='ltr'><strong>et</strong></span> <span class='ocrx_word' id='word_1_182' title='bbox 3256 1181 3455 1237; x_wconf 88' lang='lat' dir='ltr'><strong>corpus</strong></span> 
     </span>
    </p>
   </div>
   <div class='ocr_carea' id='block_1_27' title="bbox 1888 1254 3461 1325">
    <p class='ocr_par' dir='ltr' id='par_1_27' title="bbox 1888 1254 3461 1325">
     <span class='ocr_line' id='line_1_27' title="bbox 1888 1254 3461 1325; baseline 0.004 -17"><span class='ocrx_word' id='word_1_183' title='bbox 1888 1255 2006 1309; x_wconf 83' lang='lat' dir='ltr'><strong>leve</strong></span> <span class='ocrx_word' id='word_1_184' title='bbox 2035 1254 2212 1311; x_wconf 81' lang='lat' dir='ltr'><strong>facere</strong></span> <span class='ocrx_word' id='word_1_185' title='bbox 2240 1262 2293 1310; x_wconf 91' lang='lat' dir='ltr'><strong>et</strong></span> <span class='ocrx_word' id='word_1_186' title='bbox 2338 1256 2668 1325; x_wconf 83' lang='lat' dir='ltr'><strong>expeditum,</strong></span> <span class='ocrx_word' id='word_1_187' title='bbox 2719 1266 2773 1310; x_wconf 84' lang='lat' dir='ltr'><strong>et</strong></span> <span class='ocrx_word' id='word_1_188' title='bbox 2827 1257 3111 1314; x_wconf 85' lang='lat' dir='ltr'><strong>sustollere</strong></span> <span class='ocrx_word' id='word_1_189' title='bbox 3137 1272 3166 1311; x_wconf 88' lang='lat' dir='ltr'><strong>a</strong></span> <span class='ocrx_word' id='word_1_190' title='bbox 3192 1266 3355 1323; x_wconf 84' lang='lat' dir='ltr'><strong>terra,</strong></span> <span class='ocrx_word' id='word_1_191' title='bbox 3386 1272 3461 1316; x_wconf 74' lang='lat' dir='ltr'><strong>ne</strong></span> 
     </span>
    </p>
   </div>
   <div class='ocr_carea' id='block_1_28' title="bbox 1891 1346 3452 1418">
    <p class='ocr_par' dir='ltr' id='par_1_28' title="bbox 1891 1346 3452 1418">
     <span class='ocr_line' id='line_1_28' title="bbox 1891 1346 3452 1418; baseline 0.003 -20"><span class='ocrx_word' id='word_1_192' title='bbox 1891 1354 2148 1417; x_wconf 80' lang='lat' dir='ltr'><strong>gravetur</strong></span> <span class='ocrx_word' id='word_1_193' title='bbox 2173 1346 2427 1400; x_wconf 87' lang='lat' dir='ltr'><strong>carnibus</strong></span> <span class='ocrx_word' id='word_1_194' title='bbox 2457 1355 2513 1401; x_wconf 88' lang='lat' dir='ltr'><strong>et</strong></span> <span class='ocrx_word' id='word_1_195' title='bbox 2543 1347 2774 1402; x_wconf 87' lang='lat' dir='ltr'><strong>terrenis</strong></span> <span class='ocrx_word' id='word_1_196' title='bbox 2825 1348 2992 1412; x_wconf 90' lang='lat' dir='ltr'><strong>curis,</strong></span> <span class='ocrx_word' id='word_1_197' title='bbox 3029 1347 3139 1403; x_wconf 89' lang='lat' dir='ltr'><strong>&#39;sed</strong></span> <span class='ocrx_word' id='word_1_198' title='bbox 3184 1356 3371 1418; x_wconf 79' lang='lat' dir='ltr'><strong>surgat</strong></span> <span class='ocrx_word' id='word_1_199' title='bbox 3422 1364 3452 1402; x_wconf 78' lang='grc' dir='ltr'><strong>ο</strong></span> 
     </span>
    </p>
   </div>
   <div class='ocr_carea' id='block_1_29' title="bbox 1892 1434 3461 1507">
    <p class='ocr_par' dir='ltr' id='par_1_29' title="bbox 1892 1434 3461 1507">
     <span class='ocr_line' id='line_1_29' title="bbox 1892 1434 3461 1507; baseline 0.004 -20"><span class='ocrx_word' id='word_1_200' title='bbox 1892 1434 2097 1489; x_wconf 79' lang='lat' dir='ltr'><strong>desidia</strong></span> <span class='ocrx_word' id='word_1_201' title='bbox 2126 1437 2193 1488; x_wconf 88' lang='lat' dir='ltr'><strong>ad</strong></span> <span class='ocrx_word' id='word_1_202' title='bbox 2214 1436 2435 1500; x_wconf 82' lang='lat' dir='ltr'><strong>bonum,</strong></span> <span class='ocrx_word' id='word_1_203' title='bbox 2460 1444 2514 1491; x_wconf 83' lang='lat' dir='ltr'><strong>et</strong></span> <span class='ocrx_word' id='word_1_204' title='bbox 2542 1435 2801 1503; x_wconf 84' lang='lat' dir='ltr'><strong>ambulet,</strong></span> <span class='ocrx_word' id='word_1_205' title='bbox 2828 1438 2970 1507; x_wconf 91' lang='lat' dir='ltr'><strong>quod</strong></span> <span class='ocrx_word' id='word_1_206' title='bbox 2993 1448 3076 1492; x_wconf 89' lang='lat' dir='ltr'><strong>est</strong></span> <span class='ocrx_word' id='word_1_207' title='bbox 3128 1439 3332 1493; x_wconf 79' lang='lat' dir='ltr'><strong>moveri</strong></span> <span class='ocrx_word' id='word_1_208' title='bbox 3386 1440 3461 1493; x_wconf 84' lang='lat' dir='ltr'><strong>ad</strong></span> 
     </span>
    </p>
   </div>
   <div class='ocr_carea' id='block_1_30' title="bbox 1889 1526 3458 1600">
    <p class='ocr_par' dir='ltr' id='par_1_30' title="bbox 1889 1526 3458 1600">
     <span class='ocr_line' id='line_1_30' title="bbox 1889 1526 3458 1600; baseline 0.004 -21"><span class='ocrx_word' id='word_1_209' title='bbox 1889 1528 2256 1596; x_wconf 84' lang='lat' dir='ltr'><strong>operationem</strong></span> <span class='ocrx_word' id='word_1_210' title='bbox 2301 1527 2452 1582; x_wconf 92' lang='lat' dir='ltr'><strong>boni.</strong></span> <span class='ocrx_word' id='word_1_211' title='bbox 2483 1526 2715 1583; x_wconf 83' lang='lat' dir='ltr'><strong>Turbari</strong></span> <span class='ocrx_word' id='word_1_212' title='bbox 2760 1540 2940 1585; x_wconf 87' lang='lat' dir='ltr'><strong>autem</strong></span> <span class='ocrx_word' id='word_1_213' title='bbox 2997 1544 3192 1600; x_wconf 87' lang='lat' dir='ltr'><strong>aquam</strong></span> <span class='ocrx_word' id='word_1_214' title='bbox 3235 1529 3458 1600; x_wconf 74' lang='lat' dir='ltr'><strong>piscina:</strong></span> 
     </span>
    </p>
   </div>
   <div class='ocr_carea' id='block_1_31' title="bbox 1891 1618 3456 1692">
    <p class='ocr_par' dir='ltr' id='par_1_31' title="bbox 1891 1618 3456 1692">
     <span class='ocr_line' id='line_1_31' title="bbox 1891 1618 3456 1692; baseline 0.003 -20"><span class='ocrx_word' id='word_1_215' title='bbox 1891 1618 2158 1689; x_wconf 83' lang='lat' dir='ltr'><strong>significat</strong></span> <span class='ocrx_word' id='word_1_216' title='bbox 2187 1618 2329 1690; x_wconf 87' lang='lat' dir='ltr'><strong>quod</strong></span> <span class='ocrx_word' id='word_1_217' title='bbox 2362 1621 2413 1673; x_wconf 93' lang='lat' dir='ltr'><strong>in</strong></span> <span class='ocrx_word' id='word_1_218' title='bbox 2445 1620 2560 1689; x_wconf 89' lang='lat' dir='ltr'><strong>ipsa</strong></span> <span class='ocrx_word' id='word_1_219' title='bbox 2594 1620 2882 1676; x_wconf 82' lang='lat' dir='ltr'><strong>turbentur</strong></span> <span class='ocrx_word' id='word_1_220' title='bbox 2937 1621 3160 1692; x_wconf 87' lang='lat' dir='ltr'><strong>spiritus</strong></span> <span class='ocrx_word' id='word_1_221' title='bbox 3213 1620 3456 1688; x_wconf 67' lang='lat' dir='ltr'><strong>malitiae,</strong></span> 
     </span>
    </p>
   </div>
   <div class='ocr_carea' id='block_1_32' title="bbox 1891 1710 3461 1784">
    <p class='ocr_par' dir='ltr' id='par_1_32' title="bbox 1891 1710 3461 1784">
     <span class='ocr_line' id='line_1_32' title="bbox 1891 1710 3461 1784; baseline 0.003 -19"><span class='ocrx_word' id='word_1_222' title='bbox 1891 1710 2113 1765; x_wconf 89' lang='lat' dir='ltr'><strong>contriti</strong></span> <span class='ocrx_word' id='word_1_223' title='bbox 2147 1720 2199 1765; x_wconf 91' lang='lat' dir='ltr'><strong>et</strong></span> <span class='ocrx_word' id='word_1_224' title='bbox 2230 1710 2472 1766; x_wconf 84' lang='lat' dir='ltr'><strong>suffocati</strong></span> <span class='ocrx_word' id='word_1_225' title='bbox 2504 1712 2674 1782; x_wconf 81' lang='lat' dir='ltr'><strong>gratia</strong></span> <span class='ocrx_word' id='word_1_226' title='bbox 2700 1711 2976 1784; x_wconf 70' lang='lat' dir='ltr'><strong>jSpiritus.</strong></span> <span class='ocrx_word' id='word_1_227' title='bbox 3010 1712 3226 1769; x_wconf 89' lang='lat' dir='ltr'><strong>Utinam</strong></span> <span class='ocrx_word' id='word_1_228' title='bbox 3261 1723 3315 1768; x_wconf 88' lang='lat' dir='ltr'><strong>et</strong></span> <span class='ocrx_word' id='word_1_229' title='bbox 3358 1728 3461 1769; x_wconf 86' lang='lat' dir='ltr'><strong>nos</strong></span> 
     </span>
    </p>
   </div>
   <div class='ocr_carea' id='block_1_33' title="bbox 1892 1788 3458 1874">
    <p class='ocr_par' dir='ltr' id='par_1_33' title="bbox 1892 1788 3458 1874">
     <span class='ocr_line' id='line_1_33' title="bbox 1892 1788 3458 1874; baseline 0.002 -18"><span class='ocrx_word' id='word_1_230' title='bbox 1892 1788 2248 1874; x_wconf 76' lang='lat' dir='ltr'><strong>assequamur</strong></span> <span class='ocrx_word' id='word_1_231' title='bbox 2276 1804 2589 1869; x_wconf 89' lang='lat' dir='ltr'><strong>sanitatem,</strong></span> <span class='ocrx_word' id='word_1_232' title='bbox 2615 1805 2706 1874; x_wconf 85' lang='lat' dir='ltr'><strong>qui</strong></span> <span class='ocrx_word' id='word_1_233' title='bbox 2754 1805 3000 1860; x_wconf 86' lang='lat' dir='ltr'><strong>dissoluti</strong></span> <span class='ocrx_word' id='word_1_234' title='bbox 3034 1821 3240 1872; x_wconf 89' lang='lat' dir='ltr'><strong>sumus,</strong></span> <span class='ocrx_word' id='word_1_235' title='bbox 3273 1814 3329 1861; x_wconf 91' lang='lat' dir='ltr'><strong>et</strong></span> <span class='ocrx_word' id='word_1_236' title='bbox 3390 1805 3458 1859; x_wconf 90' lang='lat' dir='ltr'><strong>ad</strong></span> 
     </span>
    </p>
   </div>
   <div class='ocr_carea' id='block_1_34' title="bbox 1893 1894 3459 1968">
    <p class='ocr_par' dir='ltr' id='par_1_34' title="bbox 1893 1894 3459 1968">
     <span class='ocr_line' id='line_1_34' title="bbox 1893 1894 3459 1968; baseline 0.004 -20"><span class='ocrx_word' id='word_1_237' title='bbox 1893 1910 2054 1950; x_wconf 85' lang='lat' dir='ltr'><strong>omne</strong></span> <span class='ocrx_word' id='word_1_238' title='bbox 2079 1909 2215 1963; x_wconf 83' lang='lat' dir='ltr'><strong>opus</strong></span> <span class='ocrx_word' id='word_1_239' title='bbox 2270 1894 2465 1950; x_wconf 90' lang='lat' dir='ltr'><strong>bonum</strong></span> <span class='ocrx_word' id='word_1_240' title='bbox 2496 1896 2818 1961; x_wconf 88' lang='lat' dir='ltr'><strong>immobiles,</strong></span> <span class='ocrx_word' id='word_1_241' title='bbox 2856 1912 3032 1968; x_wconf 82' lang='lat' dir='ltr'><strong>neque</strong></span> <span class='ocrx_word' id='word_1_242' title='bbox 3069 1898 3329 1954; x_wconf 85' lang='lat' dir='ltr'><strong>habemus</strong></span> <span class='ocrx_word' id='word_1_243' title='bbox 3358 1899 3459 1955; x_wconf 90' lang='lat' dir='ltr'><strong>ho-</strong></span> 
     </span>
    </p>
   </div>
   <div class='ocr_carea' id='block_1_35' title="bbox 220 1978 1791 2064">
    <p class='ocr_par' dir='ltr' id='par_1_35' title="bbox 220 1982 1791 2064">
     <span class='ocr_line' id='line_1_35' title="bbox 220 1982 1791 2064; baseline 0.008 -29"><span class='ocrx_word' id='word_1_244' title='bbox 220 1982 275 2035; x_wconf 79' lang='grc' dir='ltr'>δὲ</span> <span class='ocrx_word' id='word_1_245' title='bbox 305 1984 396 2037; x_wconf 73' lang='grc' dir='ltr'>καὶ</span> <span class='ocrx_word' id='word_1_246' title='bbox 424 1986 574 2054; x_wconf 80' lang='grc' dir='ltr'>ἡμᾶς</span> <span class='ocrx_word' id='word_1_247' title='bbox 599 1988 874 2058; x_wconf 78' lang='grc' dir='ltr'>ἐπιτυχεῖν</span> <span class='ocrx_word' id='word_1_248' title='bbox 902 1989 1000 2060; x_wconf 80' lang='grc' dir='ltr'>τῆς</span> <span class='ocrx_word' id='word_1_249' title='bbox 1030 1991 1237 2059; x_wconf 81' lang='grc' dir='ltr'>ὑγείας,</span> <span class='ocrx_word' id='word_1_250' title='bbox 1268 1993 1394 2055; x_wconf 80' lang='grc' dir='ltr'>τοὺς</span> <span class='ocrx_word' id='word_1_251' title='bbox 1421 1994 1791 2064; x_wconf 81' lang='grc' dir='ltr'>παρειμένους</span> 
     </span>
    </p>
   </div>
   <div class='ocr_carea' id='block_1_36' title="bbox 1892 1978 3461 2064">
    <p class='ocr_par' dir='ltr' id='par_1_36' title="bbox 1893 1986 3461 2061">
     <span class='ocr_line' id='line_1_36' title="bbox 1893 1986 3461 2061; baseline 0.003 -21"><span class='ocrx_word' id='word_1_252' title='bbox 1893 1986 2110 2053; x_wconf 88' lang='lat' dir='ltr'><strong>minem,</strong></span> <span class='ocrx_word' id='word_1_253' title='bbox 2144 1987 2245 2042; x_wconf 90' lang='lat' dir='ltr'><strong>hoc</strong></span> <span class='ocrx_word' id='word_1_254' title='bbox 2283 1996 2384 2053; x_wconf 86' lang='lat' dir='ltr'><strong>est,</strong></span> <span class='ocrx_word' id='word_1_255' title='bbox 2411 1989 2703 2043; x_wconf 86' lang='lat' dir='ltr'><strong>humanam</strong></span> <span class='ocrx_word' id='word_1_256' title='bbox 2755 1989 3044 2055; x_wconf 88' lang='lat' dir='ltr'><strong>rationem,</strong></span> <span class='ocrx_word' id='word_1_257' title='bbox 3074 1999 3264 2061; x_wconf 87' lang='lat' dir='ltr'><strong>utpote</strong></span> <span class='ocrx_word' id='word_1_258' title='bbox 3309 2006 3461 2046; x_wconf 88' lang='lat' dir='ltr'><strong>com-</strong></span> 
     </span>
    </p>
   </div>
   <div class='ocr_carea' id='block_1_37' title="bbox 224 2075 1791 2158">
    <p class='ocr_par' dir='ltr' id='par_1_37' title="bbox 224 2075 1791 2158">
     <span class='ocr_line' id='line_1_37' title="bbox 224 2075 1791 2158; baseline 0.008 -30"><span class='ocrx_word' id='word_1_259' title='bbox 224 2075 346 2143; x_wconf 81' lang='grc' dir='ltr'>μὲν,</span> <span class='ocrx_word' id='word_1_260' title='bbox 378 2078 472 2129; x_wconf 73' lang='grc' dir='ltr'>καὶ</span> <span class='ocrx_word' id='word_1_261' title='bbox 500 2079 659 2149; x_wconf 79' lang='grc' dir='ltr'>’πρὸς</span> <span class='ocrx_word' id='word_1_262' title='bbox 691 2081 797 2134; x_wconf 82' lang='grc' dir='ltr'><strong>πᾶν</strong></span> <span class='ocrx_word' id='word_1_263' title='bbox 828 2079 989 2152; x_wconf 79' lang='grc' dir='ltr'>ἔργον</span> <span class='ocrx_word' id='word_1_264' title='bbox 1036 2083 1239 2151; x_wconf 78' lang='grc' dir='ltr'>ἀγαθὸν</span> <span class='ocrx_word' id='word_1_265' title='bbox 1269 2084 1680 2156; x_wconf 80' lang='grc' dir='ltr'>άκινητοῦντας,</span> <span class='ocrx_word' id='word_1_266' title='bbox 1715 2085 1791 2158; x_wconf 79' lang='grc' dir='ltr'>μὴ</span> 
     </span>
    </p>
   </div>
   <div class='ocr_carea' id='block_1_38' title="bbox 220 2165 1794 2247">
    <p class='ocr_par' dir='ltr' id='par_1_38' title="bbox 220 2165 1794 2247">
     <span class='ocr_line' id='line_1_38' title="bbox 220 2165 1794 2247; baseline 0.009 -29"><span class='ocrx_word' id='word_1_267' title='bbox 220 2165 443 2237; x_wconf 73' lang='grc' dir='ltr'>ἔχοντας</span> <span class='ocrx_word' id='word_1_268' title='bbox 471 2170 525 2222; x_wconf 87' lang='grc' dir='ltr'>δὲ</span> <span class='ocrx_word' id='word_1_269' title='bbox 556 2170 863 2239; x_wconf 75' lang='grc' dir='ltr'>ἄνθρωπον,</span> <span class='ocrx_word' id='word_1_270' title='bbox 918 2174 1220 2243; x_wconf 81' lang='grc' dir='ltr'>τουτέστιν,</span> <span class='ocrx_word' id='word_1_271' title='bbox 1274 2175 1617 2247; x_wconf 77' lang='grc' dir='ltr'>ἀνθρώπινον</span> <span class='ocrx_word' id='word_1_272' title='bbox 1646 2178 1794 2246; x_wconf 77' lang='grc' dir='ltr'>λογιρ</span> 
     </span>
    </p>
   </div>
   <div class='ocr_carea' id='block_1_39' title="bbox 220 2257 1791 2341">
    <p class='ocr_par' dir='ltr' id='par_1_39' title="bbox 220 2257 1791 2341">
     <span class='ocr_line' id='line_1_39' title="bbox 220 2257 1791 2341; baseline 0.008 -28"><span class='ocrx_word' id='word_1_273' title='bbox 220 2261 392 2329; x_wconf 75' lang='grc' dir='ltr'>σμὺν,</span> <span class='ocrx_word' id='word_1_274' title='bbox 453 2257 541 2315; x_wconf 74' lang='grc' dir='ltr'><strong>οἷα</strong></span> <span class='ocrx_word' id='word_1_275' title='bbox 597 2264 1163 2336; x_wconf 83' lang='grc' dir='ltr'>παρασυμϐληθέντας</span> <span class='ocrx_word' id='word_1_276' title='bbox 1213 2269 1325 2333; x_wconf 79' lang='grc' dir='ltr'>τοῖς</span> <span class='ocrx_word' id='word_1_277' title='bbox 1375 2272 1629 2341; x_wconf 84' lang='grc' dir='ltr'>κτήνεσιν</span> <span class='ocrx_word' id='word_1_278' title='bbox 1678 2273 1791 2335; x_wconf 75' lang='grc' dir='ltr'>τοῖς</span> 
     </span>
    </p>
   </div>
   <div class='ocr_carea' id='block_1_40' title="bbox 220 2352 1791 2433">
    <p class='ocr_par' dir='ltr' id='par_1_40' title="bbox 220 2352 1791 2433">
     <span class='ocr_line' id='line_1_40' title="bbox 220 2352 1791 2433; baseline 0.013 -30"><span class='ocrx_word' id='word_1_279' title='bbox 220 2352 487 2423; x_wconf 78' lang='grc' dir='ltr'>ἀνοήτοις,</span> <span class='ocrx_word' id='word_1_280' title='bbox 519 2353 606 2407; x_wconf 81' lang='grc' dir='ltr'>ἵνα</span> <span class='ocrx_word' id='word_1_281' title='bbox 638 2354 804 2427; x_wconf 82' lang='grc' dir='ltr'>βάλλῃ</span> <span class='ocrx_word' id='word_1_282' title='bbox 838 2358 987 2428; x_wconf 78' lang='grc' dir='ltr'>ἡμᾶς</span> <span class='ocrx_word' id='word_1_283' title='bbox 1029 2360 1109 2422; x_wconf 79' lang='grc' dir='ltr'><strong>είς</strong></span> <span class='ocrx_word' id='word_1_284' title='bbox 1138 2359 1235 2431; x_wconf 78' lang='grc' dir='ltr'>τὴν</span> <span class='ocrx_word' id='word_1_285' title='bbox 1260 2361 1368 2413; x_wconf 83' lang='grc' dir='ltr'>τῶν</span> <span class='ocrx_word' id='word_1_286' title='bbox 1397 2360 1650 2432; x_wconf 80' lang='grc' dir='ltr'>δακρύων</span> <span class='ocrx_word' id='word_1_287' title='bbox 1693 2363 1791 2433; x_wconf 83' lang='grc' dir='ltr'><strong>τῆς</strong></span> 
     </span>
    </p>
   </div>
   <div class='ocr_carea' id='block_1_41' title="bbox 222 2445 1792 2523">
    <p class='ocr_par' dir='ltr' id='par_1_41' title="bbox 222 2445 1792 2523">
     <span class='ocr_line' id='line_1_41' title="bbox 222 2445 1792 2523; baseline 0.008 -28"><span class='ocrx_word' id='word_1_288' title='bbox 222 2445 509 2512; x_wconf 83' lang='grc' dir='ltr'>μετανοίας</span> <span class='ocrx_word' id='word_1_289' title='bbox 564 2445 990 2520; x_wconf 89' lang='grc' dir='ltr'>κολυμϐήθραν,</span> <span class='ocrx_word' id='word_1_290' title='bbox 1055 2451 1134 2515; x_wconf 82' lang='grc' dir='ltr'><strong>είς</strong></span> <span class='ocrx_word' id='word_1_291' title='bbox 1167 2450 1234 2523; x_wconf 76' lang='grc' dir='ltr'>ἢν</span> <span class='ocrx_word' id='word_1_292' title='bbox 1280 2453 1308 2506; x_wconf 84' lang='grc' dir='ltr'>ὁ</span> <span class='ocrx_word' id='word_1_293' title='bbox 1360 2451 1574 2522; x_wconf 87' lang='grc' dir='ltr'>πρῶτος</span> <span class='ocrx_word' id='word_1_294' title='bbox 1614 2452 1792 2523; x_wconf 83' lang='grc' dir='ltr'>ἐμϐὰς</span> 
     </span>
    </p>
   </div>
   <div class='ocr_carea' id='block_1_42' title="bbox 218 2532 1794 2615">
    <p class='ocr_par' dir='ltr' id='par_1_42' title="bbox 218 2532 1794 2615">
     <span class='ocr_line' id='line_1_42' title="bbox 218 2532 1794 2615; baseline 0.008 -29"><span class='ocrx_word' id='word_1_295' title='bbox 218 2532 606 2604; x_wconf 85' lang='grc' dir='ltr'>θεραπεύεται.</span> <span class='ocrx_word' id='word_1_296' title='bbox 631 2537 690 2590; x_wconf 84' lang='lat'><strong>&#39;0</strong></span> <span class='ocrx_word' id='word_1_297' title='bbox 716 2538 823 2608; x_wconf 78' lang='grc' dir='ltr'><strong>γὰρ</strong></span> <span class='ocrx_word' id='word_1_298' title='bbox 858 2540 938 2603; x_wconf 81' lang='grc' dir='ltr'><strong>είς</strong></span> <span class='ocrx_word' id='word_1_299' title='bbox 962 2541 1089 2603; x_wconf 76' lang='grc' dir='ltr'>τοὺς</span> <span class='ocrx_word' id='word_1_300' title='bbox 1121 2541 1380 2613; x_wconf 78' lang='grc' dir='ltr'>ὑστέρους</span> <span class='ocrx_word' id='word_1_301' title='bbox 1406 2544 1632 2615; x_wconf 81' lang='grc' dir='ltr'>καιροὺς</span> <span class='ocrx_word' id='word_1_302' title='bbox 1660 2546 1794 2599; x_wconf 77' lang='grc' dir='ltr'>ἀνα-</span> 
     </span>
    </p>
   </div>
   <div class='ocr_carea' id='block_1_43' title="bbox 220 2618 1792 2707">
    <p class='ocr_par' dir='ltr' id='par_1_43' title="bbox 220 2618 1792 2707">
     <span class='ocr_line' id='line_1_43' title="bbox 220 2618 1792 2707; baseline 0.011 -33"><span class='ocrx_word' id='word_1_303' title='bbox 220 2623 568 2693; x_wconf 79' lang='grc' dir='ltr'>ϐαλλόμενος,</span> <span class='ocrx_word' id='word_1_304' title='bbox 598 2618 692 2679; x_wconf 73' lang='grc' dir='ltr'><strong>καῖ</strong></span> <span class='ocrx_word' id='word_1_305' title='bbox 724 2628 1039 2700; x_wconf 79' lang='grc' dir='ltr'>ὑπερτιθεὶς</span> <span class='ocrx_word' id='word_1_306' title='bbox 1066 2632 1166 2703; x_wconf 79' lang='grc' dir='ltr'>τὴν</span> <span class='ocrx_word' id='word_1_307' title='bbox 1223 2634 1536 2703; x_wconf 87' lang='grc' dir='ltr'>μετάνοιαν,</span> <span class='ocrx_word' id='word_1_308' title='bbox 1569 2636 1663 2690; x_wconf 78' lang='grc' dir='ltr'>καὶ</span> <span class='ocrx_word' id='word_1_309' title='bbox 1717 2635 1792 2707; x_wconf 78' lang='grc' dir='ltr'>μὴ</span> 
     </span>
    </p>
   </div>
   <div class='ocr_carea' id='block_1_44' title="bbox 221 2715 1790 2797">
    <p class='ocr_par' dir='ltr' id='par_1_44' title="bbox 221 2715 1790 2797">
     <span class='ocr_line' id='line_1_44' title="bbox 221 2715 1790 2797; baseline 0.01 -31"><span class='ocrx_word' id='word_1_310' title='bbox 221 2715 469 2769; x_wconf 69' lang='grc' dir='ltr'>σπεύδων</span> <span class='ocrx_word' id='word_1_311' title='bbox 525 2718 757 2772; x_wconf 87' lang='grc' dir='ltr'>ἐνταῦθα</span> <span class='ocrx_word' id='word_1_312' title='bbox 823 2724 1190 2793; x_wconf 75' lang='grc' dir='ltr'>μετανοῆσαι,</span> <span class='ocrx_word' id='word_1_313' title='bbox 1237 2724 1354 2779; x_wconf 79' lang='grc' dir='ltr'>ἀλλ’</span> <span class='ocrx_word' id='word_1_314' title='bbox 1411 2726 1675 2797; x_wconf 79' lang='grc' dir='ltr'>ὑστερῶν,</span> <span class='ocrx_word' id='word_1_315' title='bbox 1731 2728 1790 2782; x_wconf 87' lang='grc' dir='ltr'><strong>ού</strong></span> 
     </span>
    </p>
   </div>
   <div class='ocr_carea' id='block_1_45' title="bbox 218 2809 1795 2891">
    <p class='ocr_par' dir='ltr' id='par_1_45' title="bbox 218 2809 1795 2891">
     <span class='ocr_line' id='line_1_45' title="bbox 218 2809 1795 2891; baseline 0.011 -33"><span class='ocrx_word' id='word_1_316' title='bbox 218 2809 474 2880; x_wconf 79' lang='grc' dir='ltr'>τυγχάνει</span> <span class='ocrx_word' id='word_1_317' title='bbox 505 2809 606 2881; x_wconf 77' lang='grc' dir='ltr'>τῆς</span> <span class='ocrx_word' id='word_1_318' title='bbox 643 2811 858 2875; x_wconf 72' lang='grc' dir='ltr'>ἰάσεως.</span> <span class='ocrx_word' id='word_1_319' title='bbox 892 2815 1113 2888; x_wconf 84' lang='grc' dir='ltr'>Πρῶτος</span> <span class='ocrx_word' id='word_1_320' title='bbox 1145 2811 1241 2871; x_wconf 80' lang='grc' dir='ltr'><strong>οῦν</strong></span> <span class='ocrx_word' id='word_1_321' title='bbox 1279 2818 1582 2874; x_wconf 84' lang='grc' dir='ltr'>σπούδασον</span> <span class='ocrx_word' id='word_1_322' title='bbox 1618 2821 1795 2891; x_wconf 80' lang='grc' dir='ltr'>ἐμϐῆ-</span> 
     </span>
    </p>
   </div>
   <div class='ocr_carea' id='block_1_46' title="bbox 219 2900 1793 2986">
    <p class='ocr_par' dir='ltr' id='par_1_46' title="bbox 219 2900 1793 2986">
     <span class='ocr_line' id='line_1_46' title="bbox 219 2900 1793 2986; baseline 0.01 -34"><span class='ocrx_word' id='word_1_323' title='bbox 219 2916 326 2963; x_wconf 81' lang='grc' dir='ltr'>ναι,</span> <span class='ocrx_word' id='word_1_324' title='bbox 355 2900 443 2953; x_wconf 76' lang='grc' dir='ltr'>ἵνα</span> <span class='ocrx_word' id='word_1_325' title='bbox 500 2902 573 2974; x_wconf 85' lang='grc' dir='ltr'><strong>μή</strong></span> <span class='ocrx_word' id='word_1_326' title='bbox 607 2920 666 2956; x_wconf 91' lang='grc' dir='ltr'><strong>σε</strong></span> <span class='ocrx_word' id='word_1_327' title='bbox 699 2905 949 2978; x_wconf 81' lang='grc' dir='ltr'>προλάϐῃ</span> <span class='ocrx_word' id='word_1_328' title='bbox 986 2908 1014 2961; x_wconf 84' lang='grc' dir='ltr'>ὁ</span> <span class='ocrx_word' id='word_1_329' title='bbox 1044 2907 1293 2973; x_wconf 80' lang='grc' dir='ltr'>θάνατος.</span> <span class='ocrx_word' id='word_1_330' title='bbox 1348 2910 1564 2983; x_wconf 81' lang='grc' dir='ltr'>Ταύτην</span> <span class='ocrx_word' id='word_1_331' title='bbox 1605 2912 1663 2967; x_wconf 79' lang='grc' dir='ltr'>δὲ</span> <span class='ocrx_word' id='word_1_332' title='bbox 1691 2912 1793 2986; x_wconf 84' lang='grc' dir='ltr'><strong>τὴν</strong></span> 
     </span>
    </p>
   </div>
   <div class='ocr_carea' id='block_1_47' title="bbox 220 2986 1790 3076">
    <p class='ocr_par' dir='ltr' id='par_1_47' title="bbox 220 2986 1790 3076">
     <span class='ocr_line' id='line_1_47' title="bbox 220 2986 1790 3076; baseline 0.012 -36"><span class='ocrx_word' id='word_1_333' title='bbox 220 2986 607 3059; x_wconf 86' lang='grc' dir='ltr'>κολυμϐήθραν</span> <span class='ocrx_word' id='word_1_334' title='bbox 678 2992 776 3063; x_wconf 83' lang='grc' dir='ltr'>τῆς</span> <span class='ocrx_word' id='word_1_335' title='bbox 847 2996 1132 3063; x_wconf 81' lang='grc' dir='ltr'>μετανοίας</span> <span class='ocrx_word' id='word_1_336' title='bbox 1196 2998 1427 3069; x_wconf 75' lang='grc' dir='ltr'>ἅγγελος</span> <span class='ocrx_word' id='word_1_337' title='bbox 1504 3004 1790 3076; x_wconf 80' lang='grc' dir='ltr'>ταράσσει.</span> 
     </span>
    </p>
   </div>
   <div class='ocr_carea' id='block_1_48' title="bbox 222 3077 1795 3168">
    <p class='ocr_par' dir='ltr' id='par_1_48' title="bbox 222 3077 1795 3168">
     <span class='ocr_line' id='line_1_48' title="bbox 222 3077 1795 3168; baseline 0.015 -39"><span class='ocrx_word' id='word_1_338' title='bbox 222 3077 416 3145; x_wconf 84' lang='grc' dir='ltr'>Ποῖος;</span> <span class='ocrx_word' id='word_1_339' title='bbox 455 3077 517 3135; x_wconf 88' lang='lat'><strong>&#39;0</strong></span> <span class='ocrx_word' id='word_1_340' title='bbox 570 3084 667 3153; x_wconf 82' lang='grc' dir='ltr'><strong>τῆς</strong></span> <span class='ocrx_word' id='word_1_341' title='bbox 695 3086 941 3158; x_wconf 75' lang='grc' dir='ltr'>μεγάλης</span> <span class='ocrx_word' id='word_1_342' title='bbox 973 3088 1168 3161; x_wconf 79' lang='grc' dir='ltr'>βουλῆς</span> <span class='ocrx_word' id='word_1_343' title='bbox 1196 3091 1291 3146; x_wconf 91' lang='grc' dir='ltr'><strong>τοῦ</strong></span> <span class='ocrx_word' id='word_1_344' title='bbox 1322 3094 1557 3165; x_wconf 80' lang='grc' dir='ltr'>Πατρὺς,</span> <span class='ocrx_word' id='word_1_345' title='bbox 1588 3099 1616 3151; x_wconf 85' lang='grc' dir='ltr'><strong>ὁ</strong></span> <span class='ocrx_word' id='word_1_346' title='bbox 1659 3098 1795 3168; x_wconf 88' lang='grc' dir='ltr'>Χρι-</span> 
     </span>
    </p>
   </div>
   <div class='ocr_carea' id='block_1_49' title="bbox 222 3168 1793 3257">
    <p class='ocr_par' dir='ltr' id='par_1_49' title="bbox 222 3168 1793 3257">
     <span class='ocr_line' id='line_1_49' title="bbox 222 3168 1793 3257; baseline 0.014 -38"><span class='ocrx_word' id='word_1_347' title='bbox 222 3168 342 3231; x_wconf 84' lang='grc' dir='ltr'>στδς</span> <span class='ocrx_word' id='word_1_348' title='bbox 393 3171 490 3225; x_wconf 77' lang='grc' dir='ltr'>καὶ</span> <span class='ocrx_word' id='word_1_349' title='bbox 519 3173 733 3247; x_wconf 81' lang='grc' dir='ltr'>Σωτήρ.</span> <span class='ocrx_word' id='word_1_350' title='bbox 772 3178 832 3231; x_wconf 84' lang='lat' dir='ltr'><strong>El</strong></span> <span class='ocrx_word' id='word_1_351' title='bbox 884 3180 992 3251; x_wconf 74' lang='grc' dir='ltr'><strong>γάρ</strong></span> <span class='ocrx_word' id='word_1_352' title='bbox 1047 3181 1124 3253; x_wconf 84' lang='grc' dir='ltr'>μὴ</span> <span class='ocrx_word' id='word_1_353' title='bbox 1179 3182 1383 3253; x_wconf 73' lang='grc' dir='ltr'>ἅψηται</span> <span class='ocrx_word' id='word_1_354' title='bbox 1437 3185 1534 3255; x_wconf 86' lang='grc' dir='ltr'>τῆς</span> <span class='ocrx_word' id='word_1_355' title='bbox 1567 3186 1793 3257; x_wconf 82' lang='grc' dir='ltr'>καρδίας</span> 
     </span>
    </p>
   </div>
   <div class='ocr_carea' id='block_1_50' title="bbox 220 3260 1861 3374">
    <p class='ocr_par' dir='ltr' id='par_1_50' title="bbox 220 3260 1861 3374">
     <span class='ocr_line' id='line_1_50' title="bbox 220 3260 1861 3374; baseline 0.001 -45"><span class='ocrx_word' id='word_1_356' title='bbox 220 3260 375 3374; x_wconf 45' lang='lat' dir='ltr'><strong>illia&quot;</strong></span> <span class='ocrx_word' id='word_1_357' title='bbox 396 3262 443 3374; x_wconf 44' lang='grc' dir='ltr'><strong>δ’</strong></span> <span class='ocrx_word' id='word_1_358' title='bbox 460 3262 599 3329; x_wconf 80' lang='grc' dir='ltr'>θεῖος</span> <span class='ocrx_word' id='word_1_359' title='bbox 625 3266 799 3374; x_wconf 56' lang='grc' dir='ltr'>λόγος,</span> <span class='ocrx_word' id='word_1_360' title='bbox 836 3273 928 3374; x_wconf 65' lang='grc' dir='ltr'>καὶ</span> <span class='ocrx_word' id='word_1_361' title='bbox 947 3275 1193 3346; x_wconf 81' lang='grc' dir='ltr'>ταραχὴν</span> <span class='ocrx_word' id='word_1_362' title='bbox 1212 3277 1511 3349; x_wconf 84' lang='grc' dir='ltr'>ἐργάσηται</span> <span class='ocrx_word' id='word_1_363' title='bbox 1545 3280 1603 3330; x_wconf 83' lang='grc' dir='ltr'><strong>ἐν</strong></span> <span class='ocrx_word' id='word_1_364' title='bbox 1618 3278 1791 3352; x_wconf 81' lang='grc' dir='ltr'>ταύτῃ</span> <span class='ocrx_word' id='word_1_365' title='bbox 1818 3316 1861 3374; x_wconf 76' lang='lat' dir='ltr'><strong>c</strong></span> 
     </span>
    </p>
   </div>
   <div class='ocr_carea' id='block_1_51' title="bbox 220 3350 1789 3441">
    <p class='ocr_par' dir='ltr' id='par_1_51' title="bbox 220 3350 1789 3441">
     <span class='ocr_line' id='line_1_51' title="bbox 220 3350 1789 3441; baseline 0.015 -39"><span class='ocrx_word' id='word_1_366' title='bbox 220 3350 308 3441; x_wconf 69' lang='grc' dir='ltr'><strong>διὰ</strong></span> <span class='ocrx_word' id='word_1_367' title='bbox 343 3356 567 3426; x_wconf 77' lang='grc' dir='ltr'>μνήμης</span> <span class='ocrx_word' id='word_1_368' title='bbox 588 3360 698 3413; x_wconf 86' lang='grc' dir='ltr'><strong>τῶν</strong></span> <span class='ocrx_word' id='word_1_369' title='bbox 736 3362 794 3415; x_wconf 86' lang='grc' dir='ltr'><strong>ἐν</strong></span> <span class='ocrx_word' id='word_1_370' title='bbox 828 3362 905 3432; x_wconf 82' lang='grc' dir='ltr'>τῷ</span> <span class='ocrx_word' id='word_1_371' title='bbox 932 3365 1182 3434; x_wconf 87' lang='grc' dir='ltr'>μέλλοντι</span> <span class='ocrx_word' id='word_1_372' title='bbox 1206 3368 1364 3423; x_wconf 68' lang='grc' dir='ltr'>αίιῗινι</span> <span class='ocrx_word' id='word_1_373' title='bbox 1397 3350 1789 3441; x_wconf 65' lang='grc' dir='ltr'>κολαστηρίων,</span> 
     </span>
    </p>
   </div>
   <div class='ocr_carea' id='block_1_52' title="bbox 221 3440 1796 3533">
    <p class='ocr_par' dir='ltr' id='par_1_52' title="bbox 221 3440 1796 3533">
     <span class='ocr_line' id='line_1_52' title="bbox 221 3440 1796 3533; baseline 0.015 -39"><span class='ocrx_word' id='word_1_374' title='bbox 221 3440 318 3497; x_wconf 83' lang='grc' dir='ltr'>οὐκ</span> <span class='ocrx_word' id='word_1_375' title='bbox 353 3446 528 3511; x_wconf 77' lang='grc' dir='ltr'>ἄλλως</span> <span class='ocrx_word' id='word_1_376' title='bbox 557 3451 989 3524; x_wconf 79' lang='grc' dir='ltr'>ἐνεργηθήσεται</span> <span class='ocrx_word' id='word_1_377' title='bbox 1021 3459 1054 3528; x_wconf 88' lang='grc' dir='ltr'><strong>ή</strong></span> <span class='ocrx_word' id='word_1_378' title='bbox 1084 3459 1439 3532; x_wconf 82' lang='grc' dir='ltr'>κολυμϐήθρα</span> <span class='ocrx_word' id='word_1_379' title='bbox 1471 3440 1633 3533; x_wconf 76' lang='grc' dir='ltr'>αὕτη,</span> <span class='ocrx_word' id='word_1_380' title='bbox 1673 3464 1796 3518; x_wconf 80' lang='grc' dir='ltr'>οὑδέ</span> 
     </span>
    </p>
   </div>
   <div class='ocr_carea' id='block_1_53' title="bbox 222 3533 1796 3623">
    <p class='ocr_par' dir='ltr' id='par_1_53' title="bbox 222 3533 1796 3623">
     <span class='ocr_line' id='line_1_53' title="bbox 222 3533 1796 3623; baseline 0.015 -38"><span class='ocrx_word' id='word_1_381' title='bbox 222 3533 380 3600; x_wconf 78' lang='grc' dir='ltr'>ὑγεία</span> <span class='ocrx_word' id='word_1_382' title='bbox 410 3540 621 3605; x_wconf 85' lang='grc' dir='ltr'>γίνεται</span> <span class='ocrx_word' id='word_1_383' title='bbox 641 3546 705 3614; x_wconf 77' lang='grc' dir='ltr'><strong>τῇ</strong></span> <span class='ocrx_word' id='word_1_384' title='bbox 742 3547 1052 3621; x_wconf 81' lang='grc' dir='ltr'>παρειμένῃ</span> <span class='ocrx_word' id='word_1_385' title='bbox 1077 3549 1245 3622; x_wconf 78' lang='grc' dir='ltr'>ψυχῇ.</span> <span class='ocrx_word' id='word_1_386' title='bbox 1294 3552 1611 3623; x_wconf 79' lang='grc' dir='ltr'>Προϐατικὴ</span> <span class='ocrx_word' id='word_1_387' title='bbox 1642 3554 1688 3608; x_wconf 79' lang='grc' dir='ltr'>δ’</span> <span class='ocrx_word' id='word_1_388' title='bbox 1728 3555 1796 3609; x_wconf 83' lang='grc' dir='ltr'>ἂν</span> 
     </span>
    </p>
   </div>
   <div class='ocr_carea' id='block_1_54' title="bbox 222 3626 1793 3715">
    <p class='ocr_par' dir='ltr' id='par_1_54' title="bbox 222 3626 1793 3715">
     <span class='ocr_line' id='line_1_54' title="bbox 222 3626 1793 3715; baseline 0.015 -38"><span class='ocrx_word' id='word_1_389' title='bbox 222 3626 451 3692; x_wconf 67' lang='grc' dir='ltr'>είκέτως</span> <span class='ocrx_word' id='word_1_390' title='bbox 483 3631 709 3705; x_wconf 80' lang='grc' dir='ltr'>κληθείη</span> <span class='ocrx_word' id='word_1_391' title='bbox 750 3634 888 3709; x_wconf 83' lang='grc' dir='ltr'>αῦτη</span> <span class='ocrx_word' id='word_1_392' title='bbox 907 3656 920 3670; x_wconf 88' lang='grc'><strong>·</strong></span> <span class='ocrx_word' id='word_1_393' title='bbox 949 3640 1019 3693; x_wconf 83' lang='grc' dir='ltr'><strong>τὰ</strong></span> <span class='ocrx_word' id='word_1_394' title='bbox 1047 3640 1154 3712; x_wconf 81' lang='grc' dir='ltr'><strong>γὰρ</strong></span> <span class='ocrx_word' id='word_1_395' title='bbox 1189 3642 1437 3697; x_wconf 81' lang='grc' dir='ltr'>ἐντόσθια</span> <span class='ocrx_word' id='word_1_396' title='bbox 1464 3645 1556 3699; x_wconf 79' lang='grc' dir='ltr'>καὶ</span> <span class='ocrx_word' id='word_1_397' title='bbox 1579 3647 1626 3699; x_wconf 94' lang='grc' dir='ltr'><strong>οί</strong></span> <span class='ocrx_word' id='word_1_398' title='bbox 1652 3645 1793 3715; x_wconf 82' lang='grc' dir='ltr'>λογι-</span> 
     </span>
    </p>
   </div>
   <div class='ocr_carea' id='block_1_55' title="bbox 224 3720 1798 3808">
    <p class='ocr_par' dir='ltr' id='par_1_55' title="bbox 224 3720 1798 3808">
     <span class='ocr_line' id='line_1_55' title="bbox 224 3720 1798 3808; baseline 0.017 -39"><span class='ocrx_word' id='word_1_399' title='bbox 224 3720 348 3808; x_wconf 75' lang='grc' dir='ltr'>σμοὶ</span> <span class='ocrx_word' id='word_1_400' title='bbox 371 3721 479 3775; x_wconf 82' lang='grc' dir='ltr'><strong>τῶν</strong></span> <span class='ocrx_word' id='word_1_401' title='bbox 511 3726 592 3787; x_wconf 78' lang='grc' dir='ltr'><strong>εἰς</strong></span> <span class='ocrx_word' id='word_1_402' title='bbox 622 3727 810 3782; x_wconf 83' lang='grc' dir='ltr'>θυσίαν</span> <span class='ocrx_word' id='word_1_403' title='bbox 832 3728 1014 3795; x_wconf 75' lang='grc' dir='ltr'>ζῶσαν</span> <span class='ocrx_word' id='word_1_404' title='bbox 1051 3733 1225 3801; x_wconf 79' lang='grc' dir='ltr'>ἁγίων</span> <span class='ocrx_word' id='word_1_405' title='bbox 1255 3732 1546 3807; x_wconf 83' lang='grc' dir='ltr'>εὐάρεστον</span> <span class='ocrx_word' id='word_1_406' title='bbox 1573 3737 1650 3808; x_wconf 82' lang='grc' dir='ltr'><strong>τῷ</strong></span> <span class='ocrx_word' id='word_1_407' title='bbox 1680 3736 1798 3808; x_wconf 83' lang='grc' dir='ltr'><strong>Θεῷ</strong></span> 
     </span>
    </p>
   </div>
   <div class='ocr_carea' id='block_1_56' title="bbox 1891 2077 3459 2151">
    <p class='ocr_par' dir='ltr' id='par_1_56' title="bbox 1891 2077 3459 2151">
     <span class='ocr_line' id='line_1_56' title="bbox 1891 2077 3459 2151; baseline 0.006 -22"><span class='ocrx_word' id='word_1_408' title='bbox 1891 2077 2342 2147; x_wconf 83' lang='lat' dir='ltr'><strong>paratijumentis</strong></span> <span class='ocrx_word' id='word_1_409' title='bbox 2365 2079 2768 2149; x_wconf 84' lang='lat' dir='ltr'><strong>insipientibus,</strong></span> <span class='ocrx_word' id='word_1_410' title='bbox 2795 2089 2853 2135; x_wconf 89' lang='lat' dir='ltr'><strong>ut</strong></span> <span class='ocrx_word' id='word_1_411' title='bbox 2879 2090 3055 2151; x_wconf 89' lang='lat' dir='ltr'><strong>portet</strong></span> <span class='ocrx_word' id='word_1_412' title='bbox 3078 2096 3176 2137; x_wconf 92' lang='lat' dir='ltr'><strong>nos</strong></span> <span class='ocrx_word' id='word_1_413' title='bbox 3209 2082 3264 2137; x_wconf 88' lang='lat' dir='ltr'><strong>in</strong></span> <span class='ocrx_word' id='word_1_414' title='bbox 3294 2083 3459 2151; x_wconf 89' lang='lat' dir='ltr'><strong>pisci-</strong></span> 
     </span>
    </p>
   </div>
   <div class='ocr_carea' id='block_1_57' title="bbox 1892 2170 3475 2245">
    <p class='ocr_par' dir='ltr' id='par_1_57' title="bbox 1892 2170 3475 2245">
     <span class='ocr_line' id='line_1_57' title="bbox 1892 2170 3475 2245; baseline 0.005 -23"><span class='ocrx_word' id='word_1_415' title='bbox 1892 2184 2014 2223; x_wconf 89' lang='lat' dir='ltr'><strong>nam</strong></span> <span class='ocrx_word' id='word_1_416' title='bbox 2056 2170 2389 2240; x_wconf 60' lang='lat' dir='ltr'><strong>paenitentia:</strong></span> <span class='ocrx_word' id='word_1_417' title='bbox 2417 2170 2804 2243; x_wconf 87' lang='lat' dir='ltr'><strong>lacrymarum,</strong></span> <span class='ocrx_word' id='word_1_418' title='bbox 2838 2173 2890 2228; x_wconf 90' lang='lat' dir='ltr'><strong>in</strong></span> <span class='ocrx_word' id='word_1_419' title='bbox 2923 2188 3084 2244; x_wconf 87' lang='lat' dir='ltr'><strong>quam</strong></span> <span class='ocrx_word' id='word_1_420' title='bbox 3114 2174 3207 2244; x_wconf 90' lang='lat' dir='ltr'><strong>qui</strong></span> <span class='ocrx_word' id='word_1_421' title='bbox 3252 2174 3475 2245; x_wconf 73' lang='lat' dir='ltr'><strong>primus</strong></span> 
     </span>
    </p>
   </div>
   <div class='ocr_carea' id='block_1_58' title="bbox 1891 2258 3462 2332">
    <p class='ocr_par' dir='ltr' id='par_1_58' title="bbox 1891 2258 3462 2332">
     <span class='ocr_line' id='line_1_58' title="bbox 1891 2258 3462 2332; baseline 0.004 -19"><span class='ocrx_word' id='word_1_422' title='bbox 1891 2258 2220 2330; x_wconf 74' lang='lat' dir='ltr'><strong>ingreditur,</strong></span> <span class='ocrx_word' id='word_1_423' title='bbox 2268 2270 2513 2316; x_wconf 89' lang='lat' dir='ltr'><strong>sanatur.</strong></span> <span class='ocrx_word' id='word_1_424' title='bbox 2565 2261 2697 2317; x_wconf 80' lang='lat' dir='ltr'><strong>Nam</strong></span> <span class='ocrx_word' id='word_1_425' title='bbox 2732 2263 2822 2332; x_wconf 85' lang='lat' dir='ltr'><strong>qui</strong></span> <span class='ocrx_word' id='word_1_426' title='bbox 2858 2263 3233 2332; x_wconf 65' lang='lat' dir='ltr'><strong>paenitentiam</strong></span> <span class='ocrx_word' id='word_1_427' title='bbox 3281 2263 3462 2324; x_wconf 71' lang='lat' dir='ltr'><strong>diﬂ&#39;ert</strong></span> 
     </span>
    </p>
   </div>
   <div class='ocr_carea' id='block_1_59' title="bbox 1892 2341 3463 2425">
    <p class='ocr_par' dir='ltr' id='par_1_59' title="bbox 1892 2341 3463 2425">
     <span class='ocr_line' id='line_1_59' title="bbox 1892 2341 3463 2425; baseline 0.004 -20"><span class='ocrx_word' id='word_1_428' title='bbox 1892 2350 1945 2405; x_wconf 90' lang='lat' dir='ltr'><strong>in</strong></span> <span class='ocrx_word' id='word_1_429' title='bbox 1978 2360 2219 2422; x_wconf 89' lang='lat' dir='ltr'><strong>tempora</strong></span> <span class='ocrx_word' id='word_1_430' title='bbox 2252 2352 2578 2421; x_wconf 85' lang='lat' dir='ltr'><strong>posteriora,</strong></span> <span class='ocrx_word' id='word_1_431' title='bbox 2609 2367 2708 2409; x_wconf 90' lang='lat' dir='ltr'><strong>nec</strong></span> <span class='ocrx_word' id='word_1_432' title='bbox 2755 2353 2975 2408; x_wconf 80' lang='lat' dir='ltr'><strong>festinat</strong></span> <span class='ocrx_word' id='word_1_433' title='bbox 3024 2341 3113 2410; x_wconf 91' lang='lat' dir='ltr'><strong>hic</strong></span> <span class='ocrx_word' id='word_1_434' title='bbox 3168 2357 3463 2425; x_wconf 69' lang='lat' dir='ltr'><strong>poenitere,</strong></span> 
     </span>
    </p>
   </div>
   <div class='ocr_carea' id='block_1_60' title="bbox 1892 2444 3463 2515">
    <p class='ocr_par' dir='ltr' id='par_1_60' title="bbox 1892 2444 3463 2515">
     <span class='ocr_line' id='line_1_60' title="bbox 1892 2444 3463 2515; baseline 0.002 -15"><span class='ocrx_word' id='word_1_435' title='bbox 1892 2444 1990 2500; x_wconf 91' lang='lat' dir='ltr'><strong>sed</strong></span> <span class='ocrx_word' id='word_1_436' title='bbox 2020 2445 2404 2515; x_wconf 91' lang='lat' dir='ltr'><strong>procrastinat,</strong></span> <span class='ocrx_word' id='word_1_437' title='bbox 2429 2459 2536 2499; x_wconf 90' lang='lat' dir='ltr'><strong>non</strong></span> <span class='ocrx_word' id='word_1_438' title='bbox 2565 2445 2874 2515; x_wconf 82' lang='lat' dir='ltr'><strong>assequitur</strong></span> <span class='ocrx_word' id='word_1_439' title='bbox 2901 2446 3214 2502; x_wconf 86' lang='lat' dir='ltr'><strong>sanitatem.</strong></span> <span class='ocrx_word' id='word_1_440' title='bbox 3246 2446 3463 2503; x_wconf 78' lang='lat' dir='ltr'><strong>Primus</strong></span> 
     </span>
    </p>
   </div>
   <div class='ocr_carea' id='block_1_61' title="bbox 1893 2537 3462 2609">
    <p class='ocr_par' dir='ltr' id='par_1_61' title="bbox 1893 2537 3462 2609">
     <span class='ocr_line' id='line_1_61' title="bbox 1893 2537 3462 2609; baseline 0.002 -18"><span class='ocrx_word' id='word_1_441' title='bbox 1893 2537 2085 2593; x_wconf 90' lang='lat' dir='ltr'><strong>festina</strong></span> <span class='ocrx_word' id='word_1_442' title='bbox 2118 2538 2350 2608; x_wconf 81' lang='lat' dir='ltr'><strong>ingredi,</strong></span> <span class='ocrx_word' id='word_1_443' title='bbox 2392 2552 2461 2593; x_wconf 90' lang='lat' dir='ltr'><strong>ne</strong></span> <span class='ocrx_word' id='word_1_444' title='bbox 2495 2546 2549 2593; x_wconf 90' lang='lat' dir='ltr'><strong>te</strong></span> <span class='ocrx_word' id='word_1_445' title='bbox 2577 2553 2721 2593; x_wconf 87' lang='lat' dir='ltr'><strong>mors</strong></span> <span class='ocrx_word' id='word_1_446' title='bbox 2745 2547 3107 2609; x_wconf 66' lang='lat' dir='ltr'><strong>praeoccupet.</strong></span> <span class='ocrx_word' id='word_1_447' title='bbox 3162 2538 3313 2596; x_wconf 77' lang='lat' dir='ltr'><strong>lianc</strong></span> <span class='ocrx_word' id='word_1_448' title='bbox 3365 2555 3462 2594; x_wconf 87' lang='lat' dir='ltr'><strong>su-</strong></span> 
     </span>
    </p>
   </div>
   <div class='ocr_carea' id='block_1_62' title="bbox 1894 2629 3477 2701">
    <p class='ocr_par' dir='ltr' id='par_1_62' title="bbox 1894 2629 3477 2701">
     <span class='ocr_line' id='line_1_62' title="bbox 1894 2629 3477 2701; baseline 0.001 -18"><span class='ocrx_word' id='word_1_449' title='bbox 1894 2637 1997 2684; x_wconf 89' lang='lat' dir='ltr'><strong>tem</strong></span> <span class='ocrx_word' id='word_1_450' title='bbox 2024 2631 2286 2700; x_wconf 88' lang='lat' dir='ltr'><strong>piscinam</strong></span> <span class='ocrx_word' id='word_1_451' title='bbox 2310 2630 2643 2699; x_wconf 69' lang='lat' dir='ltr'><strong>poenitentiae</strong></span> <span class='ocrx_word' id='word_1_452' title='bbox 2668 2630 2891 2701; x_wconf 79' lang='lat' dir='ltr'><strong>angelus</strong></span> <span class='ocrx_word' id='word_1_453' title='bbox 2911 2631 3109 2693; x_wconf 91' lang='lat' dir='ltr'><strong>turbat,</strong></span> <span class='ocrx_word' id='word_1_454' title='bbox 3132 2630 3345 2701; x_wconf 73' lang='lat' dir='ltr'><strong>qualis?</strong></span> <span class='ocrx_word' id='word_1_455' title='bbox 3368 2629 3477 2686; x_wconf 87' lang='lat' dir='ltr'><strong>ille.</strong></span> 
     </span>
    </p>
   </div>
   <div class='ocr_carea' id='block_1_63' title="bbox 1894 2719 3461 2795">
    <p class='ocr_par' dir='ltr' id='par_1_63' title="bbox 1894 2719 3461 2795">
     <span class='ocr_line' id='line_1_63' title="bbox 1894 2719 3461 2795; baseline 0.001 -18"><span class='ocrx_word' id='word_1_456' title='bbox 1894 2722 2070 2795; x_wconf 84' lang='lat' dir='ltr'><strong>magni</strong></span> <span class='ocrx_word' id='word_1_457' title='bbox 2103 2722 2315 2778; x_wconf 89' lang='lat' dir='ltr'><strong>consilii</strong></span> <span class='ocrx_word' id='word_1_458' title='bbox 2367 2721 2566 2787; x_wconf 88' lang='lat' dir='ltr'><strong>Patris,</strong></span> <span class='ocrx_word' id='word_1_459' title='bbox 2610 2719 2863 2779; x_wconf 87' lang='lat' dir='ltr'><strong>Christus</strong></span> <span class='ocrx_word' id='word_1_460' title='bbox 2897 2731 2951 2778; x_wconf 93' lang='lat' dir='ltr'><strong>et</strong></span> <span class='ocrx_word' id='word_1_461' title='bbox 3002 2721 3272 2778; x_wconf 76' lang='lat' dir='ltr'><strong>Salvator.</strong></span> <span class='ocrx_word' id='word_1_462' title='bbox 3327 2721 3461 2778; x_wconf 78' lang='lat' dir='ltr'><strong>Nam</strong></span> 
     </span>
    </p>
   </div>
   <div class='ocr_carea' id='block_1_64' title="bbox 1897 2814 3465 2886">
    <p class='ocr_par' dir='ltr' id='par_1_64' title="bbox 1897 2814 3465 2886">
     <span class='ocr_line' id='line_1_64' title="bbox 1897 2814 3465 2886; baseline 0 -17"><span class='ocrx_word' id='word_1_463' title='bbox 1897 2814 2001 2869; x_wconf 89' lang='lat' dir='ltr'><strong>nisi</strong></span> <span class='ocrx_word' id='word_1_464' title='bbox 2060 2814 2301 2886; x_wconf 71' lang='lat' dir='ltr'><strong>tetigerit</strong></span> <span class='ocrx_word' id='word_1_465' title='bbox 2358 2828 2455 2869; x_wconf 89' lang='lat' dir='ltr'><strong>cor</strong></span> <span class='ocrx_word' id='word_1_466' title='bbox 2494 2822 2738 2869; x_wconf 89' lang='lat' dir='ltr'><strong>nostrum</strong></span> <span class='ocrx_word' id='word_1_467' title='bbox 2798 2814 3039 2870; x_wconf 86' lang='lat' dir='ltr'><strong>divinum</strong></span> <span class='ocrx_word' id='word_1_468' title='bbox 3097 2814 3348 2881; x_wconf 83' lang='lat' dir='ltr'><strong>verbum,</strong></span> <span class='ocrx_word' id='word_1_469' title='bbox 3407 2826 3465 2870; x_wconf 89' lang='lat' dir='ltr'><strong>et</strong></span> 
     </span>
    </p>
   </div>
   <div class='ocr_carea' id='block_1_65' title="bbox 1897 2904 3467 2976">
    <p class='ocr_par' dir='ltr' id='par_1_65' title="bbox 1897 2904 3467 2976">
     <span class='ocr_line' id='line_1_65' title="bbox 1897 2904 3467 2976; baseline -0.003 -15"><span class='ocrx_word' id='word_1_470' title='bbox 1897 2906 2262 2962; x_wconf 90' lang='lat' dir='ltr'><strong>turbationem</strong></span> <span class='ocrx_word' id='word_1_471' title='bbox 2297 2904 2490 2961; x_wconf 90' lang='lat' dir='ltr'><strong>fecerit</strong></span> <span class='ocrx_word' id='word_1_472' title='bbox 2519 2905 2572 2961; x_wconf 92' lang='lat' dir='ltr'><strong>in</strong></span> <span class='ocrx_word' id='word_1_473' title='bbox 2602 2904 2695 2960; x_wconf 90' lang='lat' dir='ltr'><strong>illo</strong></span> <span class='ocrx_word' id='word_1_474' title='bbox 2724 2915 2947 2976; x_wconf 82' lang='lat' dir='ltr'><strong>propter</strong></span> <span class='ocrx_word' id='word_1_475' title='bbox 2966 2905 3287 2961; x_wconf 88' lang='lat' dir='ltr'><strong>memoriam</strong></span> <span class='ocrx_word' id='word_1_476' title='bbox 3317 2905 3467 2961; x_wconf 37' lang='lat' dir='ltr'><strong>futue</strong></span> 
     </span>
    </p>
   </div>
   <div class='ocr_carea' id='block_1_66' title="bbox 1894 2995 3479 3067">
    <p class='ocr_par' dir='ltr' id='par_1_66' title="bbox 1894 2995 3479 3067">
     <span class='ocr_line' id='line_1_66' title="bbox 1894 2995 3479 3067; baseline -0.003 -16"><span class='ocrx_word' id='word_1_477' title='bbox 1894 3012 2076 3053; x_wconf 91' lang='lat' dir='ltr'><strong>rorum</strong></span> <span class='ocrx_word' id='word_1_478' title='bbox 2125 2996 2550 3067; x_wconf 64' lang='lat' dir='ltr'><strong>suppliciorum,</strong></span> <span class='ocrx_word' id='word_1_479' title='bbox 2569 3011 2848 3067; x_wconf 89' lang='lat' dir='ltr'><strong>nunquam</strong></span> <span class='ocrx_word' id='word_1_480' title='bbox 2883 2995 3072 3052; x_wconf 75' lang='lat' dir='ltr'><strong>eﬂicax</strong></span> <span class='ocrx_word' id='word_1_481' title='bbox 3112 2996 3217 3052; x_wconf 90' lang='lat' dir='ltr'><strong>erit</strong></span> <span class='ocrx_word' id='word_1_482' title='bbox 3258 2996 3479 3067; x_wconf 73' lang='lat' dir='ltr'><strong>piscina.</strong></span> 
     </span>
    </p>
   </div>
   <div class='ocr_carea' id='block_1_67' title="bbox 1894 3086 3455 3161">
    <p class='ocr_par' dir='ltr' id='par_1_67' title="bbox 1894 3086 3455 3161">
     <span class='ocr_line' id='line_1_67' title="bbox 1894 3086 3455 3161; baseline -0.003 -15"><span class='ocrx_word' id='word_1_483' title='bbox 1894 3091 2017 3159; x_wconf 87' lang='lat' dir='ltr'><strong>ista,</strong></span> <span class='ocrx_word' id='word_1_484' title='bbox 2053 3104 2229 3161; x_wconf 90' lang='lat' dir='ltr'><strong>neque</strong></span> <span class='ocrx_word' id='word_1_485' title='bbox 2258 3091 2465 3146; x_wconf 89' lang='lat' dir='ltr'><strong>sanitas</strong></span> <span class='ocrx_word' id='word_1_486' title='bbox 2492 3089 2599 3145; x_wconf 87' lang='lat' dir='ltr'><strong>erit</strong></span> <span class='ocrx_word' id='word_1_487' title='bbox 2629 3088 2825 3144; x_wconf 84' lang='lat' dir='ltr'><strong>animae</strong></span> <span class='ocrx_word' id='word_1_488' title='bbox 2849 3088 3140 3144; x_wconf 69' lang='lat' dir='ltr'><strong>dissolutae.</strong></span> <span class='ocrx_word' id='word_1_489' title='bbox 3169 3086 3455 3144; x_wconf 86' lang='lat' dir='ltr'><strong>Probatica</strong></span> 
     </span>
    </p>
   </div>
   <div class='ocr_carea' id='block_1_68' title="bbox 1893 3178 3475 3253">
    <p class='ocr_par' dir='ltr' id='par_1_68' title="bbox 1893 3178 3475 3253">
     <span class='ocr_line' id='line_1_68' title="bbox 1893 3178 3475 3253; baseline -0.003 -14"><span class='ocrx_word' id='word_1_490' title='bbox 1893 3193 2073 3239; x_wconf 88' lang='lat' dir='ltr'><strong>autem</strong></span> <span class='ocrx_word' id='word_1_491' title='bbox 2103 3184 2345 3253; x_wconf 66' lang='lat' dir='ltr'><strong>quaedam</strong></span> <span class='ocrx_word' id='word_1_492' title='bbox 2367 3181 2567 3238; x_wconf 89' lang='lat' dir='ltr'><strong>dicitur</strong></span> <span class='ocrx_word' id='word_1_493' title='bbox 2586 3180 2728 3250; x_wconf 73' lang='lat' dir='ltr'><strong>lista.</strong></span> <span class='ocrx_word' id='word_1_494' title='bbox 2775 3178 2911 3235; x_wconf 86' lang='lat' dir='ltr'><strong>Nam</strong></span> <span class='ocrx_word' id='word_1_495' title='bbox 2938 3180 3196 3237; x_wconf 85' lang='lat' dir='ltr'><strong>intestina</strong></span> <span class='ocrx_word' id='word_1_496' title='bbox 3235 3188 3288 3236; x_wconf 91' lang='lat' dir='ltr'><strong>et</strong></span> <span class='ocrx_word' id='word_1_497' title='bbox 3318 3180 3475 3252; x_wconf 54' lang='lat' dir='ltr'><strong>cogis</strong></span> 
     </span>
    </p>
   </div>
   <div class='ocr_carea' id='block_1_69' title="bbox 1894 3272 3463 3346">
    <p class='ocr_par' dir='ltr' id='par_1_69' title="bbox 1894 3272 3463 3346">
     <span class='ocr_line' id='line_1_69' title="bbox 1894 3272 3463 3346; baseline -0.003 -14"><span class='ocrx_word' id='word_1_498' title='bbox 1894 3276 2127 3332; x_wconf 82' lang='lat' dir='ltr'><strong>taliones</strong></span> <span class='ocrx_word' id='word_1_499' title='bbox 2155 3289 2275 3346; x_wconf 76' lang='lat' dir='ltr'><strong>qua:</strong></span> <span class='ocrx_word' id='word_1_500' title='bbox 2319 3275 2373 3330; x_wconf 88' lang='lat' dir='ltr'><strong>in</strong></span> <span class='ocrx_word' id='word_1_501' title='bbox 2399 3274 2728 3331; x_wconf 86' lang='lat' dir='ltr'><strong>sacrificium</strong></span> <span class='ocrx_word' id='word_1_502' title='bbox 2763 3274 2967 3341; x_wconf 88' lang='lat' dir='ltr'><strong>vivum,</strong></span> <span class='ocrx_word' id='word_1_503' title='bbox 2998 3280 3269 3338; x_wconf 88' lang='lat' dir='ltr'><strong>sanctum,</strong></span> <span class='ocrx_word' id='word_1_504' title='bbox 3299 3272 3463 3329; x_wconf 87' lang='lat' dir='ltr'><strong>bene-</strong></span> 
     </span>
    </p>
   </div>
   <div class='ocr_carea' id='block_1_70' title="bbox 1892 3364 3457 3441">
    <p class='ocr_par' dir='ltr' id='par_1_70' title="bbox 1892 3364 3457 3441">
     <span class='ocr_line' id='line_1_70' title="bbox 1892 3364 3457 3441; baseline -0.006 -15"><span class='ocrx_word' id='word_1_505' title='bbox 1892 3370 2149 3440; x_wconf 84' lang='lat' dir='ltr'><strong>placitum</strong></span> <span class='ocrx_word' id='word_1_506' title='bbox 2198 3367 2361 3441; x_wconf 75' lang='lat'><strong>572</strong></span> <span class='ocrx_word' id='word_1_507' title='bbox 2418 3366 2529 3423; x_wconf 87' lang='lat' dir='ltr'><strong>Deo</strong></span> <span class='ocrx_word' id='word_1_508' title='bbox 2580 3374 2995 3439; x_wconf 50' lang='lat' dir='ltr'><strong>praeparantur,</strong></span> <span class='ocrx_word' id='word_1_509' title='bbox 3036 3374 3091 3421; x_wconf 90' lang='lat' dir='ltr'><strong>et</strong></span> <span class='ocrx_word' id='word_1_510' title='bbox 3147 3364 3457 3420; x_wconf 89' lang='lat' dir='ltr'><strong>innocentia</strong></span> 
     </span>
    </p>
   </div>
   <div class='ocr_carea' id='block_1_71' title="bbox 1892 3453 3463 3532">
    <p class='ocr_par' dir='ltr' id='par_1_71' title="bbox 1892 3453 3463 3532">
     <span class='ocr_line' id='line_1_71' title="bbox 1892 3453 3463 3532; baseline -0.006 -15"><span class='ocrx_word' id='word_1_511' title='bbox 1892 3461 2048 3531; x_wconf 78' lang='lat' dir='ltr'><strong>ﬁunt;</strong></span> <span class='ocrx_word' id='word_1_512' title='bbox 2076 3462 2221 3517; x_wconf 85' lang='lat' dir='ltr'><strong>sicut</strong></span> <span class='ocrx_word' id='word_1_513' title='bbox 2243 3458 2529 3532; x_wconf 86' lang='grc' dir='ltr'>πρώϐατα,</span> <span class='ocrx_word' id='word_1_514' title='bbox 2562 3459 2665 3515; x_wconf 90' lang='lat' dir='ltr'><strong>hoc</strong></span> <span class='ocrx_word' id='word_1_515' title='bbox 2698 3465 2803 3523; x_wconf 90' lang='lat' dir='ltr'><strong>est,</strong></span> <span class='ocrx_word' id='word_1_516' title='bbox 2837 3471 2984 3524; x_wconf 88' lang='lat' dir='ltr'><strong>oves,</strong></span> <span class='ocrx_word' id='word_1_517' title='bbox 3012 3455 3067 3511; x_wconf 93' lang='lat' dir='ltr'><strong>in</strong></span> <span class='ocrx_word' id='word_1_518' title='bbox 3101 3455 3205 3511; x_wconf 80' lang='lat' dir='ltr'><strong>ista</strong></span> <span class='ocrx_word' id='word_1_519' title='bbox 3230 3453 3463 3517; x_wconf 81' lang='lat' dir='ltr'><strong>abluun-</strong></span> 
     </span>
    </p>
   </div>
   <div class='ocr_carea' id='block_1_72' title="bbox 1891 3551 3484 3627">
    <p class='ocr_par' dir='ltr' id='par_1_72' title="bbox 1891 3551 3484 3627">
     <span class='ocr_line' id='line_1_72' title="bbox 1891 3551 3484 3627; baseline -0.004 -17"><span class='ocrx_word' id='word_1_520' title='bbox 1891 3564 2000 3610; x_wconf 88' lang='lat' dir='ltr'><strong>tur.</strong></span> <span class='ocrx_word' id='word_1_521' title='bbox 2035 3555 2221 3626; x_wconf 90' lang='lat' dir='ltr'><strong>ltaque</strong></span> <span class='ocrx_word' id='word_1_522' title='bbox 2254 3554 2389 3609; x_wconf 77' lang='lat' dir='ltr'><strong>faxit</strong></span> <span class='ocrx_word' id='word_1_523' title='bbox 2415 3552 2556 3609; x_wconf 90' lang='lat' dir='ltr'><strong>Deus</strong></span> <span class='ocrx_word' id='word_1_524' title='bbox 2577 3561 2635 3607; x_wconf 92' lang='lat' dir='ltr'><strong>ut</strong></span> <span class='ocrx_word' id='word_1_525' title='bbox 2654 3551 2940 3608; x_wconf 88' lang='lat' dir='ltr'><strong>sanitatem</strong></span> <span class='ocrx_word' id='word_1_526' title='bbox 2963 3562 3382 3627; x_wconf 82' lang='lat' dir='ltr'><strong>consequamur,</strong></span> <span class='ocrx_word' id='word_1_527' title='bbox 3407 3557 3484 3603; x_wconf 70' lang='lat' dir='ltr'><strong>et.</strong></span> 
     </span>
    </p>
   </div>
   <div class='ocr_carea' id='block_1_73' title="bbox 1892 3640 3463 3715">
    <p class='ocr_par' dir='ltr' id='par_1_73' title="bbox 1892 3640 3463 3715">
     <span class='ocr_line' id='line_1_73' title="bbox 1892 3640 3463 3715; baseline -0.004 -16"><span class='ocrx_word' id='word_1_528' title='bbox 1892 3645 1946 3700; x_wconf 90' lang='lat' dir='ltr'><strong>in</strong></span> <span class='ocrx_word' id='word_1_529' title='bbox 1984 3644 2181 3715; x_wconf 87' lang='lat' dir='ltr'><strong>templo</strong></span> <span class='ocrx_word' id='word_1_530' title='bbox 2203 3653 2326 3715; x_wconf 81' lang='lat' dir='ltr'><strong>post</strong></span> <span class='ocrx_word' id='word_1_531' title='bbox 2348 3640 3046 3713; x_wconf 73' lang='lat' dir='ltr'><strong>,sanitateminveniamur,</strong></span> <span class='ocrx_word' id='word_1_532' title='bbox 3101 3640 3203 3696; x_wconf 89' lang='lat' dir='ltr'><strong>hoc</strong></span> <span class='ocrx_word' id='word_1_533' title='bbox 3253 3648 3359 3705; x_wconf 90' lang='lat' dir='ltr'><strong>est,</strong></span> <span class='ocrx_word' id='word_1_534' title='bbox 3391 3653 3463 3694; x_wconf 89' lang='lat' dir='ltr'><strong>ne</strong></span> 
     </span>
    </p>
   </div>
   <div class='ocr_carea' id='block_1_74' title="bbox 1894 3730 3473 3806">
    <p class='ocr_par' dir='ltr' id='par_1_74' title="bbox 1894 3730 3473 3806">
     <span class='ocr_line' id='line_1_74' title="bbox 1894 3730 3473 3806; baseline -0.004 -17"><span class='ocrx_word' id='word_1_535' title='bbox 1894 3734 2036 3789; x_wconf 90' lang='lat' dir='ltr'><strong>ultra</strong></span> <span class='ocrx_word' id='word_1_536' title='bbox 2068 3734 2308 3806; x_wconf 80' lang='lat' dir='ltr'><strong>profanis</strong></span> <span class='ocrx_word' id='word_1_537' title='bbox 2338 3733 2757 3805; x_wconf 86' lang='lat' dir='ltr'><strong>cogitationibus</strong></span> <span class='ocrx_word' id='word_1_538' title='bbox 2798 3732 3166 3802; x_wconf 90' lang='lat' dir='ltr'><strong>inquinemur,</strong></span> <span class='ocrx_word' id='word_1_539' title='bbox 3199 3740 3259 3786; x_wconf 91' lang='lat' dir='ltr'><strong>ut</strong></span> <span class='ocrx_word' id='word_1_540' title='bbox 3298 3745 3367 3787; x_wconf 88' lang='lat' dir='ltr'><strong>ne</strong></span> <span class='ocrx_word' id='word_1_541' title='bbox 3408 3730 3473 3785; x_wconf 85' lang='lat' dir='ltr'><strong>in</strong></span> 
     </span>
    </p>
   </div>
   <div class='ocr_carea' id='block_1_75' title="bbox 223 3807 1791 3898">
    <p class='ocr_par' dir='ltr' id='par_1_75' title="bbox 223 3807 1791 3898">
     <span class='ocr_line' id='line_1_75' title="bbox 223 3807 1791 3898; baseline 0.015 -37"><span class='ocrx_word' id='word_1_542' title='bbox 223 3807 686 3884; x_wconf 75' lang='grc' dir='ltr'>ἐτοιμαζομένων,</span> <span class='ocrx_word' id='word_1_543' title='bbox 711 3822 807 3873; x_wconf 77' lang='grc' dir='ltr'>καὶ</span> <span class='ocrx_word' id='word_1_544' title='bbox 839 3823 1063 3877; x_wconf 85' lang='grc' dir='ltr'>ἀκάκων</span> <span class='ocrx_word' id='word_1_545' title='bbox 1095 3826 1415 3896; x_wconf 83' lang='grc' dir='ltr'>γινομένων,</span> <span class='ocrx_word' id='word_1_546' title='bbox 1448 3828 1524 3892; x_wconf 83' lang='grc' dir='ltr'><strong>ὡς</strong></span> <span class='ocrx_word' id='word_1_547' title='bbox 1550 3807 1791 3898; x_wconf 69' lang='grc' dir='ltr'>προϐατα</span> 
     </span>
    </p>
   </div>
   <div class='ocr_carea' id='block_1_76' title="bbox 1892 3807 3249 3898">
    <p class='ocr_par' dir='ltr' id='par_1_76' title="bbox 1894 3824 3249 3898">
     <span class='ocr_line' id='line_1_76' title="bbox 1894 3824 3249 3898; baseline 0.002 -20"><span class='ocrx_word' id='word_1_548' title='bbox 1894 3827 2197 3898; x_wconf 77' lang='lat' dir='ltr'><strong>graviorem</strong></span> <span class='ocrx_word' id='word_1_549' title='bbox 2228 3826 2533 3882; x_wconf 87' lang='lat' dir='ltr'><strong>incidamus</strong></span> <span class='ocrx_word' id='word_1_550' title='bbox 2560 3839 2779 3896; x_wconf 71' lang='lat' dir='ltr'><strong>poenam</strong></span> <span class='ocrx_word' id='word_1_551' title='bbox 2811 3824 3071 3880; x_wconf 89' lang='lat' dir='ltr'><strong>futuram.</strong></span> <span class='ocrx_word' id='word_1_552' title='bbox 3242 3875 3249 3881; x_wconf 92' lang='lat'><strong>.</strong></span> 
     </span>
    </p>
   </div>
   <div class='ocr_carea' id='block_1_77' title="bbox 223 3901 3463 3993">
    <p class='ocr_par' dir='ltr' id='par_1_77' title="bbox 223 3901 3463 3993">
     <span class='ocr_line' id='line_1_77' title="bbox 223 3901 3463 3993; baseline 0.005 -39"><span class='ocrx_word' id='word_1_553' title='bbox 223 3901 282 3993; x_wconf 72' lang='grc' dir='ltr'><strong>ἐν</strong></span> <span class='ocrx_word' id='word_1_554' title='bbox 313 3904 486 3979; x_wconf 83' lang='grc' dir='ltr'>ταύτῃ</span> <span class='ocrx_word' id='word_1_555' title='bbox 516 3909 1172 3973; x_wconf 84' lang='grc' dir='ltr'>ἁποπλύνονται.Γένοιτο</span> <span class='ocrx_word' id='word_1_556' title='bbox 1194 3914 1287 3974; x_wconf 81' lang='grc' dir='ltr'>οὖν</span> <span class='ocrx_word' id='word_1_557' title='bbox 1318 3921 1464 3991; x_wconf 74' lang='grc' dir='ltr'>ἡμᾶς</span> <span class='ocrx_word' id='word_1_558' title='bbox 1487 3924 1585 3993; x_wconf 72' lang='grc' dir='ltr'>τῆς</span> <span class='ocrx_word' id='word_1_559' title='bbox 1605 3922 1793 3991; x_wconf 73' lang='grc' dir='ltr'>ὑγείας</span> <span class='ocrx_word' id='word_1_560' title='bbox 1829 3922 2033 3992; x_wconf 85' lang='grc' dir='ltr'>τυχεῖν,</span> <span class='ocrx_word' id='word_1_561' title='bbox 2065 3920 2159 3975; x_wconf 80' lang='grc' dir='ltr'>καὶ</span> <span class='ocrx_word' id='word_1_562' title='bbox 2189 3920 2247 3973; x_wconf 85' lang='grc' dir='ltr'><strong>ἐν</strong></span> <span class='ocrx_word' id='word_1_563' title='bbox 2314 3917 2392 3989; x_wconf 82' lang='grc' dir='ltr'>τῷ</span> <span class='ocrx_word' id='word_1_564' title='bbox 2454 3916 2587 3989; x_wconf 86' lang='grc' dir='ltr'><strong>ίερῷ</strong></span> <span class='ocrx_word' id='word_1_565' title='bbox 2622 3915 2910 3987; x_wconf 85' lang='grc' dir='ltr'>εὑρεθῆναι</span> <span class='ocrx_word' id='word_1_566' title='bbox 2934 3914 3077 3987; x_wconf 79' lang='grc' dir='ltr'>μετὰ</span> <span class='ocrx_word' id='word_1_567' title='bbox 3106 3914 3205 3987; x_wconf 80' lang='grc' dir='ltr'>τὴν</span> <span class='ocrx_word' id='word_1_568' title='bbox 3250 3915 3463 3985; x_wconf 76' lang='grc' dir='ltr'>ὑγείαν.</span> 
     </span>
    </p>
   </div>
   <div class='ocr_carea' id='block_1_78' title="bbox 224 3992 3076 4087">
    <p class='ocr_par' dir='ltr' id='par_1_78' title="bbox 224 3992 3076 4087">
     <span class='ocr_line' id='line_1_78' title="bbox 224 3992 3076 4087; baseline -0.003 -16"><span class='ocrx_word' id='word_1_569' title='bbox 224 3992 410 4087; x_wconf 58' lang='grc' dir='ltr'><strong>ἤγουν.</strong></span> <span class='ocrx_word' id='word_1_570' title='bbox 452 4002 648 4069; x_wconf 80' lang='grc' dir='ltr'>μηκέτι</span> <span class='ocrx_word' id='word_1_571' title='bbox 675 4005 910 4078; x_wconf 75' lang='grc' dir='ltr'>ἀνιέροις</span> <span class='ocrx_word' id='word_1_572' title='bbox 928 4007 1206 4082; x_wconf 74' lang='grc' dir='ltr'>λογισμοῖς</span> <span class='ocrx_word' id='word_1_573' title='bbox 1231 3992 1581 4085; x_wconf 78' lang='grc' dir='ltr'>μολυνθῆναι,</span> <span class='ocrx_word' id='word_1_574' title='bbox 1610 4014 1695 4068; x_wconf 80' lang='grc' dir='ltr'><strong>ἵνα</strong></span> <span class='ocrx_word' id='word_1_575' title='bbox 1722 4013 1796 4087; x_wconf 81' lang='grc' dir='ltr'>μὴ</span> <span class='ocrx_word' id='word_1_576' title='bbox 1833 4013 2031 4086; x_wconf 89' lang='grc' dir='ltr'>χείρων</span> <span class='ocrx_word' id='word_1_577' title='bbox 2067 4013 2200 4082; x_wconf 86' lang='grc' dir='ltr'>ήμῖν</span> <span class='ocrx_word' id='word_1_578' title='bbox 2223 4012 2256 4084; x_wconf 78' lang='grc' dir='ltr'><strong>ἠ</strong></span> <span class='ocrx_word' id='word_1_579' title='bbox 2293 4011 2562 4082; x_wconf 86' lang='grc' dir='ltr'>μέλλουσα</span> <span class='ocrx_word' id='word_1_580' title='bbox 2590 4009 2809 4073; x_wconf 89' lang='grc' dir='ltr'>κόλασις</span> <span class='ocrx_word' id='word_1_581' title='bbox 2829 4008 3076 4081; x_wconf 89' lang='grc' dir='ltr'>γένηται.</span> 
     </span>
    </p>
   </div>
   <div class='ocr_carea' id='block_1_79' title="bbox 297 4085 1791 4178">
    <p class='ocr_par' dir='ltr' id='par_1_79' title="bbox 297 4085 1791 4178">
     <span class='ocr_line' id='line_1_79' title="bbox 297 4085 1791 4178; baseline 0.014 -40"><span class='ocrx_word' id='word_1_582' title='bbox 297 4101 319 4134; x_wconf 71' lang='grc' dir='ltr'><strong>ι</strong></span> <span class='ocrx_word' id='word_1_583' title='bbox 368 4085 428 4140; x_wconf 88' lang='grc' dir='ltr'>Ὅ</span> <span class='ocrx_word' id='word_1_584' title='bbox 451 4087 507 4141; x_wconf 76' lang='grc' dir='ltr'>δὲ</span> <span class='ocrx_word' id='word_1_585' title='bbox 539 4090 745 4162; x_wconf 71' lang='grc' dir='ltr'>Ἰησοῦς</span> <span class='ocrx_word' id='word_1_586' title='bbox 772 4096 1105 4169; x_wconf 78' lang='grc' dir='ltr'>ἀπεκρίνατο</span> <span class='ocrx_word' id='word_1_587' title='bbox 1129 4103 1345 4168; x_wconf 79' lang='grc' dir='ltr'>αὐτοῖς’</span> <span class='ocrx_word' id='word_1_588' title='bbox 1384 4105 1446 4160; x_wconf 87' lang='grc' dir='ltr'>Ὀ</span> <span class='ocrx_word' id='word_1_589' title='bbox 1475 4107 1663 4178; x_wconf 86' lang='grc' dir='ltr'>Πατήρ</span> <span class='ocrx_word' id='word_1_590' title='bbox 1688 4085 1791 4177; x_wconf 85' lang='grc' dir='ltr'><strong>μου</strong></span> 
     </span>
    </p>
   </div>
   <div class='ocr_carea' id='block_1_80' title="bbox 221 4173 1795 4267">
    <p class='ocr_par' dir='ltr' id='par_1_80' title="bbox 221 4173 1795 4267">
     <span class='ocr_line' id='line_1_80' title="bbox 221 4173 1795 4267; baseline 0.008 -28"><span class='ocrx_word' id='word_1_591' title='bbox 221 4173 327 4240; x_wconf 69' lang='grc' dir='ltr'><strong>ἕως</strong></span> <span class='ocrx_word' id='word_1_592' title='bbox 364 4179 489 4248; x_wconf 78' lang='grc' dir='ltr'>ἄρτι</span> <span class='ocrx_word' id='word_1_593' title='bbox 518 4182 829 4254; x_wconf 75' lang='grc' dir='ltr'>ἐργάζεται,</span> <span class='ocrx_word' id='word_1_594' title='bbox 865 4191 1021 4261; x_wconf 75' lang='grc' dir='ltr'><strong>κάγὼ</strong></span> <span class='ocrx_word' id='word_1_595' title='bbox 1049 4194 1372 4267; x_wconf 78' lang='grc' dir='ltr'>ἐργάζομαι.</span> <span class='ocrx_word' id='word_1_596' title='bbox 1409 4199 1507 4251; x_wconf 75' lang='grc' dir='ltr'><strong>Διὰ</strong></span> <span class='ocrx_word' id='word_1_597' title='bbox 1527 4173 1795 4253; x_wconf 33' lang='grc' dir='ltr'>τοῦτο-οῦν</span> 
     </span>
    </p>
   </div>
   <div class='ocr_carea' id='block_1_81' title="bbox 225 4268 1793 4356">
    <p class='ocr_par' dir='ltr' id='par_1_81' title="bbox 225 4268 1793 4356">
     <span class='ocr_line' id='line_1_81' title="bbox 225 4268 1793 4356; baseline 0.017 -36"><span class='ocrx_word' id='word_1_598' title='bbox 225 4268 428 4336; x_wconf 80' lang='grc' dir='ltr'>μᾶλλον</span> <span class='ocrx_word' id='word_1_599' title='bbox 457 4273 621 4328; x_wconf 82' lang='grc' dir='ltr'>αὑτὸν</span> <span class='ocrx_word' id='word_1_600' title='bbox 638 4276 866 4347; x_wconf 73' lang='grc' dir='ltr'>ἐζήτουν</span> <span class='ocrx_word' id='word_1_601' title='bbox 894 4284 945 4337; x_wconf 80' lang='lat' dir='ltr'><strong>oi</strong></span> <span class='ocrx_word' id='word_1_602' title='bbox 986 4286 1223 4341; x_wconf 83' lang='grc' dir='ltr'>Ἰουδαῖοι</span> <span class='ocrx_word' id='word_1_603' title='bbox 1254 4288 1594 4356; x_wconf 80' lang='grc' dir='ltr'>ἀποκτεῖναι,</span> <span class='ocrx_word' id='word_1_604' title='bbox 1616 4294 1697 4345; x_wconf 86' lang='grc' dir='ltr'>ὅτι</span> <span class='ocrx_word' id='word_1_605' title='bbox 1731 4292 1793 4345; x_wconf 81' lang='grc' dir='ltr'>οὐ</span> 
     </span>
    </p>
   </div>
   <div class='ocr_carea' id='block_1_82' title="bbox 225 4360 1795 4454">
    <p class='ocr_par' dir='ltr' id='par_1_82' title="bbox 225 4360 1795 4454">
     <span class='ocr_line' id='line_1_82' title="bbox 225 4360 1795 4454; baseline 0.016 -41"><span class='ocrx_word' id='word_1_606' title='bbox 225 4360 387 4454; x_wconf 81' lang='grc' dir='ltr'>μόνον</span> <span class='ocrx_word' id='word_1_607' title='bbox 417 4364 538 4420; x_wconf 73' lang='grc' dir='ltr'>ἔλυε</span> <span class='ocrx_word' id='word_1_608' title='bbox 559 4368 619 4421; x_wconf 85' lang='grc' dir='ltr'>τὸ</span> <span class='ocrx_word' id='word_1_609' title='bbox 631 4371 929 4445; x_wconf 85' lang='grc' dir='ltr'>Σάϐϐατον,</span> <span class='ocrx_word' id='word_1_610' title='bbox 957 4377 1093 4433; x_wconf 86' lang='grc' dir='ltr'>ἀλλὰ</span> <span class='ocrx_word' id='word_1_611' title='bbox 1117 4382 1210 4434; x_wconf 83' lang='grc' dir='ltr'>καὶ</span> <span class='ocrx_word' id='word_1_612' title='bbox 1234 4382 1454 4454; x_wconf 83' lang='grc' dir='ltr'>Πατέρα</span> <span class='ocrx_word' id='word_1_613' title='bbox 1477 4384 1607 4439; x_wconf 86' lang='grc' dir='ltr'>ίδιον</span> <span class='ocrx_word' id='word_1_614' title='bbox 1639 4384 1795 4453; x_wconf 73' lang='grc' dir='ltr'>ἔλεγε</span> 
     </span>
    </p>
   </div>
   <div class='ocr_carea' id='block_1_83' title="bbox 1910 4097 3468 4171">
    <p class='ocr_par' dir='ltr' id='par_1_83' title="bbox 1910 4097 3468 4171">
     <span class='ocr_line' id='line_1_83' title="bbox 1910 4097 3468 4171; baseline -0.003 -11"><span class='ocrx_word' id='word_1_615' title='bbox 1910 4164 1918 4171; x_wconf 57' lang='grc'><strong>,</strong></span> <span class='ocrx_word' id='word_1_616' title='bbox 1977 4105 2136 4161; x_wconf 75' lang='lat' dir='ltr'><strong>Vens.</strong></span> <span class='ocrx_word' id='word_1_617' title='bbox 2166 4104 2349 4170; x_wconf 83' lang='lat' dir='ltr'><strong>i7,l8.</strong></span> <span class='ocrx_word' id='word_1_618' title='bbox 2381 4122 2399 4155; x_wconf 80' lang='grc' dir='ltr'><strong>ι</strong></span> <span class='ocrx_word' id='word_1_619' title='bbox 2433 4102 2595 4159; x_wconf 77' lang='lat' dir='ltr'><strong>Jesus</strong></span> <span class='ocrx_word' id='word_1_620' title='bbox 2622 4110 2800 4157; x_wconf 90' lang='lat' dir='ltr'><strong>autem</strong></span> <span class='ocrx_word' id='word_1_621' title='bbox 2836 4099 3214 4170; x_wconf 83' lang='lat' dir='ltr'><strong>responditeis</strong></span> <span class='ocrx_word' id='word_1_622' title='bbox 3253 4115 3268 4154; x_wconf 90' lang='lat'><strong>:</strong></span> <span class='ocrx_word' id='word_1_623' title='bbox 3305 4097 3468 4155; x_wconf 84' lang='lat' dir='ltr'><strong>P-ater</strong></span> 
     </span>
    </p>
   </div>
   <div class='ocr_carea' id='block_1_84' title="bbox 1900 4194 3463 4265">
    <p class='ocr_par' dir='ltr' id='par_1_84' title="bbox 1900 4194 3463 4265">
     <span class='ocr_line' id='line_1_84' title="bbox 1900 4194 3463 4265; baseline -0.001 -16"><span class='ocrx_word' id='word_1_624' title='bbox 1900 4210 2051 4250; x_wconf 90' lang='lat' dir='ltr'><strong>meus</strong></span> <span class='ocrx_word' id='word_1_625' title='bbox 2082 4209 2250 4265; x_wconf 85' lang='lat' dir='ltr'><strong>usque</strong></span> <span class='ocrx_word' id='word_1_626' title='bbox 2276 4194 2344 4250; x_wconf 89' lang='lat' dir='ltr'><strong>ad</strong></span> <span class='ocrx_word' id='word_1_627' title='bbox 2375 4194 2478 4250; x_wconf 91' lang='lat' dir='ltr'><strong>hoc</strong></span> <span class='ocrx_word' id='word_1_628' title='bbox 2507 4204 2716 4265; x_wconf 82' lang='lat' dir='ltr'><strong>tempus</strong></span> <span class='ocrx_word' id='word_1_629' title='bbox 2737 4200 3015 4264; x_wconf 88' lang='lat' dir='ltr'><strong>operatur,</strong></span> <span class='ocrx_word' id='word_1_630' title='bbox 3040 4200 3094 4249; x_wconf 91' lang='lat' dir='ltr'><strong>et</strong></span> <span class='ocrx_word' id='word_1_631' title='bbox 3119 4206 3219 4263; x_wconf 80' lang='lat' dir='ltr'><strong>ego</strong></span> <span class='ocrx_word' id='word_1_632' title='bbox 3244 4206 3463 4263; x_wconf 89' lang='lat' dir='ltr'><strong>operor.</strong></span> 
     </span>
    </p>
   </div>
   <div class='ocr_carea' id='block_1_85' title="bbox 1898 4281 3461 4358">
    <p class='ocr_par' dir='ltr' id='par_1_85' title="bbox 1898 4281 3461 4358">
     <span class='ocr_line' id='line_1_85' title="bbox 1898 4281 3461 4358; baseline -0.003 -16"><span class='ocrx_word' id='word_1_633' title='bbox 1898 4286 2191 4357; x_wconf 89' lang='lat' dir='ltr'><strong>Propterea</strong></span> <span class='ocrx_word' id='word_1_634' title='bbox 2220 4288 2391 4358; x_wconf 88' lang='lat' dir='ltr'><strong>magis</strong></span> <span class='ocrx_word' id='word_1_635' title='bbox 2420 4287 2731 4356; x_wconf 66' lang='lat' dir='ltr'><strong>quaerebant</strong></span> <span class='ocrx_word' id='word_1_636' title='bbox 2763 4300 2887 4339; x_wconf 91' lang='lat' dir='ltr'><strong>eum</strong></span> <span class='ocrx_word' id='word_1_637' title='bbox 2919 4281 3094 4339; x_wconf 67' lang='lat' dir='ltr'><strong>Judmi</strong></span> <span class='ocrx_word' id='word_1_638' title='bbox 3129 4283 3461 4347; x_wconf 82' lang='lat' dir='ltr'><strong>interﬁcere,</strong></span> 
     </span>
    </p>
   </div>
   <div class='ocr_carea' id='block_1_86' title="bbox 1899 4373 3463 4448">
    <p class='ocr_par' dir='ltr' id='par_1_86' title="bbox 1899 4373 3463 4448">
     <span class='ocr_line' id='line_1_86' title="bbox 1899 4373 3463 4448; baseline -0.006 -11"><span class='ocrx_word' id='word_1_639' title='bbox 1899 4380 2023 4448; x_wconf 85' lang='lat' dir='ltr'><strong>quia</strong></span> <span class='ocrx_word' id='word_1_640' title='bbox 2069 4395 2171 4435; x_wconf 91' lang='lat' dir='ltr'><strong>non</strong></span> <span class='ocrx_word' id='word_1_641' title='bbox 2205 4378 2380 4435; x_wconf 89' lang='lat' dir='ltr'><strong>solum</strong></span> <span class='ocrx_word' id='word_1_642' title='bbox 2410 4378 2657 4435; x_wconf 83' lang='lat' dir='ltr'><strong>solvisset</strong></span> <span class='ocrx_word' id='word_1_643' title='bbox 2687 4376 3006 4443; x_wconf 88' lang='lat' dir='ltr'><strong>Sabbatum,</strong></span> <span class='ocrx_word' id='word_1_644' title='bbox 3034 4376 3129 4433; x_wconf 88' lang='lat' dir='ltr'><strong>sed</strong></span> <span class='ocrx_word' id='word_1_645' title='bbox 3161 4383 3216 4432; x_wconf 83' lang='lat' dir='ltr'><strong>et</strong></span> <span class='ocrx_word' id='word_1_646' title='bbox 3249 4373 3463 4432; x_wconf 87' lang='lat' dir='ltr'><strong>Patrem</strong></span> 
     </span>
    </p>
   </div>
   <div class='ocr_carea' id='block_1_87' title="bbox 221 4452 1791 4567">
    <p class='ocr_par' dir='ltr' id='par_1_87' title="bbox 221 4452 1791 4567">
     <span class='ocr_line' id='line_1_87' title="bbox 221 4452 1791 4567; baseline 0.018 -63"><span class='ocrx_word' id='word_1_647' title='bbox 221 4452 335 4567; x_wconf 45' lang='lat' dir='ltr'><strong>ﬁt;</strong></span> <span class='ocrx_word' id='word_1_648' title='bbox 350 4457 503 4563; x_wconf 60' lang='grc' dir='ltr'>Θερν,</span> <span class='ocrx_word' id='word_1_649' title='bbox 538 4459 654 4567; x_wconf 53' lang='grc' dir='ltr'>ἴσον</span> <span class='ocrx_word' id='word_1_650' title='bbox 686 4465 878 4567; x_wconf 66' lang='grc' dir='ltr'>ἑαυτὸν</span> <span class='ocrx_word' id='word_1_651' title='bbox 912 4472 1082 4567; x_wconf 63' lang='grc' dir='ltr'>πραῢν</span> <span class='ocrx_word' id='word_1_652' title='bbox 1104 4474 1183 4544; x_wconf 82' lang='grc' dir='ltr'><strong>τῷ</strong></span> <span class='ocrx_word' id='word_1_653' title='bbox 1218 4476 1355 4548; x_wconf 87' lang='grc' dir='ltr'>Θεῷ.</span> <span class='ocrx_word' id='word_1_654' title='bbox 1443 4479 1506 4533; x_wconf 87' lang='grc' dir='ltr'><strong>Οἱ</strong></span> <span class='ocrx_word' id='word_1_655' title='bbox 1540 4478 1639 4549; x_wconf 84' lang='grc' dir='ltr'>μὲν</span> <span class='ocrx_word' id='word_1_656' title='bbox 1664 4452 1791 4533; x_wconf 86' lang='grc' dir='ltr'>Ἰου-</span> 
     </span>
    </p>
   </div>
   <div class='ocr_carea' id='block_1_88' title="bbox 1892 4452 3461 4567">
    <p class='ocr_par' dir='ltr' id='par_1_88' title="bbox 1900 4467 3461 4542">
     <span class='ocr_line' id='line_1_88' title="bbox 1900 4467 3461 4542; baseline -0.008 -10"><span class='ocrx_word' id='word_1_657' title='bbox 1900 4488 2057 4532; x_wconf 88' lang='lat' dir='ltr'><strong>suum</strong></span> <span class='ocrx_word' id='word_1_658' title='bbox 2099 4473 2328 4529; x_wconf 75' lang='lat' dir='ltr'><strong>dixisset</strong></span> <span class='ocrx_word' id='word_1_659' title='bbox 2374 4471 2562 4537; x_wconf 86' lang='lat' dir='ltr'><strong>Deum,</strong></span> <span class='ocrx_word' id='word_1_660' title='bbox 2592 4470 2853 4542; x_wconf 70' lang='lat' dir='ltr'><strong>aequalem</strong></span> <span class='ocrx_word' id='word_1_661' title='bbox 2901 4483 2961 4526; x_wconf 86' lang='lat' dir='ltr'><strong>se</strong></span> <span class='ocrx_word' id='word_1_662' title='bbox 3013 4468 3122 4524; x_wconf 89' lang='lat' dir='ltr'><strong>Deo</strong></span> <span class='ocrx_word' id='word_1_663' title='bbox 3178 4467 3405 4524; x_wconf 86' lang='lat' dir='ltr'><strong>faciens.</strong></span> <span class='ocrx_word' id='word_1_664' title='bbox 3443 4487 3461 4519; x_wconf 70' lang='grc' dir='ltr'><strong>ι</strong></span> 
     </span>
    </p>
   </div>
   <div class='ocr_carea' id='block_1_89' title="bbox 222 4539 1789 4638">
    <p class='ocr_par' dir='ltr' id='par_1_89' title="bbox 222 4539 1789 4638">
     <span class='ocr_line' id='line_1_89' title="bbox 222 4539 1789 4638; baseline 0.019 -45"><span class='ocrx_word' id='word_1_665' title='bbox 222 4539 360 4638; x_wconf 76' lang='grc' dir='ltr'>δαῖοι</span> <span class='ocrx_word' id='word_1_666' title='bbox 408 4545 485 4611; x_wconf 83' lang='grc' dir='ltr'>ὼς</span> <span class='ocrx_word' id='word_1_667' title='bbox 534 4550 898 4627; x_wconf 80' lang='grc' dir='ltr'>ἐργασαμένῳ</span> <span class='ocrx_word' id='word_1_668' title='bbox 947 4560 1006 4612; x_wconf 91' lang='grc' dir='ltr'><strong>ἐν</strong></span> <span class='ocrx_word' id='word_1_669' title='bbox 1037 4539 1442 4636; x_wconf 47' lang='grc' dir='ltr'>Σαϐϐάτῳ-τὴν</span> <span class='ocrx_word' id='word_1_670' title='bbox 1470 4539 1789 4638; x_wconf 78' lang='grc' dir='ltr'>θεραπείαν,</span> 
     </span>
    </p>
   </div>
   <div class='ocr_carea' id='block_1_90' title="bbox 220 4634 1793 4735">
    <p class='ocr_par' dir='ltr' id='par_1_90' title="bbox 220 4634 1793 4735">
     <span class='ocr_line' id='line_1_90' title="bbox 220 4634 1793 4735; baseline 0.018 -49"><span class='ocrx_word' id='word_1_671' title='bbox 220 4634 515 4735; x_wconf 56' lang='grc' dir='ltr'>ἐγκαλοῦσι</span> <span class='ocrx_word' id='word_1_672' title='bbox 548 4644 625 4735; x_wconf 63' lang='grc' dir='ltr'>τῷ</span> <span class='ocrx_word' id='word_1_673' title='bbox 652 4646 907 4735; x_wconf 71' lang='grc' dir='ltr'>Χριστῷ·</span> <span class='ocrx_word' id='word_1_674' title='bbox 941 4651 1102 4715; x_wconf 84' lang='grc' dir='ltr'>αὐτὸς</span> <span class='ocrx_word' id='word_1_675' title='bbox 1124 4654 1180 4707; x_wconf 87' lang='grc' dir='ltr'>δὲ</span> <span class='ocrx_word' id='word_1_676' title='bbox 1208 4651 1296 4709; x_wconf 66' lang='lat' dir='ltr'><strong>ora</strong></span> <span class='ocrx_word' id='word_1_677' title='bbox 1325 4634 1407 4729; x_wconf 64' lang='grc' dir='ltr'><strong>δὴῘ</strong></span> <span class='ocrx_word' id='word_1_678' title='bbox 1426 4634 1686 4728; x_wconf 74' lang='grc' dir='ltr'>ὁμότιμος</span> <span class='ocrx_word' id='word_1_679' title='bbox 1716 4634 1793 4714; x_wconf 62' lang='grc' dir='ltr'><strong>ὣς.</strong></span> 
     </span>
    </p>
   </div>
   <div class='ocr_carea' id='block_1_91' title="bbox 220 4726 1793 4820">
    <p class='ocr_par' dir='ltr' id='par_1_91' title="bbox 220 4726 1793 4820">
     <span class='ocr_line' id='line_1_91' title="bbox 220 4726 1793 4820; baseline 0.018 -45"><span class='ocrx_word' id='word_1_680' title='bbox 320 4726 493 4799; x_wconf 76' lang='grc' dir='ltr'>Ιιατρὶ</span> <span class='ocrx_word' id='word_1_681' title='bbox 520 4732 616 4785; x_wconf 81' lang='grc' dir='ltr'>καὶ</span> <span class='ocrx_word' id='word_1_682' title='bbox 638 4734 738 4804; x_wconf 86' lang='grc' dir='ltr'><strong>τῆς</strong></span> <span class='ocrx_word' id='word_1_683' title='bbox 756 4738 926 4810; x_wconf 82' lang='grc' dir='ltr'>αὐτῆς</span> <span class='ocrx_word' id='word_1_684' title='bbox 955 4739 1218 4810; x_wconf 79' lang='grc' dir='ltr'>ἐξουσίας,</span> <span class='ocrx_word' id='word_1_685' title='bbox 1249 4726 1435 4813; x_wconf 62' lang='grc' dir='ltr'>φησιν,</span> <span class='ocrx_word' id='word_1_686' title='bbox 1466 4726 1553 4801; x_wconf 11' lang='grc' dir='ltr'>γὸτι</span> <span class='ocrx_word' id='word_1_687' title='bbox 1583 4726 1793 4820; x_wconf 73' lang='grc' dir='ltr'>Ὥσπερ</span> 
     </span>
    </p>
   </div>
   <div class='ocr_carea' id='block_1_92' title="bbox 222 4815 1788 4912">
    <p class='ocr_par' dir='ltr' id='par_1_92' title="bbox 222 4815 1788 4912">
     <span class='ocr_line' id='line_1_92' title="bbox 222 4815 1788 4912; baseline 0.018 -45"><span class='ocrx_word' id='word_1_688' title='bbox 222 4815 249 4866; x_wconf 80' lang='grc' dir='ltr'>ὁ</span> <span class='ocrx_word' id='word_1_689' title='bbox 272 4816 404 4912; x_wconf 48' lang='grc' dir='ltr'>θεὸς</span> <span class='ocrx_word' id='word_1_690' title='bbox 436 4825 527 4876; x_wconf 68' lang='grc' dir='ltr'>καὶ</span> <span class='ocrx_word' id='word_1_691' title='bbox 557 4827 749 4900; x_wconf 88' lang='grc' dir='ltr'>Πατήρ</span> <span class='ocrx_word' id='word_1_692' title='bbox 778 4848 882 4899; x_wconf 91' lang='grc' dir='ltr'><strong>μου</strong></span> <span class='ocrx_word' id='word_1_693' title='bbox 932 4834 1222 4904; x_wconf 77' lang='grc' dir='ltr'>ἐργάζεται</span> <span class='ocrx_word' id='word_1_694' title='bbox 1263 4840 1355 4891; x_wconf 75' lang='grc' dir='ltr'>καὶ</span> <span class='ocrx_word' id='word_1_695' title='bbox 1402 4839 1461 4893; x_wconf 91' lang='grc' dir='ltr'><strong>ἐν</strong></span> <span class='ocrx_word' id='word_1_696' title='bbox 1503 4815 1788 4912; x_wconf 40' lang='grc' dir='ltr'>Σαϐϐάτῳ..</span> 
     </span>
    </p>
   </div>
   <div class='ocr_carea' id='block_1_93' title="bbox 221 4907 1792 4998">
    <p class='ocr_par' dir='ltr' id='par_1_93' title="bbox 221 4907 1792 4998">
     <span class='ocr_line' id='line_1_93' title="bbox 221 4907 1792 4998; baseline 0.017 -40"><span class='ocrx_word' id='word_1_697' title='bbox 221 4907 316 4998; x_wconf 78' lang='grc' dir='ltr'>καὶ</span> <span class='ocrx_word' id='word_1_698' title='bbox 336 4911 437 4963; x_wconf 87' lang='grc' dir='ltr'><strong>ούκ</strong></span> <span class='ocrx_word' id='word_1_699' title='bbox 458 4914 738 4980; x_wconf 84' lang='grc' dir='ltr'>ἐγκαλεῖτε</span> <span class='ocrx_word' id='word_1_700' title='bbox 776 4922 946 4990; x_wconf 78' lang='grc' dir='ltr'>αὐτῷ,</span> <span class='ocrx_word' id='word_1_701' title='bbox 983 4923 1157 4988; x_wconf 77' lang='grc' dir='ltr'>οὕτως</span> <span class='ocrx_word' id='word_1_702' title='bbox 1197 4927 1316 4981; x_wconf 72' lang='grc' dir='ltr'>οὐδὲ</span> <span class='ocrx_word' id='word_1_703' title='bbox 1346 4928 1491 4998; x_wconf 87' lang='grc' dir='ltr'>ἐμοί.</span> <span class='ocrx_word' id='word_1_704' title='bbox 1527 4929 1653 4993; x_wconf 87' lang='grc' dir='ltr'><strong>Πῶς</strong></span> <span class='ocrx_word' id='word_1_705' title='bbox 1680 4907 1792 4985; x_wconf 52' lang='lat' dir='ltr'><strong>eis</strong></span> 
     </span>
    </p>
   </div>
   <div class='ocr_carea' id='block_1_94' title="bbox 222 4997 1789 5089">
    <p class='ocr_par' dir='ltr' id='par_1_94' title="bbox 222 4997 1789 5089">
     <span class='ocr_line' id='line_1_94' title="bbox 222 4997 1789 5089; baseline 0.018 -40"><span class='ocrx_word' id='word_1_706' title='bbox 222 4997 412 5072; x_wconf 78' lang='grc' dir='ltr'>Πατὴρ</span> <span class='ocrx_word' id='word_1_707' title='bbox 435 5005 735 5074; x_wconf 81' lang='grc' dir='ltr'>ἐργάζεται</span> <span class='ocrx_word' id='word_1_708' title='bbox 774 5011 880 5077; x_wconf 72' lang='grc' dir='ltr'>ἕως</span> <span class='ocrx_word' id='word_1_709' title='bbox 913 5014 1066 5081; x_wconf 78' lang='grc' dir='ltr'>ἄρτι,</span> <span class='ocrx_word' id='word_1_710' title='bbox 1113 5016 1207 5070; x_wconf 89' lang='grc' dir='ltr'><strong>τοῦ</strong></span> <span class='ocrx_word' id='word_1_711' title='bbox 1252 4997 1493 5082; x_wconf 84' lang='grc' dir='ltr'>Μωσέως</span> <span class='ocrx_word' id='word_1_712' title='bbox 1519 5020 1789 5089; x_wconf 84' lang='grc' dir='ltr'>λέγοντος,</span> 
     </span>
    </p>
   </div>
   <div class='ocr_carea' id='block_1_95' title="bbox 218 5090 1793 5182">
    <p class='ocr_par' dir='ltr' id='par_1_95' title="bbox 218 5090 1793 5182">
     <span class='ocr_line' id='line_1_95' title="bbox 218 5090 1793 5182; baseline 0.014 -37"><span class='ocrx_word' id='word_1_713' title='bbox 218 5090 303 5145; x_wconf 73' lang='grc' dir='ltr'>ὅτι</span> <span class='ocrx_word' id='word_1_714' title='bbox 339 5111 358 5145; x_wconf 81' lang='lat' dir='ltr'><strong>t</strong></span> <span class='ocrx_word' id='word_1_715' title='bbox 394 5096 750 5182; x_wconf 78' lang='grc' dir='ltr'>κατέπαυσεν</span> <span class='ocrx_word' id='word_1_716' title='bbox 769 5103 798 5155; x_wconf 84' lang='grc' dir='ltr'>ὀ</span> <span class='ocrx_word' id='word_1_717' title='bbox 826 5104 956 5169; x_wconf 82' lang='grc' dir='ltr'>Θεὸς</span> <span class='ocrx_word' id='word_1_718' title='bbox 980 5106 1088 5160; x_wconf 78' lang='grc' dir='ltr'><strong>ἀπὸ</strong></span> <span class='ocrx_word' id='word_1_719' title='bbox 1117 5108 1336 5163; x_wconf 81' lang='grc' dir='ltr'>πάντων</span> <span class='ocrx_word' id='word_1_720' title='bbox 1366 5110 1474 5163; x_wconf 85' lang='grc' dir='ltr'><strong>τῶν</strong></span> <span class='ocrx_word' id='word_1_721' title='bbox 1494 5111 1670 5182; x_wconf 79' lang='grc' dir='ltr'>ἔργων</span> <span class='ocrx_word' id='word_1_722' title='bbox 1698 5113 1793 5166; x_wconf 85' lang='grc' dir='ltr'>αύ-</span> 
     </span>
    </p>
   </div>
   <div class='ocr_carea' id='block_1_96' title="bbox 217 5177 1787 5272">
    <p class='ocr_par' dir='ltr' id='par_1_96' title="bbox 217 5177 1787 5272">
     <span class='ocr_line' id='line_1_96' title="bbox 217 5177 1787 5272; baseline 0.016 -37"><span class='ocrx_word' id='word_1_723' title='bbox 217 5183 346 5249; x_wconf 81' lang='grc' dir='ltr'>τοῦ;</span> <span class='ocrx_word' id='word_1_724' title='bbox 375 5204 394 5237; x_wconf 75' lang='grc' dir='ltr'><strong>ι</strong></span> <span class='ocrx_word' id='word_1_725' title='bbox 455 5177 644 5255; x_wconf 75' lang='grc' dir='ltr'>Θέλεις</span> <span class='ocrx_word' id='word_1_726' title='bbox 685 5196 900 5265; x_wconf 89' lang='grc' dir='ltr'>μαθεῖν,</span> <span class='ocrx_word' id='word_1_727' title='bbox 946 5198 1063 5263; x_wconf 85' lang='grc' dir='ltr'><strong>πῶς</strong></span> <span class='ocrx_word' id='word_1_728' title='bbox 1108 5200 1401 5272; x_wconf 74' lang='grc' dir='ltr'>ἐργάζεται</span> <span class='ocrx_word' id='word_1_729' title='bbox 1442 5177 1534 5258; x_wconf 37' lang='grc' dir='ltr'>ἔτι.</span> <span class='ocrx_word' id='word_1_730' title='bbox 1558 5207 1587 5259; x_wconf 83' lang='grc' dir='ltr'><strong><em>ὁ</em></strong></span> <span class='ocrx_word' id='word_1_731' title='bbox 1622 5204 1787 5272; x_wconf 84' lang='grc' dir='ltr'>Θεός;</span> 
     </span>
    </p>
   </div>
   <div class='ocr_carea' id='block_1_97' title="bbox 222 5277 1791 5369">
    <p class='ocr_par' dir='ltr' id='par_1_97' title="bbox 222 5277 1791 5369">
     <span class='ocr_line' id='line_1_97' title="bbox 222 5277 1791 5369; baseline 0.017 -39"><span class='ocrx_word' id='word_1_732' title='bbox 222 5277 366 5369; x_wconf 81' lang='grc' dir='ltr'>Ὅρα</span> <span class='ocrx_word' id='word_1_733' title='bbox 387 5282 487 5353; x_wconf 88' lang='grc' dir='ltr'>τὴν</span> <span class='ocrx_word' id='word_1_734' title='bbox 516 5287 858 5363; x_wconf 82' lang='grc' dir='ltr'>οίκουμένην,</span> <span class='ocrx_word' id='word_1_735' title='bbox 886 5293 981 5346; x_wconf 78' lang='grc' dir='ltr'>καὶ</span> <span class='ocrx_word' id='word_1_736' title='bbox 1008 5295 1292 5367; x_wconf 86' lang='grc' dir='ltr'>κατάμαθε</span> <span class='ocrx_word' id='word_1_737' title='bbox 1310 5299 1378 5352; x_wconf 80' lang='grc' dir='ltr'><strong>τά</strong></span> <span class='ocrx_word' id='word_1_738' title='bbox 1395 5298 1496 5369; x_wconf 79' lang='grc' dir='ltr'>τῆς</span> <span class='ocrx_word' id='word_1_739' title='bbox 1525 5298 1791 5369; x_wconf 85' lang='grc' dir='ltr'>Προνοίας</span> 
     </span>
    </p>
   </div>
   <div class='ocr_carea' id='block_1_98' title="bbox 219 5368 1790 5463">
    <p class='ocr_par' dir='ltr' id='par_1_98' title="bbox 219 5368 1790 5463">
     <span class='ocr_line' id='line_1_98' title="bbox 219 5368 1790 5463; baseline 0.017 -41"><span class='ocrx_word' id='word_1_740' title='bbox 219 5368 358 5441; x_wconf 75' lang='grc' dir='ltr'>ἔργα</span> <span class='ocrx_word' id='word_1_741' title='bbox 379 5390 393 5405; x_wconf 84' lang='lat'><strong><em>°</em></strong></span> <span class='ocrx_word' id='word_1_742' title='bbox 429 5376 583 5446; x_wconf 76' lang='grc' dir='ltr'>ἥλιον</span> <span class='ocrx_word' id='word_1_743' title='bbox 615 5382 991 5452; x_wconf 82' lang='grc' dir='ltr'>ἀνατέλλοντα,</span> <span class='ocrx_word' id='word_1_744' title='bbox 1024 5388 1281 5459; x_wconf 79' lang='grc' dir='ltr'>δυόμενον</span> <span class='ocrx_word' id='word_1_745' title='bbox 1301 5430 1316 5455; x_wconf 93' lang='grc'><strong>,</strong></span> <span class='ocrx_word' id='word_1_746' title='bbox 1349 5368 1646 5458; x_wconf 85' lang='grc' dir='ltr'>θάλασσαν,</span> <span class='ocrx_word' id='word_1_747' title='bbox 1681 5410 1790 5463; x_wconf 81' lang='grc' dir='ltr'>πη-</span> 
     </span>
    </p>
   </div>
   <div class='ocr_carea' id='block_1_99' title="bbox 220 5464 1786 5557">
    <p class='ocr_par' dir='ltr' id='par_1_99' title="bbox 220 5464 1786 5557">
     <span class='ocr_line' id='line_1_99' title="bbox 220 5464 1786 5557; baseline 0.015 -40"><span class='ocrx_word' id='word_1_748' title='bbox 220 5464 344 5532; x_wconf 77' lang='grc' dir='ltr'>γὰς,</span> <span class='ocrx_word' id='word_1_749' title='bbox 377 5472 677 5542; x_wconf 78' lang='grc' dir='ltr'>ποταμοὺς,</span> <span class='ocrx_word' id='word_1_750' title='bbox 710 5475 824 5540; x_wconf 79' lang='grc' dir='ltr'><strong>ζῶα</strong></span> <span class='ocrx_word' id='word_1_751' title='bbox 858 5480 1033 5535; x_wconf 88' lang='grc' dir='ltr'>πάντα</span> <span class='ocrx_word' id='word_1_752' title='bbox 1055 5482 1243 5547; x_wconf 82' lang='grc' dir='ltr'>ἁπλῶς</span> <span class='ocrx_word' id='word_1_753' title='bbox 1273 5484 1747 5557; x_wconf 81' lang='grc' dir='ltr'>δημιουργηθέντα</span> <span class='ocrx_word' id='word_1_754' title='bbox 1772 5500 1786 5517; x_wconf 86' lang='grc'><strong>·</strong></span> 
     </span>
    </p>
   </div>
   <div class='ocr_carea' id='block_1_100' title="bbox 221 5558 1790 5649">
    <p class='ocr_par' dir='ltr' id='par_1_100' title="bbox 221 5558 1790 5649">
     <span class='ocr_line' id='line_1_100' title="bbox 221 5558 1790 5649; baseline 0.015 -40"><span class='ocrx_word' id='word_1_755' title='bbox 221 5558 316 5612; x_wconf 80' lang='grc' dir='ltr'>καὶ</span> <span class='ocrx_word' id='word_1_756' title='bbox 354 5561 483 5625; x_wconf 84' lang='grc' dir='ltr'>ίδοις</span> <span class='ocrx_word' id='word_1_757' title='bbox 516 5565 581 5618; x_wconf 79' lang='grc' dir='ltr'>ἂν</span> <span class='ocrx_word' id='word_1_758' title='bbox 608 5566 708 5638; x_wconf 80' lang='grc' dir='ltr'>τὴν</span> <span class='ocrx_word' id='word_1_759' title='bbox 758 5570 934 5626; x_wconf 79' lang='grc' dir='ltr'>κτίσιν</span> <span class='ocrx_word' id='word_1_760' title='bbox 958 5575 1025 5629; x_wconf 80' lang='grc' dir='ltr'>τὰ</span> <span class='ocrx_word' id='word_1_761' title='bbox 1052 5576 1252 5645; x_wconf 78' lang='grc' dir='ltr'>ἑαυτῆς</span> <span class='ocrx_word' id='word_1_762' title='bbox 1280 5578 1623 5648; x_wconf 85' lang='grc' dir='ltr'>ἐνεργοῦσαν,</span> <span class='ocrx_word' id='word_1_763' title='bbox 1654 5577 1790 5649; x_wconf 78' lang='grc' dir='ltr'>μᾶλ-</span> 
     </span>
    </p>
   </div>
   <div class='ocr_carea' id='block_1_101' title="bbox 216 5647 1789 5740">
    <p class='ocr_par' dir='ltr' id='par_1_101' title="bbox 216 5647 1789 5740">
     <span class='ocr_line' id='line_1_101' title="bbox 216 5647 1789 5740; baseline 0.022 -41"><span class='ocrx_word' id='word_1_764' title='bbox 216 5647 312 5702; x_wconf 78' lang='grc' dir='ltr'><strong>λον</strong></span> <span class='ocrx_word' id='word_1_765' title='bbox 336 5650 391 5703; x_wconf 77' lang='grc' dir='ltr'><strong>δέ</strong></span> <span class='ocrx_word' id='word_1_766' title='bbox 414 5653 830 5730; x_wconf 86' lang='grc' dir='ltr'>ἐνεργουμένην,</span> <span class='ocrx_word' id='word_1_767' title='bbox 858 5662 953 5715; x_wconf 78' lang='grc' dir='ltr'>καὶ</span> <span class='ocrx_word' id='word_1_768' title='bbox 984 5665 1309 5736; x_wconf 84' lang='grc' dir='ltr'>κινουμένην</span> <span class='ocrx_word' id='word_1_769' title='bbox 1342 5647 1416 5738; x_wconf 72' lang='grc' dir='ltr'><strong>τῷ</strong></span> <span class='ocrx_word' id='word_1_770' title='bbox 1446 5647 1670 5740; x_wconf 55' lang='lat' dir='ltr'><strong>appiane</strong></span> <span class='ocrx_word' id='word_1_771' title='bbox 1692 5670 1789 5740; x_wconf 82' lang='grc' dir='ltr'><strong>τῆς</strong></span> 
     </span>
    </p>
   </div>
   <div class='ocr_carea' id='block_1_102' title="bbox 222 5740 1789 5830">
    <p class='ocr_par' dir='ltr' id='par_1_102' title="bbox 222 5740 1789 5830">
     <span class='ocr_line' id='line_1_102' title="bbox 222 5740 1789 5830; baseline 0.01 -33"><span class='ocrx_word' id='word_1_772' title='bbox 222 5740 485 5818; x_wconf 62' lang='grc' dir='ltr'>Προνοίας</span> <span class='ocrx_word' id='word_1_773' title='bbox 504 5745 665 5819; x_wconf 84' lang='grc' dir='ltr'>λόγῳ.</span> <span class='ocrx_word' id='word_1_774' title='bbox 685 5749 911 5817; x_wconf 86' lang='grc' dir='ltr'>Πάντως</span> <span class='ocrx_word' id='word_1_775' title='bbox 930 5753 985 5809; x_wconf 81' lang='grc' dir='ltr'><strong>δέ</strong></span> <span class='ocrx_word' id='word_1_776' title='bbox 1016 5755 1047 5826; x_wconf 84' lang='grc' dir='ltr'><strong>ή</strong></span> <span class='ocrx_word' id='word_1_777' title='bbox 1071 5758 1299 5823; x_wconf 77' lang='grc' dir='ltr'>Πρόνοια</span> <span class='ocrx_word' id='word_1_778' title='bbox 1322 5758 1414 5812; x_wconf 78' lang='grc' dir='ltr'>καὶ</span> <span class='ocrx_word' id='word_1_779' title='bbox 1444 5761 1501 5814; x_wconf 81' lang='grc' dir='ltr'><strong>ἐν</strong></span> <span class='ocrx_word' id='word_1_780' title='bbox 1530 5758 1789 5830; x_wconf 84' lang='grc' dir='ltr'>Σαϐϐάτῳ</span> 
     </span>
    </p>
   </div>
   <div class='ocr_carea' id='block_1_103' title="bbox 298 5927 674 5995">
    <p class='ocr_par' dir='ltr' id='par_1_103' title="bbox 298 5927 674 5995">
     <span class='ocr_line' id='line_1_103' title="bbox 298 5927 674 5995; baseline 0 -9"><span class='ocrx_word' id='word_1_781' title='bbox 298 5927 343 5961; x_wconf 59' lang='lat' dir='ltr'><strong>ﬂ</strong></span> <span class='ocrx_word' id='word_1_782' title='bbox 369 5930 498 5986; x_wconf 82' lang='lat' dir='ltr'><strong>Cen.</strong></span> <span class='ocrx_word' id='word_1_783' title='bbox 524 5947 581 5995; x_wconf 83' lang='lat' dir='ltr'><strong>ll&#39;,</strong></span> <span class='ocrx_word' id='word_1_784' title='bbox 611 5934 644 5986; x_wconf 76' lang='grc'><strong>2</strong></span> <span class='ocrx_word' id='word_1_785' title='bbox 662 5965 674 5979; x_wconf 79' lang='grc' dir='ltr'><strong><em>ο</em></strong></span> 
     </span>
    </p>
   </div>
   <div class='ocr_carea' id='block_1_104' title="bbox 1893 4560 3465 4635">
    <p class='ocr_par' dir='ltr' id='par_1_104' title="bbox 1893 4560 3465 4635">
     <span class='ocr_line' id='line_1_104' title="bbox 1893 4560 3465 4635; baseline -0.006 -12"><span class='ocrx_word' id='word_1_786' title='bbox 1893 4566 2061 4623; x_wconf 68' lang='lat' dir='ltr'><strong>Judaei</strong></span> <span class='ocrx_word' id='word_1_787' title='bbox 2118 4565 2334 4635; x_wconf 88' lang='lat' dir='ltr'><strong>quidem</strong></span> <span class='ocrx_word' id='word_1_788' title='bbox 2392 4564 2594 4619; x_wconf 88' lang='lat' dir='ltr'><strong>crimen</strong></span> <span class='ocrx_word' id='word_1_789' title='bbox 2652 4563 2936 4634; x_wconf 89' lang='lat' dir='ltr'><strong>imponunt</strong></span> <span class='ocrx_word' id='word_1_790' title='bbox 2988 4560 3230 4627; x_wconf 86' lang='lat' dir='ltr'><strong>Christo,</strong></span> <span class='ocrx_word' id='word_1_791' title='bbox 3269 4576 3465 4629; x_wconf 83' lang='lat' dir='ltr'><strong>nempe</strong></span> 
     </span>
    </p>
   </div>
   <div class='ocr_carea' id='block_1_105' title="bbox 1892 4651 3462 4728">
    <p class='ocr_par' dir='ltr' id='par_1_105' title="bbox 1892 4651 3462 4728">
     <span class='ocr_line' id='line_1_105' title="bbox 1892 4651 3462 4728; baseline -0.004 -18"><span class='ocrx_word' id='word_1_792' title='bbox 1892 4658 2033 4728; x_wconf 89' lang='lat' dir='ltr'><strong>quod</strong></span> <span class='ocrx_word' id='word_1_793' title='bbox 2063 4665 2315 4726; x_wconf 83' lang='lat' dir='ltr'><strong>operatus</strong></span> <span class='ocrx_word' id='word_1_794' title='bbox 2344 4655 2417 4710; x_wconf 89' lang='lat' dir='ltr'><strong>sit</strong></span> <span class='ocrx_word' id='word_1_795' title='bbox 2448 4655 2501 4708; x_wconf 93' lang='lat' dir='ltr'><strong>in</strong></span> <span class='ocrx_word' id='word_1_796' title='bbox 2538 4653 2774 4709; x_wconf 87' lang='lat' dir='ltr'><strong>Sabhato</strong></span> <span class='ocrx_word' id='word_1_797' title='bbox 2802 4651 3136 4709; x_wconf 88' lang='lat' dir='ltr'><strong>sanationem</strong></span> <span class='ocrx_word' id='word_1_798' title='bbox 3168 4672 3181 4707; x_wconf 89' lang='lat'><strong>:</strong></span> <span class='ocrx_word' id='word_1_799' title='bbox 3209 4651 3324 4721; x_wconf 88' lang='lat' dir='ltr'><strong>ipse</strong></span> <span class='ocrx_word' id='word_1_800' title='bbox 3362 4666 3462 4704; x_wconf 87' lang='lat' dir='ltr'><strong>au-</strong></span> 
     </span>
    </p>
   </div>
   <div class='ocr_carea' id='block_1_106' title="bbox 1893 4738 3461 4814">
    <p class='ocr_par' dir='ltr' id='par_1_106' title="bbox 1893 4738 3461 4814">
     <span class='ocr_line' id='line_1_106' title="bbox 1893 4738 3461 4814; baseline -0.006 -12"><span class='ocrx_word' id='word_1_801' title='bbox 1893 4756 1999 4802; x_wconf 91' lang='lat' dir='ltr'><strong>tem</strong></span> <span class='ocrx_word' id='word_1_802' title='bbox 2046 4753 2301 4814; x_wconf 78' lang='lat' dir='ltr'><strong>tauquam</strong></span> <span class='ocrx_word' id='word_1_803' title='bbox 2353 4742 2574 4813; x_wconf 72' lang='lat' dir='ltr'><strong>aequalis</strong></span> <span class='ocrx_word' id='word_1_804' title='bbox 2605 4742 2753 4797; x_wconf 87' lang='lat' dir='ltr'><strong>Patri</strong></span> <span class='ocrx_word' id='word_1_805' title='bbox 2805 4750 2861 4797; x_wconf 87' lang='lat' dir='ltr'><strong>et</strong></span> <span class='ocrx_word' id='word_1_806' title='bbox 2888 4740 3130 4810; x_wconf 84' lang='lat' dir='ltr'><strong>ejusdem</strong></span> <span class='ocrx_word' id='word_1_807' title='bbox 3168 4738 3461 4796; x_wconf 86' lang='lat' dir='ltr'><strong>auctorita-</strong></span> 
     </span>
    </p>
   </div>
   <div class='ocr_carea' id='block_1_107' title="bbox 1893 4831 3457 4903">
    <p class='ocr_par' dir='ltr' id='par_1_107' title="bbox 1893 4831 3457 4903">
     <span class='ocr_line' id='line_1_107' title="bbox 1893 4831 3457 4903; baseline -0.003 -12"><span class='ocrx_word' id='word_1_808' title='bbox 1893 4838 1964 4893; x_wconf 88' lang='lat' dir='ltr'><strong>tis</strong></span> <span class='ocrx_word' id='word_1_809' title='bbox 1986 4837 2149 4893; x_wconf 87' lang='lat' dir='ltr'><strong>dicit:</strong></span> <span class='ocrx_word' id='word_1_810' title='bbox 2178 4836 2329 4891; x_wconf 90' lang='lat' dir='ltr'><strong>Sicut</strong></span> <span class='ocrx_word' id='word_1_811' title='bbox 2350 4834 2492 4892; x_wconf 88' lang='lat' dir='ltr'><strong>Deus</strong></span> <span class='ocrx_word' id='word_1_812' title='bbox 2505 4843 2561 4891; x_wconf 89' lang='lat' dir='ltr'><strong>et</strong></span> <span class='ocrx_word' id='word_1_813' title='bbox 2588 4834 2749 4890; x_wconf 88' lang='lat' dir='ltr'><strong>Pater</strong></span> <span class='ocrx_word' id='word_1_814' title='bbox 2767 4848 2919 4889; x_wconf 90' lang='lat' dir='ltr'><strong>meus</strong></span> <span class='ocrx_word' id='word_1_815' title='bbox 2944 4841 3198 4903; x_wconf 87' lang='lat' dir='ltr'><strong>operatur</strong></span> <span class='ocrx_word' id='word_1_816' title='bbox 3212 4831 3373 4887; x_wconf 84' lang='lat' dir='ltr'><strong>etiam</strong></span> <span class='ocrx_word' id='word_1_817' title='bbox 3404 4833 3457 4887; x_wconf 91' lang='lat' dir='ltr'><strong>in</strong></span> 
     </span>
    </p>
   </div>
   <div class='ocr_carea' id='block_1_108' title="bbox 1891 4924 3458 4999">
    <p class='ocr_par' dir='ltr' id='par_1_108' title="bbox 1891 4924 3458 4999">
     <span class='ocr_line' id='line_1_108' title="bbox 1891 4924 3458 4999; baseline -0.008 -12"><span class='ocrx_word' id='word_1_818' title='bbox 1891 4930 2150 4996; x_wconf 86' lang='lat' dir='ltr'><strong>Sabbato,</strong></span> <span class='ocrx_word' id='word_1_819' title='bbox 2186 4938 2241 4986; x_wconf 91' lang='lat' dir='ltr'><strong>et</strong></span> <span class='ocrx_word' id='word_1_820' title='bbox 2268 4928 2689 4999; x_wconf 86' lang='lat' dir='ltr'><strong>reprehensione</strong></span> <span class='ocrx_word' id='word_1_821' title='bbox 2715 4933 2891 4990; x_wconf 86' lang='lat' dir='ltr'><strong>caret,</strong></span> <span class='ocrx_word' id='word_1_822' title='bbox 2919 4924 2993 4981; x_wconf 91' lang='lat' dir='ltr'><strong>ita</strong></span> <span class='ocrx_word' id='word_1_823' title='bbox 3027 4938 3205 4996; x_wconf 89' lang='lat' dir='ltr'><strong>neque</strong></span> <span class='ocrx_word' id='word_1_824' title='bbox 3223 4939 3322 4994; x_wconf 83' lang='lat' dir='ltr'><strong>ego</strong></span> <span class='ocrx_word' id='word_1_825' title='bbox 3346 4925 3458 4980; x_wconf 86' lang='lat' dir='ltr'><strong>cri-</strong></span> 
     </span>
    </p>
   </div>
   <div class='ocr_carea' id='block_1_109' title="bbox 1892 5015 3461 5088">
    <p class='ocr_par' dir='ltr' id='par_1_109' title="bbox 1892 5015 3461 5088">
     <span class='ocr_line' id='line_1_109' title="bbox 1892 5015 3461 5088; baseline -0.007 -10"><span class='ocrx_word' id='word_1_826' title='bbox 1892 5022 2022 5078; x_wconf 92' lang='lat' dir='ltr'><strong>mini</strong></span> <span class='ocrx_word' id='word_1_827' title='bbox 2055 5022 2323 5078; x_wconf 81' lang='lat' dir='ltr'><strong>obuoxius</strong></span> <span class='ocrx_word' id='word_1_828' title='bbox 2346 5036 2485 5076; x_wconf 88' lang='lat' dir='ltr'><strong>sum.</strong></span> <span class='ocrx_word' id='word_1_829' title='bbox 2504 5017 2783 5088; x_wconf 84' lang='lat' dir='ltr'><strong>Quomodo</strong></span> <span class='ocrx_word' id='word_1_830' title='bbox 2812 5026 2991 5072; x_wconf 91' lang='lat' dir='ltr'><strong>autem</strong></span> <span class='ocrx_word' id='word_1_831' title='bbox 3024 5015 3184 5071; x_wconf 90' lang='lat' dir='ltr'><strong>Pater</strong></span> <span class='ocrx_word' id='word_1_832' title='bbox 3206 5021 3461 5087; x_wconf 85' lang='lat' dir='ltr'><strong>operatur</strong></span> 
     </span>
    </p>
   </div>
   <div class='ocr_carea' id='block_1_110' title="bbox 1889 5107 3463 5184">
    <p class='ocr_par' dir='ltr' id='par_1_110' title="bbox 1889 5107 3463 5184">
     <span class='ocr_line' id='line_1_110' title="bbox 1889 5107 3463 5184; baseline -0.005 -14"><span class='ocrx_word' id='word_1_833' title='bbox 1889 5130 2065 5184; x_wconf 86' lang='lat' dir='ltr'><strong>usque</strong></span> <span class='ocrx_word' id='word_1_834' title='bbox 2094 5116 2161 5169; x_wconf 88' lang='lat' dir='ltr'><strong>ad</strong></span> <span class='ocrx_word' id='word_1_835' title='bbox 2191 5116 2293 5171; x_wconf 91' lang='lat' dir='ltr'><strong>hoc</strong></span> <span class='ocrx_word' id='word_1_836' title='bbox 2322 5122 2551 5183; x_wconf 88' lang='lat' dir='ltr'><strong>tempus,</strong></span> <span class='ocrx_word' id='word_1_837' title='bbox 2580 5126 2701 5167; x_wconf 91' lang='lat' dir='ltr'><strong>cum</strong></span> <span class='ocrx_word' id='word_1_838' title='bbox 2732 5109 2943 5181; x_wconf 80' lang='lat' dir='ltr'><strong>Moyses</strong></span> <span class='ocrx_word' id='word_1_839' title='bbox 2969 5108 3113 5163; x_wconf 90' lang='lat' dir='ltr'><strong>dicat</strong></span> <span class='ocrx_word' id='word_1_840' title='bbox 3147 5107 3289 5177; x_wconf 86' lang='lat' dir='ltr'><strong>quod</strong></span> <span class='ocrx_word' id='word_1_841' title='bbox 3308 5108 3463 5177; x_wconf 88' lang='lat' dir='ltr'><strong>quie-</strong></span> 
     </span>
    </p>
   </div>
   <div class='ocr_carea' id='block_1_111' title="bbox 1893 5197 3458 5272">
    <p class='ocr_par' dir='ltr' id='par_1_111' title="bbox 1893 5197 3458 5272">
     <span class='ocr_line' id='line_1_111' title="bbox 1893 5197 3458 5272; baseline -0.006 -11"><span class='ocrx_word' id='word_1_842' title='bbox 1893 5207 2033 5264; x_wconf 84' lang='lat' dir='ltr'><strong>verit</strong></span> <span class='ocrx_word' id='word_1_843' title='bbox 2063 5206 2206 5262; x_wconf 91' lang='lat' dir='ltr'><strong>Deus</strong></span> <span class='ocrx_word' id='word_1_844' title='bbox 2238 5206 2306 5261; x_wconf 89' lang='lat' dir='ltr'><strong>ab</strong></span> <span class='ocrx_word' id='word_1_845' title='bbox 2326 5204 2577 5261; x_wconf 88' lang='lat' dir='ltr'><strong>omnibus</strong></span> <span class='ocrx_word' id='word_1_846' title='bbox 2611 5203 2866 5272; x_wconf 89' lang='lat' dir='ltr'><strong>operibus</strong></span> <span class='ocrx_word' id='word_1_847' title='bbox 2891 5200 3004 5255; x_wconf 89' lang='lat' dir='ltr'><strong>suis</strong></span> <span class='ocrx_word' id='word_1_848' title='bbox 3025 5200 3109 5253; x_wconf 70' lang='grc' dir='ltr'>ἐἳ</span> <span class='ocrx_word' id='word_1_849' title='bbox 3134 5197 3227 5254; x_wconf 87' lang='lat' dir='ltr'><strong>Vis</strong></span> <span class='ocrx_word' id='word_1_850' title='bbox 3245 5199 3458 5254; x_wconf 86' lang='lat' dir='ltr'><strong>discere</strong></span> 
     </span>
    </p>
   </div>
   <div class='ocr_carea' id='block_1_112' title="bbox 1892 5289 3458 5370">
    <p class='ocr_par' dir='ltr' id='par_1_112' title="bbox 1892 5289 3458 5370">
     <span class='ocr_line' id='line_1_112' title="bbox 1892 5289 3458 5370; baseline -0.006 -17"><span class='ocrx_word' id='word_1_851' title='bbox 1892 5298 2165 5370; x_wconf 89' lang='lat' dir='ltr'><strong>quomodo</strong></span> <span class='ocrx_word' id='word_1_852' title='bbox 2184 5306 2441 5368; x_wconf 86' lang='lat' dir='ltr'><strong>operatur</strong></span> <span class='ocrx_word' id='word_1_853' title='bbox 2466 5294 2642 5349; x_wconf 90' lang='lat' dir='ltr'><strong>adhuc</strong></span> <span class='ocrx_word' id='word_1_854' title='bbox 2663 5292 2831 5348; x_wconf 81' lang='lat' dir='ltr'><strong>Deus?</strong></span> <span class='ocrx_word' id='word_1_855' title='bbox 2856 5290 2986 5347; x_wconf 81' lang='lat' dir='ltr'><strong>Vide</strong></span> <span class='ocrx_word' id='word_1_856' title='bbox 3001 5289 3458 5362; x_wconf 87' lang='lat' dir='ltr'><strong>dispensationem</strong></span> 
     </span>
    </p>
   </div>
   <div class='ocr_carea' id='block_1_113' title="bbox 1890 5382 3454 5457">
    <p class='ocr_par' dir='ltr' id='par_1_113' title="bbox 1890 5382 3454 5457">
     <span class='ocr_line' id='line_1_113' title="bbox 1890 5382 3454 5457; baseline -0.006 -11"><span class='ocrx_word' id='word_1_857' title='bbox 1890 5400 2095 5457; x_wconf 87' lang='lat' dir='ltr'><strong>rerum,</strong></span> <span class='ocrx_word' id='word_1_858' title='bbox 2137 5399 2195 5445; x_wconf 88' lang='lat' dir='ltr'><strong>et</strong></span> <span class='ocrx_word' id='word_1_859' title='bbox 2234 5388 2381 5444; x_wconf 91' lang='lat' dir='ltr'><strong>disce</strong></span> <span class='ocrx_word' id='word_1_860' title='bbox 2421 5401 2585 5457; x_wconf 88' lang='lat' dir='ltr'><strong>opera</strong></span> <span class='ocrx_word' id='word_1_861' title='bbox 2636 5384 3017 5451; x_wconf 81' lang='lat' dir='ltr'><strong>Providentiae,</strong></span> <span class='ocrx_word' id='word_1_862' title='bbox 3069 5383 3238 5440; x_wconf 88' lang='lat' dir='ltr'><strong>solem</strong></span> <span class='ocrx_word' id='word_1_863' title='bbox 3272 5382 3454 5438; x_wconf 85' lang='lat' dir='ltr'><strong>orien-</strong></span> 
     </span>
    </p>
   </div>
   <div class='ocr_carea' id='block_1_114' title="bbox 1893 5473 3455 5550">
    <p class='ocr_par' dir='ltr' id='par_1_114' title="bbox 1893 5473 3455 5550">
     <span class='ocr_line' id='line_1_114' title="bbox 1893 5473 3455 5550; baseline -0.01 -12"><span class='ocrx_word' id='word_1_864' title='bbox 1893 5493 2023 5550; x_wconf 87' lang='lat' dir='ltr'><strong>tem,</strong></span> <span class='ocrx_word' id='word_1_865' title='bbox 2067 5480 2425 5546; x_wconf 87' lang='lat' dir='ltr'><strong>occidentem,</strong></span> <span class='ocrx_word' id='word_1_866' title='bbox 2466 5493 2638 5543; x_wconf 89' lang='lat' dir='ltr'><strong>mare,</strong></span> <span class='ocrx_word' id='word_1_867' title='bbox 2679 5477 3141 5543; x_wconf 83' lang='lat' dir='ltr'><strong>fontes,ﬂumina,</strong></span> <span class='ocrx_word' id='word_1_868' title='bbox 3183 5473 3455 5533; x_wconf 85' lang='lat' dir='ltr'><strong>animalia,</strong></span> 
     </span>
    </p>
   </div>
   <div class='ocr_carea' id='block_1_115' title="bbox 1890 5568 3463 5646">
    <p class='ocr_par' dir='ltr' id='par_1_115' title="bbox 1890 5568 3463 5646">
     <span class='ocr_line' id='line_1_115' title="bbox 1890 5568 3463 5646; baseline -0.009 -15"><span class='ocrx_word' id='word_1_869' title='bbox 1890 5584 1947 5632; x_wconf 88' lang='lat' dir='ltr'><strong>et</strong></span> <span class='ocrx_word' id='word_1_870' title='bbox 1973 5572 2298 5646; x_wconf 87' lang='lat' dir='ltr'><strong>simpliciter</strong></span> <span class='ocrx_word' id='word_1_871' title='bbox 2327 5585 2520 5629; x_wconf 88' lang='lat' dir='ltr'><strong>omnes</strong></span> <span class='ocrx_word' id='word_1_872' title='bbox 2544 5570 2805 5636; x_wconf 88' lang='lat' dir='ltr'><strong>facturas,</strong></span> <span class='ocrx_word' id='word_1_873' title='bbox 2831 5578 2886 5624; x_wconf 89' lang='lat' dir='ltr'><strong>et</strong></span> <span class='ocrx_word' id='word_1_874' title='bbox 2919 5568 3128 5624; x_wconf 88' lang='lat' dir='ltr'><strong>videbis</strong></span> <span class='ocrx_word' id='word_1_875' title='bbox 3148 5575 3463 5623; x_wconf 71' lang='lat' dir='ltr'><strong>creaturam.</strong></span> 
     </span>
    </p>
   </div>
   <div class='ocr_carea' id='block_1_116' title="bbox 1891 5658 3459 5741">
    <p class='ocr_par' dir='ltr' id='par_1_116' title="bbox 1891 5658 3459 5741">
     <span class='ocr_line' id='line_1_116' title="bbox 1891 5658 3459 5741; baseline -0.012 -15"><span class='ocrx_word' id='word_1_876' title='bbox 1891 5683 2056 5741; x_wconf 81' lang='lat' dir='ltr'><strong>Opera</strong></span> <span class='ocrx_word' id='word_1_877' title='bbox 2103 5682 2196 5725; x_wconf 89' lang='lat' dir='ltr'><strong>sua</strong></span> <span class='ocrx_word' id='word_1_878' title='bbox 2245 5664 2483 5738; x_wconf 85' lang='lat' dir='ltr'><strong>operari,</strong></span> <span class='ocrx_word' id='word_1_879' title='bbox 2524 5663 2634 5720; x_wconf 90' lang='lat' dir='ltr'><strong>imo</strong></span> <span class='ocrx_word' id='word_1_880' title='bbox 2678 5664 3044 5735; x_wconf 88' lang='lat' dir='ltr'><strong>operationem</strong></span> <span class='ocrx_word' id='word_1_881' title='bbox 3109 5658 3368 5729; x_wconf 88' lang='lat' dir='ltr'><strong>recipere,</strong></span> <span class='ocrx_word' id='word_1_882' title='bbox 3402 5663 3459 5709; x_wconf 86' lang='lat' dir='ltr'><strong>et</strong></span> 
     </span>
    </p>
   </div>
   <div class='ocr_carea' id='block_1_117' title="bbox 1893 5751 3481 5819">
    <p class='ocr_par' dir='ltr' id='par_1_117' title="bbox 1893 5751 3481 5819">
     <span class='ocr_line' id='line_1_117' title="bbox 1893 5751 3481 5819; baseline -0.015 1"><span class='ocrx_word' id='word_1_883' title='bbox 1893 5761 2099 5819; x_wconf 87' lang='lat' dir='ltr'><strong>moveri</strong></span> <span class='ocrx_word' id='word_1_884' title='bbox 2128 5758 2385 5817; x_wconf 83' lang='lat' dir='ltr'><strong>ineil‘abili</strong></span> <span class='ocrx_word' id='word_1_885' title='bbox 2406 5755 2771 5816; x_wconf 69' lang='lat' dir='ltr'><strong>Providentiae</strong></span> <span class='ocrx_word' id='word_1_886' title='bbox 2798 5757 2981 5813; x_wconf 85' lang='lat' dir='ltr'><strong>verbo.</strong></span> <span class='ocrx_word' id='word_1_887' title='bbox 3010 5751 3245 5811; x_wconf 83' lang='lat' dir='ltr'><strong>Omnino</strong></span> <span class='ocrx_word' id='word_1_888' title='bbox 3273 5753 3481 5801; x_wconf 76' lang='lat' dir='ltr'><strong>autem.</strong></span> 
     </span>
    </p>
   </div>
  </div>
