3960 6454
480 436 612 504 1267

1362 442 1945 505 TllEOPllYLACTl
1988 443 2399 508 BULGARMS
2438 453 2797 516 ARCIIIEP.

3587 462 3725 525 126-3

479 551 827 608 Providentia
858 561 910 608 et
948 553 998 606 iu
1053 552 1288 609 Sabhato
1324 570 1420 608 sua
1456 568 1732 625 operatur.
1769 559 1942 628 Atque
1975 561 2045 613 ita

2154 558 2218 611 τὰ
2242 562 2416 618 οἰκεῖα
2450 566 2682 636 ἐνεργεῖ.
2731 568 2892 623 Ὥστε
2925 570 3045 624 επεὶ
3092 572 3120 624 6
3154 572 3338 644 Πατὴρ
3399 575 3726 644 ἐργάζεται,

476 646 603 715 quia
634 645 792 699 Pater
818 656 1094 716 Operatur,
1128 657 1180 702 et
1216 646 1267 700 in
1305 645 1544 703 Sabbato
1597 659 1904 704 creaturam
1945 666 2042 719 gu-

477 741 691 802 btrnat,
719 737 910 792 merito
943 746 999 792 et
1032 752 1153 808 ego,
1199 738 1396 809 inquit,
1429 738 1604 804 Filius
1654 739 1771 810 ejus
1823 757 2038 812 operor.

476 829 546 884 At
593 829 665 884 illi
709 829 907 884 invidia
955 833 1211 902 correpti,
1251 832 1564 903 qumrebant
1606 848 1726 888 eum
1773 835 2039 902 occidero,

479 938 588 976 non
643 922 814 978 solum
841 923 983 994 quod
1011 923 1584 991 solverctSabbatum,
1619 926 1710 980 sed
1743 936 1795 982 et
1825 925 2040 981 Patrem

476 1028 633 1067 suum
669 1013 878 1068 diceret
905 1013 1095 1078 Deum,
1128 1015 1393 1084 aequalem
1430 1030 1489 1070 se
1518 1015 1724 1072 faciens
1749 1015 1878 1071 Deo.
1907 1015 2042 1070 Nam

454 1107 600 1175 quia
623 1121 681 1160 se
705 1106 898 1162 Filium
929 1107 1160 1173 dicebat,
1183 1108 1707 1166 necessariohonore
1729 1123 1786 1164 se
1814 1109 2046 1165 faciebat

480 1215 658 1267 parem
694 1201 819 1255 Deo.
847 1201 1038 1256 Omnis
1071 1203 1214 1257 enim
1252 1201 1388 1256 illius
1440 1201 1681 1272 ejusdem
1733 1215 1939 1257 natura:
1962 1212 2044 1257 est

478 1306 596 1344 cum
639 1303 808 1357 patre.
855 1292 952 1348 Ubi
989 1293 1089 1347 hoc
1117 1294 1233 1346 loco
1265 1293 1826 1363 estArius?profecto
1872 1309 2044 1349 (‘iBt'tlS

483 1385 654 1438 fartus
708 1395 789 1438 cst
845 1385 986 1439 circa
1045 1386 1249 1439 lumen.
1297 1386 1491 1440 Filium
1555 1387 1696 1441 enim
1760 1386 2044 1441 nominans

481 1475 760 1531 Christum
789 1475 988 1544 Patris,
1016 1493 1120 1532 non
1154 1479 1244 1532 dat
1265 1479 1311 1533 ei
1338 1480 1481 1549 quod
1518 1479 1762 1533 eamdem
1795 1490 2042 1532 naturaut

480 1568 675 1624 habeat
728 1585 850 1624 cum
887 1568 1076 1634 Patre,
1119 1571 1212 1624 sed
1261 1580 1569 1624 creaturam
1606 1569 1832 1624 iucreati
1869 1569 2044 1625 Patris

480 1659 671 1713 Filium
715 1660 953 1715 fatetur:
985 1662 1197 1716 tametsi
1251 1661 1332 1716 vel
1389 1658 1607 1715 Judzcos
1655 1661 1941 1730 oportebat
1990 1662 2044 1714 in

480 1752 766 1822 magistros
805 1767 1107 1814 assumere,
1139 1753 1228 1823 qui
1265 1765 1484 1822 propter
1513 1754 1610 1807 hoc
1652 1753 2046 1821 persequeban-

478 1854 566 1898 tur
615 1843 915 1908 Domiuum,
951 1843 1092 1914 quod
1137 1859 1197 1898 se
1241 1844 1434 1900 Filium
1473 1845 1679 1900 diceret
1731 1844 1822 1900 Dei
1859 1845 2045 1898 :unde

2153 653 2246 707 καὶ
2281 653 2340 707 ὲν
2365 655 2628 729 Σαϐϐάτῳ
2651 658 2749 731 τὴν
2780 661 2956 715 κτίσιν
2983 661 3334 735 διακυϐερνᾷ,
3381 665 3612 730 εἰκότως
3635 670 3731 721 κὰ-

2151 744 2253 812 γὼ,
2293 747 2479 816 φησὶν,
2509 750 2537 802 6
2568 749 2695 813 Υίδς
2720 750 2884 806 αὑτοῦ
2923 752 3248 824 ἐργάζομαι.
3273 757 3337 809 Οἱ
3366 757 3444 822 δὲ,
3467 757 3729 825 διατηκδη

2155 851 2307 904 μενοι
2333 836 2410 907 τῷ
2439 839 2645 912 φθόνῳ,
2677 841 2904 912 ἐζήτουν
2938 844 3104 897 αὐτὸν
3136 845 3474 908 ἀποκτεῖναι,
3529 849 3590 900 οὗ
3632 849 3728 918 μδ-

2151 940 2261 990 νον,
2317 926 2397 980 ὅτι
2446 927 2572 981 ἔλυε
2624 929 2686 983 τὸ
2719 931 3033 1000 Σάϐϐατον,
3093 933 3207 988 ἀλλ’
3241 937 3322 989 ὅτι
3375 939 3470 990 καὶ
3503 939 3730 1008 Πατέρα

2153 1018 2316 1072 αὑτοῦ
2353 1019 2504 1088 ἔλεγε
2535 1022 2627 1076 τὸν
2681 1024 2835 1092 Θεὸν,
2883 1028 2996 1080 ἴσον
3049 1028 3240 1082 ἑαυτὸν
3280 1030 3452 1082 ποιῶν
3483 1030 3560 1099 τῷ
3589 1030 3727 1101 Θεῷ.

2165 1112 2320 1168 Ἐπεὶ
2348 1115 2459 1186 γὰρ
2493 1116 2620 1169 Υἱδν
2661 1117 2845 1186 ἔλεγεν
2873 1120 3087 1186 ἑαυτὸν,
3134 1122 3449 1190 ἀναγκαίως
3487 1123 3731 1191 ἰσότιμον

2153 1206 2326 1258 ἐποίει
2362 1207 2554 1264 ἑαυτὸν
2580 1208 2654 1279 τῷ
2684 1210 2802 1278 Θεῷ
2824 1227 2838 1240 ’
2873 1214 2979 1275 πᾶς
3001 1212 3109 1284 γὰρ
3133 1213 3246 1277 υίὸς
3269 1215 3366 1283 τῆς
3401 1213 3577 1281 αὐτῆς
3615 1215 3731 1266 ἐστι

2153 1298 2366 1366 φύσεως
2394 1299 2469 1372 τῷ
2506 1303 2694 1373 πατρί.
2752 1303 2862 1356 Ποῦ
2910 1306 3126 1374 ’Δρειος
3183 1306 3453 1373 ἐνταῦθας
3526 1308 3731 1367 Ὄντως

2152 1391 2491 1462 τετύφλωται
2525 1397 2652 1467 περὶ
2692 1396 2752 1450 τὸ
2789 1397 2925 1467 φῶς.
2983 1399 3111 1454 Υἱὸν
3150 1399 3258 1470 γὰρ
3310 1399 3601 1469 ὀνομάζων
3644 1400 3732 1453 τὸν

2152 1485 2387 1554 Χριστὸν
2414 1488 2508 1541 τοῦ
2543 1488 2772 1558 Πατρδς,
2826 1491 2925 1543 οὐκ
2974 1492 3144 1546 ἐδίδου
3199 1493 3346 1563 αὐτῷ
3384 1493 3446 1545 τὸ
3479 1494 3576 1545 καὶ
3635 1491 3732 1560 τὴν

2152 1576 2322 1646 αὐτὴν
2375 1577 2534 1646 φύσιν
2575 1580 2721 1649 ἐχειν
2754 1579 2832 1650 τῷ
2864 1582 3058 1653 Πατρὶ,
3096 1582 3229 1636 ἀλλὰ
3259 1583 3467 1652 κτίσμα
3513 1584 3606 1635 τὸν
3637 1582 3729 1635 τοῦ

2152 1666 2406 1722 ἁκτίστον
2455 1671 2668 1742 [ἰατρὸς
2715 1673 2840 1727 Υίὸν
2876 1673 3170 1744 ὡμολόγει.
3213 1676 3407 1729 Καίτοι
3440 1675 3730 1739 Ἰουδαίους

2152 1760 2283 1827 γοῦν
2341 1759 2445 1814 ἔδει
2501 1763 2854 1828 διδασκάλους
2908 1766 3267 1836 παραλαϐεῖν,
3327 1768 3379 1820 οῖ
3427 1767 3518 1820 διὰ
3574 1767 3730 1820 τοῦτο

2153 1851 2372 1904 ἐδίωκον
2406 1851 2498 1906 τδν
2529 1854 2752 1926 Κύριον,
2790 1857 2873 1910 ὅτι
2899 1857 3033 1910 Υίὸν
3065 1857 3257 1912 ἐαυτὸν
3284 1857 3437 1926 ἔλεγε
3460 1856 3557 1911 τοῦ
3571 1858 3727 1912 Θεοῦ.

479 1937 786 1990 necessario
828 1936 1152 2004 colligebant
1203 1937 1345 2006 quod
1397 1937 1622 2006 mqualis
1685 1945 1829 1991 esset
1886 1936 2038 1990 Deo:

2161 1938 2495 2009 Ἀναγκαίως
2527 1923 2635 2013 γὰρ
2667 1946 2946 2017 συνήγετο,
2963 1948 3074 2000 ικαὶ
3115 1946 3231 2011 ῖσος
3257 1923 3396 2000 εἶναι
3425 1947 3551 2018 Θεῷ
3575 1964 3588 1976 ’
3611 1948 3733 2000 ἐπεὶ

479 2026 733 2092 quoniam
763 2027 865 2080 nisi
905 2042 1093 2095 magna
1134 2026 1322 2081 fuisset
1352 2026 1474 2080 Filii
1509 2027 1748 2096 dignitas
1803 2035 1856 2081 et
1889 2027 2050 2082 fecis-

479 2129 562 2170 εισι
599 2132 659 2181 se
687 2117 948 2188 azqualem
985 2117 1114 2185 Deo,
1137 2133 1304 2188 quare
1339 2117 1606 2188 persecuti
1639 2117 1866 2173 fuissent
1901 2117 2048 2172 illum

480 2207 688 2266 Iudaei?

554 2302 716 2359 Vens.
744 2301 930 2361 l9-2l.
955 2322 973 2353 ι
1000 2301 1292 2372 Respondit
1316 2303 1498 2376 itaque
1514 2300 1669 2359 Jesus
1691 2313 1744 2359 et
1769 2303 1903 2358 dixit
1926 2303 2005 2359 eis
2033 2322 2045 2356 :

480 2395 670 2462 Amen,
705 2409 861 2448 amen
894 2393 1016 2449 dico
1048 2393 1222 2458 vobis,
1249 2408 1355 2447 non
1391 2401 1566 2462 potest
1599 2393 1769 2448 Filius
1801 2393 1980 2449 facere
2020 2409 2049 2446 a

479 2501 538 2541 se
591 2485 885 2557 quidquam
945 2486 1047 2540 nisi
1085 2484 1228 2554 quod
1261 2485 1455 2540 viderit
1487 2483 1703 2540 Patrem
1735 2484 2046 2540 facientem.

480 2582 828 2646 Quaecunque
865 2577 1010 2631 enim
1047 2576 1135 2632 ille
1162 2575 1372 2640 fecerit,
1403 2576 1515 2632 haec
1545 2575 1727 2631 itidem
1775 2586 1830 2632 et
1878 2576 2048 2632 Filius

480 2670 632 2725 facit.
660 2669 819 2723 Pater
842 2670 985 2724 cnim
1027 2649 1204 2738 diligii
1251 2665 1470 2733 Filium,
1508 2677 1562 2722 et
1612 2669 1793 2730 omnia
1823 2669 2046 2731 demon-

478 2773 616 2818 strat
645 2763 692 2817 ei
732 2777 851 2836 qua:
885 2764 1000 2830 ipse
1032 2758 1200 2815 facit:
1231 2767 1285 2814 et
1311 2759 1514 2830 majora
1533 2760 1618 2815 his
1656 2761 2049 2834 demonstrabit

480 2856 527 2909 ri
560 2871 749 2925 opera,
783 2863 841 2908 ut
870 2870 962 2909 vos
993 2854 1284 2909 miremini.
1335 2852 1485 2909 Sicut
1510 2854 1653 2909 enim
1683 2853 1844 2905 Pater
1875 2851 2050 2906 susci-

483 2950 559 2996 tat
599 2929 842 2997 ntortuos
895 2952 948 2996 et
1010 2942 1269 3006 vivificat,
1329 2942 1408 2996 sic
1465 2951 1518 2996 ct
1547 2940 1713 2996 Filius
1758 2955 1894 3010 quos
1937 2941 2050 2996 vult

479 3035 791 3102 vivificabp
840 3052 940 3086 -ι
969 3034 1088 3089 Νοιι
1137 3043 1314 3118 potest
1336 3034 1506 3089 Filius
1561 3050 1591 3088 a
1636 3035 1815 3104 seipso
1871 3033 2048 3089 facere

482 3127 683 3204 aliquid
717 3145 735 3177 ι
775 3127 1072 3182 secundum
1121 3128 1262 3200 quod
1293 3126 1427 3182 nihil
1464 3126 1695 3181 alienum
1730 3125 1814 3180 vel
1848 3141 2044 3181 novum

484 3219 645 3275 habet
671 3218 831 3302 573
860 3235 887 3272 a
925 3219 1104 3298 Patre,
1128 3220 1219 3276 sed
1253 3233 1346 3296 per
1377 3219 1556 3273 omnia
1589 3218 1780 3273 similis
1831 3228 1914 3273 est
1944 3216 2045 3271 Pa-
2074 3253 2115 3312 α

481 3310 551 3368 tri
584 3293 820 3380 :neque"
845 3311 1007 3365 aliam
1063 3293 1223 3364 habet
1255 3293 1658 3375 substantiam,
1690 3320 1747 3364 ut
1788 3318 1840 3364 et
1883 3311 2044 3362 aliain

479 3405 738 3459 virtutem
789 3403 1018 3472 habeat,
1048 3411 1102 3458 et
1126 3418 1518 3474 consequenter
1578 3405 1739 3458 aliaat
1779 3403 2050 3473 operatio-

484 3513 607 3550 nem
636 3514 654 3570 ;
685 3496 774 3551 sed
809 3496 933 3566 quia
962 3496 1204 3550 eamdem
1259 3497 1419 3550 habet
1468 3496 1852 3556 substantiam,
1900 3510 2048 3549 earn-

479 3591 600 3643 dem
635 3590 797 3644 habet
820 3597 872 3643 et
901 3590 1155 3643 virtutem
1189 3605 1205 3655 ;
1240 3597 1292 3646 et
1311 3599 1530 3660 propter
1552 3589 1651 3642 hoc
1675 3588 1834 3641 etiam
1861 3586 2045 3640 eadem

481 3691 762 3756 operatur,
807 3691 861 3736 et
895 3697 998 3735 non
1031 3691 1207 3752 potest
1246 3680 1389 3736 aliud
1443 3681 1571 3750 quid
1624 3682 1804 3736 facere
1854 3690 2050 3750 praeter

481 3778 532 3829 id
555 3774 696 3844 quod
719 3771 876 3828 Pater
907 3757 1056 3827 facit.
1079 3770 1192 3825 Non
1221 3773 1365 3825 enim
1392 3771 1553 3826 aliam
1581 3772 1832 3825 virtutem
1865 3771 2044 3834 habet,

482 3867 566 3922 vel
628 3865 967 3928 inferiorem,
1000 3862 1084 3918 vel
1117 3861 1449 3932 superiorem
1512 3871 1771 3931 paterna;
1811 3863 1904 3915 sed
1945 3876 2046 3913 una

478 3971 563 4015 est
594 3959 923 4023 substantia,
958 3973 1062 4012 una
1103 3956 1296 4023 virtus,
1341 3970 1442 4008 una
1487 3952 1728 4022 operatio
1777 3951 1955 4006 Patris
1994 3959 2049 4006 et

480 4053 622 4116 Filii,
656 4029 928 4119 Profecto,
965 4051 1160 4121 inquit,
1191 4048 1282 4102 sed
1333 4047 1496 4102 Pater
1536 4046 1688 4116 quasi
1715 4048 1902 4100 doctor
1933 4045 2050 4112 qui-

479 4147 599 4200 dam
642 4153 725 4200 est
759 4143 901 4210 Filii,
942 4141 1341 4220 quodammodo
1387 4139 1435 4194 ei
1482 4138 1865 4191 demonstrans
1916 4151 2049 4204 quo-

477 4239 641 4294 modo
674 4247 923 4312 oporteat
948 4234 1183 4308 operari.
1213 4231 1348 4286 Nam
1382 4229 1482 4285 nisi
1517 4229 1688 4283 Filius
1724 4228 1919 4283 viderit
1945 4226 2048 4280 Pa-

479 4344 614 4384 trem
650 4329 956 4390 facientem,
991 4325 1123 4380 nihil
1177 4323 1332 4390 facit.
1366 4322 1535 4393 Igitur
1587 4321 1862 4391 interrogo
1917 4319 2044 4373 talia

480 4430 744 4490 ungantes
803 4418 991 4472 Arium
1046 4426 1101 4470 et
1156 4412 1509 4478 Eunomium,
1561 4413 1832 4480 quomodo
1889 4413 2046 4466 docet

479 4513 638 4566 Pater
697 4509 930 4566 Filium?
969 4509 1020 4563 in
1075 4507 1360 4576 sapientia,
1407 4507 1489 4561 vel
1535 4503 1938 4559 uon?Omnino
1985 4503 2042 4556 in

2151 2033 2199 2086 εί
2237 2032 2314 2106 μὴ
2341 2033 2484 2104 μέγα
2513 2030 2581 2107 ἦν
2600 2035 2770 2089 τὸτοῦ
2802 2035 2929 2090 Υἱοῦ
2952 2037 3192 2108 ἀξίωμα,
3221 2038 3318 2091 καὶ
3342 2040 3420 2101 είς
3447 2041 3565 2092 ἴσον
3595 2033 3729 2109 ἦγεν

2152 2120 2340 2176 ἐαυτὸν
2369 2121 2445 2193 τῷ
2478 2122 2616 2194 Θεῷ,
2648 2125 2791 2188 τίνος
2815 2125 3000 2180 ἕνεκεν
3023 2127 3246 2180 ἐδίωκον
3266 2128 3432 2182 αὐτόν
3457 2146 3474 2195 ;

2233 2317 2250 2348 ι
2278 2297 2633 2366 Ἀπεκρίνατο
2650 2299 2780 2353 οὖνὸ
2794 2300 3016 2371 Ἰησοῦς,
3036 2301 3130 2355 καὶ
3141 2297 3292 2356 εἶπεν
3303 2303 3512 2366 αὐτοῖς’
3533 2301 3726 2372 Ἀμὴν,

2151 2388 2298 2461 ἀμὴν
2327 2388 2468 2472 λέγω
2496 2391 2645 2460 ὑμῖν,
2671 2393 2731 2444 οὐ
2759 2391 2982 2447 δύναται
3009 2395 3036 2447 6
3059 2395 3185 2459 Υἱὸς
3208 2397 3384 2452 ποιεῖν
3405 2395 3502 2466 ἀφ’
3533 2395 3728 2449 ἑαυτοῦ

2149 2482 2322 2545 οὐδὲν,
2366 2483 2459 2536 ἐὰν
2515 2485 2671 2555 μήτι
2723 2485 2896 2557 βλέπῃ
2933 2486 3023 2540 τδν
3066 2488 3292 2560 Πατέρα
3342 2488 3625 2546 ποιοῦντα.
3661 2492 3729 2544 ’Δ

2150 2574 2260 2645 γὰρ
2286 2574 2351 2628 ἂν
2371 2575 2578 2640 ἐκεῖνος
2601 2580 2751 2648 ποιῇ,
2780 2577 2955 2632 ταῦτα
2990 2579 3085 2633 καὶ
3119 2581 3147 2634 6
3170 2580 3298 2644 Ylb;
3325 2580 3529 2651 ὁμοίως
3567 2584 3726 2637 ποιεῖ.

2161 2667 2219 2722 '0
2244 2668 2350 2740 γὰρ
2379 2669 2566 2740 Πατὴρ
2591 2670 2736 2741 φιλεῖ
2771 2671 2862 2725 τὸν
2891 2671 3041 2736 Υίὸν,
3093 2673 3187 2725 καὶ
3227 2672 3406 2728 πάντα
3454 2672 3729 2726 δείκνυσιν

2150 2758 2318 2828 αὐτῷ,
2344 2759 2379 2813 ἃ
2403 2760 2566 2826 αὐτὸς
2586 2765 2748 2829 ποιεῖ,
2773 2763 2866 2816 καὶ
2886 2763 3106 2833 μείζονα
3136 2762 3338 2816 τούτων
3364 2763 3531 2827 δείξει
3579 2763 3726 2834 αὖτῷ

2150 2848 2307 2920 ἔργα,
2327 2851 2414 2904 ἴνα
2435 2852 2590 2921 ὑμεῖς
2613 2851 3165 2924 οαυμάζητε.Ὦσπερ
3189 2853 3298 2923 γὰρ
3319 2855 3348 2906 6
3376 2853 3570 2926 Πατὴρ
3587 2852 3732 2922 ἐγείο

2154 2957 2234 3012 ρει
2262 2941 2387 3004 τοὺς
2416 2942 2666 3013 νεκροὺς,
2698 2943 2794 2996 καὶ
2821 2943 3107 3007 ζωοποιεῖ·
3131 2942 3272 2998 οὕτω
3289 2944 3382 2996 καί
3409 2947 3438 2996 6
3466 2944 3620 3008 Υίδς,
3639 2943 3732 3008 οὓς

2152 3031 2294 3084 θέλει
2312 3031 2581 3096 ζωοποιεῖ.
2596 3051 2719 3086 ›-ι
2732 3034 2805 3088 Οὐ
2823 3034 3221 3099 δύναταιὸΥἱδς
3234 3039 3404 3090 ποιεῖν
3422 3036 3516 3105 ἀφ’
3535 3035 3732 3091 ἑαυτοῦ

2150 3124 2356 3190 οὖδὲν,»
2391 3125 2525 3179 καθὸ
2555 3125 2706 3180 οὐδὲν
2749 3127 3187 3197 ἀλλότριον,οὐδέ
3220 3127 3368 3193 ξένον
3387 3127 3485 3180 τοῦ
3515 3129 3731 3198 Πατρος

2151 3217 2285 3288 ἔχει,
2319 3219 2456 3274 ἀλλὰ
2483 3219 2657 3274 πάντα
2688 3220 2830 3275 ἐοικε
2847 3220 2923 3291 τῷ
2949 3221 3121 3294 Πατρί
3144 3237 3158 3251 ·
3191 3222 3285 3276 καὶ
3305 3221 3406 3275 οὐκ
3426 3222 3598 3293 ἄλλην
3621 3224 3731 3291 ἔχει

2157 3311 2367 3378 οὐσίαν,
2404 3313 2490 3365 ἵνα
2521 3314 2616 3365 καὶ
2656 3312 2820 3382 ἄλλην
2850 3313 3078 3384 δύναμιν
3110 3313 3229 3388 ἔχῃ,
3281 3315 3374 3367 καὶ
3416 3313 3733 3377 ἀκολούθως

2156 3404 2323 3474 ἄλλην
2369 3405 2649 3474 ἐνέργειαν
2673 3419 2686 3433 ⁶
2730 3404 2845 3457 ἀλλ’
2877 3405 2999 3468 ἐπεὶ
3026 3405 3125 3475 τὴν
3155 3405 3327 3473 αὐτὴν
3357 3405 3470 3476 ἔχει
3515 3405 3727 3470 οὐσίαν,

2154 3496 2255 3565 τὴν
2289 3496 2460 3565 αὐτὴν
2501 3495 2617 3566 ἔχει
2657 3497 2752 3549 καὶ
2804 3495 3059 3567 δύναμιν.
3102 3497 3199 3550 Διά
3229 3497 3388 3551 τοῦτο
3418 3497 3476 3550 δὲ
3524 3499 3623 3551 καὶ
3663 3499 3731 3551 τὰ

2156 3589 2295 3642 αὐτὰ
2326 3590 2559 3656 ἐνεργεῖ,
2592 3589 2685 3643 καὶ
2720 3589 2781 3642 οὐ
2816 3589 3040 3644 δύναται
3071 3589 3197 3646 ἄλλο
3226 3608 3276 3643 τι
3308 3589 3562 3659 ποιῆσαι,
3600 3594 3728 3656 παρ’

2155 3680 2183 3733 δ
2209 3684 2235 3734 6
2273 3681 2463 3751 Πατὴρ
2499 3683 2662 3733 ποιεῖ.
2699 3681 2772 3734 Οὐ
2799 3681 2908 3753 γὰρ
2931 3681 3100 3751 ἄλλην
3133 3680 3360 3751 δύναμιν
3383 3681 3501 3752 ἔχει
3536 3683 3573 3753 ἣ
3601 3683 3732 3734 ὑπο-

2155 3772 2528 3844 δεεστέραν,ῆ
2587 3773 2894 3844 ὑπερτέραν
2927 3774 3025 3842 τῆς
3079 3773 3382 3844 πατρικῆςο
3438 3773 3579 3826 ἀλλὰ
3632 3774 3730 3844 μία

2155 3866 2332 3930 οὐσία,
2387 3866 2484 3936 μία
2536 3865 2786 3936 δύναμις,
2833 3864 2931 3936 μία
2965 3867 3215 3936 ἐνέργεια
3255 3865 3435 3936 Πατρὶ
3467 3867 3564 3919 καὶ
3593 3865 3726 3936 rep.

2155 3958 2284 4025 Ναὶ,
2309 3959 2492 4029 φησιν,
2525 3957 2640 4011 ἀλλ’
2684 3953 2795 4012 οἷόν
2839 3975 2922 4021 τις
2950 3955 3270 4020 διδάσκαλός
3308 3957 3459 4010 ἐστιν
3483 3959 3510 4011 6
3541 3958 3728 4028 Πατὴρ

2153 4052 2249 4105 τοῦ
2302 4051 2453 4118 Tim"),
2486 4048 2855 4104 ὑποδεικνύων
2894 4049 3063 4120 αὐτῷ,
3115 4049 3232 4114 πῶς
3260 4049 3343 4101 δεῖ
3371 4048 3723 4120 ἐργάζεσθαι.

2167 4144 2295 4197 Ἐὰν
2325 4144 2433 4212 γὰρ
2465 4144 2540 4214 μὴ
2573 4143 2746 4216 βλέπῃ
2787 4141 2880 4195 τὸν
2927 4141 3149 4212 Πατέρα
3194 4142 3222 4193 6
3268 4141 3396 4206 Υἱὸς
3444 4140 3724 4203 ποιοῦντα,

2154 4236 2308 4290 οὐδὲν
2353 4237 2516 4289 ποιεῖ.
2569 4234 2779 4289 Οὐκοῦν
2806 4235 2994 4304 ἐρωτῶ
3047 4236 3264 4306 Ἀρειον
3308 4233 3404 4287 καὶ
3440 4233 3724 4302 Εὐνόμιον,

2152 4329 2280 4392 τοὺς
2328 4327 2500 4395 ταῦτα
2537 4327 2860 4398 ληροῦντας,
2914 4329 3031 4391 πῶς
3056 4327 3298 4380 διδάσκει
3346 4327 3375 4379 6
3413 4327 3607 4398 Πατὴρ
3638 4327 3725 4377 τὸν

2154 4422 2282 4474 Υἱόν
2312 4438 2326 4488 ;
2359 4423 2450 4474 Ἐν
2478 4421 2660 4491 σοφία,
2693 4420 2726 4490 ἢ
2757 4419 2816 4472 οὗ
2847 4421 3107 4485 ﬁliaiam;
3142 4421 3199 4473 ἐν
3245 4419 3429 4489 σοφία.
3467 4419 3565 4482 Τίς
3609 4419 3663 4472 δὲ
3691 4420 3723 4486 ἡ

2154 4513 2316 4583 σοφία
2341 4511 2434 4566 τοῦ
2465 4511 2636 4578 Θεοῦ;
2667 4506 2734 4565 'A
2747 4511 2795 4582 ρ’
2838 4511 2957 4582 οὐχὶ
2983 4514 3010 4566 6
3036 4512 3190 4578 Υίός;
3241 4511 3349 4563 Ναὶ
3392 4510 3634 4572 πάντως.
3668 4508 3725 4561 Ὃ

477 4604 764 4676 sapientia.
802 4603 932 4678 Quze
975 4609 1152 4657 autem
1203 4599 1468 4668 sapientia
1528 4597 1654 4652 Dei?
1691 4596 1876 4650 Nonne
1931 4596 2044 4664 ipse

2154 4607 2282 4669 Υίδς
2313 4603 2420 4677 ἄρα
2447 4604 2688 4657 διδάσκει
2720 4603 2938 4659 ἑαυτόν.
2973 4604 3146 4658 Βαϐαῖ
3175 4605 3273 4674 τῆς
3307 4601 3494 4666 ἀνοίας
3534 4599 3722 4670 ὐμῶνῐ

481 4699 643 4753 ΙῖίΙίιιε
660 4695 874 4751 ἳιΕιίιιιη
899 4693 1159 4778 profecto.
1186 4691 1370 4761 Itaque
1392 4689 1557 4744 Filius
1585 4693 1740 4743 docet
1781 4689 2043 4758 scipsnm.

476 4793 634 4860 Papze
694 4797 894 4860 quanta
951 4793 1128 4841 vestra
1181 4783 1523 4854 insipientia!
1557 4781 1835 4860 Siquidem
1891 4781 2044 4850 quasi

479 4899 699 4954 puerum
719 4881 1001 4952 quemdam
1031 4879 1246 4950 traditis
1277 4878 1415 4931 Patri
1448 4877 1639 4930 Filium
1667 4875 2041 4929 erudiendum.

479 4978 589 5047 ligo
627 4986 808 5030 autem
845 4988 965 5030 cum
1000 4971 1092 5026 Dei
1123 4969 1382 5044 sapientia
1413 4983 1619 5031 assero,
1647 4966 1693 5022 si
1723 4967 1850 5038 quid
1878 4966 2047 5021 movit

475 5067 636 5123 Pater
666 5082 770 5132 non
801 5066 917 5121 sine
949 5063 1089 5118 Filio
1122 5062 1310 5120 movit.
1343 5060 1456 5131 Ipse
1490 5059 1633 5115 enim
1665 5068 1749 5114 est
1779 5058 2043 5130 sapientia

473 5159 632 5228 ejus:
660 5159 706 5213 si
737 5158 865 5225 quid
902 5165 1078 5228 potest
1119 5155 1301 5226 Pater,
1332 5171 1434 5210 non
1471 5156 1588 5212 sine
1648 5152 1786 5207 Filio
1843 5162 2040 5222 potest.

477 5250 594 5320 Ipse
619 5249 759 5302 enim
791 5257 874 5304 est
904 5249 1020 5320 ejus
1051 5249 1312 5318 potentia.
1344 5249 1495 5314 Quod
1530 5256 1711 5301 autem
1751 5245 1865 5300 haec
1915 5259 2042 5299 vera

477 5341 608 5405 sint,
627 5340 750 5394 audi
775 5359 787 5393 :
810 5359 827 5398 ι
853 5341 988 5414 Quia
1020 5355 1358 5410 quaecunque
1377 5339 1508 5394 facit
1530 5337 1709 5405 Pater,
1728 5353 1790 5393 ea
1809 5337 2043 5408 elFilius

476 5431 726 5488 similiter
749 5429 894 5494 facit.
936 5449 955 5484 ι
995 5429 1052 5490 Si
1084 5430 1244 5486 Pater
1265 5447 1384 5492 cum
1413 5441 1687 5502 potestate
1724 5438 1780 5485 et
1819 5432 2039 5498 virtute,

477 5533 530 5578 et
567 5522 736 5578 Filius
772 5523 1038 5590 similiter.
1075 5523 1189 5578 Non
1229 5524 1391 5594 igitur
1421 5523 1644 5578 inferior
1670 5524 1840 5582 Filius
1861 5525 2039 5582 Patre.

478 5613 628 5682 Quod
663 5623 839 5666 autent
873 5613 1151 5668 humiliter
1177 5615 1320 5668 dicta
1350 5615 1481 5680 sint,
1518 5633 1538 5664 ι
1579 5613 1828 5670 Ostendit
1852 5617 1900 5670 ei
1925 5633 2042 5671 om-

476 5708 566 5761 nia
599 5719 612 5764 :
652 5725 670 5756 ι
708 5705 792 5769 Ει,
827 5723 844 5756 ι
885 5702 1084 5770 Maiora
1109 5705 1192 5759 his
1231 5706 1501 5769 ostendet,
1536 5725 1556 5759 ι
1588 5709 2041 5777 norwportetad-

479 5799 684 5852 mirari.
717 5795 850 5852 Nam
876 5799 942 5851 ad
969 5796 1214 5851 homines
1245 5796 1504 5866 loquitur,
1534 5799 1622 5866 qui
1655 5808 1842 5854 contra
1867 5801 2038 5870 ipsum

476 5889 804 5958 clamabant,
845 5897 901 5947 et
933 5902 1045 5961 pra‘.
1094 5886 1299 5944 invidia
1351 5887 1782 5946 dissecabantur.
1823 5891 1887 5948 Et
1938 5893 2040 5950 nisi

2153 4698 2269 4767 οἵγε
2295 4697 2369 4764 ὡς
2405 4696 2573 4750 παῖδά
2611 4712 2734 4748 τινα
2762 4695 3122 4766 παραδιδδατε
3150 4693 3227 4764 τῷ
3268 4694 3447 4763 Πατρὶ
3472 4692 3565 4744 τὸν
3602 4691 3724 4744 Υίδν

2157 4791 2557 4862 μαθησόμενον.
2593 4788 2737 4857 Ἐγὼ
2785 4788 2840 4841 δὲ
2885 4788 3023 4857 μετὰ
3061 4789 3162 4858 τῆς
3209 4785 3301 4839 τοῦ
3345 4785 3482 4838 Θεοῦ
3533 4784 3721 4852 σοφίας

2153 4882 2546 4953 ἀποφαίνομαι,
2572 4883 2654 4935 ὅτι
2687 4882 2742 4934 εῖ
2763 4899 2813 4934 τι
2867 4875 3004 4934 οἷδεν
3033 4883 3059 4934 6
3085 4878 3294 4950 Πατὴρ,
3327 4879 3431 4931 οὐκ
3463 4877 3593 4930 ἄνευ
3630 4875 3719 4928 τοῦ

2153 4975 2286 5028 Υἱοῦ
2318 4971 2490 5028 οἶδεν·
2541 4972 2704 5037 αὐτὸς
2757 4973 2864 5045 γάρ
2898 4974 3047 5028 ἐστιν
3080 4975 3112 5042 ἠ
3149 4972 3308 5040 σοφία
3339 4969 3528 5024 αὑτοῦ.
3577 4969 3646 5022 Ei
3671 4985 3722 5019 τι

2151 5064 2374 5118 δύναται
2409 5065 2436 5116 6
2459 5062 2672 5133 Πατὴρ,
2705 5063 2806 5116 οὐκ
2831 5063 2958 5118 ἄνευ
2980 5062 3074 5116 τοῦ
3105 5060 3234 5115 Υίοῦ
3267 5059 3524 5114 δύναται·
3566 5059 3721 5119 αὐτὸς

2151 5157 2258 5228 γάρ
2288 5157 2434 5209 ἐστιν
2471 5156 2504 5228 ἠ
2539 5155 2768 5226 δύναμις
2801 5155 2986 5209 αὑτοῦ.
3023 5156 3144 5209 Ὀτι
3189 5154 3244 5206 δὲ
3290 5153 3471 5207 ταῦτα
3521 5153 3716 5222 ἀληθῆ.

2151 5231 2313 5304 ἄκουε
2338 5265 2352 5280 ·
2395 5267 2413 5300 ι
2459 5248 2528 5300 ’Ὀ
2560 5265 2611 5300 τι
2641 5247 2706 5300 ἂν
2733 5249 2760 5300 6
2790 5245 2978 5316 Πατὴρ
3017 5249 3170 5318 ποιῇ,
3197 5244 3372 5299 ταῦτα
3408 5244 3502 5297 καὶ
3538 5246 3568 5295 6
3600 5244 3721 5304 Υίδς

2150 5340 2352 5410 ὁμοίως
2375 5340 2538 5392 ποιεῖ.
2575 5358 2593 5390 ι
2624 5338 2686 5390 Εἰ
2714 5339 2740 5389 6
2775 5337 2965 5407 Πατὴρ
3007 5337 3126 5407 μετ’
3159 5336 3408 5401 ἐξουσίας
3443 5335 3537 5388 καὶ
3563 5334 3719 5387 δυνα-

2155 5450 2322 5504 μεως,
2356 5433 2451 5485 καὶ
2479 5434 2506 5485 6
2545 5431 2662 5494 rib;
2696 5431 2916 5500 ὁμοίως.
2954 5431 3068 5483 06x
3105 5431 3211 5500 ἄρα
3261 5429 3653 5499 ὑποδεέστερος
3692 5430 3717 5478 6

2150 5525 2280 5588 Υἱὸς
2306 5524 2400 5577 τοῦ
2436 5521 2670 5592 Πατρός.
2701 5523 2764 5576 Εί
2795 5521 2850 5574 δὲ
2879 5520 3153 5581 ταπεινῶς
3183 5523 3395 5591 εῑρηται
3419 5520 3499 5584 τὸ,
3548 5538 3568 5571 ι
3603 5517 3718 5571 Δεί-

2150 5632 2339 5682 κνυσιν
2371 5614 2520 5685 αὖτῷ
2559 5614 2756 5681 πάντα,
2799 5631 2818 5664 ι
2874 5611 2969 5666 καὶ
3006 5613 3087 5678 τὸ,
3143 5631 3163 5664 ι
3201 5613 3439 5676 Μείζονα
3510 5609 3716 5664 τούτων

2148 5710 2334 5777 δείξει,
2381 5727 2402 5762 ι
2457 5709 2518 5761 οὐ
2571 5707 2677 5780 γρὴ
2727 5704 3051 5776 Θαυμάζειν.
3089 5705 3230 5778 Πρδς
3257 5705 3366 5776 γὰρ
3395 5703 3717 5775 ἀνθρώπους

2148 5803 2452 5870 διαλέγεται
2480 5797 2936 5870 φωνοῦντας,κατ’
2963 5797 3150 5864 αὐτοῦ,
3181 5798 3274 5851 καὶ
3297 5794 3715 5866 διαπριομένους

2152 5894 2231 5966 τῷ
2263 5892 2461 5964 φθόνῳ.
2501 5893 2608 5947 Καὶ
2657 5892 2705 5946 εί
2742 5892 2817 5962 μὴ
2863 5891 3140 5962 πανταχοῦ
3172 5889 3490 5962 παρέπλεκε
3525 5886 3596 5942 τὰ
3621 5903 3714 5939 ταο
