3960 6454
249 441 381 506 1369

917 439 1361 506 ENABRATIO
1400 446 1482 508 ΙΝ
1519 446 2018 510 EVANGELIUM
2058 451 2400 516 JOANNIS.
2431 477 2494 492 -
2534 456 2691 518 CAP.
2734 461 2798 520 V.

3353 455 3486 519 19.70

248 555 406 609 πεινὰ
436 552 547 616 τοῖς
591 551 840 623 ὑψηλοῖς,
877 553 928 606 τί
955 553 1054 607 οὐκ
1091 556 1154 606 ἂν
1181 556 1419 618 ἐποίουν,
1449 556 1582 609 ὅπου
1631 569 1692 622 γε
1728 556 1818 607 καὶ

1940 559 2121 628 ibique
2167 561 2389 617 humilia
2450 565 2676 620 smmnis
2729 565 3156 634 interscruisset,
3208 567 3334 636 quid
3386 583 3486 620 non

243 650 384 704 οὕτω
430 645 706 709 ταπεινῶς
754 647 821 700 τὰ
852 646 1023 699 πλείω
1071 647 1490 718 φθεγγομένου,
1539 648 1812 716 iterabat;

245 741 308 793 Τί
360 737 418 793 δέ
451 741 592 804 ἐστι,
644 738 722 803 16,
759 755 778 790 ι
839 740 948 793 Καὶ
1009 738 1234 809 μείζονα
1294 741 1499 794 τούτων
1543 741 1746 808 δείξεις
1792 761 1810 795 ι

255 831 472 899 Ἐπειδὴ
524 831 837 902 παράλυτον
872 831 1118 902 ἔσφιγξε,
1178 833 1360 903 μέλλει
1407 833 1463 886 δὲ
1494 835 1588 887 καὶ
1623 835 1818 905 νεκρὸν

245 924 504 995 ἐγείρειν,
533 923 624 976 διὰ
649 921 809 976 τοῦτό
831 940 997 994 φησιν
1020 940 1032 955 ’
1061 925 1127 978 Ei.
1177 923 1490 994 θαυμάζετε
1525 926 1606 979 ὅτι
1639 927 1818 997 παρά-

241 1021 396 1072 λυτον
435 1019 564 1089 ὑγιῆ
597 1018 897 1088 πεποίηκα,
935 1018 1160 1089 μείζονα
1193 1018 1400 1072 τούτων
1436 1019 1659 1089 ὄψεσθε.
1694 1021 1819 1074 Ὅτι

241 1111 296 1164 δὲ
327 1111 386 1164 16
411 1109 582 1176 δεῖξαι
610 1111 762 1180 ῥῆμα
781 1111 1042 1164 ταπεινὸν
1058 1110 1138 1177 6v,
1164 1111 1287 1164 κατ’
1311 1113 1621 1184 οίκονομίαν
1643 1107 1818 1178 εἶπεν,

242 1205 329 1258 ἵνα
364 1203 466 1276 τὴν
499 1204 713 1276 μωρίαν
747 1203 929 1258 αὐτῶν
975 1204 1471 1276 παραμυθήσηται,
1508 1205 1672 1260 ἄκουε
1713 1206 1822 1260 τῶν

241 1298 459 1368 ἑφεξῆς.
519 1316 537 1350 ι
587 1296 676 1358 Ὠς
719 1297 829 1368 γάρ
877 1297 906 1349 6
945 1297 1157 1371 Πατὴρ,
1212 1297 1398 1368 φησὶν,
1447 1297 1655 1367 ἐγείρει
1697 1297 1822 1360 τοὺς

241 1390 489 1460 νεκροὺς,
534 1387 680 1441 οὕτω
724 1387 821 1442 καὶ
867 1387 897 1440 6
949 1387 1079 1451 Υίδς
1139 1387 1235 1452 οὓς
1291 1387 1436 1442 θέλει
1486 1389 1761 1454 ζωοποιεῖ.
1799 1407 1818 1440 ι

254 1482 492 1553 Ἐγείρει
531 1481 631 1552 μὲν
663 1476 758 1536 οὖν
797 1480 826 1533 6
855 1480 1006 1546 Υἱὸς,
1055 1479 1248 1552 ῶσπερ
1285 1481 1314 1534 6
1354 1481 1564 1552 Πατὴρ,
1597 1481 1692 1534 καὶ
1734 1481 1824 1535 διὰ

242 1575 433 1628 τούτου
467 1574 713 1628 δείκνυσι
765 1573 826 1626 16
877 1573 980 1644 τῆς
1018 1573 1302 1646 δυνάμεως
1354 1572 1778 1643 ἀπαράλλακτον
1806 1588 1820 1602 °

243 1669 328 1720 διὰ
354 1667 411 1720 δὲ
435 1668 556 1732 τοῦ,
596 1687 615 1718 ι
655 1666 761 1731 Οὓς
791 1667 957 1732 θέλει,
991 1687 1010 1720 ι
1042 1669 1140 1738 τῆς
1171 1667 1421 1734 ἐξουσίας
1449 1666 1546 1735 τὴν
1579 1665 1822 1733 ἰσότητα.

243 1759 428 1813 Ταῦτα
457 1759 514 1812 δὲ
569 1761 748 1813 πάντα
787 1760 835 1812 οἱ
889 1759 990 1831 μὲν
1035 1759 1308 1830 Ἀρειανοὶ
1359 1757 1502 1810 κατὰ
1546 1757 1643 1827 τῆς
1690 1756 1824 1809 Υἱοῦ

1915 654 2130 708 tandem
2180 653 2475 710 fecissent?
2520 659 2956 728 quandoquidem
3027 659 3305 714 insaniunt
3365 676 3485 712 cum

1917 755 2024 799 tam
2073 746 2238 800 multa
2282 747 2558 803 humiliter
2615 749 2876 818 loquitur.
2941 750 3080 817 Quid
3134 762 3314 804 autem
3382 761 3486 812 est,

1886 861 1898 876 ο
1923 861 1942 895 ι
1983 841 2048 895 Ει
2083 843 2288 912 majora
2333 844 2419 899 his
2466 847 2751 902 ostendet?
2777 865 2796 898 ι
2837 848 3099 914 Quoniam
3137 847 3489 918 paralyticum

1919 934 2271 999 solidaverat,
2291 938 2452 992 etiam
2480 947 2754 993 mortuum
2782 939 3136 994 suscitaturus
3162 948 3264 1005 est,
3291 938 3494 992 idcirro

1920 1025 2049 1082 dicit
2076 1044 2088 1082 :
2118 1027 2178 1082 Si
2209 1027 2554 1084 admiramini
2586 1031 2730 1100 quod
2769 1030 3120 1101 paralyticum
3146 1047 3334 1087 sanum
3367 1030 3492 1096 feci,

1921 1118 2126 1188 majora
2156 1121 2243 1176 his
2275 1121 2550 1176 videbitis.
2583 1123 2737 1188 Quod
2778 1130 2958 1176 autem
3011 1132 3064 1177 et
3113 1123 3214 1179 hoc
3268 1123 3493 1178 verbum

1922 1210 2271 1273 ruonslrabit,
2305 1211 2506 1266 humile
2537 1211 2627 1276 sit,
2655 1222 2708 1268 et
2740 1228 2835 1282 per
2865 1213 3328 1283 dispensationem
3368 1214 3490 1268 dic-

1926 1311 2058 1369 tum,
2091 1312 2150 1356 ut
2179 1303 2447 1359 insaniam
2476 1305 2695 1359 illorum
2730 1305 3080 1370 demulceret,
3112 1308 3234 1361 audi
3264 1323 3495 1376 sequen-

1925 1394 2017 1449 tia.
2044 1414 2060 1446 ι
2086 1394 2218 1448 Nam
2243 1397 2383 1450 sicut
2407 1394 2569 1452 Pater
2591 1399 2813 1452 suscitat
2838 1407 3102 1463 mortuos,
3130 1398 3202 1450 ita
3235 1410 3287 1451 et
3329 1399 3497 1464 Eilius

1924 1501 2061 1556 quos
2109 1487 2242 1555 vult,
2282 1489 2538 1545 viviticat.
2570 1510 2589 1544 ›
2620 1490 2783 1561 Igitur
2818 1491 3050 1547 suscitat
3080 1491 3293 1559 quidem
3327 1489 3496 1544 Filius

1926 1580 2068 1635 sicut
2098 1579 2279 1647 Pater,
2313 1591 2367 1636 et
2398 1583 2518 1636 ideo
2557 1593 2825 1638 monstrat
2861 1592 3182 1652 potestatem
3233 1583 3383 1638 suam
3424 1582 3495 1635 nil

1925 1671 2283 1728 dides-cutem.
2308 1672 2412 1728 Sed
2437 1685 2489 1730 et
2517 1691 2611 1746 per
2641 1676 2887 1739 verbum,
2911 1690 3074 1744 «quos
3095 1676 3224 1740 vult,
3243 1693 3259 1726 ι
3297 1675 3501 1729 indicat

1928 1777 2042 1818 suae
2064 1779 2189 1819 cum
2231 1765 2394 1820 Patre
2434 1767 2721 1835 potestatis
2753 1767 3142 1837 tequalitatem.
3168 1764 3293 1821 llaec
3319 1775 3498 1819 autem

242 1852 398 1924 δόξης
421 1852 888 1924 ὲκλαμϐάνονται,
929 1852 979 1906 oi
1024 1852 1082 1906 δὲ
1115 1850 1390 1924 ὁρθόδοξοι
1433 1850 1576 1921 ὑπὲρ
1619 1850 1827 1922 ταύτης

1936 1857 2110 1911 omnia
2130 1857 2318 1912 Ariani
2347 1857 2565 1926 quidem
2601 1866 3084 1928 exponuntcontra
3110 1859 3336 1929 gloriam
3357 1858 3500 1923 Filii,

240 1963 356 1999 νοου
366 1963 488 2016 μεν.

315 2059 334 2093 ι
370 2039 507 2094 Οὐδὲ
564 2039 674 2110 γὰρ
728 2041 756 2093 6
790 2039 980 2109 Πατὴρ
1039 2039 1218 2110 κρίνει
1277 2037 1506 2105 οὐδένα,
1550 2036 1688 2091 ἀλλὰ
1726 2035 1828 2104 τὴν

243 2131 424 2202 κρίσιν
452 2133 636 2186 πᾶσαν
659 2131 861 2186 δέδωκε
887 2130 969 2202 τῷ
995 2130 1109 2201 Υίῷ
1129 2147 1144 2162 ο
1177 2130 1266 2187 ἵνα
1289 2132 1492 2193 πάντες
1516 2129 1718 2200 τιμῶσι
1735 2127 1828 2181 16v

243 2225 394 2292 Υἰδν,
439 2223 626 2289 καθὼς
654 2223 856 2295 τιμῶσι
896 2225 988 2278 τδν
1017 2223 1260 2297 Πατέρα.
1323 2224 1384 2276 '0
1419 2222 1493 2293 μὴ
1522 2220 1698 2292 τιμῶν
1737 2221 1827 2274 τὸν

245 2318 393 2386 Υίδν,
443 2318 507 2372 οὐ
558 2318 698 2389 τιμᾲ
753 2319 846 2371 τὸν
897 2318 1118 2388 Πατέρα
1169 2316 1261 2370 τὸν
1298 2315 1592 2387 πέμψαντα
1641 2313 1824 2368 αὐτόν.

255 2409 454 2479 Ἀμὴν,
486 2407 637 2478 ἀμὴν
667 2407 813 2476 λέγω
847 2409 998 2477 ὑμῖν,
1034 2409 1062 2462 6
1093 2407 1202 2461 τῶν
1242 2407 1420 2475 λόγων
1463 2424 1564 2477 μου
1589 2405 1826 2472 ἀκούων,

243 2503 340 2554 καλ⁴
390 2500 667 2554 πιστεύων
702 2499 778 2571 τῷ
807 2499 1087 2570 πέμψαντί
1129 2517 1229 2570 με,
1274 2498 1387 2569 ἔχει
1417 2498 1562 2568 ζωὴν
1589 2497 1827 2562 αἰώνιον,

243 2595 339 2647 καὶ
365 2593 447 2656 εἰς
477 2591 662 2663 κρίσιν
685 2591 785 2645 οὐκ
807 2591 1051 2662 ἔρχεται,
1079 2590 1216 2644 ἀλλὰ
1245 2589 1621 2662 μεταϐέϐηκεν
1648 2591 1712 2643 ὲκ
1735 2589 1827 2643 τοῦ

245 2688 479 2742 θανάτου
511 2687 588 2750 εἰς
615 2685 715 2758 τὴν
748 2684 914 2756 ζωήν.
961 2704 979 2737 ι
1020 2685 1264 2751 Ἐδειξεν
1295 2683 1485 2738 ἑαυτὸν
1515 2683 1826 2755 εὐεργετεῖν

242 2781 541 2849 δυνάμενον
576 2779 666 2833 διὰ
713 2779 824 2831 τῶν
871 2777 1083 2832 πολλῶν
1130 2776 1394 2849 σημείων,
1431 2770 1506 2832 ὧν
1548 2775 1827 2847 εποίησεν.

258 2872 410 2925 Ἐπεὶ
433 2871 490 2925 δὲ
511 2870 612 2924 οὐκ
643 2869 757 2941 (‘20)
783 2869 1137 2938 ὲδυσὼπησεν
1159 2870 1383 2935 αὐτοὺς,
1409 2871 1442 2941 ἣ
1475 2869 1831 2925 ἐπεσπάσατο

247 2964 386 3035 πρὸς
415 2965 478 3017 16
527 2964 759 3035 τιμῆσαι
791 2963 978 3027 αὐτὸν,
1030 2963 1106 3027 ὡς
1157 2962 1308 3028 ἄξιον
1355 2959 1446 3033 ἦν,
1501 2964 1688 3032 φησιν,
1748 2962 1832 3016 ὅτι

253 3076 273 3110 α
307 3058 421 3128 Τὴν
478 3056 663 3128 κρίσιν
704 3059 885 3112 πᾶσαν
911 3058 939 3109 6
970 3055 1161 3128 Πατὴρ
1207 3055 1285 3126 τῷ
1340 3056 1456 3127 Υίῷ
1504 3056 1769 3121 δέδωκεν,
1807 3074 1826 3106 ι

248 3149 335 3202 ἵνα
365 3148 518 3203 καὶὸ
563 3148 724 3218 φόϐος
755 3150 856 3220 τῆς
909 3149 1145 3220 κρίσεως
1197 3149 1362 3220 πείσῃ
1415 3149 1616 3212 αὐτοὺς
1665 3148 1834 3220 τιμὴν

1929 1963 2029 2003 nos
2059 1958 2238 2021 autem
2276 1949 2566 2005 orthodoxi
2599 1965 2694 2019 pro
2723 1951 2814 2006 illa
2847 1951 3221 2024 lntelligimus.

2001 2041 2169 2097 Vens.
2193 2041 2383 2097 22-24.
2431 2063 2451 2096 ι
2497 2042 2680 2115 Neque
2711 2045 2854 2100 enim
2881 2043 3045 2100 Pater
3080 2045 3288 2115 judicat
3315 2060 3505 2114 quem-

1927 2146 2113 2199 quam,
2145 2133 2240 2186 sed
2273 2146 2434 2188 omne
2483 2131 2748 2202 judicium
2805 2135 2951 2190 dedit
2999 2132 3158 2198 Eilio,
3215 2145 3272 2189 ut
3319 2149 3507 2189 omnes

1930 2224 2196 2278 honorent
2221 2221 2440 2289 Filium,
2487 2224 2629 2278 sicut
2679 2226 2950 2279 honorant
2991 2223 3220 2280 Patrem.
3262 2223 3362 2292 Qui
3399 2241 3503 2277 non

1929 2317 2160 2371 honorat
2215 2313 2434 2380 Filium,
2485 2331 2593 2370 non
2649 2316 2879 2371 honorat
2930 2315 3144 2373 Patrem
3209 2317 3298 2386 qui
3364 2316 3510 2370 misit

1929 2407 2105 2463 illum.
2132 2407 2324 2472 Amen,
2355 2422 2511 2461 amen
2540 2407 2663 2462 dico
2687 2408 2861 2475 vobis,
2885 2407 2974 2478 qui
2993 2422 3298 2466 sermonem
3327 2421 3506 2460 meum

1931 2503 2104 2572 audit,
2135 2513 2190 2560 et
2215 2503 2389 2560 credit
2423 2503 2470 2559 ei
2503 2504 2593 2574 qui
2628 2519 2713 2558 me
2747 2502 2913 2564 misit,
2961 2501 3128 2557 habet
3157 2500 3318 2554 vitam
3353 2508 3512 2554 aeter-

1932 2615 2077 2665 nam,
2111 2609 2165 2654 et
2208 2600 2262 2653 in
2295 2597 2799 2654 condemnationem
2833 2594 2998 2667 574
3024 2610 3127 2649 non
3168 2594 3366 2657 veniet,
3417 2593 3508 2646 sed

1935 2689 2184 2744 transivit
2234 2705 2266 2744 a
2320 2693 2496 2745 morte
2531 2688 2584 2743 in
2617 2686 2804 2743 vitam.
2844 2705 2863 2738 ι
2900 2685 3228 2742 Mouslrarat
3267 2684 3505 2752 seipsum

1931 2796 2090 2851 posse
2120 2780 2439 2837 benefacere
2467 2795 2564 2850 per
2598 2781 2766 2834 multa
2798 2779 2950 2851 signa
2976 2793 3095 2848 quae
3121 2776 3342 2832 fecerat.
3371 2773 3504 2841 Quia

1932 2880 2111 2926 autem
2143 2869 2535 2926 benefaciendo
2556 2885 2662 2924 non
2689 2868 2892 2940 placuit
2921 2882 3036 2934 eos,
3079 2880 3177 2921 nec
3210 2871 3510 2919 attraxerat

1933 2972 1993 3018 ut
2027 2976 2088 3018 se
2146 2961 2502 3027 honorarent,
2556 2960 2698 3015 sicut
2754 2958 2976 3027 dignum
3031 2965 3170 3020 erat,
3206 2954 3337 3008 dicit
3369 2952 3510 3022 quod

1941 3071 1961 3106 ι
1997 3053 2160 3109 Pater
2182 3067 2342 3108 omne
2368 3051 2630 3123 judicium
2659 3050 2869 3104 dederit
2898 3047 3056 3110 Filio,
3087 3063 3106 3098 ι
3139 3054 3197 3100 ut
3231 3043 3314 3098 vel
3351 3044 3512 3097 timor

1931 3143 2118 3213 jndicii
2176 3142 2279 3197 illis
2333 3141 2656 3211 persuadeat
2712 3153 2819 3208 quo
2872 3137 3046 3208 ipsum
3077 3136 3283 3190 honore
3318 3147 3506 3203 prose-

249 3241 388 3311 πρὸς
434 3240 598 3294 αὐτὸν
632 3240 991 3306 ἐνδείξασθαι.
1014 3240 1304 3309 Είώθαμεν
1321 3241 1430 3312 γὰρ
1453 3240 1503 3294 oi
1531 3240 1829 3312 ἄνθρωποι,

1944 3243 2200 3303 quantur.
2230 3229 2627 3291 Consuevimus
2659 3228 2802 3284 enim
2840 3241 2940 3282 nos
2983 3227 3248 3288 homines,
3280 3234 3511 3291 praeser-

250 3334 343 3387 καὶ
379 3333 615 3404 μάλιστα
645 3334 695 3386 οἱ
729 3332 1082 3404 άλογώτεροι,
1113 3333 1265 3403 φόϐῳ
1301 3334 1502 3404 μᾶλλον
1544 3333 1577 3404 ἢ
1609 3333 1835 3405 εὐεργε-

251 3423 416 3487 σίαις,
448 3425 509 3477 τὸ
555 3423 672 3477 δέον
708 3423 1166 3495 μεταμανθάνειν.
1200 3424 1273 3477 Τὸ
1297 3424 1379 3491 δὲ,
1409 3443 1444 3476 ~¢
1495 3424 1705 3477 Ἔδωκε
1735 3423 1832 3494 τὴν

249 3517 435 3588 κρίσιν
462 3517 540 3588 τῷ
581 3517 696 3588 Υίῷ
724 3518 750 3569 6
793 3517 998 3587 Πατὴρ,
1031 3536 1049 3568 ι
1091 3515 1235 3570 οὕτω
1261 3517 1475 3588 νόησον,
1528 3518 1610 3570 ὅτι
1636 3517 1830 3587 κριτὴν

249 3610 416 3664 αὐτὸν
465 3611 780 3681 ἐγέννησεν,
841 3609 1030 3682 ὥσπερ
1065 3609 1289 3672 ἀκούεις
1327 3609 1424 3662 καὶ
1474 3610 1555 3677 16,
1594 3628 1612 3662 ι
1677 3610 1832 3681 Ζωὴν

250 3704 452 3758 ἔδωκεν
481 3704 650 3775 αὐτῷ,
707 3721 724 3754 ι
764 3704 859 3757 καὶ
888 3706 1052 3767 νοεῖς,
1088 3703 1170 3755 ὅτι
1199 3701 1380 3765 ζῶντα
1407 3701 1570 3756 αὐτὸν
1613 3701 1833 3773 ἐγέννη-

252 3813 365 3852 σεν.
397 3796 558 3849 Ἐπεὶ
582 3797 690 3868 γὰρ
740 3799 767 3850 6
808 3797 1000 3866 Πατήρ
1049 3798 1198 3849 ἐστιν
1246 3794 1420 3858 αἴτιος
1449 3794 1528 3865 τῷ
1577 3795 1694 3865 Υἰῷ
1736 3793 1832 3848 τοῦ

251 3883 413 3954 εἶναι,
450 3888 519 3940 τὰ
550 3889 752 3951 πάντα,
790 3887 892 3940 ὅσα
940 3887 1055 3957 ἔχει
1094 3886 1122 3937 6
1179 3885 1330 3950 Υἱὸς,
1379 3885 1598 3953 λέγεται
1646 3885 1833 3942 λαὸεἶν

254 3980 407 4052 παρὰ
436 3979 529 4033 τοῦ
561 3981 793 4052 Πατρὸς,
816 3980 891 4042 ὡς
922 3980 981 4044 ἐξ
1005 3978 1172 4033 αὐτοῦ
1193 3979 1442 4046 φυσικῶς
1471 3981 1647 4035 ταῦτα
1673 3981 1830 4052 ἔχων.

253 4071 366 4124 Καὶ
395 4071 495 4141 τὴν
545 4073 725 4144 κρίσιν
757 4068 850 4126 οὖν
882 4072 998 4141 ἔχει
1037 4072 1100 4128 ἐκ
1133 4071 1228 4124 τοῦ
1265 4072 1482 4144 Πατρὸς
1527 4073 1720 4138 οὕτως,
1759 4075 1835 4138 ὡς

255 4163 368 4234 ἔχει
402 4164 575 4236 αὐτὴν
609 4166 638 4217 6
670 4164 886 4236 Πατήρ.
921 4165 1041 4218 Ἵνα
1084 4164 1194 4234 γὰρ
1237 4165 1313 4237 μὴ
1343 4166 1632 4231 ἀκούοντες
1664 4167 1835 4222 αττιον

256 4257 396 4311 εἶναι
427 4259 517 4312 τὸν
543 4257 764 4329 Πατέρα
792 4258 886 4310 τοῦ
915 4257 1068 4321 Υἰοῦ,
1089 4259 1375 4329 νοήσωμεν
1397 4260 1478 4313 ὅτι
1507 4254 1660 4324 οὗτός
1681 4263 1831 4315 ἐστιν

256 4351 434 4416 αἴτιος
483 4351 674 4416 αὐτοῦ,
719 4351 911 4422 ῶσπερ
956 4352 1052 4406 καὶ
1090 4351 1200 4406 τῶν
1232 4354 1568 4425 κτισμάτων,
1621 4357 1714 4410 καὶ
1748 4355 1838 4410 διὰ

258 4443 417 4497 τοῦτο
440 4445 537 4514 τῆς
561 4444 727 4514 τιμῆς
767 4445 1068 4498 ἐλάττωσιν
1113 4447 1522 4518 εἰσαγάγωμεν,
1557 4450 1723 4519 φησιν
1753 4450 1834 4503 ὅτι

261 4533 493 4605 οὐδεμία
535 4533 862 4605 παραλλαγὴ
907 4533 984 4604 τῷ
1015 4535 1131 4606 Υίῷ
1162 4537 1298 4606 πρὸς
1346 4539 1440 4590 τὸν
1482 4540 1723 4610 Πατέρα.
1776 4539 1836 4592 '0

264 4628 371 4699 γὰρ
395 4599 658 4692 ⁷ἐξουσίαν
704 4599 1153 4697 ἔχωνυκολάζειν,
1185 4599 1494 4700 καὶτιμᾷν,
1545 4599 1838 4702 ὼςιβούλε-
1863 4599 1918 4660 D

259 4739 367 4785 ται,
409 4720 580 4774 ταύτὰ
633 4718 858 4773 δύναται
891 4719 968 4789 τῷ
1018 4720 1223 4790 Πατρί·
1281 4720 1363 4774 διὸ
1402 4723 1498 4774 καὶ
1543 4723 1627 4775 δεῖ
1674 4723 1836 4778 αὐτὸν

259 4814 427 4886 τιμᾷν
467 4812 643 4876 οὕτως
694 4811 770 4874 ὡς
815 4811 908 4865 16v
962 4812 1203 4884 Πατέρα.
1255 4832 1274 4866 ι
1331 4814 1450 4867 Ἵνα
1497 4813 1628 4885 γὰρ,
1679 4816 1834 4884 φησὶ,

261 4906 465 4968 πάντες
483 4904 686 4976 τιμῶσι
712 4904 803 4957 16v
824 4903 975 4969 Υίὸν,
1004 4902 1186 4970 καθὼς
1205 4906 1408 4975 τιμῶσι
1427 4906 1519 4959 τὸν
1540 4907 1780 4978 Πατέρα.
1812 4925 1831 4959 ι

262 4999 324 5051 Οἱ
352 4997 488 5067 γοῦν
519 4996 648 5070 περὶ
674 4995 766 5051 16v
800 4997 1045 5068 Ἀρειον,
1079 4998 1266 5067 ἐπειδὴ
1297 4997 1372 5062 ῶς
1417 4999 1625 5070 κτίσμα
1672 5002 1839 5072 τιμᾷν

263 5091 466 5148 οἴονται
497 5090 593 5143 τὸν
627 5090 780 5157 Υἱδν,
812 5091 906 5144 καὶ
944 5091 1036 5144 16v
1074 5090 1292 5161 Πατέρα
1315 5092 1501 5146 λοιπὸν
1521 5093 1596 5157 ὡς
1632 5093 1839 5164 κτίσμα

264 5184 533 5252 τιμῶντες
563 5183 901 5253 ἐλέγχονται.
937 5184 1011 5238 ἸΙ
1061 5183 1170 5255 γὰρ
1222 5184 1283 5236 οὐ
1312 5183 1546 5253 τιμῶσιν
1576 5184 1712 5248 ὅλως
1745 5185 1836 5239 τὸν

265 5275 411 5330 Υἱδν.
442 5277 535 5329 καὶ
573 5279 712 5344 μετὰ
739 5275 849 5330 τῶν
877 5275 1151 5330 Ἰουδαίων
1176 5277 1559 5331 ταττέσθωσαν
1580 5292 1594 5308 ⁸
1627 5277 1659 5349 ἢ
1683 5279 1838 5349 εἴπερ

261 5367 460 5436 τιμῶσι
513 5369 610 5438 μὲν
654 5369 838 5435 αὐτὸν,
878 5368 954 5432 ὡς
988 5369 1193 5439 κτίσμα
1221 5369 1299 5433 δὲ,
1334 5369 1536 5440 πρέπει
1572 5370 1628 5424 δὲ
1673 5373 1839 5443 τιμᾷν

218 5444 232 5460 I
265 5459 426 5512 αὐτὸν
468 5460 656 5532 ὥσπερ
707 5463 800 5515 καὶ
838 5463 930 5516 16v
983 5462 1226 5533 Πατέρα,
1277 5462 1589 5532 ἐλέγχονται
1625 5465 1841 5529 πάντως

266 5550 367 5604 καὶ
398 5552 492 5604 τὸν
532 5553 754 5626 Πατέρα
787 5554 862 5617 ὡς
905 5555 1116 5626 κτίσμα
1173 5555 1467 5623 τιμῶντες.
1527 5556 1637 5610 Καὶ
1665 5556 1840 5622 ἄλλως

265 5637 344 5704 δὲ,
373 5641 518 5695 κατὰ
545 5643 607 5696 16
637 5644 983 5715 ἐπαγόμενον
1004 5661 1019 5675 ·
1075 5645 1196 5708 πῶς
1230 5645 1435 5715 τιμῶσι
1463 5646 1557 5699 16v
1602 5647 1837 5718 Πατέρα,

1941 3328 2037 3380 tim
2072 3324 2127 3380 hi
2162 3324 2253 3394 qui
2307 3322 2574 3379 crassiore
2609 3330 2788 3376 mente
2834 3318 3042 3391 ρι’ωαίιί
3104 3330 3326 3379 sumus,
3363 3324 3507 3369 metu

1939 3421 2118 3491 potius
2146 3433 2306 3488 quam
2334 3415 2615 3472 beneﬁciis
2649 3414 2792 3486 quod
2822 3421 3034 3483 oportet
3062 3412 3360 3466 addiscere.
3392 3407 3509 3462 Jam

1941 3512 2081 3582 quod
2110 3511 2256 3576 dicit,
2298 3529 2317 3562 ι
2345 3509 2499 3564 Dedit
2519 3507 2780 3580 judicium
2813 3506 2974 3561 Pater
3001 3503 3161 3568 Filio,
3197 3522 3215 3555 ›
3243 3503 3322 3556 sic
3349 3504 3505 3556 intel-

1941 3607 2063 3678 lige,
2097 3605 2238 3676 quod
2285 3605 2520 3675 judicem
2554 3619 2678 3658 eum
2751 3601 3036 3673 genuerit,
3083 3599 3160 3653 sic
3200 3596 3360 3651 etiam
3394 3611 3513 3649 cum

1941 3699 2096 3754 audis
2114 3698 2254 3768 quod
2275 3699 2436 3751 vitam
2451 3696 2658 3752 dederit
2681 3695 2776 3759 illi,
2801 3693 3073 3761 intelligas
3087 3692 3227 3761 quod
3249 3690 3512 3744 viventem

1943 3791 2090 3846 illum
2119 3781 2556 3859 genueritQQuia
2592 3788 2736 3842 enim
2769 3785 2928 3842 Pater
2950 3796 3140 3840 auctor
3171 3795 3253 3839 est
3287 3783 3423 3837 Filio
3453 3792 3515 3836 ut

1943 3887 2036 3952 sit,
2089 3883 2270 3942 omnia
2309 3895 2645 3954 quascunque
2698 3880 2864 3936 habet
2915 3879 3104 3944 Filius,
3143 3878 3341 3934 dicitur
3371 3879 3516 3931 aeei-

1941 3995 2073 4052 pere
2104 3995 2134 4033 a
2175 3977 2359 4042 Patre,
2393 3990 2458 4031 eo
2487 3977 2633 4047 quod
2669 3991 2733 4030 ex
2762 3975 2850 4030 illo
2885 3973 3204 4029 naturaliter
3255 3973 3370 4025 htcc
3417 3970 3518 4022 ha—

1942 4075 2090 4129 beat.
2128 4070 2295 4142 lgitur
2324 4079 2377 4126 et
2405 4068 2668 4140 judicium
2702 4069 2865 4124 habet
2892 4083 2919 4120 a
2950 4066 3132 4133 Patre,
3169 4064 3310 4119 sicut
3359 4063 3518 4116 habet

1943 4163 2074 4220 illud
2107 4164 2304 4218 Pater:
2333 4170 2404 4220 ,ut
2435 4174 2502 4216 ne
2531 4162 2813 4217 audientes
2836 4169 3114 4215 auctorem
3151 4172 3272 4212 esse
3299 4155 3513 4210 Patrem

1943 4254 2088 4322 Filii,
2122 4252 2493 4324 intelligamus
2515 4252 2657 4322 quod
2689 4250 2766 4307 sic
2798 4253 2870 4306 sit
2895 4260 3088 4307 auctor
3115 4249 3259 4318 ejus,
3286 4249 3429 4302 sicut
3467 4262 3521 4300 et

1944 4359 2338 4413 creaturarum,
2386 4355 2439 4402 et
2485 4355 2766 4415 propterea
2813 4341 3034 4401 honoris
3081 4341 3515 4398 imminutionem

1947 4440 2394 4497 introducamus:
2453 4439 2529 4493 ait
2552 4439 2696 4509 quod
2749 4437 2978 4506 innullo
3011 4435 3187 4492 minor
3233 4435 3406 4489 Filius
3437 4442 3519 4487 est

1946 4536 2129 4591 Patre.
2163 4535 2295 4589 Nam
2327 4535 2417 4603 qui
2445 4532 2604 4587 habet
2631 4540 2948 4604 potestatem
2987 4527 3244 4600 puniendi
3278 4538 3325 4581 et
3356 4528 3520 4580 hono-

1949 4627 2100 4682 randi
2133 4626 2272 4680 sicut
2303 4623 2436 4690 vult,
2473 4625 2664 4680 eadem
2694 4631 2872 4690 potest
2902 4638 3020 4692 qua:
3069 4619 3246 4683 Pater,
3295 4619 3419 4672 ideo
3470 4628 3522 4670 et

1947 4725 2162 4783 Oportet
2199 4718 2350 4771 illum
2381 4716 2651 4770 honorare
2702 4715 2890 4771 eodem
2927 4715 3086 4768 modo
3132 4727 3239 4782 quo
3281 4709 3518 4764 Patrem.

1947 4810 2086 4866 Dicit
2141 4809 2308 4875 enim,
2351 4826 2370 4860 ι
2428 4805 2500 4862 Ut
2538 4822 2727 4863 omnes
2783 4809 3049 4862 honorent
3106 4805 3330 4868 Filium,
3379 4807 3522 4858 sicut

1947 4909 2218 4960 honorant
2250 4901 2488 4956 Patrem.
2527 4919 2546 4952 ι
2578 4899 2643 4954 Et
2680 4900 2753 4955 ita
2781 4897 2964 4954 Ariani
2996 4897 3122 4969 quia
3156 4897 3319 4951 veluti
3370 4913 3522 4951 rrea-

1949 5005 2124 5050 turam
2159 5005 2352 5065 putant
2381 4994 2751 5049 honorandum
2787 4991 3006 5056 Filium,
3037 5000 3093 5046 et
3131 4989 3348 5046 Patrem
3382 5004 3519 5057 ψιθ-

1948 5102 2056 5159 que
2103 5089 2246 5142 sicut
2287 5097 2596 5143 creaturam
2631 5086 2884 5142 honorari
2929 5085 3144 5148 debere,
3190 5083 3521 5153 redarguun-

1949 5193 2076 5238 tur:
2122 5181 2207 5238 vel
2264 5181 2484 5239 omnino
2540 5196 2647 5236 non
2697 5181 2964 5235 honorant
3019 5179 3235 5242 Filium,
3286 5187 3340 5234 et
3397 5195 3518 5233 Clin!

1945 5275 2146 5332 Judaeis
2174 5273 2517 5330 ordinantur.
2550 5272 2647 5328 Vel
2703 5272 2750 5327 si
2799 5272 3013 5343 quidem
3058 5273 3325 5327 honorant
3370 5288 3518 5334 eum,

1948 5371 2217 5426 honorant
2241 5383 2369 5424 vero
2403 5377 2460 5423 ut
2487 5378 2828 5430 creaturam,
2859 5365 3012 5420 decet
3042 5375 3219 5420 autem
3266 5365 3518 5419 honorari

1946 5463 2120 5532 ipsum
2177 5461 2320 5515 sicut
2369 5468 2425 5515 et
2469 5459 2725 5526 Patrem;
2762 5459 3161 5529 redarguuntur
3201 5458 3422 5512 omnino
3471 5467 3523 5508 et

1947 5552 2163 5608 Patrem
2199 5553 2339 5608 sicut
2378 5563 2685 5607 creaturam
2715 5553 3002 5608 honorare.
3034 5550 3100 5604 Et
3140 5552 3296 5604 aliter
3325 5562 3520 5603 secuno

1946 5647 2073 5704 dum
2099 5647 2198 5701 hoc
2226 5649 2368 5718 quod
2397 5647 2664 5716 subditur,
2690 5646 2958 5720 quomodo
2988 5649 3253 5701 honorant
3277 5639 3525 5709 Patrem,

1220 5802 1312 5862 Ex
1336 5802 1682 5867 collatione
1716 5807 1898 5870 codd.
1938 5808 2167 5869 Venet.
2209 5806 2271 5864 S.
2313 5803 2532 5866 Marci.

346 5925 456 5989 (20)
489 5924 620 5982 Cod.
656 5925 745 5995 ‘26,
781 5925 967 5998 ἐπειδὴ
994 5927 1297 5997 εὐεργετῶν
1325 5927 1444 5982 οὐκ.
