3960 6454
445 412 575 476 ἐεῖἱ

1364 414 1949 476 THEOPHYLACTI
1982 412 2393 476 BULGARI/E
2431 414 2786 480 ARCHIEP.

3542 413 3682 482 1272

425 520 523 586 qui
554 532 656 570 non
685 516 952 570 honoranl
984 514 1227 571 Filium?
1263 516 1458 573 Sululit
1494 519 1662 585 enim,
1704 536 1721 570 ι
1757 518 1859 585 Qui
1892 534 1990 574 non

2104 517 2154 569 oi
2199 518 2275 589 μὴ
2330 518 2602 588 τιμῶντες
2639 518 2733 573 τὸν
2781 518 2942 585 Υίόν;
2984 517 3376 596 Ἐπάγειγάρ⁶
3411 540 3433 577 ε
3482 523 3548 579 '0
3602 528 3677 597 μὴ

426 610 655 663 honorat
692 606 911 672 Filium,
969 623 1075 664 non
1121 609 1350 665 honorat
1387 596 1685 667 Patremfi
1738 612 1838 679 Qui
1890 629 1994 668 non

426 704 681 765 honorat,
712 699 909 768 inquit,
957 700 1028 755 ita
1064 709 1121 755 ut
1156 700 1289 766 dixi,
1321 703 1460 757 sicut
1495 712 1547 758 et
1589 702 1830 759 Patrem.
1861 704 1995 772 Quia

423 797 466 851 si
509 793 630 865 quis
680 792 828 848 dicat
883 792 1024 862 quod
1085 802 1331 849 creatura
1398 794 1614 865 quidem
1677 795 1848 854 Filius
1903 799 1994 862 sit,

422 885 881 964 excellentissima
930 895 1111 942 autem
1175 888 1424 943 omnium
1481 898 1882 956 creaturarum,
1942 900 2000 946 et

422 985 673 1046 cp‘m-tnr
706 978 867 1034 tribui
904 978 1042 1037 Filio
1091 980 1285 1036 falsum
1343 982 1490 1038 illum
1545 992 1597 1039 ct
1645 999 1839 1038 vanum
1894 986 1995 1040 ho-

424 1088 633 1139 norem,
686 1070 980 1128 inhonorat
1029 1072 1251 1128 omnino
1299 1084 1353 1129 et
1410 1073 1626 1129 Patrem
1709 1076 1799 1146 qui
1852 1077 1999 1132 misit

419 1163 589 1219 illum.
628 1161 772 1220 Dixit
804 1175 983 1222 autem
1014 1183 1034 1218 ι
1067 1180 1189 1221 eum
1214 1166 1306 1238 qui
1353 1167 1518 1233 misit,
1555 1186 1573 1219 ι
1608 1182 1675 1224 ne
1711 1185 1996 1240 exaspera-

418 1268 631 1320 rentur,
674 1256 819 1310 sicut
874 1258 1240 1327 prmdiximus.
1272 1256 1406 1312 Nam
1439 1258 1741 1314 doctrinam
1776 1266 1856 1317 (ut
1901 1260 1996 1314 di-

426 1356 568 1404 etum
598 1350 703 1422 est)
754 1350 1079 1409 mirabiliter
1129 1349 1413 1420 implectit.
1464 1350 1742 1407 lutcrdum
1776 1352 1994 1424 quidem

422 1438 673 1497 sublimia
705 1443 774 1498 de
818 1458 878 1500 se
908 1442 1236 1509 testimonia,
1285 1452 1345 1497 ut
1384 1443 1602 1514 dignum
1653 1454 1789 1512 crat,
1847 1445 1993 1503 fert:

423 1533 700 1587 interdum
729 1543 914 1588 autem
968 1533 1212 1599 humilia,
1250 1545 1472 1606 propter
1506 1536 1773 1592 insaniam
1815 1538 1996 1594 inimi-

421 1639 611 1678 corum
662 1621 993 1681 Iudaeorum.
1051 1624 1185 1680 Nam
1240 1628 1285 1681 si
1338 1642 1459 1681 cum
1492 1637 1545 1683 et
1585 1629 1911 1685 surrexisset
1962 1645 1995 1686 a

422 1715 671 1781 mortuis,
699 1728 754 1771 et
785 1718 1125 1775 ascendisset
1170 1719 1222 1774 in
1250 1721 1440 1792 cmlos,
1488 1706 1675 1792 et'pcr
1715 1723 1995 1792 apostolos

418 1822 572 1860 suam
627 1817 984 1868 monstrasset
1020 1809 1317 1877 virtutem,
1367 1812 1781 1868 insurrexerunt
1829 1814 1990 1870 Arius

417 1909 469 1950 et
503 1899 800 1957 Eunomius
841 1910 1029 1957 contra
1076 1901 1302 1974 gloriam
1340 1901 1476 1973 ejus,
1510 1911 1567 1960 et
1600 1904 1650 1959 in
1683 1914 1989 1962 creaturam

416 1989 595 2061 ipsum
619 1991 966 2049 deduxerunt
991 2011 1004 2048 :
1038 1992 1207 2050 Judaei
1241 1995 1331 2065 qui
1364 2005 1489 2052 tunc
1515 2007 1695 2063 erant,
1724 2000 1815 2067 qui
1843 1998 1991 2055 vide-

417 2086 549 2137 taut
600 2084 774 2155 ipsum
811 2086 863 2140 in
894 2101 1060 2141 carne
1106 2087 1387 2143 ambulare
1432 2104 1555 2145 cum
1610 2090 1910 2158 publicanis
1936 2100 1995 2147 et

420 2174 823 2240 meretricibus,
876 2174 1038 2248 575
1068 2186 1122 2231 et
1155 2178 1443 2234 comedere
1494 2188 1549 2235 et
1600 2179 1788 2236 bibere
1850 2180 1994 2236 sicut

416 2281 584 2320 unum
610 2280 675 2321 ex
709 2266 929 2335 multis;
965 2267 1094 2338 quid
1122 2282 1226 2324 non
1255 2268 1515 2326 fecissent
1543 2271 1589 2326 si
1614 2272 1794 2326 omnia
1823 2272 1994 2328 subli-

416 2357 523 2411 mia
559 2358 625 2412 de
662 2374 720 2414 se
760 2358 1005 2427 dixisset,
1048 2371 1101 2415 et
1132 2375 1239 2416 non
1270 2362 1648 2419 admiscuisset
1680 2367 1843 2420 etiam
1886 2367 1991 2420 hu-

417 2451 609 2506 milia?
641 2450 848 2506 Idcirco
877 2461 934 2508 et
959 2452 1178 2508 subdit:
1209 2470 1229 2505 ι
1275 2452 1374 2521 Qui
1406 2453 1558 2510 audit
1595 2471 1744 2512 meos
1781 2474 1994 2514 sermo-

412 2559 535 2610 nes,
578 2553 631 2599 et
676 2544 848 2602 credit
878 2545 928 2601 ei
961 2547 1052 2613 qui
1089 2561 1176 2602 me
1210 2548 1376 2615 misit,
1424 2548 1584 2603 habet
1616 2550 1780 2605 vitam
1831 2561 1993 2606 azter-

416 2650 563 2689 nam.
601 2653 619 2686 ι
653 2633 720 2689 Ει
751 2646 960 2691 mentes
986 2651 1173 2691 eorum
1214 2637 1377 2693 etiam
1422 2653 1521 2709 per
1559 2640 1659 2693 hoc
1703 2640 1987 2708 exhilarat,

414 2741 537 2779 cum
573 2728 801 2781 audiunt
835 2728 980 2797 quod
1026 2730 1313 2787 audientes
1352 2744 1629 2787 sermones
1681 2733 1833 2803 ejus,
1879 2734 1991 2790 Deo

414 2818 525 2874 sint
552 2819 830 2875 credituri.
860 2818 975 2875 Non
997 2820 1139 2877 enim
1166 2822 1317 2889 dixit,
1339 2823 1438 2891 Qui
1467 2824 1640 2880 credit
1672 2826 1802 2881 mihi
1832 2846 1846 2882 :
1871 2829 1988 2896 sed,

420 2929 440 2962 ι
482 2909 544 2965 Εἰ
580 2911 669 2982 qui
702 2927 789 2967 me
816 2913 984 2968 misit.
1020 2932 1039 2967 ι
1069 2912 1236 2985 Igitur
1266 2915 1359 2986 qui
1407 2917 1580 2972 credit
1606 2918 1707 2983 illi,
1749 2919 1801 2975 iu
1845 2918 1992 2988 judi-

411 3005 586 3070 cium,
621 3004 725 3061 hoc
754 3014 857 3074 est,
909 3004 965 3061 in
1002 3006 1327 3077 supplicium
1372 3023 1477 3064 non
1508 3012 1677 3077 venit,
1720 3013 1815 3068 sed
1863 3016 1992 3071 vivit

414 3097 584 3154 vitam
630 3104 914 3167 aeternam,
965 3115 1070 3156 non
1121 3101 1341 3160 subiens
1387 3113 1617 3162 mortem
1669 3107 1884 3173 animaz,
1926 3125 1991 3163 ac

2101 609 2279 679 τιμῶν
2304 610 2397 664 τὸν
2426 611 2573 676 Υίὸν,
2609 612 2671 666 οὑ
2702 612 2840 684 τιμᾷ
2888 611 2980 666 τὸν
3012 612 3254 685 Πατέρα.
3288 634 3312 669 ι
3371 614 3433 670 ’0
3475 619 3555 688 μὴ
3595 635 3683 673 τιν

2103 702 2242 773 μῶν,
2290 704 2475 773 φησιν,
2511 701 2709 770 οὕτως,
2744 704 2820 769 ῶς
2858 700 3031 772 εἶπον,
3066 706 3248 771 καθὼς
3293 708 3386 763 καὶ
3429 709 3523 763 τὸν
3563 710 3679 764 Ila-

2098 795 2389 867 τέρα’έπε”ί
2412 796 2465 849 εί
2484 813 2566 860 τις
2589 795 2759 865 λέγει,
2807 798 2888 851 ὅτι
2914 797 3117 870 κτίσμα
3150 799 3248 870 μὲν
3276 801 3305 853 ὀ
3328 800 3481 865 Υἱὸς,
3507 802 3679 873 ὑπερ,

2101 884 2241 955 έχων
2273 885 2328 938 δὲ
2360 886 2578 940 πάντων
2610 886 2717 940 τῶν
2749 889 3087 957 κτισμάτων,
3132 891 3227 945 καὶ
3285 890 3474 961 δοκοίη
3518 892 3678 964 χαρίο

2101 974 2293 1040 ζεσθαι
2326 976 2404 1046 τῷ
2440 977 2557 1049 Υἱῷ
2593 978 2762 1049 ψευδῆ
2790 979 2995 1050 ταύτην
3046 981 3140 1035 καὶ
3183 982 3427 1052 ματαίαν
3477 985 3673 1055 τιμὴν⁴

2099 1066 2359 1139 ἀτιμάζει
2403 1071 2619 1135 πάντως
2660 1072 2755 1124 καὶ
2810 1072 2903 1125 τὸν
2950 1074 3172 1143 Πατέρα
3237 1074 3331 1129 τδν
3375 1075 3680 1146 πέμψαντα

2099 1161 2284 1217 αὐτόν.
2326 1162 2398 1215 Τὸ
2429 1162 2508 1226 δὲ,
2561 1182 2582 1217 ι
2619 1163 2936 1234 πέμψαντα,
2974 1184 2993 1217 ι
3051 1160 3226 1230 εἶπεν,
3260 1168 3347 1221 ἵνα
3381 1168 3460 1239 μὴ
3510 1168 3680 1240 ἐκθη-

2105 1251 2372 1323 ριωθῶσι,
2406 1252 2551 1307 καοά
2603 1256 2962 1328 προείπομεν.
2994 1255 3106 1328 Τὴν
3148 1257 3257 1330 γὰρ
3297 1258 3676 1324 διδασκαλίαν,

2094 1343 2169 1408 ῶς
2205 1346 2440 1416 εἴρηται,
2487 1345 2675 1401 πλέκει
2726 1346 3067 1419 Θαυμασίως,
3104 1350 3233 1404 ποτὲ
3265 1350 3365 1420 μὲν
3400 1352 3471 1404 τὶ
3495 1351 3679 1420 ὑψηλά

2098 1434 2279 1506 ἑαυτῷ
2323 1437 2787 1510 προσμαρτυρῶν,
2833 1437 2910 1503 ὼς
2955 1435 3025 1508 ἦν
3052 1440 3227 1506 ἀξιον,
3270 1442 3405 1495 ποτὶ
3449 1442 3532 1503 δὲ,
3584 1441 3672 1494 διὰ

2095 1528 2195 1599 τὴν
2238 1530 2437 1602 μανίαν
2468 1530 2575 1585 τῶν
2613 1531 2822 1603 ἐχθρῶν
2865 1532 3161 1600 Ἰουδαίων,
3207 1535 3275 1587 τά
3308 1535 3575 1589 ταπεινά.
3612 1534 3677 1588 El

2095 1620 2205 1691 γάρ
2257 1622 2350 1675 καὶ
2388 1622 2724 1687 ἀναστάντος
2764 1624 2826 1678 ὲκ
2864 1625 3098 1696 νεκρῶν,
3133 1626 3227 1679 καὶ
3265 1626 3574 1690 ἀναϐάντος
3597 1629 3676 1689 εἰς

2094 1712 2375 1783 οὐρανοὺς,
2402 1714 2497 1767 καὶ
2522 1714 2608 1768 διὰ
2631 1714 2739 1769 τῶν
2773 1715 3085 1771 ἀποστόλων
3112 1716 3406 1783 ’δείξαντος
3462 1720 3564 1790 τὴν
3594 1721 3673 1772 οί⁸

2096 1800 2251 1856 κείαν
2280 1802 2536 1874 δύναμιν,
2588 1804 2972 1875 ἐπανέστησαν
3003 1806 3222 1878 Ἀρειος
3274 1808 3373 1860 καὶ
3403 1808 3676 1879 Εὐνόμιος

2096 1897 2162 1967 τῇ
2191 1895 2316 1969 δόξῃ
2350 1895 2538 1965 αὑτοῦ,
2571 1896 2667 1950 καὶ
2709 1898 2790 1961 είς
2813 1897 3017 1969 κτίσμα
3038 1898 3202 1952 αὐτὸν
3236 1899 3554 1968 κατήγαγον
3582 1917 3597 1932 ⁸
3624 1902 3677 1955 εί

2097 1990 2221 2043 τότε
2257 1987 2502 2043 Ἰουδαῖοι
2552 1987 2842 2060 βλέποντες
2890 1990 3055 2045 αὐτὸν
3109 1990 3169 2043 ὲν
3218 1990 3387 2060 σαρκὶ
3440 2006 3681 2061 περιπα-

2096 2080 2296 2137 τοῦντα
2319 2081 2458 2154 μετὰ
2478 2082 2586 2136 τῶν
2603 2082 2851 2137 τελωνῶν
2866 2084 2961 2137 καὶ
2985 2083 3229 2155 πορνῶν,
3259 2084 3354 2138 καὶ
3367 2082 3673 2155 τρώγοντα,

2099 2175 2195 2231 καὶ
2224 2176 2473 2243 πίνοντα,
2501 2175 2579 2240 ὡς
2617 2176 2717 2230 ενα
2748 2176 2857 2231 τῶν
2891 2176 3126 2242 πολλῶν,
3157 2175 3213 2230 τί
3256 2177 3355 2230 οὐκ
3391 2176 3460 2231 ἂν
3483 2178 3675 2247 εποίη-

2100 2284 2224 2333 σαν,
2251 2269 2299 2323 εἰ
2332 2268 2511 2324 πάντα
2551 2268 2733 2339 ὑψηλά
2796 2270 2923 2341 περὶ
2981 2268 3178 2323 ἑαυτοῦ
3219 2268 3399 2338 ἔλεγε,
3454 2271 3552 2323 καὶ
3600 2271 3676 2341 μὴ

2099 2361 2542 2431 συγκατεμίγνυε
2595 2362 2690 2414 καὶ
2735 2361 2804 2415 τά
2845 2361 3109 2428 ταπεινά;
3161 2361 3256 2414 Διὸ
3298 2362 3394 2414 καὶ
3439 2359 3671 2428 ὲπάγειο

2104 2470 2124 2503 ι
2177 2451 2235 2505 '0
2290 2452 2507 2507 ἀκούων
2555 2469 2657 2524 μου
2698 2454 2826 2516 τοὺς
2876 2452 3089 2522 λόγους,
3156 2454 3252 2507 καὶ
3282 2452 3560 2507 πιστεύων
3597 2453 3672 2522 τῷ

2099 2544 2377 2615 πέμψαντί
2409 2563 2498 2617 με,
2528 2545 2642 2617 ἔχει
2706 2545 2849 2617 ζωὴν
2881 2545 3120 2603 αἰώνιον.
3159 2564 3178 2600 ι
3213 2546 3326 2609 Τάς
3363 2546 3421 2601 δὲ
3449 2547 3674 2615 γνώμας

2098 2638 2281 2690 αὐτῶν
2332 2640 2424 2691 καί⁵
2480 2637 2569 2692 διά
2630 2638 2838 2692 τούτων
2899 2638 3144 2710 ίλαρῦνει
3194 2638 3533 2717 ἀκουόντων,
3595 2638 3680 2690 ὅτι

2097 2730 2218 2801 Θεῷ
2246 2730 2502 2802 μέλλουσι
2545 2730 2824 2785 πιστεύειν
2854 2731 3144 2794 ἀκούοντες
3177 2732 3303 2796 τοὺς
3351 2730 3548 2799 λόγους
3576 2732 3678 2784 αῦ-

2096 2821 2212 2876 τοῦ.
2247 2823 2321 2875 Οὐ
2356 2823 2466 2893 γάρ
2515 2816 2704 2888 εἷπεν,
2740 2822 2822 2875 ὅτι
2887 2821 2948 2875 '0
2990 2821 3263 2874 πιστεύων
3307 2821 3455 2890 ἐμοὶ,
3517 2819 3677 2886 ἀλλὰ,

2104 2934 2123 2971 ι
2160 2915 2251 2986 Τῷ
2273 2914 2551 2986 πέμψαντί
2583 2932 2674 2987 με.
2704 2934 2724 2968 ι
2770 2916 2829 2969 '0
2855 2916 3034 2970 τοίνυν
3063 2913 3335 2969 πιστεύων
3359 2913 3678 2984 ὲκείνιρ,είς

2096 3007 2301 3078 κρίσιν,
2319 3008 2439 3079 ἦτοι
2467 3009 2547 3071 είς
2576 3007 2817 3072 κόλασιν,
2837 3008 2937 3061 οὐκ
2966 3007 3215 3079 ἔρχεται,
3242 3005 3375 3060 ἀλλά
3408 3007 3478 3077 ζῇ
3505 3006 3677 3060 ἀΐδιον

2096 3100 2264 3171 ζωὴν,
2297 3101 2527 3156 θάνατον
2578 3100 2669 3156 τὸν
2722 3100 2952 3172 ψυχικὸν
3016 3101 3111 3155 καὶ
3167 3099 3384 3154 αίὼνιον
3448 3099 3527 3170 μὴ
3571 3102 3677 3169 ὑφ-

414 3197 701 3257 eternam,
751 3190 967 3247 etiamsi
1018 3192 1317 3250 naturalem
1364 3204 1417 3251 et
1472 3197 1822 3269 temporalem
1879 3214 1988 3255 non

2100 3194 2515 3265 ιστάμενος.εί
2569 3194 2666 3248 καὶ
2721 3194 2813 3248 τὸν
2872 3193 3102 3263 φυσικὸν
3174 3193 3267 3250 τὸν
3332 3195 3676 3267 πρόσκαιρον

412 3280 659 3354 eﬂugiat.

486 3367 654 3426 Vsus.
692 3369 885 3429 25-29.
924 3390 942 3425 ι
995 3372 1189 3443 Amen,
1242 3391 1401 3433 amen
1449 3375 1575 3434 dico
1620 3379 1792 3444 vobis,
1848 3381 1989 3451 quod

411 3464 562 3520 venit
611 3465 766 3530 hora.
816 3476 872 3523 et
935 3485 1080 3526 nunc
1133 3481 1240 3539 est,
1277 3471 1494 3538 quando
1541 3477 1735 3530 mortui
1769 3477 1992 3533 audient

411 3570 598 3612 vocem
656 3556 780 3614 Filii
831 3560 957 3615 Dei:
1007 3572 1061 3617 et
1109 3563 1200 3633 qui
1245 3564 1539 3632 audierint,
1581 3568 1786 3623 vivent.
1838 3567 1990 3625 Sicut

411 3648 557 3705 enim
586 3645 746 3707 Pater
777 3652 941 3708 habet
973 3656 1135 3709 vitam
1178 3656 1234 3710 in
1263 3659 1587 3730 semetipso,
1623 3660 1704 3716 sic
1743 3661 1888 3716 dedit
1934 3671 1990 3718 et

413 3738 555 3798 Filio
602 3743 656 3799 in
705 3746 998 3817 semetipso
1047 3748 1247 3805 habere
1289 3751 1504 3807 vitam:
1564 3764 1619 3808 et
1665 3763 1988 3824 potestatem

413 3832 567 3889 dedit
598 3835 936 3905 eijudicandi
976 3852 1215 3909 qucque,
1248 3843 1376 3912 quia
1408 3842 1575 3899 Filius
1602 3845 1835 3901 hominis
1882 3858 1986 3904 est.

412 3924 592 3985 Nolite
637 3927 826 3984 mirari
868 3930 1013 3997 hoc;
1046 3932 1172 4000 quia
1206 3933 1354 3990 venit
1384 3934 1518 3991 hora
1568 3936 1622 3991 in
1648 3953 1754 4006 qua
1799 3954 1990 3996 oumes

411 4019 504 4088 qui
546 4018 601 4074 in
646 4021 1013 4077 monumentis
1060 4032 1207 4089 sunt,
1257 4025 1478 4081 audient
1512 4042 1694 4083 vocent
1737 4029 1889 4100 ejus;
1936 4041 1991 4086 et

413 4114 705 4184 prodibunt
750 4114 842 4187 qui
892 4114 1035 4172 bona
1083 4116 1371 4185 fecerunt,
1425 4120 1479 4175 in
1535 4124 1986 4179 resurrectionem

411 4213 577 4280 vitae;
625 4212 717 4284 qui
758 4228 885 4270 vero
935 4214 1076 4271 male
1124 4224 1375 4287 egerunt,
1411 4216 1465 4273 in
1530 4221 1986 4277 resurrectionem

409 4304 896 4362 condemnationis.
937 4323 956 4358 ι
993 4305 1217 4363 Dixerat
1257 4308 1512 4379 superius
1542 4313 1685 4381 quod
1733 4313 1824 4383 qui
1878 4329 1989 4370 non

411 4394 645 4449 honorat
694 4394 928 4464 Filium,
977 4414 1085 4454 nou
1140 4400 1374 4456 honorat
1425 4401 1677 4469 Patrem,
1733 4403 1987 4461 sublimia

410 4485 658 4555 quaedam
697 4489 765 4543 de
803 4503 866 4544 se
906 4489 1119 4545 locutus
1144 4507 1157 4545 :
1183 4505 1303 4561 quae
1343 4500 1401 4547 ut
1445 4507 1517 4548 ne
1560 4492 1848 4548 videantur
1893 4510 1990 4564 per

2093 3286 2383 3357 ὑποσταίη.

2169 3401 2189 3434 ι
2235 3381 2438 3454 Ἀμὴν,
2474 3380 2621 3454 ἀμὴν
2654 3380 2797 3451 λέγω
2829 3382 2986 3454 ὑμῖν,
3020 3382 3101 3436 ὅτι
3135 3381 3356 3455 ἔρχεται
3389 3380 3545 3452 ὥρα,
3579 3379 3677 3433 καὶ

2091 3473 2189 3528 νῦν
2221 3476 2403 3542 ἐστιν,
2438 3475 2525 3529 ὂτε
2560 3476 2610 3529 oi
2646 3474 2832 3548 νεκροὶ
2863 3473 3189 3529 ἀκούσονται
3223 3474 3320 3543 τῆς
3357 3473 3546 3543 φωνῆς
3578 3470 3672 3525 τοῦ

2091 3565 2225 3623 Υἱοῦ
2257 3566 2351 3621 τοῦ
2386 3567 2543 3633 Θεοῦ,
2576 3570 2672 3623 καὶ
2705 3571 2753 3623 οἱ
2789 3570 3120 3632 ἀκούσαντες
3155 3567 3438 3637 ζήσονται.
3460 3567 3677 3636 Ὥσπερ

2091 3661 2197 3732 γάρ
2231 3660 2258 3711 ὁ
2294 3659 2483 3731 Πατὴρ
2518 3659 2661 3730 ζωὴν
2694 3660 2808 3731 ἔχει
2842 3662 2900 3714 ἐν
2932 3658 3132 3731 έαυτῷ,
3165 3658 3339 3721 οὕτως
3373 3657 3544 3711 ἔδωκε
3576 3658 3675 3710 καὶ

2090 3752 2170 3821 τῷ
2211 3752 2323 3822 Υίῷ
2366 3752 2510 3823 ζωὴν
2545 3752 2688 3823 ἔχειν
2720 3754 2778 3806 ὲν
2810 3753 3021 3823 ἑαυτῷ,
3057 3752 3150 3807 καὶ
3188 3750 3438 3817 ἑξουσίαν
3472 3749 3671 3802 ἔδωκεν

2090 3844 2240 3913 αὒτῷ
2267 3844 2360 3897 καὶ
2387 3844 2567 3913 κρίσιν
2592 3847 2763 3899 ποιεῖν
2788 3861 2801 3874 ·
2830 3846 2913 3900 ὅτι
2940 3843 3069 3908 Υἱὸς
3093 3842 3385 3914 ἀνθρώπου
3413 3841 3553 3897 ἔστί.
3579 3841 3671 3911 Μὴ

2092 3936 2401 4009 Θαυμάζετε
2425 3937 2605 4004 τοῦτο,
2631 3939 2714 3992 ὅτι
2745 3938 2965 4010 ἔρχεται
2992 3938 3129 4012 ῶρα,
3156 3938 3214 3991 ὲν
3301 3937 3505 4000 πάντες
3533 3936 3585 3989 oi
3613 3935 3671 3988 ὲν

2090 4033 2204 4093 τοῖς
2231 4032 2519 4102 μνημείοις
2545 4032 2871 4086 ἀκούσονται
2897 4032 3000 4102 τῆς
3025 4032 3207 4101 φωνῆς
3235 4029 3427 4094 αὐτοῦ,
3458 4029 3556 4083 καὶ
3584 4030 3675 4081 ὲκ-

2092 4122 2472 4193 πορεύσονται,
2500 4124 2549 4177 οἱ
2578 4124 2647 4177 τά
2677 4122 2859 4194 ἀγαθά
2889 4124 3232 4197 ποιήσαντες,
3263 4126 3345 4188 εἰς
3372 4123 3673 4177 ἀνάστασιν

2092 4215 2262 4287 ζωῆς,
2289 4216 2337 4269 οί
2367 4215 2425 4270 δὲ
2450 4216 2519 4271 τά
2550 4215 2731 4286 φαῦλα
2762 4215 3089 4287 πράξαντες,
3117 4217 3198 4279 είς
3227 4216 3530 4270 ἀνάστασιν
3556 4215 3675 4286 κρί-

2092 4324 2252 4372 σεως.
2284 4325 2303 4359 ι
2335 4306 2520 4362 Εἰπὼν
2545 4309 2824 4379 ἀνωτέρω,
2847 4308 2928 4362 ὅτι
2960 4325 2980 4361 ι
3007 4305 3075 4364 '0
3105 4308 3181 4379 μὴ
3203 4308 3380 4379 τιμῶν
3405 4308 3499 4360 τὸν
3522 4308 3669 4371 Υἱδν,

2089 4399 2150 4453 οὐ
2174 4400 2308 4470 τιμᾷ
2332 4400 2422 4453 τὸν
2445 4400 2684 4471 Πατέρα,
2704 4401 2799 4455 καὶ
2818 4400 2999 4470 ὑψηλά
3018 4417 3141 4455 τινα
3162 4417 3228 4454 πε
3238 4400 3290 4473 ρί
3310 4399 3481 4454 αὐτοῦ
3506 4400 3674 4468 φθεγ-

2091 4490 2322 4561 ξάμενος
2339 4533 2354 4556 ν
2387 4492 2474 4547 ἵνα
2509 4491 2585 4565 μὴ
2617 4492 2742 4564 δόξῃ
2779 4493 2993 4564 κόμπος
3019 4487 3161 4547 εἶναι
3185 4491 3221 4547 ἀ
3247 4492 3429 4561 λέγει,
3459 4494 3557 4546 καὶ
3582 4492 3674 4544 τό-

409 4581 777 4650 arrogantiam
821 4591 878 4637 et
923 4582 1139 4638 inanem
1177 4584 1404 4656 gloriam
1438 4585 1615 4652 dicta,
1648 4585 1892 4658 adjungit
1936 4598 1990 4643 et

2095 4600 2194 4653 φος
2226 4583 2472 4647 διάκενος
2493 4624 2508 4648 ,
2542 4584 2772 4654 παρέχει
2807 4582 2900 4638 καὶ
2930 4582 3027 4655 τὴν
3059 4582 3148 4637 διὰ
3180 4582 3290 4636 τῶν
3321 4583 3503 4651 ἔργων
3534 4581 3673 4635 ἀπό-

409 4676 930 4735 demonstrationetn
982 4694 1080 4750 per
1124 4693 1325 4751 opera,
1374 4680 1562 4738 dicens
1598 4699 1617 4735 ι
1647 4681 1800 4750 Quod
1843 4681 1991 4737 venit

407 4768 567 4826 hora.
598 4790 616 4823 ι
651 4771 861 4828 Deinde
914 4781 974 4828 ut
1002 4789 1074 4829 ne
1119 4772 1338 4843 longum
1376 4775 1726 4844 suspicentur
1757 4784 1987 4861 tempus,

409 4866 583 4937 inquit
621 4885 641 4919 ι
682 4865 749 4923 Ει
795 4883 942 4924 nunc
1002 4877 1112 4936 est,
1147 4869 1366 4939 quando
1394 4868 1598 4925 mortui
1640 4868 1867 4925 audient
1894 4886 1992 4924 vo-

408 4974 529 5016 cem
583 4959 706 5016 Filii
759 4960 883 5026 Dei,
920 4980 940 5014 ι
980 4961 1087 5017 hoc
1130 4970 1236 5029 est,
1299 4976 1474 5018 meam
1501 5000 1518 5028 ,
1564 4962 1657 5033 qui
1710 4963 1988 5019 vobiscum

409 5067 729 5110 conversor.
758 5052 895 5111 Dicit
920 5062 1101 5111 autem
1132 5055 1247 5111 haec
1268 5057 1335 5113 de
1367 5054 1434 5110 iis
1457 5069 1596 5127 quos
1623 5056 1989 5111 suscitaturus

408 5153 563 5211 erat;
597 5155 655 5200 ut
690 5147 757 5203 de
785 5145 896 5201 ﬁlio
920 5147 1119 5214 viduae,
1150 5146 1262 5203 illia
1285 5148 1697 5220 archisynagogi
1727 5159 1781 5204 et
1813 5147 1987 5203 Laza-

411 5252 499 5293 ro.
530 5238 732 5294 Deinde
755 5249 808 5294 et
845 5239 1111 5297 rationem
1141 5238 1299 5296 εστι-ι
1339 5239 1610 5296 dictorum
1642 5241 1986 5297 demonstra-

411 5330 776 5396 tivam;dicit
804 5333 990 5389 enim:
1052 5332 1257 5397 (Sicut
1288 5332 1449 5390 Pater
1500 5335 1665 5389 vitam
1716 5333 1879 5388 habet
1931 5334 1985 5388 in

411 5419 728 5492 semetipso,
782 5422 852 5477 ita
915 5424 1062 5481 dedit
1117 5435 1174 5481 et
1230 5423 1368 5481 Filio
1424 5425 1590 5482 vitam
1644 5426 1849 5482 habere
1930 5426 1984 5481 iu

410 5515 730 5586 semetipso,
770 5533 791 5568 ι
830 5524 890 5569 ιιι
913 5516 1148 5573 νίνίίίοει
1179 5518 1459 5574 audientes
1480 5533 1670 5575 vocem
1705 5522 1844 5590 ejus.
1869 5518 1985 5575 Non

410 5607 587 5663 solum
619 5613 799 5663 autem
826 5614 1149 5677 potestatem
1182 5608 1328 5664 dedit
1360 5608 1409 5665 ei
1435 5607 1768 5675 viviﬁcandi,
1801 5612 1896 5665 sed
1932 5617 1986 5662 et

414 5699 648 5756 faciendi
684 5699 950 5768 judicium
984 5708 1040 5755 et
1072 5702 1348 5771 puniendi.
1388 5703 1544 5771 Sapo
1566 5713 1746 5759 autem
1793 5703 1846 5757 in
1873 5717 1985 5757 me-

408 5791 558 5847 dium
622 5793 779 5853 affert
846 5809 1128 5851 sermones
1183 5794 1252 5851 de
1295 5795 1533 5865 judicio,
1597 5805 1656 5851 ut
1708 5796 1983 5851 auditores

410 5884 630 5943 excitet.
662 5884 762 5946 Cui
793 5886 938 5945 enim
978 5900 1296 5959 persuasum
1328 5895 1412 5943 est
1453 5887 1594 5957 quod
1637 5885 1985 5947 suscitandus

2093 4675 2258 4742 δειξιν
2286 4675 2479 4745 λέγων,
2506 4676 2588 4731 ὅτι
2620 4694 2638 4728 ι
2666 4678 2929 4748 Ἔρχεται
2954 4675 3092 4750 ὥρα·
3114 4695 3134 4729 ι
3168 4671 3310 4742 εἶτα,
3341 4675 3428 4729 ἵνα
3459 4676 3537 4746 μὴ
3566 4692 3672 4741 μα-

2093 4768 2223 4841 κρὸν
2244 4770 2672 4840 ὑποπτεύσωμεν
2692 4769 2783 4822 τὸν
2804 4770 3015 4841 χρόνον,
3042 4767 3195 4840 φησί·
3229 4771 3368 4824 «Καὶ
3384 4769 3483 4824 νῦν
3504 4769 3673 4833 ἐστιν.

2093 4865 2181 4918 ὅτε
2207 4865 2257 4918 oi
2279 4865 2463 4935 νεκροὶ
2486 4863 2809 4919 ἀκούσονται
2831 4867 2931 4936 τῆς
2956 4864 3141 4935 φωνῆς
3161 4863 3257 4918 τοῦ
3283 4862 3441 4928 Υίοῦ,
3472 4882 3492 4916 ι
3519 4881 3675 4918 τουτ-

2092 4960 2230 5023 έστι,
2259 4958 2354 5013 νῦν
2382 4958 2514 5029 ἐμοῦ
2548 4958 2668 5029 μεθ’
2691 4959 2845 5030 ὑμῶν
2870 4958 3260 5030 διατρίϐοντος.
3288 4957 3479 5014 Ταῦτα
3504 4958 3563 5013 δὲ
3589 4959 3674 5012 λέ-

2091 5069 2177 5121 γει
2206 5055 2335 5124 περὶ
2359 5046 2433 5107 ὧν
2456 5052 2679 5122 ἔμελλεν
2700 5052 3004 5124 ἀναστῆσαι
3029 5053 3261 5125 νεκρῶν,
3294 5048 3406 5107 οἷον
3427 5051 3524 5106 τοῦ
3554 5051 3671 5107 υἱοῦ

2090 5143 2190 5211 τῆς
2235 5145 2431 5213 χήρας,
2471 5143 2571 5213 τῆς
2614 5143 2883 5215 Θυγατρὸς
2921 5142 3017 5198 τοῦ
3061 5142 3539 5215 ἀρχισυναγώγου,
3578 5144 3675 5199 καὶ

2088 5232 2184 5287 τοῦ
2214 5232 2486 5306 Λαζάρου.
2518 5229 2652 5289 Εἶτα
2676 5235 2772 5289 καὶ
2797 5234 3056 5306 λογισμὸν
3086 5235 3283 5304 ἐπάγει
3306 5235 3416 5288 τῶν
3445 5233 3674 5305 εἰρημέ-

2090 5344 2197 5383 νων
2238 5327 2639 5383 ἀποδεικτικόν.
2687 5345 2708 5380 ε
2740 5328 2952 5398 ’Ὠσπερ
2994 5327 3125 5398 γὰρ,
3173 5328 3357 5396 φησὶν,
3401 5327 3432 5378 δ
3480 5325 3668 5396 Πατὴρ

2089 5419 2237 5492 ζωὴν
2266 5418 2380 5489 ἔχει
2415 5420 2473 5473 έν
2504 5420 2701 5490 ἐαυτῷ,
2732 5418 2907 5484 οὕτως
2937 5420 3106 5473 ἔδωκε
3138 5418 3234 5472 καὶ
3261 5418 3339 5489 τῷ
3373 5416 3489 5488 Υἱῷ
3520 5415 3668 5486 ζωὴν

2088 5512 2232 5583 ἔχειν
2259 5515 2317 5568 ὲν
2341 5512 2520 5585 ἑαυτῷ
2540 5529 2554 5544 ο
2591 5531 2609 5564 ι
2640 5511 2726 5595 ἵνα
2758 5513 2997 5585 ζωογονῇ
3023 5513 3150 5575 τοὺς
3174 5512 3474 5575 ἀκούοντας
3500 5508 3666 5565 αὐτοῦ

2086 5605 2186 5675 τῆς
2217 5604 2419 5674 φωνῆς.
2446 5605 2522 5657 Οὐ
2557 5604 2717 5674 μόνον
2741 5604 2798 5659 δὲ
2823 5602 3072 5669 ἐξουσίαν
3092 5604 3324 5659 δέδωκεν
3348 5602 3502 5672 αὐτῷ
3530 5602 3665 5668 {uo-

2085 5700 2285 5768 γονεῖν,
2321 5698 2459 5753 ἀλλά
2506 5698 2603 5752 καὶ
2644 5698 2822 5771 κρίσιν
2859 5699 3054 5764 ποιεῖν,
3096 5697 3239 5753 ὥστε
3279 5695 3534 5760 κολάζειν
3572 5696 3665 5748 καὶ

2082 5789 2464 5863 τιμωρεῖσθαι.
2500 5790 2749 5861 Συνεχῶς
2780 5790 2839 5845 δὲ
2871 5791 2998 5856 τοὺς
3035 5790 3164 5863 περὶ
3200 5790 3436 5861 κρίσεως
3473 5788 3663 5855 λέγους

2084 5886 2165 5949 είς
2199 5885 2260 5938 το
2300 5883 2464 5956 μέσον
2501 5882 2646 5953 ἀγει,
2688 5883 2777 5941 ἶνα
2814 5882 2940 5948 τοὺς
2975 5882 3253 5956 ἀκροατὰς
3290 5881 3657 5951 ἐπαγάγηται.
