3960 6454
262 449 403 520 1273

965 461 1405 527 ENARRATIO
1443 466 1527 529 IN
1567 468 2068 534 EVANGELIUM
2101 472 2441 535 JOANNIS.
2470 499 2538 510 —
2563 474 2723 540 CAP.
2760 476 2825 538 V.

3374 474 3516 540 ιετι

267 569 330 626 Ὀ
360 568 468 641 γάρ
499 570 760 638 πεισθεὶς,
789 572 870 628 ὅτι
896 575 990 629 καὶ
1015 577 1403 650 ἀναστήσεται,
1434 584 1528 637 καὶ
1556 583 1707 654 αὐτῷ
1735 584 1836 639 δὼ-

1940 586 2017 641 sit
2056 596 2371 656 recepturus
2400 586 2716 641 delictorum
2743 599 2930 656 pinnas
2951 623 2966 649 ,
3000 584 3222 641 omnino
3246 587 3415 642 currit
3445 588 3515 643 ad

258 676 343 714 σει
380 660 481 724 τὰς
522 661 752 726 εὐθύνας
791 663 902 716 τῶν
942 666 1517 740 πεπλημμελημένων,
1562 674 1839 745 προσδρα-

259 755 444 822 μεῖται
483 752 699 818 πάντως
740 755 909 826 αὐτῷ,
950 756 1321 830 ἐξιλεούμενος
1362 763 1548 828 αὐτὸν,
1588 765 1664 828 ὡς
1707 765 1838 835 μέλ-

255 842 418 896 λοντα
452 844 616 897 αὑτοῦ
653 847 845 915 κριτὴν
878 847 1117 905 ἔσεσθαι.
1153 852 1243 921 Μὴ
1278 853 1586 921 θαυμάζετε
1630 856 1686 908 δὲ
1709 896 1724 920 ,
1756 856 1838 910 ὅτι

257 934 386 998 Υίδς
430 935 721 1004 ἀνθρώπου
769 939 934 996 ἐστίν.
984 943 1046 995 Εἰ
1090 943 1199 1013 γάρ
1244 946 1336 998 καὶ
1379 945 1504 1010 Υἱὸς
1548 947 1836 1017 ἀνθρώπου

257 1026 443 1090 ἐστὶν,
480 1028 613 1081 ἄλλά
648 1032 738 1082 καὶ
775 1030 907 1096 Θεός
939 1034 1086 1087 ἐστιν
1113 1050 1126 1064 ’
1162 1036 1302 1089 ὥστε
1336 1037 1435 1109 τὴν
1469 1037 1654 1109 κρίσιν
1688 1037 1837 1092 εἰκό-

256 1134 363 1179 τως
398 1118 512 1187 ἔχει
533 1159 547 1182 ,
579 1119 654 1183 ὡς
686 1121 811 1184 Υἱὸς
844 1122 1001 1179 Θεοῦ.
1034 1126 1095 1178 Ei
1123 1127 1178 1180 δὲ
1209 1130 1301 1182 καὶ
1330 1128 1616 1200 ἄνθρωπος
1647 1129 1838 1195 φαίνει

255 1224 367 1269 ται,
406 1210 482 1279 μὴ
516 1211 848 1281 θαυμάζετε.
878 1216 999 1285 Χρὴ
1029 1217 1086 1269 δὲ
1116 1220 1427 1286 γινώσκειν,
1459 1224 1537 1275 ὃτι
1572 1221 1781 1285 Παῦλος
1810 1223 1838 1274 ὁ

257 1299 631 1369 Σαμοσστεὺς,
680 1304 834 1374 ψιλὸν
878 1306 1165 1378 ἄνθρωπον
1206 1311 1548 1380 δογματίζων
1590 1312 1679 1365 τὸν
1724 1314 1839 1367 Κύ-

261 1405 408 1459 ριον,
457 1391 629 1456 οὕτως
681 1396 1014 1463 ἀνεγίνωσκε
1058 1400 1217 1453 τοῦτο
1261 1403 1322 1453 τὸ
1369 1403 1605 1472 χωρίον⁹
1655 1422 1673 1455 ι
1729 1405 1840 1458 Καὶ

255 1479 511 1546 ἐξουσίαν
546 1484 743 1538 ἔδωκεν
780 1487 963 1556 αὐτῷ,
998 1491 1093 1544 καὶ
1135 1493 1316 1561 κρίσιν
1351 1497 1554 1559 ποιεῖν,
1591 1496 1671 1548 ὅτι
1709 1496 1839 1561 Υἱὸς

257 1572 553 1644 ἀνθρώπου
599 1579 781 1631 ἐστίν’
835 1599 853 1631 ι
901 1582 1137 1636 ἐνταῦθα
1178 1583 1237 1637 δέ
1284 1584 1511 1653 στίζων,
1559 1586 1652 1642 ἀπ’
1674 1587 1839 1658 ἄλλης

254 1665 436 1736 ἀρχῆς
468 1669 796 1737 ἀνεγίνωσκε
822 1672 900 1739 τὸ,
927 1691 945 1725 ι
965 1674 1057 1745 Μὴ
1075 1675 1381 1745 θαυμάζετε
1408 1678 1614 1732 τοῦτο.ι
1653 1680 1841 1749 Ἀνόη-

255 1770 350 1807 τον
380 1756 439 1809 δὲ
465 1757 686 1823 τελείως
712 1761 830 1816 ἐστὶ
852 1763 914 1816 τὸ
942 1763 1115 1828 οὕτως
1144 1766 1560 1835 ἀναγινώσκειν.
1591 1769 1702 1841 Τὴν
1731 1772 1840 1839 γὰρ

253 1846 443 1916 κρίσιν
466 1849 666 1905 δέδωκε
692 1854 770 1924 τῷ
803 1855 915 1925 Υίῷ
943 1858 971 1909 ὁ
1002 1858 1209 1930 Πατὴρ,
1237 1861 1336 1930 οὐχ
1362 1862 1445 1915 ὅτι
1474 1862 1601 1927 Υίὸς
1633 1863 1841 1934 ἀνθρώ-

1942 678 2117 748 ipsum
2170 677 2453 747 placatque
2502 686 2559 731 ut
2610 693 2766 732 suum
2818 676 3057 731 futurum
3125 676 3385 746 judicent.
3438 677 3516 732 Ne

1940 769 2281 825 admiremini
2317 780 2493 823 autem
2541 770 2681 838 quod
2726 768 2893 824 Filius
2929 770 3160 824 hominis
3222 778 3303 823 est
3334 785 3350 829 ;
3386 784 3511 823 nam

1940 862 2187 928 quamvis
2222 859 2392 915 Filius
2434 860 2689 925 hominis,
2722 870 2804 914 est
2835 871 3015 917 tamen
3060 869 3111 913 et
3148 861 3307 915 Deus.
3346 859 3411 914 Et
3440 861 3512 914 ita

1935 955 2206 1023 judicium
2240 954 2433 1007 merito
2466 954 2627 1007 habet
2661 953 2802 1007 sicut
2836 953 3004 1008 Filius
3056 955 3170 1009 Dei.
3224 952 3281 1007 Si
3332 962 3511 1008 autem

1941 1056 1992 1101 et
2022 1046 2184 1100 homo
2212 1054 2489 1113 appareat,
2523 1060 2589 1098 ne
2617 1045 2982 1099 admiremini.
3012 1043 3300 1099 Sciendum
3328 1054 3509 1097 autem

1941 1140 2083 1209 quod
2116 1137 2314 1192 Paulus
2341 1137 2728 1192 Samosatenus
2773 1139 2972 1192 docens
3005 1137 3289 1191 Dominum
3322 1151 3513 1203 purum

1939 1244 2059 1284 esse
2091 1228 2386 1291 hominem,
2415 1229 2492 1283 sic
2528 1228 2654 1296 legit
2690 1230 2831 1283 hunc
2860 1236 3037 1281 locttm
3071 1246 3085 1283 :
3128 1247 3146 1279 ι
3186 1228 3247 1280 Ει
3278 1240 3514 1297 pntcsta-

1943 1331 2046 1375 tem
2079 1320 2224 1374 dedit
2249 1319 2294 1372 ei
2323 1318 2586 1388 judicium
2625 1319 2878 1382 faciendi,
2913 1321 3035 1387 quia
3062 1319 3231 1374 Filius
3280 1321 3516 1374 hominis

1939 1421 2041 1467 est.
2079 1430 2098 1463 ι
2150 1408 2262 1463 Hoc
2306 1420 2484 1463 autern
2525 1410 2642 1463 loco
2702 1421 2958 1478 punctqu
3016 1410 3239 1471 faciens,
3296 1410 3363 1463 ab
3410 1409 3516 1462 alio

1940 1501 2209 1571 principio
2232 1500 2380 1568 legit,
2418 1518 2437 1550 ι
2469 1497 2546 1553 Ne
2577 1499 2915 1554 admiremini
2943 1502 3062 1555 hoc.
3091 1519 3110 1552 ι
3141 1500 3311 1555 Valde
3337 1510 3514 1550 autent

1940 1594 2162 1649 stultum
2191 1602 2273 1647 est
2300 1594 2378 1647 sic
2403 1593 2603 1661 legere.
2630 1593 2743 1647 Non
2791 1596 2932 1647 enim
2983 1594 3128 1647 dedit
3175 1592 3336 1646 Pater
3382 1591 3518 1645 Filio

1934 1684 2195 1751 judicium
2228 1688 2370 1755 quod
2400 1685 2572 1740 Filius
2609 1686 2842 1741 hominis
2890 1685 2981 1751 sit,
3034 1685 3127 1738 sed
3182 1685 3305 1753 quia
3346 1684 3513 1737 Dens.

1942 1778 2106 1851 576
2152 1778 2306 1834 Unde
2354 1778 2443 1833 ille
2499 1792 2605 1832 non
2661 1776 2873 1844 patiens
2902 1786 2960 1829 ιιι
3004 1774 3255 1830 Christus
3307 1775 3520 1827 dicatur

1944 1866 2106 1934 Deus,
2132 1868 2225 1921 sed
2247 1866 2415 1921 Filius
2438 1865 2692 1931 hominis,
2720 1865 2798 1920 sic
2822 1864 3091 1935 cogitabat
3109 1865 3342 1935 judicem
3368 1864 3516 1915 illum

254 1951 361 1988 που
394 1938 575 2005 ἐστὶν,
608 1942 724 1996 ἀλλ’
745 1945 828 1999 ὅτι
859 1945 1011 2010 Θεός.
1050 1949 1285 2013 Ἐκεῖνος
1321 1951 1421 2021 μὲν
1452 1952 1545 2006 οὖν
1581 1953 1654 2026 μὴ
1686 1931 1836 2026 δεχό-

1940 1973 2083 2025 esse,
2120 1975 2225 2014 non
2256 1967 2312 2013 ut
2359 1960 2551 2019 Deum,
2600 1958 2693 2013 sed
2738 1965 2797 2012 ut
2847 1955 3043 2011 Filium
3094 1956 3350 2011 hominis.
3405 1943 3516 2009 Nos

260 2042 425 2118 μενος
456 2032 631 2085 εἰπεῖν
658 2034 749 2088 τὸν
778 2037 1013 2108 Χριστὸν
1039 2040 1191 2108 Θεὸν,
1226 2043 1343 2098 ἀλλ’
1366 2044 1494 2099 Υίὸν
1526 2047 1836 2118 ἀνθρώπου,

259 2114 438 2182 οὕτως
482 2121 622 2175 ἐνόει
659 2128 852 2196 κριτὴν
886 2128 1048 2182 αὐτὸν
1080 2125 1243 2198 εῖναι,
1276 2134 1373 2206 οὐχ
1415 2134 1491 2198 ὡς
1533 2114 1686 2204 Θεὸν,
1721 2138 1839 2192 ἀλλ’

254 2207 331 2273 ὡς
360 2210 491 2265 Υίὸν
520 2214 838 2286 ἀνθρώπου·
865 2222 1027 2291 ἡμεῖς
1054 2222 1112 2277 δέ
1140 2222 1283 2280 οὕτω
1306 2227 1559 2298 νοοῦμεν,
1585 2229 1658 2294 ὡς
1688 2231 1842 2302 είρη-

254 2316 371 2358 ται.
419 2302 602 2359 Εἰπὼν
642 2307 699 2362 δὲ
741 2311 871 2381 περὶ
912 2313 1011 2382 τῆς
1052 2317 1287 2386 μρικῆς
1330 2319 1700 2383 ἀναστάσεως,
1744 2321 1837 2376 τοῦ

251 2394 539 2486 ᾼαζάρου,
586 2401 749 2470 φημὶ,
798 2405 892 2456 καὶ
935 2405 1043 2458 τῶν
1088 2409 1285 2473 ἄλλων,
1332 2411 1382 2464 οἶ
1428 2411 1596 2466 πάλαι
1640 2413 1839 2486 δηλαδὴ

251 2483 481 2551 ἔθανον,
509 2488 604 2543 νῦν
633 2492 783 2562 λέγει
818 2498 946 2568 περὶ
974 2498 1074 2568 τῆς
1106 2501 1338 2555 καθόλου
1361 2518 1376 2533 ⁸
1419 2522 1437 2556 ι
1466 2505 1583 2558 ’Ότι
1619 2483 1838 2577 ἔργεται

249 2578 375 2649 ὥρα
397 2623 412 2647 ,
446 2583 504 2634 ἐν
599 2587 648 2639 οἱ
682 2589 739 2640 ἐν
767 2591 880 2652 τοῖς
913 2596 1200 2661 μνημείοις
1235 2595 1559 2652 ἀκούσονται
1589 2602 1686 2672 τῆς
1722 2617 1837 2656 coto-

251 2672 354 2740 νῆς
386 2673 482 2726 τοῦ
522 2671 658 2729 Θεοῦ
686 2693 701 2708 ·
745 2697 766 2731 ι
809 2683 939 2751 περὶ
980 2684 1074 2755 τῆς
1115 2686 1415 2759 καθολικῆς
1454 2689 1563 2761 γὰρ
1603 2671 1840 2747 ἀναστά-

256 2779 396 2827 σεως
426 2766 662 2825 ἐνταῦθά
691 2788 878 2841 φησιν.
912 2775 1129 2848 Ἐπειδὴ
1160 2778 1216 2831 δὲ
1248 2775 1401 2833 εἶπεν
1431 2782 1726 2853 ἀνωτέρω,
1756 2786 1839 2840 ὅτι

261 2873 283 2909 ι
318 2857 378 2911 '0
411 2862 703 2928 πιστεύων,
738 2868 816 2930 είς
847 2866 1029 2937 κρίσιν
1058 2871 1159 2925 οὑκ
1190 2871 1430 2943 ἔρχεται,
1470 2892 1488 2926 ι
1525 2875 1613 2929 ἴνα
1646 2878 1720 2946 μὴ
1751 2894 1838 2930 νο-

259 2949 528 3021 μίσωμεν,
555 2955 637 3008 ὅτι
666 2957 699 3028 ἡ
733 2959 918 3023 πίστις
948 2964 1084 3032 μόνη
1118 2964 1196 3026 είς
1231 2966 1505 3035 σωτηρίαν
1528 2967 1708 3039 ἀρκεῖ,
1736 2986 1840 3041 φη-

258 3043 364 3110 σὶν,
393 3044 479 3098 ὅτι
511 3064 530 3099 ι
569 3048 1009 3123 Ἀναστήσονται,
1037 3055 1086 3108 οί
1114 3056 1181 3109 τά
1212 3057 1392 3127 φαῦλα
1423 3060 1731 3126 πράξαντες
1759 3063 1839 3126 είς

255 3134 556 3192 ἀνάστασιν
602 3142 871 3212 κρίσεως,
924 3148 974 3201 οἱ
1020 3147 1091 3201 τά
1141 3149 1359 3218 ἀγαθὰ,
1410 3152 1491 3215 είς
1539 3154 1838 3208 ἀνάστασιν

1941 2061 2118 2106 autem
2150 2052 2231 2109 sic
2269 2052 2643 2123 intelligimus,
2696 2062 2755 2106 ut
2818 2052 3018 2106 dictum
3065 2058 3172 2107 est.
3226 2049 3515 2117 Postquam

1940 2153 2118 2197 autem
2174 2144 2309 2199 dixit
2351 2145 2414 2198 de
2475 2143 2789 2213 particulari
2824 2144 3252 2209 resurrectione,
3327 2139 3516 2194 Lazari

1940 2236 2194 2291 videlicet
2232 2247 2287 2291 et
2310 2237 2541 2291 aliorum
2575 2238 2663 2306 qui
2694 2237 2888 2290 iterum
2921 2235 3119 2289 mortui
3166 2242 3332 2287 sunt:
3378 2246 3519 2286 nunc

1938 2328 2069 2381 dicit
2105 2326 2174 2381 de
2199 2328 2527 2381 universali:
2573 2345 2592 2378 ι
2629 2326 2767 2393 Quia
2819 2327 2965 2379 venit
3013 2328 3141 2380 hora
3194 2326 3246 2378 in
3284 2340 3387 2394 qua
3448 2324 3504 2376 hi

1939 2419 2029 2488 qui
2058 2419 2108 2473 in
2146 2419 2511 2474 monumentis
2540 2427 2688 2481 sunt,
2714 2417 2938 2471 audient
2960 2431 3143 2469 vocem
3177 2417 3289 2469 Dei.
3326 2433 3344 2466 ι
3368 2413 3515 2479 ⁸Νιιιιι

1942 2512 2007 2567 de
2037 2511 2326 2565 universali
2373 2511 2765 2565 resurrectione
2815 2510 2901 2562 hic
2949 2508 3207 2578 loquitur.
3250 2507 3515 2572 Quoniam

1942 2604 2154 2660 dixerat
2210 2605 2477 2674 superius,
2521 2623 2541 2654 ι
2574 2601 2676 2670 Qui
2735 2604 2928 2669 credit,
2992 2604 3043 2655 in
3092 2601 3352 2667 judicium
3408 2614 3515 2653 non

1939 2698 2124 2762 venit,
2184 2715 2205 2750 ι
2247 2712 2313 2750 ne
2363 2707 2611 2765 putemus
2635 2697 2777 2764 quod
2829 2693 2960 2750 ﬁdes
3015 2693 3125 2749 sola
3176 2694 3240 2745 ad
3288 2692 3514 2747 salutem

1939 2788 2191 2854 sulﬁciat,
2242 2787 2373 2843 dicit
2404 2787 2544 2856 quod
2580 2803 2600 2838 ι
2637 2784 2939 2857 Resurgent
2968 2784 3023 2839 hi
3061 2785 3152 2852 qui
3184 2783 3322 2836 mala
3370 2783 3516 2836 fece-

1941 2889 2090 2945 runt,
2125 2879 2176 2933 in
2202 2880 2655 2934 resurrectionem
2681 2877 3150 2933 condemnationis
3174 2894 3190 2939 ;
3213 2880 3303 2945 qui
3335 2885 3513 2928 autem

1941 2970 2104 3036 bona,
2159 2972 2212 3026 in
2262 2972 2718 3027 resurrectionem
2761 2972 2906 3025 vitae.
2944 2988 2964 3022 ι
3009 2968 3125 3024 Νοιι
3181 2969 3347 3038 igitur
3400 2967 3515 3022 sola

1941 3064 2073 3119 tldes
2102 3063 2307 3133 absque
2339 3064 2594 3133 Operihus
2633 3063 2922 3133 justiticat,
2975 3062 3067 3117 sed
3110 3069 3320 3129 oportet
3351 3061 3512 3114 etiam

1939 3170 2101 3224 opera
2152 3155 2367 3233 adesse,
2416 3162 2543 3210 tunc
2571 3154 2714 3209 enim
2773 3155 2990 3224 proprie
3046 3153 3180 3208 ﬁdes
3227 3164 3330 3207 est.
3383 3152 3516 3207 Vide

461 3232 754 3346 )‘Ol'tf'apa
782 3236 815 3304 ἡ
846 3236 1029 3303 πίστις
1059 3242 1195 3312 μόνη
1223 3243 1391 3313 χωρὶς
1417 3243 1595 3315 ἔργων
1617 3245 1834 3310 δικαιοῖ,

1943 3260 2118 3305 autem
2149 3251 2417 3321 geminam
2443 3252 2746 3306 doctrinam
2784 3250 2897 3306 ﬁeri
2928 3265 3025 3319 per
3056 3260 3259 3304 metum
3294 3259 3348 3304 et
3378 3247 3515 3303 laeti-

254 3322 395 3378 ἀλλά
420 3326 515 3379 καὶ
534 3327 602 3381 τὰ
626 3327 759 3397 ἔργα
786 3335 1067 3402 προσεῖναι
1092 3334 1174 3389 δεῖ
1193 3350 1204 3365 ⁸
1232 3337 1354 3390 τότε
1378 3338 1489 3410 γάρ
1513 3340 1606 3393 καὶ
1632 3338 1836 3409 κυρίως

1946 3343 2092 3397 tiam.
2129 3339 2263 3396 Nam
2290 3356 2411 3396 cum
2456 3342 2588 3396 dicit
2620 3340 2971 3395 condemnari
3014 3339 3175 3408 impia
3230 3337 3511 3401 iacientes,

251 3413 442 3480 πίστις
477 3417 643 3472 ἐστίν.
669 3419 810 3491 Ὅρα
849 3421 906 3475 δέ
950 3423 1145 3494 διπλῆν
1177 3425 1277 3497 τὴν
1309 3428 1654 3483 διδασκαλίαν
1688 3447 1836 3498 γινο-

257 3505 449 3578 μένην,
476 3508 565 3562 διὰ
594 3511 760 3585 φόϐου
812 3514 905 3567 καὶ
937 3515 1273 3588 ἱλαρότητος.
1300 3519 1373 3572 Τὸ
1409 3520 1507 3590 μὲν
1533 3522 1642 3594 γὰρ
1672 3539 1839 3577 κατα-

1944 3435 2202 3489 dcterret.
2233 3434 2367 3489 Cum
2403 3444 2580 3487 autem
2612 3432 2742 3486 dicit
2790 3447 3073 3503 resurgere
3125 3432 3190 3484 ad
3221 3431 3385 3483 vitam
3420 3444 3513 3483 cos

1926 3527 2039 3610 qui
2074 3527 2210 3582 bona
2243 3527 2512 3599 fecerunt,
2540 3542 2635 3597 per
2660 3525 2906 3580 laetitiam
2936 3526 3274 3580 exhortatur.

253 3597 513 3692 κριθῆναι
541 3602 668 3664 τοὺς
701 3604 770 3658 τὰ
809 3605 987 3674 φαῦλα
1019 3609 1354 3678 πράξαντας,
1388 3613 1614 3683 ἐκφοϐεῖ
1638 3630 1653 3645 ο
1705 3615 1767 3669 τὸ
1831 3615 1887 3671 δέ
1926 3604 2012 3684 ἐἰς
2051 3619 2196 3692 ζωὴν
2230 3597 2532 3691 ἀναστῆναι
2569 3619 2697 3682 τοὺς
2742 3617 2811 3671 τά
2850 3615 3031 3686 ἀγαθά
3074 3615 3409 3687 πράξαντας,
3446 3608 3515 3665 δι’

256 3690 578 3765 ἱλαρότητος
607 3699 1001 3769 προτρέπεται.

333 3809 353 3842 ι
382 3791 458 3844 Οὐ
483 3790 718 3863 δύναμαι
744 3793 855 3862 ἐγὼ
880 3799 1053 3850 ποιεῖν
1072 3797 1168 3853 ἀπ’
1184 3800 1424 3871 ἐμαυτοῦ
1446 3802 1622 3857 οὐδέν’
1650 3803 1850 3869 καθὼς

254 3880 462 3946 ἀκούω,
495 3883 685 3955 κρίνω,
714 3889 809 3939 καὶ
837 3888 871 3958 ὴ
902 3888 1081 3960 κρίσις
1108 3892 1141 3963 ἡ
1170 3891 1277 3964 ἐμὴ
1305 3894 1490 3949 δικαία
1519 3896 1665 3950 ἐστίν
1696 3914 1712 3930 ο
1755 3898 1839 3952 ὅτι

254 3972 317 4024 οὐ
363 3971 516 4043 ζητῶ
558 3974 618 4027 τὸ
661 3975 873 4047 θέλημα
913 3979 973 4031 τὸ
1012 3980 1168 4050 ἐμὸν,
1213 3983 1350 4037 ἀλλὰ
1391 3985 1453 4039 τὸ
1496 3985 1709 4057 θέλημα
1744 3987 1837 4042 τοῦ

255 4064 577 4135 πέμψαντός
608 4084 674 4136 με
709 4070 941 4141 Πατρός.
979 4090 997 4122 ι
1033 4074 1194 4127 Καθά
1224 4076 1316 4129 καὶ
1347 4078 1405 4129 ἐν
1431 4080 1543 4142 τοῖς
1576 4080 1836 4151 ἀνωτέρω

256 4154 541 4221 λέλεκται,
570 4158 668 4230 τὴν
698 4161 1113 4231 ἀπαραλλαξίαν
1140 4166 1235 4219 τοῦ
1267 4168 1399 4221 Υίοῦ
1432 4171 1569 4240 πρὸς
1596 4172 1689 4225 τὸν
1720 4175 1838 4226 Πα-

257 4250 394 4323 τέρα
427 4250 792 4307 ἐνδείκνυνται
826 4253 998 4308 ταῢτα
1032 4255 1100 4310 τὰ
1135 4259 1375 4329 ῥήματα,
1409 4260 1489 4327 τὸ,
1520 4280 1538 4312 ι
1565 4264 1640 4316 Οὐ
1673 4263 1837 4318 δύνα-

257 4355 358 4408 μαι
380 4339 491 4408 ἐγὼ
513 4345 683 4397 ποιεῖν
701 4344 796 4398 ἀπ’
820 4347 1060 4415 ἐμαυτοῦ
1081 4348 1258 4414 οὐδὲν,
1300 4371 1318 4403 ι
1355 4353 1447 4405 καὶ
1472 4354 1572 4406 ὅσα
1601 4357 1841 4410 τοιουτό-

256 4446 457 4499 τροπα.
494 4434 659 4486 Οὐδὲν
694 4436 802 4505 γὰρ
846 4436 995 4501 ξένον
1034 4442 1129 4493 καὶ
1174 4440 1454 4513 ἀλλότριον
1490 4446 1588 4500 τοῦ
1629 4446 1842 4519 Πατρὸς

2011 3805 2173 3861 Vens.
2201 3806 2288 3862 50.
2327 3824 2346 3859 ι
2390 3805 2505 3861 Non
2549 3820 2767 3875 possum
2813 3820 2912 3873 ego
2956 3819 3018 3857 ex
3076 3802 3278 3869 meipso
3337 3801 3515 3853 facere

1935 3898 2267 3967 quidquam:
2313 3896 2453 3953 sicut
2496 3898 2676 3960 audio,
2699 3894 2910 3963 judico,
2964 3904 3015 3947 et
3041 3893 3300 3963 judicium
3335 3906 3510 3944 meum

1929 3989 2137 4058 justum
2173 3999 2296 4056 est;
2347 3989 2468 4058 quia
2523 4003 2627 4042 non
2678 4003 2860 4057 quaero
2921 3985 3251 4040 voluntatem
3303 3998 3503 4046 meam,

1937 4083 2030 4137 sed
2061 4081 2388 4146 voluntatem
2420 4081 2556 4149 ejus,
2584 4082 2673 4151 qui
2708 4080 2861 4133 misit
2906 4093 2990 4132 me
3040 4078 3239 4131 Patris.
3281 4096 3299 4128 ι
3354 4074 3510 4129 Sicut

1936 4183 1990 4226 et
2040 4172 2095 4227 in
2158 4172 2532 4241 superioribus
2585 4172 2786 4225 dictum
2848 4180 2954 4233 est,
2997 4170 3182 4223 eadem
3244 4167 3419 4222 Patris
3457 4179 3511 4221 et

1922 4263 2058 4320 .Filii
2083 4274 2325 4334 potestas
2351 4264 2658 4319 ostenditur
2686 4265 2834 4319 hisce
2854 4263 3056 4328 Verbis,
3093 4280 3112 4313 ι
3147 4260 3262 4314 Non
3293 4277 3509 4329 possunt

1939 4372 2041 4427 ego
2080 4355 2258 4411 facere
2302 4370 2367 4409 ex
2419 4356 2625 4423 meipso
2666 4354 3001 4424 quidquam:
3044 4371 3062 4404 ι
3093 4360 3146 4406 ct
3175 4365 3513 4423 quascunque

1939 4447 2104 4518 hujus
2126 4447 2344 4518 generis
2385 4455 2530 4502 sunt.
2564 4446 2707 4499 Nihil
2737 4445 2882 4500 enim
2920 4444 3152 4498 alienum
3186 4454 3237 4496 et
3271 4444 3513 4511 peregri-

256 4523 494 4594 δύναμαι
532 4527 644 4595 ἐγὼ
686 4532 886 4583 ποιεῖν’
923 4531 1048 4586 οὔτε
1082 4535 1190 4603 γὰρ
1226 4536 1437 4606 θέλημα
1481 4538 1591 4609 ἔχω
1629 4541 1836 4595 ἀλλοῖον

1942 4554 2072 4592 num
2102 4554 2130 4591 a
2155 4536 2314 4599 Patre
2337 4551 2435 4605 ego
2461 4552 2674 4606 possum
2701 4535 2880 4590 facere
2906 4553 2922 4602 ;
2945 4550 3116 4602 neque
3147 4533 3291 4586 enim
3322 4531 3514 4584 volun-

259 4619 412 4687 παρά
443 4619 504 4672 τὸ
547 4622 828 4691 πατρικὸν,
863 4623 988 4679 οὔτε
1029 4600 1280 4696 δύναμιν.
1316 4600 1612 4693 Ιξαθὼςηδὲ
1654 4632 1834 4686 ἀκούω

1944 4640 2109 4683 tatem
2141 4629 2302 4682 aliam
2333 4629 2507 4682 habeo
2554 4638 2748 4696 praeter
2790 4637 3091 4694 paternam,
3137 4638 3315 4693 neque
3349 4623 3510 4675 altam

259 4713 412 4780 παρὰ
454 4712 546 4765 τοῦ
596 4715 827 4784 ηατρδς,
872 4717 1016 4771 οὕτω
1058 4720 1264 4789 κρίνω·
1311 4721 1613 4787 τουτέστιν,
1648 4724 1725 4786 ὡς
1766 4724 1833 4777 ἂν

260 4802 421 4866 αὐτὸς
454 4804 482 4855 ὁ
517 4805 705 4875 Πατὴρ
738 4810 954 4877 κρίνει,
987 4809 1132 4865 οὕτω
1165 4812 1338 4880 κάγώ.
1374 4794 1561 4867 Ταῦτα
1594 4815 1650 4867 δὲ
1684 4815 1832 4883 λέγει

257 4894 347 4949 διὰ
367 4896 429 4949 τὸ
455 4897 646 4963 δεῖξαι,
670 4899 745 4962 ὡς
776 4901 1035 4967 πολλάκις
1064 4904 1297 4975 ἔφημεν,
1321 4906 1382 4960 τὸ
1408 4908 1833 4978 ἀπαράλλακτον

257 4990 351 5042 καὶ
383 4992 440 5043 ἐν
465 4988 673 5059 ἔργοις,
703 4990 799 5044 καὶ
828 4991 1026 5059 λόγοις,
1059 4995 1153 5047 καὶ
1184 4996 1449 5064 κρίσεσιν.
1471 4998 1587 5052 Ἵνα
1618 5000 1723 5071 γὰρ
1757 5000 1830 5073 μή

256 5097 433 5146 τινες,
482 5080 768 5153 ἄνθρωπον
815 5083 1051 5155 ὁρῶντες
1101 5087 1283 5153 αὑτὸν,
1340 5089 1827 5158 σκανδαλίζωνται,

256 5172 375 5237 πῶς
418 5174 448 5227 ὁ
490 5175 814 5244 φαινόμενος
858 5172 1145 5247 ἄνθρωπος
1189 5179 1407 5235 δικαίαν
1452 5182 1633 5253 κρίσιν
1674 5185 1833 5256 ποιή-

257 5279 435 5332 σειεν,
474 5265 567 5320 τοῦ
608 5267 772 5323 Δαυῒδ
814 5270 1092 5335 εἰπόντος,
1143 5289 1161 5322 ι
1214 5274 1327 5333 Πᾶς
1374 5273 1658 5345 ἄνθρωπος
1697 5275 1831 5345 ψεύ-

257 5372 392 5425 στης
414 5373 429 5388 ’
466 5376 485 5409 ι
522 5356 723 5425 ἔφθασε
758 5361 857 5431 μὲν
882 5361 1071 5428 εἰπὼν,
1102 5364 1183 5415 ὅτι
1214 5364 1306 5435 Μὴ
1337 5365 1671 5434 θαυμάζετε,
1696 5368 1831 5422 διότι

260 5444 386 5510 Υἱὸς
413 5446 699 5518 ἀνθρώπου
731 5451 847 5521 εἰμί
875 5468 889 5482 ’
921 5451 1070 5521 λέγει
1098 5452 1156 5507 δὲ
1191 5455 1286 5508 καὶ
1313 5455 1428 5519 νῦν,
1459 5459 1542 5511 ὅτι
1572 5459 1767 5512 Δικαία
1795 5459 1829 5530 ἠ

258 5536 441 5608 κρίσις
470 5538 570 5610 μού
602 5542 750 5605 ἐστι,
780 5542 917 5596 καθὸ
946 5546 1150 5616 κρίνω,
1178 5546 1254 5610 ὡς
1281 5547 1466 5602 ἀκούω
1491 5548 1586 5602 τοῦ
1619 5548 1834 5620 Πατρός

261 5645 362 5700 μου
397 5632 694 5701 κρίνοντος.
725 5633 818 5705 Μὴ
851 5635 958 5704 γὰρ
986 5637 1048 5690 τὸ
1082 5637 1213 5708 ὲμδν
1243 5637 1457 5709 θέλημα
1491 5640 1659 5711 ζητῶ,
1692 5640 1829 5696 ἀλλά

266 5720 317 5774 ιδ
341 5720 433 5776 τοῦ
465 5724 699 5795 Πατρός.
726 5724 788 5780 ’0
816 5727 916 5798 μὲν
939 5726 1110 5785 θέλων
1131 5729 1193 5785 τὸ
1221 5730 1418 5785 ἐαυτοῦ
1448 5731 1694 5805 βούλημα
1724 5749 1825 5788 κυ-

327 5901 566 5958 "‘Psal.
623 5919 748 5972 ων,
806 5904 895 5961 lt.

1943 4731 2291 4793 potestatem.
2316 4720 2514 4775 Verum
2547 4721 2687 4773 sicut
2722 4719 2883 4772 audio
2911 4734 2940 4770 a
2968 4717 3149 4781 Patre,
3184 4718 3255 4769 ita
3287 4717 3509 4784 judico:

1944 4815 2048 4869 hoc
2077 4824 2180 4877 est,
2213 4813 2353 4867 sicut
2401 4813 2516 4881 ipse
2555 4811 2711 4869 Pater
2748 4811 2976 4880 judicat,
3032 4810 3105 4862 ita
3149 4820 3202 4863 et
3233 4824 3352 4875 ego.
3388 4807 3510 4861 Haec

1944 4914 2124 4959 autem
2158 4905 2292 4959 dicit
2340 4913 2401 4959 ut
2452 4905 2738 4966 ostendat,
2778 4902 2917 4956 sicut
2970 4914 3113 4969 saepe
3151 4901 3404 4962 diximus,
3459 4901 3509 4950 in

1945 4998 2091 5052 nullo
2116 4998 2218 5052 sibi
2256 4999 2445 5052 deesse
2471 4996 2675 5067 aliquid
2706 5011 2734 5048 a
2765 4994 2949 5060 Patre,
2982 4996 3099 5048 sive
3146 4994 3198 5046 in
3244 4993 3477 5046 serunmi

1943 5091 2063 5153 bus,
2099 5090 2214 5145 sive
2243 5090 2293 5143 in
2333 5090 2609 5158 operibus,
2650 5088 2764 5143 sive
2796 5089 2846 5141 in
2884 5086 3126 5157 jmliciis.
3162 5085 3300 5137 Nam
3340 5094 3398 5136 ut
3445 5101 3510 5136 ne

1942 5183 2161 5252 quidam
2187 5182 2459 5237 hominem
2494 5182 2743 5237 videntes
2772 5196 2892 5235 eum
2924 5178 3344 5239 otfemterentur,
3376 5193 3513 5246 quu-

1943 5275 2102 5330 modo
2135 5290 2257 5331 cum
2285 5285 2541 5345 appareat
2574 5274 2755 5337 homo,
2797 5271 3002 5341 justum
3035 5270 3198 5323 faciat
3230 5269 3508 5335 iudicium,

1939 5383 2061 5422 cum
2119 5368 2285 5423 David
2331 5369 2514 5423 dicat:
2550 5386 2570 5420 ι
2608 5365 2796 5420 Omnis
2852 5364 3013 5418 homo
3062 5363 3290 5417 mendax
3317 5362 3420 5426 ’νς
3482 5379 3501 5409 ι

1937 5459 2200 5526 praevenit
2246 5459 2505 5529 quidem,
2563 5459 2786 5514 dicens:
2836 5456 2915 5511 Ne
2943 5456 3284 5510 admiremini
3336 5456 3400 5506 de
3441 5469 3506 5503 eu

1936 5550 2076 5620 quod
2107 5549 2276 5603 Filius
2306 5549 2544 5603 hominis
2571 5562 2689 5602 sunt
2718 5565 2733 5614 ;
2761 5563 2885 5602 nam
2923 5557 2977 5601 et
3005 5545 3146 5602 Deus
3180 5561 3320 5599 sum.
3366 5542 3509 5595 Dicit

1920 5651 2155 5697 autem:
2209 5641 2272 5695 Et
2312 5656 2456 5695 nunc
2505 5641 2709 5711 justum
2762 5639 3023 5710 judicium
3067 5653 3244 5693 meum
3289 5643 3391 5696 est.
3439 5649 3505 5689 eo

1934 5736 2079 5806 quod
2118 5734 2304 5807 judico
2329 5736 2472 5792 sicut
2500 5718 2660 5792 audio
2685 5734 2901 5793 Patrem
2940 5748 3117 5790 meum
3143 5730 3498 5802 iudicantem.
