  <div class='ocr_page' id='page_1' title='image "/cluster/home/n/w/nwhite01/storage/ocr_20150623/123/hvd.32044019208198/647.png"; bbox 0 0 3960 6454; ppageno 0'>
   <div class='ocr_carea' id='block_1_1' title="bbox 411 424 3632 506">
    <p class='ocr_par' dir='ltr' id='par_1_1' title="bbox 411 424 3632 506">
     <span class='ocr_line' id='line_1_1' title="bbox 411 424 3632 506; baseline -0.006 0"><span class='ocrx_word' id='word_1_1' title='bbox 411 437 554 506; x_wconf 72' lang='lat'><strong>1275</strong></span> <span class='ocrx_word' id='word_1_2' title='bbox 1323 432 1902 494; x_wconf 80' lang='lat' dir='ltr'><strong>TllEOPIlYLACTI</strong></span> <span class='ocrx_word' id='word_1_3' title='bbox 1943 430 2354 490; x_wconf 62' lang='lat' dir='ltr'><strong>BULGARIE</strong></span> <span class='ocrx_word' id='word_1_4' title='bbox 2398 430 2753 490; x_wconf 68' lang='lat' dir='ltr'><strong>ARClllEP.</strong></span> <span class='ocrx_word' id='word_1_5' title='bbox 3500 424 3632 489; x_wconf 66' lang='lat'><strong>1276</strong></span> 
     </span>
    </p>
   </div>
   <div class='ocr_carea' id='block_1_2' title="bbox 413 533 2008 614">
    <p class='ocr_par' dir='ltr' id='par_1_2' title="bbox 413 543 2008 614">
     <span class='ocr_line' id='line_1_2' title="bbox 413 543 2008 614; baseline -0.006 -7"><span class='ocrx_word' id='word_1_6' title='bbox 413 568 436 608; x_wconf 71' lang='grc' dir='ltr'><strong>ι</strong></span> <span class='ocrx_word' id='word_1_7' title='bbox 479 548 592 604; x_wconf 73' lang='lat' dir='ltr'><strong>Non</strong></span> <span class='ocrx_word' id='word_1_8' title='bbox 619 545 759 602; x_wconf 88' lang='lat' dir='ltr'><strong>enim</strong></span> <span class='ocrx_word' id='word_1_9' title='bbox 789 560 964 600; x_wconf 90' lang='lat' dir='ltr'><strong>meam</strong></span> <span class='ocrx_word' id='word_1_10' title='bbox 998 543 1328 599; x_wconf 72' lang='lat' dir='ltr'><strong>voluntatem</strong></span> <span class='ocrx_word' id='word_1_11' title='bbox 1362 560 1564 614; x_wconf 72' lang='lat' dir='ltr'><strong>qumro,</strong></span> <span class='ocrx_word' id='word_1_12' title='bbox 1595 544 1688 598; x_wconf 86' lang='lat' dir='ltr'><strong>sed</strong></span> <span class='ocrx_word' id='word_1_13' title='bbox 1715 545 1914 598; x_wconf 85' lang='lat' dir='ltr'><strong>Patris.</strong></span> <span class='ocrx_word' id='word_1_14' title='bbox 1950 561 1968 594; x_wconf 73' lang='grc' dir='ltr'><strong>ι</strong></span> <span class='ocrx_word' id='word_1_15' title='bbox 2006 591 2008 597; x_wconf 40' lang='grc' dir='ltr'><strong><em>λ</em></strong></span> 
     </span>
    </p>
   </div>
   <div class='ocr_carea' id='block_1_3' title="bbox 2114 533 3662 614">
    <p class='ocr_par' dir='ltr' id='par_1_3' title="bbox 2115 533 3662 609">
     <span class='ocr_line' id='line_1_3' title="bbox 2115 533 3662 609; baseline -0.004 -14"><span class='ocrx_word' id='word_1_16' title='bbox 2115 543 2276 608; x_wconf 72' lang='grc' dir='ltr'>ὦσαι,</span> <span class='ocrx_word' id='word_1_17' title='bbox 2320 542 2449 605; x_wconf 75' lang='grc' dir='ltr'>ἴσως</span> <span class='ocrx_word' id='word_1_18' title='bbox 2496 541 2563 594; x_wconf 77' lang='grc' dir='ltr'>ἂν</span> <span class='ocrx_word' id='word_1_19' title='bbox 2607 538 2991 609; x_wconf 82' lang='grc' dir='ltr'>ὑποπτευθείη,</span> <span class='ocrx_word' id='word_1_20' title='bbox 3041 539 3115 601; x_wconf 86' lang='grc' dir='ltr'>ὡς</span> <span class='ocrx_word' id='word_1_21' title='bbox 3165 536 3556 608; x_wconf 73' lang='grc' dir='ltr'>παραφθείρων</span> <span class='ocrx_word' id='word_1_22' title='bbox 3603 533 3662 589; x_wconf 68' lang='grc' dir='ltr'>τὸ</span> 
     </span>
    </p>
   </div>
   <div class='ocr_carea' id='block_1_4' title="bbox 411 628 2008 710">
    <p class='ocr_par' dir='ltr' id='par_1_4' title="bbox 411 636 1980 710">
     <span class='ocr_line' id='line_1_4' title="bbox 411 636 1980 710; baseline -0.003 -14"><span class='ocrx_word' id='word_1_23' title='bbox 411 642 544 696; x_wconf 72' lang='lat' dir='ltr'><strong>Nam</strong></span> <span class='ocrx_word' id='word_1_24' title='bbox 569 641 827 710; x_wconf 89' lang='lat' dir='ltr'><strong>quisnam</strong></span> <span class='ocrx_word' id='word_1_25' title='bbox 855 638 1084 694; x_wconf 84' lang='lat' dir='ltr'><strong>voluerit</strong></span> <span class='ocrx_word' id='word_1_26' title='bbox 1117 637 1384 701; x_wconf 86' lang='lat' dir='ltr'><strong>stabilire,</strong></span> <span class='ocrx_word' id='word_1_27' title='bbox 1422 636 1668 692; x_wconf 77' lang='lat' dir='ltr'><strong>fortassis</strong></span> <span class='ocrx_word' id='word_1_28' title='bbox 1698 647 1980 706; x_wconf 84' lang='lat' dir='ltr'><strong>suspectus</strong></span> 
     </span>
    </p>
   </div>
   <div class='ocr_carea' id='block_1_5' title="bbox 2114 628 3665 710">
    <p class='ocr_par' dir='ltr' id='par_1_5' title="bbox 2118 628 3665 702">
     <span class='ocr_line' id='line_1_5' title="bbox 2118 628 3665 702; baseline -0.005 -15"><span class='ocrx_word' id='word_1_29' title='bbox 2118 635 2325 688; x_wconf 88' lang='grc' dir='ltr'>ίκαιον·</span> <span class='ocrx_word' id='word_1_30' title='bbox 2368 635 2396 686; x_wconf 84' lang='grc'>6</span> <span class='ocrx_word' id='word_1_31' title='bbox 2438 633 2495 686; x_wconf 81' lang='grc' dir='ltr'><strong>δὲ</strong></span> <span class='ocrx_word' id='word_1_32' title='bbox 2543 632 2618 702; x_wconf 82' lang='grc' dir='ltr'>μὴ</span> <span class='ocrx_word' id='word_1_33' title='bbox 2658 632 2726 686; x_wconf 83' lang='grc' dir='ltr'>τὰ</span> <span class='ocrx_word' id='word_1_34' title='bbox 2771 631 2965 686; x_wconf 81' lang='grc' dir='ltr'>ἑαυτοῦ</span> <span class='ocrx_word' id='word_1_35' title='bbox 3013 630 3248 694; x_wconf 80' lang='grc' dir='ltr'><strong>σκοπῶν,</strong></span> <span class='ocrx_word' id='word_1_36' title='bbox 3289 629 3411 683; x_wconf 89' lang='grc' dir='ltr'>τίνα</span> <span class='ocrx_word' id='word_1_37' title='bbox 3458 628 3525 681; x_wconf 83' lang='grc' dir='ltr'>ἂν</span> <span class='ocrx_word' id='word_1_38' title='bbox 3565 628 3665 698; x_wconf 76' lang='grc' dir='ltr'><strong>ἔχῃ</strong></span> 
     </span>
    </p>
   </div>
   <div class='ocr_carea' id='block_1_6' title="bbox 413 719 2008 800">
    <p class='ocr_par' dir='ltr' id='par_1_6' title="bbox 413 729 1982 800">
     <span class='ocr_line' id='line_1_6' title="bbox 413 729 1982 800; baseline -0.005 -11"><span class='ocrx_word' id='word_1_39' title='bbox 413 734 542 797; x_wconf 84' lang='lat' dir='ltr'><strong>erit,</strong></span> <span class='ocrx_word' id='word_1_40' title='bbox 570 731 714 800; x_wconf 85' lang='lat' dir='ltr'><strong>quod</strong></span> <span class='ocrx_word' id='word_1_41' title='bbox 760 738 1074 800; x_wconf 87' lang='lat' dir='ltr'><strong>corrumpat</strong></span> <span class='ocrx_word' id='word_1_42' title='bbox 1101 730 1244 798; x_wconf 91' lang='lat' dir='ltr'><strong>quod</strong></span> <span class='ocrx_word' id='word_1_43' title='bbox 1269 729 1480 797; x_wconf 88' lang='lat' dir='ltr'><strong>justum</strong></span> <span class='ocrx_word' id='word_1_44' title='bbox 1522 739 1640 784; x_wconf 89' lang='lat' dir='ltr'><strong>est:</strong></span> <span class='ocrx_word' id='word_1_45' title='bbox 1678 729 1768 796; x_wconf 89' lang='lat' dir='ltr'><strong>qui</strong></span> <span class='ocrx_word' id='word_1_46' title='bbox 1803 739 1982 782; x_wconf 88' lang='lat' dir='ltr'><strong>autem</strong></span> 
     </span>
    </p>
   </div>
   <div class='ocr_carea' id='block_1_7' title="bbox 2114 719 3666 800">
    <p class='ocr_par' dir='ltr' id='par_1_7' title="bbox 2114 719 3666 797">
     <span class='ocr_line' id='line_1_7' title="bbox 2114 719 3666 797; baseline -0.004 -19"><span class='ocrx_word' id='word_1_47' title='bbox 2114 726 2360 797; x_wconf 68' lang='grc' dir='ltr'>πρόφασιν</span> <span class='ocrx_word' id='word_1_48' title='bbox 2385 724 2479 778; x_wconf 89' lang='grc' dir='ltr'><strong>τοῦ</strong></span> <span class='ocrx_word' id='word_1_49' title='bbox 2516 725 2589 794; x_wconf 81' lang='grc' dir='ltr'>μὴ</span> <span class='ocrx_word' id='word_1_50' title='bbox 2615 724 2684 777; x_wconf 76' lang='grc' dir='ltr'>τὰ</span> <span class='ocrx_word' id='word_1_51' title='bbox 2714 723 2894 777; x_wconf 88' lang='grc' dir='ltr'>δίκαια</span> <span class='ocrx_word' id='word_1_52' title='bbox 2917 721 3277 792; x_wconf 68' lang='grc' dir='ltr'>ψηφίζεσθαις</span> <span class='ocrx_word' id='word_1_53' title='bbox 3311 719 3455 789; x_wconf 78' lang='grc' dir='ltr'><strong>Ἐγὼ</strong></span> <span class='ocrx_word' id='word_1_54' title='bbox 3479 720 3666 772; x_wconf 75' lang='grc' dir='ltr'>τοίνυν</span> 
     </span>
    </p>
   </div>
   <div class='ocr_carea' id='block_1_8' title="bbox 417 820 1986 893">
    <p class='ocr_par' dir='ltr' id='par_1_8' title="bbox 417 820 1986 893">
     <span class='ocr_line' id='line_1_8' title="bbox 417 820 1986 893; baseline -0.003 -14"><span class='ocrx_word' id='word_1_55' title='bbox 417 841 522 879; x_wconf 89' lang='lat' dir='ltr'><strong>non</strong></span> <span class='ocrx_word' id='word_1_56' title='bbox 556 839 655 878; x_wconf 87' lang='lat' dir='ltr'><strong>sua</strong></span> <span class='ocrx_word' id='word_1_57' title='bbox 697 830 927 893; x_wconf 93' lang='lat' dir='ltr'><strong>spectat,</strong></span> <span class='ocrx_word' id='word_1_58' title='bbox 975 837 1082 891; x_wconf 91' lang='lat' dir='ltr'><strong>quo</strong></span> <span class='ocrx_word' id='word_1_59' title='bbox 1106 827 1367 890; x_wconf 67' lang='lat' dir='ltr'><strong>praetextu</strong></span> <span class='ocrx_word' id='word_1_60' title='bbox 1400 829 1582 889; x_wconf 78' lang='lat' dir='ltr'><strong>posset</strong></span> <span class='ocrx_word' id='word_1_61' title='bbox 1617 820 1813 890; x_wconf 84' lang='lat' dir='ltr'><strong>injuste</strong></span> <span class='ocrx_word' id='word_1_62' title='bbox 1837 821 1986 888; x_wconf 84' lang='lat' dir='ltr'><strong>judi-</strong></span> 
     </span>
    </p>
   </div>
   <div class='ocr_carea' id='block_1_9' title="bbox 416 913 1985 982">
    <p class='ocr_par' dir='ltr' id='par_1_9' title="bbox 416 913 1985 982">
     <span class='ocr_line' id='line_1_9' title="bbox 416 913 1985 982; baseline -0.003 -15"><span class='ocrx_word' id='word_1_63' title='bbox 416 915 593 969; x_wconf 75' lang='lat' dir='ltr'><strong>care?</strong></span> <span class='ocrx_word' id='word_1_64' title='bbox 637 914 748 982; x_wconf 84' lang='lat' dir='ltr'><strong>Ego</strong></span> <span class='ocrx_word' id='word_1_65' title='bbox 804 913 970 982; x_wconf 78' lang='lat' dir='ltr'><strong>igitur</strong></span> <span class='ocrx_word' id='word_1_66' title='bbox 1018 928 1124 967; x_wconf 88' lang='lat' dir='ltr'><strong>non</strong></span> <span class='ocrx_word' id='word_1_67' title='bbox 1167 925 1358 982; x_wconf 75' lang='lat' dir='ltr'><strong>quaero</strong></span> <span class='ocrx_word' id='word_1_68' title='bbox 1401 913 1731 965; x_wconf 83' lang='lat' dir='ltr'><strong>voluntatem</strong></span> <span class='ocrx_word' id='word_1_69' title='bbox 1790 927 1985 976; x_wconf 86' lang='lat' dir='ltr'><strong>meam,</strong></span> 
     </span>
    </p>
   </div>
   <div class='ocr_carea' id='block_1_10' title="bbox 422 1003 1988 1076">
    <p class='ocr_par' dir='ltr' id='par_1_10' title="bbox 422 1003 1988 1076">
     <span class='ocr_line' id='line_1_10' title="bbox 422 1003 1988 1076; baseline 0.001 -17"><span class='ocrx_word' id='word_1_70' title='bbox 422 1023 594 1076; x_wconf 88' lang='lat' dir='ltr'><strong>neque</strong></span> <span class='ocrx_word' id='word_1_71' title='bbox 624 1008 768 1060; x_wconf 90' lang='lat' dir='ltr'><strong>enim</strong></span> <span class='ocrx_word' id='word_1_72' title='bbox 805 1021 905 1075; x_wconf 88' lang='lat' dir='ltr'><strong>ego</strong></span> <span class='ocrx_word' id='word_1_73' title='bbox 936 1020 1112 1060; x_wconf 88' lang='lat' dir='ltr'><strong>meam</strong></span> <span class='ocrx_word' id='word_1_74' title='bbox 1147 1009 1316 1060; x_wconf 78' lang='lat' dir='ltr'><strong>habeo</strong></span> <span class='ocrx_word' id='word_1_75' title='bbox 1344 1003 1696 1068; x_wconf 78' lang='lat' dir='ltr'><strong>voluntatem,</strong></span> <span class='ocrx_word' id='word_1_76' title='bbox 1723 1003 1815 1059; x_wconf 89' lang='lat' dir='ltr'><strong>sed</strong></span> <span class='ocrx_word' id='word_1_77' title='bbox 1849 1007 1988 1072; x_wconf 84' lang='lat' dir='ltr'><strong>quod</strong></span> 
     </span>
    </p>
   </div>
   <div class='ocr_carea' id='block_1_11' title="bbox 419 1095 1142 1163">
    <p class='ocr_par' dir='ltr' id='par_1_11' title="bbox 419 1095 1142 1163">
     <span class='ocr_line' id='line_1_11' title="bbox 419 1095 1142 1163; baseline -0.003 -12"><span class='ocrx_word' id='word_1_78' title='bbox 419 1098 532 1152; x_wconf 84' lang='lat' dir='ltr'><strong>vult</strong></span> <span class='ocrx_word' id='word_1_79' title='bbox 563 1095 747 1162; x_wconf 85' lang='lat' dir='ltr'><strong>Pater,</strong></span> <span class='ocrx_word' id='word_1_80' title='bbox 779 1096 906 1150; x_wconf 89' lang='lat' dir='ltr'><strong>illud</strong></span> <span class='ocrx_word' id='word_1_81' title='bbox 943 1106 996 1149; x_wconf 89' lang='lat' dir='ltr'><strong>ct</strong></span> <span class='ocrx_word' id='word_1_82' title='bbox 1023 1112 1142 1163; x_wconf 79' lang='lat' dir='ltr'><strong>ego.</strong></span> 
     </span>
    </p>
   </div>
   <div class='ocr_carea' id='block_1_12' title="bbox 493 1170 2008 1254">
    <p class='ocr_par' dir='ltr' id='par_1_12' title="bbox 493 1183 1988 1254">
     <span class='ocr_line' id='line_1_12' title="bbox 493 1183 1988 1254; baseline -0.003 -14"><span class='ocrx_word' id='word_1_83' title='bbox 493 1186 656 1242; x_wconf 74' lang='lat' dir='ltr'><strong>Vens.</strong></span> <span class='ocrx_word' id='word_1_84' title='bbox 685 1186 870 1242; x_wconf 77' lang='grc'><strong>51-55.</strong></span> <span class='ocrx_word' id='word_1_85' title='bbox 911 1205 928 1237; x_wconf 84' lang='grc' dir='ltr'><strong>ι</strong></span> <span class='ocrx_word' id='word_1_86' title='bbox 971 1185 1028 1239; x_wconf 90' lang='lat' dir='ltr'><strong>Si</strong></span> <span class='ocrx_word' id='word_1_87' title='bbox 1085 1199 1181 1253; x_wconf 85' lang='lat' dir='ltr'><strong>ego</strong></span> <span class='ocrx_word' id='word_1_88' title='bbox 1236 1183 1600 1239; x_wconf 85' lang='lat' dir='ltr'><strong>testimonium</strong></span> <span class='ocrx_word' id='word_1_89' title='bbox 1648 1183 1988 1254; x_wconf 85' lang='lat' dir='ltr'><strong>perhiberem</strong></span> 
     </span>
    </p>
   </div>
   <div class='ocr_carea' id='block_1_13' title="bbox 2114 1170 3669 1254">
    <p class='ocr_par' dir='ltr' id='par_1_13' title="bbox 2170 1170 3669 1242">
     <span class='ocr_line' id='line_1_13' title="bbox 2170 1170 3669 1242; baseline 0.001 -20"><span class='ocrx_word' id='word_1_90' title='bbox 2170 1193 2186 1222; x_wconf 77' lang='grc' dir='ltr'><strong>ι</strong></span> <span class='ocrx_word' id='word_1_91' title='bbox 2219 1174 2314 1226; x_wconf 76' lang='grc' dir='ltr'>Ἂν</span> <span class='ocrx_word' id='word_1_92' title='bbox 2353 1171 2465 1242; x_wconf 76' lang='grc' dir='ltr'><strong>ἐγὼ</strong></span> <span class='ocrx_word' id='word_1_93' title='bbox 2516 1170 2777 1242; x_wconf 84' lang='grc' dir='ltr'>μαρτυρῶ</span> <span class='ocrx_word' id='word_1_94' title='bbox 2820 1187 2948 1241; x_wconf 89' lang='grc' dir='ltr'>περι</span> <span class='ocrx_word' id='word_1_95' title='bbox 2995 1170 3256 1239; x_wconf 84' lang='grc' dir='ltr'>εμαυτοῦ,</span> <span class='ocrx_word' id='word_1_96' title='bbox 3305 1172 3338 1239; x_wconf 83' lang='grc' dir='ltr'>ἡ</span> <span class='ocrx_word' id='word_1_97' title='bbox 3389 1171 3669 1240; x_wconf 81' lang='grc' dir='ltr'>μαρτυρία</span> 
     </span>
    </p>
   </div>
   <div class='ocr_carea' id='block_1_14' title="bbox 419 1261 2008 1348">
    <p class='ocr_par' dir='ltr' id='par_1_14' title="bbox 419 1279 1989 1348">
     <span class='ocr_line' id='line_1_14' title="bbox 419 1279 1989 1348; baseline -0.001 -15"><span class='ocrx_word' id='word_1_98' title='bbox 419 1282 484 1334; x_wconf 79' lang='lat' dir='ltr'><strong>de</strong></span> <span class='ocrx_word' id='word_1_99' title='bbox 524 1280 751 1348; x_wconf 83' lang='lat' dir='ltr'><strong>meipso,</strong></span> <span class='ocrx_word' id='word_1_100' title='bbox 786 1279 1150 1333; x_wconf 91' lang='lat' dir='ltr'><strong>testimonium</strong></span> <span class='ocrx_word' id='word_1_101' title='bbox 1202 1293 1377 1331; x_wconf 91' lang='lat' dir='ltr'><strong>meum</strong></span> <span class='ocrx_word' id='word_1_102' title='bbox 1419 1292 1526 1331; x_wconf 89' lang='lat' dir='ltr'><strong>non</strong></span> <span class='ocrx_word' id='word_1_103' title='bbox 1581 1285 1728 1331; x_wconf 83' lang='lat' dir='ltr'><strong>esset</strong></span> <span class='ocrx_word' id='word_1_104' title='bbox 1781 1291 1989 1331; x_wconf 87' lang='lat' dir='ltr'><strong>verum.</strong></span> 
     </span>
    </p>
   </div>
   <div class='ocr_carea' id='block_1_15' title="bbox 2114 1261 3669 1348">
    <p class='ocr_par' dir='ltr' id='par_1_15' title="bbox 2114 1261 3669 1332">
     <span class='ocr_line' id='line_1_15' title="bbox 2114 1261 3669 1332; baseline -0.001 -16"><span class='ocrx_word' id='word_1_105' title='bbox 2114 1281 2196 1316; x_wconf 80' lang='grc' dir='ltr'><strong>ιου</strong></span> <span class='ocrx_word' id='word_1_106' title='bbox 2223 1265 2323 1317; x_wconf 84' lang='grc' dir='ltr'><strong>οὑκ</strong></span> <span class='ocrx_word' id='word_1_107' title='bbox 2349 1263 2495 1316; x_wconf 76' lang='grc' dir='ltr'>ἔστιν</span> <span class='ocrx_word' id='word_1_108' title='bbox 2522 1261 2747 1332; x_wconf 81' lang='grc' dir='ltr'>ἀληθής.</span> <span class='ocrx_word' id='word_1_109' title='bbox 2773 1261 2965 1325; x_wconf 80' lang='grc' dir='ltr'>Ἀλλος</span> <span class='ocrx_word' id='word_1_110' title='bbox 2989 1262 3136 1316; x_wconf 71' lang='grc' dir='ltr'>ἐστὶν</span> <span class='ocrx_word' id='word_1_111' title='bbox 3158 1265 3186 1316; x_wconf 87' lang='lat'><strong>6</strong></span> <span class='ocrx_word' id='word_1_112' title='bbox 3213 1262 3511 1332; x_wconf 86' lang='grc' dir='ltr'>μαρτυρῶν</span> <span class='ocrx_word' id='word_1_113' title='bbox 3539 1264 3669 1330; x_wconf 73' lang='grc' dir='ltr'>περὶ</span> 
     </span>
    </p>
   </div>
   <div class='ocr_carea' id='block_1_16' title="bbox 419 1351 2008 1442">
    <p class='ocr_par' dir='ltr' id='par_1_16' title="bbox 419 1368 1992 1442">
     <span class='ocr_line' id='line_1_16' title="bbox 419 1368 1992 1442; baseline -0.003 -15"><span class='ocrx_word' id='word_1_114' title='bbox 419 1375 572 1428; x_wconf 82' lang='lat' dir='ltr'><strong>Alius</strong></span> <span class='ocrx_word' id='word_1_115' title='bbox 597 1382 680 1428; x_wconf 80' lang='lat' dir='ltr'><strong>est</strong></span> <span class='ocrx_word' id='word_1_116' title='bbox 710 1373 798 1442; x_wconf 88' lang='lat' dir='ltr'><strong>qui</strong></span> <span class='ocrx_word' id='word_1_117' title='bbox 825 1373 1195 1427; x_wconf 88' lang='lat' dir='ltr'><strong>testimonium</strong></span> <span class='ocrx_word' id='word_1_118' title='bbox 1227 1372 1479 1442; x_wconf 82' lang='lat' dir='ltr'><strong>perhibet</strong></span> <span class='ocrx_word' id='word_1_119' title='bbox 1504 1371 1571 1426; x_wconf 84' lang='lat' dir='ltr'><strong>de</strong></span> <span class='ocrx_word' id='word_1_120' title='bbox 1603 1386 1710 1426; x_wconf 92' lang='lat' dir='ltr'><strong>me.</strong></span> <span class='ocrx_word' id='word_1_121' title='bbox 1762 1369 1824 1426; x_wconf 84' lang='lat' dir='ltr'><strong>Et</strong></span> <span class='ocrx_word' id='word_1_122' title='bbox 1879 1368 1992 1424; x_wconf 87' lang='lat' dir='ltr'><strong>scio</strong></span> 
     </span>
    </p>
   </div>
   <div class='ocr_carea' id='block_1_17' title="bbox 2114 1351 3674 1442">
    <p class='ocr_par' dir='ltr' id='par_1_17' title="bbox 2114 1351 3674 1426">
     <span class='ocr_line' id='line_1_17' title="bbox 2114 1351 3674 1426; baseline -0.001 -19"><span class='ocrx_word' id='word_1_123' title='bbox 2114 1355 2245 1426; x_wconf 73' lang='grc' dir='ltr'>ιμοῦ,</span> <span class='ocrx_word' id='word_1_124' title='bbox 2278 1355 2369 1408; x_wconf 72' lang='grc' dir='ltr'><strong>καὶ</strong></span> <span class='ocrx_word' id='word_1_125' title='bbox 2398 1351 2517 1409; x_wconf 84' lang='grc' dir='ltr'>οἶδα</span> <span class='ocrx_word' id='word_1_126' title='bbox 2547 1356 2627 1410; x_wconf 80' lang='grc' dir='ltr'><strong>ὅτι</strong></span> <span class='ocrx_word' id='word_1_127' title='bbox 2657 1354 2866 1423; x_wconf 82' lang='grc' dir='ltr'>ἀληθής</span> <span class='ocrx_word' id='word_1_128' title='bbox 2894 1357 3039 1406; x_wconf 75' lang='grc' dir='ltr'>ἐστιν</span> <span class='ocrx_word' id='word_1_129' title='bbox 3066 1355 3097 1424; x_wconf 81' lang='grc' dir='ltr'>ἡ</span> <span class='ocrx_word' id='word_1_130' title='bbox 3129 1355 3406 1424; x_wconf 83' lang='grc' dir='ltr'>μαρτυρία</span> <span class='ocrx_word' id='word_1_131' title='bbox 3437 1357 3502 1423; x_wconf 76' lang='grc' dir='ltr'>ἣν</span> <span class='ocrx_word' id='word_1_132' title='bbox 3530 1372 3674 1424; x_wconf 81' lang='grc' dir='ltr'>μαρ-</span> 
     </span>
    </p>
   </div>
   <div class='ocr_carea' id='block_1_18' title="bbox 421 1446 2008 1532">
    <p class='ocr_par' dir='ltr' id='par_1_18' title="bbox 421 1461 1993 1532">
     <span class='ocr_line' id='line_1_18' title="bbox 421 1461 1993 1532; baseline 0 -14"><span class='ocrx_word' id='word_1_133' title='bbox 421 1483 608 1520; x_wconf 70' lang='lat' dir='ltr'><strong>vernm</strong></span> <span class='ocrx_word' id='word_1_134' title='bbox 641 1483 762 1521; x_wconf 90' lang='lat' dir='ltr'><strong>esse</strong></span> <span class='ocrx_word' id='word_1_135' title='bbox 804 1466 1173 1522; x_wconf 79' lang='lat' dir='ltr'><strong>testimonium</strong></span> <span class='ocrx_word' id='word_1_136' title='bbox 1203 1465 1344 1532; x_wconf 92' lang='lat' dir='ltr'><strong>quod</strong></span> <span class='ocrx_word' id='word_1_137' title='bbox 1379 1473 1609 1520; x_wconf 76' lang='lat' dir='ltr'><strong>testatur</strong></span> <span class='ocrx_word' id='word_1_138' title='bbox 1637 1463 1705 1518; x_wconf 88' lang='lat' dir='ltr'><strong>de</strong></span> <span class='ocrx_word' id='word_1_139' title='bbox 1746 1477 1850 1517; x_wconf 92' lang='lat' dir='ltr'><strong>me.</strong></span> <span class='ocrx_word' id='word_1_140' title='bbox 1889 1461 1993 1518; x_wconf 83' lang='lat' dir='ltr'><strong>Vos</strong></span> 
     </span>
    </p>
   </div>
   <div class='ocr_carea' id='block_1_19' title="bbox 2114 1446 3668 1532">
    <p class='ocr_par' dir='ltr' id='par_1_19' title="bbox 2114 1446 3668 1517">
     <span class='ocr_line' id='line_1_19' title="bbox 2114 1446 3668 1517; baseline -0.001 -17"><span class='ocrx_word' id='word_1_141' title='bbox 2114 1450 2247 1517; x_wconf 74' lang='grc' dir='ltr'>τυρεῖ</span> <span class='ocrx_word' id='word_1_142' title='bbox 2273 1447 2400 1516; x_wconf 78' lang='grc' dir='ltr'>περὶ</span> <span class='ocrx_word' id='word_1_143' title='bbox 2426 1449 2581 1515; x_wconf 74' lang='grc' dir='ltr'>ἐμοῦ.</span> <span class='ocrx_word' id='word_1_144' title='bbox 2609 1447 2796 1516; x_wconf 80' lang='grc' dir='ltr'><strong>Ὑμεῖς</strong></span> <span class='ocrx_word' id='word_1_145' title='bbox 2823 1446 3199 1500; x_wconf 72' lang='grc' dir='ltr'><strong>ἀπεστάλκατε</strong></span> <span class='ocrx_word' id='word_1_146' title='bbox 3228 1447 3362 1516; x_wconf 77' lang='grc' dir='ltr'>πρὸς</span> <span class='ocrx_word' id='word_1_147' title='bbox 3388 1446 3668 1515; x_wconf 75' lang='grc' dir='ltr'>Ἰωάννην,</span> 
     </span>
    </p>
   </div>
   <div class='ocr_carea' id='block_1_20' title="bbox 422 1535 2008 1624">
    <p class='ocr_par' dir='ltr' id='par_1_20' title="bbox 422 1553 1996 1624">
     <span class='ocr_line' id='line_1_20' title="bbox 422 1553 1996 1624; baseline -0.003 -12"><span class='ocrx_word' id='word_1_148' title='bbox 422 1559 646 1612; x_wconf 87' lang='lat' dir='ltr'><strong>misistis</strong></span> <span class='ocrx_word' id='word_1_149' title='bbox 675 1559 741 1612; x_wconf 86' lang='lat' dir='ltr'><strong>ad</strong></span> <span class='ocrx_word' id='word_1_150' title='bbox 790 1557 1077 1624; x_wconf 82' lang='lat' dir='ltr'><strong>Joannem,</strong></span> <span class='ocrx_word' id='word_1_151' title='bbox 1125 1566 1181 1613; x_wconf 89' lang='lat' dir='ltr'><strong>et</strong></span> <span class='ocrx_word' id='word_1_152' title='bbox 1232 1557 1277 1612; x_wconf 89' lang='lat' dir='ltr'><strong>is</strong></span> <span class='ocrx_word' id='word_1_153' title='bbox 1332 1556 1700 1616; x_wconf 79' lang='lat' dir='ltr'><strong>testimonium</strong></span> <span class='ocrx_word' id='word_1_154' title='bbox 1763 1553 1996 1608; x_wconf 83' lang='lat' dir='ltr'><strong>reddidit</strong></span> 
     </span>
    </p>
   </div>
   <div class='ocr_carea' id='block_1_21' title="bbox 2114 1535 3675 1624">
    <p class='ocr_par' dir='ltr' id='par_1_21' title="bbox 2114 1535 3675 1610">
     <span class='ocr_line' id='line_1_21' title="bbox 2114 1535 3675 1610; baseline -0.004 -18"><span class='ocrx_word' id='word_1_155' title='bbox 2114 1540 2188 1594; x_wconf 85' lang='grc' dir='ltr'><strong>ιαί</strong></span> <span class='ocrx_word' id='word_1_156' title='bbox 2221 1537 2616 1610; x_wconf 80' lang='grc' dir='ltr'><strong>μεμαρτύρηκε</strong></span> <span class='ocrx_word' id='word_1_157' title='bbox 2644 1540 2710 1607; x_wconf 84' lang='grc' dir='ltr'>τῇ</span> <span class='ocrx_word' id='word_1_158' title='bbox 2740 1535 2990 1607; x_wconf 78' lang='grc' dir='ltr'>ἀληθείᾳ.</span> <span class='ocrx_word' id='word_1_159' title='bbox 3022 1535 3161 1603; x_wconf 74' lang='grc' dir='ltr'><strong>Ἐγὼ</strong></span> <span class='ocrx_word' id='word_1_160' title='bbox 3189 1536 3246 1588; x_wconf 83' lang='grc' dir='ltr'>δὲ</span> <span class='ocrx_word' id='word_1_161' title='bbox 3277 1535 3432 1606; x_wconf 73' lang='grc' dir='ltr'>παρὰ</span> <span class='ocrx_word' id='word_1_162' title='bbox 3460 1535 3675 1604; x_wconf 82' lang='grc' dir='ltr'>ἀνθρὼ-</span> 
     </span>
    </p>
   </div>
   <div class='ocr_carea' id='block_1_22' title="bbox 2085 812 3666 887">
    <p class='ocr_par' dir='ltr' id='par_1_22' title="bbox 2085 812 3666 887">
     <span class='ocr_line' id='line_1_22' title="bbox 2085 812 3666 887; baseline -0.006 -15"><span class='ocrx_word' id='word_1_163' title='bbox 2085 819 2146 872; x_wconf 86' lang='grc' dir='ltr'><strong>οὑ</strong></span> <span class='ocrx_word' id='word_1_164' title='bbox 2178 816 2324 887; x_wconf 73' lang='grc' dir='ltr'><strong>ζητὼ</strong></span> <span class='ocrx_word' id='word_1_165' title='bbox 2353 817 2414 870; x_wconf 78' lang='grc' dir='ltr'>τὸ</span> <span class='ocrx_word' id='word_1_166' title='bbox 2445 816 2654 884; x_wconf 83' lang='grc' dir='ltr'>θέλημα</span> <span class='ocrx_word' id='word_1_167' title='bbox 2685 816 2745 868; x_wconf 74' lang='grc' dir='ltr'>τὸ</span> <span class='ocrx_word' id='word_1_168' title='bbox 2777 815 2908 885; x_wconf 79' lang='grc' dir='ltr'>ἐμόν</span> <span class='ocrx_word' id='word_1_169' title='bbox 2933 829 2949 845; x_wconf 85' lang='grc'>⁶</span> <span class='ocrx_word' id='word_1_170' title='bbox 2979 814 3102 866; x_wconf 76' lang='grc' dir='ltr'>οὐδὲ</span> <span class='ocrx_word' id='word_1_171' title='bbox 3131 813 3240 882; x_wconf 86' lang='grc' dir='ltr'><strong>γὰρ</strong></span> <span class='ocrx_word' id='word_1_172' title='bbox 3269 814 3378 883; x_wconf 81' lang='grc' dir='ltr'><strong>ἔχω</strong></span> <span class='ocrx_word' id='word_1_173' title='bbox 3408 814 3543 881; x_wconf 56' lang='grc' dir='ltr'>ἐμὴν</span> <span class='ocrx_word' id='word_1_174' title='bbox 3570 812 3666 864; x_wconf 65' lang='lat'><strong>05&#39;.-</strong></span> 
     </span>
    </p>
   </div>
   <div class='ocr_carea' id='block_1_23' title="bbox 2088 906 3354 980">
    <p class='ocr_par' dir='ltr' id='par_1_23' title="bbox 2088 906 3354 980">
     <span class='ocr_line' id='line_1_23' title="bbox 2088 906 3354 980; baseline -0.002 -18"><span class='ocrx_word' id='word_1_175' title='bbox 2088 911 2272 980; x_wconf 87' lang='grc' dir='ltr'>λημα·</span> <span class='ocrx_word' id='word_1_176' title='bbox 2304 907 2420 962; x_wconf 81' lang='grc' dir='ltr'>ἀλλ’</span> <span class='ocrx_word' id='word_1_177' title='bbox 2442 907 2470 960; x_wconf 88' lang='lat'><strong>6</strong></span> <span class='ocrx_word' id='word_1_178' title='bbox 2499 907 2644 961; x_wconf 81' lang='grc' dir='ltr'>θέλει</span> <span class='ocrx_word' id='word_1_179' title='bbox 2671 907 2700 962; x_wconf 90' lang='lat'><strong>6</strong></span> <span class='ocrx_word' id='word_1_180' title='bbox 2731 906 2944 977; x_wconf 81' lang='grc' dir='ltr'>Πατὴρ,</span> <span class='ocrx_word' id='word_1_181' title='bbox 2974 907 3151 960; x_wconf 75' lang='grc' dir='ltr'>ἐκεῖνο</span> <span class='ocrx_word' id='word_1_182' title='bbox 3178 906 3354 974; x_wconf 75' lang='grc' dir='ltr'><strong>κάγώ.</strong></span> 
     </span>
    </p>
   </div>
   <div class='ocr_carea' id='block_1_24' title="bbox 422 1647 1994 1720">
    <p class='ocr_par' dir='ltr' id='par_1_24' title="bbox 422 1647 1994 1720">
     <span class='ocr_line' id='line_1_24' title="bbox 422 1647 1994 1720; baseline -0.001 -19"><span class='ocrx_word' id='word_1_183' title='bbox 422 1650 663 1704; x_wconf 80' lang='lat' dir='ltr'><strong>veritati.</strong></span> <span class='ocrx_word' id='word_1_184' title='bbox 699 1649 858 1719; x_wconf 85' lang='lat'><strong>577</strong></span> <span class='ocrx_word' id='word_1_185' title='bbox 893 1649 1003 1720; x_wconf 86' lang='lat' dir='ltr'><strong>Ego</strong></span> <span class='ocrx_word' id='word_1_186' title='bbox 1036 1659 1215 1704; x_wconf 90' lang='lat' dir='ltr'><strong>autem</strong></span> <span class='ocrx_word' id='word_1_187' title='bbox 1263 1664 1366 1704; x_wconf 92' lang='lat' dir='ltr'><strong>non</strong></span> <span class='ocrx_word' id='word_1_188' title='bbox 1402 1648 1470 1703; x_wconf 89' lang='lat' dir='ltr'><strong>ab</strong></span> <span class='ocrx_word' id='word_1_189' title='bbox 1505 1647 1722 1701; x_wconf 88' lang='lat' dir='ltr'><strong>homine</strong></span> <span class='ocrx_word' id='word_1_190' title='bbox 1749 1647 1994 1702; x_wconf 80' lang='lat' dir='ltr'><strong>testimo-</strong></span> 
     </span>
    </p>
   </div>
   <div class='ocr_carea' id='block_1_25' title="bbox 424 1737 1991 1808">
    <p class='ocr_par' dir='ltr' id='par_1_25' title="bbox 424 1737 1991 1808">
     <span class='ocr_line' id='line_1_25' title="bbox 424 1737 1991 1808; baseline -0.003 -14"><span class='ocrx_word' id='word_1_191' title='bbox 424 1743 570 1796; x_wconf 86' lang='lat' dir='ltr'><strong>nium</strong></span> <span class='ocrx_word' id='word_1_192' title='bbox 619 1743 874 1808; x_wconf 87' lang='lat' dir='ltr'><strong>accipio;</strong></span> <span class='ocrx_word' id='word_1_193' title='bbox 910 1745 1003 1798; x_wconf 83' lang='lat' dir='ltr'><strong>sed</strong></span> <span class='ocrx_word' id='word_1_194' title='bbox 1055 1742 1170 1797; x_wconf 80' lang='lat' dir='ltr'><strong>haec</strong></span> <span class='ocrx_word' id='word_1_195' title='bbox 1216 1741 1360 1805; x_wconf 89' lang='lat' dir='ltr'><strong>dico,</strong></span> <span class='ocrx_word' id='word_1_196' title='bbox 1402 1751 1458 1796; x_wconf 94' lang='lat' dir='ltr'><strong>ut</strong></span> <span class='ocrx_word' id='word_1_197' title='bbox 1487 1755 1582 1798; x_wconf 82' lang='lat' dir='ltr'><strong>vos</strong></span> <span class='ocrx_word' id='word_1_198' title='bbox 1636 1739 1773 1794; x_wconf 87' lang='lat' dir='ltr'><strong>salvi</strong></span> <span class='ocrx_word' id='word_1_199' title='bbox 1830 1737 1991 1795; x_wconf 80' lang='lat' dir='ltr'><strong>ﬁalis.</strong></span> 
     </span>
    </p>
   </div>
   <div class='ocr_carea' id='block_1_26' title="bbox 422 1831 1994 1896">
    <p class='ocr_par' dir='ltr' id='par_1_26' title="bbox 422 1831 1994 1896">
     <span class='ocr_line' id='line_1_26' title="bbox 422 1831 1994 1896; baseline -0.002 -10"><span class='ocrx_word' id='word_1_200' title='bbox 422 1832 514 1886; x_wconf 88' lang='lat' dir='ltr'><strong>llle</strong></span> <span class='ocrx_word' id='word_1_201' title='bbox 543 1842 661 1887; x_wconf 86' lang='lat' dir='ltr'><strong>erat</strong></span> <span class='ocrx_word' id='word_1_202' title='bbox 718 1832 931 1886; x_wconf 90' lang='lat' dir='ltr'><strong>lucerna</strong></span> <span class='ocrx_word' id='word_1_203' title='bbox 967 1833 1162 1887; x_wconf 86' lang='lat' dir='ltr'><strong>ardens</strong></span> <span class='ocrx_word' id='word_1_204' title='bbox 1189 1841 1245 1888; x_wconf 88' lang='lat' dir='ltr'><strong>et</strong></span> <span class='ocrx_word' id='word_1_205' title='bbox 1290 1831 1496 1896; x_wconf 86' lang='lat' dir='ltr'><strong>lucens,</strong></span> <span class='ocrx_word' id='word_1_206' title='bbox 1550 1845 1648 1885; x_wconf 88' lang='lat' dir='ltr'><strong>vos</strong></span> <span class='ocrx_word' id='word_1_207' title='bbox 1692 1838 1870 1884; x_wconf 87' lang='lat' dir='ltr'><strong>autem</strong></span> <span class='ocrx_word' id='word_1_208' title='bbox 1899 1843 1994 1883; x_wconf 90' lang='lat' dir='ltr'><strong>vo-</strong></span> 
     </span>
    </p>
   </div>
   <div class='ocr_carea' id='block_1_27' title="bbox 424 1922 1996 1994">
    <p class='ocr_par' dir='ltr' id='par_1_27' title="bbox 424 1922 1996 1994">
     <span class='ocr_line' id='line_1_27' title="bbox 424 1922 1996 1994; baseline 0.003 -18"><span class='ocrx_word' id='word_1_209' title='bbox 424 1923 606 1978; x_wconf 85' lang='lat' dir='ltr'><strong>luistis</strong></span> <span class='ocrx_word' id='word_1_210' title='bbox 637 1923 701 1976; x_wconf 84' lang='lat' dir='ltr'><strong>ad</strong></span> <span class='ocrx_word' id='word_1_211' title='bbox 740 1934 950 1991; x_wconf 86' lang='lat' dir='ltr'><strong>tempus</strong></span> <span class='ocrx_word' id='word_1_212' title='bbox 977 1923 1252 1979; x_wconf 78' lang='lat' dir='ltr'><strong>exsultare</strong></span> <span class='ocrx_word' id='word_1_213' title='bbox 1288 1924 1339 1978; x_wconf 92' lang='lat' dir='ltr'><strong>in</strong></span> <span class='ocrx_word' id='word_1_214' title='bbox 1375 1924 1494 1979; x_wconf 88' lang='lat' dir='ltr'><strong>luce</strong></span> <span class='ocrx_word' id='word_1_215' title='bbox 1521 1924 1659 1994; x_wconf 86' lang='lat' dir='ltr'><strong>ejus.</strong></span> <span class='ocrx_word' id='word_1_216' title='bbox 1701 1943 1720 1978; x_wconf 71' lang='grc' dir='ltr'><strong>ι</strong></span> <span class='ocrx_word' id='word_1_217' title='bbox 1757 1922 1996 1992; x_wconf 77' lang='lat' dir='ltr'><strong>Apparet</strong></span> 
     </span>
    </p>
   </div>
   <div class='ocr_carea' id='block_1_28' title="bbox 429 2015 1996 2074">
    <p class='ocr_par' dir='ltr' id='par_1_28' title="bbox 429 2015 1996 2074">
     <span class='ocr_line' id='line_1_28' title="bbox 429 2015 1996 2074; baseline 0.002 -4"><span class='ocrx_word' id='word_1_218' title='bbox 429 2016 521 2070; x_wconf 88' lang='lat' dir='ltr'><strong>hic</strong></span> <span class='ocrx_word' id='word_1_219' title='bbox 551 2016 822 2069; x_wconf 89' lang='lat' dir='ltr'><strong>contraria</strong></span> <span class='ocrx_word' id='word_1_220' title='bbox 853 2015 1035 2071; x_wconf 87' lang='lat' dir='ltr'><strong>dicere</strong></span> <span class='ocrx_word' id='word_1_221' title='bbox 1062 2015 1346 2071; x_wconf 90' lang='lat' dir='ltr'><strong>Dominus.</strong></span> <span class='ocrx_word' id='word_1_222' title='bbox 1381 2016 1590 2072; x_wconf 87' lang='lat' dir='ltr'><strong>Etenim</strong></span> <span class='ocrx_word' id='word_1_223' title='bbox 1614 2017 1812 2074; x_wconf 87' lang='lat' dir='ltr'><strong>alicubi</strong></span> <span class='ocrx_word' id='word_1_224' title='bbox 1845 2017 1996 2073; x_wconf 87' lang='lat' dir='ltr'><strong>vide-</strong></span> 
     </span>
    </p>
   </div>
   <div class='ocr_carea' id='block_1_29' title="bbox 427 2107 1994 2179">
    <p class='ocr_par' dir='ltr' id='par_1_29' title="bbox 427 2107 1994 2179">
     <span class='ocr_line' id='line_1_29' title="bbox 427 2107 1994 2179; baseline 0.004 -22"><span class='ocrx_word' id='word_1_225' title='bbox 427 2117 516 2160; x_wconf 88' lang='lat' dir='ltr'><strong>tur</strong></span> <span class='ocrx_word' id='word_1_226' title='bbox 556 2109 739 2160; x_wconf 85' lang='lat' dir='ltr'><strong>testari</strong></span> <span class='ocrx_word' id='word_1_227' title='bbox 778 2107 843 2160; x_wconf 86' lang='lat' dir='ltr'><strong>de</strong></span> <span class='ocrx_word' id='word_1_228' title='bbox 870 2121 949 2172; x_wconf 91' lang='lat' dir='ltr'><strong>se,</strong></span> <span class='ocrx_word' id='word_1_229' title='bbox 983 2107 1122 2160; x_wconf 86' lang='lat' dir='ltr'><strong>sicut</strong></span> <span class='ocrx_word' id='word_1_230' title='bbox 1152 2107 1508 2164; x_wconf 61' lang='lat' dir='ltr'><strong>Samaritana:</strong></span> <span class='ocrx_word' id='word_1_231' title='bbox 1541 2108 1793 2162; x_wconf 89' lang='lat' dir='ltr'><strong>dicebat:</strong></span> <span class='ocrx_word' id='word_1_232' title='bbox 1830 2127 1848 2161; x_wconf 86' lang='grc' dir='ltr'><strong>ι</strong></span> <span class='ocrx_word' id='word_1_233' title='bbox 1880 2109 1994 2179; x_wconf 87' lang='lat' dir='ltr'><strong>Ego</strong></span> 
     </span>
    </p>
   </div>
   <div class='ocr_carea' id='block_1_30' title="bbox 423 2194 1998 2268">
    <p class='ocr_par' dir='ltr' id='par_1_30' title="bbox 423 2194 1998 2268">
     <span class='ocr_line' id='line_1_30' title="bbox 423 2194 1998 2268; baseline 0.004 -20"><span class='ocrx_word' id='word_1_234' title='bbox 423 2210 542 2248; x_wconf 82' lang='lat' dir='ltr'><strong>sum</strong></span> <span class='ocrx_word' id='word_1_235' title='bbox 572 2194 860 2250; x_wconf 86' lang='lat' dir='ltr'><strong>Christus:</strong></span> <span class='ocrx_word' id='word_1_236' title='bbox 894 2214 914 2247; x_wconf 74' lang='grc' dir='ltr'><strong>ι</strong></span> <span class='ocrx_word' id='word_1_237' title='bbox 945 2207 1001 2250; x_wconf 92' lang='lat' dir='ltr'><strong>et</strong></span> <span class='ocrx_word' id='word_1_238' title='bbox 1026 2211 1188 2261; x_wconf 70' lang='lat' dir='ltr'><strong>caeco,</strong></span> <span class='ocrx_word' id='word_1_239' title='bbox 1212 2206 1264 2252; x_wconf 93' lang='lat' dir='ltr'><strong>et</strong></span> <span class='ocrx_word' id='word_1_240' title='bbox 1280 2197 1414 2253; x_wconf 88' lang='lat' dir='ltr'><strong>alias</strong></span> <span class='ocrx_word' id='word_1_241' title='bbox 1433 2213 1592 2268; x_wconf 55' lang='lat' dir='ltr'><strong>sape.</strong></span> <span class='ocrx_word' id='word_1_242' title='bbox 1621 2198 1675 2252; x_wconf 92' lang='lat' dir='ltr'><strong>Si</strong></span> <span class='ocrx_word' id='word_1_243' title='bbox 1695 2198 1858 2268; x_wconf 77' lang='lat' dir='ltr'><strong>igitur</strong></span> <span class='ocrx_word' id='word_1_244' title='bbox 1884 2199 1998 2254; x_wconf 62' lang='lat' dir='ltr'><strong>haec</strong></span> 
     </span>
    </p>
   </div>
   <div class='ocr_carea' id='block_1_31' title="bbox 427 2286 2000 2359">
    <p class='ocr_par' dir='ltr' id='par_1_31' title="bbox 427 2286 2000 2359">
     <span class='ocr_line' id='line_1_31' title="bbox 427 2286 2000 2359; baseline 0.004 -19"><span class='ocrx_word' id='word_1_245' title='bbox 427 2286 561 2341; x_wconf 81' lang='lat' dir='ltr'><strong>falsa</strong></span> <span class='ocrx_word' id='word_1_246' title='bbox 595 2297 742 2351; x_wconf 87' lang='lat' dir='ltr'><strong>sunt,</strong></span> <span class='ocrx_word' id='word_1_247' title='bbox 774 2301 895 2358; x_wconf 66' lang='lat' dir='ltr'><strong>quae</strong></span> <span class='ocrx_word' id='word_1_248' title='bbox 927 2287 1085 2344; x_wconf 90' lang='lat' dir='ltr'><strong>nobis</strong></span> <span class='ocrx_word' id='word_1_249' title='bbox 1115 2288 1306 2345; x_wconf 87' lang='lat' dir='ltr'><strong>salutis</strong></span> <span class='ocrx_word' id='word_1_250' title='bbox 1337 2290 1505 2359; x_wconf 81' lang='lat' dir='ltr'><strong>spes?</strong></span> <span class='ocrx_word' id='word_1_251' title='bbox 1535 2289 1648 2344; x_wconf 81' lang='lat' dir='ltr'><strong>Non</strong></span> <span class='ocrx_word' id='word_1_252' title='bbox 1673 2301 1851 2345; x_wconf 90' lang='lat' dir='ltr'><strong>autem</strong></span> <span class='ocrx_word' id='word_1_253' title='bbox 1886 2291 2000 2347; x_wconf 62' lang='lat' dir='ltr'><strong>hac</strong></span> 
     </span>
    </p>
   </div>
   <div class='ocr_carea' id='block_1_32' title="bbox 425 2379 1998 2446">
    <p class='ocr_par' dir='ltr' id='par_1_32' title="bbox 425 2379 1998 2446">
     <span class='ocr_line' id='line_1_32' title="bbox 425 2379 1998 2446; baseline 0.004 -14"><span class='ocrx_word' id='word_1_254' title='bbox 425 2381 541 2432; x_wconf 84' lang='lat' dir='ltr'><strong>sola</strong></span> <span class='ocrx_word' id='word_1_255' title='bbox 597 2379 812 2434; x_wconf 90' lang='lat' dir='ltr'><strong>videtur</strong></span> <span class='ocrx_word' id='word_1_256' title='bbox 870 2393 992 2434; x_wconf 82' lang='lat' dir='ltr'><strong>esse</strong></span> <span class='ocrx_word' id='word_1_257' title='bbox 1053 2382 1434 2446; x_wconf 86' lang='lat' dir='ltr'><strong>contrarietas,</strong></span> <span class='ocrx_word' id='word_1_258' title='bbox 1489 2383 1582 2438; x_wconf 86' lang='lat' dir='ltr'><strong>sed</strong></span> <span class='ocrx_word' id='word_1_259' title='bbox 1635 2391 1691 2437; x_wconf 88' lang='lat' dir='ltr'><strong>et</strong></span> <span class='ocrx_word' id='word_1_260' title='bbox 1745 2383 1850 2437; x_wconf 84' lang='lat' dir='ltr'><strong>alia</strong></span> <span class='ocrx_word' id='word_1_261' title='bbox 1895 2398 1998 2438; x_wconf 90' lang='lat' dir='ltr'><strong>non</strong></span> 
     </span>
    </p>
   </div>
   <div class='ocr_carea' id='block_1_33' title="bbox 429 2469 2000 2544">
    <p class='ocr_par' dir='ltr' id='par_1_33' title="bbox 429 2469 2000 2544">
     <span class='ocr_line' id='line_1_33' title="bbox 429 2469 2000 2544; baseline 0.004 -21"><span class='ocrx_word' id='word_1_262' title='bbox 429 2469 629 2526; x_wconf 86' lang='lat' dir='ltr'><strong>minor.</strong></span> <span class='ocrx_word' id='word_1_263' title='bbox 669 2470 804 2526; x_wconf 85' lang='lat' dir='ltr'><strong>Nam</strong></span> <span class='ocrx_word' id='word_1_264' title='bbox 836 2479 889 2526; x_wconf 88' lang='lat' dir='ltr'><strong>et</strong></span> <span class='ocrx_word' id='word_1_265' title='bbox 920 2471 972 2526; x_wconf 89' lang='lat' dir='ltr'><strong>in</strong></span> <span class='ocrx_word' id='word_1_266' title='bbox 1013 2487 1302 2542; x_wconf 87' lang='lat' dir='ltr'><strong>progressu</strong></span> <span class='ocrx_word' id='word_1_267' title='bbox 1336 2473 1506 2528; x_wconf 90' lang='lat' dir='ltr'><strong>dicit:</strong></span> <span class='ocrx_word' id='word_1_268' title='bbox 1563 2491 1583 2526; x_wconf 78' lang='grc' dir='ltr'><strong>ι</strong></span> <span class='ocrx_word' id='word_1_269' title='bbox 1619 2473 1674 2529; x_wconf 90' lang='lat' dir='ltr'><strong>Si</strong></span> <span class='ocrx_word' id='word_1_270' title='bbox 1707 2489 1807 2544; x_wconf 84' lang='lat' dir='ltr'><strong>ego</strong></span> <span class='ocrx_word' id='word_1_271' title='bbox 1844 2475 2000 2532; x_wconf 88' lang='lat' dir='ltr'><strong>testi-</strong></span> 
     </span>
    </p>
   </div>
   <div class='ocr_carea' id='block_1_34' title="bbox 428 2564 1998 2634">
    <p class='ocr_par' dir='ltr' id='par_1_34' title="bbox 428 2564 1998 2634">
     <span class='ocr_line' id='line_1_34' title="bbox 428 2564 1998 2634; baseline 0.001 -16"><span class='ocrx_word' id='word_1_272' title='bbox 428 2564 666 2618; x_wconf 89' lang='lat' dir='ltr'><strong>monimn</strong></span> <span class='ocrx_word' id='word_1_273' title='bbox 696 2565 955 2634; x_wconf 86' lang='lat' dir='ltr'><strong>perhibeo</strong></span> <span class='ocrx_word' id='word_1_274' title='bbox 1001 2565 1064 2619; x_wconf 91' lang='lat' dir='ltr'><strong>de</strong></span> <span class='ocrx_word' id='word_1_275' title='bbox 1121 2565 1350 2634; x_wconf 89' lang='lat' dir='ltr'><strong>meipso,</strong></span> <span class='ocrx_word' id='word_1_276' title='bbox 1405 2565 1776 2622; x_wconf 89' lang='lat' dir='ltr'><strong>testimonium</strong></span> <span class='ocrx_word' id='word_1_277' title='bbox 1821 2581 1998 2622; x_wconf 90' lang='lat' dir='ltr'><strong>meum</strong></span> 
     </span>
    </p>
   </div>
   <div class='ocr_carea' id='block_1_35' title="bbox 431 2654 2003 2728">
    <p class='ocr_par' dir='ltr' id='par_1_35' title="bbox 431 2654 2003 2728">
     <span class='ocr_line' id='line_1_35' title="bbox 431 2654 2003 2728; baseline 0.004 -22"><span class='ocrx_word' id='word_1_278' title='bbox 431 2670 615 2708; x_wconf 74' lang='lat' dir='ltr'><strong>wrum</strong></span> <span class='ocrx_word' id='word_1_279' title='bbox 667 2655 834 2709; x_wconf 81' lang='lat' dir='ltr'><strong>est&quot;.</strong></span> <span class='ocrx_word' id='word_1_280' title='bbox 871 2672 890 2705; x_wconf 75' lang='grc' dir='ltr'><strong>ι</strong></span> <span class='ocrx_word' id='word_1_281' title='bbox 952 2654 1231 2720; x_wconf 80' lang='lat' dir='ltr'><strong>Quomodo</strong></span> <span class='ocrx_word' id='word_1_282' title='bbox 1275 2655 1443 2725; x_wconf 83' lang='lat' dir='ltr'><strong>igitur</strong></span> <span class='ocrx_word' id='word_1_283' title='bbox 1498 2657 1822 2712; x_wconf 89' lang='lat' dir='ltr'><strong>convenient</strong></span> <span class='ocrx_word' id='word_1_284' title='bbox 1883 2672 2003 2728; x_wconf 69' lang='lat' dir='ltr'><strong>quae</strong></span> 
     </span>
    </p>
   </div>
   <div class='ocr_carea' id='block_1_36' title="bbox 430 2743 2003 2818">
    <p class='ocr_par' dir='ltr' id='par_1_36' title="bbox 430 2743 2003 2818">
     <span class='ocr_line' id='line_1_36' title="bbox 430 2743 2003 2818; baseline 0.006 -24"><span class='ocrx_word' id='word_1_285' title='bbox 430 2757 673 2812; x_wconf 84' lang='lat' dir='ltr'><strong>pugnare</strong></span> <span class='ocrx_word' id='word_1_286' title='bbox 719 2743 1017 2798; x_wconf 82' lang='lat' dir='ltr'><strong>videntur?</strong></span> <span class='ocrx_word' id='word_1_287' title='bbox 1058 2743 1111 2798; x_wconf 92' lang='lat' dir='ltr'><strong>ld</strong></span> <span class='ocrx_word' id='word_1_288' title='bbox 1141 2745 1356 2812; x_wconf 87' lang='lat' dir='ltr'><strong>quidem</strong></span> <span class='ocrx_word' id='word_1_289' title='bbox 1389 2747 1530 2815; x_wconf 91' lang='lat' dir='ltr'><strong>quod</strong></span> <span class='ocrx_word' id='word_1_290' title='bbox 1559 2747 1706 2813; x_wconf 89' lang='lat' dir='ltr'><strong>dicit,</strong></span> <span class='ocrx_word' id='word_1_291' title='bbox 1747 2765 1765 2798; x_wconf 81' lang='grc' dir='ltr'><strong>ι</strong></span> <span class='ocrx_word' id='word_1_292' title='bbox 1798 2747 1853 2802; x_wconf 91' lang='lat' dir='ltr'><strong>Si</strong></span> <span class='ocrx_word' id='word_1_293' title='bbox 1903 2763 2003 2818; x_wconf 88' lang='lat' dir='ltr'><strong>ego</strong></span> 
     </span>
    </p>
   </div>
   <div class='ocr_carea' id='block_1_37' title="bbox 431 2834 2005 2905">
    <p class='ocr_par' dir='ltr' id='par_1_37' title="bbox 431 2834 2005 2905">
     <span class='ocr_line' id='line_1_37' title="bbox 431 2834 2005 2905; baseline 0.003 -17"><span class='ocrx_word' id='word_1_294' title='bbox 431 2834 692 2889; x_wconf 83' lang='lat' dir='ltr'><strong>testiﬁcor</strong></span> <span class='ocrx_word' id='word_1_295' title='bbox 729 2834 794 2888; x_wconf 88' lang='lat' dir='ltr'><strong>de</strong></span> <span class='ocrx_word' id='word_1_296' title='bbox 846 2836 1070 2905; x_wconf 86' lang='lat' dir='ltr'><strong>meipso,</strong></span> <span class='ocrx_word' id='word_1_297' title='bbox 1127 2836 1494 2891; x_wconf 91' lang='lat' dir='ltr'><strong>testimonium</strong></span> <span class='ocrx_word' id='word_1_298' title='bbox 1549 2853 1725 2893; x_wconf 86' lang='lat' dir='ltr'><strong>meum</strong></span> <span class='ocrx_word' id='word_1_299' title='bbox 1773 2854 1879 2893; x_wconf 90' lang='lat' dir='ltr'><strong>non</strong></span> <span class='ocrx_word' id='word_1_300' title='bbox 1923 2849 2005 2896; x_wconf 80' lang='lat' dir='ltr'><strong>est</strong></span> 
     </span>
    </p>
   </div>
   <div class='ocr_carea' id='block_1_38' title="bbox 434 2927 2002 3001">
    <p class='ocr_par' dir='ltr' id='par_1_38' title="bbox 434 2927 2002 3001">
     <span class='ocr_line' id='line_1_38' title="bbox 434 2927 2002 3001; baseline 0.004 -23"><span class='ocrx_word' id='word_1_301' title='bbox 434 2941 644 2992; x_wconf 80' lang='lat' dir='ltr'><strong>verum,</strong></span> <span class='ocrx_word' id='word_1_302' title='bbox 689 2945 707 2979; x_wconf 71' lang='grc' dir='ltr'><strong>ο</strong></span> <span class='ocrx_word' id='word_1_303' title='bbox 747 2927 882 2981; x_wconf 91' lang='lat' dir='ltr'><strong>dicit</strong></span> <span class='ocrx_word' id='word_1_304' title='bbox 929 2929 995 2984; x_wconf 86' lang='lat' dir='ltr'><strong>ad</strong></span> <span class='ocrx_word' id='word_1_305' title='bbox 1037 2929 1348 2998; x_wconf 88' lang='lat' dir='ltr'><strong>opinionem</strong></span> <span class='ocrx_word' id='word_1_306' title='bbox 1387 2929 1716 2999; x_wconf 73' lang='lat' dir='ltr'><strong>Judzeorum,</strong></span> <span class='ocrx_word' id='word_1_307' title='bbox 1747 2934 2002 3001; x_wconf 87' lang='lat' dir='ltr'><strong>quoniam</strong></span> 
     </span>
    </p>
   </div>
   <div class='ocr_carea' id='block_1_39' title="bbox 432 3021 2005 3097">
    <p class='ocr_par' dir='ltr' id='par_1_39' title="bbox 432 3021 2005 3097">
     <span class='ocr_line' id='line_1_39' title="bbox 432 3021 2005 3097; baseline 0.006 -22"><span class='ocrx_word' id='word_1_308' title='bbox 432 3022 578 3076; x_wconf 89' lang='lat' dir='ltr'><strong>enim</strong></span> <span class='ocrx_word' id='word_1_309' title='bbox 611 3021 685 3076; x_wconf 89' lang='lat' dir='ltr'><strong>illi</strong></span> <span class='ocrx_word' id='word_1_310' title='bbox 713 3022 909 3077; x_wconf 88' lang='lat' dir='ltr'><strong>dicturi</strong></span> <span class='ocrx_word' id='word_1_311' title='bbox 943 3034 1097 3078; x_wconf 90' lang='lat' dir='ltr'><strong>erant</strong></span> <span class='ocrx_word' id='word_1_312' title='bbox 1126 3023 1172 3076; x_wconf 86' lang='lat' dir='ltr'><strong>ei</strong></span> <span class='ocrx_word' id='word_1_313' title='bbox 1200 3039 1213 3076; x_wconf 91' lang='lat'><strong>:</strong></span> <span class='ocrx_word' id='word_1_314' title='bbox 1247 3023 1326 3079; x_wconf 92' lang='lat' dir='ltr'><strong>Tu</strong></span> <span class='ocrx_word' id='word_1_315' title='bbox 1351 3027 1718 3082; x_wconf 86' lang='lat' dir='ltr'><strong>testimonium</strong></span> <span class='ocrx_word' id='word_1_316' title='bbox 1753 3027 2005 3097; x_wconf 83' lang='lat' dir='ltr'><strong>perhibes</strong></span> 
     </span>
    </p>
   </div>
   <div class='ocr_carea' id='block_1_40' title="bbox 433 3115 2001 3190">
    <p class='ocr_par' dir='ltr' id='par_1_40' title="bbox 433 3115 2001 3190">
     <span class='ocr_line' id='line_1_40' title="bbox 433 3115 2001 3190; baseline 0.008 -25"><span class='ocrx_word' id='word_1_317' title='bbox 433 3116 502 3167; x_wconf 80' lang='lat' dir='ltr'><strong>de</strong></span> <span class='ocrx_word' id='word_1_318' title='bbox 534 3115 737 3184; x_wconf 91' lang='lat' dir='ltr'><strong>teipso;</strong></span> <span class='ocrx_word' id='word_1_319' title='bbox 774 3115 954 3170; x_wconf 88' lang='lat' dir='ltr'><strong>nullus</strong></span> <span class='ocrx_word' id='word_1_320' title='bbox 1005 3125 1184 3172; x_wconf 88' lang='lat' dir='ltr'><strong>autem</strong></span> <span class='ocrx_word' id='word_1_321' title='bbox 1212 3119 1302 3188; x_wconf 91' lang='lat' dir='ltr'><strong>qui</strong></span> <span class='ocrx_word' id='word_1_322' title='bbox 1331 3119 1396 3173; x_wconf 91' lang='lat' dir='ltr'><strong>de</strong></span> <span class='ocrx_word' id='word_1_323' title='bbox 1425 3135 1483 3174; x_wconf 89' lang='lat' dir='ltr'><strong>se</strong></span> <span class='ocrx_word' id='word_1_324' title='bbox 1507 3120 1624 3190; x_wconf 88' lang='lat' dir='ltr'><strong>ipso</strong></span> <span class='ocrx_word' id='word_1_325' title='bbox 1655 3122 2001 3188; x_wconf 82' lang='lat' dir='ltr'><strong>testiﬁcatur,</strong></span> 
     </span>
    </p>
   </div>
   <div class='ocr_carea' id='block_1_41' title="bbox 2095 1623 3672 1698">
    <p class='ocr_par' dir='ltr' id='par_1_41' title="bbox 2095 1623 3672 1698">
     <span class='ocr_line' id='line_1_41' title="bbox 2095 1623 3672 1698; baseline -0.006 -15"><span class='ocrx_word' id='word_1_326' title='bbox 2095 1647 2199 1684; x_wconf 85' lang='grc' dir='ltr'><strong>που</strong></span> <span class='ocrx_word' id='word_1_327' title='bbox 2233 1631 2333 1696; x_wconf 75' lang='grc' dir='ltr'><strong>τὴν</strong></span> <span class='ocrx_word' id='word_1_328' title='bbox 2368 1627 2673 1698; x_wconf 78' lang='grc' dir='ltr'>μαρτυρίαν</span> <span class='ocrx_word' id='word_1_329' title='bbox 2701 1625 2762 1678; x_wconf 84' lang='grc' dir='ltr'><strong>ού</strong></span> <span class='ocrx_word' id='word_1_330' title='bbox 2798 1624 3059 1696; x_wconf 76' lang='grc' dir='ltr'>λαμϐάνω</span> <span class='ocrx_word' id='word_1_331' title='bbox 3084 1639 3098 1653; x_wconf 76' lang='grc'><strong>⁸</strong></span> <span class='ocrx_word' id='word_1_332' title='bbox 3136 1623 3269 1678; x_wconf 88' lang='grc' dir='ltr'><strong>ἀλλά</strong></span> <span class='ocrx_word' id='word_1_333' title='bbox 3296 1625 3472 1676; x_wconf 81' lang='grc' dir='ltr'>ταῦτα</span> <span class='ocrx_word' id='word_1_334' title='bbox 3507 1623 3672 1691; x_wconf 76' lang='grc' dir='ltr'>λέγω,</span> 
     </span>
    </p>
   </div>
   <div class='ocr_carea' id='block_1_42' title="bbox 2097 1713 3671 1792">
    <p class='ocr_par' dir='ltr' id='par_1_42' title="bbox 2097 1713 3671 1792">
     <span class='ocr_line' id='line_1_42' title="bbox 2097 1713 3671 1792; baseline -0.006 -15"><span class='ocrx_word' id='word_1_335' title='bbox 2097 1723 2184 1777; x_wconf 79' lang='grc' dir='ltr'>ἵνα</span> <span class='ocrx_word' id='word_1_336' title='bbox 2211 1722 2369 1792; x_wconf 81' lang='grc' dir='ltr'>ὑμεῖς</span> <span class='ocrx_word' id='word_1_337' title='bbox 2397 1721 2626 1791; x_wconf 83' lang='grc' dir='ltr'>σωθῆτε.</span> <span class='ocrx_word' id='word_1_338' title='bbox 2664 1719 2903 1782; x_wconf 83' lang='grc' dir='ltr'>Ἐκεῖνος</span> <span class='ocrx_word' id='word_1_339' title='bbox 2927 1713 2995 1789; x_wconf 77' lang='grc' dir='ltr'>ἦν</span> <span class='ocrx_word' id='word_1_340' title='bbox 3018 1718 3046 1770; x_wconf 90' lang='lat'><strong>6</strong></span> <span class='ocrx_word' id='word_1_341' title='bbox 3072 1717 3262 1788; x_wconf 84' lang='grc' dir='ltr'>λύχνος</span> <span class='ocrx_word' id='word_1_342' title='bbox 3289 1720 3317 1770; x_wconf 97' lang='lat'><strong>6</strong></span> <span class='ocrx_word' id='word_1_343' title='bbox 3345 1717 3671 1786; x_wconf 84' lang='grc' dir='ltr'>καιόμενος,</span> 
     </span>
    </p>
   </div>
   <div class='ocr_carea' id='block_1_43' title="bbox 2097 1807 3674 1885">
    <p class='ocr_par' dir='ltr' id='par_1_43' title="bbox 2097 1807 3674 1885">
     <span class='ocr_line' id='line_1_43' title="bbox 2097 1807 3674 1885; baseline -0.004 -19"><span class='ocrx_word' id='word_1_344' title='bbox 2097 1813 2192 1868; x_wconf 74' lang='grc' dir='ltr'>καὶ</span> <span class='ocrx_word' id='word_1_345' title='bbox 2219 1813 2447 1883; x_wconf 79' lang='grc' dir='ltr'>φαίνων,</span> <span class='ocrx_word' id='word_1_346' title='bbox 2477 1812 2634 1885; x_wconf 80' lang='grc' dir='ltr'>ὑμεῖς</span> <span class='ocrx_word' id='word_1_347' title='bbox 2660 1811 2716 1864; x_wconf 83' lang='grc' dir='ltr'><strong>δὲ</strong></span> <span class='ocrx_word' id='word_1_348' title='bbox 2741 1809 3042 1881; x_wconf 75' lang='grc' dir='ltr'>ἠθελήσατε</span> <span class='ocrx_word' id='word_1_349' title='bbox 3070 1807 3501 1878; x_wconf 76' lang='grc' dir='ltr'>ἀγαλλιασθῆναι</span> <span class='ocrx_word' id='word_1_350' title='bbox 3535 1809 3674 1878; x_wconf 76' lang='grc' dir='ltr'>πρὸς</span> 
     </span>
    </p>
   </div>
   <div class='ocr_carea' id='block_1_44' title="bbox 2097 1899 3678 1975">
    <p class='ocr_par' dir='ltr' id='par_1_44' title="bbox 2097 1899 3678 1975">
     <span class='ocr_line' id='line_1_44' title="bbox 2097 1899 3678 1975; baseline -0.004 -15"><span class='ocrx_word' id='word_1_351' title='bbox 2097 1907 2246 1975; x_wconf 87' lang='grc' dir='ltr'>ὥραν</span> <span class='ocrx_word' id='word_1_352' title='bbox 2273 1908 2330 1959; x_wconf 82' lang='grc' dir='ltr'>ἐν</span> <span class='ocrx_word' id='word_1_353' title='bbox 2358 1905 2436 1974; x_wconf 88' lang='grc' dir='ltr'>τῷ</span> <span class='ocrx_word' id='word_1_354' title='bbox 2467 1905 2606 1973; x_wconf 76' lang='grc' dir='ltr'>φωτὶ</span> <span class='ocrx_word' id='word_1_355' title='bbox 2635 1903 2820 1957; x_wconf 88' lang='grc' dir='ltr'>αὑτοῦ.</span> <span class='ocrx_word' id='word_1_356' title='bbox 2857 1921 2875 1954; x_wconf 72' lang='grc' dir='ltr'><strong>ι</strong></span> <span class='ocrx_word' id='word_1_357' title='bbox 2907 1902 3158 1955; x_wconf 79' lang='grc' dir='ltr'>Φαίνεται</span> <span class='ocrx_word' id='word_1_358' title='bbox 3188 1899 3425 1954; x_wconf 84' lang='grc' dir='ltr'>ἐνταῦθα</span> <span class='ocrx_word' id='word_1_359' title='bbox 3455 1900 3678 1954; x_wconf 76' lang='grc' dir='ltr'>ἐναντία</span> 
     </span>
    </p>
   </div>
   <div class='ocr_carea' id='block_1_45' title="bbox 2097 1991 3679 2069">
    <p class='ocr_par' dir='ltr' id='par_1_45' title="bbox 2097 1991 3679 2069">
     <span class='ocr_line' id='line_1_45' title="bbox 2097 1991 3679 2069; baseline -0.006 -17"><span class='ocrx_word' id='word_1_360' title='bbox 2097 1999 2270 2068; x_wconf 81' lang='grc' dir='ltr'>λέγων</span> <span class='ocrx_word' id='word_1_361' title='bbox 2300 2001 2328 2052; x_wconf 92' lang='lat'><strong>6</strong></span> <span class='ocrx_word' id='word_1_362' title='bbox 2362 1996 2584 2069; x_wconf 80' lang='grc' dir='ltr'>Κύριος.</span> <span class='ocrx_word' id='word_1_363' title='bbox 2630 1996 2736 2050; x_wconf 74' lang='grc' dir='ltr'><strong>Καὶ</strong></span> <span class='ocrx_word' id='word_1_364' title='bbox 2772 1993 2880 2064; x_wconf 80' lang='grc' dir='ltr'>γὰρ</span> <span class='ocrx_word' id='word_1_365' title='bbox 2904 1992 3166 2062; x_wconf 83' lang='grc' dir='ltr'>πολλαχοῦ</span> <span class='ocrx_word' id='word_1_366' title='bbox 3200 1991 3446 2060; x_wconf 83' lang='grc' dir='ltr'>φαίνεται</span> <span class='ocrx_word' id='word_1_367' title='bbox 3470 2006 3679 2060; x_wconf 85' lang='grc' dir='ltr'>μαρτυ-</span> 
     </span>
    </p>
   </div>
   <div class='ocr_carea' id='block_1_46' title="bbox 2101 2082 3679 2162">
    <p class='ocr_par' dir='ltr' id='par_1_46' title="bbox 2101 2082 3679 2162">
     <span class='ocr_line' id='line_1_46' title="bbox 2101 2082 3679 2162; baseline -0.006 -18"><span class='ocrx_word' id='word_1_368' title='bbox 2101 2092 2273 2162; x_wconf 81' lang='grc' dir='ltr'>ρήσας</span> <span class='ocrx_word' id='word_1_369' title='bbox 2314 2090 2524 2156; x_wconf 76' lang='grc' dir='ltr'>ἑαυτῷ,</span> <span class='ocrx_word' id='word_1_370' title='bbox 2559 2086 2752 2158; x_wconf 80' lang='grc' dir='ltr'>ὥσπερ</span> <span class='ocrx_word' id='word_1_371' title='bbox 2783 2089 2850 2156; x_wconf 82' lang='grc' dir='ltr'>τῇ</span> <span class='ocrx_word' id='word_1_372' title='bbox 2892 2084 3244 2156; x_wconf 79' lang='grc' dir='ltr'>Σαμαρείτιδι</span> <span class='ocrx_word' id='word_1_373' title='bbox 3289 2083 3431 2152; x_wconf 77' lang='grc' dir='ltr'><strong>ἔφη’</strong></span> <span class='ocrx_word' id='word_1_374' title='bbox 3473 2103 3491 2135; x_wconf 77' lang='grc' dir='ltr'><strong>ι</strong></span> <span class='ocrx_word' id='word_1_375' title='bbox 3537 2082 3679 2150; x_wconf 81' lang='grc' dir='ltr'><strong>Ἐγὼ</strong></span> 
     </span>
    </p>
   </div>
   <div class='ocr_carea' id='block_1_47' title="bbox 2101 2171 3677 2252">
    <p class='ocr_par' dir='ltr' id='par_1_47' title="bbox 2101 2171 3677 2252">
     <span class='ocr_line' id='line_1_47' title="bbox 2101 2171 3677 2252; baseline -0.008 -16"><span class='ocrx_word' id='word_1_376' title='bbox 2101 2186 2214 2252; x_wconf 84' lang='grc' dir='ltr'>εἰμι</span> <span class='ocrx_word' id='word_1_377' title='bbox 2244 2185 2272 2234; x_wconf 91' lang='lat'><strong>6</strong></span> <span class='ocrx_word' id='word_1_378' title='bbox 2304 2179 2537 2250; x_wconf 86' lang='grc' dir='ltr'>Χριστός</span> <span class='ocrx_word' id='word_1_379' title='bbox 2562 2194 2575 2209; x_wconf 81' lang='grc'><strong><em>⁸</em></strong></span> <span class='ocrx_word' id='word_1_380' title='bbox 2615 2197 2633 2231; x_wconf 71' lang='grc' dir='ltr'><strong>ι</strong></span> <span class='ocrx_word' id='word_1_381' title='bbox 2671 2177 2765 2232; x_wconf 72' lang='grc' dir='ltr'>καὶ</span> <span class='ocrx_word' id='word_1_382' title='bbox 2793 2175 2872 2248; x_wconf 80' lang='grc' dir='ltr'>τῷ</span> <span class='ocrx_word' id='word_1_383' title='bbox 2900 2174 3119 2246; x_wconf 62' lang='grc' dir='ltr'>τυφλῷ,</span> <span class='ocrx_word' id='word_1_384' title='bbox 3154 2175 3247 2228; x_wconf 72' lang='grc' dir='ltr'><strong>καὶ</strong></span> <span class='ocrx_word' id='word_1_385' title='bbox 3278 2171 3512 2243; x_wconf 77' lang='grc' dir='ltr'>ἑτέρωθι</span> <span class='ocrx_word' id='word_1_386' title='bbox 3544 2172 3677 2224; x_wconf 82' lang='grc' dir='ltr'>πολ-</span> 
     </span>
    </p>
   </div>
   <div class='ocr_carea' id='block_1_48' title="bbox 2100 2264 3678 2347">
    <p class='ocr_par' dir='ltr' id='par_1_48' title="bbox 2100 2264 3678 2347">
     <span class='ocr_line' id='line_1_48' title="bbox 2100 2264 3678 2347; baseline -0.008 -17"><span class='ocrx_word' id='word_1_387' title='bbox 2100 2275 2287 2347; x_wconf 75' lang='grc' dir='ltr'>λαχοῦ.</span> <span class='ocrx_word' id='word_1_388' title='bbox 2325 2275 2451 2328; x_wconf 74' lang='grc' dir='ltr'>Ἐὰν</span> <span class='ocrx_word' id='word_1_389' title='bbox 2479 2269 2572 2327; x_wconf 80' lang='grc' dir='ltr'><strong>οῦν</strong></span> <span class='ocrx_word' id='word_1_390' title='bbox 2598 2270 2774 2326; x_wconf 90' lang='grc' dir='ltr'>ταῦτα</span> <span class='ocrx_word' id='word_1_391' title='bbox 2805 2264 2908 2324; x_wconf 80' lang='grc' dir='ltr'>ὦσι</span> <span class='ocrx_word' id='word_1_392' title='bbox 2938 2268 3140 2340; x_wconf 73' lang='grc' dir='ltr'>ψευδῆ,</span> <span class='ocrx_word' id='word_1_393' title='bbox 3172 2269 3303 2320; x_wconf 85' lang='grc' dir='ltr'>ποία</span> <span class='ocrx_word' id='word_1_394' title='bbox 3333 2268 3468 2337; x_wconf 78' lang='grc' dir='ltr'>ἡμῖν</span> <span class='ocrx_word' id='word_1_395' title='bbox 3498 2283 3678 2336; x_wconf 82' lang='grc' dir='ltr'>σωτη-</span> 
     </span>
    </p>
   </div>
   <div class='ocr_carea' id='block_1_49' title="bbox 2103 2358 3677 2442">
    <p class='ocr_par' dir='ltr' id='par_1_49' title="bbox 2103 2358 3677 2442">
     <span class='ocr_line' id='line_1_49' title="bbox 2103 2358 3677 2442; baseline -0.009 -19"><span class='ocrx_word' id='word_1_396' title='bbox 2103 2370 2226 2442; x_wconf 84' lang='grc' dir='ltr'>ρίας</span> <span class='ocrx_word' id='word_1_397' title='bbox 2271 2368 2459 2434; x_wconf 73' lang='grc' dir='ltr'>ἐλπίς;</span> <span class='ocrx_word' id='word_1_398' title='bbox 2508 2366 2584 2419; x_wconf 88' lang='grc' dir='ltr'>Οὑ</span> <span class='ocrx_word' id='word_1_399' title='bbox 2625 2364 2782 2418; x_wconf 89' lang='grc' dir='ltr'>τοῦτο</span> <span class='ocrx_word' id='word_1_400' title='bbox 2825 2363 2880 2416; x_wconf 82' lang='grc' dir='ltr'><strong>δὲ</strong></span> <span class='ocrx_word' id='word_1_401' title='bbox 2929 2362 3089 2432; x_wconf 84' lang='grc' dir='ltr'>μόνον</span> <span class='ocrx_word' id='word_1_402' title='bbox 3137 2361 3284 2414; x_wconf 86' lang='grc' dir='ltr'>δοκεῖ</span> <span class='ocrx_word' id='word_1_403' title='bbox 3331 2358 3677 2427; x_wconf 73' lang='grc' dir='ltr'>ἐναντίωμα,</span> 
     </span>
    </p>
   </div>
   <div class='ocr_carea' id='block_1_50' title="bbox 2104 2449 3678 2528">
    <p class='ocr_par' dir='ltr' id='par_1_50' title="bbox 2104 2449 3678 2528">
     <span class='ocr_line' id='line_1_50' title="bbox 2104 2449 3678 2528; baseline -0.01 -14"><span class='ocrx_word' id='word_1_404' title='bbox 2104 2460 2238 2514; x_wconf 87' lang='grc' dir='ltr'><strong>ἀλλά</strong></span> <span class='ocrx_word' id='word_1_405' title='bbox 2273 2460 2367 2513; x_wconf 75' lang='grc' dir='ltr'><strong>καὶ</strong></span> <span class='ocrx_word' id='word_1_406' title='bbox 2400 2459 2586 2528; x_wconf 73' lang='grc' dir='ltr'>ἕτερον</span> <span class='ocrx_word' id='word_1_407' title='bbox 2621 2457 2721 2510; x_wconf 80' lang='grc' dir='ltr'><strong>οὑκ</strong></span> <span class='ocrx_word' id='word_1_408' title='bbox 2761 2455 3003 2509; x_wconf 79' lang='grc' dir='ltr'>ἔλαττον.</span> <span class='ocrx_word' id='word_1_409' title='bbox 3041 2450 3258 2524; x_wconf 79' lang='grc' dir='ltr'>Προϊὼν</span> <span class='ocrx_word' id='word_1_410' title='bbox 3292 2451 3401 2520; x_wconf 75' lang='grc' dir='ltr'><strong>γὰρ</strong></span> <span class='ocrx_word' id='word_1_411' title='bbox 3423 2489 3436 2512; x_wconf 92' lang='grc'><strong>,</strong></span> <span class='ocrx_word' id='word_1_412' title='bbox 3477 2449 3678 2518; x_wconf 73' lang='grc' dir='ltr'>φησὶν,</span> 
     </span>
    </p>
   </div>
   <div class='ocr_carea' id='block_1_51' title="bbox 2103 2541 3683 2620">
    <p class='ocr_par' dir='ltr' id='par_1_51' title="bbox 2103 2541 3683 2620">
     <span class='ocr_line' id='line_1_51' title="bbox 2103 2541 3683 2620; baseline -0.01 -13"><span class='ocrx_word' id='word_1_413' title='bbox 2103 2554 2206 2617; x_wconf 83' lang='grc' dir='ltr'>ὅτι,</span> <span class='ocrx_word' id='word_1_414' title='bbox 2235 2572 2252 2604; x_wconf 84' lang='grc' dir='ltr'><strong>ι</strong></span> <span class='ocrx_word' id='word_1_415' title='bbox 2278 2552 2394 2606; x_wconf 73' lang='grc' dir='ltr'>Κᾶν</span> <span class='ocrx_word' id='word_1_416' title='bbox 2425 2549 2536 2618; x_wconf 70' lang='grc' dir='ltr'><strong>ἐγὼ</strong></span> <span class='ocrx_word' id='word_1_417' title='bbox 2573 2546 2838 2620; x_wconf 82' lang='grc' dir='ltr'>μαρτυρῶ</span> <span class='ocrx_word' id='word_1_418' title='bbox 2874 2546 3001 2616; x_wconf 67' lang='grc' dir='ltr'>περὶ</span> <span class='ocrx_word' id='word_1_419' title='bbox 3032 2543 3291 2614; x_wconf 77' lang='grc' dir='ltr'>ἐμαυτοῦ,</span> <span class='ocrx_word' id='word_1_420' title='bbox 3329 2544 3363 2608; x_wconf 82' lang='grc' dir='ltr'><strong>ἡ</strong></span> <span class='ocrx_word' id='word_1_421' title='bbox 3403 2541 3683 2610; x_wconf 80' lang='grc' dir='ltr'>μαρτυρία</span> 
     </span>
    </p>
   </div>
   <div class='ocr_carea' id='block_1_52' title="bbox 2110 2631 3685 2716">
    <p class='ocr_par' dir='ltr' id='par_1_52' title="bbox 2110 2631 3685 2716">
     <span class='ocr_line' id='line_1_52' title="bbox 2110 2631 3685 2716; baseline -0.011 -17"><span class='ocrx_word' id='word_1_422' title='bbox 2110 2664 2211 2716; x_wconf 89' lang='grc' dir='ltr'><strong>μου</strong></span> <span class='ocrx_word' id='word_1_423' title='bbox 2237 2645 2442 2714; x_wconf 78' lang='grc' dir='ltr'>ἀληθής</span> <span class='ocrx_word' id='word_1_424' title='bbox 2467 2644 2607 2696; x_wconf 78' lang='grc' dir='ltr'>ἐστι.</span> <span class='ocrx_word' id='word_1_425' title='bbox 2642 2660 2660 2693; x_wconf 71' lang='grc' dir='ltr'><strong>ι</strong></span> <span class='ocrx_word' id='word_1_426' title='bbox 2691 2639 2811 2702; x_wconf 83' lang='grc' dir='ltr'>Πῶς</span> <span class='ocrx_word' id='word_1_427' title='bbox 2832 2634 2924 2692; x_wconf 75' lang='grc' dir='ltr'><strong>οὖν</strong></span> <span class='ocrx_word' id='word_1_428' title='bbox 2949 2635 3485 2707; x_wconf 72' lang='grc' dir='ltr'>συμϐιϐαπθὴσονται</span> <span class='ocrx_word' id='word_1_429' title='bbox 3510 2631 3685 2684; x_wconf 79' lang='grc' dir='ltr'>ταῦτα</span> 
     </span>
    </p>
   </div>
   <div class='ocr_carea' id='block_1_53' title="bbox 2106 2728 3686 2808">
    <p class='ocr_par' dir='ltr' id='par_1_53' title="bbox 2106 2728 3686 2808">
     <span class='ocr_line' id='line_1_53' title="bbox 2106 2728 3686 2808; baseline -0.009 -15"><span class='ocrx_word' id='word_1_430' title='bbox 2106 2739 2365 2793; x_wconf 87' lang='grc' dir='ltr'>δοκοῦντα</span> <span class='ocrx_word' id='word_1_431' title='bbox 2386 2736 2687 2808; x_wconf 82' lang='grc' dir='ltr'>μάχεσθαι;</span> <span class='ocrx_word' id='word_1_432' title='bbox 2714 2737 2779 2788; x_wconf 88' lang='grc' dir='ltr'><strong>Ὃ</strong></span> <span class='ocrx_word' id='word_1_433' title='bbox 2803 2734 2900 2806; x_wconf 81' lang='grc' dir='ltr'>μὲν</span> <span class='ocrx_word' id='word_1_434' title='bbox 2925 2732 3094 2800; x_wconf 77' lang='grc' dir='ltr'>λέγει,</span> <span class='ocrx_word' id='word_1_435' title='bbox 3120 2732 3201 2784; x_wconf 81' lang='grc' dir='ltr'>ὅτι</span> <span class='ocrx_word' id='word_1_436' title='bbox 3232 2748 3250 2781; x_wconf 84' lang='grc' dir='ltr'><strong>ι</strong></span> <span class='ocrx_word' id='word_1_437' title='bbox 3275 2731 3373 2782; x_wconf 74' lang='grc' dir='ltr'><strong>’Ἂν</strong></span> <span class='ocrx_word' id='word_1_438' title='bbox 3402 2728 3516 2796; x_wconf 80' lang='grc' dir='ltr'><strong>ἐγὼ</strong></span> <span class='ocrx_word' id='word_1_439' title='bbox 3548 2745 3686 2796; x_wconf 84' lang='grc' dir='ltr'>μαρ-</span> 
     </span>
    </p>
   </div>
   <div class='ocr_carea' id='block_1_54' title="bbox 2107 2819 3687 2903">
    <p class='ocr_par' dir='ltr' id='par_1_54' title="bbox 2107 2819 3687 2903">
     <span class='ocr_line' id='line_1_54' title="bbox 2107 2819 3687 2903; baseline -0.011 -16"><span class='ocrx_word' id='word_1_440' title='bbox 2107 2833 2256 2903; x_wconf 83' lang='grc' dir='ltr'>τυρῶ</span> <span class='ocrx_word' id='word_1_441' title='bbox 2289 2833 2416 2901; x_wconf 67' lang='grc' dir='ltr'>περὶ</span> <span class='ocrx_word' id='word_1_442' title='bbox 2451 2829 2713 2901; x_wconf 71' lang='grc' dir='ltr'>ἐμαυτοῦ,</span> <span class='ocrx_word' id='word_1_443' title='bbox 2741 2829 2774 2898; x_wconf 81' lang='grc' dir='ltr'>ἡ</span> <span class='ocrx_word' id='word_1_444' title='bbox 2806 2824 3083 2898; x_wconf 87' lang='grc' dir='ltr'>μαρτυρία</span> <span class='ocrx_word' id='word_1_445' title='bbox 3116 2841 3216 2894; x_wconf 83' lang='grc' dir='ltr'><strong>μου</strong></span> <span class='ocrx_word' id='word_1_446' title='bbox 3247 2823 3349 2875; x_wconf 88' lang='grc' dir='ltr'><strong>οὑκ</strong></span> <span class='ocrx_word' id='word_1_447' title='bbox 3378 2821 3530 2874; x_wconf 73' lang='grc' dir='ltr'>ἔστιν</span> <span class='ocrx_word' id='word_1_448' title='bbox 3557 2819 3687 2888; x_wconf 76' lang='grc' dir='ltr'>ἀλη-</span> 
     </span>
    </p>
   </div>
   <div class='ocr_carea' id='block_1_55' title="bbox 2109 2909 3682 2992">
    <p class='ocr_par' dir='ltr' id='par_1_55' title="bbox 2109 2909 3682 2992">
     <span class='ocr_line' id='line_1_55' title="bbox 2109 2909 3682 2992; baseline -0.011 -15"><span class='ocrx_word' id='word_1_449' title='bbox 2109 2925 2238 2992; x_wconf 82' lang='grc' dir='ltr'>θὴς,</span> <span class='ocrx_word' id='word_1_450' title='bbox 2284 2941 2301 2974; x_wconf 72' lang='grc' dir='ltr'><strong>ι</strong></span> <span class='ocrx_word' id='word_1_451' title='bbox 2340 2923 2488 2989; x_wconf 76' lang='grc' dir='ltr'>λέγει</span> <span class='ocrx_word' id='word_1_452' title='bbox 2523 2921 2598 2983; x_wconf 82' lang='grc' dir='ltr'><strong>ὡς</strong></span> <span class='ocrx_word' id='word_1_453' title='bbox 2635 2919 2771 2988; x_wconf 81' lang='grc' dir='ltr'>πρὸς</span> <span class='ocrx_word' id='word_1_454' title='bbox 2806 2917 2905 2988; x_wconf 79' lang='grc' dir='ltr'><strong>τὴν</strong></span> <span class='ocrx_word' id='word_1_455' title='bbox 2939 2913 3207 2982; x_wconf 71' lang='grc' dir='ltr'>ὑπόληψιν</span> <span class='ocrx_word' id='word_1_456' title='bbox 3241 2913 3349 2964; x_wconf 81' lang='grc' dir='ltr'>τῶν</span> <span class='ocrx_word' id='word_1_457' title='bbox 3387 2909 3682 2962; x_wconf 79' lang='grc' dir='ltr'>Ἰουδαίων.</span> 
     </span>
    </p>
   </div>
   <div class='ocr_carea' id='block_1_56' title="bbox 2121 3002 3687 3086">
    <p class='ocr_par' dir='ltr' id='par_1_56' title="bbox 2121 3002 3687 3086">
     <span class='ocr_line' id='line_1_56' title="bbox 2121 3002 3687 3086; baseline -0.01 -16"><span class='ocrx_word' id='word_1_458' title='bbox 2121 3017 2274 3076; x_wconf 73' lang='grc' dir='ltr'>Ἐπεὶ</span> <span class='ocrx_word' id='word_1_459' title='bbox 2303 3017 2411 3086; x_wconf 89' lang='grc' dir='ltr'><strong>γάρ</strong></span> <span class='ocrx_word' id='word_1_460' title='bbox 2440 3015 2663 3084; x_wconf 79' lang='grc' dir='ltr'>ἔμελλον</span> <span class='ocrx_word' id='word_1_461' title='bbox 2695 3014 2890 3066; x_wconf 74' lang='grc' dir='ltr'>ἐκεῖνοι</span> <span class='ocrx_word' id='word_1_462' title='bbox 2923 3009 3050 3071; x_wconf 76' lang='grc' dir='ltr'>ἴσως</span> <span class='ocrx_word' id='word_1_463' title='bbox 3079 3008 3253 3060; x_wconf 76' lang='grc' dir='ltr'>εἰπεῖν</span> <span class='ocrx_word' id='word_1_464' title='bbox 3284 3002 3436 3073; x_wconf 83' lang='grc' dir='ltr'>αὑτῷ</span> <span class='ocrx_word' id='word_1_465' title='bbox 3456 3045 3470 3066; x_wconf 91' lang='grc'><strong>,</strong></span> <span class='ocrx_word' id='word_1_466' title='bbox 3498 3003 3583 3055; x_wconf 80' lang='grc' dir='ltr'>ὃτι</span> <span class='ocrx_word' id='word_1_467' title='bbox 3617 3003 3687 3054; x_wconf 75' lang='grc' dir='ltr'>Σὺ</span> 
     </span>
    </p>
   </div>
   <div class='ocr_carea' id='block_1_57' title="bbox 2114 3092 3686 3182">
    <p class='ocr_par' dir='ltr' id='par_1_57' title="bbox 2114 3092 3686 3182">
     <span class='ocr_line' id='line_1_57' title="bbox 2114 3092 3686 3182; baseline -0.014 -18"><span class='ocrx_word' id='word_1_468' title='bbox 2114 3111 2409 3182; x_wconf 82' lang='grc' dir='ltr'>μαρτυρεῖς</span> <span class='ocrx_word' id='word_1_469' title='bbox 2437 3107 2566 3177; x_wconf 72' lang='grc' dir='ltr'>περὶ</span> <span class='ocrx_word' id='word_1_470' title='bbox 2594 3103 2846 3165; x_wconf 86' lang='grc' dir='ltr'>σεαυτοῦ,</span> <span class='ocrx_word' id='word_1_471' title='bbox 2876 3102 3050 3163; x_wconf 68' lang='grc' dir='ltr'>οὐδεὶς</span> <span class='ocrx_word' id='word_1_472' title='bbox 3076 3099 3131 3152; x_wconf 81' lang='grc' dir='ltr'><strong>δὲ</strong></span> <span class='ocrx_word' id='word_1_473' title='bbox 3161 3096 3458 3169; x_wconf 82' lang='grc' dir='ltr'>μαρτυρῶν</span> <span class='ocrx_word' id='word_1_474' title='bbox 3483 3092 3686 3160; x_wconf 76' lang='grc' dir='ltr'>ἑαυτῷ,</span> 
     </span>
    </p>
   </div>
   <div class='ocr_carea' id='block_1_58' title="bbox 436 3185 2008 3294">
    <p class='ocr_par' dir='ltr' id='par_1_58' title="bbox 436 3185 2002 3277">
     <span class='ocr_line' id='line_1_58' title="bbox 436 3185 2002 3277; baseline 0.006 -19"><span class='ocrx_word' id='word_1_475' title='bbox 436 3203 542 3258; x_wconf 83' lang='lat' dir='ltr'><strong>ﬁde</strong></span> <span class='ocrx_word' id='word_1_476' title='bbox 587 3205 782 3273; x_wconf 79' lang='lat' dir='ltr'><strong>dignus</strong></span> <span class='ocrx_word' id='word_1_477' title='bbox 812 3217 915 3260; x_wconf 90' lang='lat' dir='ltr'><strong>est.</strong></span> <span class='ocrx_word' id='word_1_478' title='bbox 957 3205 1097 3261; x_wconf 90' lang='lat' dir='ltr'><strong>Dicit</strong></span> <span class='ocrx_word' id='word_1_479' title='bbox 1133 3185 1378 3277; x_wconf 80' lang='lat' dir='ltr'><strong>urgendo</strong></span> <span class='ocrx_word' id='word_1_480' title='bbox 1412 3185 1572 3268; x_wconf 78' lang='lat' dir='ltr'><strong>illos:</strong></span> <span class='ocrx_word' id='word_1_481' title='bbox 1610 3211 1723 3267; x_wconf 85' lang='lat' dir='ltr'><strong>Non</strong></span> <span class='ocrx_word' id='word_1_482' title='bbox 1761 3185 2002 3269; x_wconf 54' lang='lat' dir='ltr'><strong>testimo;</strong></span> 
     </span>
    </p>
   </div>
   <div class='ocr_carea' id='block_1_59' title="bbox 2114 3185 3686 3294">
    <p class='ocr_par' dir='ltr' id='par_1_59' title="bbox 2114 3185 3686 3270">
     <span class='ocr_line' id='line_1_59' title="bbox 2114 3185 3686 3270; baseline -0.015 -13"><span class='ocrx_word' id='word_1_483' title='bbox 2114 3202 2418 3270; x_wconf 76' lang='grc' dir='ltr'>ἀξιόπιστός</span> <span class='ocrx_word' id='word_1_484' title='bbox 2450 3201 2588 3263; x_wconf 75' lang='grc' dir='ltr'>ἐστι,</span> <span class='ocrx_word' id='word_1_485' title='bbox 2619 3198 2784 3268; x_wconf 83' lang='grc' dir='ltr'>φησὶν</span> <span class='ocrx_word' id='word_1_486' title='bbox 2811 3194 3165 3254; x_wconf 76' lang='grc' dir='ltr'>ὲνστατικῶς,</span> <span class='ocrx_word' id='word_1_487' title='bbox 3191 3193 3273 3245; x_wconf 80' lang='grc' dir='ltr'>ὅτι</span> <span class='ocrx_word' id='word_1_488' title='bbox 3305 3190 3380 3242; x_wconf 83' lang='grc' dir='ltr'><strong>υὺ</strong></span> <span class='ocrx_word' id='word_1_489' title='bbox 3419 3185 3686 3258; x_wconf 75' lang='grc' dir='ltr'>μαρτυρῶ</span> 
     </span>
    </p>
   </div>
   <div class='ocr_carea' id='block_1_60' title="bbox 437 3281 2008 3374">
    <p class='ocr_par' dir='ltr' id='par_1_60' title="bbox 437 3297 2008 3374">
     <span class='ocr_line' id='line_1_60' title="bbox 437 3297 2008 3374; baseline 0.009 -25"><span class='ocrx_word' id='word_1_490' title='bbox 437 3298 588 3350; x_wconf 90' lang='lat' dir='ltr'><strong>nium</strong></span> <span class='ocrx_word' id='word_1_491' title='bbox 616 3297 878 3365; x_wconf 88' lang='lat' dir='ltr'><strong>perhibeo</strong></span> <span class='ocrx_word' id='word_1_492' title='bbox 901 3313 1000 3369; x_wconf 90' lang='lat' dir='ltr'><strong>ego</strong></span> <span class='ocrx_word' id='word_1_493' title='bbox 1021 3299 1090 3355; x_wconf 87' lang='lat' dir='ltr'><strong>de</strong></span> <span class='ocrx_word' id='word_1_494' title='bbox 1117 3301 1344 3370; x_wconf 83' lang='lat' dir='ltr'><strong>meipso,</strong></span> <span class='ocrx_word' id='word_1_495' title='bbox 1369 3303 1569 3374; x_wconf 82' lang='lat' dir='ltr'><strong>alioqui</strong></span> <span class='ocrx_word' id='word_1_496' title='bbox 1592 3304 1744 3373; x_wconf 80' lang='lat' dir='ltr'><strong>juxta</strong></span> <span class='ocrx_word' id='word_1_497' title='bbox 1771 3318 2008 3363; x_wconf 78' lang='lat' dir='ltr'><strong>vestram</strong></span> 
     </span>
    </p>
   </div>
   <div class='ocr_carea' id='block_1_61' title="bbox 2114 3281 3689 3374">
    <p class='ocr_par' dir='ltr' id='par_1_61' title="bbox 2114 3281 3689 3374">
     <span class='ocr_line' id='line_1_61' title="bbox 2114 3281 3689 3374; baseline -0.014 -23"><span class='ocrx_word' id='word_1_498' title='bbox 2114 3295 2220 3366; x_wconf 70' lang='grc' dir='ltr'><strong>ἐγὼ</strong></span> <span class='ocrx_word' id='word_1_499' title='bbox 2263 3294 2390 3364; x_wconf 74' lang='grc' dir='ltr'>περὶ</span> <span class='ocrx_word' id='word_1_500' title='bbox 2437 3290 2674 3362; x_wconf 77' lang='grc' dir='ltr'>ἐμαυτοῦ</span> <span class='ocrx_word' id='word_1_501' title='bbox 2700 3305 2712 3319; x_wconf 75' lang='grc'><strong><em>⁸</em></strong></span> <span class='ocrx_word' id='word_1_502' title='bbox 2759 3285 2794 3361; x_wconf 83' lang='grc' dir='ltr'>ἦ</span> <span class='ocrx_word' id='word_1_503' title='bbox 2838 3287 2946 3356; x_wconf 76' lang='grc' dir='ltr'><strong>γὰρ</strong></span> <span class='ocrx_word' id='word_1_504' title='bbox 2989 3285 3053 3338; x_wconf 84' lang='grc' dir='ltr'><strong>ἂν</strong></span> <span class='ocrx_word' id='word_1_505' title='bbox 3094 3283 3236 3337; x_wconf 86' lang='grc' dir='ltr'><strong>κατά</strong></span> <span class='ocrx_word' id='word_1_506' title='bbox 3270 3281 3370 3350; x_wconf 81' lang='grc' dir='ltr'><strong>τὴν</strong></span> <span class='ocrx_word' id='word_1_507' title='bbox 3412 3281 3689 3374; x_wconf 78' lang='grc' dir='ltr'>ὑμετέραν</span> 
     </span>
    </p>
   </div>
   <div class='ocr_carea' id='block_1_62' title="bbox 438 3389 2012 3462">
    <p class='ocr_par' dir='ltr' id='par_1_62' title="bbox 438 3389 2012 3462">
     <span class='ocr_line' id='line_1_62' title="bbox 438 3389 2012 3462; baseline 0.008 -21"><span class='ocrx_word' id='word_1_508' title='bbox 438 3389 761 3443; x_wconf 88' lang='lat' dir='ltr'><strong>sententiam</strong></span> <span class='ocrx_word' id='word_1_509' title='bbox 791 3406 898 3444; x_wconf 90' lang='lat' dir='ltr'><strong>non</strong></span> <span class='ocrx_word' id='word_1_510' title='bbox 914 3391 1109 3462; x_wconf 84' lang='lat' dir='ltr'><strong>dignus</strong></span> <span class='ocrx_word' id='word_1_511' title='bbox 1133 3407 1310 3450; x_wconf 90' lang='lat' dir='ltr'><strong>essem</strong></span> <span class='ocrx_word' id='word_1_512' title='bbox 1341 3399 1425 3450; x_wconf 93' lang='lat' dir='ltr'><strong>cui</strong></span> <span class='ocrx_word' id='word_1_513' title='bbox 1447 3399 1781 3458; x_wconf 86' lang='lat' dir='ltr'><strong>crederetur.</strong></span> <span class='ocrx_word' id='word_1_514' title='bbox 1815 3419 1831 3450; x_wconf 82' lang='grc' dir='ltr'><strong>ι</strong></span> <span class='ocrx_word' id='word_1_515' title='bbox 1861 3399 2012 3454; x_wconf 82' lang='lat' dir='ltr'><strong>Alius</strong></span> 
     </span>
    </p>
   </div>
   <div class='ocr_carea' id='block_1_63' title="bbox 441 3481 2012 3559">
    <p class='ocr_par' dir='ltr' id='par_1_63' title="bbox 441 3481 2012 3559">
     <span class='ocr_line' id='line_1_63' title="bbox 441 3481 2012 3559; baseline 0.01 -27"><span class='ocrx_word' id='word_1_516' title='bbox 441 3481 584 3534; x_wconf 87' lang='lat' dir='ltr'><strong>enim</strong></span> <span class='ocrx_word' id='word_1_517' title='bbox 600 3481 788 3551; x_wconf 85' lang='lat' dir='ltr'><strong>estqui</strong></span> <span class='ocrx_word' id='word_1_518' title='bbox 818 3483 1180 3539; x_wconf 89' lang='lat' dir='ltr'><strong>testimonium</strong></span> <span class='ocrx_word' id='word_1_519' title='bbox 1209 3487 1276 3542; x_wconf 88' lang='lat' dir='ltr'><strong>de</strong></span> <span class='ocrx_word' id='word_1_520' title='bbox 1307 3502 1392 3542; x_wconf 89' lang='lat' dir='ltr'><strong>me</strong></span> <span class='ocrx_word' id='word_1_521' title='bbox 1421 3491 1690 3559; x_wconf 82' lang='lat' dir='ltr'><strong>perhibet,</strong></span> <span class='ocrx_word' id='word_1_522' title='bbox 1724 3509 1742 3544; x_wconf 73' lang='grc' dir='ltr'><strong>ι</strong></span> <span class='ocrx_word' id='word_1_523' title='bbox 1775 3491 2012 3547; x_wconf 84' lang='lat' dir='ltr'><strong>Joannes</strong></span> 
     </span>
    </p>
   </div>
   <div class='ocr_carea' id='block_1_64' title="bbox 442 3571 2010 3651">
    <p class='ocr_par' dir='ltr' id='par_1_64' title="bbox 442 3571 2010 3651">
     <span class='ocr_line' id='line_1_64' title="bbox 442 3571 2010 3651; baseline 0.009 -27"><span class='ocrx_word' id='word_1_524' title='bbox 442 3571 668 3626; x_wconf 87' lang='lat' dir='ltr'><strong>scilicet.</strong></span> <span class='ocrx_word' id='word_1_525' title='bbox 703 3574 855 3639; x_wconf 84' lang='lat' dir='ltr'><strong>Quod</strong></span> <span class='ocrx_word' id='word_1_526' title='bbox 877 3585 1059 3630; x_wconf 91' lang='lat' dir='ltr'><strong>autem</strong></span> <span class='ocrx_word' id='word_1_527' title='bbox 1084 3576 1235 3641; x_wconf 89' lang='lat' dir='ltr'><strong>dicit,</strong></span> <span class='ocrx_word' id='word_1_528' title='bbox 1273 3595 1292 3630; x_wconf 83' lang='grc' dir='ltr'><strong>ι</strong></span> <span class='ocrx_word' id='word_1_529' title='bbox 1330 3579 1458 3634; x_wconf 83' lang='lat' dir='ltr'><strong>Etsi</strong></span> <span class='ocrx_word' id='word_1_530' title='bbox 1509 3595 1610 3651; x_wconf 90' lang='lat' dir='ltr'><strong>ego</strong></span> <span class='ocrx_word' id='word_1_531' title='bbox 1645 3583 2010 3638; x_wconf 88' lang='lat' dir='ltr'><strong>testimonium</strong></span> 
     </span>
    </p>
   </div>
   <div class='ocr_carea' id='block_1_65' title="bbox 442 3664 2013 3736">
    <p class='ocr_par' dir='ltr' id='par_1_65' title="bbox 442 3664 2013 3736">
     <span class='ocr_line' id='line_1_65' title="bbox 442 3664 2013 3736; baseline 0.009 -20"><span class='ocrx_word' id='word_1_532' title='bbox 442 3664 721 3734; x_wconf 69' lang='lat' dir='ltr'><strong>perhibet).</strong></span> <span class='ocrx_word' id='word_1_533' title='bbox 739 3667 1103 3724; x_wconf 77' lang='lat' dir='ltr'><strong>testimonium</strong></span> <span class='ocrx_word' id='word_1_534' title='bbox 1131 3683 1306 3724; x_wconf 91' lang='lat' dir='ltr'><strong>meum</strong></span> <span class='ocrx_word' id='word_1_535' title='bbox 1338 3686 1522 3726; x_wconf 79' lang='lat' dir='ltr'><strong>verum</strong></span> <span class='ocrx_word' id='word_1_536' title='bbox 1545 3683 1648 3736; x_wconf 86' lang='lat' dir='ltr'><strong>est,</strong></span> <span class='ocrx_word' id='word_1_537' title='bbox 1676 3693 1694 3724; x_wconf 83' lang='grc'><strong>›</strong></span> <span class='ocrx_word' id='word_1_538' title='bbox 1717 3677 2013 3730; x_wconf 88' lang='lat' dir='ltr'><strong>secumlum</strong></span> 
     </span>
    </p>
   </div>
   <div class='ocr_carea' id='block_1_66' title="bbox 445 3761 2015 3823">
    <p class='ocr_par' dir='ltr' id='par_1_66' title="bbox 445 3761 2015 3823">
     <span class='ocr_line' id='line_1_66' title="bbox 445 3761 2015 3823; baseline 0.008 -12"><span class='ocrx_word' id='word_1_539' title='bbox 445 3761 853 3816; x_wconf 79' lang='lat' dir='ltr'><strong>concessionem</strong></span> <span class='ocrx_word' id='word_1_540' title='bbox 882 3764 1034 3818; x_wconf 87' lang='lat' dir='ltr'><strong>dicit.</strong></span> <span class='ocrx_word' id='word_1_541' title='bbox 1065 3763 1342 3822; x_wconf 78' lang='lat' dir='ltr'><strong>Accedens</strong></span> <span class='ocrx_word' id='word_1_542' title='bbox 1365 3765 1509 3818; x_wconf 88' lang='lat' dir='ltr'><strong>enim</strong></span> <span class='ocrx_word' id='word_1_543' title='bbox 1536 3767 1774 3821; x_wconf 88' lang='lat' dir='ltr'><strong>sermoni</strong></span> <span class='ocrx_word' id='word_1_544' title='bbox 1805 3766 2015 3823; x_wconf 72' lang='lat' dir='ltr'><strong>Judzro-</strong></span> 
     </span>
    </p>
   </div>
   <div class='ocr_carea' id='block_1_67' title="bbox 447 3851 2014 3933">
    <p class='ocr_par' dir='ltr' id='par_1_67' title="bbox 447 3851 2014 3933">
     <span class='ocr_line' id='line_1_67' title="bbox 447 3851 2014 3933; baseline 0.009 -29"><span class='ocrx_word' id='word_1_545' title='bbox 447 3867 589 3917; x_wconf 86' lang='lat' dir='ltr'><strong>rum,</strong></span> <span class='ocrx_word' id='word_1_546' title='bbox 619 3851 789 3910; x_wconf 87' lang='lat' dir='ltr'><strong>dicit:</strong></span> <span class='ocrx_word' id='word_1_547' title='bbox 825 3854 953 3910; x_wconf 86' lang='lat' dir='ltr'><strong>Esto</strong></span> <span class='ocrx_word' id='word_1_548' title='bbox 983 3860 1124 3925; x_wconf 89' lang='lat' dir='ltr'><strong>quod</strong></span> <span class='ocrx_word' id='word_1_549' title='bbox 1171 3872 1271 3928; x_wconf 88' lang='lat' dir='ltr'><strong>ego</strong></span> <span class='ocrx_word' id='word_1_550' title='bbox 1314 3857 1681 3916; x_wconf 80' lang='lat' dir='ltr'><strong>testimonium</strong></span> <span class='ocrx_word' id='word_1_551' title='bbox 1709 3860 1777 3916; x_wconf 91' lang='lat' dir='ltr'><strong>de</strong></span> <span class='ocrx_word' id='word_1_552' title='bbox 1810 3863 2014 3933; x_wconf 89' lang='lat' dir='ltr'><strong>meipso</strong></span> 
     </span>
    </p>
   </div>
   <div class='ocr_carea' id='block_1_68' title="bbox 444 3945 2016 4024">
    <p class='ocr_par' dir='ltr' id='par_1_68' title="bbox 444 3945 2016 4024">
     <span class='ocr_line' id='line_1_68' title="bbox 444 3945 2016 4024; baseline 0.009 -27"><span class='ocrx_word' id='word_1_553' title='bbox 444 3945 798 4012; x_wconf 87' lang='lat' dir='ltr'><strong>perhibeam;</strong></span> <span class='ocrx_word' id='word_1_554' title='bbox 830 3958 882 4000; x_wconf 89' lang='lat' dir='ltr'><strong>et</strong></span> <span class='ocrx_word' id='word_1_555' title='bbox 917 3948 960 4002; x_wconf 88' lang='lat' dir='ltr'><strong>si</strong></span> <span class='ocrx_word' id='word_1_556' title='bbox 987 3965 1086 4016; x_wconf 81' lang='lat' dir='ltr'><strong>ego</strong></span> <span class='ocrx_word' id='word_1_557' title='bbox 1114 3948 1277 4019; x_wconf 85' lang='lat' dir='ltr'><strong>igitur</strong></span> <span class='ocrx_word' id='word_1_558' title='bbox 1312 3955 1676 4007; x_wconf 87' lang='lat' dir='ltr'><strong>testimonium</strong></span> <span class='ocrx_word' id='word_1_559' title='bbox 1710 3953 1776 4009; x_wconf 87' lang='lat' dir='ltr'><strong>de</strong></span> <span class='ocrx_word' id='word_1_560' title='bbox 1811 3956 2016 4024; x_wconf 90' lang='lat' dir='ltr'><strong>meipso</strong></span> 
     </span>
    </p>
   </div>
   <div class='ocr_carea' id='block_1_69' title="bbox 447 4037 2016 4105">
    <p class='ocr_par' dir='ltr' id='par_1_69' title="bbox 447 4037 2016 4105">
     <span class='ocr_line' id='line_1_69' title="bbox 447 4037 2016 4105; baseline 0.008 -15"><span class='ocrx_word' id='word_1_561' title='bbox 447 4037 782 4105; x_wconf 82' lang='lat' dir='ltr'><strong>perhibcam,</strong></span> <span class='ocrx_word' id='word_1_562' title='bbox 840 4041 1204 4098; x_wconf 86' lang='lat' dir='ltr'><strong>testimonium</strong></span> <span class='ocrx_word' id='word_1_563' title='bbox 1263 4060 1442 4098; x_wconf 89' lang='lat' dir='ltr'><strong>meum</strong></span> <span class='ocrx_word' id='word_1_564' title='bbox 1495 4061 1683 4100; x_wconf 87' lang='lat' dir='ltr'><strong>verum</strong></span> <span class='ocrx_word' id='word_1_565' title='bbox 1729 4057 1832 4101; x_wconf 89' lang='lat' dir='ltr'><strong>est.</strong></span> <span class='ocrx_word' id='word_1_566' title='bbox 1880 4045 2016 4102; x_wconf 72' lang='lat' dir='ltr'><strong>Nam</strong></span> 
     </span>
    </p>
   </div>
   <div class='ocr_carea' id='block_1_70' title="bbox 447 4127 2016 4210">
    <p class='ocr_par' dir='ltr' id='par_1_70' title="bbox 447 4127 2016 4210">
     <span class='ocr_line' id='line_1_70' title="bbox 447 4127 2016 4210; baseline 0.01 -30"><span class='ocrx_word' id='word_1_567' title='bbox 447 4143 569 4182; x_wconf 89' lang='lat' dir='ltr'><strong>cum</strong></span> <span class='ocrx_word' id='word_1_568' title='bbox 599 4127 740 4185; x_wconf 89' lang='lat' dir='ltr'><strong>Deus</strong></span> <span class='ocrx_word' id='word_1_569' title='bbox 777 4131 901 4198; x_wconf 92' lang='lat' dir='ltr'><strong>sim,</strong></span> <span class='ocrx_word' id='word_1_570' title='bbox 935 4133 1039 4188; x_wconf 83' lang='lat' dir='ltr'><strong>ﬁde</strong></span> <span class='ocrx_word' id='word_1_571' title='bbox 1071 4135 1266 4204; x_wconf 90' lang='lat' dir='ltr'><strong>dignus</strong></span> <span class='ocrx_word' id='word_1_572' title='bbox 1307 4151 1449 4191; x_wconf 89' lang='lat' dir='ltr'><strong>sum.</strong></span> <span class='ocrx_word' id='word_1_573' title='bbox 1473 4139 1647 4208; x_wconf 78' lang='lat' dir='ltr'><strong>Atque</strong></span> <span class='ocrx_word' id='word_1_574' title='bbox 1682 4139 1753 4193; x_wconf 91' lang='lat' dir='ltr'><strong>ita</strong></span> <span class='ocrx_word' id='word_1_575' title='bbox 1785 4140 2016 4210; x_wconf 92' lang='lat' dir='ltr'><strong>primum</strong></span> 
     </span>
    </p>
   </div>
   <div class='ocr_carea' id='block_1_71' title="bbox 447 4221 2016 4299">
    <p class='ocr_par' dir='ltr' id='par_1_71' title="bbox 447 4221 2016 4299">
     <span class='ocr_line' id='line_1_71' title="bbox 447 4221 2016 4299; baseline 0.007 -24"><span class='ocrx_word' id='word_1_576' title='bbox 447 4221 584 4275; x_wconf 82' lang='lat' dir='ltr'><strong>dixit</strong></span> <span class='ocrx_word' id='word_1_577' title='bbox 613 4223 735 4278; x_wconf 88' lang='lat' dir='ltr'><strong>illos</strong></span> <span class='ocrx_word' id='word_1_578' title='bbox 771 4227 1032 4294; x_wconf 84' lang='lat' dir='ltr'><strong>urgendo,</strong></span> <span class='ocrx_word' id='word_1_579' title='bbox 1065 4242 1170 4282; x_wconf 89' lang='lat' dir='ltr'><strong>non</strong></span> <span class='ocrx_word' id='word_1_580' title='bbox 1203 4243 1302 4299; x_wconf 88' lang='lat' dir='ltr'><strong>ego</strong></span> <span class='ocrx_word' id='word_1_581' title='bbox 1333 4229 1702 4284; x_wconf 88' lang='lat' dir='ltr'><strong>testimonium</strong></span> <span class='ocrx_word' id='word_1_582' title='bbox 1734 4232 2016 4299; x_wconf 86' lang='lat' dir='ltr'><strong>perhibeo,</strong></span> 
     </span>
    </p>
   </div>
   <div class='ocr_carea' id='block_1_72' title="bbox 447 4308 2020 4390">
    <p class='ocr_par' dir='ltr' id='par_1_72' title="bbox 447 4308 2020 4390">
     <span class='ocr_line' id='line_1_72' title="bbox 447 4308 2020 4390; baseline 0.008 -26"><span class='ocrx_word' id='word_1_583' title='bbox 447 4311 544 4364; x_wconf 82' lang='lat' dir='ltr'><strong>sed</strong></span> <span class='ocrx_word' id='word_1_584' title='bbox 577 4308 908 4368; x_wconf 63' lang='lat' dir='ltr'><strong>Praecursor.</strong></span> <span class='ocrx_word' id='word_1_585' title='bbox 941 4313 1252 4371; x_wconf 87' lang='lat' dir='ltr'><strong>Secundum</strong></span> <span class='ocrx_word' id='word_1_586' title='bbox 1297 4329 1478 4372; x_wconf 87' lang='lat' dir='ltr'><strong>autem</strong></span> <span class='ocrx_word' id='word_1_587' title='bbox 1519 4334 1578 4374; x_wconf 92' lang='lat' dir='ltr'><strong>se</strong></span> <span class='ocrx_word' id='word_1_588' title='bbox 1611 4319 1714 4376; x_wconf 91' lang='lat' dir='ltr'><strong>illis</strong></span> <span class='ocrx_word' id='word_1_589' title='bbox 1741 4335 2020 4390; x_wconf 90' lang='lat' dir='ltr'><strong>opponen-</strong></span> 
     </span>
    </p>
   </div>
   <div class='ocr_carea' id='block_1_73' title="bbox 451 4398 2020 4480">
    <p class='ocr_par' dir='ltr' id='par_1_73' title="bbox 451 4398 2020 4480">
     <span class='ocr_line' id='line_1_73' title="bbox 451 4398 2020 4480; baseline 0.011 -31"><span class='ocrx_word' id='word_1_590' title='bbox 451 4398 540 4463; x_wconf 82' lang='lat' dir='ltr'><strong>do,</strong></span> <span class='ocrx_word' id='word_1_591' title='bbox 571 4399 652 4452; x_wconf 90' lang='lat' dir='ltr'><strong>vel</strong></span> <span class='ocrx_word' id='word_1_592' title='bbox 687 4401 850 4454; x_wconf 87' lang='lat' dir='ltr'><strong>etiam</strong></span> <span class='ocrx_word' id='word_1_593' title='bbox 879 4404 1247 4470; x_wconf 88' lang='lat' dir='ltr'><strong>concedendo,</strong></span> <span class='ocrx_word' id='word_1_594' title='bbox 1290 4408 1519 4465; x_wconf 85' lang='lat' dir='ltr'><strong>dicens:</strong></span> <span class='ocrx_word' id='word_1_595' title='bbox 1564 4425 1582 4458; x_wconf 78' lang='grc' dir='ltr'><strong>ι</strong></span> <span class='ocrx_word' id='word_1_596' title='bbox 1635 4408 1689 4464; x_wconf 91' lang='lat' dir='ltr'><strong>Si</strong></span> <span class='ocrx_word' id='word_1_597' title='bbox 1726 4411 1892 4464; x_wconf 90' lang='lat' dir='ltr'><strong>etiam</strong></span> <span class='ocrx_word' id='word_1_598' title='bbox 1920 4426 2020 4480; x_wconf 88' lang='lat' dir='ltr'><strong>ego</strong></span> 
     </span>
    </p>
   </div>
   <div class='ocr_carea' id='block_1_74' title="bbox 453 4490 2018 4562">
    <p class='ocr_par' dir='ltr' id='par_1_74' title="bbox 453 4490 2018 4562">
     <span class='ocr_line' id='line_1_74' title="bbox 453 4490 2018 4562; baseline 0.008 -19"><span class='ocrx_word' id='word_1_599' title='bbox 453 4490 820 4548; x_wconf 57' lang='lat' dir='ltr'><strong>testimonium</strong></span> <span class='ocrx_word' id='word_1_600' title='bbox 848 4493 1183 4562; x_wconf 87' lang='lat' dir='ltr'><strong>perhibeam,</strong></span> <span class='ocrx_word' id='word_1_601' title='bbox 1221 4497 1590 4552; x_wconf 89' lang='lat' dir='ltr'><strong>testimonium</strong></span> <span class='ocrx_word' id='word_1_602' title='bbox 1625 4516 1802 4555; x_wconf 91' lang='lat' dir='ltr'><strong>meum</strong></span> <span class='ocrx_word' id='word_1_603' title='bbox 1831 4517 2018 4556; x_wconf 91' lang='lat' dir='ltr'><strong>verum</strong></span> 
     </span>
    </p>
   </div>
   <div class='ocr_carea' id='block_1_75' title="bbox 2112 3372 3690 3457">
    <p class='ocr_par' dir='ltr' id='par_1_75' title="bbox 2112 3372 3690 3457">
     <span class='ocr_line' id='line_1_75' title="bbox 2112 3372 3690 3457; baseline -0.013 -15"><span class='ocrx_word' id='word_1_604' title='bbox 2112 3388 2335 3457; x_wconf 83' lang='grc' dir='ltr'>γνώμην</span> <span class='ocrx_word' id='word_1_605' title='bbox 2353 3386 2453 3439; x_wconf 76' lang='grc' dir='ltr'><strong>οὐκ</strong></span> <span class='ocrx_word' id='word_1_606' title='bbox 2468 3383 2614 3449; x_wconf 80' lang='grc' dir='ltr'>ἄξιος</span> <span class='ocrx_word' id='word_1_607' title='bbox 2633 3383 2750 3453; x_wconf 83' lang='grc' dir='ltr'>εῐην</span> <span class='ocrx_word' id='word_1_608' title='bbox 2786 3378 3158 3433; x_wconf 78' lang='grc' dir='ltr'>πιστεύεσθαι.</span> <span class='ocrx_word' id='word_1_609' title='bbox 3197 3395 3215 3430; x_wconf 84' lang='grc' dir='ltr'><strong>ι</strong></span> <span class='ocrx_word' id='word_1_610' title='bbox 3250 3375 3446 3436; x_wconf 86' lang='grc' dir='ltr'>’Λλλος</span> <span class='ocrx_word' id='word_1_611' title='bbox 3481 3374 3629 3425; x_wconf 80' lang='grc' dir='ltr'>ἐστὶν</span> <span class='ocrx_word' id='word_1_612' title='bbox 3661 3372 3690 3422; x_wconf 90' lang='lat'><strong>6</strong></span> 
     </span>
    </p>
   </div>
   <div class='ocr_carea' id='block_1_76' title="bbox 2117 3466 3690 3550">
    <p class='ocr_par' dir='ltr' id='par_1_76' title="bbox 2117 3466 3690 3550">
     <span class='ocr_line' id='line_1_76' title="bbox 2117 3466 3690 3550; baseline -0.011 -18"><span class='ocrx_word' id='word_1_613' title='bbox 2117 3478 2410 3550; x_wconf 85' lang='grc' dir='ltr'>μαρτυρῶν</span> <span class='ocrx_word' id='word_1_614' title='bbox 2453 3477 2582 3547; x_wconf 80' lang='grc' dir='ltr'>περὶ</span> <span class='ocrx_word' id='word_1_615' title='bbox 2627 3471 2784 3544; x_wconf 72' lang='grc' dir='ltr'>ἐμοῦ,</span> <span class='ocrx_word' id='word_1_616' title='bbox 2811 3491 2831 3524; x_wconf 85' lang='grc'><strong>›</strong></span> <span class='ocrx_word' id='word_1_617' title='bbox 2874 3473 2902 3526; x_wconf 91' lang='lat'><strong>6</strong></span> <span class='ocrx_word' id='word_1_618' title='bbox 2934 3470 3206 3540; x_wconf 82' lang='grc' dir='ltr'>Ἰωάννης.</span> <span class='ocrx_word' id='word_1_619' title='bbox 3238 3470 3301 3520; x_wconf 85' lang='grc'><strong>’0</strong></span> <span class='ocrx_word' id='word_1_620' title='bbox 3328 3466 3385 3518; x_wconf 82' lang='grc' dir='ltr'><strong>δὲ</strong></span> <span class='ocrx_word' id='word_1_621' title='bbox 3412 3466 3583 3532; x_wconf 75' lang='grc' dir='ltr'>λέγει,</span> <span class='ocrx_word' id='word_1_622' title='bbox 3609 3466 3690 3517; x_wconf 77' lang='grc' dir='ltr'>ὅτι</span> 
     </span>
    </p>
   </div>
   <div class='ocr_carea' id='block_1_77' title="bbox 2120 3557 3683 3638">
    <p class='ocr_par' dir='ltr' id='par_1_77' title="bbox 2120 3557 3683 3638">
     <span class='ocr_line' id='line_1_77' title="bbox 2120 3557 3683 3638; baseline -0.011 -16"><span class='ocrx_word' id='word_1_623' title='bbox 2120 3590 2138 3622; x_wconf 79' lang='grc' dir='ltr'><strong>ι</strong></span> <span class='ocrx_word' id='word_1_624' title='bbox 2173 3570 2290 3623; x_wconf 77' lang='grc' dir='ltr'><strong>Κᾶν</strong></span> <span class='ocrx_word' id='word_1_625' title='bbox 2314 3571 2424 3637; x_wconf 69' lang='grc' dir='ltr'><strong>ἐγὼ</strong></span> <span class='ocrx_word' id='word_1_626' title='bbox 2453 3565 2791 3638; x_wconf 84' lang='grc' dir='ltr'>μαρτυρῶ,ή</span> <span class='ocrx_word' id='word_1_627' title='bbox 2825 3562 3099 3633; x_wconf 86' lang='grc' dir='ltr'>μαρτυρία</span> <span class='ocrx_word' id='word_1_628' title='bbox 3129 3577 3229 3630; x_wconf 85' lang='grc' dir='ltr'><strong>μου</strong></span> <span class='ocrx_word' id='word_1_629' title='bbox 3259 3557 3468 3624; x_wconf 82' lang='grc' dir='ltr'>ἀληθής</span> <span class='ocrx_word' id='word_1_630' title='bbox 3495 3559 3634 3616; x_wconf 77' lang='grc' dir='ltr'>ἐστι,</span> <span class='ocrx_word' id='word_1_631' title='bbox 3666 3573 3683 3604; x_wconf 73' lang='grc' dir='ltr'><strong>ι</strong></span> 
     </span>
    </p>
   </div>
   <div class='ocr_carea' id='block_1_78' title="bbox 2113 3646 3691 3730">
    <p class='ocr_par' dir='ltr' id='par_1_78' title="bbox 2113 3646 3691 3730">
     <span class='ocr_line' id='line_1_78' title="bbox 2113 3646 3691 3730; baseline -0.011 -15"><span class='ocrx_word' id='word_1_632' title='bbox 2113 3662 2254 3716; x_wconf 68' lang='grc' dir='ltr'>κατὰ</span> <span class='ocrx_word' id='word_1_633' title='bbox 2290 3658 2595 3730; x_wconf 82' lang='grc' dir='ltr'>συνδρομὴν</span> <span class='ocrx_word' id='word_1_634' title='bbox 2625 3657 2806 3725; x_wconf 84' lang='grc' dir='ltr'>λέγει,</span> <span class='ocrx_word' id='word_1_635' title='bbox 2845 3652 3156 3723; x_wconf 80' lang='grc' dir='ltr'>συντρέχων</span> <span class='ocrx_word' id='word_1_636' title='bbox 3191 3653 3298 3719; x_wconf 82' lang='grc' dir='ltr'>γὰρ</span> <span class='ocrx_word' id='word_1_637' title='bbox 3332 3649 3410 3719; x_wconf 81' lang='grc' dir='ltr'>τῷ</span> <span class='ocrx_word' id='word_1_638' title='bbox 3444 3646 3691 3717; x_wconf 73' lang='grc' dir='ltr'>λογισμῷ</span> 
     </span>
    </p>
   </div>
   <div class='ocr_carea' id='block_1_79' title="bbox 2112 3739 3692 3820">
    <p class='ocr_par' dir='ltr' id='par_1_79' title="bbox 2112 3739 3692 3820">
     <span class='ocr_line' id='line_1_79' title="bbox 2112 3739 3692 3820; baseline -0.013 -10"><span class='ocrx_word' id='word_1_639' title='bbox 2112 3758 2220 3810; x_wconf 87' lang='grc' dir='ltr'>τῶν</span> <span class='ocrx_word' id='word_1_640' title='bbox 2255 3753 2545 3816; x_wconf 84' lang='grc' dir='ltr'>Ἰουδαίων,</span> <span class='ocrx_word' id='word_1_641' title='bbox 2583 3750 2768 3820; x_wconf 76' lang='grc' dir='ltr'>φησὶν,</span> <span class='ocrx_word' id='word_1_642' title='bbox 2804 3749 2885 3802; x_wconf 81' lang='grc' dir='ltr'>ὅτι</span> <span class='ocrx_word' id='word_1_643' title='bbox 2911 3747 3110 3809; x_wconf 82' lang='grc' dir='ltr'>Ἔστω,</span> <span class='ocrx_word' id='word_1_644' title='bbox 3145 3747 3229 3798; x_wconf 81' lang='grc' dir='ltr'>ὅτι</span> <span class='ocrx_word' id='word_1_645' title='bbox 3271 3743 3382 3811; x_wconf 76' lang='grc' dir='ltr'><strong>ἐγὼ</strong></span> <span class='ocrx_word' id='word_1_646' title='bbox 3428 3739 3692 3814; x_wconf 78' lang='grc' dir='ltr'>μαρτυρῶ</span> 
     </span>
    </p>
   </div>
   <div class='ocr_carea' id='block_1_80' title="bbox 2113 3832 3691 3920">
    <p class='ocr_par' dir='ltr' id='par_1_80' title="bbox 2113 3832 3691 3920">
     <span class='ocr_line' id='line_1_80' title="bbox 2113 3832 3691 3920; baseline 0.001 -25"><span class='ocrx_word' id='word_1_647' title='bbox 2113 3849 2242 3920; x_wconf 69' lang='grc' dir='ltr'>περὶ</span> <span class='ocrx_word' id='word_1_648' title='bbox 2289 3844 2550 3919; x_wconf 73' lang='grc' dir='ltr'>ἐμαυτοῦ.</span> <span class='ocrx_word' id='word_1_649' title='bbox 2600 3842 2719 3898; x_wconf 76' lang='grc' dir='ltr'><strong>Κᾶν</strong></span> <span class='ocrx_word' id='word_1_650' title='bbox 2765 3840 2875 3910; x_wconf 73' lang='grc' dir='ltr'><strong>ἐγὼ</strong></span> <span class='ocrx_word' id='word_1_651' title='bbox 2918 3839 3095 3893; x_wconf 86' lang='grc' dir='ltr'>τοίνυν</span> <span class='ocrx_word' id='word_1_652' title='bbox 3144 3834 3432 3906; x_wconf 74' lang='grc' dir='ltr'>μαρτυρῶν</span> <span class='ocrx_word' id='word_1_653' title='bbox 3485 3832 3691 3902; x_wconf 75' lang='grc' dir='ltr'>ἀληθής</span> 
     </span>
    </p>
   </div>
   <div class='ocr_carea' id='block_1_81' title="bbox 2114 3924 3691 4012">
    <p class='ocr_par' dir='ltr' id='par_1_81' title="bbox 2114 3924 3691 4012">
     <span class='ocr_line' id='line_1_81' title="bbox 2114 3924 3691 4012; baseline -0.013 -16"><span class='ocrx_word' id='word_1_654' title='bbox 2114 3945 2263 3996; x_wconf 76' lang='grc' dir='ltr'>ἐστιν</span> <span class='ocrx_word' id='word_1_655' title='bbox 2304 3941 2338 4010; x_wconf 83' lang='grc' dir='ltr'>ἡ</span> <span class='ocrx_word' id='word_1_656' title='bbox 2386 3934 2660 4012; x_wconf 87' lang='grc' dir='ltr'>μαρτυρία</span> <span class='ocrx_word' id='word_1_657' title='bbox 2705 3951 2849 4007; x_wconf 89' lang='grc' dir='ltr'>μου·</span> <span class='ocrx_word' id='word_1_658' title='bbox 2897 3932 3030 3991; x_wconf 82' lang='grc' dir='ltr'>Θεὸς</span> <span class='ocrx_word' id='word_1_659' title='bbox 3075 3930 3184 3999; x_wconf 77' lang='grc' dir='ltr'><strong>γὰρ</strong></span> <span class='ocrx_word' id='word_1_660' title='bbox 3228 3926 3326 3992; x_wconf 84' lang='grc' dir='ltr'>ὣν,</span> <span class='ocrx_word' id='word_1_661' title='bbox 3377 3924 3691 3990; x_wconf 70' lang='grc' dir='ltr'>ἀξιόπιστός</span> 
     </span>
    </p>
   </div>
   <div class='ocr_carea' id='block_1_82' title="bbox 2117 4014 3690 4102">
    <p class='ocr_par' dir='ltr' id='par_1_82' title="bbox 2117 4014 3690 4102">
     <span class='ocr_line' id='line_1_82' title="bbox 2117 4014 3690 4102; baseline -0.013 -17"><span class='ocrx_word' id='word_1_662' title='bbox 2117 4031 2432 4102; x_wconf 84' lang='grc' dir='ltr'>εἰμι.’Ὡστε</span> <span class='ocrx_word' id='word_1_663' title='bbox 2455 4028 2515 4081; x_wconf 88' lang='grc' dir='ltr'><strong>τὸ</strong></span> <span class='ocrx_word' id='word_1_664' title='bbox 2542 4027 2640 4096; x_wconf 81' lang='grc' dir='ltr'>μὲν</span> <span class='ocrx_word' id='word_1_665' title='bbox 2665 4025 2879 4095; x_wconf 86' lang='grc' dir='ltr'>πρῶτον</span> <span class='ocrx_word' id='word_1_666' title='bbox 2905 4019 3236 4082; x_wconf 82' lang='grc' dir='ltr'>ἐνστατικῶς</span> <span class='ocrx_word' id='word_1_667' title='bbox 3263 4014 3442 4079; x_wconf 77' lang='grc' dir='ltr'>εἶπεν,</span> <span class='ocrx_word' id='word_1_668' title='bbox 3468 4017 3552 4069; x_wconf 77' lang='grc' dir='ltr'>ὅτι</span> <span class='ocrx_word' id='word_1_669' title='bbox 3579 4016 3690 4067; x_wconf 78' lang='grc' dir='ltr'><strong>υὺκ</strong></span> 
     </span>
    </p>
   </div>
   <div class='ocr_carea' id='block_1_83' title="bbox 2117 4107 3688 4194">
    <p class='ocr_par' dir='ltr' id='par_1_83' title="bbox 2117 4107 3688 4194">
     <span class='ocr_line' id='line_1_83' title="bbox 2117 4107 3688 4194; baseline -0.013 -17"><span class='ocrx_word' id='word_1_670' title='bbox 2117 4123 2228 4193; x_wconf 75' lang='grc' dir='ltr'><strong>ἐγὼ</strong></span> <span class='ocrx_word' id='word_1_671' title='bbox 2269 4119 2566 4194; x_wconf 83' lang='grc' dir='ltr'>μαρτυρῶ,</span> <span class='ocrx_word' id='word_1_672' title='bbox 2603 4117 2721 4174; x_wconf 84' lang='grc' dir='ltr'>ἀλλ’</span> <span class='ocrx_word' id='word_1_673' title='bbox 2747 4118 2775 4169; x_wconf 91' lang='lat'><strong>6</strong></span> <span class='ocrx_word' id='word_1_674' title='bbox 2816 4113 3131 4184; x_wconf 82' lang='grc' dir='ltr'>Πρόδρομος</span> <span class='ocrx_word' id='word_1_675' title='bbox 3155 4128 3169 4138; x_wconf 81' lang='lat'><strong>&#39;</strong></span> <span class='ocrx_word' id='word_1_676' title='bbox 3205 4110 3265 4162; x_wconf 84' lang='grc' dir='ltr'><strong>τὸ</strong></span> <span class='ocrx_word' id='word_1_677' title='bbox 3305 4109 3363 4162; x_wconf 71' lang='grc' dir='ltr'><strong>δὲ</strong></span> <span class='ocrx_word' id='word_1_678' title='bbox 3403 4107 3688 4177; x_wconf 81' lang='grc' dir='ltr'>δεύτερον,</span> 
     </span>
    </p>
   </div>
   <div class='ocr_carea' id='block_1_84' title="bbox 2119 4201 3690 4284">
    <p class='ocr_par' dir='ltr' id='par_1_84' title="bbox 2119 4201 3690 4284">
     <span class='ocr_line' id='line_1_84' title="bbox 2119 4201 3690 4284; baseline -0.013 -13"><span class='ocrx_word' id='word_1_679' title='bbox 2119 4216 2259 4272; x_wconf 83' lang='grc' dir='ltr'><strong>κατά</strong></span> <span class='ocrx_word' id='word_1_680' title='bbox 2298 4212 2781 4284; x_wconf 80' lang='grc' dir='ltr'>ἁντιπαράστασιν,</span> <span class='ocrx_word' id='word_1_681' title='bbox 2825 4208 2943 4278; x_wconf 74' lang='grc' dir='ltr'>ἦτοι</span> <span class='ocrx_word' id='word_1_682' title='bbox 2989 4203 3314 4276; x_wconf 81' lang='grc' dir='ltr'>συνδρομὴν,</span> <span class='ocrx_word' id='word_1_683' title='bbox 3359 4201 3444 4254; x_wconf 83' lang='grc' dir='ltr'>ὅτι</span> <span class='ocrx_word' id='word_1_684' title='bbox 3508 4221 3527 4251; x_wconf 78' lang='grc' dir='ltr'><strong>ι</strong></span> <span class='ocrx_word' id='word_1_685' title='bbox 3579 4201 3690 4252; x_wconf 67' lang='grc' dir='ltr'>Κᾶν</span> 
     </span>
    </p>
   </div>
   <div class='ocr_carea' id='block_1_85' title="bbox 2118 4293 3693 4379">
    <p class='ocr_par' dir='ltr' id='par_1_85' title="bbox 2118 4293 3693 4379">
     <span class='ocr_line' id='line_1_85' title="bbox 2118 4293 3693 4379; baseline -0.013 -16"><span class='ocrx_word' id='word_1_686' title='bbox 2118 4308 2228 4377; x_wconf 83' lang='grc' dir='ltr'>ἐγὼ</span> <span class='ocrx_word' id='word_1_687' title='bbox 2255 4304 2539 4379; x_wconf 85' lang='grc' dir='ltr'>μαρτυρῶ,</span> <span class='ocrx_word' id='word_1_688' title='bbox 2563 4302 2768 4371; x_wconf 79' lang='grc' dir='ltr'>ἀληθής</span> <span class='ocrx_word' id='word_1_689' title='bbox 2793 4302 2937 4353; x_wconf 73' lang='grc' dir='ltr'>ἐστιν</span> <span class='ocrx_word' id='word_1_690' title='bbox 2961 4300 2994 4369; x_wconf 79' lang='grc' dir='ltr'><strong>ἡ</strong></span> <span class='ocrx_word' id='word_1_691' title='bbox 3023 4295 3299 4368; x_wconf 88' lang='grc' dir='ltr'>μαρτυρία</span> <span class='ocrx_word' id='word_1_692' title='bbox 3327 4311 3453 4365; x_wconf 89' lang='grc' dir='ltr'>μου.</span> <span class='ocrx_word' id='word_1_693' title='bbox 3487 4312 3506 4344; x_wconf 75' lang='grc' dir='ltr'><strong>ι</strong></span> <span class='ocrx_word' id='word_1_694' title='bbox 3533 4293 3693 4362; x_wconf 83' lang='grc' dir='ltr'>Τρεῖς</span> 
     </span>
    </p>
   </div>
   <div class='ocr_carea' id='block_1_86' title="bbox 2120 4386 3696 4471">
    <p class='ocr_par' dir='ltr' id='par_1_86' title="bbox 2120 4386 3696 4471">
     <span class='ocr_line' id='line_1_86' title="bbox 2120 4386 3696 4471; baseline -0.013 -15"><span class='ocrx_word' id='word_1_695' title='bbox 2120 4400 2244 4466; x_wconf 76' lang='grc' dir='ltr'>οὖν,</span> <span class='ocrx_word' id='word_1_696' title='bbox 2282 4399 2473 4471; x_wconf 71' lang='grc' dir='ltr'>φησὶν,</span> <span class='ocrx_word' id='word_1_697' title='bbox 2513 4397 2620 4467; x_wconf 76' lang='grc' dir='ltr'>ἔχω</span> <span class='ocrx_word' id='word_1_698' title='bbox 2658 4395 2973 4466; x_wconf 81' lang='grc' dir='ltr'>μάρτυρας,</span> <span class='ocrx_word' id='word_1_699' title='bbox 3007 4391 3097 4444; x_wconf 85' lang='grc' dir='ltr'><strong>τὸν</strong></span> <span class='ocrx_word' id='word_1_700' title='bbox 3135 4389 3421 4456; x_wconf 72' lang='grc' dir='ltr'>Ἰωάννην,</span> <span class='ocrx_word' id='word_1_701' title='bbox 3455 4387 3525 4439; x_wconf 56' lang='lat' dir='ltr'><strong>ra</strong></span> <span class='ocrx_word' id='word_1_702' title='bbox 3561 4386 3696 4455; x_wconf 69' lang='grc' dir='ltr'>ἔργα</span> 
     </span>
    </p>
   </div>
   <div class='ocr_carea' id='block_1_87' title="bbox 2127 4477 3696 4564">
    <p class='ocr_par' dir='ltr' id='par_1_87' title="bbox 2127 4477 3696 4564">
     <span class='ocr_line' id='line_1_87' title="bbox 2127 4477 3696 4564; baseline -0.013 -16"><span class='ocrx_word' id='word_1_703' title='bbox 2127 4513 2226 4564; x_wconf 89' lang='grc' dir='ltr'><strong>μου</strong></span> <span class='ocrx_word' id='word_1_704' title='bbox 2249 4535 2264 4561; x_wconf 93' lang='grc'><strong>,</strong></span> <span class='ocrx_word' id='word_1_705' title='bbox 2290 4493 2382 4546; x_wconf 83' lang='grc' dir='ltr'><strong>τὸν</strong></span> <span class='ocrx_word' id='word_1_706' title='bbox 2409 4490 2629 4559; x_wconf 82' lang='grc' dir='ltr'>Πατέρα</span> <span class='ocrx_word' id='word_1_707' title='bbox 2664 4505 2786 4559; x_wconf 89' lang='grc' dir='ltr'>μου.</span> <span class='ocrx_word' id='word_1_708' title='bbox 2817 4486 2927 4539; x_wconf 77' lang='grc' dir='ltr'>Καὶ</span> <span class='ocrx_word' id='word_1_709' title='bbox 2961 4483 3177 4554; x_wconf 85' lang='grc' dir='ltr'>πρῶτον</span> <span class='ocrx_word' id='word_1_710' title='bbox 3207 4480 3300 4533; x_wconf 84' lang='grc' dir='ltr'><strong>τὸν</strong></span> <span class='ocrx_word' id='word_1_711' title='bbox 3334 4479 3591 4545; x_wconf 75' lang='grc' dir='ltr'>Ἰωάννην</span> <span class='ocrx_word' id='word_1_712' title='bbox 3619 4477 3696 4528; x_wconf 82' lang='grc' dir='ltr'>τί-</span> 
     </span>
    </p>
   </div>
   <div class='ocr_carea' id='block_1_88' title="bbox 449 4568 2008 4658">
    <p class='ocr_par' dir='ltr' id='par_1_88' title="bbox 449 4581 2008 4656">
     <span class='ocr_line' id='line_1_88' title="bbox 449 4581 2008 4656; baseline 0.01 -22"><span class='ocrx_word' id='word_1_713' title='bbox 449 4589 552 4636; x_wconf 88' lang='lat' dir='ltr'><strong>est.</strong></span> <span class='ocrx_word' id='word_1_714' title='bbox 589 4600 609 4635; x_wconf 72' lang='grc' dir='ltr'><strong>ι</strong></span> <span class='ocrx_word' id='word_1_715' title='bbox 658 4581 832 4638; x_wconf 86' lang='lat' dir='ltr'><strong>Porro</strong></span> <span class='ocrx_word' id='word_1_716' title='bbox 865 4587 986 4650; x_wconf 87' lang='lat' dir='ltr'><strong>tria,</strong></span> <span class='ocrx_word' id='word_1_717' title='bbox 1032 4585 1230 4654; x_wconf 90' lang='lat' dir='ltr'><strong>inquit,</strong></span> <span class='ocrx_word' id='word_1_718' title='bbox 1277 4587 1450 4644; x_wconf 82' lang='lat' dir='ltr'><strong>habeo</strong></span> <span class='ocrx_word' id='word_1_719' title='bbox 1491 4591 1824 4656; x_wconf 88' lang='lat' dir='ltr'><strong>testimonia,</strong></span> <span class='ocrx_word' id='word_1_720' title='bbox 1854 4590 2008 4650; x_wconf 89' lang='lat' dir='ltr'><strong>Joan-</strong></span> 
     </span>
    </p>
   </div>
   <div class='ocr_carea' id='block_1_89' title="bbox 2114 4568 3698 4658">
    <p class='ocr_par' dir='ltr' id='par_1_89' title="bbox 2124 4568 3698 4658">
     <span class='ocr_line' id='line_1_89' title="bbox 2124 4568 3698 4658; baseline -0.015 -16"><span class='ocrx_word' id='word_1_721' title='bbox 2124 4590 2300 4658; x_wconf 88' lang='grc' dir='ltr'>θησιν,</span> <span class='ocrx_word' id='word_1_722' title='bbox 2336 4586 2425 4638; x_wconf 79' lang='grc' dir='ltr'>ἵνα</span> <span class='ocrx_word' id='word_1_723' title='bbox 2462 4584 2622 4654; x_wconf 86' lang='grc' dir='ltr'>μήτις</span> <span class='ocrx_word' id='word_1_724' title='bbox 2656 4583 2784 4650; x_wconf 63' lang='grc' dir='ltr'>εἴπῃ</span> <span class='ocrx_word' id='word_1_725' title='bbox 2817 4576 2963 4646; x_wconf 81' lang='grc' dir='ltr'>αύτῷ</span> <span class='ocrx_word' id='word_1_726' title='bbox 2985 4591 3000 4607; x_wconf 84' lang='lat'><strong><em>°</em></strong></span> <span class='ocrx_word' id='word_1_727' title='bbox 3034 4575 3098 4628; x_wconf 82' lang='lat' dir='ltr'><strong>Ti</strong></span> <span class='ocrx_word' id='word_1_728' title='bbox 3127 4573 3240 4634; x_wconf 82' lang='grc' dir='ltr'>οῦν,</span> <span class='ocrx_word' id='word_1_729' title='bbox 3264 4572 3538 4632; x_wconf 74' lang='grc' dir='ltr'>είὲκεῖνος</span> <span class='ocrx_word' id='word_1_730' title='bbox 3565 4568 3698 4638; x_wconf 57' lang='grc' dir='ltr'>προς</span> 
     </span>
    </p>
   </div>
   <div class='ocr_carea' id='block_1_90' title="bbox 453 4678 2022 4754">
    <p class='ocr_par' dir='ltr' id='par_1_90' title="bbox 453 4678 2022 4754">
     <span class='ocr_line' id='line_1_90' title="bbox 453 4678 2022 4754; baseline 0.01 -28"><span class='ocrx_word' id='word_1_731' title='bbox 453 4689 598 4740; x_wconf 88' lang='lat' dir='ltr'><strong>nem,</strong></span> <span class='ocrx_word' id='word_1_732' title='bbox 634 4690 796 4743; x_wconf 89' lang='lat' dir='ltr'><strong>opera</strong></span> <span class='ocrx_word' id='word_1_733' title='bbox 837 4691 979 4740; x_wconf 84' lang='lat' dir='ltr'><strong>mea,</strong></span> <span class='ocrx_word' id='word_1_734' title='bbox 1031 4678 1244 4736; x_wconf 83' lang='lat' dir='ltr'><strong>Patrem</strong></span> <span class='ocrx_word' id='word_1_735' title='bbox 1274 4697 1474 4737; x_wconf 89' lang='lat' dir='ltr'><strong>meum.</strong></span> <span class='ocrx_word' id='word_1_736' title='bbox 1503 4683 1570 4737; x_wconf 86' lang='lat' dir='ltr'><strong>Et</strong></span> <span class='ocrx_word' id='word_1_737' title='bbox 1608 4685 1839 4752; x_wconf 88' lang='lat' dir='ltr'><strong>primum</strong></span> <span class='ocrx_word' id='word_1_738' title='bbox 1871 4688 2022 4754; x_wconf 87' lang='lat' dir='ltr'><strong>ponit</strong></span> 
     </span>
    </p>
   </div>
   <div class='ocr_carea' id='block_1_91' title="bbox 447 4765 2021 4844">
    <p class='ocr_par' dir='ltr' id='par_1_91' title="bbox 447 4765 2021 4844">
     <span class='ocr_line' id='line_1_91' title="bbox 447 4765 2021 4844; baseline 0.008 -24"><span class='ocrx_word' id='word_1_739' title='bbox 447 4765 737 4823; x_wconf 77' lang='lat' dir='ltr'><strong>Joannem.</strong></span> <span class='ocrx_word' id='word_1_740' title='bbox 783 4769 852 4824; x_wconf 87' lang='lat' dir='ltr'><strong>Ut</strong></span> <span class='ocrx_word' id='word_1_741' title='bbox 887 4785 952 4825; x_wconf 91' lang='lat' dir='ltr'><strong>ne</strong></span> <span class='ocrx_word' id='word_1_742' title='bbox 981 4771 1102 4838; x_wconf 89' lang='lat' dir='ltr'><strong>quis</strong></span> <span class='ocrx_word' id='word_1_743' title='bbox 1125 4772 1272 4827; x_wconf 88' lang='lat' dir='ltr'><strong>dicat</strong></span> <span class='ocrx_word' id='word_1_744' title='bbox 1293 4773 1530 4841; x_wconf 71' lang='lat' dir='ltr'><strong>ei,.Quitl</strong></span> <span class='ocrx_word' id='word_1_745' title='bbox 1565 4774 1727 4844; x_wconf 87' lang='lat' dir='ltr'><strong>igitur</strong></span> <span class='ocrx_word' id='word_1_746' title='bbox 1757 4776 1804 4830; x_wconf 92' lang='lat' dir='ltr'><strong>si</strong></span> <span class='ocrx_word' id='word_1_747' title='bbox 1833 4776 1923 4832; x_wconf 89' lang='lat' dir='ltr'><strong>ille</strong></span> <span class='ocrx_word' id='word_1_748' title='bbox 1954 4778 2021 4833; x_wconf 88' lang='lat' dir='ltr'><strong>ad</strong></span> 
     </span>
    </p>
   </div>
   <div class='ocr_carea' id='block_1_92' title="bbox 450 4858 2022 4936">
    <p class='ocr_par' dir='ltr' id='par_1_92' title="bbox 450 4858 2022 4936">
     <span class='ocr_line' id='line_1_92' title="bbox 450 4858 2022 4936; baseline 0.01 -26"><span class='ocrx_word' id='word_1_749' title='bbox 450 4858 678 4926; x_wconf 80' lang='lat' dir='ltr'><strong>gratiam</strong></span> <span class='ocrx_word' id='word_1_750' title='bbox 714 4861 1031 4915; x_wconf 81' lang='lat' dir='ltr'><strong>testiﬁcatus</strong></span> <span class='ocrx_word' id='word_1_751' title='bbox 1057 4871 1141 4918; x_wconf 89' lang='lat' dir='ltr'><strong>est</strong></span> <span class='ocrx_word' id='word_1_752' title='bbox 1177 4864 1316 4916; x_wconf 83' lang='lat' dir='ltr'><strong>tibi?</strong></span> <span class='ocrx_word' id='word_1_753' title='bbox 1342 4866 1493 4932; x_wconf 89' lang='lat' dir='ltr'><strong>dicit,</strong></span> <span class='ocrx_word' id='word_1_754' title='bbox 1525 4865 1628 4922; x_wconf 85' lang='lat' dir='ltr'><strong>Vos</strong></span> <span class='ocrx_word' id='word_1_755' title='bbox 1660 4866 1762 4936; x_wconf 92' lang='lat' dir='ltr'><strong>ipsi</strong></span> <span class='ocrx_word' id='word_1_756' title='bbox 1797 4868 2022 4926; x_wconf 85' lang='lat' dir='ltr'><strong>misistis</strong></span> 
     </span>
    </p>
   </div>
   <div class='ocr_carea' id='block_1_93' title="bbox 449 4949 2023 5016">
    <p class='ocr_par' dir='ltr' id='par_1_93' title="bbox 449 4949 2023 5016">
     <span class='ocr_line' id='line_1_93' title="bbox 449 4949 2023 5016; baseline 0.008 -13"><span class='ocrx_word' id='word_1_757' title='bbox 449 4950 516 5004; x_wconf 90' lang='lat' dir='ltr'><strong>ad</strong></span> <span class='ocrx_word' id='word_1_758' title='bbox 547 4949 835 5007; x_wconf 87' lang='lat' dir='ltr'><strong>Joannem.</strong></span> <span class='ocrx_word' id='word_1_759' title='bbox 865 4952 1096 5008; x_wconf 87' lang='lat' dir='ltr'><strong>Omnino</strong></span> <span class='ocrx_word' id='word_1_760' title='bbox 1138 4965 1318 5010; x_wconf 88' lang='lat' dir='ltr'><strong>autem</strong></span> <span class='ocrx_word' id='word_1_761' title='bbox 1365 4972 1472 5012; x_wconf 90' lang='lat' dir='ltr'><strong>non</strong></span> <span class='ocrx_word' id='word_1_762' title='bbox 1526 4960 1815 5016; x_wconf 87' lang='lat' dir='ltr'><strong>misissctis</strong></span> <span class='ocrx_word' id='word_1_763' title='bbox 1852 4961 2023 5016; x_wconf 89' lang='lat' dir='ltr'><strong>inter-</strong></span> 
     </span>
    </p>
   </div>
   <div class='ocr_carea' id='block_1_94' title="bbox 451 5044 2019 5123">
    <p class='ocr_par' dir='ltr' id='par_1_94' title="bbox 451 5044 2019 5123">
     <span class='ocr_line' id='line_1_94' title="bbox 451 5044 2019 5123; baseline 0.01 -29"><span class='ocrx_word' id='word_1_764' title='bbox 451 5053 728 5110; x_wconf 73' lang='lat' dir='ltr'><strong>rogantes,</strong></span> <span class='ocrx_word' id='word_1_765' title='bbox 765 5044 870 5100; x_wconf 87' lang='lat' dir='ltr'><strong>nisi</strong></span> <span class='ocrx_word' id='word_1_766' title='bbox 895 5060 1017 5100; x_wconf 89' lang='lat' dir='ltr'><strong>eum</strong></span> <span class='ocrx_word' id='word_1_767' title='bbox 1069 5047 1172 5102; x_wconf 85' lang='lat' dir='ltr'><strong>ﬁde</strong></span> <span class='ocrx_word' id='word_1_768' title='bbox 1199 5049 1422 5119; x_wconf 88' lang='lat' dir='ltr'><strong>dignum</strong></span> <span class='ocrx_word' id='word_1_769' title='bbox 1456 5053 1808 5110; x_wconf 81' lang='lat' dir='ltr'><strong>habuissetis.</strong></span> <span class='ocrx_word' id='word_1_770' title='bbox 1844 5055 2019 5123; x_wconf 88' lang='lat' dir='ltr'><strong>Atque</strong></span> 
     </span>
    </p>
   </div>
   <div class='ocr_carea' id='block_1_95' title="bbox 450 5133 2020 5212">
    <p class='ocr_par' dir='ltr' id='par_1_95' title="bbox 450 5133 2020 5212">
     <span class='ocr_line' id='line_1_95' title="bbox 450 5133 2020 5212; baseline 0.011 -26"><span class='ocrx_word' id='word_1_771' title='bbox 450 5133 523 5188; x_wconf 89' lang='lat' dir='ltr'><strong>ita</strong></span> <span class='ocrx_word' id='word_1_772' title='bbox 561 5136 726 5190; x_wconf 89' lang='lat' dir='ltr'><strong>etiam</strong></span> <span class='ocrx_word' id='word_1_773' title='bbox 760 5152 858 5193; x_wconf 85' lang='lat' dir='ltr'><strong>vos</strong></span> <span class='ocrx_word' id='word_1_774' title='bbox 902 5139 1001 5209; x_wconf 90' lang='lat' dir='ltr'><strong>ipsi</strong></span> <span class='ocrx_word' id='word_1_775' title='bbox 1049 5148 1214 5196; x_wconf 86' lang='lat' dir='ltr'><strong>testes</strong></span> <span class='ocrx_word' id='word_1_776' title='bbox 1260 5142 1424 5208; x_wconf 90' lang='lat' dir='ltr'><strong>estis,</strong></span> <span class='ocrx_word' id='word_1_777' title='bbox 1468 5146 1610 5212; x_wconf 87' lang='lat' dir='ltr'><strong>quod</strong></span> <span class='ocrx_word' id='word_1_778' title='bbox 1654 5161 1819 5204; x_wconf 76' lang='lat' dir='ltr'><strong>verax</strong></span> <span class='ocrx_word' id='word_1_779' title='bbox 1860 5146 2020 5204; x_wconf 85' lang='lat' dir='ltr'><strong>fuerit</strong></span> 
     </span>
    </p>
   </div>
   <div class='ocr_carea' id='block_1_96' title="bbox 449 5224 2019 5305">
    <p class='ocr_par' dir='ltr' id='par_1_96' title="bbox 449 5224 2019 5305">
     <span class='ocr_line' id='line_1_96' title="bbox 449 5224 2019 5305; baseline 0.011 -26"><span class='ocrx_word' id='word_1_780' title='bbox 449 5224 725 5285; x_wconf 88' lang='lat' dir='ltr'><strong>Joannes:</strong></span> <span class='ocrx_word' id='word_1_781' title='bbox 765 5233 1013 5300; x_wconf 86' lang='lat' dir='ltr'><strong>quamvis</strong></span> <span class='ocrx_word' id='word_1_782' title='bbox 1036 5247 1138 5303; x_wconf 89' lang='lat' dir='ltr'><strong>ego</strong></span> <span class='ocrx_word' id='word_1_783' title='bbox 1171 5235 1412 5304; x_wconf 89' lang='lat' dir='ltr'><strong>quidem,</strong></span> <span class='ocrx_word' id='word_1_784' title='bbox 1447 5252 1570 5292; x_wconf 93' lang='lat' dir='ltr'><strong>cum</strong></span> <span class='ocrx_word' id='word_1_785' title='bbox 1603 5239 1744 5294; x_wconf 89' lang='lat' dir='ltr'><strong>Deus</strong></span> <span class='ocrx_word' id='word_1_786' title='bbox 1765 5241 1887 5305; x_wconf 87' lang='lat' dir='ltr'><strong>sim,</strong></span> <span class='ocrx_word' id='word_1_787' title='bbox 1917 5241 2019 5296; x_wconf 84' lang='lat' dir='ltr'><strong>bu-</strong></span> 
     </span>
    </p>
   </div>
   <div class='ocr_carea' id='block_1_97' title="bbox 452 5322 2018 5396">
    <p class='ocr_par' dir='ltr' id='par_1_97' title="bbox 452 5322 2018 5396">
     <span class='ocr_line' id='line_1_97' title="bbox 452 5322 2018 5396; baseline 0.007 -20"><span class='ocrx_word' id='word_1_788' title='bbox 452 5333 616 5372; x_wconf 82' lang='lat' dir='ltr'><strong>mano</strong></span> <span class='ocrx_word' id='word_1_789' title='bbox 640 5322 948 5382; x_wconf 82' lang='lat' dir='ltr'><strong>testimonio</strong></span> <span class='ocrx_word' id='word_1_790' title='bbox 989 5341 1126 5395; x_wconf 83' lang='lat' dir='ltr'><strong>opus</strong></span> <span class='ocrx_word' id='word_1_791' title='bbox 1177 5342 1284 5383; x_wconf 92' lang='lat' dir='ltr'><strong>non</strong></span> <span class='ocrx_word' id='word_1_792' title='bbox 1341 5329 1590 5396; x_wconf 84' lang='lat' dir='ltr'><strong>habeam,</strong></span> <span class='ocrx_word' id='word_1_793' title='bbox 1656 5340 1710 5387; x_wconf 89' lang='lat' dir='ltr'><strong>ct</strong></span> <span class='ocrx_word' id='word_1_794' title='bbox 1757 5333 2018 5388; x_wconf 87' lang='lat' dir='ltr'><strong>Dominus</strong></span> 
     </span>
    </p>
   </div>
   <div class='ocr_carea' id='block_1_98' title="bbox 452 5412 2021 5493">
    <p class='ocr_par' dir='ltr' id='par_1_98' title="bbox 452 5412 2021 5493">
     <span class='ocr_line' id='line_1_98' title="bbox 452 5412 2021 5493; baseline 0.011 -28"><span class='ocrx_word' id='word_1_795' title='bbox 452 5412 599 5467; x_wconf 90' lang='lat' dir='ltr'><strong>servi</strong></span> <span class='ocrx_word' id='word_1_796' title='bbox 634 5414 962 5471; x_wconf 88' lang='lat' dir='ltr'><strong>testimonio.</strong></span> <span class='ocrx_word' id='word_1_797' title='bbox 1013 5419 1153 5487; x_wconf 86' lang='lat' dir='ltr'><strong>Quia</strong></span> <span class='ocrx_word' id='word_1_798' title='bbox 1219 5431 1399 5476; x_wconf 88' lang='lat' dir='ltr'><strong>autem</strong></span> <span class='ocrx_word' id='word_1_799' title='bbox 1427 5439 1520 5478; x_wconf 92' lang='lat' dir='ltr'><strong>vos</strong></span> <span class='ocrx_word' id='word_1_800' title='bbox 1543 5424 1842 5493; x_wconf 89' lang='lat' dir='ltr'><strong>digniorem</strong></span> <span class='ocrx_word' id='word_1_801' title='bbox 1869 5426 2021 5482; x_wconf 91' lang='lat' dir='ltr'><strong>illum</strong></span> 
     </span>
    </p>
   </div>
   <div class='ocr_carea' id='block_1_99' title="bbox 454 5504 2024 5584">
    <p class='ocr_par' dir='ltr' id='par_1_99' title="bbox 454 5504 2024 5584">
     <span class='ocr_line' id='line_1_99' title="bbox 454 5504 2024 5584; baseline 0.01 -27"><span class='ocrx_word' id='word_1_802' title='bbox 454 5504 712 5572; x_wconf 86' lang='lat' dir='ltr'><strong>putastis,</strong></span> <span class='ocrx_word' id='word_1_803' title='bbox 752 5514 809 5560; x_wconf 93' lang='lat' dir='ltr'><strong>et</strong></span> <span class='ocrx_word' id='word_1_804' title='bbox 856 5507 960 5576; x_wconf 87' lang='lat' dir='ltr'><strong>ipsi</strong></span> <span class='ocrx_word' id='word_1_805' title='bbox 1013 5512 1184 5581; x_wconf 80' lang='lat' dir='ltr'><strong>magis</strong></span> <span class='ocrx_word' id='word_1_806' title='bbox 1217 5527 1382 5582; x_wconf 90' lang='lat' dir='ltr'><strong>quam</strong></span> <span class='ocrx_word' id='word_1_807' title='bbox 1422 5516 1557 5570; x_wconf 90' lang='lat' dir='ltr'><strong>mihi</strong></span> <span class='ocrx_word' id='word_1_808' title='bbox 1610 5517 1933 5584; x_wconf 82' lang='lat' dir='ltr'><strong>attendistis,</strong></span> <span class='ocrx_word' id='word_1_809' title='bbox 1968 5526 2024 5575; x_wconf 88' lang='lat' dir='ltr'><strong>et</strong></span> 
     </span>
    </p>
   </div>
   <div class='ocr_carea' id='block_1_100' title="bbox 454 5597 2023 5680">
    <p class='ocr_par' dir='ltr' id='par_1_100' title="bbox 454 5597 2023 5680">
     <span class='ocr_line' id='line_1_100' title="bbox 454 5597 2023 5680; baseline 0.01 -29"><span class='ocrx_word' id='word_1_810' title='bbox 454 5597 525 5651; x_wconf 76' lang='lat' dir='ltr'><strong>ad</strong></span> <span class='ocrx_word' id='word_1_811' title='bbox 585 5597 735 5656; x_wconf 86' lang='lat' dir='ltr'><strong>illum</strong></span> <span class='ocrx_word' id='word_1_812' title='bbox 782 5599 1002 5667; x_wconf 89' lang='lat' dir='ltr'><strong>quidem</strong></span> <span class='ocrx_word' id='word_1_813' title='bbox 1053 5605 1382 5672; x_wconf 72' lang='lat' dir='ltr'><strong>accessisus,</strong></span> <span class='ocrx_word' id='word_1_814' title='bbox 1435 5607 1564 5664; x_wconf 88' lang='lat' dir='ltr'><strong>mihi</strong></span> <span class='ocrx_word' id='word_1_815' title='bbox 1614 5620 1794 5666; x_wconf 88' lang='lat' dir='ltr'><strong>autem</strong></span> <span class='ocrx_word' id='word_1_816' title='bbox 1846 5626 2023 5680; x_wconf 85' lang='lat' dir='ltr'><strong>neque</strong></span> 
     </span>
    </p>
   </div>
   <div class='ocr_carea' id='block_1_101' title="bbox 460 5689 2022 5768">
    <p class='ocr_par' dir='ltr' id='par_1_101' title="bbox 460 5689 2022 5768">
     <span class='ocr_line' id='line_1_101' title="bbox 460 5689 2022 5768; baseline 0.013 -26"><span class='ocrx_word' id='word_1_817' title='bbox 460 5689 722 5746; x_wconf 81' lang='lat' dir='ltr'><strong>miracula</strong></span> <span class='ocrx_word' id='word_1_818' title='bbox 760 5689 982 5748; x_wconf 77' lang='lat' dir='ltr'><strong>facienti</strong></span> <span class='ocrx_word' id='word_1_819' title='bbox 1015 5694 1274 5754; x_wconf 82' lang='lat' dir='ltr'><strong>creditis;</strong></span> <span class='ocrx_word' id='word_1_820' title='bbox 1319 5707 1601 5768; x_wconf 79' lang='lat' dir='ltr'><strong>propterea</strong></span> <span class='ocrx_word' id='word_1_821' title='bbox 1635 5702 1792 5760; x_wconf 85' lang='lat' dir='ltr'><strong>vobis</strong></span> <span class='ocrx_word' id='word_1_822' title='bbox 1825 5702 1879 5760; x_wconf 84' lang='lat' dir='ltr'><strong>in</strong></span> <span class='ocrx_word' id='word_1_823' title='bbox 1906 5718 2022 5762; x_wconf 82' lang='lat' dir='ltr'><strong>me-</strong></span> 
     </span>
    </p>
   </div>
   <div class='ocr_carea' id='block_1_102' title="bbox 535 5877 1071 5947">
    <p class='ocr_par' dir='ltr' id='par_1_102' title="bbox 535 5877 1071 5947">
     <span class='ocr_line' id='line_1_102' title="bbox 535 5877 1071 5947; baseline -0.004 -13"><span class='ocrx_word' id='word_1_824' title='bbox 535 5881 579 5912; x_wconf 80' lang='lat'><strong>&quot;</strong></span> <span class='ocrx_word' id='word_1_825' title='bbox 621 5877 776 5934; x_wconf 89' lang='lat' dir='ltr'><strong>Joan.</strong></span> <span class='ocrx_word' id='word_1_826' title='bbox 815 5895 929 5947; x_wconf 87' lang='lat' dir='ltr'><strong>vm,</strong></span> <span class='ocrx_word' id='word_1_827' title='bbox 985 5878 1071 5934; x_wconf 77' lang='grc' dir='ltr'><strong>Η.</strong></span> 
     </span>
    </p>
   </div>
   <div class='ocr_carea' id='block_1_103' title="bbox 2124 4663 3694 4752">
    <p class='ocr_par' dir='ltr' id='par_1_103' title="bbox 2124 4663 3694 4752">
     <span class='ocr_line' id='line_1_103' title="bbox 2124 4663 3694 4752; baseline -0.015 -18"><span class='ocrx_word' id='word_1_828' title='bbox 2124 4683 2282 4752; x_wconf 73' lang='grc' dir='ltr'>χάριν</span> <span class='ocrx_word' id='word_1_829' title='bbox 2314 4673 2664 4747; x_wconf 75' lang='grc' dir='ltr'>ἐμαρτύρησέ</span> <span class='ocrx_word' id='word_1_830' title='bbox 2698 4689 2816 4739; x_wconf 84' lang='grc' dir='ltr'>σοι;</span> <span class='ocrx_word' id='word_1_831' title='bbox 2847 4669 3031 4740; x_wconf 68' lang='grc' dir='ltr'>φησὶν,</span> <span class='ocrx_word' id='word_1_832' title='bbox 3063 4668 3144 4720; x_wconf 84' lang='grc' dir='ltr'>ὃτι</span> <span class='ocrx_word' id='word_1_833' title='bbox 3173 4665 3363 4735; x_wconf 80' lang='grc' dir='ltr'>Ὑμεῖς</span> <span class='ocrx_word' id='word_1_834' title='bbox 3395 4664 3552 4715; x_wconf 67' lang='grc' dir='ltr'>αὐτοὶ</span> <span class='ocrx_word' id='word_1_835' title='bbox 3587 4663 3694 4713; x_wconf 74' lang='grc' dir='ltr'>ἀπ-</span> 
     </span>
    </p>
   </div>
   <div class='ocr_carea' id='block_1_104' title="bbox 2125 4755 3698 4840">
    <p class='ocr_par' dir='ltr' id='par_1_104' title="bbox 2125 4755 3698 4840">
     <span class='ocr_line' id='line_1_104' title="bbox 2125 4755 3698 4840; baseline -0.016 -11"><span class='ocrx_word' id='word_1_836' title='bbox 2125 4773 2398 4829; x_wconf 84' lang='grc' dir='ltr'>εστείλατε</span> <span class='ocrx_word' id='word_1_837' title='bbox 2429 4769 2567 4840; x_wconf 72' lang='grc' dir='ltr'>πρὸς</span> <span class='ocrx_word' id='word_1_838' title='bbox 2595 4767 2868 4832; x_wconf 82' lang='grc' dir='ltr'>Ἰωάννην.</span> <span class='ocrx_word' id='word_1_839' title='bbox 2893 4761 3117 4822; x_wconf 82' lang='grc' dir='ltr'>Πάντως</span> <span class='ocrx_word' id='word_1_840' title='bbox 3146 4759 3201 4811; x_wconf 85' lang='grc' dir='ltr'><strong>δὲ</strong></span> <span class='ocrx_word' id='word_1_841' title='bbox 3229 4758 3328 4808; x_wconf 87' lang='grc' dir='ltr'><strong>οὑκ</strong></span> <span class='ocrx_word' id='word_1_842' title='bbox 3356 4757 3420 4808; x_wconf 77' lang='grc' dir='ltr'><strong>ἂν</strong></span> <span class='ocrx_word' id='word_1_843' title='bbox 3447 4755 3698 4807; x_wconf 78' lang='grc' dir='ltr'>ἀπεστείο</span> 
     </span>
    </p>
   </div>
   <div class='ocr_carea' id='block_1_105' title="bbox 2123 4845 3694 4935">
    <p class='ocr_par' dir='ltr' id='par_1_105' title="bbox 2123 4845 3694 4935">
     <span class='ocr_line' id='line_1_105' title="bbox 2123 4845 3694 4935; baseline -0.015 -15"><span class='ocrx_word' id='word_1_844' title='bbox 2123 4869 2250 4922; x_wconf 86' lang='grc' dir='ltr'>λατε</span> <span class='ocrx_word' id='word_1_845' title='bbox 2286 4863 2618 4935; x_wconf 81' lang='grc' dir='ltr'>ἐρωτῶντες,</span> <span class='ocrx_word' id='word_1_846' title='bbox 2651 4859 2698 4911; x_wconf 86' lang='grc' dir='ltr'><strong>εί</strong></span> <span class='ocrx_word' id='word_1_847' title='bbox 2735 4856 2812 4927; x_wconf 87' lang='grc' dir='ltr'>μὴ</span> <span class='ocrx_word' id='word_1_848' title='bbox 2845 4854 3160 4919; x_wconf 80' lang='grc' dir='ltr'>ἀξιόπιστον</span> <span class='ocrx_word' id='word_1_849' title='bbox 3192 4849 3357 4902; x_wconf 79' lang='grc' dir='ltr'>αὑτὸν</span> <span class='ocrx_word' id='word_1_850' title='bbox 3389 4845 3694 4914; x_wconf 79' lang='grc' dir='ltr'>ἐνομίζετε.</span> 
     </span>
    </p>
   </div>
   <div class='ocr_carea' id='block_1_106' title="bbox 2125 4933 3698 5025">
    <p class='ocr_par' dir='ltr' id='par_1_106' title="bbox 2125 4933 3698 5025">
     <span class='ocr_line' id='line_1_106' title="bbox 2125 4933 3698 5025; baseline -0.016 -11"><span class='ocrx_word' id='word_1_851' title='bbox 2125 4962 2290 5014; x_wconf 81' lang='grc' dir='ltr'>Ὥστε</span> <span class='ocrx_word' id='word_1_852' title='bbox 2319 4933 2421 5012; x_wconf 73' lang='grc' dir='ltr'>καὶ</span> <span class='ocrx_word' id='word_1_853' title='bbox 2453 4955 2612 5025; x_wconf 82' lang='grc' dir='ltr'>ὑμεῖς</span> <span class='ocrx_word' id='word_1_854' title='bbox 2648 4950 2802 5005; x_wconf 72' lang='grc' dir='ltr'>αὑτοὶ</span> <span class='ocrx_word' id='word_1_855' title='bbox 2840 4945 3189 5019; x_wconf 78' lang='grc' dir='ltr'>μαρτυρεῖτε,</span> <span class='ocrx_word' id='word_1_856' title='bbox 3220 4944 3301 4996; x_wconf 78' lang='grc' dir='ltr'>ὅτι</span> <span class='ocrx_word' id='word_1_857' title='bbox 3332 4938 3546 5010; x_wconf 79' lang='grc' dir='ltr'>ἀληθὴς</span> <span class='ocrx_word' id='word_1_858' title='bbox 3577 4933 3643 5008; x_wconf 79' lang='grc' dir='ltr'>ἦν</span> <span class='ocrx_word' id='word_1_859' title='bbox 3670 4937 3698 4989; x_wconf 87' lang='lat'><strong>6</strong></span> 
     </span>
    </p>
   </div>
   <div class='ocr_carea' id='block_1_107' title="bbox 2140 5029 3698 5120">
    <p class='ocr_par' dir='ltr' id='par_1_107' title="bbox 2140 5029 3698 5120">
     <span class='ocr_line' id='line_1_107' title="bbox 2140 5029 3698 5120; baseline -0.019 -12"><span class='ocrx_word' id='word_1_860' title='bbox 2140 5054 2415 5120; x_wconf 76' lang='grc' dir='ltr'>Ἰωάννης.</span> <span class='ocrx_word' id='word_1_861' title='bbox 2445 5047 2638 5100; x_wconf 84' lang='grc' dir='ltr'>Καίτοι</span> <span class='ocrx_word' id='word_1_862' title='bbox 2671 5041 2785 5112; x_wconf 79' lang='grc' dir='ltr'><strong>ἐγὼ</strong></span> <span class='ocrx_word' id='word_1_863' title='bbox 2819 5041 2942 5112; x_wconf 79' lang='grc' dir='ltr'>μὲν,</span> <span class='ocrx_word' id='word_1_864' title='bbox 2973 5035 3061 5090; x_wconf 76' lang='grc' dir='ltr'><strong>οἷα</strong></span> <span class='ocrx_word' id='word_1_865' title='bbox 3093 5035 3157 5105; x_wconf 80' lang='grc' dir='ltr'><strong>δὴ</strong></span> <span class='ocrx_word' id='word_1_866' title='bbox 3188 5034 3320 5095; x_wconf 80' lang='grc' dir='ltr'>Θεὸς</span> <span class='ocrx_word' id='word_1_867' title='bbox 3352 5031 3452 5096; x_wconf 83' lang='grc' dir='ltr'>ὣν,</span> <span class='ocrx_word' id='word_1_868' title='bbox 3483 5031 3546 5084; x_wconf 84' lang='grc' dir='ltr'><strong>οὑ</strong></span> <span class='ocrx_word' id='word_1_869' title='bbox 3584 5029 3698 5081; x_wconf 79' lang='grc' dir='ltr'><strong>δέο-</strong></span> 
     </span>
    </p>
   </div>
   <div class='ocr_carea' id='block_1_108' title="bbox 2134 5123 3701 5218">
    <p class='ocr_par' dir='ltr' id='par_1_108' title="bbox 2134 5123 3701 5218">
     <span class='ocr_line' id='line_1_108' title="bbox 2134 5123 3701 5218; baseline -0.018 -17"><span class='ocrx_word' id='word_1_870' title='bbox 2134 5164 2226 5218; x_wconf 85' lang='grc' dir='ltr'><strong>μαι</strong></span> <span class='ocrx_word' id='word_1_871' title='bbox 2254 5141 2602 5214; x_wconf 81' lang='grc' dir='ltr'>ἀνθρωπίνης</span> <span class='ocrx_word' id='word_1_872' title='bbox 2633 5134 2958 5208; x_wconf 88' lang='grc' dir='ltr'>μαρτυρίας,</span> <span class='ocrx_word' id='word_1_873' title='bbox 2985 5131 3083 5200; x_wconf 79' lang='grc' dir='ltr'>τῆς</span> <span class='ocrx_word' id='word_1_874' title='bbox 3110 5129 3204 5182; x_wconf 89' lang='grc' dir='ltr'><strong>τοῦ</strong></span> <span class='ocrx_word' id='word_1_875' title='bbox 3230 5125 3416 5179; x_wconf 86' lang='grc' dir='ltr'>δούλου</span> <span class='ocrx_word' id='word_1_876' title='bbox 3444 5125 3475 5176; x_wconf 90' lang='lat'><strong>6</strong></span> <span class='ocrx_word' id='word_1_877' title='bbox 3499 5123 3701 5218; x_wconf 64' lang='grc' dir='ltr'>Δεσπόο</span> 
     </span>
    </p>
   </div>
   <div class='ocr_carea' id='block_1_109' title="bbox 2125 5214 3696 5309">
    <p class='ocr_par' dir='ltr' id='par_1_109' title="bbox 2125 5214 3696 5309">
     <span class='ocr_line' id='line_1_109' title="bbox 2125 5214 3696 5309; baseline -0.018 -15"><span class='ocrx_word' id='word_1_878' title='bbox 2125 5214 2247 5309; x_wconf 78' lang='grc' dir='ltr'>της.</span> <span class='ocrx_word' id='word_1_879' title='bbox 2280 5235 2435 5290; x_wconf 76' lang='grc' dir='ltr'>Ἐπεὶ</span> <span class='ocrx_word' id='word_1_880' title='bbox 2470 5233 2526 5286; x_wconf 81' lang='grc' dir='ltr'>δὲ</span> <span class='ocrx_word' id='word_1_881' title='bbox 2565 5232 2721 5301; x_wconf 81' lang='grc' dir='ltr'>ὑμεῖς</span> <span class='ocrx_word' id='word_1_882' title='bbox 2765 5225 2927 5281; x_wconf 87' lang='grc' dir='ltr'>αύτδν</span> <span class='ocrx_word' id='word_1_883' title='bbox 2965 5219 3410 5290; x_wconf 78' lang='grc' dir='ltr'>ἀξιοπιστότερον</span> <span class='ocrx_word' id='word_1_884' title='bbox 3451 5214 3696 5286; x_wconf 78' lang='grc' dir='ltr'>ἡγεῖσθε,</span> 
     </span>
    </p>
   </div>
   <div class='ocr_carea' id='block_1_110' title="bbox 2129 5309 3702 5399">
    <p class='ocr_par' dir='ltr' id='par_1_110' title="bbox 2129 5309 3702 5399">
     <span class='ocr_line' id='line_1_110' title="bbox 2129 5309 3702 5399; baseline -0.017 -12"><span class='ocrx_word' id='word_1_885' title='bbox 2129 5332 2225 5386; x_wconf 69' lang='grc' dir='ltr'><strong>καὶ</strong></span> <span class='ocrx_word' id='word_1_886' title='bbox 2254 5329 2404 5399; x_wconf 84' lang='grc' dir='ltr'>αὑτῷ</span> <span class='ocrx_word' id='word_1_887' title='bbox 2435 5325 2635 5398; x_wconf 84' lang='grc' dir='ltr'>μᾶλλον</span> <span class='ocrx_word' id='word_1_888' title='bbox 2660 5320 2956 5394; x_wconf 77' lang='grc' dir='ltr'>προσέχετε</span> <span class='ocrx_word' id='word_1_889' title='bbox 2986 5318 3132 5388; x_wconf 77' lang='grc' dir='ltr'>ἢπερ</span> <span class='ocrx_word' id='word_1_890' title='bbox 3157 5313 3302 5384; x_wconf 69' lang='grc' dir='ltr'>ἐμοὶ,</span> <span class='ocrx_word' id='word_1_891' title='bbox 3331 5311 3572 5380; x_wconf 86' lang='grc' dir='ltr'>κάκείνῳ</span> <span class='ocrx_word' id='word_1_892' title='bbox 3604 5309 3702 5380; x_wconf 81' lang='grc' dir='ltr'>μὲν</span> 
     </span>
    </p>
   </div>
   <div class='ocr_carea' id='block_1_111' title="bbox 2133 5402 3699 5494">
    <p class='ocr_par' dir='ltr' id='par_1_111' title="bbox 2133 5402 3699 5494">
     <span class='ocr_line' id='line_1_111' title="bbox 2133 5402 3699 5494; baseline -0.017 -17"><span class='ocrx_word' id='word_1_893' title='bbox 2133 5420 2574 5494; x_wconf 79' lang='grc' dir='ltr'>προσεδράμετε,</span> <span class='ocrx_word' id='word_1_894' title='bbox 2620 5413 2745 5485; x_wconf 75' lang='grc' dir='ltr'>ἐμοὶ</span> <span class='ocrx_word' id='word_1_895' title='bbox 2785 5411 2842 5465; x_wconf 82' lang='grc' dir='ltr'><strong>δὲ</strong></span> <span class='ocrx_word' id='word_1_896' title='bbox 2883 5408 3006 5463; x_wconf 86' lang='grc' dir='ltr'>οὑδὲ</span> <span class='ocrx_word' id='word_1_897' title='bbox 3054 5402 3569 5494; x_wconf 57' lang='grc' dir='ltr'>θαυματουρτοῦντι</span> <span class='ocrx_word' id='word_1_898' title='bbox 3610 5416 3699 5452; x_wconf 84' lang='grc' dir='ltr'>πι-</span> 
     </span>
    </p>
   </div>
   <div class='ocr_carea' id='block_1_112' title="bbox 2131 5493 3700 5572">
    <p class='ocr_par' dir='ltr' id='par_1_112' title="bbox 2131 5493 3700 5572">
     <span class='ocr_line' id='line_1_112' title="bbox 2131 5493 3700 5572; baseline -0.016 -5"><span class='ocrx_word' id='word_1_899' title='bbox 2131 5493 2371 5568; x_wconf 83' lang='grc' dir='ltr'>στεύετε·</span> <span class='ocrx_word' id='word_1_900' title='bbox 2405 5507 2492 5563; x_wconf 79' lang='grc' dir='ltr'><strong>διὰ</strong></span> <span class='ocrx_word' id='word_1_901' title='bbox 2521 5505 2679 5560; x_wconf 85' lang='grc' dir='ltr'>τοῦτο</span> <span class='ocrx_word' id='word_1_902' title='bbox 2707 5500 3110 5572; x_wconf 86' lang='grc' dir='ltr'>ἀναμιμνήσκω</span> <span class='ocrx_word' id='word_1_903' title='bbox 3137 5496 3236 5564; x_wconf 80' lang='grc' dir='ltr'>τῆς</span> <span class='ocrx_word' id='word_1_904' title='bbox 3269 5493 3520 5548; x_wconf 76' lang='grc' dir='ltr'>Ἰωάννου</span> <span class='ocrx_word' id='word_1_905' title='bbox 3556 5506 3700 5560; x_wconf 56' lang='lat' dir='ltr'><strong>{sap-</strong></span> 
     </span>
    </p>
   </div>
   <div class='ocr_carea' id='block_1_113' title="bbox 2128 5585 3700 5676">
    <p class='ocr_par' dir='ltr' id='par_1_113' title="bbox 2128 5585 3700 5676">
     <span class='ocr_line' id='line_1_113' title="bbox 2128 5585 3700 5676; baseline -0.017 -15"><span class='ocrx_word' id='word_1_906' title='bbox 2128 5608 2346 5676; x_wconf 87' lang='grc' dir='ltr'>τυρίας,</span> <span class='ocrx_word' id='word_1_907' title='bbox 2374 5602 2470 5657; x_wconf 77' lang='grc' dir='ltr'>καὶ</span> <span class='ocrx_word' id='word_1_908' title='bbox 2500 5599 2680 5655; x_wconf 84' lang='grc' dir='ltr'>πάντα</span> <span class='ocrx_word' id='word_1_909' title='bbox 2710 5598 2868 5661; x_wconf 83' lang='grc' dir='ltr'>ποιῶ,</span> <span class='ocrx_word' id='word_1_910' title='bbox 2899 5595 2995 5648; x_wconf 72' lang='grc' dir='ltr'>καὶ</span> <span class='ocrx_word' id='word_1_911' title='bbox 3019 5589 3352 5659; x_wconf 80' lang='grc' dir='ltr'>ἀναδέχομαι</span> <span class='ocrx_word' id='word_1_912' title='bbox 3382 5587 3477 5640; x_wconf 71' lang='grc' dir='ltr'><strong>καὶ</strong></span> <span class='ocrx_word' id='word_1_913' title='bbox 3503 5585 3574 5637; x_wconf 84' lang='grc' dir='ltr'><strong>τά</strong></span> <span class='ocrx_word' id='word_1_914' title='bbox 3603 5585 3700 5636; x_wconf 64' lang='grc' dir='ltr'>ἀν-</span> 
     </span>
    </p>
   </div>
   <div class='ocr_carea' id='block_1_114' title="bbox 2131 5677 3698 5770">
    <p class='ocr_par' dir='ltr' id='par_1_114' title="bbox 2131 5677 3698 5770">
     <span class='ocr_line' id='line_1_114' title="bbox 2131 5677 3698 5770; baseline -0.021 -11"><span class='ocrx_word' id='word_1_915' title='bbox 2131 5701 2255 5770; x_wconf 79' lang='grc' dir='ltr'>ἀξια</span> <span class='ocrx_word' id='word_1_916' title='bbox 2285 5698 2384 5769; x_wconf 80' lang='grc' dir='ltr'>τῆς</span> <span class='ocrx_word' id='word_1_917' title='bbox 2423 5697 2562 5766; x_wconf 68' lang='grc' dir='ltr'>ἐμῆς</span> <span class='ocrx_word' id='word_1_918' title='bbox 2599 5691 2871 5761; x_wconf 80' lang='grc' dir='ltr'>θεότητος,</span> <span class='ocrx_word' id='word_1_919' title='bbox 2905 5689 2993 5743; x_wconf 82' lang='grc' dir='ltr'>ἵνα</span> <span class='ocrx_word' id='word_1_920' title='bbox 3030 5685 3188 5757; x_wconf 86' lang='grc' dir='ltr'>ὑμεῖς</span> <span class='ocrx_word' id='word_1_921' title='bbox 3229 5680 3462 5752; x_wconf 85' lang='grc' dir='ltr'>σωθῆτε.</span> <span class='ocrx_word' id='word_1_922' title='bbox 3496 5677 3698 5750; x_wconf 78' lang='grc' dir='ltr'>Λύχνον</span> 
     </span>
    </p>
   </div>
  </div>
