  <div class='ocr_page' id='page_1' title='image "/cluster/home/n/w/nwhite01/storage/ocr_20150623/123/hvd.32044019208198/648.png"; bbox 0 0 3960 6454; ppageno 0'>
   <div class='ocr_carea' id='block_1_1' title="bbox 265 469 398 539">
    <p class='ocr_par' dir='ltr' id='par_1_1' title="bbox 265 469 398 539">
     <span class='ocr_line' id='line_1_1' title="bbox 265 469 398 539; baseline 0.008 -1"><span class='ocrx_word' id='word_1_1' title='bbox 265 469 398 539; x_wconf 66' lang='grc' dir='ltr'><strong>12η</strong></span> 
     </span>
    </p>
   </div>
   <div class='ocr_carea' id='block_1_2' title="bbox 964 479 2844 556">
    <p class='ocr_par' dir='ltr' id='par_1_2' title="bbox 964 479 2844 556">
     <span class='ocr_line' id='line_1_2' title="bbox 964 479 2844 556; baseline 0.009 -17"><span class='ocrx_word' id='word_1_2' title='bbox 964 479 1405 551; x_wconf 75' lang='lat' dir='ltr'><strong>ENABRATIO</strong></span> <span class='ocrx_word' id='word_1_3' title='bbox 1448 483 1528 544; x_wconf 76' lang='lat' dir='ltr'><strong>IN</strong></span> <span class='ocrx_word' id='word_1_4' title='bbox 1568 484 2064 549; x_wconf 75' lang='lat' dir='ltr'><strong>EVANGELIUM</strong></span> <span class='ocrx_word' id='word_1_5' title='bbox 2102 491 2440 553; x_wconf 75' lang='lat' dir='ltr'><strong>JOANNIS.</strong></span> <span class='ocrx_word' id='word_1_6' title='bbox 2480 518 2542 531; x_wconf 83' lang='grc'><strong><em>-</em></strong></span> <span class='ocrx_word' id='word_1_7' title='bbox 2579 495 2738 556; x_wconf 82' lang='lat' dir='ltr'><strong>CAP.</strong></span> <span class='ocrx_word' id='word_1_8' title='bbox 2778 498 2844 556; x_wconf 91' lang='lat' dir='ltr'><strong>V.</strong></span> 
     </span>
    </p>
   </div>
   <div class='ocr_carea' id='block_1_3' title="bbox 3382 497 3515 562">
    <p class='ocr_par' dir='ltr' id='par_1_3' title="bbox 3382 497 3515 562">
     <span class='ocr_line' id='line_1_3' title="bbox 3382 497 3515 562; baseline 0.015 -2"><span class='ocrx_word' id='word_1_9' title='bbox 3382 497 3515 562; x_wconf 70' lang='lat'><strong>1978</strong></span> 
     </span>
    </p>
   </div>
   <div class='ocr_carea' id='block_1_4' title="bbox 266 586 1856 672">
    <p class='ocr_par' dir='ltr' id='par_1_4' title="bbox 266 586 1835 664">
     <span class='ocr_line' id='line_1_4' title="bbox 266 586 1835 664; baseline -0.008 -7"><span class='ocrx_word' id='word_1_10' title='bbox 266 587 322 642; x_wconf 69' lang='grc' dir='ltr'>δὲ</span> <span class='ocrx_word' id='word_1_11' title='bbox 357 586 645 654; x_wconf 72' lang='grc' dir='ltr'><strong>καιόμενον</strong></span> <span class='ocrx_word' id='word_1_12' title='bbox 682 586 769 643; x_wconf 71' lang='grc' dir='ltr'><strong>τδν</strong></span> <span class='ocrx_word' id='word_1_13' title='bbox 804 587 1056 657; x_wconf 76' lang='grc' dir='ltr'><strong>Ἰωάννην</strong></span> <span class='ocrx_word' id='word_1_14' title='bbox 1089 592 1256 660; x_wconf 77' lang='grc' dir='ltr'>φησὶ,</span> <span class='ocrx_word' id='word_1_15' title='bbox 1291 592 1473 656; x_wconf 84' lang='grc' dir='ltr'><strong>καθὼς</strong></span> <span class='ocrx_word' id='word_1_16' title='bbox 1506 595 1601 647; x_wconf 78' lang='grc' dir='ltr'><strong>καὶ</strong></span> <span class='ocrx_word' id='word_1_17' title='bbox 1635 595 1699 647; x_wconf 81' lang='grc' dir='ltr'><strong>ὲκ</strong></span> <span class='ocrx_word' id='word_1_18' title='bbox 1731 595 1835 664; x_wconf 82' lang='grc' dir='ltr'><strong>γῆς</strong></span> 
     </span>
    </p>
   </div>
   <div class='ocr_carea' id='block_1_5' title="bbox 1958 586 3504 672">
    <p class='ocr_par' dir='ltr' id='par_1_5' title="bbox 1958 602 3504 672">
     <span class='ocr_line' id='line_1_5' title="bbox 1958 602 3504 672; baseline 0.003 -20"><span class='ocrx_word' id='word_1_19' title='bbox 1958 602 2166 654; x_wconf 83' lang='lat' dir='ltr'><strong>noriatn</strong></span> <span class='ocrx_word' id='word_1_20' title='bbox 2202 602 2400 658; x_wconf 87' lang='lat' dir='ltr'><strong>reduco</strong></span> <span class='ocrx_word' id='word_1_21' title='bbox 2430 603 2655 660; x_wconf 82' lang='lat' dir='ltr'><strong>Joannis</strong></span> <span class='ocrx_word' id='word_1_22' title='bbox 2692 605 3099 672; x_wconf 84' lang='lat' dir='ltr'><strong>testimonium;</strong></span> <span class='ocrx_word' id='word_1_23' title='bbox 3135 606 3315 660; x_wconf 87' lang='lat' dir='ltr'><strong>omnia</strong></span> <span class='ocrx_word' id='word_1_24' title='bbox 3365 607 3504 660; x_wconf 81' lang='lat' dir='ltr'><strong>facio</strong></span> 
     </span>
    </p>
   </div>
   <div class='ocr_carea' id='block_1_6' title="bbox 266 674 1838 754">
    <p class='ocr_par' dir='ltr' id='par_1_6' title="bbox 266 674 1838 754">
     <span class='ocr_line' id='line_1_6' title="bbox 266 674 1838 754; baseline 0.004 -22"><span class='ocrx_word' id='word_1_25' title='bbox 266 674 382 749; x_wconf 76' lang='grc' dir='ltr'><strong>εἶοχε</strong></span> <span class='ocrx_word' id='word_1_26' title='bbox 403 678 502 748; x_wconf 78' lang='grc' dir='ltr'><strong>τὴν</strong></span> <span class='ocrx_word' id='word_1_27' title='bbox 524 676 832 744; x_wconf 85' lang='grc' dir='ltr'><strong>διάπλασιν,</strong></span> <span class='ocrx_word' id='word_1_28' title='bbox 861 682 958 735; x_wconf 70' lang='grc' dir='ltr'><strong>καὶ</strong></span> <span class='ocrx_word' id='word_1_29' title='bbox 982 683 1081 736; x_wconf 82' lang='grc' dir='ltr'><strong>οὐκ</strong></span> <span class='ocrx_word' id='word_1_30' title='bbox 1108 684 1318 737; x_wconf 76' lang='grc' dir='ltr'><strong>οἴκοθεν</strong></span> <span class='ocrx_word' id='word_1_31' title='bbox 1342 685 1401 738; x_wconf 76' lang='grc' dir='ltr'><strong>τὸ</strong></span> <span class='ocrx_word' id='word_1_32' title='bbox 1428 684 1567 754; x_wconf 78' lang='grc' dir='ltr'><strong>φῶς,</strong></span> <span class='ocrx_word' id='word_1_33' title='bbox 1594 685 1709 739; x_wconf 85' lang='grc' dir='ltr'>ἀλλ’</span> <span class='ocrx_word' id='word_1_34' title='bbox 1731 686 1838 738; x_wconf 75' lang='grc' dir='ltr'>ἀπὸ</span> 
     </span>
    </p>
   </div>
   <div class='ocr_carea' id='block_1_7' title="bbox 266 770 1835 847">
    <p class='ocr_par' dir='ltr' id='par_1_7' title="bbox 266 770 1835 847">
     <span class='ocr_line' id='line_1_7' title="bbox 266 770 1835 847; baseline 0.004 -23"><span class='ocrx_word' id='word_1_35' title='bbox 266 771 367 841; x_wconf 75' lang='grc' dir='ltr'><strong>τῆς</strong></span> <span class='ocrx_word' id='word_1_36' title='bbox 390 770 486 824; x_wconf 82' lang='grc' dir='ltr'><strong>τοῦ</strong></span> <span class='ocrx_word' id='word_1_37' title='bbox 517 771 831 841; x_wconf 80' lang='grc' dir='ltr'><strong>Πνεύματος</strong></span> <span class='ocrx_word' id='word_1_38' title='bbox 857 774 1077 842; x_wconf 78' lang='grc' dir='ltr'><strong>χάριτος</strong></span> <span class='ocrx_word' id='word_1_39' title='bbox 1104 776 1200 828; x_wconf 70' lang='grc' dir='ltr'><strong>καὶ</strong></span> <span class='ocrx_word' id='word_1_40' title='bbox 1230 775 1754 847; x_wconf 69' lang='grc' dir='ltr'><strong>πρόσκαιρον.“Αμα</strong></span> <span class='ocrx_word' id='word_1_41' title='bbox 1776 795 1835 831; x_wconf 87' lang='grc' dir='ltr'><strong>τε</strong></span> 
     </span>
    </p>
   </div>
   <div class='ocr_carea' id='block_1_8' title="bbox 266 862 1838 938">
    <p class='ocr_par' dir='ltr' id='par_1_8' title="bbox 266 862 1838 938">
     <span class='ocr_line' id='line_1_8' title="bbox 266 862 1838 938; baseline 0.003 -23"><span class='ocrx_word' id='word_1_42' title='bbox 266 862 376 932; x_wconf 77' lang='grc' dir='ltr'><strong>γὰρ</strong></span> <span class='ocrx_word' id='word_1_43' title='bbox 417 862 589 933; x_wconf 71' lang='grc' dir='ltr'>ἐφάνη</span> <span class='ocrx_word' id='word_1_44' title='bbox 631 864 663 934; x_wconf 80' lang='grc' dir='ltr'><strong>ἡ</strong></span> <span class='ocrx_word' id='word_1_45' title='bbox 703 863 797 917; x_wconf 85' lang='grc' dir='ltr'><strong>τοῦ</strong></span> <span class='ocrx_word' id='word_1_46' title='bbox 843 866 1047 936; x_wconf 70' lang='grc' dir='ltr'><strong>Κυρίου</strong></span> <span class='ocrx_word' id='word_1_47' title='bbox 1089 866 1294 937; x_wconf 77' lang='grc' dir='ltr'><strong>ἡμέρα,</strong></span> <span class='ocrx_word' id='word_1_48' title='bbox 1334 867 1453 938; x_wconf 69' lang='grc' dir='ltr'><strong>ἦτοι</strong></span> <span class='ocrx_word' id='word_1_49' title='bbox 1497 867 1838 932; x_wconf 83' lang='grc' dir='ltr'><strong>διδασκαλία,</strong></span> 
     </span>
    </p>
   </div>
   <div class='ocr_carea' id='block_1_9' title="bbox 196 955 1842 1031">
    <p class='ocr_par' dir='ltr' id='par_1_9' title="bbox 196 955 1842 1031">
     <span class='ocr_line' id='line_1_9' title="bbox 196 955 1842 1031; baseline 0.002 -24"><span class='ocrx_word' id='word_1_50' title='bbox 196 1008 205 1013; x_wconf 34' lang='grc' dir='ltr'>ι</span> <span class='ocrx_word' id='word_1_51' title='bbox 267 955 363 1007; x_wconf 78' lang='grc' dir='ltr'><strong>καὶ</strong></span> <span class='ocrx_word' id='word_1_52' title='bbox 401 955 691 1027; x_wconf 78' lang='grc' dir='ltr'><strong>ἀπεκρύῦη</strong></span> <span class='ocrx_word' id='word_1_53' title='bbox 725 957 753 1008; x_wconf 99' lang='lat'><strong>6</strong></span> <span class='ocrx_word' id='word_1_54' title='bbox 787 956 1001 1028; x_wconf 86' lang='grc' dir='ltr'>λύχνος.</span> <span class='ocrx_word' id='word_1_55' title='bbox 1039 956 1229 1025; x_wconf 81' lang='grc' dir='ltr'>Ὑμεῖς</span> <span class='ocrx_word' id='word_1_56' title='bbox 1259 959 1317 1012; x_wconf 86' lang='grc' dir='ltr'><strong>δέ</strong></span> <span class='ocrx_word' id='word_1_57' title='bbox 1340 1001 1354 1024; x_wconf 92' lang='grc'><strong>,</strong></span> <span class='ocrx_word' id='word_1_58' title='bbox 1389 959 1526 1030; x_wconf 83' lang='grc' dir='ltr'><strong>πρὸς</strong></span> <span class='ocrx_word' id='word_1_59' title='bbox 1558 958 1708 1031; x_wconf 83' lang='grc' dir='ltr'><strong>ὥραν</strong></span> <span class='ocrx_word' id='word_1_60' title='bbox 1744 960 1842 1029; x_wconf 83' lang='grc' dir='ltr'><strong>μὲν</strong></span> 
     </span>
    </p>
   </div>
   <div class='ocr_carea' id='block_1_10' title="bbox 266 1046 1842 1123">
    <p class='ocr_par' dir='ltr' id='par_1_10' title="bbox 266 1046 1842 1123">
     <span class='ocr_line' id='line_1_10' title="bbox 266 1046 1842 1123; baseline 0.003 -22"><span class='ocrx_word' id='word_1_61' title='bbox 266 1046 596 1110; x_wconf 78' lang='grc' dir='ltr'><strong>ἀπεδέξασθε</strong></span> <span class='ocrx_word' id='word_1_62' title='bbox 637 1048 706 1100; x_wconf 73' lang='grc' dir='ltr'><strong>τὰ</strong></span> <span class='ocrx_word' id='word_1_63' title='bbox 748 1048 1012 1118; x_wconf 68' lang='grc' dir='ltr'><strong>εἰρημένα</strong></span> <span class='ocrx_word' id='word_1_64' title='bbox 1050 1051 1181 1120; x_wconf 83' lang='grc' dir='ltr'><strong>παρ’</strong></span> <span class='ocrx_word' id='word_1_65' title='bbox 1213 1050 1401 1115; x_wconf 69' lang='grc' dir='ltr'><strong>αὐτοῦ,</strong></span> <span class='ocrx_word' id='word_1_66' title='bbox 1446 1054 1540 1105; x_wconf 74' lang='grc' dir='ltr'><strong>καὶ</strong></span> <span class='ocrx_word' id='word_1_67' title='bbox 1577 1052 1842 1123; x_wconf 74' lang='grc' dir='ltr'>ἠγαλλιά-</span> 
     </span>
    </p>
   </div>
   <div class='ocr_carea' id='block_1_11' title="bbox 271 1134 1840 1212">
    <p class='ocr_par' dir='ltr' id='par_1_11' title="bbox 271 1134 1840 1212">
     <span class='ocr_line' id='line_1_11' title="bbox 271 1134 1840 1212; baseline 0.001 -19"><span class='ocrx_word' id='word_1_68' title='bbox 271 1138 436 1209; x_wconf 85' lang='grc' dir='ltr'><strong>σθητε</strong></span> <span class='ocrx_word' id='word_1_69' title='bbox 467 1139 524 1192; x_wconf 87' lang='grc' dir='ltr'><strong>ἐν</strong></span> <span class='ocrx_word' id='word_1_70' title='bbox 553 1139 704 1210; x_wconf 77' lang='grc' dir='ltr'><strong>αὑτῷ</strong></span> <span class='ocrx_word' id='word_1_71' title='bbox 723 1154 737 1169; x_wconf 82' lang='lat'><strong><em>°</em></strong></span> <span class='ocrx_word' id='word_1_72' title='bbox 772 1134 892 1193; x_wconf 84' lang='grc' dir='ltr'><strong>εἶτα</strong></span> <span class='ocrx_word' id='word_1_73' title='bbox 921 1140 1302 1211; x_wconf 79' lang='grc' dir='ltr'><strong>ἐπιλαθόμενοι</strong></span> <span class='ocrx_word' id='word_1_74' title='bbox 1332 1135 1406 1194; x_wconf 80' lang='grc' dir='ltr'><strong>ὧν</strong></span> <span class='ocrx_word' id='word_1_75' title='bbox 1437 1142 1566 1212; x_wconf 70' lang='grc' dir='ltr'><strong>περὶ</strong></span> <span class='ocrx_word' id='word_1_76' title='bbox 1596 1142 1731 1211; x_wconf 88' lang='grc' dir='ltr'><strong>ἐμοῦ</strong></span> <span class='ocrx_word' id='word_1_77' title='bbox 1764 1138 1840 1195; x_wconf 80' lang='grc' dir='ltr'><strong>εἶ-</strong></span> 
     </span>
    </p>
   </div>
   <div class='ocr_carea' id='block_1_12' title="bbox 269 1232 1840 1305">
    <p class='ocr_par' dir='ltr' id='par_1_12' title="bbox 269 1232 1840 1305">
     <span class='ocr_line' id='line_1_12' title="bbox 269 1232 1840 1305; baseline 0.001 -21"><span class='ocrx_word' id='word_1_78' title='bbox 269 1247 392 1297; x_wconf 85' lang='grc' dir='ltr'><strong>πεν,</strong></span> <span class='ocrx_word' id='word_1_79' title='bbox 435 1232 687 1301; x_wconf 82' lang='grc' dir='ltr'><strong>ἐμείνατε</strong></span> <span class='ocrx_word' id='word_1_80' title='bbox 727 1234 820 1285; x_wconf 69' lang='grc' dir='ltr'><strong>ἐπὶ</strong></span> <span class='ocrx_word' id='word_1_81' title='bbox 858 1236 956 1303; x_wconf 80' lang='grc' dir='ltr'><strong>τῆς</strong></span> <span class='ocrx_word' id='word_1_82' title='bbox 997 1235 1269 1305; x_wconf 81' lang='grc' dir='ltr'><strong>προτέρας</strong></span> <span class='ocrx_word' id='word_1_83' title='bbox 1310 1236 1589 1298; x_wconf 83' lang='grc' dir='ltr'><strong>ἀπιστίας.</strong></span> <span class='ocrx_word' id='word_1_84' title='bbox 1631 1235 1694 1287; x_wconf 79' lang='grc' dir='ltr'><strong>Εἰ</strong></span> <span class='ocrx_word' id='word_1_85' title='bbox 1733 1235 1840 1305; x_wconf 78' lang='grc' dir='ltr'><strong>γὰρ</strong></span> 
     </span>
    </p>
   </div>
   <div class='ocr_carea' id='block_1_13' title="bbox 270 1323 1842 1398">
    <p class='ocr_par' dir='ltr' id='par_1_13' title="bbox 270 1323 1842 1398">
     <span class='ocr_line' id='line_1_13' title="bbox 270 1323 1842 1398; baseline 0.004 -23"><span class='ocrx_word' id='word_1_86' title='bbox 270 1323 463 1391; x_wconf 82' lang='grc' dir='ltr'><strong>ἐκείνῳ</strong></span> <span class='ocrx_word' id='word_1_87' title='bbox 498 1323 643 1390; x_wconf 69' lang='grc' dir='ltr'><strong>άπαξ</strong></span> <span class='ocrx_word' id='word_1_88' title='bbox 680 1324 911 1393; x_wconf 74' lang='grc' dir='ltr'><strong>βεϐαίως</strong></span> <span class='ocrx_word' id='word_1_89' title='bbox 945 1325 1325 1389; x_wconf 70' lang='grc' dir='ltr'><strong>ἐπιστεύσατε,</strong></span> <span class='ocrx_word' id='word_1_90' title='bbox 1357 1326 1567 1397; x_wconf 77' lang='grc' dir='ltr'><strong>ταχέως</strong></span> <span class='ocrx_word' id='word_1_91' title='bbox 1599 1328 1666 1382; x_wconf 83' lang='grc' dir='ltr'><strong>ἂν</strong></span> <span class='ocrx_word' id='word_1_92' title='bbox 1695 1328 1842 1398; x_wconf 82' lang='grc' dir='ltr'><strong>ὑμᾶς</strong></span> 
     </span>
    </p>
   </div>
   <div class='ocr_carea' id='block_1_14' title="bbox 270 1414 1372 1487">
    <p class='ocr_par' dir='ltr' id='par_1_14' title="bbox 270 1414 1372 1487">
     <span class='ocr_line' id='line_1_14' title="bbox 270 1414 1372 1487; baseline 0.005 -21"><span class='ocrx_word' id='word_1_93' title='bbox 270 1414 405 1485; x_wconf 79' lang='grc' dir='ltr'><strong>πρὸς</strong></span> <span class='ocrx_word' id='word_1_94' title='bbox 430 1415 533 1487; x_wconf 82' lang='grc' dir='ltr'><strong>τὴν</strong></span> <span class='ocrx_word' id='word_1_95' title='bbox 560 1414 698 1485; x_wconf 81' lang='grc' dir='ltr'><strong>ἐμὴν</strong></span> <span class='ocrx_word' id='word_1_96' title='bbox 728 1414 1137 1487; x_wconf 69' lang='grc' dir='ltr'><strong>ἐχειραγώγησε</strong></span> <span class='ocrx_word' id='word_1_97' title='bbox 1168 1417 1372 1471; x_wconf 83' lang='grc' dir='ltr'><strong>πίστιν.</strong></span> 
     </span>
    </p>
   </div>
   <div class='ocr_carea' id='block_1_15' title="bbox 347 1701 1831 1775">
    <p class='ocr_par' dir='ltr' id='par_1_15' title="bbox 347 1701 1831 1775">
     <span class='ocr_line' id='line_1_15' title="bbox 347 1701 1831 1775; baseline 0 -20"><span class='ocrx_word' id='word_1_98' title='bbox 347 1722 366 1754; x_wconf 77' lang='grc' dir='ltr'><strong>ι</strong></span> <span class='ocrx_word' id='word_1_99' title='bbox 418 1702 561 1771; x_wconf 81' lang='grc' dir='ltr'><strong>Ἐγὼ</strong></span> <span class='ocrx_word' id='word_1_100' title='bbox 594 1703 650 1756; x_wconf 78' lang='grc' dir='ltr'><strong>δὲ</strong></span> <span class='ocrx_word' id='word_1_101' title='bbox 685 1701 792 1774; x_wconf 83' lang='grc' dir='ltr'><strong>ἔχω</strong></span> <span class='ocrx_word' id='word_1_102' title='bbox 821 1703 922 1774; x_wconf 78' lang='grc' dir='ltr'><strong>τὴν</strong></span> <span class='ocrx_word' id='word_1_103' title='bbox 963 1702 1269 1775; x_wconf 78' lang='grc' dir='ltr'><strong>μαρτυρίαν</strong></span> <span class='ocrx_word' id='word_1_104' title='bbox 1305 1704 1479 1775; x_wconf 79' lang='grc' dir='ltr'><strong>μειζω</strong></span> <span class='ocrx_word' id='word_1_105' title='bbox 1506 1704 1601 1757; x_wconf 89' lang='grc' dir='ltr'><strong>τοῦ</strong></span> <span class='ocrx_word' id='word_1_106' title='bbox 1646 1701 1831 1757; x_wconf 85' lang='grc' dir='ltr'>Ἰωάν-</span> 
     </span>
    </p>
   </div>
   <div class='ocr_carea' id='block_1_16' title="bbox 268 1793 1844 1866">
    <p class='ocr_par' dir='ltr' id='par_1_16' title="bbox 268 1793 1844 1866">
     <span class='ocr_line' id='line_1_16' title="bbox 268 1793 1844 1866; baseline 0.001 -21"><span class='ocrx_word' id='word_1_107' title='bbox 268 1809 383 1847; x_wconf 89' lang='grc' dir='ltr'><strong>νου.</strong></span> <span class='ocrx_word' id='word_1_108' title='bbox 429 1794 511 1849; x_wconf 80' lang='grc' dir='ltr'><strong>Τὰ</strong></span> <span class='ocrx_word' id='word_1_109' title='bbox 556 1793 666 1864; x_wconf 83' lang='grc' dir='ltr'><strong>γὰρ</strong></span> <span class='ocrx_word' id='word_1_110' title='bbox 713 1793 852 1863; x_wconf 72' lang='grc' dir='ltr'><strong>ἔργα</strong></span> <span class='ocrx_word' id='word_1_111' title='bbox 897 1793 934 1849; x_wconf 78' lang='grc' dir='ltr'>ἃ</span> <span class='ocrx_word' id='word_1_112' title='bbox 973 1794 1141 1850; x_wconf 76' lang='grc' dir='ltr'><strong>ἔδωκέ</strong></span> <span class='ocrx_word' id='word_1_113' title='bbox 1175 1812 1265 1866; x_wconf 91' lang='grc' dir='ltr'><strong>μοι</strong></span> <span class='ocrx_word' id='word_1_114' title='bbox 1313 1797 1342 1849; x_wconf 91' lang='grc' dir='ltr'><strong>ό</strong></span> <span class='ocrx_word' id='word_1_115' title='bbox 1388 1794 1597 1866; x_wconf 82' lang='grc' dir='ltr'><strong>Πατὴρ,</strong></span> <span class='ocrx_word' id='word_1_116' title='bbox 1630 1794 1717 1847; x_wconf 82' lang='grc' dir='ltr'><strong>ἵνα</strong></span> <span class='ocrx_word' id='word_1_117' title='bbox 1752 1810 1844 1846; x_wconf 89' lang='grc' dir='ltr'><strong>τε-</strong></span> 
     </span>
    </p>
   </div>
   <div class='ocr_carea' id='block_1_17' title="bbox 1942 694 3623 767">
    <p class='ocr_par' dir='ltr' id='par_1_17' title="bbox 1942 694 3623 767">
     <span class='ocr_line' id='line_1_17' title="bbox 1942 694 3623 767; baseline 0.001 -18"><span class='ocrx_word' id='word_1_118' title='bbox 1942 704 1993 749; x_wconf 87' lang='lat' dir='ltr'><strong>et</strong></span> <span class='ocrx_word' id='word_1_119' title='bbox 2022 695 2225 765; x_wconf 82' lang='lat' dir='ltr'><strong>recipio</strong></span> <span class='ocrx_word' id='word_1_120' title='bbox 2258 695 2420 749; x_wconf 89' lang='lat' dir='ltr'><strong>etiam</strong></span> <span class='ocrx_word' id='word_1_121' title='bbox 2468 696 2685 767; x_wconf 88' lang='lat' dir='ltr'><strong>indigna</strong></span> <span class='ocrx_word' id='word_1_122' title='bbox 2736 711 2853 752; x_wconf 83' lang='lat' dir='ltr'><strong>mea</strong></span> <span class='ocrx_word' id='word_1_123' title='bbox 2885 698 3103 764; x_wconf 86' lang='lat' dir='ltr'><strong>deitate,</strong></span> <span class='ocrx_word' id='word_1_124' title='bbox 3137 709 3193 752; x_wconf 92' lang='lat' dir='ltr'><strong>ut</strong></span> <span class='ocrx_word' id='word_1_125' title='bbox 3237 713 3332 753; x_wconf 85' lang='lat' dir='ltr'><strong>vos</strong></span> <span class='ocrx_word' id='word_1_126' title='bbox 3380 699 3513 750; x_wconf 86' lang='lat' dir='ltr'><strong>salvi</strong></span> <span class='ocrx_word' id='word_1_127' title='bbox 3616 694 3623 697; x_wconf 24' lang='grc' dir='ltr'>ι</span> 
     </span>
    </p>
   </div>
   <div class='ocr_carea' id='block_1_18' title="bbox 1943 786 3512 852">
    <p class='ocr_par' dir='ltr' id='par_1_18' title="bbox 1943 786 3512 852">
     <span class='ocr_line' id='line_1_18' title="bbox 1943 786 3512 852; baseline 0.002 -13"><span class='ocrx_word' id='word_1_128' title='bbox 1943 786 2117 841; x_wconf 72' lang='lat' dir='ltr'><strong>fialis.</strong></span> <span class='ocrx_word' id='word_1_129' title='bbox 2138 786 2437 842; x_wconf 84' lang='lat' dir='ltr'><strong>Lucernam</strong></span> <span class='ocrx_word' id='word_1_130' title='bbox 2469 798 2649 843; x_wconf 90' lang='lat' dir='ltr'><strong>autem</strong></span> <span class='ocrx_word' id='word_1_131' title='bbox 2698 790 2974 843; x_wconf 78' lang='lat' dir='ltr'><strong>ardentem</strong></span> <span class='ocrx_word' id='word_1_132' title='bbox 3028 787 3295 843; x_wconf 84' lang='lat' dir='ltr'><strong>Joannem</strong></span> <span class='ocrx_word' id='word_1_133' title='bbox 3347 790 3512 852; x_wconf 87' lang='lat' dir='ltr'><strong>dicit,</strong></span> 
     </span>
    </p>
   </div>
   <div class='ocr_carea' id='block_1_19' title="bbox 1942 879 3515 950">
    <p class='ocr_par' dir='ltr' id='par_1_19' title="bbox 1942 879 3515 950">
     <span class='ocr_line' id='line_1_19' title="bbox 1942 879 3515 950; baseline 0 -16"><span class='ocrx_word' id='word_1_134' title='bbox 1942 895 2007 934; x_wconf 90' lang='lat' dir='ltr'><strong>eo</strong></span> <span class='ocrx_word' id='word_1_135' title='bbox 2035 882 2177 948; x_wconf 89' lang='lat' dir='ltr'><strong>quod</strong></span> <span class='ocrx_word' id='word_1_136' title='bbox 2211 882 2275 934; x_wconf 89' lang='lat' dir='ltr'><strong>dc</strong></span> <span class='ocrx_word' id='word_1_137' title='bbox 2310 889 2450 934; x_wconf 89' lang='lat' dir='ltr'><strong>terra</strong></span> <span class='ocrx_word' id='word_1_138' title='bbox 2482 880 2645 934; x_wconf 91' lang='lat' dir='ltr'><strong>habet</strong></span> <span class='ocrx_word' id='word_1_139' title='bbox 2674 879 3073 946; x_wconf 84' lang='lat' dir='ltr'><strong>formationem,</strong></span> <span class='ocrx_word' id='word_1_140' title='bbox 3104 890 3160 935; x_wconf 91' lang='lat' dir='ltr'><strong>et</strong></span> <span class='ocrx_word' id='word_1_141' title='bbox 3187 896 3292 935; x_wconf 88' lang='lat' dir='ltr'><strong>non</strong></span> <span class='ocrx_word' id='word_1_142' title='bbox 3326 897 3421 950; x_wconf 88' lang='lat' dir='ltr'><strong>per</strong></span> <span class='ocrx_word' id='word_1_143' title='bbox 3453 896 3515 934; x_wconf 83' lang='lat' dir='ltr'><strong>se</strong></span> 
     </span>
    </p>
   </div>
   <div class='ocr_carea' id='block_1_20' title="bbox 1943 973 3514 1042">
    <p class='ocr_par' dir='ltr' id='par_1_20' title="bbox 1943 973 3514 1042">
     <span class='ocr_line' id='line_1_20' title="bbox 1943 973 3514 1042; baseline -0.001 -15"><span class='ocrx_word' id='word_1_144' title='bbox 1943 973 2116 1042; x_wconf 84' lang='lat' dir='ltr'><strong>ipsum</strong></span> <span class='ocrx_word' id='word_1_145' title='bbox 2149 980 2234 1028; x_wconf 90' lang='lat' dir='ltr'><strong>est</strong></span> <span class='ocrx_word' id='word_1_146' title='bbox 2265 973 2469 1035; x_wconf 84' lang='lat' dir='ltr'><strong>lumen,</strong></span> <span class='ocrx_word' id='word_1_147' title='bbox 2505 973 2598 1027; x_wconf 90' lang='lat' dir='ltr'><strong>sed</strong></span> <span class='ocrx_word' id='word_1_148' title='bbox 2631 988 2659 1024; x_wconf 75' lang='grc' dir='ltr'><strong>ιι</strong></span> <span class='ocrx_word' id='word_1_149' title='bbox 2694 973 2863 1040; x_wconf 84' lang='lat' dir='ltr'><strong>gratia</strong></span> <span class='ocrx_word' id='word_1_150' title='bbox 2908 974 3166 1041; x_wconf 86' lang='lat' dir='ltr'><strong>Spiritus.</strong></span> <span class='ocrx_word' id='word_1_151' title='bbox 3209 988 3272 1026; x_wconf 84' lang='lat' dir='ltr'><strong>ac</strong></span> <span class='ocrx_word' id='word_1_152' title='bbox 3304 983 3514 1040; x_wconf 76' lang='lat' dir='ltr'><strong>tempo-</strong></span> 
     </span>
    </p>
   </div>
   <div class='ocr_carea' id='block_1_21' title="bbox 1942 1064 3514 1135">
    <p class='ocr_par' dir='ltr' id='par_1_21' title="bbox 1942 1064 3514 1135">
     <span class='ocr_line' id='line_1_21' title="bbox 1942 1064 3514 1135; baseline -0.004 -15"><span class='ocrx_word' id='word_1_153' title='bbox 1942 1067 2170 1122; x_wconf 88' lang='lat' dir='ltr'><strong>rarium.</strong></span> <span class='ocrx_word' id='word_1_154' title='bbox 2232 1066 2302 1119; x_wconf 82' lang='lat' dir='ltr'><strong>At</strong></span> <span class='ocrx_word' id='word_1_155' title='bbox 2347 1067 2437 1119; x_wconf 82' lang='lat' dir='ltr'><strong>ubi</strong></span> <span class='ocrx_word' id='word_1_156' title='bbox 2497 1065 2745 1135; x_wconf 82' lang='lat' dir='ltr'><strong>apparuit</strong></span> <span class='ocrx_word' id='word_1_157' title='bbox 2799 1065 2915 1119; x_wconf 90' lang='lat' dir='ltr'><strong>dies</strong></span> <span class='ocrx_word' id='word_1_158' title='bbox 2971 1064 3205 1128; x_wconf 90' lang='lat' dir='ltr'><strong>Domini,</strong></span> <span class='ocrx_word' id='word_1_159' title='bbox 3253 1066 3357 1119; x_wconf 86' lang='lat' dir='ltr'><strong>hoc</strong></span> <span class='ocrx_word' id='word_1_160' title='bbox 3407 1074 3514 1127; x_wconf 74' lang='lat' dir='ltr'><strong>est,</strong></span> 
     </span>
    </p>
   </div>
   <div class='ocr_carea' id='block_1_22' title="bbox 1942 1154 3511 1226">
    <p class='ocr_par' dir='ltr' id='par_1_22' title="bbox 1942 1154 3511 1226">
     <span class='ocr_line' id='line_1_22' title="bbox 1942 1154 3511 1226; baseline -0.005 -13"><span class='ocrx_word' id='word_1_161' title='bbox 1942 1160 2210 1224; x_wconf 80' lang='lat' dir='ltr'><strong>doctrina,</strong></span> <span class='ocrx_word' id='word_1_162' title='bbox 2245 1159 2458 1214; x_wconf 88' lang='lat' dir='ltr'><strong>occulta</strong></span> <span class='ocrx_word' id='word_1_163' title='bbox 2505 1167 2590 1211; x_wconf 89' lang='lat' dir='ltr'><strong>est</strong></span> <span class='ocrx_word' id='word_1_164' title='bbox 2638 1157 2885 1213; x_wconf 78' lang='lat' dir='ltr'><strong>lucerna.</strong></span> <span class='ocrx_word' id='word_1_165' title='bbox 2921 1154 3086 1226; x_wconf 75' lang='lat'><strong>518</strong></span> <span class='ocrx_word' id='word_1_166' title='bbox 3113 1158 3380 1211; x_wconf 65' lang='lat' dir='ltr'><strong>Casterum</strong></span> <span class='ocrx_word' id='word_1_167' title='bbox 3417 1170 3511 1208; x_wconf 79' lang='lat' dir='ltr'><strong>vos</strong></span> 
     </span>
    </p>
   </div>
   <div class='ocr_carea' id='block_1_23' title="bbox 1944 1242 3515 1319">
    <p class='ocr_par' dir='ltr' id='par_1_23' title="bbox 1944 1242 3515 1319">
     <span class='ocr_line' id='line_1_23' title="bbox 1944 1242 3515 1319; baseline -0.006 -11"><span class='ocrx_word' id='word_1_168' title='bbox 1944 1254 2010 1308; x_wconf 89' lang='lat' dir='ltr'><strong>ad</strong></span> <span class='ocrx_word' id='word_1_169' title='bbox 2048 1242 2235 1307; x_wconf 87' lang='lat' dir='ltr'><strong>horam</strong></span> <span class='ocrx_word' id='word_1_170' title='bbox 2260 1250 2476 1319; x_wconf 88' lang='lat' dir='ltr'><strong>quidem</strong></span> <span class='ocrx_word' id='word_1_171' title='bbox 2518 1249 2802 1315; x_wconf 83' lang='lat' dir='ltr'><strong>recepistis</strong></span> <span class='ocrx_word' id='word_1_172' title='bbox 2848 1262 2910 1302; x_wconf 90' lang='lat' dir='ltr'><strong>ea</strong></span> <span class='ocrx_word' id='word_1_173' title='bbox 2961 1262 3079 1316; x_wconf 69' lang='lat' dir='ltr'><strong>qua:</strong></span> <span class='ocrx_word' id='word_1_174' title='bbox 3117 1248 3185 1302; x_wconf 89' lang='lat' dir='ltr'><strong>ab</strong></span> <span class='ocrx_word' id='word_1_175' title='bbox 3233 1247 3325 1301; x_wconf 93' lang='lat' dir='ltr'><strong>illo</strong></span> <span class='ocrx_word' id='word_1_176' title='bbox 3376 1247 3515 1301; x_wconf 90' lang='lat' dir='ltr'><strong>dicta</strong></span> 
     </span>
    </p>
   </div>
   <div class='ocr_carea' id='block_1_24' title="bbox 1943 1334 3514 1407">
    <p class='ocr_par' dir='ltr' id='par_1_24' title="bbox 1943 1334 3514 1407">
     <span class='ocr_line' id='line_1_24' title="bbox 1943 1334 3514 1407; baseline -0.004 -14"><span class='ocrx_word' id='word_1_177' title='bbox 1943 1351 2088 1407; x_wconf 85' lang='lat' dir='ltr'><strong>sunt,</strong></span> <span class='ocrx_word' id='word_1_178' title='bbox 2123 1350 2174 1395; x_wconf 92' lang='lat' dir='ltr'><strong>et</strong></span> <span class='ocrx_word' id='word_1_179' title='bbox 2211 1339 2494 1394; x_wconf 79' lang='lat' dir='ltr'><strong>exultastis</strong></span> <span class='ocrx_word' id='word_1_180' title='bbox 2532 1337 2585 1391; x_wconf 92' lang='lat' dir='ltr'><strong>in</strong></span> <span class='ocrx_word' id='word_1_181' title='bbox 2636 1339 2777 1406; x_wconf 89' lang='lat' dir='ltr'><strong>ipso,</strong></span> <span class='ocrx_word' id='word_1_182' title='bbox 2816 1344 2873 1390; x_wconf 89' lang='lat' dir='ltr'><strong>et</strong></span> <span class='ocrx_word' id='word_1_183' title='bbox 2910 1335 3102 1392; x_wconf 86' lang='lat' dir='ltr'><strong>deinde</strong></span> <span class='ocrx_word' id='word_1_184' title='bbox 3129 1334 3280 1390; x_wconf 84' lang='lat' dir='ltr'><strong>obliti</strong></span> <span class='ocrx_word' id='word_1_185' title='bbox 3324 1348 3514 1389; x_wconf 89' lang='lat' dir='ltr'><strong>eorum</strong></span> 
     </span>
    </p>
   </div>
   <div class='ocr_carea' id='block_1_25' title="bbox 1943 1425 3512 1504">
    <p class='ocr_par' dir='ltr' id='par_1_25' title="bbox 1943 1425 3512 1504">
     <span class='ocr_line' id='line_1_25' title="bbox 1943 1425 3512 1504; baseline -0.005 -18"><span class='ocrx_word' id='word_1_186' title='bbox 1943 1450 2064 1504; x_wconf 80' lang='lat' dir='ltr'><strong>quze</strong></span> <span class='ocrx_word' id='word_1_187' title='bbox 2098 1434 2164 1488; x_wconf 86' lang='lat' dir='ltr'><strong>de</strong></span> <span class='ocrx_word' id='word_1_188' title='bbox 2194 1448 2277 1486; x_wconf 88' lang='lat' dir='ltr'><strong>me</strong></span> <span class='ocrx_word' id='word_1_189' title='bbox 2314 1430 2484 1494; x_wconf 75' lang='lat' dir='ltr'><strong>dixit,</strong></span> <span class='ocrx_word' id='word_1_190' title='bbox 2518 1429 2799 1484; x_wconf 84' lang='lat' dir='ltr'><strong>mansistis</strong></span> <span class='ocrx_word' id='word_1_191' title='bbox 2834 1428 2886 1481; x_wconf 91' lang='lat' dir='ltr'><strong>in</strong></span> <span class='ocrx_word' id='word_1_192' title='bbox 2920 1426 3090 1496; x_wconf 82' lang='lat' dir='ltr'><strong>priori</strong></span> <span class='ocrx_word' id='word_1_193' title='bbox 3117 1425 3512 1482; x_wconf 78' lang='lat' dir='ltr'><strong>incredulitate.</strong></span> 
     </span>
    </p>
   </div>
   <div class='ocr_carea' id='block_1_26' title="bbox 1942 1516 3518 1585">
    <p class='ocr_par' dir='ltr' id='par_1_26' title="bbox 1942 1516 3518 1585">
     <span class='ocr_line' id='line_1_26' title="bbox 1942 1516 3518 1585; baseline -0.006 -7"><span class='ocrx_word' id='word_1_194' title='bbox 1942 1525 2080 1578; x_wconf 79' lang='lat' dir='ltr'><strong>Nam</strong></span> <span class='ocrx_word' id='word_1_195' title='bbox 2127 1523 2172 1577; x_wconf 91' lang='lat' dir='ltr'><strong>si</strong></span> <span class='ocrx_word' id='word_1_196' title='bbox 2228 1522 2300 1576; x_wconf 91' lang='lat' dir='ltr'><strong>illi</strong></span> <span class='ocrx_word' id='word_1_197' title='bbox 2334 1520 2500 1575; x_wconf 89' lang='lat' dir='ltr'><strong>semel</strong></span> <span class='ocrx_word' id='word_1_198' title='bbox 2557 1519 2785 1573; x_wconf 87' lang='lat' dir='ltr'><strong>firmiter</strong></span> <span class='ocrx_word' id='word_1_199' title='bbox 2812 1516 3204 1584; x_wconf 86' lang='lat' dir='ltr'><strong>credidissetis,</strong></span> <span class='ocrx_word' id='word_1_200' title='bbox 3245 1516 3518 1585; x_wconf 80' lang='lat' dir='ltr'><strong>quampri-</strong></span> 
     </span>
    </p>
   </div>
   <div class='ocr_carea' id='block_1_27' title="bbox 1943 1609 3059 1681">
    <p class='ocr_par' dir='ltr' id='par_1_27' title="bbox 1943 1609 3059 1681">
     <span class='ocr_line' id='line_1_27' title="bbox 1943 1609 3059 1681; baseline -0.01 -9"><span class='ocrx_word' id='word_1_201' title='bbox 1943 1631 2088 1672; x_wconf 89' lang='lat' dir='ltr'><strong>mum</strong></span> <span class='ocrx_word' id='word_1_202' title='bbox 2125 1629 2221 1669; x_wconf 86' lang='lat' dir='ltr'><strong>vos</strong></span> <span class='ocrx_word' id='word_1_203' title='bbox 2243 1612 2309 1668; x_wconf 89' lang='lat' dir='ltr'><strong>ad</strong></span> <span class='ocrx_word' id='word_1_204' title='bbox 2340 1626 2512 1681; x_wconf 81' lang='lat' dir='ltr'><strong>meam</strong></span> <span class='ocrx_word' id='word_1_205' title='bbox 2538 1609 2849 1666; x_wconf 75' lang='lat' dir='ltr'><strong>adduxisset</strong></span> <span class='ocrx_word' id='word_1_206' title='bbox 2878 1610 3059 1663; x_wconf 83' lang='lat' dir='ltr'><strong>fidem.</strong></span> 
     </span>
    </p>
   </div>
   <div class='ocr_carea' id='block_1_28' title="bbox 2012 1695 3505 1775">
    <p class='ocr_par' dir='ltr' id='par_1_28' title="bbox 2012 1695 3505 1775">
     <span class='ocr_line' id='line_1_28' title="bbox 2012 1695 3505 1775; baseline -0.011 -11"><span class='ocrx_word' id='word_1_207' title='bbox 2012 1708 2177 1764; x_wconf 70' lang='lat' dir='ltr'><strong>Vsus.</strong></span> <span class='ocrx_word' id='word_1_208' title='bbox 2208 1706 2396 1763; x_wconf 75' lang='lat'><strong>56—38.</strong></span> <span class='ocrx_word' id='word_1_209' title='bbox 2435 1724 2455 1758; x_wconf 79' lang='grc' dir='ltr'><strong>ι</strong></span> <span class='ocrx_word' id='word_1_210' title='bbox 2488 1705 2556 1760; x_wconf 78' lang='lat' dir='ltr'><strong>At</strong></span> <span class='ocrx_word' id='word_1_211' title='bbox 2594 1717 2694 1775; x_wconf 91' lang='lat' dir='ltr'><strong>ego</strong></span> <span class='ocrx_word' id='word_1_212' title='bbox 2724 1701 3095 1758; x_wconf 90' lang='lat' dir='ltr'><strong>testimonium</strong></span> <span class='ocrx_word' id='word_1_213' title='bbox 3128 1699 3303 1754; x_wconf 85' lang='lat' dir='ltr'><strong>habeo</strong></span> <span class='ocrx_word' id='word_1_214' title='bbox 3331 1695 3505 1764; x_wconf 85' lang='lat' dir='ltr'><strong>majus</strong></span> 
     </span>
    </p>
   </div>
   <div class='ocr_carea' id='block_1_29' title="bbox 1944 1787 3515 1866">
    <p class='ocr_par' dir='ltr' id='par_1_29' title="bbox 1944 1787 3515 1866">
     <span class='ocr_line' id='line_1_29' title="bbox 1944 1787 3515 1866; baseline -0.01 -11"><span class='ocrx_word' id='word_1_215' title='bbox 1944 1799 2257 1856; x_wconf 88' lang='lat' dir='ltr'><strong>testimonio</strong></span> <span class='ocrx_word' id='word_1_216' title='bbox 2303 1796 2548 1852; x_wconf 79' lang='lat' dir='ltr'><strong>Joannis.</strong></span> <span class='ocrx_word' id='word_1_217' title='bbox 2597 1794 2773 1866; x_wconf 86' lang='lat' dir='ltr'><strong>Opera</strong></span> <span class='ocrx_word' id='word_1_218' title='bbox 2813 1794 2957 1849; x_wconf 88' lang='lat' dir='ltr'><strong>enim</strong></span> <span class='ocrx_word' id='word_1_219' title='bbox 2999 1807 3121 1861; x_wconf 65' lang='lat' dir='ltr'><strong>quae</strong></span> <span class='ocrx_word' id='word_1_220' title='bbox 3178 1790 3324 1845; x_wconf 81' lang='lat' dir='ltr'><strong>dedit</strong></span> <span class='ocrx_word' id='word_1_221' title='bbox 3382 1787 3515 1843; x_wconf 85' lang='lat' dir='ltr'><strong>mihi</strong></span> 
     </span>
    </p>
   </div>
   <div class='ocr_carea' id='block_1_30' title="bbox 269 1880 1856 1961">
    <p class='ocr_par' dir='ltr' id='par_1_30' title="bbox 269 1886 1845 1958">
     <span class='ocr_line' id='line_1_30' title="bbox 269 1886 1845 1958; baseline -0.002 -17"><span class='ocrx_word' id='word_1_222' title='bbox 269 1886 488 1941; x_wconf 83' lang='grc' dir='ltr'><strong>λειώσω</strong></span> <span class='ocrx_word' id='word_1_223' title='bbox 537 1888 697 1954; x_wconf 71' lang='grc' dir='ltr'><strong>αὐτὰ,</strong></span> <span class='ocrx_word' id='word_1_224' title='bbox 735 1887 874 1940; x_wconf 83' lang='grc' dir='ltr'><strong>αὑτὰ</strong></span> <span class='ocrx_word' id='word_1_225' title='bbox 902 1887 971 1942; x_wconf 78' lang='grc' dir='ltr'><strong>τὰ</strong></span> <span class='ocrx_word' id='word_1_226' title='bbox 1001 1889 1139 1958; x_wconf 75' lang='grc' dir='ltr'><strong>ἔργα</strong></span> <span class='ocrx_word' id='word_1_227' title='bbox 1172 1888 1213 1943; x_wconf 75' lang='lat'><em>6.</em></span> <span class='ocrx_word' id='word_1_228' title='bbox 1238 1887 1351 1958; x_wconf 86' lang='grc' dir='ltr'><strong>ἐγὼ</strong></span> <span class='ocrx_word' id='word_1_229' title='bbox 1381 1889 1540 1953; x_wconf 85' lang='grc' dir='ltr'><strong>ποιῶ,</strong></span> <span class='ocrx_word' id='word_1_230' title='bbox 1578 1888 1845 1958; x_wconf 76' lang='grc' dir='ltr'><strong>μαρτυρεῖ</strong></span> 
     </span>
    </p>
   </div>
   <div class='ocr_carea' id='block_1_31' title="bbox 1958 1880 3516 1961">
    <p class='ocr_par' dir='ltr' id='par_1_31' title="bbox 1958 1880 3516 1961">
     <span class='ocr_line' id='line_1_31' title="bbox 1958 1880 3516 1961; baseline -0.011 -14"><span class='ocrx_word' id='word_1_231' title='bbox 1958 1894 2112 1948; x_wconf 85' lang='lat' dir='ltr'><strong>Pater</strong></span> <span class='ocrx_word' id='word_1_232' title='bbox 2159 1903 2220 1947; x_wconf 91' lang='lat' dir='ltr'><strong>ut</strong></span> <span class='ocrx_word' id='word_1_233' title='bbox 2287 1890 2561 1961; x_wconf 80' lang='lat' dir='ltr'><strong>perficiam</strong></span> <span class='ocrx_word' id='word_1_234' title='bbox 2606 1903 2691 1953; x_wconf 91' lang='lat' dir='ltr'><strong>ea,</strong></span> <span class='ocrx_word' id='word_1_235' title='bbox 2745 1888 2857 1954; x_wconf 89' lang='lat' dir='ltr'><strong>ipsa</strong></span> <span class='ocrx_word' id='word_1_236' title='bbox 2903 1899 3065 1953; x_wconf 83' lang='lat' dir='ltr'><strong>opera</strong></span> <span class='ocrx_word' id='word_1_237' title='bbox 3121 1898 3242 1952; x_wconf 71' lang='lat' dir='ltr'><strong>qua:</strong></span> <span class='ocrx_word' id='word_1_238' title='bbox 3300 1895 3400 1949; x_wconf 82' lang='lat' dir='ltr'><strong>ego</strong></span> <span class='ocrx_word' id='word_1_239' title='bbox 3440 1880 3516 1932; x_wconf 78' lang='lat' dir='ltr'><strong>fa-</strong></span> 
     </span>
    </p>
   </div>
   <div class='ocr_carea' id='block_1_32' title="bbox 269 1978 1847 2051">
    <p class='ocr_par' dir='ltr' id='par_1_32' title="bbox 269 1978 1847 2051">
     <span class='ocr_line' id='line_1_32' title="bbox 269 1978 1847 2051; baseline -0.001 -19"><span class='ocrx_word' id='word_1_240' title='bbox 269 1981 399 2051; x_wconf 78' lang='grc' dir='ltr'><strong>περὶ</strong></span> <span class='ocrx_word' id='word_1_241' title='bbox 448 1978 606 2050; x_wconf 87' lang='grc' dir='ltr'><strong>ἐμοῦ,</strong></span> <span class='ocrx_word' id='word_1_242' title='bbox 676 1979 759 2032; x_wconf 84' lang='grc' dir='ltr'><strong>ὃτι</strong></span> <span class='ocrx_word' id='word_1_243' title='bbox 812 1981 841 2032; x_wconf 94' lang='lat'><strong>6</strong></span> <span class='ocrx_word' id='word_1_244' title='bbox 896 1980 1087 2051; x_wconf 83' lang='grc' dir='ltr'><strong>Πατήρ</strong></span> <span class='ocrx_word' id='word_1_245' title='bbox 1146 1997 1213 2051; x_wconf 92' lang='grc' dir='ltr'><strong>με</strong></span> <span class='ocrx_word' id='word_1_246' title='bbox 1266 1979 1616 2034; x_wconf 80' lang='grc' dir='ltr'><strong>ἀπέσταλκε·</strong></span> <span class='ocrx_word' id='word_1_247' title='bbox 1657 1978 1753 2033; x_wconf 71' lang='grc' dir='ltr'><strong>καὶ</strong></span> <span class='ocrx_word' id='word_1_248' title='bbox 1818 1979 1847 2031; x_wconf 87' lang='lat'><strong>6</strong></span> 
     </span>
    </p>
   </div>
   <div class='ocr_carea' id='block_1_33' title="bbox 271 2068 1844 2144">
    <p class='ocr_par' dir='ltr' id='par_1_33' title="bbox 271 2068 1844 2144">
     <span class='ocr_line' id='line_1_33' title="bbox 271 2068 1844 2144; baseline -0.003 -19"><span class='ocrx_word' id='word_1_249' title='bbox 271 2072 502 2142; x_wconf 78' lang='grc' dir='ltr'><strong>πέμψας</strong></span> <span class='ocrx_word' id='word_1_250' title='bbox 534 2089 602 2141; x_wconf 81' lang='grc' dir='ltr'><strong>με</strong></span> <span class='ocrx_word' id='word_1_251' title='bbox 637 2071 851 2142; x_wconf 82' lang='grc' dir='ltr'><strong>Πατὴρ,</strong></span> <span class='ocrx_word' id='word_1_252' title='bbox 892 2072 1053 2136; x_wconf 82' lang='grc' dir='ltr'><strong>αὑτὸς</strong></span> <span class='ocrx_word' id='word_1_253' title='bbox 1084 2071 1475 2144; x_wconf 80' lang='grc' dir='ltr'><strong>μεμαρτύρηκε</strong></span> <span class='ocrx_word' id='word_1_254' title='bbox 1509 2070 1637 2141; x_wconf 76' lang='grc' dir='ltr'><strong>περὶ</strong></span> <span class='ocrx_word' id='word_1_255' title='bbox 1665 2068 1798 2138; x_wconf 88' lang='grc' dir='ltr'><strong>ἐμοῦ</strong></span> <span class='ocrx_word' id='word_1_256' title='bbox 1828 2084 1844 2100; x_wconf 91' lang='grc'><strong>·</strong></span> 
     </span>
    </p>
   </div>
   <div class='ocr_carea' id='block_1_34' title="bbox 270 2156 1849 2233">
    <p class='ocr_par' dir='ltr' id='par_1_34' title="bbox 270 2156 1849 2233">
     <span class='ocr_line' id='line_1_34' title="bbox 270 2156 1849 2233; baseline -0.003 -15"><span class='ocrx_word' id='word_1_257' title='bbox 270 2163 395 2219; x_wconf 83' lang='grc' dir='ltr'><strong>οῦτε</strong></span> <span class='ocrx_word' id='word_1_258' title='bbox 443 2163 630 2233; x_wconf 81' lang='grc' dir='ltr'>φωνὴν</span> <span class='ocrx_word' id='word_1_259' title='bbox 675 2162 839 2217; x_wconf 83' lang='grc' dir='ltr'><strong>αὑτοῦ</strong></span> <span class='ocrx_word' id='word_1_260' title='bbox 893 2163 1169 2229; x_wconf 82' lang='grc' dir='ltr'><strong>ἀκηκόατε</strong></span> <span class='ocrx_word' id='word_1_261' title='bbox 1216 2161 1437 2216; x_wconf 80' lang='grc' dir='ltr'><strong>πώποτε</strong></span> <span class='ocrx_word' id='word_1_262' title='bbox 1460 2202 1474 2227; x_wconf 90' lang='grc'><strong>,</strong></span> <span class='ocrx_word' id='word_1_263' title='bbox 1536 2161 1659 2215; x_wconf 77' lang='grc' dir='ltr'><strong>οὔτε</strong></span> <span class='ocrx_word' id='word_1_264' title='bbox 1709 2156 1849 2223; x_wconf 79' lang='grc' dir='ltr'><strong>εἶδος</strong></span> 
     </span>
    </p>
   </div>
   <div class='ocr_carea' id='block_1_35' title="bbox 270 2250 1849 2325">
    <p class='ocr_par' dir='ltr' id='par_1_35' title="bbox 270 2250 1849 2325">
     <span class='ocr_line' id='line_1_35' title="bbox 270 2250 1849 2325; baseline -0.004 -16"><span class='ocrx_word' id='word_1_265' title='bbox 270 2254 441 2309; x_wconf 80' lang='grc' dir='ltr'><strong>αὑτοῦ</strong></span> <span class='ocrx_word' id='word_1_266' title='bbox 487 2255 791 2325; x_wconf 81' lang='grc' dir='ltr'><strong>ἑωράκατε,</strong></span> <span class='ocrx_word' id='word_1_267' title='bbox 850 2254 944 2309; x_wconf 73' lang='grc' dir='ltr'><strong>καὶ</strong></span> <span class='ocrx_word' id='word_1_268' title='bbox 989 2254 1082 2308; x_wconf 77' lang='grc' dir='ltr'><strong>τὸν</strong></span> <span class='ocrx_word' id='word_1_269' title='bbox 1131 2253 1290 2323; x_wconf 82' lang='grc' dir='ltr'>λόγον</span> <span class='ocrx_word' id='word_1_270' title='bbox 1321 2252 1487 2307; x_wconf 83' lang='grc' dir='ltr'><strong>αὐτοῦ</strong></span> <span class='ocrx_word' id='word_1_271' title='bbox 1540 2254 1642 2307; x_wconf 80' lang='grc' dir='ltr'><strong>οὐκ</strong></span> <span class='ocrx_word' id='word_1_272' title='bbox 1697 2250 1849 2322; x_wconf 77' lang='grc' dir='ltr'><strong>ἔχετε</strong></span> 
     </span>
    </p>
   </div>
   <div class='ocr_carea' id='block_1_36' title="bbox 274 2342 1853 2422">
    <p class='ocr_par' dir='ltr' id='par_1_36' title="bbox 274 2342 1853 2422">
     <span class='ocr_line' id='line_1_36' title="bbox 274 2342 1853 2422; baseline -0.004 -21"><span class='ocrx_word' id='word_1_273' title='bbox 274 2348 507 2422; x_wconf 78' lang='grc' dir='ltr'><strong>μένοντα</strong></span> <span class='ocrx_word' id='word_1_274' title='bbox 555 2349 614 2403; x_wconf 79' lang='grc' dir='ltr'><strong>ἐν</strong></span> <span class='ocrx_word' id='word_1_275' title='bbox 663 2348 793 2419; x_wconf 81' lang='grc' dir='ltr'><strong>ὑμῖν</strong></span> <span class='ocrx_word' id='word_1_276' title='bbox 815 2363 831 2377; x_wconf 84' lang='lat'><strong><em>°</em></strong></span> <span class='ocrx_word' id='word_1_277' title='bbox 865 2347 950 2401; x_wconf 79' lang='grc' dir='ltr'><strong>ὅτι</strong></span> <span class='ocrx_word' id='word_1_278' title='bbox 991 2346 1050 2400; x_wconf 83' lang='grc' dir='ltr'><strong>δν</strong></span> <span class='ocrx_word' id='word_1_279' title='bbox 1088 2346 1375 2401; x_wconf 78' lang='grc' dir='ltr'><strong>ἀπέστειλε</strong></span> <span class='ocrx_word' id='word_1_280' title='bbox 1411 2346 1637 2409; x_wconf 83' lang='grc' dir='ltr'><strong>ἐκεῖνος,</strong></span> <span class='ocrx_word' id='word_1_281' title='bbox 1672 2342 1853 2412; x_wconf 83' lang='grc' dir='ltr'><strong>τούτῳ</strong></span> 
     </span>
    </p>
   </div>
   <div class='ocr_carea' id='block_1_37' title="bbox 271 2434 1849 2511">
    <p class='ocr_par' dir='ltr' id='par_1_37' title="bbox 271 2434 1849 2511">
     <span class='ocr_line' id='line_1_37' title="bbox 271 2434 1849 2511; baseline -0.006 -16"><span class='ocrx_word' id='word_1_282' title='bbox 271 2442 435 2511; x_wconf 81' lang='grc' dir='ltr'><strong>ὑμεῖς</strong></span> <span class='ocrx_word' id='word_1_283' title='bbox 481 2440 541 2493; x_wconf 85' lang='grc' dir='ltr'><strong>ού</strong></span> <span class='ocrx_word' id='word_1_284' title='bbox 594 2438 903 2493; x_wconf 78' lang='grc' dir='ltr'><strong>πιστεύετε.</strong></span> <span class='ocrx_word' id='word_1_285' title='bbox 960 2457 979 2491; x_wconf 77' lang='grc' dir='ltr'><strong>ι</strong></span> <span class='ocrx_word' id='word_1_286' title='bbox 1038 2436 1425 2509; x_wconf 83' lang='grc' dir='ltr'><strong>Ἐμαρτύρησε</strong></span> <span class='ocrx_word' id='word_1_287' title='bbox 1486 2436 1608 2508; x_wconf 89' lang='grc' dir='ltr'><strong>μέν,</strong></span> <span class='ocrx_word' id='word_1_288' title='bbox 1662 2434 1849 2505; x_wconf 70' lang='grc' dir='ltr'><strong>φησιν,</strong></span> 
     </span>
    </p>
   </div>
   <div class='ocr_carea' id='block_1_38' title="bbox 284 2523 1852 2602">
    <p class='ocr_par' dir='ltr' id='par_1_38' title="bbox 284 2523 1852 2602">
     <span class='ocr_line' id='line_1_38' title="bbox 284 2523 1852 2602; baseline -0.008 -14"><span class='ocrx_word' id='word_1_289' title='bbox 284 2530 544 2601; x_wconf 78' lang='grc' dir='ltr'><strong>Ἰωάννης</strong></span> <span class='ocrx_word' id='word_1_290' title='bbox 600 2532 731 2602; x_wconf 71' lang='grc' dir='ltr'><strong>περὶ</strong></span> <span class='ocrx_word' id='word_1_291' title='bbox 783 2527 942 2601; x_wconf 84' lang='grc' dir='ltr'><strong>ἐμοῦ,</strong></span> <span class='ocrx_word' id='word_1_292' title='bbox 1016 2528 1271 2599; x_wconf 81' lang='grc' dir='ltr'><strong>Ἰωάννης</strong></span> <span class='ocrx_word' id='word_1_293' title='bbox 1330 2530 1359 2581; x_wconf 93' lang='lat'><strong>6</strong></span> <span class='ocrx_word' id='word_1_294' title='bbox 1413 2528 1634 2582; x_wconf 81' lang='grc' dir='ltr'>πάντων</span> <span class='ocrx_word' id='word_1_295' title='bbox 1676 2523 1852 2579; x_wconf 81' lang='grc' dir='ltr'><strong>δοκῶν</strong></span> 
     </span>
    </p>
   </div>
   <div class='ocr_carea' id='block_1_39' title="bbox 274 2618 1850 2696">
    <p class='ocr_par' dir='ltr' id='par_1_39' title="bbox 274 2618 1850 2696">
     <span class='ocr_line' id='line_1_39' title="bbox 274 2618 1850 2696; baseline -0.007 -17"><span class='ocrx_word' id='word_1_296' title='bbox 274 2625 409 2696; x_wconf 81' lang='grc' dir='ltr'><strong>ὑμῖν</strong></span> <span class='ocrx_word' id='word_1_297' title='bbox 436 2623 905 2690; x_wconf 81' lang='grc' dir='ltr'><strong>ἀξιοπιστότατος.</strong></span> <span class='ocrx_word' id='word_1_298' title='bbox 947 2620 1102 2674; x_wconf 76' lang='grc' dir='ltr'><strong>Ἐπεὶ</strong></span> <span class='ocrx_word' id='word_1_299' title='bbox 1131 2620 1188 2674; x_wconf 84' lang='grc' dir='ltr'><strong>δέ</strong></span> <span class='ocrx_word' id='word_1_300' title='bbox 1212 2619 1360 2684; x_wconf 74' lang='grc' dir='ltr'><strong>εἰκὸς</strong></span> <span class='ocrx_word' id='word_1_301' title='bbox 1384 2618 1671 2691; x_wconf 82' lang='grc' dir='ltr'><strong>εὑρεθῆναί</strong></span> <span class='ocrx_word' id='word_1_302' title='bbox 1692 2632 1850 2678; x_wconf 88' lang='grc' dir='ltr'><strong>τινας</strong></span> 
     </span>
    </p>
   </div>
   <div class='ocr_carea' id='block_1_40' title="bbox 278 2710 1849 2787">
    <p class='ocr_par' dir='ltr' id='par_1_40' title="bbox 278 2710 1849 2787">
     <span class='ocr_line' id='line_1_40' title="bbox 278 2710 1849 2787; baseline -0.004 -17"><span class='ocrx_word' id='word_1_303' title='bbox 278 2715 647 2787; x_wconf 79' lang='grc' dir='ltr'><strong>συκοφάντας,</strong></span> <span class='ocrx_word' id='word_1_304' title='bbox 693 2712 743 2767; x_wconf 81' lang='grc' dir='ltr'><strong>οἳ</strong></span> <span class='ocrx_word' id='word_1_305' title='bbox 783 2712 945 2784; x_wconf 82' lang='grc' dir='ltr'><strong>τυχὸν</strong></span> <span class='ocrx_word' id='word_1_306' title='bbox 991 2710 1200 2787; x_wconf 84' lang='grc' dir='ltr'><strong>ἐροῦσι⁹</strong></span> <span class='ocrx_word' id='word_1_307' title='bbox 1252 2713 1367 2766; x_wconf 54' lang='grc' dir='ltr'><strong>Καὶ⁴</strong></span> <span class='ocrx_word' id='word_1_308' title='bbox 1408 2711 1463 2764; x_wconf 87' lang='grc' dir='ltr'><strong>τί</strong></span> <span class='ocrx_word' id='word_1_309' title='bbox 1495 2710 1632 2781; x_wconf 83' lang='grc' dir='ltr'><strong>πρὸς</strong></span> <span class='ocrx_word' id='word_1_310' title='bbox 1671 2710 1849 2780; x_wconf 74' lang='grc' dir='ltr'><strong>ἡμᾶςς</strong></span> 
     </span>
    </p>
   </div>
   <div class='ocr_carea' id='block_1_41' title="bbox 291 2801 1854 2879">
    <p class='ocr_par' dir='ltr' id='par_1_41' title="bbox 291 2801 1854 2879">
     <span class='ocr_line' id='line_1_41' title="bbox 291 2801 1854 2879; baseline -0.008 -15"><span class='ocrx_word' id='word_1_311' title='bbox 291 2809 546 2879; x_wconf 80' lang='grc' dir='ltr'>Ἰωάννης</span> <span class='ocrx_word' id='word_1_312' title='bbox 590 2804 877 2879; x_wconf 73' lang='grc' dir='ltr'><strong>ἐχαρίζετό</strong></span> <span class='ocrx_word' id='word_1_313' title='bbox 920 2822 1028 2872; x_wconf 89' lang='grc' dir='ltr'><strong>σοι,</strong></span> <span class='ocrx_word' id='word_1_314' title='bbox 1074 2804 1169 2860; x_wconf 68' lang='grc' dir='ltr'><strong>καὶ</strong></span> <span class='ocrx_word' id='word_1_315' title='bbox 1213 2803 1302 2859; x_wconf 83' lang='grc' dir='ltr'><strong>διὰ</strong></span> <span class='ocrx_word' id='word_1_316' title='bbox 1341 2802 1499 2857; x_wconf 90' lang='grc' dir='ltr'><strong>τοῦτο</strong></span> <span class='ocrx_word' id='word_1_317' title='bbox 1532 2801 1601 2855; x_wconf 84' lang='grc' dir='ltr'><strong>τὰ</strong></span> <span class='ocrx_word' id='word_1_318' title='bbox 1626 2801 1854 2872; x_wconf 77' lang='grc' dir='ltr'><strong>χρηστό-</strong></span> 
     </span>
    </p>
   </div>
   <div class='ocr_carea' id='block_1_42' title="bbox 274 2891 1853 2973">
    <p class='ocr_par' dir='ltr' id='par_1_42' title="bbox 274 2891 1853 2973">
     <span class='ocr_line' id='line_1_42' title="bbox 274 2891 1853 2973; baseline -0.008 -19"><span class='ocrx_word' id='word_1_319' title='bbox 274 2917 411 2973; x_wconf 85' lang='grc' dir='ltr'><strong>τερα</strong></span> <span class='ocrx_word' id='word_1_320' title='bbox 470 2897 867 2969; x_wconf 67' lang='grc' dir='ltr'><strong>ἐςιτεμαρτύρει·</strong></span> <span class='ocrx_word' id='word_1_321' title='bbox 921 2895 1134 2967; x_wconf 75' lang='grc' dir='ltr'><strong>Ὑμεῖς,</strong></span> <span class='ocrx_word' id='word_1_322' title='bbox 1164 2896 1353 2965; x_wconf 67' lang='grc' dir='ltr'><strong>φησιν,</strong></span> <span class='ocrx_word' id='word_1_323' title='bbox 1392 2892 1673 2963; x_wconf 73' lang='grc' dir='ltr'><strong>ἐπέμψατε</strong></span> <span class='ocrx_word' id='word_1_324' title='bbox 1717 2891 1853 2962; x_wconf 75' lang='grc' dir='ltr'><strong>πρὸς</strong></span> 
     </span>
    </p>
   </div>
   <div class='ocr_carea' id='block_1_43' title="bbox 292 2982 1856 3062">
    <p class='ocr_par' dir='ltr' id='par_1_43' title="bbox 292 2982 1856 3062">
     <span class='ocr_line' id='line_1_43' title="bbox 292 2982 1856 3062; baseline -0.008 -14"><span class='ocrx_word' id='word_1_325' title='bbox 292 2992 570 3062; x_wconf 74' lang='grc' dir='ltr'>Ἰωάννην,</span> <span class='ocrx_word' id='word_1_326' title='bbox 619 2992 716 3044; x_wconf 75' lang='grc' dir='ltr'><strong>καὶ</strong></span> <span class='ocrx_word' id='word_1_327' title='bbox 741 2989 1085 3060; x_wconf 69' lang='grc' dir='ltr'><strong>ἠρωτήσατε,</strong></span> <span class='ocrx_word' id='word_1_328' title='bbox 1114 2987 1288 3059; x_wconf 81' lang='grc' dir='ltr'>ἀληθῆ</span> <span class='ocrx_word' id='word_1_329' title='bbox 1320 2986 1539 3048; x_wconf 84' lang='grc' dir='ltr'>πάντως</span> <span class='ocrx_word' id='word_1_330' title='bbox 1577 2982 1738 3038; x_wconf 77' lang='grc' dir='ltr'><strong>αὑτὸν</strong></span> <span class='ocrx_word' id='word_1_331' title='bbox 1767 2999 1856 3037; x_wconf 90' lang='grc' dir='ltr'><strong>νο-</strong></span> 
     </span>
    </p>
   </div>
   <div class='ocr_carea' id='block_1_44' title="bbox 285 3075 1853 3157">
    <p class='ocr_par' dir='ltr' id='par_1_44' title="bbox 285 3075 1853 3157">
     <span class='ocr_line' id='line_1_44' title="bbox 285 3075 1853 3157; baseline -0.006 -19"><span class='ocrx_word' id='word_1_332' title='bbox 285 3085 556 3157; x_wconf 76' lang='grc' dir='ltr'><strong>μίζοντες.</strong></span> <span class='ocrx_word' id='word_1_333' title='bbox 600 3083 746 3153; x_wconf 68' lang='grc' dir='ltr'><strong>Πλὴν</strong></span> <span class='ocrx_word' id='word_1_334' title='bbox 797 3081 905 3153; x_wconf 80' lang='grc' dir='ltr'><strong>ἔχω</strong></span> <span class='ocrx_word' id='word_1_335' title='bbox 954 3080 1052 3134; x_wconf 76' lang='grc' dir='ltr'><strong>καὶ</strong></span> <span class='ocrx_word' id='word_1_336' title='bbox 1107 3079 1274 3150; x_wconf 83' lang='grc' dir='ltr'>ἄλλην</span> <span class='ocrx_word' id='word_1_337' title='bbox 1325 3078 1630 3151; x_wconf 77' lang='grc' dir='ltr'><strong>μαρτυρίαν</strong></span> <span class='ocrx_word' id='word_1_338' title='bbox 1683 3075 1853 3147; x_wconf 81' lang='grc' dir='ltr'><strong>μείζω</strong></span> 
     </span>
    </p>
   </div>
   <div class='ocr_carea' id='block_1_45' title="bbox 276 3165 1852 3244">
    <p class='ocr_par' dir='ltr' id='par_1_45' title="bbox 276 3165 1852 3244">
     <span class='ocr_line' id='line_1_45' title="bbox 276 3165 1852 3244; baseline -0.007 -13"><span class='ocrx_word' id='word_1_339' title='bbox 276 3177 372 3231; x_wconf 89' lang='grc' dir='ltr'><strong>τοῦ</strong></span> <span class='ocrx_word' id='word_1_340' title='bbox 414 3175 680 3229; x_wconf 83' lang='grc' dir='ltr'>Ἰωάννου.</span> <span class='ocrx_word' id='word_1_341' title='bbox 714 3173 797 3227; x_wconf 80' lang='grc' dir='ltr'>Τά</span> <span class='ocrx_word' id='word_1_342' title='bbox 825 3173 962 3244; x_wconf 73' lang='grc' dir='ltr'><strong>ἔργα</strong></span> <span class='ocrx_word' id='word_1_343' title='bbox 1000 3172 1096 3226; x_wconf 74' lang='grc' dir='ltr'><strong>καὶ</strong></span> <span class='ocrx_word' id='word_1_344' title='bbox 1150 3171 1187 3226; x_wconf 77' lang='grc' dir='ltr'>ἃ</span> <span class='ocrx_word' id='word_1_345' title='bbox 1218 3170 1389 3224; x_wconf 74' lang='grc' dir='ltr'><strong>ἔδωκέ</strong></span> <span class='ocrx_word' id='word_1_346' title='bbox 1439 3186 1530 3241; x_wconf 91' lang='grc' dir='ltr'><strong>μοι</strong></span> <span class='ocrx_word' id='word_1_347' title='bbox 1564 3169 1593 3222; x_wconf 87' lang='lat'><strong>6</strong></span> <span class='ocrx_word' id='word_1_348' title='bbox 1638 3165 1852 3237; x_wconf 80' lang='grc' dir='ltr'><strong>Πατὴρ,</strong></span> 
     </span>
    </p>
   </div>
   <div class='ocr_carea' id='block_1_46' title="bbox 1951 1971 3520 2048">
    <p class='ocr_par' dir='ltr' id='par_1_46' title="bbox 1951 1971 3520 2048">
     <span class='ocr_line' id='line_1_46' title="bbox 1951 1971 3520 2048; baseline -0.011 -8"><span class='ocrx_word' id='word_1_349' title='bbox 1951 1986 2067 2047; x_wconf 88' lang='lat' dir='ltr'><strong>cio,</strong></span> <span class='ocrx_word' id='word_1_350' title='bbox 2120 1983 2485 2038; x_wconf 89' lang='lat' dir='ltr'><strong>testimonium</strong></span> <span class='ocrx_word' id='word_1_351' title='bbox 2554 1978 2838 2048; x_wconf 86' lang='lat' dir='ltr'><strong>perhibent</strong></span> <span class='ocrx_word' id='word_1_352' title='bbox 2885 1977 2953 2031; x_wconf 92' lang='lat' dir='ltr'><strong>de</strong></span> <span class='ocrx_word' id='word_1_353' title='bbox 2998 1990 3115 2039; x_wconf 90' lang='lat' dir='ltr'><strong>me,</strong></span> <span class='ocrx_word' id='word_1_354' title='bbox 3172 1974 3313 2043; x_wconf 89' lang='lat' dir='ltr'><strong>quod</strong></span> <span class='ocrx_word' id='word_1_355' title='bbox 3362 1971 3520 2026; x_wconf 89' lang='lat' dir='ltr'><strong>Pater</strong></span> 
     </span>
    </p>
   </div>
   <div class='ocr_carea' id='block_1_47' title="bbox 1950 2065 3520 2140">
    <p class='ocr_par' dir='ltr' id='par_1_47' title="bbox 1950 2065 3520 2140">
     <span class='ocr_line' id='line_1_47' title="bbox 1950 2065 3520 2140; baseline -0.013 -6"><span class='ocrx_word' id='word_1_356' title='bbox 1950 2093 2036 2133; x_wconf 88' lang='lat' dir='ltr'><strong>me</strong></span> <span class='ocrx_word' id='word_1_357' title='bbox 2092 2074 2321 2130; x_wconf 85' lang='lat' dir='ltr'><strong>miserit.</strong></span> <span class='ocrx_word' id='word_1_358' title='bbox 2380 2072 2444 2125; x_wconf 84' lang='lat' dir='ltr'><strong>Et</strong></span> <span class='ocrx_word' id='word_1_359' title='bbox 2498 2071 2586 2140; x_wconf 92' lang='lat' dir='ltr'><strong>qui</strong></span> <span class='ocrx_word' id='word_1_360' title='bbox 2654 2069 2801 2122; x_wconf 88' lang='lat' dir='ltr'><strong>misit</strong></span> <span class='ocrx_word' id='word_1_361' title='bbox 2858 2083 2944 2122; x_wconf 91' lang='lat' dir='ltr'><strong>me</strong></span> <span class='ocrx_word' id='word_1_362' title='bbox 2993 2065 3188 2128; x_wconf 85' lang='lat' dir='ltr'><strong>Pater,</strong></span> <span class='ocrx_word' id='word_1_363' title='bbox 3249 2065 3366 2132; x_wconf 87' lang='lat' dir='ltr'><strong>ipse</strong></span> <span class='ocrx_word' id='word_1_364' title='bbox 3439 2071 3520 2115; x_wconf 90' lang='lat' dir='ltr'><strong>te-</strong></span> 
     </span>
    </p>
   </div>
   <div class='ocr_carea' id='block_1_48' title="bbox 1951 2156 3521 2229">
    <p class='ocr_par' dir='ltr' id='par_1_48' title="bbox 1951 2156 3521 2229">
     <span class='ocr_line' id='line_1_48' title="bbox 1951 2156 3521 2229; baseline -0.013 -4"><span class='ocrx_word' id='word_1_365' title='bbox 1951 2177 2125 2225; x_wconf 89' lang='lat' dir='ltr'><strong>status</strong></span> <span class='ocrx_word' id='word_1_366' title='bbox 2165 2173 2250 2221; x_wconf 90' lang='lat' dir='ltr'><strong>est</strong></span> <span class='ocrx_word' id='word_1_367' title='bbox 2294 2167 2362 2219; x_wconf 90' lang='lat' dir='ltr'><strong>de</strong></span> <span class='ocrx_word' id='word_1_368' title='bbox 2400 2176 2525 2216; x_wconf 90' lang='lat' dir='ltr'><strong>me:</strong></span> <span class='ocrx_word' id='word_1_369' title='bbox 2569 2175 2743 2229; x_wconf 88' lang='lat' dir='ltr'><strong>neque</strong></span> <span class='ocrx_word' id='word_1_370' title='bbox 2772 2172 2958 2212; x_wconf 87' lang='lat' dir='ltr'><strong>vocem</strong></span> <span class='ocrx_word' id='word_1_371' title='bbox 3005 2156 3125 2226; x_wconf 80' lang='lat' dir='ltr'><strong>ejus</strong></span> <span class='ocrx_word' id='word_1_372' title='bbox 3152 2168 3387 2224; x_wconf 86' lang='lat' dir='ltr'><strong>unquam</strong></span> <span class='ocrx_word' id='word_1_373' title='bbox 3422 2166 3521 2206; x_wconf 89' lang='lat' dir='ltr'><strong>au-</strong></span> 
     </span>
    </p>
   </div>
   <div class='ocr_carea' id='block_1_49' title="bbox 1951 2248 3521 2325">
    <p class='ocr_par' dir='ltr' id='par_1_49' title="bbox 1951 2248 3521 2325">
     <span class='ocr_line' id='line_1_49' title="bbox 1951 2248 3521 2325; baseline -0.013 -10"><span class='ocrx_word' id='word_1_374' title='bbox 1951 2261 2132 2325; x_wconf 89' lang='lat' dir='ltr'><strong>distis,</strong></span> <span class='ocrx_word' id='word_1_375' title='bbox 2174 2271 2349 2325; x_wconf 72' lang='lat' dir='ltr'><strong>neque</strong></span> <span class='ocrx_word' id='word_1_376' title='bbox 2392 2253 2624 2324; x_wconf 87' lang='lat' dir='ltr'><strong>speciem</strong></span> <span class='ocrx_word' id='word_1_377' title='bbox 2657 2250 2773 2321; x_wconf 84' lang='lat' dir='ltr'><strong>ejus</strong></span> <span class='ocrx_word' id='word_1_378' title='bbox 2825 2248 3057 2312; x_wconf 84' lang='lat' dir='ltr'><strong>vidistis,</strong></span> <span class='ocrx_word' id='word_1_379' title='bbox 3107 2255 3162 2301; x_wconf 92' lang='lat' dir='ltr'><strong>et</strong></span> <span class='ocrx_word' id='word_1_380' title='bbox 3218 2256 3521 2303; x_wconf 76' lang='lat' dir='ltr'><strong>sermonem</strong></span> 
     </span>
    </p>
   </div>
   <div class='ocr_carea' id='block_1_50' title="bbox 1951 2335 3523 2419">
    <p class='ocr_par' dir='ltr' id='par_1_50' title="bbox 1951 2335 3523 2419">
     <span class='ocr_line' id='line_1_50' title="bbox 1951 2335 3523 2419; baseline -0.012 -14"><span class='ocrx_word' id='word_1_381' title='bbox 1951 2352 2066 2419; x_wconf 79' lang='lat' dir='ltr'><strong>ejus</strong></span> <span class='ocrx_word' id='word_1_382' title='bbox 2098 2364 2207 2404; x_wconf 87' lang='lat' dir='ltr'><strong>non</strong></span> <span class='ocrx_word' id='word_1_383' title='bbox 2254 2345 2468 2402; x_wconf 80' lang='lat' dir='ltr'><strong>habetis</strong></span> <span class='ocrx_word' id='word_1_384' title='bbox 2514 2344 2568 2398; x_wconf 86' lang='lat' dir='ltr'><strong>in</strong></span> <span class='ocrx_word' id='word_1_385' title='bbox 2620 2342 2776 2397; x_wconf 84' lang='lat' dir='ltr'><strong>vobis</strong></span> <span class='ocrx_word' id='word_1_386' title='bbox 2813 2347 3149 2402; x_wconf 88' lang='lat' dir='ltr'><strong>manentem,</strong></span> <span class='ocrx_word' id='word_1_387' title='bbox 3199 2335 3328 2407; x_wconf 84' lang='lat' dir='ltr'><strong>quia</strong></span> <span class='ocrx_word' id='word_1_388' title='bbox 3361 2347 3523 2403; x_wconf 86' lang='lat' dir='ltr'><strong>quem</strong></span> 
     </span>
    </p>
   </div>
   <div class='ocr_carea' id='block_1_51' title="bbox 1952 2422 3523 2504">
    <p class='ocr_par' dir='ltr' id='par_1_51' title="bbox 1952 2422 3523 2504">
     <span class='ocr_line' id='line_1_51' title="bbox 1952 2422 3523 2504; baseline -0.017 -6"><span class='ocrx_word' id='word_1_389' title='bbox 1952 2440 2098 2498; x_wconf 88' lang='lat' dir='ltr'><strong>misit</strong></span> <span class='ocrx_word' id='word_1_390' title='bbox 2123 2439 2233 2504; x_wconf 88' lang='lat' dir='ltr'><strong>ille,</strong></span> <span class='ocrx_word' id='word_1_391' title='bbox 2286 2436 2337 2492; x_wconf 90' lang='lat' dir='ltr'><strong>ei</strong></span> <span class='ocrx_word' id='word_1_392' title='bbox 2381 2449 2478 2490; x_wconf 87' lang='lat' dir='ltr'><strong>vos</strong></span> <span class='ocrx_word' id='word_1_393' title='bbox 2509 2447 2615 2488; x_wconf 90' lang='lat' dir='ltr'><strong>non</strong></span> <span class='ocrx_word' id='word_1_394' title='bbox 2664 2430 2909 2487; x_wconf 76' lang='lat' dir='ltr'><strong>creditis.</strong></span> <span class='ocrx_word' id='word_1_395' title='bbox 2946 2447 2966 2481; x_wconf 77' lang='grc' dir='ltr'><strong>ι</strong></span> <span class='ocrx_word' id='word_1_396' title='bbox 3012 2428 3267 2482; x_wconf 81' lang='lat' dir='ltr'><strong>Testatus</strong></span> <span class='ocrx_word' id='word_1_397' title='bbox 3305 2422 3523 2492; x_wconf 88' lang='lat' dir='ltr'><strong>quidem</strong></span> 
     </span>
    </p>
   </div>
   <div class='ocr_carea' id='block_1_52' title="bbox 1951 2512 3527 2596">
    <p class='ocr_par' dir='ltr' id='par_1_52' title="bbox 1951 2512 3527 2596">
     <span class='ocr_line' id='line_1_52' title="bbox 1951 2512 3527 2596; baseline -0.016 -5"><span class='ocrx_word' id='word_1_398' title='bbox 1951 2542 2035 2591; x_wconf 90' lang='lat' dir='ltr'><strong>est</strong></span> <span class='ocrx_word' id='word_1_399' title='bbox 2064 2531 2301 2588; x_wconf 88' lang='lat' dir='ltr'><strong>Joannes</strong></span> <span class='ocrx_word' id='word_1_400' title='bbox 2333 2529 2401 2584; x_wconf 91' lang='lat' dir='ltr'><strong>de</strong></span> <span class='ocrx_word' id='word_1_401' title='bbox 2436 2541 2522 2582; x_wconf 91' lang='lat' dir='ltr'><strong>me</strong></span> <span class='ocrx_word' id='word_1_402' title='bbox 2556 2524 2649 2596; x_wconf 90' lang='lat' dir='ltr'><strong>qui</strong></span> <span class='ocrx_word' id='word_1_403' title='bbox 2687 2521 2843 2578; x_wconf 87' lang='lat' dir='ltr'><strong>vobis</strong></span> <span class='ocrx_word' id='word_1_404' title='bbox 2879 2520 3122 2575; x_wconf 88' lang='lat' dir='ltr'><strong>omnium</strong></span> <span class='ocrx_word' id='word_1_405' title='bbox 3153 2516 3392 2571; x_wconf 80' lang='lat' dir='ltr'><strong>maxime</strong></span> <span class='ocrx_word' id='word_1_406' title='bbox 3422 2512 3527 2567; x_wconf 82' lang='lat' dir='ltr'><strong>[ide</strong></span> 
     </span>
    </p>
   </div>
   <div class='ocr_carea' id='block_1_53' title="bbox 1956 2605 3531 2695">
    <p class='ocr_par' dir='ltr' id='par_1_53' title="bbox 1956 2605 3531 2695">
     <span class='ocr_line' id='line_1_53' title="bbox 1956 2605 3531 2695; baseline -0.015 -14"><span class='ocrx_word' id='word_1_407' title='bbox 1956 2627 2149 2695; x_wconf 76' lang='lat' dir='ltr'><strong>dignus</strong></span> <span class='ocrx_word' id='word_1_408' title='bbox 2181 2622 2509 2677; x_wconf 81' lang='lat' dir='ltr'><strong>videbatur:</strong></span> <span class='ocrx_word' id='word_1_409' title='bbox 2548 2623 2924 2672; x_wconf 81' lang='lat' dir='ltr'><strong>verumtamen</strong></span> <span class='ocrx_word' id='word_1_410' title='bbox 2961 2611 3086 2680; x_wconf 88' lang='lat' dir='ltr'><strong>quia</strong></span> <span class='ocrx_word' id='word_1_411' title='bbox 3115 2605 3411 2664; x_wconf 83' lang='lat' dir='ltr'><strong>verisimile</strong></span> <span class='ocrx_word' id='word_1_412' title='bbox 3442 2612 3531 2658; x_wconf 92' lang='lat' dir='ltr'><strong>est</strong></span> 
     </span>
    </p>
   </div>
   <div class='ocr_carea' id='block_1_54' title="bbox 1952 2693 3529 2786">
    <p class='ocr_par' dir='ltr' id='par_1_54' title="bbox 1952 2693 3529 2786">
     <span class='ocr_line' id='line_1_54' title="bbox 1952 2693 3529 2786; baseline -0.017 -13"><span class='ocrx_word' id='word_1_413' title='bbox 1952 2693 2071 2773; x_wconf 76' lang='lat' dir='ltr'><strong>fore</strong></span> <span class='ocrx_word' id='word_1_414' title='bbox 2100 2713 2364 2786; x_wconf 88' lang='lat' dir='ltr'><strong>quosdam</strong></span> <span class='ocrx_word' id='word_1_415' title='bbox 2396 2709 2760 2784; x_wconf 85' lang='lat' dir='ltr'><strong>sycophantas</strong></span> <span class='ocrx_word' id='word_1_416' title='bbox 2802 2703 2895 2775; x_wconf 91' lang='lat' dir='ltr'><strong>qui</strong></span> <span class='ocrx_word' id='word_1_417' title='bbox 2935 2700 3188 2758; x_wconf 81' lang='lat' dir='ltr'><strong>fortassis</strong></span> <span class='ocrx_word' id='word_1_418' title='bbox 3217 2696 3420 2758; x_wconf 83' lang='lat' dir='ltr'><strong>dicent,</strong></span> <span class='ocrx_word' id='word_1_419' title='bbox 3461 2693 3529 2747; x_wconf 86' lang='lat' dir='ltr'><strong>Et</strong></span> 
     </span>
    </p>
   </div>
   <div class='ocr_carea' id='block_1_55' title="bbox 1902 2784 3531 2880">
    <p class='ocr_par' dir='ltr' id='par_1_55' title="bbox 1902 2784 3531 2880">
     <span class='ocr_line' id='line_1_55' title="bbox 1902 2784 3531 2880; baseline -0.018 -13"><span class='ocrx_word' id='word_1_420' title='bbox 1902 2784 1915 2801; x_wconf 63' lang='grc'><strong>’</strong></span> <span class='ocrx_word' id='word_1_421' title='bbox 1958 2810 2085 2880; x_wconf 90' lang='lat' dir='ltr'><strong>quid</strong></span> <span class='ocrx_word' id='word_1_422' title='bbox 2110 2784 2175 2862; x_wconf 82' lang='lat' dir='ltr'><strong>ad</strong></span> <span class='ocrx_word' id='word_1_423' title='bbox 2211 2805 2422 2862; x_wconf 54' lang='lat' dir='ltr'><strong>nos?&#39;si</strong></span> <span class='ocrx_word' id='word_1_424' title='bbox 2451 2801 2687 2858; x_wconf 90' lang='lat' dir='ltr'><strong>Joannes</strong></span> <span class='ocrx_word' id='word_1_425' title='bbox 2710 2794 3005 2871; x_wconf 84' lang='lat' dir='ltr'><strong>gratificari</strong></span> <span class='ocrx_word' id='word_1_426' title='bbox 3043 2793 3141 2848; x_wconf 88' lang='lat' dir='ltr'><strong>tibi</strong></span> <span class='ocrx_word' id='word_1_427' title='bbox 3173 2789 3441 2880; x_wconf 65' lang='lat' dir='ltr'><strong>voluerat,</strong></span> <span class='ocrx_word' id='word_1_428' title='bbox 3474 2793 3531 2839; x_wconf 90' lang='lat' dir='ltr'><strong>et</strong></span> 
     </span>
    </p>
   </div>
   <div class='ocr_carea' id='block_1_56' title="bbox 1952 2875 3526 2975">
    <p class='ocr_par' dir='ltr' id='par_1_56' title="bbox 1952 2875 3526 2975">
     <span class='ocr_line' id='line_1_56' title="bbox 1952 2875 3526 2975; baseline -0.018 -17"><span class='ocrx_word' id='word_1_429' title='bbox 1952 2875 2239 2975; x_wconf 79' lang='lat' dir='ltr'><strong>propterea</strong></span> <span class='ocrx_word' id='word_1_430' title='bbox 2283 2896 2566 2952; x_wconf 87' lang='lat' dir='ltr'><strong>blandiora</strong></span> <span class='ocrx_word' id='word_1_431' title='bbox 2614 2891 2859 2963; x_wconf 66' lang='lat' dir='ltr'><strong>quaedam</strong></span> <span class='ocrx_word' id='word_1_432' title='bbox 2902 2894 3188 2942; x_wconf 87' lang='lat' dir='ltr'><strong>attestatus</strong></span> <span class='ocrx_word' id='word_1_433' title='bbox 3227 2880 3344 2937; x_wconf 80' lang='lat' dir='ltr'><strong>est?</strong></span> <span class='ocrx_word' id='word_1_434' title='bbox 3394 2875 3526 2940; x_wconf 77' lang='lat' dir='ltr'><strong>Vos,</strong></span> 
     </span>
    </p>
   </div>
   <div class='ocr_carea' id='block_1_57' title="bbox 1955 2972 3532 3063">
    <p class='ocr_par' dir='ltr' id='par_1_57' title="bbox 1955 2972 3532 3063">
     <span class='ocr_line' id='line_1_57' title="bbox 1955 2972 3532 3063; baseline -0.02 -13"><span class='ocrx_word' id='word_1_435' title='bbox 1955 2972 2149 3063; x_wconf 86' lang='lat' dir='ltr'><strong>inquit,</strong></span> <span class='ocrx_word' id='word_1_436' title='bbox 2182 2988 2409 3047; x_wconf 86' lang='lat' dir='ltr'><strong>misistis</strong></span> <span class='ocrx_word' id='word_1_437' title='bbox 2434 2990 2499 3042; x_wconf 90' lang='lat' dir='ltr'><strong>ad</strong></span> <span class='ocrx_word' id='word_1_438' title='bbox 2527 2985 2815 3048; x_wconf 87' lang='lat' dir='ltr'><strong>Joannem,</strong></span> <span class='ocrx_word' id='word_1_439' title='bbox 2855 2988 2911 3036; x_wconf 88' lang='lat' dir='ltr'><strong>et</strong></span> <span class='ocrx_word' id='word_1_440' title='bbox 2935 2972 3331 3042; x_wconf 88' lang='lat' dir='ltr'><strong>interrogastis,</strong></span> <span class='ocrx_word' id='word_1_441' title='bbox 3372 2983 3532 3024; x_wconf 81' lang='lat' dir='ltr'><strong>vera-</strong></span> 
     </span>
    </p>
   </div>
   <div class='ocr_carea' id='block_1_58' title="bbox 1954 3066 3531 3156">
    <p class='ocr_par' dir='ltr' id='par_1_58' title="bbox 1954 3066 3531 3156">
     <span class='ocr_line' id='line_1_58' title="bbox 1954 3066 3531 3156; baseline -0.019 -13"><span class='ocrx_word' id='word_1_442' title='bbox 1954 3103 2071 3144; x_wconf 88' lang='lat' dir='ltr'><strong>cem</strong></span> <span class='ocrx_word' id='word_1_443' title='bbox 2102 3100 2199 3156; x_wconf 91' lang='lat' dir='ltr'><strong>per</strong></span> <span class='ocrx_word' id='word_1_444' title='bbox 2236 3082 2418 3139; x_wconf 86' lang='lat' dir='ltr'><strong>omnia</strong></span> <span class='ocrx_word' id='word_1_445' title='bbox 2442 3080 2601 3147; x_wconf 22' lang='lat' dir='ltr'><strong>illum.</strong></span> <span class='ocrx_word' id='word_1_446' title='bbox 2617 3076 3019 3132; x_wconf 84' lang='lat' dir='ltr'><strong>existimantes.</strong></span> <span class='ocrx_word' id='word_1_447' title='bbox 3054 3066 3447 3123; x_wconf 84' lang='lat' dir='ltr'><strong>Verumtamen</strong></span> <span class='ocrx_word' id='word_1_448' title='bbox 3472 3069 3531 3114; x_wconf 88' lang='lat' dir='ltr'><strong>et</strong></span> 
     </span>
    </p>
   </div>
   <div class='ocr_carea' id='block_1_59' title="bbox 1954 3155 3534 3254">
    <p class='ocr_par' dir='ltr' id='par_1_59' title="bbox 1954 3155 3534 3254">
     <span class='ocr_line' id='line_1_59' title="bbox 1954 3155 3534 3254; baseline -0.021 -15"><span class='ocrx_word' id='word_1_449' title='bbox 1954 3198 2053 3254; x_wconf 86' lang='lat' dir='ltr'><strong>ego</strong></span> <span class='ocrx_word' id='word_1_450' title='bbox 2079 3155 2219 3236; x_wconf 80' lang='lat' dir='ltr'><strong>aliud</strong></span> <span class='ocrx_word' id='word_1_451' title='bbox 2251 3176 2612 3233; x_wconf 84' lang='lat' dir='ltr'><strong>testimonium</strong></span> <span class='ocrx_word' id='word_1_452' title='bbox 2649 3169 2824 3226; x_wconf 85' lang='lat' dir='ltr'><strong>habeo</strong></span> <span class='ocrx_word' id='word_1_453' title='bbox 2865 3165 3039 3235; x_wconf 86' lang='lat' dir='ltr'><strong>majus</strong></span> <span class='ocrx_word' id='word_1_454' title='bbox 3087 3160 3314 3218; x_wconf 88' lang='lat' dir='ltr'><strong>Joanne.</strong></span> <span class='ocrx_word' id='word_1_455' title='bbox 3353 3155 3534 3254; x_wconf 66' lang='lat' dir='ltr'><strong>Opera</strong></span> 
     </span>
    </p>
   </div>
   <div class='ocr_carea' id='block_1_60' title="bbox 277 3244 1856 3351">
    <p class='ocr_par' dir='ltr' id='par_1_60' title="bbox 277 3260 1854 3338">
     <span class='ocr_line' id='line_1_60' title="bbox 277 3260 1854 3338; baseline -0.008 -15"><span class='ocrx_word' id='word_1_456' title='bbox 277 3269 609 3332; x_wconf 79' lang='grc' dir='ltr'><strong>τουτέστιν,ο</strong></span> <span class='ocrx_word' id='word_1_457' title='bbox 628 3264 879 3330; x_wconf 79' lang='grc' dir='ltr'><strong>’Δνέθετό</strong></span> <span class='ocrx_word' id='word_1_458' title='bbox 910 3283 999 3336; x_wconf 90' lang='grc' dir='ltr'><strong>μοι</strong></span> <span class='ocrx_word' id='word_1_459' title='bbox 1032 3266 1060 3318; x_wconf 97' lang='lat'><strong>6</strong></span> <span class='ocrx_word' id='word_1_460' title='bbox 1100 3264 1311 3338; x_wconf 80' lang='grc' dir='ltr'><strong>Πατὴρ,</strong></span> <span class='ocrx_word' id='word_1_461' title='bbox 1342 3262 1430 3318; x_wconf 70' lang='grc' dir='ltr'><strong>ἴνα</strong></span> <span class='ocrx_word' id='word_1_462' title='bbox 1463 3260 1735 3317; x_wconf 82' lang='grc' dir='ltr'><strong>τελειώσω</strong></span> <span class='ocrx_word' id='word_1_463' title='bbox 1755 3261 1854 3313; x_wconf 84' lang='grc' dir='ltr'><strong>αὑ-</strong></span> 
     </span>
    </p>
   </div>
   <div class='ocr_carea' id='block_1_61' title="bbox 1958 3244 3539 3351">
    <p class='ocr_par' dir='ltr' id='par_1_61' title="bbox 1958 3244 3539 3339">
     <span class='ocr_line' id='line_1_61' title="bbox 1958 3244 3539 3339; baseline -0.021 -10"><span class='ocrx_word' id='word_1_464' title='bbox 1958 3244 2101 3329; x_wconf 62' lang='lat' dir='ltr'><strong>enim</strong></span> <span class='ocrx_word' id='word_1_465' title='bbox 2136 3283 2257 3339; x_wconf 85' lang='lat' dir='ltr'><strong>quae</strong></span> <span class='ocrx_word' id='word_1_466' title='bbox 2290 3265 2437 3322; x_wconf 88' lang='lat' dir='ltr'><strong>dedit</strong></span> <span class='ocrx_word' id='word_1_467' title='bbox 2477 3262 2611 3318; x_wconf 87' lang='lat' dir='ltr'><strong>mihi</strong></span> <span class='ocrx_word' id='word_1_468' title='bbox 2664 3260 2848 3325; x_wconf 88' lang='lat' dir='ltr'><strong>Pater,</strong></span> <span class='ocrx_word' id='word_1_469' title='bbox 2890 3257 2995 3311; x_wconf 86' lang='lat' dir='ltr'><strong>hoc</strong></span> <span class='ocrx_word' id='word_1_470' title='bbox 3040 3260 3143 3318; x_wconf 90' lang='lat' dir='ltr'><strong>est,</strong></span> <span class='ocrx_word' id='word_1_471' title='bbox 3177 3263 3299 3320; x_wconf 66' lang='lat' dir='ltr'><strong>quas</strong></span> <span class='ocrx_word' id='word_1_472' title='bbox 3343 3244 3539 3301; x_wconf 75' lang='lat' dir='ltr'><strong>statuit</strong></span> 
     </span>
    </p>
   </div>
   <div class='ocr_carea' id='block_1_62' title="bbox 276 3349 1857 3429">
    <p class='ocr_par' dir='ltr' id='par_1_62' title="bbox 276 3349 1857 3429">
     <span class='ocr_line' id='line_1_62' title="bbox 276 3349 1857 3429; baseline -0.008 -15"><span class='ocrx_word' id='word_1_473' title='bbox 276 3359 368 3424; x_wconf 83' lang='grc' dir='ltr'><strong>τὰ,</strong></span> <span class='ocrx_word' id='word_1_474' title='bbox 401 3355 738 3429; x_wconf 79' lang='grc' dir='ltr'><strong>μαρτυροῦσι</strong></span> <span class='ocrx_word' id='word_1_475' title='bbox 767 3354 897 3427; x_wconf 66' lang='grc' dir='ltr'><strong>οἱπερὶ</strong></span> <span class='ocrx_word' id='word_1_476' title='bbox 938 3353 1098 3425; x_wconf 83' lang='grc' dir='ltr'><strong>ἐμοῦ.</strong></span> <span class='ocrx_word' id='word_1_477' title='bbox 1126 3354 1287 3422; x_wconf 81' lang='grc' dir='ltr'><strong>Λέγει</strong></span> <span class='ocrx_word' id='word_1_478' title='bbox 1313 3353 1371 3406; x_wconf 79' lang='grc' dir='ltr'><strong>δέ</strong></span> <span class='ocrx_word' id='word_1_479' title='bbox 1401 3352 1558 3422; x_wconf 77' lang='grc' dir='ltr'><strong>ἔργα,</strong></span> <span class='ocrx_word' id='word_1_480' title='bbox 1612 3351 1680 3404; x_wconf 72' lang='grc' dir='ltr'><strong>τὰ</strong></span> <span class='ocrx_word' id='word_1_481' title='bbox 1727 3349 1857 3404; x_wconf 90' lang='grc' dir='ltr'><strong>θαύ-</strong></span> 
     </span>
    </p>
   </div>
   <div class='ocr_carea' id='block_1_63' title="bbox 283 3440 1858 3521">
    <p class='ocr_par' dir='ltr' id='par_1_63' title="bbox 283 3440 1858 3521">
     <span class='ocr_line' id='line_1_63' title="bbox 283 3440 1858 3521; baseline -0.008 -16"><span class='ocrx_word' id='word_1_482' title='bbox 283 3466 434 3521; x_wconf 88' lang='grc' dir='ltr'><strong>ματα</strong></span> <span class='ocrx_word' id='word_1_483' title='bbox 462 3450 659 3520; x_wconf 85' lang='grc' dir='ltr'><strong>δήπου,</strong></span> <span class='ocrx_word' id='word_1_484' title='bbox 691 3440 803 3501; x_wconf 75' lang='grc' dir='ltr'>οἷον</span> <span class='ocrx_word' id='word_1_485' title='bbox 827 3447 927 3516; x_wconf 81' lang='grc' dir='ltr'><strong>τὴν</strong></span> <span class='ocrx_word' id='word_1_486' title='bbox 950 3444 1044 3498; x_wconf 91' lang='grc' dir='ltr'><strong>τοῦ</strong></span> <span class='ocrx_word' id='word_1_487' title='bbox 1071 3442 1386 3514; x_wconf 82' lang='grc' dir='ltr'><strong>παραλύτου</strong></span> <span class='ocrx_word' id='word_1_488' title='bbox 1418 3442 1740 3513; x_wconf 86' lang='grc' dir='ltr'><strong>ἀνόρθωσιν.</strong></span> <span class='ocrx_word' id='word_1_489' title='bbox 1762 3440 1858 3494; x_wconf 73' lang='grc' dir='ltr'><strong>καὶ</strong></span> 
     </span>
    </p>
   </div>
   <div class='ocr_carea' id='block_1_64' title="bbox 278 3532 1857 3605">
    <p class='ocr_par' dir='ltr' id='par_1_64' title="bbox 278 3532 1857 3605">
     <span class='ocr_line' id='line_1_64' title="bbox 278 3532 1857 3605; baseline -0.007 -10"><span class='ocrx_word' id='word_1_490' title='bbox 278 3541 349 3596; x_wconf 84' lang='grc' dir='ltr'><strong>τὰ</strong></span> <span class='ocrx_word' id='word_1_491' title='bbox 377 3541 563 3594; x_wconf 86' lang='grc' dir='ltr'>λοιπά.</span> <span class='ocrx_word' id='word_1_492' title='bbox 605 3539 759 3592; x_wconf 75' lang='grc' dir='ltr'><strong>Ἐπεὶ</strong></span> <span class='ocrx_word' id='word_1_493' title='bbox 787 3537 846 3592; x_wconf 84' lang='grc' dir='ltr'><strong>δέ</strong></span> <span class='ocrx_word' id='word_1_494' title='bbox 873 3536 1163 3591; x_wconf 73' lang='grc' dir='ltr'>ἐνεκάλουν</span> <span class='ocrx_word' id='word_1_495' title='bbox 1188 3534 1359 3605; x_wconf 82' lang='grc' dir='ltr'><strong>αὑτῷ,</strong></span> <span class='ocrx_word' id='word_1_496' title='bbox 1385 3535 1468 3588; x_wconf 82' lang='grc' dir='ltr'><strong>ὅτι</strong></span> <span class='ocrx_word' id='word_1_497' title='bbox 1495 3536 1552 3588; x_wconf 88' lang='grc' dir='ltr'><strong>ἐν</strong></span> <span class='ocrx_word' id='word_1_498' title='bbox 1590 3532 1857 3603; x_wconf 74' lang='grc' dir='ltr'><strong>Σαϐϐάτῳ</strong></span> 
     </span>
    </p>
   </div>
   <div class='ocr_carea' id='block_1_65' title="bbox 278 3624 1854 3700">
    <p class='ocr_par' dir='ltr' id='par_1_65' title="bbox 278 3624 1854 3700">
     <span class='ocr_line' id='line_1_65' title="bbox 278 3624 1854 3700; baseline -0.006 -13"><span class='ocrx_word' id='word_1_499' title='bbox 278 3632 455 3687; x_wconf 84' lang='grc' dir='ltr'><strong>ταῦτα</strong></span> <span class='ocrx_word' id='word_1_500' title='bbox 483 3633 654 3697; x_wconf 82' lang='grc' dir='ltr'><strong>ποιεῖ,</strong></span> <span class='ocrx_word' id='word_1_501' title='bbox 681 3630 949 3700; x_wconf 85' lang='grc' dir='ltr'><strong>λέγοντες,</strong></span> <span class='ocrx_word' id='word_1_502' title='bbox 980 3627 1061 3681; x_wconf 83' lang='grc' dir='ltr'><strong>ὃτι</strong></span> <span class='ocrx_word' id='word_1_503' title='bbox 1090 3644 1111 3677; x_wconf 79' lang='grc' dir='ltr'><strong>ι</strong></span> <span class='ocrx_word' id='word_1_504' title='bbox 1145 3627 1260 3681; x_wconf 85' lang='grc' dir='ltr'><strong>Οὐκ</strong></span> <span class='ocrx_word' id='word_1_505' title='bbox 1295 3626 1441 3680; x_wconf 74' lang='grc' dir='ltr'><strong>ἐστιν</strong></span> <span class='ocrx_word' id='word_1_506' title='bbox 1480 3628 1544 3679; x_wconf 87' lang='grc' dir='ltr'><strong>ἐκ</strong></span> <span class='ocrx_word' id='word_1_507' title='bbox 1576 3624 1673 3678; x_wconf 87' lang='grc' dir='ltr'><strong>τοῦ</strong></span> <span class='ocrx_word' id='word_1_508' title='bbox 1700 3624 1854 3688; x_wconf 84' lang='grc' dir='ltr'><strong>Θεοῦ,</strong></span> 
     </span>
    </p>
   </div>
   <div class='ocr_carea' id='block_1_66' title="bbox 278 3716 1861 3793">
    <p class='ocr_par' dir='ltr' id='par_1_66' title="bbox 278 3716 1861 3793">
     <span class='ocr_line' id='line_1_66' title="bbox 278 3716 1861 3793; baseline -0.006 -13"><span class='ocrx_word' id='word_1_509' title='bbox 278 3724 442 3780; x_wconf 79' lang='grc' dir='ltr'><strong>ὅτιτὸ</strong></span> <span class='ocrx_word' id='word_1_510' title='bbox 469 3723 743 3778; x_wconf 76' lang='grc' dir='ltr'><strong>Σάϐϐατον</strong></span> <span class='ocrx_word' id='word_1_511' title='bbox 784 3722 844 3776; x_wconf 82' lang='grc' dir='ltr'><strong>οῦ</strong></span> <span class='ocrx_word' id='word_1_512' title='bbox 872 3722 1097 3793; x_wconf 72' lang='grc' dir='ltr'><strong>τηρεϊοι</strong></span> <span class='ocrx_word' id='word_1_513' title='bbox 1123 3719 1393 3774; x_wconf 85' lang='grc' dir='ltr'><strong>δείκνυσιν</strong></span> <span class='ocrx_word' id='word_1_514' title='bbox 1435 3719 1638 3784; x_wconf 79' lang='grc' dir='ltr'><strong>αὐτοῖς,</strong></span> <span class='ocrx_word' id='word_1_515' title='bbox 1683 3718 1764 3771; x_wconf 83' lang='grc' dir='ltr'><strong>ὅτι</strong></span> <span class='ocrx_word' id='word_1_516' title='bbox 1789 3716 1861 3770; x_wconf 82' lang='grc' dir='ltr'><strong>τὰ</strong></span> 
     </span>
    </p>
   </div>
   <div class='ocr_carea' id='block_1_67' title="bbox 280 3806 1859 3889">
    <p class='ocr_par' dir='ltr' id='par_1_67' title="bbox 280 3806 1859 3889">
     <span class='ocr_line' id='line_1_67' title="bbox 280 3806 1859 3889; baseline -0.007 -18"><span class='ocrx_word' id='word_1_517' title='bbox 280 3816 358 3889; x_wconf 83' lang='grc' dir='ltr'><strong>τῷ</strong></span> <span class='ocrx_word' id='word_1_518' title='bbox 390 3813 566 3886; x_wconf 68' lang='grc' dir='ltr'><strong>ῐῐιιιτρλ⁸</strong></span> <span class='ocrx_word' id='word_1_519' title='bbox 593 3812 887 3883; x_wconf 66' lang='grc' dir='ltr'><strong>δεδογμένα</strong></span> <span class='ocrx_word' id='word_1_520' title='bbox 913 3812 1074 3876; x_wconf 82' lang='grc' dir='ltr'><strong>ποιεῖ,</strong></span> <span class='ocrx_word' id='word_1_521' title='bbox 1094 3811 1187 3866; x_wconf 76' lang='grc' dir='ltr'><strong>καὶ</strong></span> <span class='ocrx_word' id='word_1_522' title='bbox 1211 3810 1293 3864; x_wconf 82' lang='grc' dir='ltr'><strong>ὅτι</strong></span> <span class='ocrx_word' id='word_1_523' title='bbox 1322 3809 1520 3880; x_wconf 79' lang='grc' dir='ltr'>μᾶλλον</span> <span class='ocrx_word' id='word_1_524' title='bbox 1536 3811 1601 3862; x_wconf 89' lang='grc' dir='ltr'><strong>ἐκ</strong></span> <span class='ocrx_word' id='word_1_525' title='bbox 1614 3806 1859 3867; x_wconf 78' lang='grc' dir='ltr'><strong>τοῦΘεοῦ</strong></span> 
     </span>
    </p>
   </div>
   <div class='ocr_carea' id='block_1_68' title="bbox 283 3899 1860 3975">
    <p class='ocr_par' dir='ltr' id='par_1_68' title="bbox 283 3899 1860 3975">
     <span class='ocr_line' id='line_1_68' title="bbox 283 3899 1860 3975; baseline -0.007 -12"><span class='ocrx_word' id='word_1_526' title='bbox 283 3912 426 3972; x_wconf 88' lang='grc' dir='ltr'><strong>ἐστι,</strong></span> <span class='ocrx_word' id='word_1_527' title='bbox 458 3905 642 3968; x_wconf 88' lang='grc' dir='ltr'><strong>καθὼς</strong></span> <span class='ocrx_word' id='word_1_528' title='bbox 670 3905 739 3958; x_wconf 82' lang='grc' dir='ltr'><strong>τὰ</strong></span> <span class='ocrx_word' id='word_1_529' title='bbox 768 3903 921 3975; x_wconf 76' lang='grc' dir='ltr'><strong>παρὰ</strong></span> <span class='ocrx_word' id='word_1_530' title='bbox 941 3903 1036 3958; x_wconf 85' lang='grc' dir='ltr'><strong>τοῦ</strong></span> <span class='ocrx_word' id='word_1_531' title='bbox 1066 3902 1204 3957; x_wconf 87' lang='grc' dir='ltr'><strong>Θεοῦ</strong></span> <span class='ocrx_word' id='word_1_532' title='bbox 1234 3902 1493 3973; x_wconf 76' lang='grc' dir='ltr'><strong>δεδομένα</strong></span> <span class='ocrx_word' id='word_1_533' title='bbox 1541 3899 1691 3970; x_wconf 84' lang='grc' dir='ltr'><strong>αὑτῷ</strong></span> <span class='ocrx_word' id='word_1_534' title='bbox 1722 3899 1860 3970; x_wconf 77' lang='grc' dir='ltr'><strong>ἔργα</strong></span> 
     </span>
    </p>
   </div>
   <div class='ocr_carea' id='block_1_69' title="bbox 280 3989 1859 4065">
    <p class='ocr_par' dir='ltr' id='par_1_69' title="bbox 280 3989 1859 4065">
     <span class='ocr_line' id='line_1_69' title="bbox 280 3989 1859 4065; baseline 0.001 -24"><span class='ocrx_word' id='word_1_535' title='bbox 280 3998 448 4053; x_wconf 77' lang='grc' dir='ltr'><strong>τελεῖ,</strong></span> <span class='ocrx_word' id='word_1_536' title='bbox 488 4014 508 4047; x_wconf 76' lang='grc' dir='ltr'><strong>ι</strong></span> <span class='ocrx_word' id='word_1_537' title='bbox 544 3995 628 4048; x_wconf 77' lang='grc' dir='ltr'><strong>Τὰ</strong></span> <span class='ocrx_word' id='word_1_538' title='bbox 651 3994 760 4065; x_wconf 83' lang='grc' dir='ltr'><strong>γὰρ</strong></span> <span class='ocrx_word' id='word_1_539' title='bbox 796 3993 956 4065; x_wconf 69' lang='grc' dir='ltr'><strong>ἔργα,</strong></span> <span class='ocrx_word' id='word_1_540' title='bbox 989 3992 1175 4063; x_wconf 72' lang='grc' dir='ltr'><strong>φησὶν,</strong></span> <span class='ocrx_word' id='word_1_541' title='bbox 1205 3991 1242 4048; x_wconf 73' lang='grc' dir='ltr'><strong>θ.</strong></span> <span class='ocrx_word' id='word_1_542' title='bbox 1271 3991 1440 4045; x_wconf 75' lang='grc' dir='ltr'><strong>ἐδωκέ</strong></span> <span class='ocrx_word' id='word_1_543' title='bbox 1472 4007 1563 4061; x_wconf 90' lang='grc' dir='ltr'><strong>μοι</strong></span> <span class='ocrx_word' id='word_1_544' title='bbox 1587 3991 1616 4043; x_wconf 88' lang='lat'><strong>6</strong></span> <span class='ocrx_word' id='word_1_545' title='bbox 1647 3989 1859 4059; x_wconf 81' lang='grc' dir='ltr'><strong>Πατὴρ,</strong></span> 
     </span>
    </p>
   </div>
   <div class='ocr_carea' id='block_1_70' title="bbox 283 4078 1862 4152">
    <p class='ocr_par' dir='ltr' id='par_1_70' title="bbox 283 4078 1862 4152">
     <span class='ocr_line' id='line_1_70' title="bbox 283 4078 1862 4152; baseline -0.008 -7"><span class='ocrx_word' id='word_1_546' title='bbox 283 4090 374 4145; x_wconf 84' lang='grc' dir='ltr'><strong>ῐνα</strong></span> <span class='ocrx_word' id='word_1_547' title='bbox 391 4085 667 4143; x_wconf 85' lang='grc' dir='ltr'><strong>τελειώσω</strong></span> <span class='ocrx_word' id='word_1_548' title='bbox 688 4084 845 4139; x_wconf 80' lang='grc' dir='ltr'><strong>αὑτά.</strong></span> <span class='ocrx_word' id='word_1_549' title='bbox 878 4101 897 4137; x_wconf 75' lang='grc' dir='ltr'><strong>ι</strong></span> <span class='ocrx_word' id='word_1_550' title='bbox 929 4084 1088 4139; x_wconf 78' lang='grc' dir='ltr'><strong>Ἐπεὶ</strong></span> <span class='ocrx_word' id='word_1_551' title='bbox 1107 4078 1200 4137; x_wconf 79' lang='grc' dir='ltr'><strong>οὖν</strong></span> <span class='ocrx_word' id='word_1_552' title='bbox 1226 4084 1255 4137; x_wconf 91' lang='lat'><strong>6</strong></span> <span class='ocrx_word' id='word_1_553' title='bbox 1282 4082 1474 4152; x_wconf 81' lang='grc' dir='ltr'><strong>Πατὴρ</strong></span> <span class='ocrx_word' id='word_1_554' title='bbox 1500 4079 1698 4134; x_wconf 85' lang='grc' dir='ltr'><strong>δέδωκε</strong></span> <span class='ocrx_word' id='word_1_555' title='bbox 1729 4079 1862 4133; x_wconf 87' lang='grc' dir='ltr'><strong>ταῦ-</strong></span> 
     </span>
    </p>
   </div>
   <div class='ocr_carea' id='block_1_71' title="bbox 281 4171 1864 4252">
    <p class='ocr_par' dir='ltr' id='par_1_71' title="bbox 281 4171 1864 4252">
     <span class='ocr_line' id='line_1_71' title="bbox 281 4171 1864 4252; baseline -0.009 -15"><span class='ocrx_word' id='word_1_556' title='bbox 281 4200 374 4250; x_wconf 88' lang='grc' dir='ltr'><strong>τα,</strong></span> <span class='ocrx_word' id='word_1_557' title='bbox 426 4181 584 4252; x_wconf 82' lang='grc' dir='ltr'><strong>ὑμεῖς</strong></span> <span class='ocrx_word' id='word_1_558' title='bbox 616 4182 739 4232; x_wconf 85' lang='grc' dir='ltr'><strong>ἐστε</strong></span> <span class='ocrx_word' id='word_1_559' title='bbox 761 4177 1003 4231; x_wconf 76' lang='grc' dir='ltr'><strong>ἀντίθεοι</strong></span> <span class='ocrx_word' id='word_1_560' title='bbox 1042 4177 1092 4231; x_wconf 83' lang='grc' dir='ltr'><strong>οῑ</strong></span> <span class='ocrx_word' id='word_1_561' title='bbox 1118 4173 1520 4243; x_wconf 79' lang='grc' dir='ltr'><strong>ἐναντιούμενοι</strong></span> <span class='ocrx_word' id='word_1_562' title='bbox 1544 4175 1656 4236; x_wconf 87' lang='grc' dir='ltr'><strong>τοῖς</strong></span> <span class='ocrx_word' id='word_1_563' title='bbox 1688 4171 1864 4225; x_wconf 78' lang='grc' dir='ltr'><strong>τοιού-</strong></span> 
     </span>
    </p>
   </div>
   <div class='ocr_carea' id='block_1_72' title="bbox 283 4263 1864 4344">
    <p class='ocr_par' dir='ltr' id='par_1_72' title="bbox 283 4263 1864 4344">
     <span class='ocr_line' id='line_1_72' title="bbox 283 4263 1864 4344; baseline -0.01 -14"><span class='ocrx_word' id='word_1_564' title='bbox 283 4291 401 4338; x_wconf 84' lang='grc' dir='ltr'><strong>τοις</strong></span> <span class='ocrx_word' id='word_1_565' title='bbox 430 4271 662 4344; x_wconf 67' lang='grc' dir='ltr'><strong>ξργοις.‹</strong></span> <span class='ocrx_word' id='word_1_566' title='bbox 699 4269 812 4324; x_wconf 67' lang='grc' dir='ltr'><strong>Καὶ</strong></span> <span class='ocrx_word' id='word_1_567' title='bbox 831 4268 860 4321; x_wconf 91' lang='lat'><strong>6</strong></span> <span class='ocrx_word' id='word_1_568' title='bbox 882 4268 1105 4338; x_wconf 76' lang='grc' dir='ltr'><strong>πέμψας</strong></span> <span class='ocrx_word' id='word_1_569' title='bbox 1133 4284 1202 4336; x_wconf 89' lang='grc' dir='ltr'><strong>με</strong></span> <span class='ocrx_word' id='word_1_570' title='bbox 1225 4266 1437 4338; x_wconf 81' lang='grc' dir='ltr'><strong>Πατὴρ,</strong></span> <span class='ocrx_word' id='word_1_571' title='bbox 1464 4263 1625 4326; x_wconf 80' lang='grc' dir='ltr'><strong>αὐτὸς</strong></span> <span class='ocrx_word' id='word_1_572' title='bbox 1652 4280 1864 4334; x_wconf 87' lang='grc' dir='ltr'><strong>μεμαρ-</strong></span> 
     </span>
    </p>
   </div>
   <div class='ocr_carea' id='block_1_73' title="bbox 283 4355 1862 4438">
    <p class='ocr_par' dir='ltr' id='par_1_73' title="bbox 283 4355 1862 4438">
     <span class='ocr_line' id='line_1_73' title="bbox 283 4355 1862 4438; baseline -0.008 -18"><span class='ocrx_word' id='word_1_573' title='bbox 283 4368 494 4438; x_wconf 80' lang='grc' dir='ltr'><strong>τύρηκε</strong></span> <span class='ocrx_word' id='word_1_574' title='bbox 516 4365 645 4435; x_wconf 74' lang='grc' dir='ltr'><strong>περὶ</strong></span> <span class='ocrx_word' id='word_1_575' title='bbox 670 4361 827 4434; x_wconf 90' lang='grc' dir='ltr'><strong>ἐμοῦ.</strong></span> <span class='ocrx_word' id='word_1_576' title='bbox 859 4380 878 4415; x_wconf 71' lang='grc' dir='ltr'><strong>ι</strong></span> <span class='ocrx_word' id='word_1_577' title='bbox 905 4361 1016 4416; x_wconf 87' lang='grc' dir='ltr'><strong>Ποῦ</strong></span> <span class='ocrx_word' id='word_1_578' title='bbox 1037 4360 1095 4415; x_wconf 88' lang='grc' dir='ltr'><strong>δέ</strong></span> <span class='ocrx_word' id='word_1_579' title='bbox 1122 4358 1515 4433; x_wconf 85' lang='grc' dir='ltr'><strong>μεμαρτύρηκε</strong></span> <span class='ocrx_word' id='word_1_580' title='bbox 1546 4357 1676 4428; x_wconf 76' lang='grc' dir='ltr'><strong>περὶ</strong></span> <span class='ocrx_word' id='word_1_581' title='bbox 1696 4355 1862 4411; x_wconf 82' lang='grc' dir='ltr'><strong>αὑτοῦ</strong></span> 
     </span>
    </p>
   </div>
   <div class='ocr_carea' id='block_1_74' title="bbox 286 4449 1866 4528">
    <p class='ocr_par' dir='ltr' id='par_1_74' title="bbox 286 4449 1866 4528">
     <span class='ocr_line' id='line_1_74' title="bbox 286 4449 1866 4528; baseline -0.008 -14"><span class='ocrx_word' id='word_1_582' title='bbox 286 4460 318 4513; x_wconf 90' lang='lat'><strong>6</strong></span> <span class='ocrx_word' id='word_1_583' title='bbox 340 4457 569 4528; x_wconf 74' lang='grc' dir='ltr'><strong>Πατήρς</strong></span> <span class='ocrx_word' id='word_1_584' title='bbox 599 4454 756 4519; x_wconf 80' lang='grc' dir='ltr'><strong>Τινὲς</strong></span> <span class='ocrx_word' id='word_1_585' title='bbox 785 4455 886 4525; x_wconf 87' lang='grc' dir='ltr'><strong>μέν</strong></span> <span class='ocrx_word' id='word_1_586' title='bbox 903 4454 1175 4523; x_wconf 84' lang='grc' dir='ltr'><strong>λέγουσιν,</strong></span> <span class='ocrx_word' id='word_1_587' title='bbox 1210 4454 1286 4518; x_wconf 86' lang='grc' dir='ltr'><strong>ὼς</strong></span> <span class='ocrx_word' id='word_1_588' title='bbox 1314 4453 1405 4506; x_wconf 77' lang='grc' dir='ltr'><strong>ἐπὶ</strong></span> <span class='ocrx_word' id='word_1_589' title='bbox 1423 4450 1519 4506; x_wconf 83' lang='grc' dir='ltr'><strong>τοῦ</strong></span> <span class='ocrx_word' id='word_1_590' title='bbox 1549 4449 1866 4522; x_wconf 81' lang='grc' dir='ltr'><strong>βαπτίσμα-</strong></span> 
     </span>
    </p>
   </div>
   <div class='ocr_carea' id='block_1_75' title="bbox 286 4538 1868 4619">
    <p class='ocr_par' dir='ltr' id='par_1_75' title="bbox 286 4538 1868 4619">
     <span class='ocr_line' id='line_1_75' title="bbox 286 4538 1868 4619; baseline -0.008 -12"><span class='ocrx_word' id='word_1_591' title='bbox 286 4568 404 4619; x_wconf 85' lang='grc' dir='ltr'><strong>τος,</strong></span> <span class='ocrx_word' id='word_1_592' title='bbox 447 4551 579 4605; x_wconf 81' lang='grc' dir='ltr'><strong>όταν</strong></span> <span class='ocrx_word' id='word_1_593' title='bbox 612 4544 796 4602; x_wconf 72' lang='grc' dir='ltr'><strong>εἷπενο</strong></span> <span class='ocrx_word' id='word_1_594' title='bbox 844 4565 863 4599; x_wconf 81' lang='grc' dir='ltr'><strong>ι</strong></span> <span class='ocrx_word' id='word_1_595' title='bbox 919 4538 1091 4609; x_wconf 74' lang='grc' dir='ltr'><strong>Οὗτός</strong></span> <span class='ocrx_word' id='word_1_596' title='bbox 1119 4547 1269 4599; x_wconf 87' lang='grc' dir='ltr'><strong>ἐστιν</strong></span> <span class='ocrx_word' id='word_1_597' title='bbox 1310 4544 1339 4596; x_wconf 91' lang='lat'><strong>6</strong></span> <span class='ocrx_word' id='word_1_598' title='bbox 1364 4544 1493 4608; x_wconf 80' lang='grc' dir='ltr'><strong>Υἱός</strong></span> <span class='ocrx_word' id='word_1_599' title='bbox 1526 4559 1629 4614; x_wconf 90' lang='grc' dir='ltr'><strong>μου</strong></span> <span class='ocrx_word' id='word_1_600' title='bbox 1667 4542 1696 4595; x_wconf 94' lang='lat'><strong>6</strong></span> <span class='ocrx_word' id='word_1_601' title='bbox 1730 4542 1868 4608; x_wconf 74' lang='grc' dir='ltr'><strong>ἀγα-</strong></span> 
     </span>
    </p>
   </div>
   <div class='ocr_carea' id='block_1_76' title="bbox 1959 3338 3532 3426">
    <p class='ocr_par' dir='ltr' id='par_1_76' title="bbox 1959 3338 3532 3426">
     <span class='ocr_line' id='line_1_76' title="bbox 1959 3338 3532 3426; baseline -0.02 -6"><span class='ocrx_word' id='word_1_602' title='bbox 1959 3365 2088 3420; x_wconf 87' lang='lat' dir='ltr'><strong>mihi</strong></span> <span class='ocrx_word' id='word_1_603' title='bbox 2141 3338 2303 3417; x_wconf 68' lang='lat' dir='ltr'><strong>l’ater</strong></span> <span class='ocrx_word' id='word_1_604' title='bbox 2366 3366 2428 3412; x_wconf 92' lang='lat' dir='ltr'><strong>ut</strong></span> <span class='ocrx_word' id='word_1_605' title='bbox 2501 3352 2802 3426; x_wconf 82' lang='lat' dir='ltr'><strong>perﬁciam,</strong></span> <span class='ocrx_word' id='word_1_606' title='bbox 2849 3362 2911 3406; x_wconf 85' lang='lat' dir='ltr'><strong>ea</strong></span> <span class='ocrx_word' id='word_1_607' title='bbox 2971 3350 3245 3401; x_wconf 85' lang='lat' dir='ltr'><strong>testantur</strong></span> <span class='ocrx_word' id='word_1_608' title='bbox 3305 3338 3374 3393; x_wconf 84' lang='lat' dir='ltr'><strong>de</strong></span> <span class='ocrx_word' id='word_1_609' title='bbox 3424 3350 3532 3390; x_wconf 90' lang='lat' dir='ltr'><strong>me.</strong></span> 
     </span>
    </p>
   </div>
   <div class='ocr_carea' id='block_1_77' title="bbox 1960 3426 3537 3518">
    <p class='ocr_par' dir='ltr' id='par_1_77' title="bbox 1960 3426 3537 3518">
     <span class='ocr_line' id='line_1_77' title="bbox 1960 3426 3537 3518; baseline -0.02 -6"><span class='ocrx_word' id='word_1_610' title='bbox 1960 3455 2102 3514; x_wconf 85' lang='lat' dir='ltr'><strong>Dicit</strong></span> <span class='ocrx_word' id='word_1_611' title='bbox 2153 3462 2333 3507; x_wconf 87' lang='lat' dir='ltr'><strong>autem</strong></span> <span class='ocrx_word' id='word_1_612' title='bbox 2387 3460 2573 3518; x_wconf 86' lang='lat' dir='ltr'><strong>opera,</strong></span> <span class='ocrx_word' id='word_1_613' title='bbox 2620 3440 2887 3499; x_wconf 86' lang='lat' dir='ltr'><strong>mirabilia</strong></span> <span class='ocrx_word' id='word_1_614' title='bbox 2937 3438 3029 3493; x_wconf 90' lang='lat' dir='ltr'><strong>illa</strong></span> <span class='ocrx_word' id='word_1_615' title='bbox 3081 3433 3313 3493; x_wconf 87' lang='lat' dir='ltr'><strong>scilicet,</strong></span> <span class='ocrx_word' id='word_1_616' title='bbox 3373 3426 3537 3497; x_wconf 86' lang='lat' dir='ltr'><strong>quale</strong></span> 
     </span>
    </p>
   </div>
   <div class='ocr_carea' id='block_1_78' title="bbox 1960 3517 3535 3616">
    <p class='ocr_par' dir='ltr' id='par_1_78' title="bbox 1960 3517 3535 3616">
     <span class='ocr_line' id='line_1_78' title="bbox 1960 3517 3535 3616; baseline -0.02 -13"><span class='ocrx_word' id='word_1_617' title='bbox 1960 3547 2069 3603; x_wconf 79' lang='lat' dir='ltr'><strong>fuit</strong></span> <span class='ocrx_word' id='word_1_618' title='bbox 2119 3540 2404 3616; x_wconf 85' lang='lat' dir='ltr'><strong>paralytici</strong></span> <span class='ocrx_word' id='word_1_619' title='bbox 2460 3534 2755 3597; x_wconf 87' lang='lat' dir='ltr'><strong>restitutio,</strong></span> <span class='ocrx_word' id='word_1_620' title='bbox 2796 3539 2904 3587; x_wconf 87' lang='lat' dir='ltr'><strong>etc.</strong></span> <span class='ocrx_word' id='word_1_621' title='bbox 2962 3527 3346 3583; x_wconf 82' lang='lat' dir='ltr'><strong>Verumtamen</strong></span> <span class='ocrx_word' id='word_1_622' title='bbox 3403 3517 3535 3590; x_wconf 89' lang='lat' dir='ltr'><strong>quia</strong></span> 
     </span>
    </p>
   </div>
   <div class='ocr_carea' id='block_1_79' title="bbox 1960 3613 3528 3707">
    <p class='ocr_par' dir='ltr' id='par_1_79' title="bbox 1960 3613 3528 3707">
     <span class='ocr_line' id='line_1_79' title="bbox 1960 3613 3528 3707; baseline -0.018 -14"><span class='ocrx_word' id='word_1_623' title='bbox 1960 3613 2257 3707; x_wconf 84' lang='lat' dir='ltr'><strong>arguebant</strong></span> <span class='ocrx_word' id='word_1_624' title='bbox 2280 3613 2405 3686; x_wconf 86' lang='lat' dir='ltr'><strong>eum</strong></span> <span class='ocrx_word' id='word_1_625' title='bbox 2429 3627 2573 3699; x_wconf 90' lang='lat' dir='ltr'><strong>quod</strong></span> <span class='ocrx_word' id='word_1_626' title='bbox 2604 3628 2657 3681; x_wconf 87' lang='lat' dir='ltr'><strong>iu</strong></span> <span class='ocrx_word' id='word_1_627' title='bbox 2688 3624 2926 3680; x_wconf 85' lang='lat' dir='ltr'><strong>Sabbato</strong></span> <span class='ocrx_word' id='word_1_628' title='bbox 2952 3622 3064 3675; x_wconf 59' lang='lat' dir='ltr'><strong>hac</strong></span> <span class='ocrx_word' id='word_1_629' title='bbox 3089 3617 3293 3672; x_wconf 87' lang='lat' dir='ltr'><strong>faceret</strong></span> <span class='ocrx_word' id='word_1_630' title='bbox 3338 3613 3528 3668; x_wconf 89' lang='lat' dir='ltr'><strong>dicen-</strong></span> 
     </span>
    </p>
   </div>
   <div class='ocr_carea' id='block_1_80' title="bbox 1963 3710 3523 3786">
    <p class='ocr_par' dir='ltr' id='par_1_80' title="bbox 1963 3710 3523 3786">
     <span class='ocr_line' id='line_1_80' title="bbox 1963 3710 3523 3786; baseline -0.019 0"><span class='ocrx_word' id='word_1_631' title='bbox 1963 3741 2085 3786; x_wconf 88' lang='lat' dir='ltr'><strong>tes:</strong></span> <span class='ocrx_word' id='word_1_632' title='bbox 2135 3744 2154 3778; x_wconf 76' lang='grc' dir='ltr'><strong>ι</strong></span> <span class='ocrx_word' id='word_1_633' title='bbox 2193 3725 2296 3780; x_wconf 77' lang='lat' dir='ltr'><strong>llic</strong></span> <span class='ocrx_word' id='word_1_634' title='bbox 2350 3737 2453 3777; x_wconf 83' lang='lat' dir='ltr'><strong>non</strong></span> <span class='ocrx_word' id='word_1_635' title='bbox 2482 3728 2565 3775; x_wconf 87' lang='lat' dir='ltr'><strong>est</strong></span> <span class='ocrx_word' id='word_1_636' title='bbox 2610 3733 2675 3774; x_wconf 69' lang='lat' dir='ltr'><strong>ev</strong></span> <span class='ocrx_word' id='word_1_637' title='bbox 2723 3715 2856 3780; x_wconf 88' lang='lat' dir='ltr'><strong>Deo,</strong></span> <span class='ocrx_word' id='word_1_638' title='bbox 2889 3715 3014 3785; x_wconf 79' lang='lat' dir='ltr'><strong>quia</strong></span> <span class='ocrx_word' id='word_1_639' title='bbox 3066 3710 3365 3766; x_wconf 86' lang='lat' dir='ltr'><strong>Sabbatum</strong></span> <span class='ocrx_word' id='word_1_640' title='bbox 3415 3718 3523 3758; x_wconf 89' lang='lat' dir='ltr'><strong>non</strong></span> 
     </span>
    </p>
   </div>
   <div class='ocr_carea' id='block_1_81' title="bbox 1963 3796 3524 3883">
    <p class='ocr_par' dir='ltr' id='par_1_81' title="bbox 1963 3796 3524 3883">
     <span class='ocr_line' id='line_1_81' title="bbox 1963 3796 3524 3883; baseline -0.017 -7"><span class='ocrx_word' id='word_1_641' title='bbox 1963 3826 2143 3876; x_wconf 71' lang='lat' dir='ltr'><strong>Servat</strong></span> <span class='ocrx_word' id='word_1_642' title='bbox 2174 3816 2241 3883; x_wconf 83' lang='grc'><strong>³⁸,</strong></span> <span class='ocrx_word' id='word_1_643' title='bbox 2274 3834 2293 3867; x_wconf 84' lang='grc'><strong>›</strong></span> <span class='ocrx_word' id='word_1_644' title='bbox 2322 3812 2562 3869; x_wconf 85' lang='lat' dir='ltr'><strong>ostendit</strong></span> <span class='ocrx_word' id='word_1_645' title='bbox 2594 3810 2674 3865; x_wconf 82' lang='lat' dir='ltr'><strong>eis</strong></span> <span class='ocrx_word' id='word_1_646' title='bbox 2699 3808 2842 3878; x_wconf 89' lang='lat' dir='ltr'><strong>quod</strong></span> <span class='ocrx_word' id='word_1_647' title='bbox 2868 3806 3031 3861; x_wconf 87' lang='lat' dir='ltr'><strong>faciat</strong></span> <span class='ocrx_word' id='word_1_648' title='bbox 3058 3818 3121 3857; x_wconf 86' lang='lat' dir='ltr'><strong>ea</strong></span> <span class='ocrx_word' id='word_1_649' title='bbox 3151 3815 3270 3870; x_wconf 69' lang='lat' dir='ltr'><strong>quae</strong></span> <span class='ocrx_word' id='word_1_650' title='bbox 3300 3812 3330 3852; x_wconf 87' lang='lat' dir='ltr'><strong>a</strong></span> <span class='ocrx_word' id='word_1_651' title='bbox 3361 3796 3524 3850; x_wconf 82' lang='lat' dir='ltr'><strong>Patre</strong></span> 
     </span>
    </p>
   </div>
   <div class='ocr_carea' id='block_1_82' title="bbox 1962 3888 3535 3973">
    <p class='ocr_par' dir='ltr' id='par_1_82' title="bbox 1962 3888 3535 3973">
     <span class='ocr_line' id='line_1_82' title="bbox 1962 3888 3535 3973; baseline -0.016 -9"><span class='ocrx_word' id='word_1_652' title='bbox 1962 3911 2202 3967; x_wconf 87' lang='lat' dir='ltr'><strong>decreta.</strong></span> <span class='ocrx_word' id='word_1_653' title='bbox 2225 3914 2282 3960; x_wconf 86' lang='lat' dir='ltr'><strong>et</strong></span> <span class='ocrx_word' id='word_1_654' title='bbox 2325 3902 2468 3973; x_wconf 88' lang='lat' dir='ltr'><strong>quod</strong></span> <span class='ocrx_word' id='word_1_655' title='bbox 2491 3900 2660 3969; x_wconf 73' lang='lat' dir='ltr'><strong>utiagis</strong></span> <span class='ocrx_word' id='word_1_656' title='bbox 2689 3913 2721 3952; x_wconf 89' lang='lat' dir='ltr'><strong>a</strong></span> <span class='ocrx_word' id='word_1_657' title='bbox 2755 3898 2868 3952; x_wconf 83' lang='lat' dir='ltr'><strong>Deo</strong></span> <span class='ocrx_word' id='word_1_658' title='bbox 2903 3895 2996 3959; x_wconf 90' lang='lat' dir='ltr'><strong>sit,</strong></span> <span class='ocrx_word' id='word_1_659' title='bbox 3025 3908 3088 3948; x_wconf 90' lang='lat' dir='ltr'><strong>eo</strong></span> <span class='ocrx_word' id='word_1_660' title='bbox 3123 3890 3267 3961; x_wconf 86' lang='lat' dir='ltr'><strong>quod</strong></span> <span class='ocrx_word' id='word_1_661' title='bbox 3294 3888 3535 3957; x_wconf 71' lang='lat' dir='ltr'><strong>iniuncta</strong></span> 
     </span>
    </p>
   </div>
   <div class='ocr_carea' id='block_1_83' title="bbox 1966 3981 3541 4066">
    <p class='ocr_par' dir='ltr' id='par_1_83' title="bbox 1966 3981 3541 4066">
     <span class='ocr_line' id='line_1_83' title="bbox 1966 3981 3541 4066; baseline -0.015 -10"><span class='ocrx_word' id='word_1_662' title='bbox 1966 4002 2067 4057; x_wconf 89' lang='lat' dir='ltr'><strong>sibi</strong></span> <span class='ocrx_word' id='word_1_663' title='bbox 2100 4014 2131 4053; x_wconf 88' lang='lat' dir='ltr'><strong>a</strong></span> <span class='ocrx_word' id='word_1_664' title='bbox 2161 3999 2275 4053; x_wconf 89' lang='lat' dir='ltr'><strong>Deo</strong></span> <span class='ocrx_word' id='word_1_665' title='bbox 2311 4008 2477 4066; x_wconf 89' lang='lat' dir='ltr'><strong>opera</strong></span> <span class='ocrx_word' id='word_1_666' title='bbox 2506 3992 2689 4048; x_wconf 86' lang='lat' dir='ltr'><strong>faciat.</strong></span> <span class='ocrx_word' id='word_1_667' title='bbox 2726 4007 2746 4042; x_wconf 77' lang='grc' dir='ltr'><strong>ι</strong></span> <span class='ocrx_word' id='word_1_668' title='bbox 2777 3987 2951 4056; x_wconf 84' lang='lat' dir='ltr'><strong>Opera</strong></span> <span class='ocrx_word' id='word_1_669' title='bbox 2984 3985 3152 4050; x_wconf 88' lang='lat' dir='ltr'><strong>enim,</strong></span> <span class='ocrx_word' id='word_1_670' title='bbox 3191 3981 3391 4051; x_wconf 89' lang='lat' dir='ltr'><strong>inquit,</strong></span> <span class='ocrx_word' id='word_1_671' title='bbox 3418 3992 3541 4045; x_wconf 79' lang='lat' dir='ltr'><strong>qua:</strong></span> 
     </span>
    </p>
   </div>
   <div class='ocr_carea' id='block_1_84' title="bbox 1965 4069 3541 4150">
    <p class='ocr_par' dir='ltr' id='par_1_84' title="bbox 1965 4069 3541 4150">
     <span class='ocr_line' id='line_1_84' title="bbox 1965 4069 3541 4150; baseline -0.016 -4"><span class='ocrx_word' id='word_1_672' title='bbox 1965 4091 2115 4146; x_wconf 87' lang='lat' dir='ltr'><strong>dedit</strong></span> <span class='ocrx_word' id='word_1_673' title='bbox 2151 4086 2283 4143; x_wconf 89' lang='lat' dir='ltr'><strong>mihi</strong></span> <span class='ocrx_word' id='word_1_674' title='bbox 2336 4087 2499 4139; x_wconf 86' lang='lat' dir='ltr'><strong>Pater</strong></span> <span class='ocrx_word' id='word_1_675' title='bbox 2545 4089 2606 4137; x_wconf 89' lang='lat' dir='ltr'><strong>ut</strong></span> <span class='ocrx_word' id='word_1_676' title='bbox 2649 4077 2929 4150; x_wconf 75' lang='lat' dir='ltr'><strong>perficiam</strong></span> <span class='ocrx_word' id='word_1_677' title='bbox 2958 4089 3060 4129; x_wconf 33' lang='lat' dir='ltr'><strong>rea.</strong></span> <span class='ocrx_word' id='word_1_678' title='bbox 3120 4091 3139 4125; x_wconf 74' lang='grc' dir='ltr'><strong>ι</strong></span> <span class='ocrx_word' id='word_1_679' title='bbox 3201 4070 3338 4141; x_wconf 85' lang='lat' dir='ltr'><strong>Quia</strong></span> <span class='ocrx_word' id='word_1_680' title='bbox 3373 4069 3541 4139; x_wconf 82' lang='lat' dir='ltr'><strong>igitur</strong></span> 
     </span>
    </p>
   </div>
   <div class='ocr_carea' id='block_1_85' title="bbox 1968 4159 3535 4238">
    <p class='ocr_par' dir='ltr' id='par_1_85' title="bbox 1968 4159 3535 4238">
     <span class='ocr_line' id='line_1_85' title="bbox 1968 4159 3535 4238; baseline -0.017 -1"><span class='ocrx_word' id='word_1_681' title='bbox 1968 4182 2130 4237; x_wconf 82' lang='lat' dir='ltr'><strong>Pater</strong></span> <span class='ocrx_word' id='word_1_682' title='bbox 2150 4177 2303 4234; x_wconf 88' lang='lat' dir='ltr'><strong>dedit</strong></span> <span class='ocrx_word' id='word_1_683' title='bbox 2332 4175 2466 4230; x_wconf 88' lang='lat' dir='ltr'><strong>mihi</strong></span> <span class='ocrx_word' id='word_1_684' title='bbox 2511 4172 2624 4238; x_wconf 85' lang='lat' dir='ltr'><strong>illa,</strong></span> <span class='ocrx_word' id='word_1_685' title='bbox 2656 4185 2750 4226; x_wconf 89' lang='lat' dir='ltr'><strong>vos</strong></span> <span class='ocrx_word' id='word_1_686' title='bbox 2784 4168 2916 4225; x_wconf 84' lang='lat' dir='ltr'><strong>estis</strong></span> <span class='ocrx_word' id='word_1_687' title='bbox 2948 4167 3057 4221; x_wconf 90' lang='lat' dir='ltr'><strong>Deo</strong></span> <span class='ocrx_word' id='word_1_688' title='bbox 3088 4160 3408 4223; x_wconf 85' lang='lat' dir='ltr'><strong>adversarii,</strong></span> <span class='ocrx_word' id='word_1_689' title='bbox 3441 4159 3535 4229; x_wconf 89' lang='lat' dir='ltr'><strong>qui</strong></span> 
     </span>
    </p>
   </div>
   <div class='ocr_carea' id='block_1_86' title="bbox 1950 4249 3539 4340">
    <p class='ocr_par' dir='ltr' id='par_1_86' title="bbox 1950 4249 3539 4340">
     <span class='ocr_line' id='line_1_86' title="bbox 1950 4249 3539 4340; baseline -0.018 -10"><span class='ocrx_word' id='word_1_690' title='bbox 1950 4273 2070 4330; x_wconf 76' lang='lat' dir='ltr'><strong>.illis</strong></span> <span class='ocrx_word' id='word_1_691' title='bbox 2107 4268 2358 4340; x_wconf 87' lang='lat' dir='ltr'><strong>operibus</strong></span> <span class='ocrx_word' id='word_1_692' title='bbox 2387 4262 2783 4328; x_wconf 81' lang='lat' dir='ltr'><strong>adversamini;</strong></span> <span class='ocrx_word' id='word_1_693' title='bbox 2831 4268 2886 4315; x_wconf 91' lang='lat' dir='ltr'><strong>et</strong></span> <span class='ocrx_word' id='word_1_694' title='bbox 2922 4257 3015 4329; x_wconf 89' lang='lat' dir='ltr'><strong>qui</strong></span> <span class='ocrx_word' id='word_1_695' title='bbox 3055 4253 3203 4310; x_wconf 90' lang='lat' dir='ltr'><strong>misit</strong></span> <span class='ocrx_word' id='word_1_696' title='bbox 3245 4266 3331 4307; x_wconf 92' lang='lat' dir='ltr'><strong>me</strong></span> <span class='ocrx_word' id='word_1_697' title='bbox 3358 4249 3539 4311; x_wconf 83' lang='lat' dir='ltr'><strong>Pater,</strong></span> 
     </span>
    </p>
   </div>
   <div class='ocr_carea' id='block_1_87' title="bbox 1964 4341 3535 4433">
    <p class='ocr_par' dir='ltr' id='par_1_87' title="bbox 1964 4341 3535 4433">
     <span class='ocr_line' id='line_1_87' title="bbox 1964 4341 3535 4433; baseline -0.015 -16"><span class='ocrx_word' id='word_1_698' title='bbox 1964 4366 2082 4433; x_wconf 87' lang='lat' dir='ltr'><strong>ipse</strong></span> <span class='ocrx_word' id='word_1_699' title='bbox 2117 4368 2349 4415; x_wconf 85' lang='lat' dir='ltr'><strong>testatur</strong></span> <span class='ocrx_word' id='word_1_700' title='bbox 2376 4357 2442 4411; x_wconf 91' lang='lat' dir='ltr'><strong>de</strong></span> <span class='ocrx_word' id='word_1_701' title='bbox 2481 4369 2592 4411; x_wconf 88' lang='lat' dir='ltr'><strong>me.</strong></span> <span class='ocrx_word' id='word_1_702' title='bbox 2621 4352 2725 4409; x_wconf 89' lang='lat' dir='ltr'><strong>Ubi</strong></span> <span class='ocrx_word' id='word_1_703' title='bbox 2762 4358 2942 4407; x_wconf 87' lang='lat' dir='ltr'><strong>autem</strong></span> <span class='ocrx_word' id='word_1_704' title='bbox 2988 4354 3222 4402; x_wconf 87' lang='lat' dir='ltr'><strong>testatus</strong></span> <span class='ocrx_word' id='word_1_705' title='bbox 3250 4350 3335 4397; x_wconf 89' lang='lat' dir='ltr'><strong>est</strong></span> <span class='ocrx_word' id='word_1_706' title='bbox 3367 4341 3433 4394; x_wconf 90' lang='lat' dir='ltr'><strong>de</strong></span> <span class='ocrx_word' id='word_1_707' title='bbox 3470 4353 3535 4393; x_wconf 93' lang='lat' dir='ltr'><strong>eo</strong></span> 
     </span>
    </p>
   </div>
   <div class='ocr_carea' id='block_1_88' title="bbox 1966 4429 3540 4517">
    <p class='ocr_par' dir='ltr' id='par_1_88' title="bbox 1966 4429 3540 4517">
     <span class='ocr_line' id='line_1_88' title="bbox 1966 4429 3540 4517; baseline -0.018 -7"><span class='ocrx_word' id='word_1_708' title='bbox 1966 4429 2170 4510; x_wconf 51' lang='lat' dir='ltr'><strong>Fater?</strong></span> <span class='ocrx_word' id='word_1_709' title='bbox 2198 4447 2433 4517; x_wconf 81' lang='lat' dir='ltr'><strong>Quidam</strong></span> <span class='ocrx_word' id='word_1_710' title='bbox 2469 4446 2650 4501; x_wconf 89' lang='lat' dir='ltr'><strong>dicunt</strong></span> <span class='ocrx_word' id='word_1_711' title='bbox 2687 4439 2913 4512; x_wconf 90' lang='lat' dir='ltr'><strong>quodin</strong></span> <span class='ocrx_word' id='word_1_712' title='bbox 2948 4436 3301 4508; x_wconf 85' lang='lat' dir='ltr'><strong>baptismate.</strong></span> <span class='ocrx_word' id='word_1_713' title='bbox 3322 4429 3540 4501; x_wconf 87' lang='lat' dir='ltr'><strong>quando</strong></span> 
     </span>
    </p>
   </div>
   <div class='ocr_carea' id='block_1_89' title="bbox 1970 4523 3545 4610">
    <p class='ocr_par' dir='ltr' id='par_1_89' title="bbox 1970 4523 3545 4610">
     <span class='ocr_line' id='line_1_89' title="bbox 1970 4523 3545 4610; baseline -0.017 -8"><span class='ocrx_word' id='word_1_714' title='bbox 1970 4546 2200 4610; x_wconf 65' lang='lat' dir='ltr'><strong>dixitzt</strong></span> <span class='ocrx_word' id='word_1_715' title='bbox 2252 4540 2351 4596; x_wconf 88' lang='lat' dir='ltr'><strong>llic</strong></span> <span class='ocrx_word' id='word_1_716' title='bbox 2394 4536 2674 4594; x_wconf 85' lang='lat' dir='ltr'><strong>estFilius</strong></span> <span class='ocrx_word' id='word_1_717' title='bbox 2718 4548 2869 4589; x_wconf 88' lang='lat' dir='ltr'><strong>meus</strong></span> <span class='ocrx_word' id='word_1_718' title='bbox 2914 4527 3231 4586; x_wconf 78' lang='lat' dir='ltr'><strong>dilectus“.</strong></span> <span class='ocrx_word' id='word_1_719' title='bbox 3277 4543 3297 4577; x_wconf 78' lang='grc' dir='ltr'><strong>ι</strong></span> <span class='ocrx_word' id='word_1_720' title='bbox 3336 4523 3545 4593; x_wconf 87' lang='lat' dir='ltr'><strong>Opinor</strong></span> 
     </span>
    </p>
   </div>
   <div class='ocr_carea' id='block_1_90' title="bbox 287 4612 1856 4719">
    <p class='ocr_par' dir='ltr' id='par_1_90' title="bbox 287 4612 1856 4719">
     <span class='ocr_line' id='line_1_90' title="bbox 287 4612 1856 4719; baseline -0.01 -21"><span class='ocrx_word' id='word_1_721' title='bbox 287 4612 486 4714; x_wconf 43' lang='lat' dir='ltr'><strong>c546,.</strong></span> <span class='ocrx_word' id='word_1_722' title='bbox 538 4659 557 4694; x_wconf 70' lang='grc' dir='ltr'><strong>ι</strong></span> <span class='ocrx_word' id='word_1_723' title='bbox 610 4641 875 4710; x_wconf 79' lang='grc' dir='ltr'><strong>Κρετττον</strong></span> <span class='ocrx_word' id='word_1_724' title='bbox 920 4637 979 4691; x_wconf 77' lang='grc' dir='ltr'><strong>δὲ</strong></span> <span class='ocrx_word' id='word_1_725' title='bbox 1026 4631 1180 4719; x_wconf 74' lang='grc' dir='ltr'><strong>οἶμαι</strong></span> <span class='ocrx_word' id='word_1_726' title='bbox 1221 4637 1386 4700; x_wconf 69' lang='grc' dir='ltr'><strong>νοεῖν,</strong></span> <span class='ocrx_word' id='word_1_727' title='bbox 1434 4612 1536 4689; x_wconf 74' lang='grc' dir='ltr'><strong>ὅτι</strong></span> <span class='ocrx_word' id='word_1_728' title='bbox 1561 4632 1653 4687; x_wconf 78' lang='grc' dir='ltr'><strong>διὰ</strong></span> <span class='ocrx_word' id='word_1_729' title='bbox 1683 4632 1856 4701; x_wconf 80' lang='grc' dir='ltr'>πάσης</span> 
     </span>
    </p>
   </div>
   <div class='ocr_carea' id='block_1_91' title="bbox 1958 4612 3542 4719">
    <p class='ocr_par' dir='ltr' id='par_1_91' title="bbox 1974 4612 3542 4703">
     <span class='ocr_line' id='line_1_91' title="bbox 1974 4612 3542 4703; baseline -0.016 -12"><span class='ocrx_word' id='word_1_730' title='bbox 1974 4647 2151 4692; x_wconf 87' lang='lat' dir='ltr'><strong>autem</strong></span> <span class='ocrx_word' id='word_1_731' title='bbox 2176 4631 2321 4703; x_wconf 89' lang='lat' dir='ltr'><strong>quod</strong></span> <span class='ocrx_word' id='word_1_732' title='bbox 2356 4628 2529 4699; x_wconf 85' lang='lat' dir='ltr'><strong>magis</strong></span> <span class='ocrx_word' id='word_1_733' title='bbox 2561 4626 2827 4695; x_wconf 82' lang='lat' dir='ltr'><strong>intelligat</strong></span> <span class='ocrx_word' id='word_1_734' title='bbox 2850 4622 2990 4692; x_wconf 91' lang='lat' dir='ltr'><strong>quod</strong></span> <span class='ocrx_word' id='word_1_735' title='bbox 3023 4634 3122 4691; x_wconf 87' lang='lat' dir='ltr'><strong>per</strong></span> <span class='ocrx_word' id='word_1_736' title='bbox 3145 4625 3360 4673; x_wconf 88' lang='lat' dir='ltr'><strong>omnem</strong></span> <span class='ocrx_word' id='word_1_737' title='bbox 3390 4612 3542 4669; x_wconf 85' lang='lat' dir='ltr'><strong>Scri-</strong></span> 
     </span>
    </p>
   </div>
   <div class='ocr_carea' id='block_1_92' title="bbox 289 4719 1869 4806">
    <p class='ocr_par' dir='ltr' id='par_1_92' title="bbox 289 4719 1869 4806">
     <span class='ocr_line' id='line_1_92' title="bbox 289 4719 1869 4806; baseline -0.01 -17"><span class='ocrx_word' id='word_1_738' title='bbox 289 4735 393 4806; x_wconf 82' lang='grc' dir='ltr'><strong>τῆς</strong></span> <span class='ocrx_word' id='word_1_739' title='bbox 427 4731 651 4804; x_wconf 83' lang='grc' dir='ltr'><strong>Γραφῆς</strong></span> <span class='ocrx_word' id='word_1_740' title='bbox 684 4727 1035 4801; x_wconf 82' lang='grc' dir='ltr'><strong>ἐμαρτύρησε</strong></span> <span class='ocrx_word' id='word_1_741' title='bbox 1080 4727 1211 4797; x_wconf 75' lang='grc' dir='ltr'><strong>περὶ</strong></span> <span class='ocrx_word' id='word_1_742' title='bbox 1242 4722 1410 4779; x_wconf 74' lang='grc' dir='ltr'><strong>αὐτοῦ</strong></span> <span class='ocrx_word' id='word_1_743' title='bbox 1443 4724 1473 4777; x_wconf 92' lang='lat'><strong>6</strong></span> <span class='ocrx_word' id='word_1_744' title='bbox 1503 4721 1657 4787; x_wconf 78' lang='grc' dir='ltr'><strong>Θεὸς,</strong></span> <span class='ocrx_word' id='word_1_745' title='bbox 1691 4719 1781 4774; x_wconf 78' lang='grc' dir='ltr'><strong>διά</strong></span> <span class='ocrx_word' id='word_1_746' title='bbox 1808 4737 1869 4773; x_wconf 80' lang='grc' dir='ltr'><strong>τε</strong></span> 
     </span>
    </p>
   </div>
   <div class='ocr_carea' id='block_1_93' title="bbox 291 4814 1865 4895">
    <p class='ocr_par' dir='ltr' id='par_1_93' title="bbox 291 4814 1865 4895">
     <span class='ocr_line' id='line_1_93' title="bbox 291 4814 1865 4895; baseline -0.011 -14"><span class='ocrx_word' id='word_1_747' title='bbox 291 4827 389 4883; x_wconf 87' lang='grc' dir='ltr'><strong>τοῦ</strong></span> <span class='ocrx_word' id='word_1_748' title='bbox 419 4825 587 4895; x_wconf 83' lang='grc' dir='ltr'><strong>νόμου</strong></span> <span class='ocrx_word' id='word_1_749' title='bbox 620 4824 716 4877; x_wconf 71' lang='grc' dir='ltr'><strong>καὶ</strong></span> <span class='ocrx_word' id='word_1_750' title='bbox 752 4821 863 4876; x_wconf 85' lang='grc' dir='ltr'><strong>τῶν</strong></span> <span class='ocrx_word' id='word_1_751' title='bbox 899 4819 1216 4891; x_wconf 81' lang='grc' dir='ltr'><strong>προφητῶν.</strong></span> <span class='ocrx_word' id='word_1_752' title='bbox 1276 4816 1415 4871; x_wconf 84' lang='grc' dir='ltr'>Ἀλλ’</span> <span class='ocrx_word' id='word_1_753' title='bbox 1444 4817 1626 4887; x_wconf 85' lang='grc' dir='ltr'><strong>ὑμεῖς,</strong></span> <span class='ocrx_word' id='word_1_754' title='bbox 1680 4814 1865 4883; x_wconf 76' lang='grc' dir='ltr'><strong>φησὶν,</strong></span> 
     </span>
    </p>
   </div>
   <div class='ocr_carea' id='block_1_94' title="bbox 296 4904 1868 4983">
    <p class='ocr_par' dir='ltr' id='par_1_94' title="bbox 296 4904 1868 4983">
     <span class='ocr_line' id='line_1_94' title="bbox 296 4904 1868 4983; baseline -0.011 -13"><span class='ocrx_word' id='word_1_755' title='bbox 296 4915 423 4971; x_wconf 79' lang='grc' dir='ltr'><strong>οὑτε</strong></span> <span class='ocrx_word' id='word_1_756' title='bbox 474 4912 658 4983; x_wconf 81' lang='grc' dir='ltr'>φωνὴν</span> <span class='ocrx_word' id='word_1_757' title='bbox 711 4909 881 4964; x_wconf 82' lang='grc' dir='ltr'><strong>αὐτοῦ</strong></span> <span class='ocrx_word' id='word_1_758' title='bbox 923 4909 1222 4978; x_wconf 75' lang='grc' dir='ltr'><strong>ἀκηκόατε,</strong></span> <span class='ocrx_word' id='word_1_759' title='bbox 1272 4906 1367 4961; x_wconf 77' lang='grc' dir='ltr'><strong>τοῦ</strong></span> <span class='ocrx_word' id='word_1_760' title='bbox 1431 4904 1644 4976; x_wconf 82' lang='grc' dir='ltr'><strong>Πατρὺς</strong></span> <span class='ocrx_word' id='word_1_761' title='bbox 1701 4904 1868 4971; x_wconf 78' lang='grc' dir='ltr'>λέγω,</span> 
     </span>
    </p>
   </div>
   <div class='ocr_carea' id='block_1_95' title="bbox 296 4995 1870 5071">
    <p class='ocr_par' dir='ltr' id='par_1_95' title="bbox 296 4995 1870 5071">
     <span class='ocr_line' id='line_1_95' title="bbox 296 4995 1870 5071; baseline -0.012 -8"><span class='ocrx_word' id='word_1_762' title='bbox 296 5007 424 5063; x_wconf 76' lang='grc' dir='ltr'><strong>οὗτε</strong></span> <span class='ocrx_word' id='word_1_763' title='bbox 488 5002 630 5067; x_wconf 79' lang='grc' dir='ltr'><strong>εἶδος</strong></span> <span class='ocrx_word' id='word_1_764' title='bbox 690 5000 858 5057; x_wconf 83' lang='grc' dir='ltr'><strong>αὑτοῦ</strong></span> <span class='ocrx_word' id='word_1_765' title='bbox 926 5001 1243 5071; x_wconf 78' lang='grc' dir='ltr'><strong>ἑωράκατε,</strong></span> <span class='ocrx_word' id='word_1_766' title='bbox 1320 4996 1460 5052; x_wconf 73' lang='grc' dir='ltr'>ἀλλὰ</span> <span class='ocrx_word' id='word_1_767' title='bbox 1520 4995 1870 5051; x_wconf 75' lang='grc' dir='ltr'><strong>παντάπασιν</strong></span> 
     </span>
    </p>
   </div>
   <div class='ocr_carea' id='block_1_96' title="bbox 294 5084 1872 5170">
    <p class='ocr_par' dir='ltr' id='par_1_96' title="bbox 294 5084 1872 5170">
     <span class='ocr_line' id='line_1_96' title="bbox 294 5084 1872 5170; baseline -0.009 -14"><span class='ocrx_word' id='word_1_768' title='bbox 294 5101 570 5170; x_wconf 75' lang='grc' dir='ltr'><strong>ἄγνωστος</strong></span> <span class='ocrx_word' id='word_1_769' title='bbox 618 5096 747 5166; x_wconf 79' lang='grc' dir='ltr'><strong>ὑμῖν</strong></span> <span class='ocrx_word' id='word_1_770' title='bbox 788 5095 927 5146; x_wconf 77' lang='grc' dir='ltr'><strong>ἐστι’</strong></span> <span class='ocrx_word' id='word_1_771' title='bbox 962 5091 1100 5146; x_wconf 83' lang='grc' dir='ltr'><strong>διότι</strong></span> <span class='ocrx_word' id='word_1_772' title='bbox 1143 5090 1238 5144; x_wconf 77' lang='grc' dir='ltr'><strong>καὶ</strong></span> <span class='ocrx_word' id='word_1_773' title='bbox 1265 5088 1357 5143; x_wconf 82' lang='grc' dir='ltr'><strong>τδν</strong></span> <span class='ocrx_word' id='word_1_774' title='bbox 1380 5087 1538 5158; x_wconf 76' lang='grc' dir='ltr'>λόγον</span> <span class='ocrx_word' id='word_1_775' title='bbox 1577 5084 1742 5143; x_wconf 83' lang='grc' dir='ltr'><strong>αὑτοῦ</strong></span> <span class='ocrx_word' id='word_1_776' title='bbox 1771 5085 1872 5142; x_wconf 70' lang='grc' dir='ltr'><strong>οὐκ</strong></span> 
     </span>
    </p>
   </div>
   <div class='ocr_carea' id='block_1_97' title="bbox 296 5176 1872 5259">
    <p class='ocr_par' dir='ltr' id='par_1_97' title="bbox 296 5176 1872 5259">
     <span class='ocr_line' id='line_1_97' title="bbox 296 5176 1872 5259; baseline -0.007 -18"><span class='ocrx_word' id='word_1_777' title='bbox 296 5187 448 5259; x_wconf 74' lang='grc' dir='ltr'><strong>ἔχετε</strong></span> <span class='ocrx_word' id='word_1_778' title='bbox 484 5185 716 5256; x_wconf 76' lang='grc' dir='ltr'><strong>μένοντα</strong></span> <span class='ocrx_word' id='word_1_779' title='bbox 758 5182 817 5235; x_wconf 90' lang='grc' dir='ltr'><strong>ἐν</strong></span> <span class='ocrx_word' id='word_1_780' title='bbox 849 5180 1017 5250; x_wconf 79' lang='grc' dir='ltr'><strong>ὑμῖν·</strong></span> <span class='ocrx_word' id='word_1_781' title='bbox 1055 5180 1329 5245; x_wconf 82' lang='grc' dir='ltr'><strong>τουτέστι,</strong></span> <span class='ocrx_word' id='word_1_782' title='bbox 1377 5178 1489 5242; x_wconf 81' lang='grc' dir='ltr'><strong>Τὰς</strong></span> <span class='ocrx_word' id='word_1_783' title='bbox 1520 5176 1744 5249; x_wconf 82' lang='grc' dir='ltr'><strong>Γραφὰς</strong></span> <span class='ocrx_word' id='word_1_784' title='bbox 1771 5176 1872 5240; x_wconf 74' lang='grc' dir='ltr'><strong>τὰς</strong></span> 
     </span>
    </p>
   </div>
   <div class='ocr_carea' id='block_1_98' title="bbox 296 5268 1872 5350">
    <p class='ocr_par' dir='ltr' id='par_1_98' title="bbox 296 5268 1872 5350">
     <span class='ocr_line' id='line_1_98' title="bbox 296 5268 1872 5350; baseline -0.006 -19"><span class='ocrx_word' id='word_1_785' title='bbox 296 5279 426 5350; x_wconf 81' lang='grc' dir='ltr'><strong>περὶ</strong></span> <span class='ocrx_word' id='word_1_786' title='bbox 469 5273 607 5345; x_wconf 89' lang='grc' dir='ltr'><strong>ἐμοῦ</strong></span> <span class='ocrx_word' id='word_1_787' title='bbox 660 5271 1050 5345; x_wconf 87' lang='grc' dir='ltr'><strong>μαρτυρούσας</strong></span> <span class='ocrx_word' id='word_1_788' title='bbox 1086 5272 1189 5325; x_wconf 83' lang='grc' dir='ltr'><strong>οὐκ</strong></span> <span class='ocrx_word' id='word_1_789' title='bbox 1216 5270 1419 5335; x_wconf 77' lang='grc' dir='ltr'><strong>οἴδατε,</strong></span> <span class='ocrx_word' id='word_1_790' title='bbox 1462 5271 1513 5324; x_wconf 81' lang='grc' dir='ltr'><strong>ει</strong></span> <span class='ocrx_word' id='word_1_791' title='bbox 1538 5270 1634 5326; x_wconf 73' lang='grc' dir='ltr'><strong>καὶ</strong></span> <span class='ocrx_word' id='word_1_792' title='bbox 1663 5268 1872 5323; x_wconf 70' lang='grc' dir='ltr'><strong>δοκεῖτε</strong></span> 
     </span>
    </p>
   </div>
   <div class='ocr_carea' id='block_1_99' title="bbox 297 5358 1870 5435">
    <p class='ocr_par' dir='ltr' id='par_1_99' title="bbox 297 5358 1870 5435">
     <span class='ocr_line' id='line_1_99' title="bbox 297 5358 1870 5435; baseline -0.006 -13"><span class='ocrx_word' id='word_1_793' title='bbox 297 5369 380 5422; x_wconf 82' lang='grc' dir='ltr'><strong>ὅτι</strong></span> <span class='ocrx_word' id='word_1_794' title='bbox 422 5368 627 5429; x_wconf 76' lang='grc' dir='ltr'><strong>οἴδατε,</strong></span> <span class='ocrx_word' id='word_1_795' title='bbox 656 5366 755 5419; x_wconf 76' lang='grc' dir='ltr'><strong>καὶ</strong></span> <span class='ocrx_word' id='word_1_796' title='bbox 804 5363 1109 5435; x_wconf 75' lang='grc' dir='ltr'><strong>καυχᾶσθε,</strong></span> <span class='ocrx_word' id='word_1_797' title='bbox 1150 5363 1228 5427; x_wconf 85' lang='grc' dir='ltr'><strong>ὡς</strong></span> <span class='ocrx_word' id='word_1_798' title='bbox 1266 5362 1337 5416; x_wconf 80' lang='grc' dir='ltr'><strong>τὰ</strong></span> <span class='ocrx_word' id='word_1_799' title='bbox 1382 5362 1556 5431; x_wconf 85' lang='grc' dir='ltr'><strong>Δόγια</strong></span> <span class='ocrx_word' id='word_1_800' title='bbox 1585 5361 1681 5416; x_wconf 83' lang='grc' dir='ltr'><strong>τοῦ</strong></span> <span class='ocrx_word' id='word_1_801' title='bbox 1731 5358 1870 5419; x_wconf 78' lang='grc' dir='ltr'><strong>Θεοῦ</strong></span> 
     </span>
    </p>
   </div>
   <div class='ocr_carea' id='block_1_100' title="bbox 302 5451 1869 5545">
    <p class='ocr_par' dir='ltr' id='par_1_100' title="bbox 302 5451 1869 5545">
     <span class='ocr_line' id='line_1_100' title="bbox 302 5451 1869 5545; baseline -0.002 -33"><span class='ocrx_word' id='word_1_802' title='bbox 302 5456 777 5545; x_wconf 60' lang='grc' dir='ltr'><strong>ἐμπιστευθέντες.</strong></span> <span class='ocrx_word' id='word_1_803' title='bbox 832 5455 1004 5509; x_wconf 80' lang='grc' dir='ltr'><strong>Πόθεν</strong></span> <span class='ocrx_word' id='word_1_804' title='bbox 1038 5454 1217 5526; x_wconf 81' lang='grc' dir='ltr'><strong>δῆλον,</strong></span> <span class='ocrx_word' id='word_1_805' title='bbox 1268 5456 1352 5509; x_wconf 80' lang='grc' dir='ltr'><strong>ὅτι</strong></span> <span class='ocrx_word' id='word_1_806' title='bbox 1394 5454 1497 5509; x_wconf 83' lang='grc' dir='ltr'><strong>οὑκ</strong></span> <span class='ocrx_word' id='word_1_807' title='bbox 1546 5454 1723 5509; x_wconf 74' lang='grc' dir='ltr'><strong>οἴδατε</strong></span> <span class='ocrx_word' id='word_1_808' title='bbox 1768 5451 1869 5517; x_wconf 80' lang='grc' dir='ltr'><strong>τὰς</strong></span> 
     </span>
    </p>
   </div>
   <div class='ocr_carea' id='block_1_101' title="bbox 297 5546 1868 5621">
    <p class='ocr_par' dir='ltr' id='par_1_101' title="bbox 297 5546 1868 5621">
     <span class='ocr_line' id='line_1_101' title="bbox 297 5546 1868 5621; baseline -0.004 -17"><span class='ocrx_word' id='word_1_809' title='bbox 297 5548 550 5621; x_wconf 71' lang='grc' dir='ltr'><strong>Γραφάςο</strong></span> <span class='ocrx_word' id='word_1_810' title='bbox 584 5566 605 5600; x_wconf 77' lang='grc' dir='ltr'><strong>ι</strong></span> <span class='ocrx_word' id='word_1_811' title='bbox 641 5549 766 5601; x_wconf 88' lang='grc' dir='ltr'><strong>Ὅτι</strong></span> <span class='ocrx_word' id='word_1_812' title='bbox 797 5547 857 5602; x_wconf 84' lang='grc' dir='ltr'><strong>ὃν</strong></span> <span class='ocrx_word' id='word_1_813' title='bbox 881 5548 1198 5602; x_wconf 74' lang='grc' dir='ltr'><strong>ἀπέστειλεν</strong></span> <span class='ocrx_word' id='word_1_814' title='bbox 1224 5548 1457 5613; x_wconf 74' lang='grc' dir='ltr'><strong>ἐκεῖνος,</strong></span> <span class='ocrx_word' id='word_1_815' title='bbox 1498 5546 1677 5617; x_wconf 86' lang='grc' dir='ltr'><strong>τούτῳ</strong></span> <span class='ocrx_word' id='word_1_816' title='bbox 1710 5547 1868 5617; x_wconf 78' lang='grc' dir='ltr'><strong>ὑμεῖς</strong></span> 
     </span>
    </p>
   </div>
   <div class='ocr_carea' id='block_1_102' title="bbox 300 5636 1869 5710">
    <p class='ocr_par' dir='ltr' id='par_1_102' title="bbox 300 5636 1869 5710">
     <span class='ocr_line' id='line_1_102' title="bbox 300 5636 1869 5710; baseline -0.003 -16"><span class='ocrx_word' id='word_1_817' title='bbox 300 5641 362 5694; x_wconf 84' lang='grc' dir='ltr'><strong>οὑ</strong></span> <span class='ocrx_word' id='word_1_818' title='bbox 392 5638 700 5694; x_wconf 82' lang='grc' dir='ltr'><strong>πιστεύετε.</strong></span> <span class='ocrx_word' id='word_1_819' title='bbox 733 5655 754 5690; x_wconf 75' lang='grc' dir='ltr'><strong>ι</strong></span> <span class='ocrx_word' id='word_1_820' title='bbox 795 5638 1008 5710; x_wconf 84' lang='grc' dir='ltr'><strong>Ὠσπερ</strong></span> <span class='ocrx_word' id='word_1_821' title='bbox 1038 5636 1133 5693; x_wconf 85' lang='grc' dir='ltr'><strong>οῦν</strong></span> <span class='ocrx_word' id='word_1_822' title='bbox 1159 5637 1285 5691; x_wconf 78' lang='grc' dir='ltr'><strong>οὔτε</strong></span> <span class='ocrx_word' id='word_1_823' title='bbox 1326 5637 1512 5709; x_wconf 78' lang='grc' dir='ltr'>φωνὴν</span> <span class='ocrx_word' id='word_1_824' title='bbox 1540 5637 1677 5691; x_wconf 85' lang='grc' dir='ltr'><strong>Θεοῦ</strong></span> <span class='ocrx_word' id='word_1_825' title='bbox 1707 5637 1869 5706; x_wconf 77' lang='grc' dir='ltr'><strong>ἡκούο</strong></span> 
     </span>
    </p>
   </div>
   <div class='ocr_carea' id='block_1_103' title="bbox 305 5727 1860 5803">
    <p class='ocr_par' dir='ltr' id='par_1_103' title="bbox 305 5727 1860 5803">
     <span class='ocr_line' id='line_1_103' title="bbox 305 5727 1860 5803; baseline -0.003 -16"><span class='ocrx_word' id='word_1_826' title='bbox 305 5749 435 5788; x_wconf 85' lang='grc' dir='ltr'><strong>σατε</strong></span> <span class='ocrx_word' id='word_1_827' title='bbox 466 5732 550 5803; x_wconf 82' lang='grc' dir='ltr'><strong>(οὐ</strong></span> <span class='ocrx_word' id='word_1_828' title='bbox 595 5730 705 5802; x_wconf 83' lang='grc' dir='ltr'><strong>γὰρ</strong></span> <span class='ocrx_word' id='word_1_829' title='bbox 733 5729 847 5802; x_wconf 73' lang='grc' dir='ltr'><strong>ἔχει</strong></span> <span class='ocrx_word' id='word_1_830' title='bbox 887 5730 1072 5802; x_wconf 69' lang='grc' dir='ltr'>φωνὴν</span> <span class='ocrx_word' id='word_1_831' title='bbox 1113 5730 1144 5782; x_wconf 87' lang='lat'><strong>6</strong></span> <span class='ocrx_word' id='word_1_832' title='bbox 1188 5728 1321 5793; x_wconf 79' lang='grc' dir='ltr'><strong>Θεὸς</strong></span> <span class='ocrx_word' id='word_1_833' title='bbox 1374 5728 1686 5801; x_wconf 70' lang='grc' dir='ltr'><strong>αἰσθητὴν),</strong></span> <span class='ocrx_word' id='word_1_834' title='bbox 1734 5727 1860 5783; x_wconf 78' lang='grc' dir='ltr'><strong>οῦτε</strong></span> 
     </span>
    </p>
   </div>
   <div class='ocr_carea' id='block_1_104' title="bbox 376 5907 1435 5974">
    <p class='ocr_par' dir='ltr' id='par_1_104' title="bbox 376 5907 1435 5974">
     <span class='ocr_line' id='line_1_104' title="bbox 376 5907 1435 5974; baseline -0.004 -7"><span class='ocrx_word' id='word_1_835' title='bbox 376 5912 422 5947; x_wconf 79' lang='grc'><strong><em>⁸⁸</em></strong></span> <span class='ocrx_word' id='word_1_836' title='bbox 463 5910 619 5967; x_wconf 88' lang='lat' dir='ltr'><strong>Joan.</strong></span> <span class='ocrx_word' id='word_1_837' title='bbox 657 5926 734 5974; x_wconf 67' lang='grc' dir='ltr'><strong>ις.</strong></span> <span class='ocrx_word' id='word_1_838' title='bbox 769 5911 853 5967; x_wconf 84' lang='lat' dir='ltr'><strong>l6.</strong></span> <span class='ocrx_word' id='word_1_839' title='bbox 932 5910 972 5943; x_wconf 80' lang='lat'><strong>&quot;</strong></span> <span class='ocrx_word' id='word_1_840' title='bbox 1000 5908 1186 5965; x_wconf 78' lang='lat' dir='ltr'><strong>Matth.</strong></span> <span class='ocrx_word' id='word_1_841' title='bbox 1216 5923 1344 5972; x_wconf 78' lang='lat' dir='ltr'><strong>xvtt,</strong></span> <span class='ocrx_word' id='word_1_842' title='bbox 1379 5907 1435 5974; x_wconf 85' lang='lat'><strong>5,</strong></span> 
     </span>
    </p>
   </div>
   <div class='ocr_carea' id='block_1_105' title="bbox 1969 4706 3541 4796">
    <p class='ocr_par' dir='ltr' id='par_1_105' title="bbox 1969 4706 3541 4796">
     <span class='ocr_line' id='line_1_105' title="bbox 1969 4706 3541 4796; baseline -0.014 -17"><span class='ocrx_word' id='word_1_843' title='bbox 1969 4735 2184 4796; x_wconf 88' lang='lat' dir='ltr'><strong>pturam</strong></span> <span class='ocrx_word' id='word_1_844' title='bbox 2233 4729 2468 4776; x_wconf 88' lang='lat' dir='ltr'><strong>testatus</strong></span> <span class='ocrx_word' id='word_1_845' title='bbox 2518 4719 2592 4772; x_wconf 87' lang='lat' dir='ltr'><strong>sit</strong></span> <span class='ocrx_word' id='word_1_846' title='bbox 2644 4717 2709 4770; x_wconf 86' lang='lat' dir='ltr'><strong>de</strong></span> <span class='ocrx_word' id='word_1_847' title='bbox 2754 4730 2820 4768; x_wconf 85' lang='lat' dir='ltr'><strong>eo</strong></span> <span class='ocrx_word' id='word_1_848' title='bbox 2855 4712 3017 4778; x_wconf 89' lang='lat' dir='ltr'><strong>Deus,</strong></span> <span class='ocrx_word' id='word_1_849' title='bbox 3073 4721 3180 4764; x_wconf 84' lang='lat' dir='ltr'><strong>tam</strong></span> <span class='ocrx_word' id='word_1_850' title='bbox 3226 4723 3320 4778; x_wconf 91' lang='lat' dir='ltr'><strong>per</strong></span> <span class='ocrx_word' id='word_1_851' title='bbox 3367 4706 3541 4775; x_wconf 85' lang='lat' dir='ltr'><strong>legem</strong></span> 
     </span>
    </p>
   </div>
   <div class='ocr_carea' id='block_1_106' title="bbox 1970 4802 3544 4888">
    <p class='ocr_par' dir='ltr' id='par_1_106' title="bbox 1970 4802 3544 4888">
     <span class='ocr_line' id='line_1_106' title="bbox 1970 4802 3544 4888; baseline -0.013 -18"><span class='ocrx_word' id='word_1_852' title='bbox 1970 4833 2129 4888; x_wconf 85' lang='lat' dir='ltr'><strong>quam</strong></span> <span class='ocrx_word' id='word_1_853' title='bbox 2156 4830 2253 4886; x_wconf 88' lang='lat' dir='ltr'><strong>per</strong></span> <span class='ocrx_word' id='word_1_854' title='bbox 2283 4812 2597 4883; x_wconf 84' lang='lat' dir='ltr'><strong>prophetas.</strong></span> <span class='ocrx_word' id='word_1_855' title='bbox 2634 4825 2652 4859; x_wconf 76' lang='grc' dir='ltr'><strong>ι</strong></span> <span class='ocrx_word' id='word_1_856' title='bbox 2710 4805 2817 4862; x_wconf 88' lang='lat' dir='ltr'><strong>Sed</strong></span> <span class='ocrx_word' id='word_1_857' title='bbox 2854 4821 2971 4867; x_wconf 87' lang='lat' dir='ltr'><strong>vos,</strong></span> <span class='ocrx_word' id='word_1_858' title='bbox 3017 4802 3214 4871; x_wconf 90' lang='lat' dir='ltr'><strong>inquit,</strong></span> <span class='ocrx_word' id='word_1_859' title='bbox 3245 4814 3420 4869; x_wconf 87' lang='lat' dir='ltr'><strong>neque</strong></span> <span class='ocrx_word' id='word_1_860' title='bbox 3449 4813 3544 4852; x_wconf 83' lang='lat' dir='ltr'><strong>vo-</strong></span> 
     </span>
    </p>
   </div>
   <div class='ocr_carea' id='block_1_107' title="bbox 1970 4893 3540 4976">
    <p class='ocr_par' dir='ltr' id='par_1_107' title="bbox 1970 4893 3540 4976">
     <span class='ocr_line' id='line_1_107' title="bbox 1970 4893 3540 4976; baseline -0.014 -12"><span class='ocrx_word' id='word_1_861' title='bbox 1970 4923 2088 4964; x_wconf 88' lang='lat' dir='ltr'><strong>cem</strong></span> <span class='ocrx_word' id='word_1_862' title='bbox 2122 4906 2240 4976; x_wconf 83' lang='lat' dir='ltr'><strong>cjus</strong></span> <span class='ocrx_word' id='word_1_863' title='bbox 2283 4901 2535 4962; x_wconf 89' lang='lat' dir='ltr'><strong>audistis,</strong></span> <span class='ocrx_word' id='word_1_864' title='bbox 2571 4899 2770 4963; x_wconf 88' lang='lat' dir='ltr'><strong>Patris,</strong></span> <span class='ocrx_word' id='word_1_865' title='bbox 2827 4898 3067 4966; x_wconf 88' lang='lat' dir='ltr'><strong>inquam,</strong></span> <span class='ocrx_word' id='word_1_866' title='bbox 3097 4905 3272 4963; x_wconf 89' lang='lat' dir='ltr'><strong>neque</strong></span> <span class='ocrx_word' id='word_1_867' title='bbox 3303 4893 3540 4961; x_wconf 88' lang='lat' dir='ltr'><strong>speciem</strong></span> 
     </span>
    </p>
   </div>
   <div class='ocr_carea' id='block_1_108' title="bbox 1969 4980 3544 5069">
    <p class='ocr_par' dir='ltr' id='par_1_108' title="bbox 1969 4980 3544 5069">
     <span class='ocr_line' id='line_1_108' title="bbox 1969 4980 3544 5069; baseline -0.013 -15"><span class='ocrx_word' id='word_1_868' title='bbox 1969 4999 2093 5069; x_wconf 87' lang='lat' dir='ltr'><strong>ejus</strong></span> <span class='ocrx_word' id='word_1_869' title='bbox 2142 4994 2370 5050; x_wconf 81' lang='lat' dir='ltr'><strong>vidistis.</strong></span> <span class='ocrx_word' id='word_1_870' title='bbox 2431 5003 2451 5043; x_wconf 64' lang='grc' dir='ltr'>ν</span> <span class='ocrx_word' id='word_1_871' title='bbox 2514 4990 2641 5046; x_wconf 88' lang='lat' dir='ltr'><strong>ldeo</strong></span> <span class='ocrx_word' id='word_1_872' title='bbox 2689 4986 2943 5043; x_wconf 88' lang='lat' dir='ltr'><strong>omnibus</strong></span> <span class='ocrx_word' id='word_1_873' title='bbox 3000 4983 3175 5039; x_wconf 87' lang='lat' dir='ltr'><strong>modis</strong></span> <span class='ocrx_word' id='word_1_874' title='bbox 3235 4980 3544 5050; x_wconf 88' lang='lat' dir='ltr'><strong>incognitus</strong></span> 
     </span>
    </p>
   </div>
   <div class='ocr_carea' id='block_1_109' title="bbox 1974 5073 3547 5147">
    <p class='ocr_par' dir='ltr' id='par_1_109' title="bbox 1974 5073 3547 5147">
     <span class='ocr_line' id='line_1_109' title="bbox 1974 5073 3547 5147; baseline -0.015 0"><span class='ocrx_word' id='word_1_875' title='bbox 1974 5090 2133 5147; x_wconf 81' lang='lat' dir='ltr'><strong>vobis</strong></span> <span class='ocrx_word' id='word_1_876' title='bbox 2155 5096 2263 5145; x_wconf 86' lang='lat' dir='ltr'><strong>est.</strong></span> <span class='ocrx_word' id='word_1_877' title='bbox 2308 5084 2434 5141; x_wconf 88' lang='lat' dir='ltr'><strong>Ideo</strong></span> <span class='ocrx_word' id='word_1_878' title='bbox 2470 5090 2527 5140; x_wconf 89' lang='lat' dir='ltr'><strong>et</strong></span> <span class='ocrx_word' id='word_1_879' title='bbox 2556 5094 2863 5139; x_wconf 83' lang='lat' dir='ltr'><strong>sermonem</strong></span> <span class='ocrx_word' id='word_1_880' title='bbox 2903 5077 3023 5147; x_wconf 81' lang='lat' dir='ltr'><strong>ejus</strong></span> <span class='ocrx_word' id='word_1_881' title='bbox 3058 5088 3163 5129; x_wconf 80' lang='lat' dir='ltr'><strong>non</strong></span> <span class='ocrx_word' id='word_1_882' title='bbox 3196 5073 3405 5129; x_wconf 87' lang='lat' dir='ltr'><strong>habetis</strong></span> <span class='ocrx_word' id='word_1_883' title='bbox 3423 5084 3547 5125; x_wconf 90' lang='lat' dir='ltr'><strong>ma-</strong></span> 
     </span>
    </p>
   </div>
   <div class='ocr_carea' id='block_1_110' title="bbox 1970 5163 3545 5243">
    <p class='ocr_par' dir='ltr' id='par_1_110' title="bbox 1970 5163 3545 5243">
     <span class='ocr_line' id='line_1_110' title="bbox 1970 5163 3545 5243; baseline -0.015 -3"><span class='ocrx_word' id='word_1_884' title='bbox 1970 5192 2192 5240; x_wconf 89' lang='lat' dir='ltr'><strong>nentem</strong></span> <span class='ocrx_word' id='word_1_885' title='bbox 2240 5180 2295 5236; x_wconf 88' lang='lat' dir='ltr'><strong>in</strong></span> <span class='ocrx_word' id='word_1_886' title='bbox 2331 5177 2520 5243; x_wconf 87' lang='lat' dir='ltr'><strong>vobis;</strong></span> <span class='ocrx_word' id='word_1_887' title='bbox 2570 5175 2674 5230; x_wconf 85' lang='lat' dir='ltr'><strong>hoc</strong></span> <span class='ocrx_word' id='word_1_888' title='bbox 2704 5180 2809 5236; x_wconf 89' lang='lat' dir='ltr'><strong>est,</strong></span> <span class='ocrx_word' id='word_1_889' title='bbox 2850 5169 3159 5239; x_wconf 83' lang='lat' dir='ltr'><strong>Scripturas</strong></span> <span class='ocrx_word' id='word_1_890' title='bbox 3204 5178 3324 5235; x_wconf 67' lang='lat' dir='ltr'><strong>quae</strong></span> <span class='ocrx_word' id='word_1_891' title='bbox 3348 5163 3416 5219; x_wconf 90' lang='lat' dir='ltr'><strong>de</strong></span> <span class='ocrx_word' id='word_1_892' title='bbox 3458 5177 3545 5216; x_wconf 91' lang='lat' dir='ltr'><strong>me</strong></span> 
     </span>
    </p>
   </div>
   <div class='ocr_carea' id='block_1_111' title="bbox 1973 5251 3546 5338">
    <p class='ocr_par' dir='ltr' id='par_1_111' title="bbox 1973 5251 3546 5338">
     <span class='ocr_line' id='line_1_111' title="bbox 1973 5251 3546 5338; baseline -0.017 -8"><span class='ocrx_word' id='word_1_893' title='bbox 1973 5282 2263 5338; x_wconf 90' lang='lat' dir='ltr'><strong>testantur,</strong></span> <span class='ocrx_word' id='word_1_894' title='bbox 2297 5266 2555 5326; x_wconf 88' lang='lat' dir='ltr'><strong>nescitis:</strong></span> <span class='ocrx_word' id='word_1_895' title='bbox 2595 5261 2809 5318; x_wconf 87' lang='lat' dir='ltr'><strong>tametsi</strong></span> <span class='ocrx_word' id='word_1_896' title='bbox 2844 5256 3134 5313; x_wconf 89' lang='lat' dir='ltr'><strong>videamini</strong></span> <span class='ocrx_word' id='word_1_897' title='bbox 3179 5255 3321 5309; x_wconf 89' lang='lat' dir='ltr'><strong>scire</strong></span> <span class='ocrx_word' id='word_1_898' title='bbox 3344 5262 3400 5308; x_wconf 87' lang='lat' dir='ltr'><strong>et</strong></span> <span class='ocrx_word' id='word_1_899' title='bbox 3431 5251 3546 5323; x_wconf 82' lang='lat' dir='ltr'><strong>glo-</strong></span> 
     </span>
    </p>
   </div>
   <div class='ocr_carea' id='block_1_112' title="bbox 1972 5345 3538 5429">
    <p class='ocr_par' dir='ltr' id='par_1_112' title="bbox 1972 5345 3538 5429">
     <span class='ocr_line' id='line_1_112' title="bbox 1972 5345 3538 5429; baseline -0.017 -10"><span class='ocrx_word' id='word_1_900' title='bbox 1972 5363 2105 5419; x_wconf 84' lang='lat' dir='ltr'><strong>riari</strong></span> <span class='ocrx_word' id='word_1_901' title='bbox 2156 5363 2211 5417; x_wconf 90' lang='lat' dir='ltr'><strong>in</strong></span> <span class='ocrx_word' id='word_1_902' title='bbox 2245 5358 2476 5429; x_wconf 88' lang='lat' dir='ltr'><strong>eloquiis</strong></span> <span class='ocrx_word' id='word_1_903' title='bbox 2528 5356 2620 5410; x_wconf 89' lang='lat' dir='ltr'><strong>Dei</strong></span> <span class='ocrx_word' id='word_1_904' title='bbox 2672 5366 2793 5421; x_wconf 63' lang='lat' dir='ltr'><strong>qua</strong></span> <span class='ocrx_word' id='word_1_905' title='bbox 2832 5349 2986 5405; x_wconf 88' lang='lat' dir='ltr'><strong>vobis</strong></span> <span class='ocrx_word' id='word_1_906' title='bbox 3035 5345 3342 5403; x_wconf 85' lang='lat' dir='ltr'><strong>concredita</strong></span> <span class='ocrx_word' id='word_1_907' title='bbox 3392 5349 3538 5397; x_wconf 87' lang='lat' dir='ltr'><strong>sunt.</strong></span> 
     </span>
    </p>
   </div>
   <div class='ocr_carea' id='block_1_113' title="bbox 1977 5433 3543 5512">
    <p class='ocr_par' dir='ltr' id='par_1_113' title="bbox 1977 5433 3543 5512">
     <span class='ocr_line' id='line_1_113' title="bbox 1977 5433 3543 5512; baseline -0.017 -4"><span class='ocrx_word' id='word_1_908' title='bbox 1977 5452 2118 5509; x_wconf 77' lang='lat' dir='ltr'><strong>Hinc</strong></span> <span class='ocrx_word' id='word_1_909' title='bbox 2152 5460 2332 5506; x_wconf 86' lang='lat' dir='ltr'><strong>autem</strong></span> <span class='ocrx_word' id='word_1_910' title='bbox 2385 5444 2763 5504; x_wconf 84' lang='lat' dir='ltr'><strong>manisfestum</strong></span> <span class='ocrx_word' id='word_1_911' title='bbox 2811 5440 2954 5512; x_wconf 90' lang='lat' dir='ltr'><strong>quod</strong></span> <span class='ocrx_word' id='word_1_912' title='bbox 2990 5436 3248 5495; x_wconf 88' lang='lat' dir='ltr'><strong>nesciatis</strong></span> <span class='ocrx_word' id='word_1_913' title='bbox 3296 5433 3543 5502; x_wconf 89' lang='lat' dir='ltr'><strong>Scriptu-</strong></span> 
     </span>
    </p>
   </div>
   <div class='ocr_carea' id='block_1_114' title="bbox 1972 5521 3541 5614">
    <p class='ocr_par' dir='ltr' id='par_1_114' title="bbox 1972 5521 3541 5614">
     <span class='ocr_line' id='line_1_114' title="bbox 1972 5521 3541 5614; baseline -0.018 -13"><span class='ocrx_word' id='word_1_914' title='bbox 1972 5559 2085 5610; x_wconf 79' lang='lat' dir='ltr'><strong>ras,</strong></span> <span class='ocrx_word' id='word_1_915' title='bbox 2112 5543 2236 5614; x_wconf 90' lang='lat' dir='ltr'><strong>quia</strong></span> <span class='ocrx_word' id='word_1_916' title='bbox 2267 5559 2287 5593; x_wconf 79' lang='grc' dir='ltr'><strong>ι</strong></span> <span class='ocrx_word' id='word_1_917' title='bbox 2308 5538 2357 5595; x_wconf 93' lang='lat' dir='ltr'><strong>ei</strong></span> <span class='ocrx_word' id='word_1_918' title='bbox 2382 5552 2541 5608; x_wconf 88' lang='lat' dir='ltr'><strong>quem</strong></span> <span class='ocrx_word' id='word_1_919' title='bbox 2602 5534 2691 5589; x_wconf 89' lang='lat' dir='ltr'><strong>ille</strong></span> <span class='ocrx_word' id='word_1_920' title='bbox 2725 5533 2892 5597; x_wconf 88' lang='lat' dir='ltr'><strong>misit,</strong></span> <span class='ocrx_word' id='word_1_921' title='bbox 2920 5543 3026 5585; x_wconf 92' lang='lat' dir='ltr'><strong>non</strong></span> <span class='ocrx_word' id='word_1_922' title='bbox 3051 5527 3291 5584; x_wconf 88' lang='lat' dir='ltr'><strong>creditis.</strong></span> <span class='ocrx_word' id='word_1_923' title='bbox 3328 5540 3348 5576; x_wconf 75' lang='grc' dir='ltr'><strong>ι</strong></span> <span class='ocrx_word' id='word_1_924' title='bbox 3372 5521 3541 5590; x_wconf 87' lang='lat' dir='ltr'><strong>Igitur</strong></span> 
     </span>
    </p>
   </div>
   <div class='ocr_carea' id='block_1_115' title="bbox 1973 5612 3542 5704">
    <p class='ocr_par' dir='ltr' id='par_1_115' title="bbox 1973 5612 3542 5704">
     <span class='ocr_line' id='line_1_115' title="bbox 1973 5612 3542 5704; baseline -0.018 -11"><span class='ocrx_word' id='word_1_925' title='bbox 1973 5612 2329 5704; x_wconf 24' lang='lat' dir='ltr'><strong>sicutvncque</strong></span> <span class='ocrx_word' id='word_1_926' title='bbox 2366 5643 2553 5686; x_wconf 88' lang='lat' dir='ltr'><strong>vocem</strong></span> <span class='ocrx_word' id='word_1_927' title='bbox 2587 5628 2684 5683; x_wconf 86' lang='lat' dir='ltr'><strong>Dei</strong></span> <span class='ocrx_word' id='word_1_928' title='bbox 2716 5623 3002 5681; x_wconf 79' lang='lat' dir='ltr'><strong>audivistis</strong></span> <span class='ocrx_word' id='word_1_929' title='bbox 3033 5622 3163 5693; x_wconf 88' lang='lat' dir='ltr'><strong>(non</strong></span> <span class='ocrx_word' id='word_1_930' title='bbox 3193 5616 3339 5673; x_wconf 86' lang='lat' dir='ltr'><strong>enim</strong></span> <span class='ocrx_word' id='word_1_931' title='bbox 3379 5612 3542 5704; x_wconf 78' lang='lat' dir='ltr'><strong>habet</strong></span> 
     </span>
    </p>
   </div>
   <div class='ocr_carea' id='block_1_116' title="bbox 1972 5702 3538 5792">
    <p class='ocr_par' dir='ltr' id='par_1_116' title="bbox 1972 5702 3538 5792">
     <span class='ocr_line' id='line_1_116' title="bbox 1972 5702 3538 5792; baseline -0.017 -8"><span class='ocrx_word' id='word_1_932' title='bbox 1972 5729 2115 5787; x_wconf 86' lang='lat' dir='ltr'><strong>Deus</strong></span> <span class='ocrx_word' id='word_1_933' title='bbox 2134 5702 2321 5784; x_wconf 79' lang='lat' dir='ltr'><strong>vocem</strong></span> <span class='ocrx_word' id='word_1_934' title='bbox 2351 5721 2709 5792; x_wconf 80' lang='lat' dir='ltr'><strong>sensibilem),</strong></span> <span class='ocrx_word' id='word_1_935' title='bbox 2759 5730 2933 5790; x_wconf 86' lang='lat' dir='ltr'><strong>neque</strong></span> <span class='ocrx_word' id='word_1_936' title='bbox 2970 5713 3201 5787; x_wconf 87' lang='lat' dir='ltr'><strong>speciem</strong></span> <span class='ocrx_word' id='word_1_937' title='bbox 3254 5705 3374 5777; x_wconf 82' lang='lat' dir='ltr'><strong>ejus</strong></span> <span class='ocrx_word' id='word_1_938' title='bbox 3399 5702 3538 5760; x_wconf 84' lang='lat' dir='ltr'><strong>vidi-</strong></span> 
     </span>
    </p>
   </div>
  </div>
