3920 6572
383 503 524 570 1279

1307 498 1888 564 THEOPHYLACTI
1928 493 2341 558 ΒυῐιῦΑΒῐίΕ
2377 493 2734 554 ARCHIEP.

3512 482 3641 548 1280

379 620 481 677 stis
532 615 734 691 (specie
776 613 917 669 enim
966 624 1021 670 et
1065 611 1232 682 figura
1263 614 1480 683 caret)j;
1512 614 1584 667 ita
1631 623 1808 680 neque
1852 621 1967 661 ser-

2082 599 2211 667 εἶδος
2244 602 2411 658 αὑτοῦ
2446 604 2732 673 ἐωράκατε
2765 599 3023 671 (ἀνειδεος
3067 598 3177 668 γάρ
3205 598 3320 651 ἐστι
3352 596 3450 649 καὶ
3476 596 3641 667 ἀσχη-

386 726 603 768 munem
633 709 777 777 eius,
822 706 1132 774 Scripturas
1164 706 1282 761 dico
1311 718 1429 776 qua:
1458 704 1526 760 de
1558 717 1641 758 tne
1671 706 1960 764 testantur,

392 802 603 860 habetis
638 802 693 856 in
719 800 898 855 vobis.

456 982 620 1037 Vens.
679 980 865 1037 39-42.
939 999 958 1033 ι
1028 980 1359 1034 Serutamiui
1431 978 1778 1047 Scripturas,
1834 975 1960 1043 quia

386 1075 551 1146 579
594 1090 690 1129 vos
754 1074 1008 1127 videmini
1053 1075 1104 1125 in
1144 1072 1275 1140 ipsis
1333 1073 1495 1124 vitam
1553 1082 1810 1125 aeternam
1869 1070 1964 1122 ha-

389 1169 536 1220 bere.
588 1166 648 1218 Et
709 1164 809 1217 ilhc
874 1177 995 1218 sunt
1047 1180 1165 1232 quae
1218 1171 1485 1215 testantur
1537 1165 1603 1217 de
1660 1176 1795 1215 me:
1865 1174 1964 1215 nec

309 1310 342 1333 κ
390 1261 549 1312 vallis
583 1259 765 1308 Venire
805 1257 871 1309 ad
910 1272 994 1309 me
1027 1265 1084 1308 ιιι
1116 1256 1279 1308 vitam
1319 1254 1585 1307 habeatis.
1622 1252 1860 1307 Gloriam
1896 1251 1964 1305 ab

392 1350 703 1402 hominibus
761 1362 863 1398 non
908 1344 1137 1409 accipio.
1176 1348 1267 1398 sed
1299 1344 1523 1412 cognovi
1561 1360 1658 1396 vos
1704 1347 1844 1409 quod
1883 1342 1965 1394 di-

394 1438 681 1490 let'llﬂﬂl'nl
712 1436 801 1488 Dei
833 1450 944 1488 non
980 1434 1221 1487 habeatis
1254 1434 1303 1485 in
1333 1434 1503 1487 vobis.
1539 1450 1558 1484 ι
1616 1431 1829 1485 Dixerat
1864 1430 1962 1493 eis,

395 1528 587 1582 Sermo
628 1527 744 1591 Dei,
790 1529 888 1579 hoc
925 1537 1030 1585 est.
1075 1524 1368 1592 Scriptura:
1394 1540 1512 1592 mite
1551 1523 1618 1578 de
1649 1538 1732 1576 me
1760 1533 1962 1576 testan-

396 1631 506 1689 tur,
537 1637 642 1674 non
684 1631 809 1672 sunt
841 1620 890 1671 iu
924 1619 1098 1672 vobis.
1133 1617 1344 1671 Docens
1374 1618 1538 1685 igitur
1573 1615 1844 1685 quomodo
1871 1630 1969 1684 po-

399 1722 576 1768 terunt
605 1714 804 1767 habere.
840 1726 1143 1765 sermonem
1174 1710 1285 1774 Dei,
1321 1708 1535 1777 inquit:
1579 1725 1599 1759 ι
1637 1705 1966 1763 Fcrutamini

396 1804 746 1874 Scripturas:
801 1803 853 1857 in
905 1802 1014 1856 illis
1045 1801 1189 1856 enim
1246 1816 1342 1855 vos
1392 1800 1593 1869 putatis
1646 1798 1845 1854 habere
1888 1798 1970 1851 vi-

2058 693 2351 764 -μὰτιστος)
2383 711 2398 726 ο
2451 694 2625 756 οῦτως
2679 692 2802 747 οῦδέ
2832 693 2922 745 τὸν
2955 690 3114 759 λόγον
3159 688 3352 751 αὑτοῦ,
3387 688 3535 755 λέγω
3578 689 3639 758 δὴ

2061 786 2160 847 τὰς
2208 786 2432 856 Γραφὰς
2473 785 2573 848 τὰς
2601 786 2730 857 περὶ
2779 783 2913 856 ἐμοῦ
2944 781 3358 855 μαρτυρούσας,
3403 782 3557 851 ἔχετε
3584 781 3640 833 ἐν

2067 879 2301 939 ἑαυτοῖς.

2151 989 2170 1021 ι
2239 969 2525 1039 Ἐρευνᾶτε
2582 967 2681 1028 τὰς
2747 966 3013 1037 Γραφάς,
3072 965 3154 1019 δτι
3217 966 3379 1034 ὑμεῖς
3431 963 3639 1035 δοκεῖτε

2063 1062 2121 1114 ἐν
2177 1062 2368 1123 αὑταῖς
2413 1058 2559 1128 ζωὴν
2603 1057 2819 1111 αἰώνιον
2858 1057 3029 1127 ἔχειν’
3091 1056 3184 1108 καὶ
3239 1054 3450 1107 ἐκεῖναί
3508 1056 3645 1106 είτιν

2064 1153 2121 1206 αί
2184 1144 2552 1221 μαρτυροῦσαι
2597 1149 2725 1217 περὶ
2787 1140 2943 1217 ἐμοῦ,
3019 1149 3114 1200 καὶ
3165 1147 3228 1199 οὐ
3293 1145 3483 1198 θέλετε
3561 1145 3644 1197 ἐλ-

2065 1243 2177 1295 θεῖν
2222 1241 2357 1311 πρός
2395 1259 2483 1310 με,
2514 1240 2600 1292 ἴνα
2645 1239 2789 1309 ζωὴν
2834 1238 3025 1309 ἔχητε.
3056 1237 3224 1303 Δόξαν
3251 1237 3407 1307 παρᾶ
3437 1236 3646 1305 ἀνθρώ·

2064 1352 2180 1387 πων
2231 1335 2289 1385 οὑ
2344 1331 2624 1400 λαμϐάνω,
2700 1330 2818 1383 ἀλλ’
2901 1330 3118 1397 ἔγνωκα
3182 1330 3350 1397 ὑμᾶς,
3405 1329 3492 1381 ὅτι
3548 1327 3644 1395 τὴν

2064 1420 2285 1487 ἀγάπην
2308 1418 2402 1471 τοῦ
2431 1417 2566 1470 Θεοῦ
2600 1417 2699 1469 οὐκ
2733 1416 2885 1486 ἔχετε
2930 1419 2988 1469 ἐν
3016 1416 3251 1479 ἑαυτοῖς.
3288 1434 3308 1466 ι
3352 1412 3524 1467 Εἶπεν
3552 1414 3647 1468 αὖα

2066 1514 2199 1574 τοῖς,
2233 1511 2337 1574 ὅτι,
2387 1509 2449 1562 Ὀ
2473 1509 2630 1577 λόγος
2656 1507 2750 1561 τοῦ
2781 1506 2943 1569 Θεοῦ,
2984 1508 3284 1570 τουτέστιν,
3340 1508 3397 1559 αἱ
3428 1506 3645 1576 Γραφαὶ

2066 1605 2120 1656 αί
2150 1602 2276 1670 περὶ
2307 1600 2442 1671 ἐμοῦ
2474 1598 2871 1671 μαρτυροῦσαι,
2909 1598 3010 1652 οὑκ
3035 1598 3183 1651 ἐστιν
3224 1600 3284 1651 ἐν
3309 1598 3465 1668 ὑμῖν.
3489 1596 3645 1650 Διδα-

2069 1712 2213 1749 σκων
2237 1693 2329 1747 οῦν
2356 1692 2473 1756 πῶς
2508 1693 2830 1762 δυνήσονται
2877 1694 3023 1762 σχεῖν
3051 1691 3145 1744 τὸν
3169 1690 3330 1758 λόγον
3356 1689 3454 1743 τοῦ
3486 1688 3643 1753 Θεοῦ,

2068 1785 2232 1855 φησίν
2261 1802 2273 1815 ·
2309 1805 2327 1836 ι
2376 1784 2665 1852 Ἐρευνᾶτε
2687 1784 2783 1847 τὰς
2817 1782 3039 1854 Γραφάς
3063 1798 3076 1812 ⁸
3106 1782 3165 1834 ὲν
3195 1782 3391 1845 αὑταῖς
3421 1780 3531 1852 γὰρ
3552 1780 3643 1832 δο-

398 1865 580 1949 ιοιιι.ἰ
630 1893 761 1949 Vide
816 1903 996 1947 autem
1037 1892 1307 1962 quomodo
1358 1865 1464 1945 non
1495 1890 1712 1952 dixerit,
1748 1888 1967 1943 llabctis

2082 1879 2213 1929 ιεῖτε
2249 1876 2405 1945 ὑμεῖς
2451 1872 2595 1944 ζωὴν
2627 1872 2788 1944 ἔχειν.
2836 1892 2855 1924 ι
2902 1874 3042 1941 Ὅρα
3079 1871 3137 1925 δέ
3169 1869 3286 1932 πῶς
3321 1872 3425 1923 ούκ
3458 1865 3636 1934 εἶπεν,

396 1987 599 2050 vitam;
643 1987 759 2051 sed,
783 1983 1077 2052 Videmini,
1109 1995 1416 2039 monstrans
1458 1983 1602 2053 quod
1631 1983 1831 2037 nullum
1866 1996 1962 2035 ve-

2082 1969 2266 2038 Ἔχετε
2305 1966 2470 2037 ζωὴν,
2501 1966 2636 2031 ἀλλ’,
2679 1985 2697 2019 ι
2733 1967 2857 2019 Ὀτι
2888 1965 3091 2019 δοκεῖτε
3117 1980 3131 1994 ο
3169 1983 3189 2016 ι
3229 1963 3442 2017 δοκεῖτε
3472 1963 3531 2017 δὲ
3568 1958 3646 2017 εἶ-

394 2095 514 2135 rutn
549 2080 785 2132 lructum
832 2078 1156 2149 percipiant,
1191 2080 1236 2133 si
1279 2095 1306 2131 a
1342 2079 1573 2132 lectione
1614 2076 1725 2131 Sola
1775 2091 1970 2143 exspe-

396 2182 544 2226 ctent
579 2171 801 2236 salvari,
840 2186 945 2226 non
976 2170 1264 2226 accedente
1294 2169 1417 2224 ﬁde.
1455 2188 1476 2221 ι
1507 2168 1638 2224 Nam
1671 2169 1774 2222 illa:
1807 2169 1969 2222 testi—

399 2268 639 2318 monium
687 2263 901 2333 quidem
956 2264 1241 2333 perhibent
1288 2264 1355 2318 de
1408 2277 1534 2324 me;
1590 2260 1684 2315 sed
1723 2274 1817 2314 vos
1864 2274 1969 2312 non

398 2355 563 2409 vultis
615 2356 799 2409 venire
842 2354 910 2409 ad
952 2367 1061 2417 me,
1115 2363 1174 2408 ut
1208 2354 1371 2407 vitam
1424 2353 1689 2407 habeatis.
1747 2369 1766 2401 ι
1814 2350 1973 2406 Unde

405 2444 530 2498 hinc
562 2445 822 2498 discimus
857 2444 1087 2513 quodex
1113 2444 1394 2512 preposito
1421 2440 1637 2495 fuerunt
1677 2439 1822 2494 mali.
1853 2438 1972 2494 Non

399 2540 545 2591 euim
572 2536 726 2599 dixit,
759 2535 871 2589 Non
914 2538 1136 2604 potestis
1175 2536 1396 2599 venire;
1430 2533 1548 2599 sed,
1602 2550 1622 2585 ι
1667 2531 1780 2587 Non
1813 2531 1974 2587 vultis

405 2627 613 2680 venire.
653 2646 672 2679 ι
709 2628 947 2681 Andiant
976 2626 1279 2691 Manicbaai,
1317 2626 1459 2694 quod
1492 2639 1598 2678 non
1635 2634 1828 2677 natura
1861 2638 1976 2676 ma-

405 2718 538 2780 lttm,
591 2719 684 2773 sed
726 2719 1004 2773 voluntate
1056 2728 1288 2773 constet.
1338 2717 1626 2787 Postquam
1657 2725 1837 2770 autem
1879 2729 1974 2770 eos

406 2825 675 2864 memores
719 2811 846 2864 fecit
897 2811 1188 2866 testimonii
1238 2808 1486 2876 Joannis,
1552 2821 1609 2863 et
1663 2808 1863 2875 Patris,
1920 2814 1976 2861 et

402 2916 626 2970 operum
672 2916 890 2957 suorum
925 2918 1045 2972 quae
1090 2914 1313 2973 propter
1334 2902 1559 2957 salutem
1603 2900 1813 2955 illorum
1851 2908 1974 2954 tan-

406 3003 516 3046 tum
558 2995 809 3058 faciebat,
861 2996 1124 3061 suspicari
1176 3003 1424 3062 poterant
1477 2993 1631 3048 multi
1682 2995 1822 3060 quod
1859 2993 1975 3048 haec

403 3100 586 3139 amore
616 3086 800 3154 gloria:
829 3086 1052 3141 diceret.
1078 3085 1286 3140 Idcirco
1322 3086 1497 3155 inquit
1530 3102 1543 3139 :
1586 3103 1605 3137 ι
1644 3084 1878 3140 Gloriam
1905 3084 1974 3139 ab

404 3175 711 3230 hominibus
728 3192 833 3230 non
868 3177 1096 3246 accipio,
1148 3195 1169 3229 ι
1208 3177 1309 3232 hoc
1330 3186 1435 3241 est,
1463 3174 1579 3229 Non
1615 3176 1852 3244 indigeo,
1882 3190 1976 3229 ne-

405 3284 513 3339 que
545 3269 700 3323 talem
732 3269 904 3324 habeo
927 3280 1178 3324 naturam
1208 3285 1327 3337 quae
1353 3284 1487 3338 opus
1512 3269 1708 3329 habeat
1735 3269 1970 3322 humana
2000 3284 2047 3346 ς

407 3361 600 3429 gloria.
656 3362 723 3415 At
772 3376 871 3417 vos
925 3376 1010 3416 me
1073 3361 1481 3431 persequimini,
1543 3361 1699 3431 quasi
1757 3371 1976 3430 propter

407 3467 646 3506 amorem
700 3453 790 3507 Dei
828 3453 930 3507 hoc
979 3452 1215 3521 faciatis,
1240 3454 1334 3508 sed
1383 3468 1488 3508 non
1532 3462 1614 3508 est
1647 3453 1742 3509 ita.
1788 3472 1808 3506 ‹
1843 3452 1974 3508 Novi

407 3547 552 3597 enim
586 3559 683 3597 vos
715 3543 857 3612 quod
882 3544 1226 3601 dilectionem
1260 3545 1352 3600 Dei
1384 3561 1487 3600 non
1521 3547 1761 3602 habeatis
1792 3546 1849 3601 in
1879 3541 1977 3599 vo-

408 3634 514 3699 bis,
554 3653 573 3687 ι
608 3635 821 3690 etiamsi
868 3635 1021 3689 valde
1066 3636 1170 3690 hoc
1215 3637 1454 3705 jactetis,
1484 3639 1627 3706 quod
1674 3653 1759 3693 me
1796 3652 1978 3705 perse-

409 3725 656 3793 quamini
688 3737 909 3795 propter
944 3726 1136 3782 Deum.
1176 3727 1362 3782 Merito
1396 3729 1560 3798 igitur
1583 3727 1753 3782 Judaei
1783 3729 1976 3784 dicun-

413 3827 501 3871 tur
546 3819 889 3873 dilectionem
949 3819 1041 3877 Dei
1090 3835 1194 3874 non
1242 3820 1462 3885 habere,
1515 3822 1639 3890 quia
1692 3836 1984 3891 perseque-

408 3908 606 3963 bantur
636 3910 809 3977 ipsam
838 3912 1200 3974 dilectionem.
1234 3911 1430 3967 Filium
1466 3912 1581 3967 Dei.
1610 3912 1764 3970 Unde
1787 3916 1982 3970 merito

410 4000 576 4053 etiam
616 4001 866 4055 dicuntur
893 4017 996 4059 non
1045 4002 1246 4057 habere
1275 4018 1583 4058 sermonem
1619 4004 1710 4057 Dei
1749 4020 1981 4061 manen-

413 4092 520 4139 tem
553 4086 606 4139 in
648 4090 976 4159 semetipsis.
1024 4088 1344 4146 Sermonem
1382 4093 1527 4147 enim
1560 4100 1619 4147 et
1649 4090 1818 4147 Deum
1854 4093 1983 4162 reji-

412 4176 651 4233 ciebant.

488 4443 652 4496 Vens.
687 4442 879 4499 ὁδου.
934 4461 952 4495 ι
1003 4444 1113 4512 ligo
1147 4446 1271 4500 veni
1316 4445 1369 4499 in
1400 4446 1616 4501 nomine
1651 4446 1831 4503 Patris
1856 4447 1981 4512 mei,

417 4549 516 4588 nec
551 4535 793 4602 recipitis
826 4551 950 4591 me:
996 4538 1039 4591 si
1074 4537 1214 4592 alius
1259 4538 1469 4592 venerit
1514 4538 1567 4592 in
1616 4538 1834 4592 nomine
1861 4553 1980 4603 suo,

2071 2076 2163 2124 πε,
2195 2059 2411 2121 δεικνὺς
2440 2058 2523 2113 ὅτι
2554 2058 2707 2112 οὐδὲν
2731 2058 2873 2112 κατά
2920 2056 3180 2126 ἀλήθειαν
3225 2056 3443 2109 ἐκεῖθεν
3484 2058 3649 2125 ἐκαρ-

2072 2150 2294 2216 ποῦντο,
2367 2149 2477 2204 ἀπὸ
2542 2151 2666 2220 τῆς
2705 2149 3067 2219 ἀναγνώσεως
3140 2146 3310 2217 μόνης
3377 2145 3646 2210 σώζεσθαι

2072 2243 2499 2313 προσδοκῶντες,
2544 2242 2780 2305 πίστεως
2848 2239 2923 2310 μὴ
2968 2238 3300 2309 προσούσης.
3356 2255 3378 2290 ε
3409 2237 3647 2293 Ἐκετυιιιι

2077 2335 2177 2404 μὲν
2235 2335 2344 2405 γάρ
2395 2338 2533 2388 εἰσιν
2588 2336 2645 2387 αί
2701 2331 3075 2404 μαρτυροῦσαι
3136 2333 3265 2403 περὶ
3304 2332 3479 2401 ἐμοῦ·
3531 2331 3646 2386 ἀλλ’

2075 2427 2233 2497 ὑμεῖς
2254 2428 2316 2480 οὐ
2375 2428 2558 2481 θέλετε
2582 2425 2756 2479 ἐλθεῖν
2779 2425 2915 2494 πρός
2952 2441 3044 2493 με,
3079 2424 3168 2477 ἶνα
3224 2423 3376 2492 ζωὴν
3405 2423 3592 2493 ἔχητε.
3626 2442 3642 2474 ι

2077 2519 2241 2572 Ὥστε
2279 2518 2577 2572 κάντεῦθεν
2629 2519 3010 2586 μανθάνωμεν,
3058 2517 3133 2579 ὡς
3180 2518 3243 2569 ἐκ
3275 2518 3649 2587 προαιρέσεως

2074 2605 2215 2680 ἦσαν
2247 2612 2425 2663 κακοί.
2464 2609 2580 2662 Ούκ
2615 2604 2734 2661 εἷπε
2762 2609 2870 2678 γὰρ
2892 2647 2908 2672 ,
2951 2609 3035 2661 ὅτι
3083 2610 3159 2662 Ού
3192 2608 3427 2663 δύνασθε
3457 2610 3646 2675 ἐλθεῖν,

2077 2701 2193 2756 ἀλλ’
2227 2702 2307 2754 ὅτι
2336 2719 2356 2752 ι
2410 2701 2485 2754 Οὐ
2526 2698 2710 2753 θέλετε
2750 2699 2948 2756 ἐλθεῖν.
2996 2718 3017 2753 ι
3063 2700 3449 2753 ’Δκουέτωσαν
3481 2702 3649 2754 Μανι-

2074 2796 2239 2865 χαῖοι,
2272 2794 2354 2847 ὅτι
2380 2794 2440 2845 οὐ
2488 2793 2646 2861 φύσει
2701 2792 2760 2845 τὸ
2789 2793 2979 2854 κακὸν,
3015 2793 3151 2849 ἀλλὰ
3171 2797 3492 2864 προαιρέσει
3524 2811 3647 2845 συν-

2082 2882 2316 2937 ίσταται.
2373 2882 2529 2935 Ἐπεὶ
2590 2881 2648 2935 δὲ
2696 2882 3002 2952 ἀνέμνησεν
3042 2883 3241 2947 αὐτοὺς
3282 2884 3381 2951 τῆς
3404 2883 3650 2937 Ἰωάννου

2081 2975 2412 3046 μαρτυρίας,
2460 2975 2683 3045 καὶτῆς
2715 2974 2811 3028 τοῦ
2860 2976 3092 3045 Πατρὸς.
3145 2976 3240 3029 καὶ
3288 2976 3392 3042 τῆς
3426 2976 3515 3028 δια
3548 2976 3651 3029 τῶν

2075 3067 2253 3139 ἔργων
2274 3064 2462 3132 αὑτοῦ,
2500 3066 2587 3119 διὰ
2626 3066 2725 3137 τὴν
2755 3067 3029 3137 σωτηρίαν
3058 3067 3124 3120 αὑ
3136 3067 3241 3119 τῶν
3292 3066 3460 3135 μόνον
3484 3067 3649 3121 ταῦτα

2075 3158 2246 3213 ποιῶν
2275 3175 2289 3189 ·
2318 3158 2464 3221 είκδς
2510 3157 2567 3211 δέ
2594 3154 2663 3230 ἦν
2709 3158 2939 3220 πολλοὺς
2991 3158 3346 3223 ὑποπτεύειν,
3381 3162 3467 3213 ὅτι
3497 3160 3651 3231 δόξης

2076 3249 2237 3320 ἔρωτι
2261 3247 2432 3301 ταῦτα
2450 3248 2599 3317 λέγει
2615 3264 2628 3277 ο
2651 3248 2738 3302 διὰ
2760 3245 2920 3300 τοῦτό
2957 3263 3143 3317 φησιν,
3167 3248 3250 3301 ὅτι
3281 3264 3302 3301 ε
3318 3247 3490 3313 Δόξαν
3506 3251 3651 3320 παρὶι

2076 3338 2381 3410 ἀνθρώπων
2434 3339 2493 3393 οὐ
2553 3338 2859 3409 λαμϐάνωο
2887 3356 2906 3389 ι
2977 3324 3265 3404 τουτέστι,
3346 3340 3520 3409 Δόξης
3592 3341 3649 3392 ού

2076 3430 2307 3499 δέομαι·
2358 3429 2479 3483 οὐδὲ
2507 3431 2616 3500 γὰρ
2668 3429 2834 3500 φύσιν
2885 3429 2994 3500 ἔχω
3047 3428 3331 3500 τοιαύτην,
3378 3431 3523 3485 ὥστε
3551 3433 3652 3485 δεῖ-

2084 3521 2207 3576 σθαι
2229 3522 2329 3592 τῆς
2361 3522 2512 3592 παρὰ
2539 3521 2840 3593 ἀνθρώπων
2879 3522 3064 3591 δόξης.
3108 3522 3301 3593 ’Υμεῖς
3332 3523 3390 3576 δὲ
3433 3525 3653 3579 διώκετέ

2086 3628 2154 3683 με
2211 3610 2702 3682 προφασιζόμενοι,
2755 3613 2836 3664 ὅτι
2903 3611 2971 3664 δι’
3020 3612 3240 3680 ἀγάπην
3296 3611 3434 3665 Θεοῦ
3503 3614 3655 3668 τοῦτο

2080 3705 2305 3757 ποιεῖτε.
2358 3702 2501 3756 Ἀλλ’
2530 3703 2632 3756 οὑκ
2667 3703 2783 3755 ἔστι
2813 3702 2987 3768 τοῦτο,
3020 3704 3120 3756 οὐκ
3149 3703 3286 3757 ἐστι.
3329 3721 3350 3755 ι
3400 3706 3655 3772 Ἔγνωκα

2080 3796 2191 3867 γὰρ
2220 3796 2385 3867 ὑμᾶς,
2417 3796 2500 3849 ὅτι
2529 3796 2627 3866 τὴν
2670 3796 2890 3866 ἀγάπην
2927 3794 3022 3849 τοῦ
3071 3795 3207 3849 Θεοῦ
3269 3796 3373 3849 οῦκ
3403 3798 3557 3867 ἔχετε
3597 3802 3651 3851 ἑν

2082 3892 2297 3955 ἑαυτοῖς
2320 3906 2335 3922 ·
2386 3909 2406 3944 ι
2442 3892 2546 3946 κᾶν
2588 3892 2701 3946 ἀνω
2729 3892 2826 3945 καὶ
2859 3893 3012 3947 κάτω
3042 3892 3199 3947 τοῦτο
3239 3894 3650 3962 προϐάλλοισθε,

2082 3984 2145 4038 τὸ
2168 3984 2256 4039 διὰ
2286 3984 2347 4038 τὸ
2366 3983 2584 4038 διώκειν
2623 4002 2690 4055 με
2730 3984 2865 4057 (21).
2908 3985 3148 4047 Εἰκότως
3191 3981 3286 4039 οῦν
3321 3986 3371 4039 οί
3412 3988 3650 4042 Ἰουδαῖοι

2084 4072 2181 4145 τὴν
2211 4074 2435 4145 ἀγάπην
2479 4073 2575 4127 τοῦ
2605 4073 2742 4128 Θεοῦ
2783 4074 2885 4128 ούκ
2939 4070 3106 4144 εἶχον,
3147 4075 3272 4128 ἐπεὶ
3303 4075 3529 4129 ἐδίωκον
3560 4082 3651 4143 τὴν

2086 4166 2463 4234 αύτοαγάπην,
2515 4167 2607 4219 τὸν
2645 4166 2774 4221 Υἰδν
2822 4164 2915 4219 τοῦ
2944 4164 3102 4219 Θεοῦ.
3148 4165 3391 4230 Εἰκότως
3440 4169 3537 4221 καὶ
3564 4170 3650 4221 τὸν

2084 4257 2241 4326 λόγον
2287 4257 2452 4311 αὑτοῦ
2489 4258 2589 4311 οὐκ
2625 4253 2771 4327 εἰχον
2806 4258 3037 4327 μένοντα
3083 4259 3141 4311 ἐν
3178 4257 3363 4322 αὐτοῖς
3385 4274 3402 4289 ’
3430 4260 3524 4313 τὸν
3548 4262 3653 4331 γαρ

2084 4349 2259 4418 Δόγον
2296 4350 2393 4404 καὶ
2423 4349 2555 4428 Θεὸν
2588 4348 2951 4422 παρῃτοῦντο.

2162 4460 2181 4495 ι
2215 4441 2358 4511 Ἐγὼ
2391 4442 2629 4511 ἐλήλυθα
2670 4444 2729 4496 ἐν
2764 4440 2843 4512 τῷ
2882 4441 3108 4509 ὀνόματι
3138 4440 3233 4496 τοῦ
3273 4444 3491 4513 Πατρός
3527 4460 3649 4512 μου,

2087 4534 2183 4587 καὶ
2206 4534 2268 4587 οὐ
2294 4533 2600 4603 λαμϐάνετέ
2639 4550 2706 4603 με
2728 4548 2742 4562 ⁸
2774 4533 2872 4588 ἐὰν
2901 4534 3058 4596 ἄλλος
3084 4534 3213 4606 ἐλθῃ
3238 4538 3294 4589 ἐν
3321 4535 3400 4605 τῷ
3430 4536 3648 4605 ὀνόματι

416 4626 566 4681 illum
638 4628 928 4698 recipietis.
983 4629 1262 4695 Quomodo
1320 4644 1416 4684 vos
1459 4632 1688 4699 potestis
1739 4632 1976 4696 credere,

2086 4625 2166 4697 τῷ
2199 4625 2336 4697 ίδίῳ,
2370 4627 2576 4680 ἐκεῖνον
2612 4625 2869 4697 λήψεσθε.
2929 4624 3054 4688 Πῶς
3102 4624 3330 4678 δύνασθε
3366 4627 3523 4697 ὑμεῖς
3563 4643 3651 4678 πι-

415 4719 506 4785 qni
570 4719 793 4787 gloriam
850 4736 878 4775 a
946 4722 1100 4776 vobis
1159 4720 1386 4775 invicem
1442 4723 1709 4791 accipitis.
1769 4730 1825 4778 et
1879 4722 1991 4792 glo-

419 4810 553 4861 riam
587 4826 707 4878 quae
748 4826 776 4863 a
825 4810 940 4865 solo
993 4812 1102 4865 Deo
1134 4811 1518 4880 proﬁciscitur,
1568 4830 1674 4869 non
1710 4814 1987 4882 quaaritis?

416 4899 593 4957 Nolite
632 4916 823 4973 putare
850 4906 992 4970 quod
1034 4920 1135 4975 ego
1176 4916 1531 4962 accusaturus
1579 4907 1683 4961 sim
1724 4922 1820 4962 vos
1844 4906 1985 4973 apud

419 4992 674 5059 I'attcm;
728 5006 811 5049 est
846 4998 938 5066 qui
982 5005 1204 5052 accusat
1257 5014 1351 5054 vos
1385 4998 1560 5054 Moses
1612 4999 1665 5054 in
1713 5014 1822 5069 quo
1862 5014 1989 5068 spe-

419 5089 574 5140 ralis.
643 5086 698 5141 Si
758 5090 901 5140 enim
956 5089 1320 5143 credidissetis
1391 5089 1549 5152 Mosi.
1613 5092 1985 5149 credidissetis

422 5181 603 5237 utique
639 5179 766 5232 mihi
802 5179 911 5233 :de
965 5194 1049 5233 me
1092 5181 1236 5234 enim
1284 5179 1373 5234 ille
1405 5180 1643 5249 scripsit.
1688 5181 1743 5235 Si
1802 5192 1983 5235 autem

419 5265 567 5319 illius
612 5268 833 5336 scriptis
870 5285 976 5324 non
1017 5270 1259 5333 creditis,
1302 5275 1572 5339 quomodo
1621 5271 1803 5326 verbis
1855 5272 1989 5326 meis

420 5361 688 5415 credetis?
749 5381 768 5414 ι
810 5393 881 5404 -
929 5382 949 5417 ι
1013 5364 1125 5435 Ego
1165 5366 1405 5433 quidem,
1472 5364 1669 5433 inquit,
1734 5364 1854 5418 veni
1933 5365 1986 5420 in

424 5454 640 5507 ttmttitte
672 5452 842 5508 Patris
885 5458 1011 5513 mei.
1042 5476 1061 5508 ι
1104 5456 1235 5511 Nam
1289 5466 1343 5511 et
1371 5455 1568 5527 ubique
1594 5455 1813 5510 Patrem
1841 5455 1985 5510 cele-

429 5541 575 5604 brat,
602 5553 655 5597 et
680 5544 747 5598 ab
768 5545 885 5611 ipso
913 5562 974 5602 se
1006 5546 1135 5600 dicit
1161 5548 1382 5601 missum
1414 5561 1556 5609 esse,
1580 5554 1636 5602 ct
1666 5546 1799 5600 nihil
1829 5560 1990 5615 posse

427 5630 609 5685 facere
631 5648 659 5685 a
691 5636 890 5702 seipso,
925 5646 979 5689 et
1013 5651 1236 5704 prorsus
1268 5636 1490 5691 humilia
1527 5634 1695 5689 multa
1728 5636 1990 5703 louuitur,

427 5724 616 5781 volens
638 5741 669 5781 e
698 5729 875 5784 medio
915 5727 1104 5783 tollere
1133 5742 1349 5784 omnem
1392 5726 1797 5799 ingratitudinis
1828 5729 1996 5781 ratio-

2094 4717 2346 4783 στεῦσαι,
2375 4718 2533 4784 δόξαν
2566 4718 2716 4789 παρὰ
2737 4717 2980 4788 ἀλλήλων
3013 4716 3403 4787 λαμὸἀνοντες,
3440 4717 3533 4771 καὶ
3555 4716 3652 4784 τὴν

2088 4811 2249 4876 δόξαν
2285 4812 2388 4881 τὴν
2441 4810 2593 4881 παρὰ
2630 4810 2725 4865 τοῦ
2777 4811 2939 4882 μόνου
2984 4810 3122 4865 Θεοῦ
3168 4812 3233 4864 οὐ
3287 4812 3530 4879 (msice;
3564 4808 3655 4878 Μὴ

2088 4901 2320 4964 δοκεῖτε,
2372 4904 2455 4957 δτι
2508 4904 2622 4972 ἐγὼ
2671 4907 3035 4975 κατηγορήσω
3079 4904 3235 4975 ὑμῶν
3263 4904 3402 4972 πρὸς
3435 4904 3523 4956 τὸν
3554 4901 3657 4954 Ila-

2089 4994 2223 5066 τέρα
2242 5013 2257 5027 ’
2285 4996 2433 5050 ἐστιν
2458 4998 2488 5051 ό
2513 4996 2835 5067 κατηγορῶν
2869 4996 3022 5065 ὑμῶν
3044 4995 3270 5063 Μωσῆς,
3300 4997 3383 5057 είς
3406 4994 3478 5047 ιδν
3505 4994 3657 5062 ὑμεῖς

2090 5088 2377 5158 ἠλπίκατε.
2404 5088 2471 5145 Ei
2514 5091 2621 5160 γὰρ
2655 5088 2969 5142 ἐπιστεύετε
3008 5088 3218 5147 Μωτεῖ,
3250 5086 3560 5140 ἐπιστεύετε
3583 5084 3654 5136 ἂν

2093 5181 2253 5249 ἐμοί’
2300 5181 2432 5252 περὶ
2476 5179 2586 5249 γὰρ
2641 5179 2776 5250 ἐμοῦ
2831 5181 3039 5242 ἐκεῖνος
3067 5179 3332 5249 ἔγραψεν.
3380 5179 3442 5231 Ei
3467 5179 3521 5230 δὲ
3547 5178 3659 5238 τοῖς

2094 5271 2304 5325 ἐκείνου
2330 5273 2651 5342 γράμμασιν
2673 5272 2734 5325 οὐ
2758 5270 3062 5333 πιστεύετε,
3089 5270 3207 5334 πῶς
3238 5272 3352 5333 τοῖς
3385 5270 3532 5339 ἐμοῖς
3554 5270 3659 5338 ῥή-

2102 5380 2236 5434 μασι
2265 5364 2583 5417 πιστεύσετε
2604 5379 2619 5427 ;
2646 5382 2663 5413 ι
2687 5392 2755 5403 -—
2778 5383 2796 5415 ι
2832 5364 2973 5431 Ἐγὼ
2994 5363 3116 5433 μὲν,
3139 5364 3325 5433 φησὶν,
3344 5360 3565 5431 ἐλήλυθα
3594 5361 3658 5410 ὲν

2091 5452 2169 5523 τῷ
2195 5452 2418 5524 ὀνόματι
2446 5454 2539 5507 τοῦ
2572 5455 2781 5524 Πατρός
2817 5473 2917 5525 μου
2951 5473 2971 5505 ι
3006 5454 3249 5525 (καὶγὰρ
3281 5452 3547 5522 πανταχοῦ
3560 5453 3658 5503 τὸν

2097 5544 2318 5615 Πατέρα
2353 5544 2535 5615 ὑμνεῖ,
2582 5546 2678 5598 καὶ
2722 5545 2851 5614 παρ’
2882 5544 3048 5598 αὐτοῦ
3094 5562 3262 5615 φησιν
3302 5542 3657 5603 ἀπεστάλθαι,

2098 5638 2196 5691 καὶ
2230 5638 2381 5692 οὐδὲν
2409 5638 2670 5693 δύνασθαι
2697 5641 2870 5693 ποιεῖν
2890 5638 2982 5707 ἀφ’
3018 5636 3214 5693 ἐαυτοῦ
3239 5654 3251 5668 ·
3282 5637 3377 5690 καὶ
3406 5637 3533 5698 ὅλως
3554 5651 3660 5687 τα-

2103 5729 2263 5783 πεινά
2295 5730 2466 5784 πολλά
2495 5731 2814 5801 φθέγγεται,
2858 5732 3041 5786 πᾶσαν
3090 5730 3364 5804 πρόφασιν
3413 5729 3663 5799 ἀγνωμο-

1380 5847 1473 5907 Ex
1506 5842 1853 5907 collatione
1887 5844 2339 5927 codd._q\"enet.
2380 5849 2441 5912 S.
2480 5848 2700 5911 Marci.

504 5948 617 6020 (τι)
652 5947 785 6005 Cod.
817 5948 905 6018 3i,
932 5948 992 6004 τὸ
1021 5948 1108 6005 διὰ
1139 5948 1200 6004 τὸ
1220 5946 1310 6005 τὸν
1344 5947 1495 6015 Θεὸν,
1532 5945 1750 6001 διώκειν
1788 5963 1876 6019 με.
