3920 6558
1119 232 1136 266 Ι

270 306 400 374 1281

928 308 1366 371 ENARRATIO
1407 310 1489 373 IN
1527 311 2027 375 EVANGELIUM
2061 314 2403 380 JOANNIS.
2445 338 2505 353 ·-·
2531 316 2699 380 CAP.
2741 317 2856 382 VI.

3380 319 3517 386 1282

273 420 443 488 σύνης
476 416 707 488 ἐκκόψαι
751 416 1097 489 βουλόμενος)
1127 436 1141 451 ·
1189 420 1348 485 ἄλλος
1393 420 1451 475 δέ
1480 420 1783 487 ἐλεύσεται,
1821 425 1849 477 ὁ

1952 438 2100 480 rem.
2132 425 2284 481 Alius
2317 434 2495 482 autem
2523 427 2724 493 veniet,
2758 426 3130 485 Antichristus
3167 428 3396 495 scilicet,
3428 430 3517 502 qui

272 510 643 581 Ἀντίχριστος
677 507 939 580 δηλονότι,
989 509 1049 573 ὃς
1096 510 1278 580 μέλλει
1320 511 1728 577 ἀποδεικνύναι,
1760 513 1843 566 ὅτι

272 602 433 657 αὐτός
459 603 576 654 ἐστι
605 600 766 670 μόνος
800 599 950 663 Θεός.
984 599 1116 671 Ἐμὲ
1151 602 1248 671 μὲν
1278 598 1375 656 οὖν
1401 602 1492 656 τὸν
1523 605 1581 656 ἐν
1617 604 1842 676 ὀνόματι

269 691 366 746 τοῦ
395 692 608 761 Πατρός
632 690 876 756 ἐλθόντα,
906 694 1175 758 τουτέστι,
1200 692 1291 747 τὸν
1323 692 1550 762 λέγοντα
1572 696 1724 767 παρά
1747 697 1843 751 τοῦ

272 783 484 854 Πατρός
513 782 872 849 ἀπεστάλθαι,
910 784 971 835 οὐ
1003 783 1247 854 δέχεσθε,
1283 786 1488 839 ἐκεῖνον
1518 786 1574 839 δέ
1600 787 1841 853 δέξεσθε.

273 874 442 927 Τοῦτο
468 872 524 926 δὲ
563 872 851 942 συμϐαίνει
897 875 1049 944 ὑμῖν,
1084 875 1217 930 διότι
1250 879 1455 940 ἐκεῖνος
1493 878 1590 949 μὲν
1618 881 1718 948 τὴν
1746 879 1841 933 τοῦ

160 1020 171 1030 ,
276 964 391 1035 βίου
435 963 591 1029 δόξαν
640 963 770 1034 ὑμῖν
820 965 1231 1034 ἐπαγγελεῖται,
1279 967 1348 1038 ἢν
1394 969 1553 1037 ύμεῖς
1606 970 1843 1040 ζητεῖτε,

276 1055 522 1119 θέλοντες
569 1056 669 1126 τὴν
718 1056 871 1127 παρὰ
910 1057 1153 1128 ἀλλήλων
1191 1059 1352 1125 δόξαν
1396 1061 1717 1133 λαμϐάνειν,
1750 1065 1844 1118 καὶ

272 1146 369 1217 τὴν
408 1148 559 1219 παρὰ
581 1144 675 1200 τοῦ
703 1148 864 1219 μόνου
886 1148 1022 1202 Θεοῦ
1043 1151 1396 1216 διαπτύοντες
1422 1169 1437 1184 ·
1468 1154 1578 1221 ἐγὼ
1605 1156 1661 1209 δέ
1691 1157 1845 1211 οὐδὲν

274 1241 331 1292 ἐν
364 1238 464 1308 βίῳ
507 1237 868 1308 περίϐλεπτον
915 1241 1043 1309 ὑμῖν
1076 1240 1505 1315 ἐπαγγέλλομαι,
1548 1244 1684 1300 ἀλλά
1715 1246 1847 1299 πολ-

274 1331 370 1401 λὴν
405 1333 629 1402 ἐνορᾶτε
680 1331 969 1385 δυσκολίαν
1016 1335 1129 1397 τοῖς
1168 1334 1259 1387 ὑπ’
1315 1335 1451 1405 ἐμοῦ
1502 1336 1844 1407 λεγομένοις.

275 1423 374 1476 Διά
398 1422 559 1476 τοῦτο
586 1418 699 1485 οῦν,
723 1425 907 1492 φησὶν,
935 1425 1057 1493 ἐμοὶ
1100 1425 1161 1478 οὐ
1212 1427 1495 1480 πιστεύετε
1522 1442 1536 1457 ο
1560 1427 1710 1481 οὐδὲν
1735 1428 1845 1497 γὰρ

273 1512 503 1584 τερπνὸν
551 1513 806 1583 βιωτικδν
850 1514 1185 1585 προσδοκᾶτε
1225 1514 1368 1580 ἐξειν
1400 1517 1494 1569 ἀπ’
1532 1516 1693 1588 ἐμοῦ.
1736 1519 1846 1572 Καὶ

274 1602 450 1665 ἄλλως
500 1601 557 1655 δέ
585 1616 600 1632 ·
645 1620 663 1653 ι
694 1602 770 1655 Οὐ
806 1603 1091 1655 πιστεύετέ
1132 1619 1246 1671 μοι,
1281 1604 1358 1666 ὠς
1381 1603 1538 1669 δόξαν
1570 1606 1668 1676 τὴν
1694 1606 1847 1678 παρά
1920 1621 1942 1643 ⁸

272 1694 519 1764 ἀλλήλων
550 1694 852 1759 θέλοντες.»
893 1696 1189 1766 Ἄρχοντες
1219 1697 1317 1766 μὲν
1341 1698 1447 1769 γὰρ
1474 1700 1567 1752 καὶ
1592 1699 1842 1755 διδάσκα-

272 1785 355 1837 λοι
381 1785 537 1837 αὐτοὶ
565 1785 715 1855 μόνοι
749 1784 996 1848 θέλοντες
1035 1784 1212 1838 δοκεῖν
1244 1787 1395 1855 παρά
1422 1787 1501 1857 τῷ
1531 1789 1749 1859 πλήθει,
1781 1792 1843 1845 ού
1875 1779 1921 1840 Β

275 1876 522 1947 δέχονταί
555 1893 643 1948 με,
677 1876 763 1931 ἵνα
796 1878 873 1949 μὴ
898 1877 1225 1950 ἐλαττωθείη
1261 1879 1444 1943 αὐτοῖς
1470 1882 1502 1952 ή
1534 1881 1662 1949 δόξα
1683 1899 1698 1914 ο
1727 1883 1849 1937 λαοὶ

273 1967 355 2032 δέ,
402 1968 503 2039 τὴν
536 1968 690 2039 παρὰ
742 1967 854 2022 τῶν
879 1969 1157 2040 ἀρχόντων
1185 1969 1407 2040 ἀγάπην
1437 1971 1751 2043 ζητοῦντες,
1785 1975 1847 2028 οὐ

274 2060 491 2114 θέλουσι
539 2060 914 2133 προσδραμεῖν
955 2063 1111 2133 ἐμοὶ,
1157 2062 1246 2116 ἵνα
1278 2063 1354 2135 μὴ
1387 2063 1491 2133 τῆς
1538 2065 1692 2135 παρά
1737 2065 1848 2118 τῶν

272 2152 550 2223 ἀρχόντων
574 2152 743 2223 τιμῆς
778 2153 847 2207 δι’
871 2154 972 2223 ἐμὲ
1004 2155 1332 2210 ἐκπέσωσιν.
1359 2155 1515 2208 Ἐπεὶ
1540 2155 1597 2209 δέ
1633 2155 1729 2210 καὶ
1758 2156 1849 2210 τὸν

274 2245 515 2314 Μωῦσῆν
553 2245 666 2300 ἀνω
692 2244 787 2299 καὶ
826 2246 976 2300 κάτω
1006 2247 1333 2318 προέφερον.
1380 2248 1567 2318 φησὶν,
1617 2248 1698 2302 ὅτι
1741 2249 1851 2302 Δύ-

274 2335 364 2399 τὺς
411 2336 782 2407 κατηγορήσει
844 2337 1035 2408 ὑμῶν·
1095 2340 1226 2409 περὶ
1280 2339 1389 2408 γὰρ
1445 2337 1582 2407 ἐμοῦ
1638 2340 1848 2404 ἐκεῖνος

275 2429 502 2500 ἔγραψε.
560 2428 667 2482 Ποῦ
732 2429 790 2482 δέ
848 2428 1055 2500 ἔγραψε
1090 2430 1218 2502 περὶ
1256 2429 1448 2497 αύτοῦ;
1472 2430 1585 2485 Καὶ
1622 2432 1679 2483 ἐν
1715 2430 1845 2483 πολ-

274 2521 387 2585 λοῖς
421 2521 518 2590 μὲν
547 2519 726 2584 ἄλλοις
754 2521 871 2578 (καὶ⁸
916 2521 1028 2591 γὰρ
1054 2520 1134 2586 τδ,
1171 2538 1190 2573 ι
1224 2521 1516 2592 Προφήτην
1554 2522 1684 2592 ὑμῖν
1713 2524 1847 2576 ἀνα-

281 2615 472 2686 στήσει
500 2612 722 2684 Κύριος,
762 2630 784 2665 ι
812 2613 945 2683 περὶ
967 2612 1206 2683 Χριστοῦ
1228 2607 1322 2681 ἦν,
1348 2613 1445 2666 καὶ
1472 2611 1608 2667 ἀλλα
1649 2613 1842 2677 πολλὰ,

277 2708 349 2759 τὰ
382 2706 483 2777 μὲν
512 2706 572 2759 ἐν
613 2705 815 2774 λόγοις,
840 2706 912 2760 τὰ
943 2704 1002 2759 δέ
1042 2706 1100 2759 ἐν
1131 2705 1381 2776 σημείοις
1405 2706 1501 2759 καὶ
1533 2705 1846 2777 συμϐόλοις,

277 2791 390 2851 οἷον
438 2798 499 2851 τὸ
544 2800 645 2867 τῆς
702 2797 866 2868 βάτου
924 2796 1148 2867 θαῦμα·
1204 2796 1301 2851 καὶ
1344 2796 1454 2868 γὰρ
1502 2796 1613 2866 πῦρ
1658 2797 1757 2868 μέν
1811 2797 1848 2868 ή

278 2885 469 2953 θεότης
494 2901 509 2916 ·
544 2886 705 2956 βάτος
734 2886 792 2939 δέ
828 2886 1169 2957 ἀκανθώδης,
1211 2887 1244 2955 ἡ
1287 2886 1616 2956 ἁμαρτωλὸς
1661 2885 1846 2953 φύσις,

278 2974 346 3051 ἦς
370 2978 764 3048 ἐπιλαϐόμενον
790 2978 852 3032 τὸ
875 2978 987 3052 πῦρ
1014 2979 1113 3049 τῆς
1137 2978 1411 3050 θεότητος,
1436 2978 1849 3047 ἀκατάφλεκτον

1946 530 2008 571 se
2036 525 2441 573 monstraturus
2462 526 2544 573 est
2562 520 2703 590 quod
2723 519 2843 588 ipse
2876 518 3024 575 solus
3053 520 3125 575 sit
3156 522 3316 577 Deus.
3351 521 3520 593 Igitur

1946 623 2033 662 me
2062 607 2300 678 quidem,
2339 610 2431 678 qui
2484 610 2540 664 in
2583 613 2802 666 nomine
2844 610 3023 666 Patris
3071 614 3215 676 veni,
3267 614 3368 667 hoc
3414 624 3521 681 est,

1946 700 2068 756 dico
2098 716 2182 756 me
2226 701 2454 755 missum
2488 718 2516 756 a
2565 702 2746 771 Patre,
2797 721 2902 761 non
2934 706 3195 773 recipitis.
3233 705 3382 759 illum
3425 721 3518 758 au-

1926 803 2052 853 ,tem
2097 794 2395 863 recipietis.
2428 794 2597 850 Porro
2624 797 2727 851 hoc
2755 797 2880 853 ideo
2926 802 3143 854 eveniet
3187 797 3359 862 vobis,
3391 800 3518 866 quia

1945 884 2110 956 580
2162 884 2251 940 ille
2298 886 2451 941 vobis
2498 886 2726 955 gloriam
2784 888 2907 943 vita:
2946 888 3304 958 pollicebitur.
3358 904 3518 957 quam

1948 991 2043 1032 vos
2068 977 2334 1046 quaeritis,
2363 978 2643 1048 cupientes
2682 979 2910 1049 gloriam
2956 991 3199 1036 mutuum
3246 982 3517 1050 accipere,

1944 1078 1999 1123 et
2031 1077 2353 1137 respuentes
2381 1084 2565 1125 veram
2610 1070 2861 1141 gloriam,
2900 1088 3020 1143 quae
3054 1090 3084 1127 a
3116 1075 3231 1129 solo
3265 1073 3373 1128 Deo
3411 1083 3516 1128 est.

1945 1162 2058 1234 Ego
2088 1173 2269 1220 autem
2298 1166 2434 1221 nihil
2478 1168 2797 1237 praeclarum
2850 1168 3003 1224 vobis
3038 1171 3087 1222 in
3124 1170 3226 1224 hac
3252 1170 3361 1225 vita
3408 1169 3522 1238 pel-

1945 1256 2136 1323 liceor,
2178 1259 2272 1313 sed
2301 1259 2497 1316 videtis
2525 1261 2750 1315 multam
2782 1259 3153 1316 dilIicultatem
3191 1261 3245 1315 in
3286 1261 3372 1315 his
3402 1275 3521 1329 quae

1946 1362 1976 1402 a
2008 1363 2093 1402 me
2120 1348 2375 1404 dicuntur
2406 1367 2422 1414 ;
2449 1359 2505 1407 et
2527 1362 2811 1422 propterea
2853 1352 3049 1419 inquit,
3084 1352 3214 1406 mihi
3260 1368 3365 1406 non
3397 1367 3521 1406 ere-

1947 1438 2096 1494 ditis.
2129 1437 2273 1495 Nihil
2309 1441 2455 1497 enim
2492 1444 2633 1512 quod
2678 1442 2977 1511 jucundum
3020 1451 3104 1497 est
3136 1442 3187 1496 in
3241 1442 3343 1496 hac
3387 1443 3517 1508 vita,

1944 1535 2275 1604 exspectatis
2308 1550 2402 1591 vos
2445 1535 2728 1591 habituros
2775 1552 2805 1590 a
2855 1552 2959 1591 me.
2996 1536 3061 1590 Et
3106 1536 3308 1590 aliter:
3353 1556 3371 1586 ι
3403 1533 3519 1588 Non

1946 1628 2170 1683 creditis
2204 1630 2358 1693 mihi,
2392 1629 2484 1698 qui
2530 1629 2756 1699 gloriam
2803 1645 2832 1683 a
2861 1630 3015 1684 vobis
3053 1628 3281 1684 invicem
3323 1628 3522 1695 accipi-

1948 1719 2039 1774 tis.
2077 1737 2097 1770 ι
2144 1718 2277 1774 Nam
2311 1720 2585 1790 principes
2633 1721 2848 1789 quidem
2882 1732 2937 1775 et
2986 1719 3230 1791 magistri
3281 1719 3383 1790 ipsi
3421 1717 3519 1772 soli

1951 1812 2196 1866 volentes
2223 1810 2410 1865 haberi
2446 1812 2584 1881 apud
2614 1811 2828 1883 vulgus,
2868 1826 2971 1865 non
3001 1810 3276 1879 accipiunt
3312 1825 3417 1874 me,
3456 1822 3523 1862 ne

1950 1900 2310 1954 imminuatur
2331 1914 2518 1955 eorum
2548 1900 2739 1973 gloria.
2772 1900 2961 1971 Populi
2994 1912 3173 1954 autem
3213 1909 3521 1969 quaerentes

1949 1992 2096 2063 diligi
2131 2007 2160 2045 a
2193 1992 2549 2062 principibus,
2592 2008 2697 2048 non
2729 2008 2815 2049 me
2840 1993 3100 2049 accedere
3130 1993 3337 2056 volunt,
3369 2002 3427 2045 ut
3454 2004 3521 2045 ne

1947 2084 2204 2139 excidant
2228 2092 2450 2153 propter
2472 2100 2557 2139 me
2585 2086 2651 2140 ab
2691 2087 2901 2140 honore
2927 2100 3091 2155 quem
3123 2101 3151 2136 a
3188 2083 3522 2153 principibus

1947 2172 2173 2227 habent.
2223 2171 2494 2238 Quoniam
2546 2183 2726 2228 autem
2767 2186 2822 2229 et
2861 2173 3045 2229 Mosen
3089 2173 3311 2228 multum
3342 2174 3521 2243 jacta-

1948 2264 2102 2328 bant,
2134 2265 2327 2335 inquit,
2381 2266 2499 2337 ipse
2554 2267 2833 2324 accusabit
2876 2283 2993 2334 vos,
3034 2285 3159 2323 nam
3195 2270 3261 2323 de
3304 2283 3388 2323 me
3435 2268 3524 2322 ille

1947 2358 2187 2427 scripsit.
2220 2356 2320 2412 Ubi
2349 2369 2531 2413 autem
2576 2359 2793 2430 scripsit
2836 2361 2901 2416 de
2934 2359 3037 2414 eo?
3081 2360 3289 2414 Etenim
3318 2357 3520 2413 dictum

1948 2447 2070 2515 hoc,
2100 2467 2119 2499 ι
2156 2445 2479 2518 Prophetam
2516 2450 2798 2504 suscitabit
2837 2451 2991 2505 vobis
3027 2449 3368 2514 Dominus“,
3398 2468 3417 2502 ι
3454 2451 3524 2503 de

1948 2538 2168 2592 Christo
2195 2547 2336 2604 erat,
2377 2546 2433 2593 et
2457 2538 2562 2592 alia
2596 2538 2767 2593 multa
2817 2546 2924 2593 tam
2961 2539 3012 2592 in
3055 2539 3235 2593 verbis
3275 2553 3434 2607 quam
3467 2538 3521 2591 in

1948 2629 2118 2700 signis
2162 2637 2217 2683 et
2265 2622 2548 2701 symbolis,
2591 2639 2649 2683 ut
2705 2630 3031 2685 miraculum
3082 2629 3226 2684 rubi.
3281 2626 3415 2682 Nam
3466 2635 3522 2681 et

1951 2721 2094 2791 ignis
2121 2721 2363 2792 quidem,
2409 2722 2616 2777 deitas:
2662 2722 2829 2777 rubus
2867 2733 3048 2776 autem
3101 2722 3375 2789 spinosus,
3403 2735 3526 2790 pec-

1948 2814 2125 2867 catrix
2175 2821 2392 2880 natura,
2425 2827 2585 2882 quant
2637 2812 2879 2882 suscepit
2923 2813 3062 2883 ignis
3102 2812 3294 2877 deitas,
3346 2823 3401 2866 et
3439 2810 3527 2865 in-

1951 2906 2291 2961 combustam
2321 2906 2559 2961 servavit
2589 2907 2706 2960 luce
2735 2904 3027 2975 fulgidam;
3060 2914 3113 2958 et
3142 2918 3269 2959 suos
3307 2903 3523 2973 quidem

1951 2998 2134 3052 radios
2175 2996 2251 3053 illi
2300 2999 2748 3064 communicavit,
2786 2997 3226 3069 imperfectioues
3255 3007 3433 3051 autem
3462 2997 3527 3052 il-

277 3072 485 3143 ταύτην
530 3073 766 3142 ἐτήρησε
798 3112 813 3139 ,
860 3071 941 3141 τῷ
991 3072 1131 3140 φωτὶ
1177 3071 1526 3143 λαμπρύναν,
1588 3067 1685 3126 καὶ
1738 3071 1848 3127 τῶν

1956 3088 2063 3143 lius
2091 3089 2143 3142 in
2163 3102 2223 3142 se
2248 3103 2356 3143 non
2383 3090 2642 3160 suscepit.
2668 3089 2841 3144 Etiam
2865 3067 2968 3145 hoc
2992 3091 3168 3146 Moses
3198 3088 3355 3153 dixit,
3381 3088 3526 3159 quod

279 3161 497 3215 οἰκείων
531 3162 629 3232 μέν
648 3162 983 3232 αὐχημάτων
1011 3162 1526 3234 μεταδεδωκὸς,τῶν
1549 3164 1605 3218 δέ
1632 3165 1847 3235 ἐκείνης

279 3254 681 3325 ἐλαττωμάτων
742 3255 817 3326 μὴ
871 3255 1241 3327 μετειληφδς),
1272 3256 1369 3326 οὐχ
1414 3245 1615 3327 ἥκιστα
1659 3256 1716 3310 δέ
1758 3257 1853 3310 καὶ

277 3346 436 3400 τοῦτο
476 3346 682 3415 Μωσῆς
732 3346 979 3417 εἴρηκεν,
1011 3348 1092 3410 είς
1133 3346 1233 3417 τὴν
1268 3345 1364 3399 τοῦ
1395 3345 1632 3418 Χριστοῦ
1668 3345 1852 3400 πίστιν

282 3439 750 3511 συμϐαλλόμενον.
780 3441 910 3494 Ἐὰν
946 3441 1076 3511 γὰρ,
1114 3440 1268 3511 φησὶ,
1304 3442 1591 3512 προφήτης
1619 3441 1852 3510 ἀναστῇ,

280 3533 486 3602 σημεῖα
517 3532 711 3602 ποιῶν,
754 3533 852 3585 καὶ
890 3531 1134 3600 ἀφιστῶν
1165 3532 1274 3585 ἀπὸ
1312 3531 1471 3597 Θεοῦ,
1511 3532 1587 3602 μὴ
1628 3530 1853 3585 πιστεύ-

280 3598 415 3691 σητε
468 3598 651 3691 αύτιῖν
711 3616 823 3685 οἷός
871 3598 1021 3675 ἐστιν
1071 3622 1102 3675 ό
1173 3598 1568 3694 Ἀντίχριστος.
1615 3621 1744 3676 Ἐὰν
1794 3621 1853 3676 δέ

282 3714 489 3784 ἀναστῇ
524 3713 816 3785 προφήτης
847 3715 1052 3784 σημεῖα
1082 3712 1278 3775 ποιῶν,
1309 3713 1404 3767 καὶ
1436 3713 1574 3785 πρὸς
1603 3713 1694 3767 τδν
1722 3714 1855 3768 Θεὸν

280 3807 377 3860 καὶ
408 3805 625 3877 Πατέρα
647 3804 818 3875 ἄγων,
854 3806 1055 3878 μᾶλλον
1078 3808 1177 3861 οὐκ
1202 3806 1446 3876 ἀφιστῶν
1471 3806 1658 3874 αὐτοῦ,
1680 3806 1854 3879 τούτῳ

280 3896 636 3952 πιστεύσατε.
676 3899 737 3951 '0
763 3898 995 3968 Χριστὸς
1021 3894 1116 3953 οῦν
1159 3900 1218 3952 ἐν
1245 3899 1470 3969 ὀνόματι
1498 3900 1595 3952 τοῦ
1640 3899 1857 3970 Πατρδς

280 3987 475 4052 ἐλθὼν,
503 3989 598 4040 καὶ
626 3990 829 4057 σημεῖα
858 3988 957 4058 μὲν
986 3988 1177 4055 ποιῶν,
1205 3988 1280 4060 μὴ
1308 3990 1540 4058 ἀπάγων
1570 3989 1629 4043 δέ
1655 3991 1855 4055 αὐτοὺς

279 4079 387 4150 τῆς
438 4078 769 4145 θεοσεϐείας,
820 4080 983 4143 αὐτὸς
1027 4075 1096 4151 ἦν
1123 4083 1152 4136 ό
1202 4081 1359 4151 παρά
1400 4082 1594 4136 Μωσεῖ
1642 4098 1856 4153 προφη-

279 4170 597 4242 τευόμενος.
653 4189 672 4223 ι
729 4171 793 4225 El
843 4166 938 4226 οῦν
971 4174 1084 4236 τοῖς
1111 4173 1391 4237 Μωῦσέως
1429 4174 1758 4246 γράμμασιν
1790 4175 1851 4229 οὐ

280 4260 596 4327 πιστεύετε,
643 4260 763 4325 πῶς
807 4263 922 4326 τοῖς
977 4264 1133 4333 ἐμοῖς
1189 4265 1396 4336 ῥήμασι
1429 4265 1787 4332 πιστεύσετες
1826 4285 1845 4319 ι

290 4352 551 4420 Ἐκεῖνος,
582 4352 769 4424 φησὶν,
800 4351 1030 4426 ἔγραψε,
1062 4355 1157 4409 καί⁵
1187 4354 1444 4427 πάρεισιν
1472 4356 1601 4426 ὑμῖν
1629 4358 1716 4411 ἀεὶ⁸
1745 4358 1852 4430 πρὸ

1953 3179 2292 3235 conducebat
2327 3180 2483 3235 valde
2518 3182 2584 3235 ad
2621 3180 2780 3237 (idem
2809 3181 3013 3245 Christi
3042 3200 3056 3236 :
3090 3197 3214 3236 nam
3244 3183 3419 3252 inquit
3456 3182 3524 3242 ³³.

1957 3289 1978 3324 ι
2022 3271 2078 3326 Si
2112 3273 2369 3343 propheta
2401 3274 2701 3329 surrexerit
2735 3274 2889 3345 signa
2919 3274 3146 3341 faciens,
3180 3254 3236 3330 el
3274 3273 3528 3329 recedere

1951 3364 2163 3420 faciens
2207 3382 2236 3419 a
2279 3365 2410 3434 Deo,
2459 3382 2530 3421 ne
2579 3367 2819 3422 credatis
2875 3368 2975 3432 illi,
3022 3366 3201 3436 qualis
3247 3368 3352 3422 erit
3378 3366 3532 3419 Anti-

1952 3458 2192 3513 christns
2222 3476 2237 3513 :
2273 3456 2329 3514 Si
2356 3469 2536 3514 autem
2565 3460 2804 3515 surrexit
2825 3460 3088 3531 propheta
3114 3457 3322 3515 faciens
3349 3458 3526 3529 signa,

1953 3558 2009 3604 et
2034 3549 2100 3603 ad
2132 3550 2298 3605 Deum
2331 3562 2386 3605 et
2416 3551 2630 3605 Patrem
2663 3550 2891 3617 ducens,
2930 3561 2986 3607 et
3014 3567 3120 3607 non
3156 3550 3413 3607 recedere
3444 3549 3527 3603 la-

1953 3640 2128 3706 ciens,
2165 3640 2240 3695 illi
2271 3642 2501 3698 credite.
2541 3660 2560 3695 ›
2590 3639 2765 3714 Igitur
2794 3643 3048 3700 Christus
3078 3643 3131 3697 in
3172 3644 3393 3698 nomine
3425 3641 3531 3696 Pa-

1959 3730 2059 3785 tris
2084 3731 2253 3797 venit,
2282 3733 2512 3805 etsigna
2538 3732 2759 3803 quidem
2789 3732 3017 3799 iaciens,
3048 3743 3105 3788 et
3138 3748 3246 3787 non
3273 3730 3530 3788 recedere

1948 3817 2146 3889 jubens
2175 3835 2269 3876 eos
2307 3835 2338 3875 a
2368 3820 2463 3876 Dei
2510 3822 2681 3888 cultu,
2723 3822 2839 3893 ipse
2870 3830 2989 3878 erat
3021 3823 3115 3893 qui
3154 3838 3183 3877 a
3216 3822 3364 3879 Mose
3391 3838 3531 3893 prte-

1955 3911 2157 3970 dictus.
2227 3931 2247 3966 ι
2302 3912 2491 3983 Itaque
2542 3914 2587 3970 si
2639 3913 2770 3969 Mosi
2824 3914 3043 3985 scriptis
3096 3929 3204 3970 non
3279 3914 3525 3979 creditis,

1955 4006 2226 4073 quomodo
2276 4003 2412 4059 meis
2436 4007 2615 4061 verbis
2663 4003 2939 4061 credetis?
2989 4024 3009 4058 ι
3058 4004 3176 4073 Ille,
3228 4005 3423 4076 inquit,
3472 4015 3529 4060 et

1954 4096 2193 4165 scripsit,
2228 4105 2282 4151 et
2324 4105 2454 4152 sunt
2488 4095 2610 4152 libri
2657 4111 2874 4169 semper
2901 4108 3030 4155 ante
3075 4097 3263 4155 oculos
3293 4108 3524 4165 vestros,

1955 4200 2013 4248 et
2055 4190 2126 4245 ita
2182 4201 2241 4247 ut
2277 4192 2439 4247 etiam
2481 4192 2526 4248 si
2582 4192 3010 4261 obliviscamini,
3059 4195 3280 4265 possitis
3327 4195 3528 4251 iterum

1956 4283 2118 4340 facile
2147 4284 2201 4339 in
2232 4285 2550 4339 memoriam
2585 4284 2869 4342 reducere.
2900 4286 3153 4343 Attamen
3180 4303 3286 4342 nou
3305 4286 3530 4343 creditis

1956 4374 2194 4443 scriptis,
2224 4374 2578 4445 et'quomodo
2609 4375 2844 4433 credetis
2874 4376 3055 4433 verbis
3084 4378 3220 4433 meis
3251 4392 3357 4434 non
3391 4376 3531 4433 scri-

276 4443 575 4516 ὀφθαλμῶν
602 4444 670 4499 τὰ
715 4443 914 4515 βιϐλία,
946 4444 1110 4510 ὥστε,
1138 4447 1245 4501 κάν
1290 4447 1660 4515 ἐπιλάθοισθε,
1701 4447 1849 4521 ἔχειν

1959 4466 2100 4537 ptis?
2129 4465 2238 4521 Cur
2283 4443 2448 4537 igitur
2480 4468 2594 4523 haec
2621 4467 2779 4534 dicis,
2815 4483 2849 4524 ο
2888 4468 3139 4535 Domine,
3186 4484 3308 4524 cum
3355 4470 3529 4526 scires

277 4536 443 4590 πάλιν
497 4534 686 4607 ῥᾳδίαν
734 4536 835 4606 τὴν
890 4537 1232 4608 ἀνάμνησιν
1295 4539 1392 4593 καὶ
1456 4539 1606 4610 ὅμως
1654 4542 1716 4595 ού
1761 4558 1857 4595 πι-

279 4620 505 4674 στεύετε
549 4625 661 4686 τοῖς
704 4625 1116 4695 γεγραμμένοις
1142 4641 1156 4656 ο
1204 4626 1302 4679 καὶ
1357 4628 1473 4692 πῶς
1533 4632 1857 4686 πιστεύσετε

1955 4560 2099 4628 quod
2133 4573 2239 4613 non
2270 4558 2529 4614 credituri
2559 4559 2780 4616 essent?
2807 4559 3067 4627 Quamvis
3106 4562 3297 4629 sciam,
3329 4560 3526 4631 inquit,

1954 4646 2101 4716 quod
2158 4663 2266 4701 non
2322 4648 2570 4714 credant,
2619 4649 2739 4704 dico
2797 4660 2998 4717 tamen,
3061 4658 3120 4705 ut
3169 4665 3237 4706 ne
3294 4651 3529 4707 habeant

278 4715 395 4808 τοῖς
426 4715 577 4785 ἐμοῖς
605 4715 877 4785 ἀγράφοις
909 4716 1118 4787 ῥήμασι
1147 4733 1163 4784 ;
1203 4717 1268 4770 Τί
1314 4713 1409 4771 οὗν
1438 4719 1612 4773 ταῦτα
1653 4722 1849 4789 λέγεις,

1951 4713 2137 4806 postea
2175 4739 2325 4807 quod
2352 4713 2671 4808 praetexam,
2710 4740 2766 4795 Si
2798 4713 3049 4807 dixisses,
3081 4742 3525 4799 credidissemus.

278 4799 328 4859 ὦ
357 4805 554 4876 Κύριε,
591 4807 717 4861 ἐπεὶ
756 4804 924 4874 οἶδας,
957 4808 1038 4862 ὅτι
1092 4809 1152 4863 ού
1197 4809 1612 4877 πιστεύσουσιν;
1656 4813 1719 4867 El
1761 4814 1849 4868 καὶ

1953 4799 2020 4876 Et
2043 4799 2236 4878 alites:
2268 4799 2589 4895 illi-quidem
2615 4799 2708 4897 qui
2733 4837 2860 4883 tunc
2891 4799 3068 4894 erant,
3090 4840 3274 4898 utpote
3308 4832 3527 4902 ingrati,

277 4893 419 4965 οῖδα,
465 4900 652 4967 φησὶν,
709 4902 791 4955 ὅτι
840 4901 1301 4974 παρακούσουσιν,
1347 4904 1467 4957 ἀλλ’
1509 4905 1658 4974 ὅμως
1688 4905 1850 4975 λέγω,

279 4990 372 5045 ἵνα
410 4992 485 5062 μὴ
517 4989 745 5063 ὕστερον
789 4993 1256 5064 προφασίζωνται,
1292 4995 1377 5049 ὅτι
1410 4994 1473 5049 El
1512 4990 1695 5060 εἶπας,
1734 4999 1856 5052 ἐπι-

280 5081 613 5153 στεύσαμεν.
649 5084 859 5149 Ἄλλως
878 5102 963 5150 τε,
991 5087 1193 5140 ἐκεῖνοι
1216 5086 1317 5156 μὲν
1340 5087 1387 5140 ei
1414 5086 1558 5152 τότε,
1577 5082 1666 5142 οἷα
1685 5087 1858 5157 ἀγνώ-

1956 4925 2064 4966 non
2096 4912 2424 4968 credebant:
2471 4914 2538 4969 ab
2569 4913 2654 4969 his
2683 4924 2864 4970 autem
2898 4914 2992 4983 qui
3028 4923 3217 4984 postea
3246 4916 3524 4981 credituri,

1961 5018 2068 5056 non
2106 5015 2221 5058 erat
2256 5015 2683 5062 consentaneum
2720 5021 2895 5078 neque
2922 5007 3130 5078 justum
3163 5007 3368 5064 auferri
3409 5024 3529 5064 ver—

1962 5094 2156 5150 borum
2186 5096 2388 5153 Christi
2415 5100 2731 5154 utilitatem.

285 5190 467 5243 μονες,
500 5175 603 5229 οὐκ
629 5176 916 5230 ἐπίστευον
939 5194 952 5208 ·
983 5180 1110 5241 τοὺς
1144 5177 1201 5232 δέ
1234 5177 1529 5249 μετέπειτα
1555 5179 1848 5249 μέλλοντας
1888 5185 2184 5254 πιστεύειν,
2255 5190 2357 5243 οὐκ
2429 5185 2498 5263 ἦν
2542 5191 2708 5257 είκὸς,
2759 5191 2879 5245 οὐδὲ
2921 5190 3127 5245 δίκαιον
3147 5233 3162 5258 ,
3200 5191 3532 5263 στερηθῆναι

280 5266 386 5337 τῆς
417 5268 523 5323 ἀπὸ
565 5267 675 5321 τῶν
708 5268 803 5322 τοῦ
832 5269 1072 5342 Χριστοῦ
1108 5271 1369 5342 ῥημάτων
1390 5271 1679 5342 ὠφελείας.

890 5384 1142 5440 κεψΑΑ.
1179 5387 1279 5453 q'.

280 5498 424 5571 Περί
448 5499 566 5554 τῶν
585 5500 763 5554 πέντε
791 5498 982 5571 ἄρτων
1010 5499 1107 5553 καί
1144 5498 1261 5571 δύο
1286 5500 1525 5571 ἰχθύων.
1554 5500 1689 5570 Περὶ
1748 5502 1859 5571 τῆς

353 5570 784 5639 ἀναχωρήσεως
820 5568 925 5624 τοῦ
986 5568 1208 5638 Ἰησοῦ,
1239 5569 1339 5623 ἵνα
1373 5570 1459 5639 μὴ
1522 5568 1858 5642 ποιήσωσίν

357 5731 402 5765 ³·
429 5729 584 5787 Deut.
613 5744 764 5799 xvui,
798 5731 883 5787 l5.
986 5715 1031 5765 ³⁵
1061 5733 1214 5788 Deut.
1245 5746 1357 5799 xm,
1392 5731 1446 5787 l.

2553 5388 2712 5460 εει
2746 5386 2971 5444 CAPUT
3006 5386 3090 5443 VI.

1968 5498 2043 5555 De
2070 5500 2295 5571 quinque
2318 5501 2539 5566 panibus
2584 5511 2631 5555 et
2661 5501 2862 5555 duobus
2895 5500 3141 5569 piscibus.
3167 5498 3244 5554 De
3284 5497 3533 5571 secessio-

2036 5567 2098 5625 ne
2130 5567 2329 5626 Christi
2355 5587 2418 5626 ue
2445 5573 2675 5640 facerent
2713 5588 2830 5627 eum
2882 5567 3070 5642 regem.
3120 5567 3532 5626 Deambulatio-
