3960 6454
288 315 422 378 1ἓ85

989 314 1429 375 ENARRATIO
1471 313 1549 374 1N
1591 311 2092 375 EVANGELIUM
2131 311 2472 376 JOANNIS.
2502 313 2749 374 “CAP.
2792 313 2887 376 VI.

3396 312 3535 378 1286
3557 364 3559 368 .

280 434 333 487 τί
364 433 510 486 ἐστιν
536 429 611 491 εἰς
638 426 920 492 τοσούτους
947 447 960 495 ;
987 449 1005 481 ›
1031 429 1186 494 Τίνος
1205 427 1391 484 ἕνεκεν
1409 425 1645 496 εἷπε,τδ,
1670 447 1687 480 ι
1706 431 1846 484 ’Λναε

1971 439 2050 482 ter
2106 439 2216 483 tam
2265 428 2551 483 multos?»
2588 429 2766 495 Quare
2813 428 2967 493 dixit,
2995 445 3013 480 ι
3049 426 3182 484 Cum
3231 431 3536 489 sustulisset

285 522 486 592 ϐλέψας
501 523 613 585 τοῖς
639 523 976 591 ὀφθαλμοῖςὸ
1002 524 1240 594 Ἰησοῦς;
1280 546 1298 578 ‹
1323 529 1442 582 Ἵνα
1469 529 1849 598 μάθωμενιότι

279 613 376 668 οὐκ
408 612 674 684 ἐρέμϐετο
725 615 850 675 τοὺς
902 614 1218 685 ὀφθαλμοὺς
1249 617 1372 688 τῇδε
1407 621 1632 672 κάκεῖσε
1669 635 1684 651 ο
1731 619 1850 674 ἀλλ’

280 707 368 760 ἐπὶ
387 707 633 770 συννοίας
658 706 966 778 καθήμενος
1005 710 1096 764 καὶ
1119 714 1390 783 προσοχῆς
1413 715 1507 768 καὶ
1538 714 1848 786 ἀκριϐείας,

279 795 362 854 οἷα
395 799 458 870 δὴ
486 801 593 864 τοῖς
631 800 900 869 μαθηταῖς
936 806 1066 874 περί
1094 822 1255 858 τινων
1282 805 1564 876 θειοτέρων
1602 807 1849 875 διαλεγό-

281 909 455 961 μενος,
492 891 646 954 τέλος
699 893 960 963 ἀνέϐλεψε
1019 899 1130 958 τοῖς
1177 897 1499 968 ὀφθαλμοῖς,
1529 900 1622 952 καὶ
1671 901 1852 970 ἐρωτᾷ

278 983 522 1053 περὶτοῦ
583 983 763 1053 ὄχλου,
799 987 963 1040 πόθεν
1011 989 1467 1060 διατραιρήσεται.
1522 993 1635 1045 Οὐκ
1693 993 1850 1048 ἄλλον

276 1077 330 1129 δέ
354 1078 551 1147 ἐρωτᾷ,
588 1078 723 1131 ἀλλά
773 1079 1057 1135 Φίλιππον.
1086 1079 1256 1145 Οὗτος
1294 1086 1407 1154 γὰρ
1430 1081 1498 1154 ἦν
1544 1087 1571 1138 6
1603 1086 1850 1150 πλείονος

275 1168 519 1236 δεόμενος
542 1169 912 1238 διδασκαλίας,
943 1175 970 1226 6
996 1173 1134 1242 μετὰ
1175 1177 1347 1229 ταῦτα
1373 1175 1544 1244 λέγων
1576 1193 1589 1206 ο
1625 1198 1642 1229 ‹
1670 1178 1850 1242 Δεῖξον

276 1261 406 1329 ἡμῖν
429 1261 520 1314 τὸν
553 1263 793 1334 Πατέρα,
817 1265 912 1318 καὶ
943 1267 1105 1336 ἀρκεῖ
1149 1270 1304 1339 ήμῖν.
1346 1287 1363 1320 ι
1395 1270 1496 1322 Διά
1529 1270 1688 1323 τοῦτο
1744 1271 1851 1339 πρὸ

276 1351 470 1406 πολλοῦ
537 1356 704 1409 αὐτὸν
759 1357 1035 1427 ῥυθμίζει,
1063 1360 1158 1412 καὶ
1219 1360 1308 1414 διὰ
1366 1362 1468 1430 τῆς
1526 1362 1851 1432 ἐρωτήσεως

274 1443 454 1514 ἐνάγει
489 1445 652 1498 αὑτὸν
686 1447 767 1511 είς
803 1448 862 1500 τὸ
899 1449 984 1502 ἀεὶ
1011 1452 1377 1521 μνημονεύειν
1406 1451 1496 1504 τοῦ
1544 1453 1847 1522 θαύματος.

273 1535 334 1588 Ei
360 1536 456 1605 μὲν
484 1536 593 1607 γὰρ
643 1537 830 1602 ἁπλῶς
857 1538 916 1591 τὸ
951 1544 1176 1610 σημεῖον
1210 1541 1447 1610 ἐγένετο,
1489 1542 1592 1595 οὐκ
1628 1543 1694 1596 ἂν
1719 1559 1850 1596 τοσ-

272 1625 426 1680 οῦτον
482 1628 657 1698 ἐφάνη
696 1629 760 1682 τὸ
809 1629 993 1700 θιῦμα
1025 1649 1039 1662 '
1083 1635 1202 1686 νυνὶ
1254 1634 1310 1687 δὲ
1366 1635 1634 1704 πρότερον
1689 1635 1851 1688 αὐτὸν

275 1721 575 1788 ἀναγκάζει
623 1723 956 1792 ὁμολογῆσαι
986 1724 1083 1794 τὴν
1143 1725 1358 1791 σπάνιν,
1397 1727 1483 1779 ἵνα
1525 1727 1848 1798 ἀκριϐέστε-

281 1828 371 1880 ρον
403 1811 696 1883 καταμάθῃ
721 1813 814 1866 τοῦ
863 1815 1146 1884 μέλλοντος
1184 1812 1430 1883 γίνεσθαι
1479 1816 1756 1888 θαύματος
1791 1818 1850 1872 τὸ

280 1904 526 1974 μέγεθος,
555 1908 648 1960 καὶ
681 1907 756 1978 μὴ
796 1907 997 1978 δυνηθῇ
1039 1908 1226 1961 λοιπὸν
1259 1910 1514 1963 ἐκϐαλεῖν
1541 1910 1641 1982 τὴν
1706 1912 1850 1982 μνή-

278 2013 384 2067 μην
416 1998 525 2050 τῶν
563 1999 1026 2070 ὁμολογηθέντων.
1062 2001 1160 2054 Διά
1203 2001 1359 2055 τοῦτό
1407 2021 1538 2074 φησι
1569 2021 1583 2033 ·
1618 2022 1636 2054 ι
1679 2004 1848 2058 Πόθεν

274 2090 618 2162 ἀγοράσομεν
657 2091 880 2165 ἄρτους,
918 2093 1003 2148 ἵνα
1025 2094 1272 2164 φάγωσιν
1296 2089 1474 2160 οὗτοι;
1520 2115 1538 2149 ι
1579 2097 1740 2164 Λέγει
1793 2097 1850 2150 δέ

274 2184 444 2238 ταῦτα
465 2186 738 2256 πειράζων
758 2187 847 2240 τὸν
870 2188 1154 2255 Φίλιππον,
1186 2189 1458 2254 τουτέστι,
1494 2187 1664 2242 θέλων
1687 2189 1850 2242 αὐτὸν

273 2273 548 2345 γνώριμον
573 2276 941 2348 καταστῆσαι,
973 2277 1096 2330 τίνα
1142 2279 1323 2331 πίστιν
1353 2277 1486 2348 ἔχει.
1514 2279 1588 2332 Οὐ
1619 2279 1726 2348 γὰρ
1784 2279 1847 2348 δὴ

272 2363 345 2428 ὡς
374 2365 586 2432 ἀγνοῶν
621 2367 783 2430 αὐτὸς
807 2367 904 2437 τὴν
936 2368 1028 2421 τοῦ
1084 2368 1355 2422 Φιλίππου
1387 2369 1636 2440 γνώμην,
1669 2371 1848 2440 ἐρωτᾷ

274 2457 436 2509 αὑτὸν
457 2498 470 2523 ,
496 2457 630 2510 ἀλλά
661 2460 773 2521 τοῖς
805 2459 983 2522 ἄλλοις
1013 2459 1178 2514 θέλων
1207 2460 1376 2527 δεῖξαι
1399 2461 1580 2515 αὐτόν.
1630 2481 1650 2513 ι
1676 2462 1850 2525 Αὐτὸς

272 2546 423 2616 γάρὸ
450 2548 674 2619 Κύριος,
703 2548 819 2620 ᾔδει
845 2549 898 2602 τί
927 2549 1118 2618 ἔμελλε
1147 2551 1341 2606 ποιεῖν.
1374 2570 1391 2603 ι
1420 2552 1521 2605 Τὸν
1541 2552 1634 2606 οῦν
1663 2553 1849 2606 Φίλιπο

275 2654 373 2692 πον
405 2642 671 2711 πειράσας
691 2641 809 2709 εἴγε
834 2641 1018 2694 πίστιν
1049 2640 1185 2711 ἔχει,
1215 2642 1308 2694 καὶ
1341 2641 1518 2712 εὑρὼν
1551 2643 1712 2696 αὐτὸν
1753 2645 1848 2696 ἀν-

275 2733 562 2803 θρωπίνως
595 2731 673 2784 ἔτι
693 2732 1052 2802 διακείμενον,
1081 2734 1167 2786 ναὶ
1200 2736 1306 2804 μὴν
1335 2735 1428 2786 καὶ
1457 2734 1549 2788 τὸν
1593 2735 1848 2806 Ἀνδρέαν

277 2825 520 2892 εὑρίσκει
541 2825 803 2878 τοιοῦτον.
838 2825 898 2878 ΕΞ
937 2826 1046 2892 γὰρ
1077 2825 1172 2881 καὶ
1193 2824 1526 2896 ὕψηλότερὸν
1556 2844 1614 2879 τι
1629 2827 1723 2879 τοῦ
1753 2827 1848 2878 Φι·

276 2915 478 2966 λίππου
507 2913 819 2984 ἐφαντάσθη
860 2915 1090 2983 (ἐκείνου
1117 2915 1228 2986 γὰρ
1257 2915 1522 2979 εἰπόντος,
1550 2915 1632 2966 ὅτι
1667 2933 1686 2965 ι
1724 2917 1850 2968 Δια·

275 3005 471 3059 κἰσίων
501 3004 771 3076 δηναρίων
803 3008 956 3077 ἄρτοι
976 3009 1077 3060 οὐκ
1106 3007 1390 3079 ἀρκοῦσιν,
1430 3028 1448 3059 ι
1485 3008 1648 3071 αύτδς
1681 3007 1847 3062 πέντε

1953 522 2139 576 oculos
2185 536 2309 575 suos
2347 521 2369 575 ?
2403 540 2419 572 ι
2446 519 2513 574 Ut
2549 522 2821 576 discamus
2867 522 3008 591 quod
3064 537 3170 575 non
3222 523 3413 580 solitus
3465 526 3537 579 sit

1955 615 2081 668 hinc
2109 623 2162 667 et
2191 613 2314 667 inde
2346 614 2525 683 vagari
2563 613 2752 676 oculis,
2778 613 2870 667 sed
2903 613 3234 683 compositus
3261 624 3315 668 et
3345 624 3526 669 atten-

1955 715 2040 760 tus
2069 705 2280 769 sedere,
2311 716 2496 774 utpote
2527 704 2726 759 docens
2757 704 3048 774 discipulos
3080 704 3341 759 diviniora
3377 721 3526 775 quar-

1953 800 2096 856 dam.
2156 799 2398 868 Denique
2452 799 2666 854 sustulit
2721 801 2907 855 oculos
2935 807 2989 854 et
3046 808 3196 869 rogat
3254 801 3319 856 de
3368 801 3524 856 turba

1954 893 2220 962 quomodo
2267 891 2454 945 alenda
2490 893 2579 946 sit.
2629 889 2742 944 Non
2791 890 2952 942 alium
3000 901 3180 944 autem
3231 890 3529 962 interrogat

1953 1000 2113 1052 quam
2146 983 2470 1053 Philippum.
2496 981 2615 1051 Ipse
2643 983 2786 1036 enim
2823 983 3009 1049 majori
3047 983 3317 1051 indigebat
3346 983 3530 1038 crudi-

1957 1076 2122 1137 tione,
2150 1075 2239 1142 qui
2277 1085 2456 1144 postea
2495 1073 2705 1127 dicebat
2737 1083 2750 1131 :
2787 1091 2802 1122 ι
2840 1071 3077 1132 Ostende
3103 1075 3262 1127 nobis
3288 1073 3525 1138 Patrem,

1953 1184 2016 1222 ac
2055 1167 2248 1221 snﬂicit
2295 1167 2449 1220 nobis
2469 1165 2536 1221 ³⁵.
2569 1184 2587 1217 ›
2619 1167 2682 1218 Ει
2720 1176 3000 1235 pmpterea
3051 1177 3208 1220 antea
3238 1165 3383 1219 illum
3421 1166 3529 1219 ius-

1956 1260 2104 1322 truit,
2135 1270 2189 1312 ct
2217 1274 2315 1329 per
2339 1258 2815 1328 interrogationem
2860 1257 3065 1311 inducit
3107 1271 3255 1322 eum,
3277 1266 3336 1310 ut
3365 1259 3528 1310 mira-

1954 1351 2060 1406 culi
2097 1365 2309 1418 semper
2338 1350 2411 1403 sit
2442 1365 2668 1405 memor.
2694 1349 2826 1402 Nam
2875 1348 2920 1404 si
2955 1349 3171 1419 quidem
3207 1349 3525 1404 miraculum

1953 1442 2272 1510 simpliciter
2341 1439 2532 1495 luisset
2569 1440 2793 1502 factum,
2838 1455 2942 1494 non
2975 1456 3150 1508 usque
3197 1441 3330 1496 adeo
3351 1441 3525 1495 visum

1955 1536 2148 1589 fuisset
2211 1534 2290 1588 illi
2353 1533 2670 1588 miraculum
2721 1550 2735 1586 :
2787 1549 2930 1589 nunc
2983 1545 3160 1588 autem
3209 1534 3524 1604 priusquam

1957 1629 2134 1691 ﬁeret,
2160 1627 2307 1682 illum
2337 1625 2612 1694 compellit
2651 1625 2808 1679 fateri
2861 1625 3188 1696 paucitatem
3225 1641 3443 1692 panum,
3469 1635 3528 1678 ut

1955 1721 2260 1778 evidentius
2289 1720 2533 1775 addiscat
2566 1718 2730 1774 futuri
2785 1719 3031 1774 miraculi
3070 1720 3524 1790 magnitudinem,

1955 1830 2009 1870 et
2066 1830 2170 1869 non
2205 1828 2235 1867 e
2271 1814 2531 1868 memoria
2586 1812 2798 1882 rejiciat
2843 1827 2906 1866 ea
2941 1828 3060 1880 quze
3093 1813 3377 1868 confessus
3421 1822 3524 1865 est.

1952 1905 2158 1960 idcirco
2207 1905 2341 1960 dicit
2372 1922 2386 1958 :
2423 1923 2442 1954 ‹
2481 1904 2637 1960 Unde
2674 1919 2915 1958 ememus
2950 1919 3119 1972 panes
3149 1913 3208 1958 ut
3240 1903 3528 1959 comedant

1952 1999 2045 2052 hi?
2084 2016 2101 2049 ι
2135 1997 2274 2052 Dicit
2321 2008 2501 2051 autem
2535 1999 2648 2052 haec
2677 2005 2892 2051 tentaus
2923 1994 3252 2066 Philippum,
3279 1996 3382 2050 hoc
3412 2006 3514 2060 est,

1949 2090 2141 2145 volens
2180 2101 2366 2144 notum
2397 2089 2602 2154 facere,
2635 2104 2798 2159 quam
2830 2089 3054 2144 haberet
3085 2089 3172 2142 ille
3202 2088 3382 2143 iidem.
3405 2086 3517 2142 Ne-

1949 2196 2056 2249 que
2105 2182 2249 2237 enim
2285 2191 2344 2237 ut
2384 2181 2644 2252 ignorans
2677 2180 2744 2235 de
2775 2178 3044 2236 sententia
3091 2179 3324 2250 Philippi
3359 2184 3527 2234 inter-

1952 2276 2201 2342 rogabat,
2249 2277 2342 2330 sed
2391 2276 2512 2330 aliis
2569 2284 2875 2331 monstrare
2926 2273 3159 2329 volebat.
3191 2291 3210 2325 ι
3243 2270 3377 2327 Nam
3411 2273 3528 2341 ipse

1953 2369 2211 2422 Dominus
2265 2367 2466 2423 sciebat
2522 2367 2648 2438 quid
2702 2367 2942 2422 facturos
2990 2375 3156 2422 esset.
3205 2383 3224 2417 ›
3257 2363 3424 2434 Igitur
3471 2381 3530 2428 ιιι

1953 2459 2174 2515 tentavit
2222 2456 2522 2528 Philippum
2572 2458 2832 2527 numquid
2871 2458 3096 2512 haberet
3131 2456 3219 2511 ille
3252 2456 3437 2518 (idem,
3470 2458 3528 2507 et

1953 2550 2155 2606 invenit
2191 2550 2365 2620 ipsum
2402 2549 2576 2604 adhuc
2603 2548 2849 2603 allectum
2878 2557 2934 2602 ut
2956 2547 3231 2602 hominem
3262 2562 3277 2600 :
3306 2545 3530 2614 insuper

1951 2649 2007 2696 et
2033 2640 2306 2694 Andream
2361 2654 2577 2709 quoque
2616 2639 2777 2692 talem
2833 2637 3058 2702 invenit,
3091 2635 3307 2690 tametsi
3358 2635 3529 2691 subli-

1953 2732 2092 2787 mius
2141 2730 2397 2802 quiddam
2433 2729 2680 2800 Philippo
2714 2730 3063 2785 sentientem.
3099 2728 3191 2782 lllo
3241 2726 3386 2782 enim
3437 2726 3525 2781 di-

1952 2833 2107 2877 cente
2164 2822 2306 2891 quod
2359 2822 2728 2877 ducentorum
2784 2821 3132 2876 denariorum
3196 2833 3365 2887 panes
3418 2832 3524 2872 non

1953 2915 2242 2981 solliciunt,
2288 2915 2379 2970 ille
2428 2913 2666 2983 quinque
2716 2927 2888 2982 panes
2941 2912 3268 2966 hordeaceus
3306 2910 3526 2964 et'dnus

1954 3011 2130 3077 pisces
2159 3009 2628 3071 commonstravit,
2675 3006 2919 3074 cogitans
2952 3004 3088 3059 forte
3139 3004 3524 3074 prophetarum

275 3100 468 3167 ἄρτους
516 3097 814 3168 κριθίνους,
849 3099 942 3152 καὶ
983 3099 1076 3153 δύο
1121 3100 1323 3171 ὀψάρια
1371 3101 1731 3166 ύποδεικνύει,
1762 3105 1844 3155 ἐν·

1955 3099 2233 3163 miracula,
2259 3108 2314 3152 ut
2358 3098 2534 3152 Elismi
2589 3099 2642 3153 in
2682 3097 2911 3168 panibus
2947 3097 3182 3165 signum,
3214 3115 3232 3142 ε
3266 3109 3386 3149 cum
3427 3094 3527 3148 Sa-

274 3195 473 3260 νοήσας
507 3191 640 3254 ἴσως
668 3193 763 3246 καὶ
807 3191 877 3245 τά
905 3192 1013 3246 τῶν
1062 3194 1358 3263 προφητῶν
1390 3193 1669 3266 θαύματα,
1702 3197 1850 3259 ὅπως

271 3281 299 3332 ὁ
323 3279 624 3342 Ἐλισσαῖος
683 3280 854 3334 ἐποέει
884 3281 944 3334 τὸ
990 3281 1082 3334 ἐπὶ
1108 3281 1217 3334 τῶν
1247 3282 1427 3352 ἀρτων
1481 3287 1727 3354 σημεῖον,
1758 3286 1849 3338 ὅτε

275 3374 307 3442 ἡ
335 3372 619 3440 Σαμάρεια
659 3373 738 3435 είς
773 3373 1000 3442 ἔσχατον
1025 3372 1298 3436 ἀπωλείας
1327 3370 1539 3444 ἦλθεν),
1571 3376 1848 3446 ἀλλ’ὃμως

275 3465 366 3516 καὶ
403 3461 663 3533 Ἀνδρέας
689 3463 990 3532 ἐλέγχεται,
1028 3465 1194 3534 μηδὲν
1226 3465 1448 3530 ἐπάξιον
1493 3467 1588 3519 τοῦ
1640 3468 1847 3538 Κυρίου

272 3556 555 3626 ἐννοήσας.
573 3555 710 3625 Φησὶ
740 3555 867 3626 γάρ·
900 3574 918 3607 ι
942 3554 1101 3608 Ἀλλά
1116 3556 1290 3609 ταῦτα
1316 3556 1369 3610 τί
1398 3559 1548 3611 ἐστιν
1573 3558 1653 3621 είς
1667 3560 1850 3611 τοσού-

271 3655 428 3714 τους’;
475 3665 493 3699 ι
540 3645 791 3716 Ἐνόμισε
825 3646 953 3714 γὰρ,
975 3646 1056 3698 ὅτι
1114 3646 1339 3717 αὐξήσει
1373 3647 1472 3718 μὲν
1500 3649 1630 3712 ἴσως
1659 3650 1686 3702 6
1733 3650 1848 3702 Κύ-

274 3758 389 3810 ριος
413 3741 542 3802 τοὺς
574 3738 794 3812 ἄρτους,
824 3738 936 3792 ἀλλ’
967 3739 1061 3792 ἐὰν
1089 3733 1230 3810 ἦσαν
1257 3741 1520 3806 πλείονες,
1554 3742 1758 3796 πλείων
1781 3741 1846 3798 ἂν

271 3833 365 3886 καὶ
400 3834 436 3903 ἡ
457 3831 682 3903 αὔξησις
712 3831 941 3900 ἐγίνετο,
975 3830 1296 3900 ἐπισφαλῶς
1333 3833 1553 3896 πάντως
1581 3833 1738 3888 νοῶν.
1786 3835 1845 3888 ὐ

269 3927 378 3997 γὰρ
415 3924 616 3995 Κύριος
647 3923 741 3976 καὶ
771 3925 835 3976 ἐκ
861 3922 936 3994 μὴ
964 3923 1132 3976 ὅντων
1164 3923 1398 3993 ἠδύνατο
1422 3925 1621 3996 ἄρτους
1673 3929 1848 3979 ποιεῖν

268 4015 349 4086 τῷ
373 4015 566 4086 πλήθει
591 4013 905 4084 ἀρκοῦντας
944 4031 957 4045 ·
982 4016 1132 4084 ὅμως
1173 4015 1259 4068 ἵνα
1316 4015 1390 4086 μὴ
1423 4014 1611 4089 δόξῃὴ
1666 4016 1847 4081 κτίσις

268 4103 523 4177 ἀλλοτρία
547 4099 690 4159 εἶναι
713 4105 812 4174 τῆς
831 4105 995 4158 αὑτοῦ
1030 4104 1244 4173 σοῳίας.
1269 4105 1404 4175 αὐτῇ
1433 4107 1499 4176 τῇ
1545 4106 1721 4159 κτίσει
1756 4107 1847 4160 κέ-

267 4212 468 4268 χρηται
495 4195 630 4266 πρὸς
657 4195 754 4265 τὴν
778 4195 1036 4248 ὑπόθεσιν
1056 4195 1164 4249 τῶν
1187 4194 1484 4266 θαυμάτων
1509 4212 1524 4226 ο
1553 4197 1646 4249 καὶ
1670 4199 1844 4268 am-

270 4290 376 4359 μὴν
427 4287 606 4342 λαὸὼν
647 4289 769 4348 τοὺς
809 4289 1028 4358 ἄρτους,
1074 4286 1267 4358 ὥσπερ
1309 4271 1444 4360 ὓλην
1491 4290 1635 4356 τινά,
1663 4289 1837 4356 οὕτως

269 4380 526 4433 είδοποιεῖ
577 4381 639 4432 τὸ
691 4379 898 4447 θαῦμα.
951 4379 1404 4450 Αἰσχυνέσθωσαν
1459 4384 1507 4435 οξ
1552 4383 1843 4454 Μανιχαῖοι

268 4469 541 4538 λέγοντες,
568 4469 650 4520 ὄτι
690 4472 726 4522 6
762 4443 945 4538 ἄρτος,
974 4443 1088 4521 καῖ’
1106 4469 1284 4522 πάντα
1307 4471 1375 4522 τὰ
1431 4471 1489 4524 ἐν
1519 4475 1582 4541 τῇ
1645 4443 1839 4538 κτίσει,
1876 4443 1921 4499 D

266 4560 363 4614 τοῦ
383 4557 616 4629 πονηροῦ
641 4557 776 4610 Θεοῦ
807 4561 914 4610 εἰσι
937 4548 1398 4628 δημιουργήματα
1415 4577 1430 4593 ο
1457 4563 1551 4614 καὶ
1571 4561 1659 4614 διὰ
1685 4563 1843 4616 τοῦτο

268 4654 366 4707 ἐάν
393 4668 477 4715 τις
508 4651 690 4713 αὐτοῖς
714 4647 826 4720 δῴη
851 4649 1036 4720 ἄρτον,
1067 4649 1143 4720 μὴ
1193 4649 1560 4719 λαμϐάνοντες
1596 4651 1758 4706 αὑτὸν
1779 4655 1843 4706 ἐκ

267 4743 377 4796 τῶν
407 4741 617 4795 ἐκείνου
647 4740 867 4812 χειρῶν,
891 4741 1028 4794 ἀλλὰ
1063 4743 1344 4813 πόρρωθεν
1381 4743 1478 4812 μὲν
1499 4744 1661 4798 αὐτὸν
1689 4745 1844 4814 ῥίψαι

270 4835 668 4900 ἐπιτάττοντες,
717 4833 996 4902 ἱστάμενοι
1055 4834 1112 4887 δὲ
1179 4836 1272 4888 καὶ
1330 4836 1710 4907 καταρώμενοι
1764 4836 1844 4907 τῷ

267 4930 410 4982 δόντι
443 4944 458 4960 ⁸
498 4927 556 4980 '0
616 4926 846 4995 σπείρας
933 4942 1016 4989 σε,
1071 4930 1349 4999 σίτοιρείη⁹
1405 4931 1433 4982 6
1481 4930 1686 4999 ἀλήσας
1753 4947 1838 4996 σε,

273 5020 526 5091 ἁλεσθείη
545 5019 643 5082 τὰς
677 5018 907 5087 σάρκας,
941 5019 1036 5071 καὶ
1061 5018 1166 5072 ὃσα
1183 5022 1592 5092 τοιουτότροπα.
1619 5023 1842 5092 Αἰσχυν-

269 5113 514 5165 ἐσθωσαν
567 5110 660 5166 οῦν
720 5113 1050 5176 ἀκούοντες,
1086 5113 1166 5165 ὅτι
1209 5115 1239 5165 6
1290 5113 1392 5165 τοῦ
1442 5113 1649 5181 ἀγαθοῦ
1696 5114 1832 5168 Θεοῦ

266 5188 411 5267 Υἱὸς.
451 5206 477 5257 6
513 5205 764 5275 Χριστὸς,
819 5208 1015 5278 ἄρτους
1077 5205 1398 5276 ἐπλήθυνεν.
1445 5208 1505 5259 Ei
1570 5207 1626 5260 δὲ
1668 5210 1838 5262 κακὸν

265 5290 406 5365 ἦσαν
437 5295 665 5364 κτίσμα,
702 5296 898 5366 οὐκ-ἂν
937 5297 964 5348 ὁ
993 5296 1194 5365 ἀγαθὸς
1217 5296 1280 5349 τὸ
1315 5297 1484 5351 κακὸν
1512 5300 1832 5371 ἐπλήθυνεν,

267 5384 354 5437 ἵνα
386 5383 458 5454 μὴ
490 5384 632 5451 λέγω
657 5385 754 5438 καὶ
785 5385 946 5450 αὐτὸς
980 5386 1177 5457 ἄρτους
1207 5388 1417 5458 ἤσθιεν.
1449 5389 1590 5442 Ἀλλ’
1617 5392 1834 5463 ἐρωτήο

269 5491 351 5528 σοι
404 5475 470 5528 ἂν
525 5492 609 5538 τις
651 5493 666 5506 ο
701 5471 847 5546 Ἀρα
868 5478 1024 5531 τοῦτο
1065 5480 1126 5534 τὸ
1159 5481 1270 5534 τῶν
1296 5483 1476 5552 ἄρτων
1535 5484 1740 5556 θαῦμα,
1774 5487 1837 5541 τὸ

340 5658 384 5690 ⁸⁸
405 5657 557 5712 Joan.
591 5676 699 5722 XIV,
732 5660 784 5717 8,
806 5660 857 5710 9.
938 5663 979 5692 ³⁸
1004 5662 1065 5713 Ill
1093 5664 1217 5733 Reg.
1253 5683 1323 5732 tv,
1351 5669 1438 5720 58.

1955 3191 2125 3244 maria
2162 3193 2213 3244 in
2266 3202 2562 3245 extremam
2598 3191 2838 3246 venisset
2891 3189 3132 3258 inepiam
3160 3190 3225 3242 ³ο.
3261 3205 3278 3238 ι
3314 3187 3523 3242 Redar-

1951 3287 2135 3355 guitur
2167 3293 2344 3338 tamen
2371 3292 2424 3336 et
2453 3283 2697 3336 Andreas
2720 3282 2854 3336 nihil
2873 3282 3092 3349 dignum
3121 3280 3346 3332 Domino
3380 3279 3526 3348 cogi-

1953 3386 2093 3431 tans.
2115 3375 2256 3430 Dicit
2280 3376 2423 3429 enim
2446 3391 2462 3428 :
2489 3393 2508 3426 ι
2547 3373 2653 3429 Sed
2681 3377 2796 3429 haec
2823 3374 3040 3443 quidem
3071 3382 3195 3426 sunt
3227 3373 3365 3426 inter
3414 3383 3522 3424 tam

1951 3468 2188 3522 multos?
2220 3486 2239 3519 ›
2276 3466 2637 3521 Existimabat
2684 3466 2827 3520 enim
2863 3466 3006 3534 quod
3062 3462 3522 3540 multiplicaturus

1950 3563 2165 3630 quidem
2192 3576 2356 3630 panes
2392 3568 2538 3616 esset
2571 3558 2846 3621 Dominus,
2874 3557 2967 3612 sed
3009 3555 3058 3610 si
3085 3564 3272 3609 essent
3308 3554 3516 3623 plures.

1949 3653 2122 3724 major
2173 3663 2226 3707 et
2281 3651 2660 3722 multiplicatio
2692 3648 2873 3704 futura
2921 3659 3085 3712 esset,
3112 3661 3141 3700 a
3175 3655 3324 3700 recto
3358 3659 3521 3699 sensu

1949 3762 2174 3817 prorsus
2229 3747 2514 3799 oberrans.
2563 3741 2698 3797 Nam
2751 3741 3014 3797 Dominus
3062 3739 3224 3794 etiam
3251 3754 3317 3793 ex
3352 3738 3522 3792 nihilo

1947 3839 2212 3907 potuisset
2250 3851 2418 3906 panes
2447 3839 2648 3899 facere,
2671 3834 2760 3904 qui
2798 3832 2967 3888 turba:
3009 3831 3322 3887 suﬂicerent
3345 3849 3360 3885 :
3384 3838 3523 3883 atta»

1950 3941 2071 3981 rren
2103 3943 2169 3982 ne
2203 3929 2476 3981 videretur
2519 3933 2768 3980 creatura
2800 3939 2909 3980 non
2941 3936 3061 3978 esse
3108 3937 3174 3976 ex
3221 3922 3389 3990 ipsius
3431 3934 3522 3974 sa.

1947 4020 2173 4088 pientia,
2203 4021 2320 4086 ipsa
2373 4026 2624 4072 creatura
2659 4031 2786 4072 usus
2819 4016 2988 4070 estin
3035 4013 3315 4068 materiam
3353 4012 3520 4066 mira-

1947 4111 2280 4176 culorum,et
2317 4109 2559 4179 acceptis
2593 4108 2828 4178 quinque
2869 4106 3099 4174 panibus
3149 4103 3228 4157 uti
3281 4103 3512 4156 materia

1946 4201 2538 4275 quadam,.pr:eclarum
2575 4201 2718 4254 istud
2749 4197 3064 4254 miraculum
3099 4195 3248 4252 fecit.
3269 4193 3518 4252 Coniun-

1946 4296 2147 4350 dantur
2200 4293 2500 4358 Manicltaai,
2533 4293 2774 4348 dicentes
2815 4290 2960 4360 quod
3009 4291 3165 4360 partis
3222 4299 3278 4343 et
3327 4300 3520 4342 omnes

1946 4396 2212 4442 creaturae
2267 4385 2422 4439 factae
2477 4385 2644 4439 sinta
2677 4382 2817 4436 malo
2863 4382 3099 4436 Deo:et
3125 4388 3412 4452 propterea
3471 4379 3519 4434 si

1946 4481 2068 4550 quis
2124 4477 2336 4533 dederit
2385 4476 2464 4531 eis
2514 4490 2733 4545 panem,
2765 4491 2869 4529 non
2926 4474 3202 4542 accipiunt
3251 4474 3402 4528 illum
3449 4473 3518 4527 de

1947 4569 2193 4624 manibus
2227 4569 2388 4633 illius,
2415 4567 2510 4624 sed
2559 4567 2744 4637 procul
2778 4566 2996 4636 quidem
3049 4565 3198 4618 illum
3237 4563 3393 4630 ahjiei
3421 4563 3516 4631 ju-

1946 4660 2094 4724 bent,
2139 4668 2348 4714 stantes
2379 4669 2582 4724 autem,
2611 4664 2665 4709 et
2715 4657 3093 4712 maledicentes
3125 4655 3176 4709 ei
3219 4655 3307 4723 qui
3343 4653 3514 4724 dedit,

1945 4751 2131 4805 dicunt
2165 4767 2178 4804 :
2210 4751 2314 4816 Qui
2347 4751 2638 4806 seminavit
2665 4761 2734 4810 te,
2770 4749 3113 4818 dispergatur
3144 4762 3158 4800 :
3197 4755 3252 4800 et
3283 4745 3372 4814 qui
3404 4746 3518 4812 pin-

1945 4842 2056 4896 suit
2096 4851 2165 4904 te,
2191 4841 2442 4908 pinsatur
2486 4853 2670 4903 carne,
2700 4849 2756 4890 et
2785 4836 3000 4890 similia.
3053 4832 3214 4904 583
3266 4832 3514 4888 Confun-

1945 4933 2141 4988 dantur
2179 4934 2360 5003 itaque
2391 4933 2672 4986 audientes
2707 4929 2848 4998 quod
2877 4929 3005 4982 boui
3037 4927 3130 4980 Dei
3162 4925 3332 4982 Filius
3358 4924 3516 4980 Chri-

1943 5035 2058 5080 stus
2085 5039 2252 5095 panes
2287 5023 2674 5092 multiplicarit.
2712 5021 2843 5074 Nam
2875 5020 2918 5074 si
2953 5021 3092 5074 mala
3124 5018 3321 5073 fuisset
3357 5033 3512 5073 crea-

1943 5127 2085 5183 tura,
2109 5117 2281 5171 bonus
2311 5115 2456 5186 quod
2486 5114 2682 5168 malum
2715 5123 2860 5169 esset
2900 5113 3088 5181 utique
3115 5127 3223 5165 non
3256 5110 3512 5178 multipli.

1941 5219 2119 5264 casset
2151 5226 2163 5262 :
2198 5217 2255 5261 ut
2310 5218 2517 5262 taceam
2584 5207 2824 5271 interim,
2875 5206 3020 5276 quod
3066 5213 3122 5258 et
3172 5205 3287 5273 ipse
3343 5207 3512 5271 panes

1943 5301 2199 5356 comedit.
2229 5299 2500 5352 Caeterum
2529 5298 2572 5350 si
2604 5297 2726 5365 quis
2749 5293 3186 5362 interrogat/erit,
3216 5308 3342 5346 num
3370 5292 3510 5346 idem

1943 5397 2015 5447 sit
2071 5393 2170 5444 hoc
2235 5390 2556 5444 miraculum
2625 5403 2826 5457 panum
2869 5402 2989 5442 cum
3055 5401 3122 5442 eo
3171 5387 3314 5457 quod
3367 5383 3511 5452 apud

1943 5485 2253 5542 Matthzeum
2317 5483 2683 5539 describitur?
2713 5482 2966 5548 dicimus,
3009 5479 3172 5537 Certe
3210 5480 3348 5536 idem
3403 5483 3511 5544 est,
