3920 6562
405 336 539 400 1‘25?

1319 330 1906 393 'l‘llElfiPlIYLACTl
1945 326 2353 389 BULGARIAS
2393 326 2748 387 ARCHIEP.

3510 323 3642 390 1288

403 449 664 517 Quamvis
698 458 876 504 autem
905 447 1028 503 illuc
1052 446 1302 517 discipuli
1337 448 1601 500 accedunt
1627 446 1973 499 admonentes

2087 441 2220 494 αὑτό
2249 443 2365 492 ἐστι
2393 441 2472 510 τῷ
2501 440 2650 511 παρὰ
2673 437 2750 508 τῷ
2777 437 3046 510 Ματθαίῳ
3082 439 3198 511 (29.)
3223 456 3237 504 ;
3270 438 3345 492 Τδ
3371 440 3508 492 αὐτὸ
3535 442 3658 492 ἐστι.

403 544 469 594 de
503 541 653 594 turba
698 549 757 594 ut
795 541 1122 604 dimittatur,
1151 540 1252 592 hoc
1285 546 1460 590 autem
1515 537 1632 589 loco
1666 539 1777 606 ipse
1820 536 1978 591 Jesus

405 635 701 702 interrogat
727 634 868 687 unde
918 642 1170 701 pascatur
1201 647 1214 682 :
1249 646 1354 682 non
1388 645 1524 699 opus
1575 639 1657 682 est
1701 629 1979 682 admirari.

407 727 715 780 Verisimile
789 727 932 779 enim
995 733 1074 779 est
1127 732 1416 790 utrumque
1469 722 1670 776 faclmu
1733 737 1872 781 esse.
1927 732 1988 774 et

406 820 695 885 discipulos
724 818 877 887 prius
909 818 1256 869 admonuisse
1287 813 1572 868 Dominum
1596 815 1663 868 de
1698 813 1869 868 turbis
1901 814 1980 865 di-

407 911 704 974 titillellflls,
743 920 797 963 et
845 921 971 962 tunc
1023 907 1328 976 Philippum
1371 905 1756 976 interrogatum
1793 920 1915 959 esse
1949 919 1979 958 a

406 1004 629 1058 Domino
660 1004 800 1058 unde
825 1003 1061 1057 alantur.

469 1286 636 1341 Vens.
672 1286 859 1342 10-15.
899 1304 923 1337 ιι
964 1285 1105 1340 Dixit
1137 1297 1312 1340 autem
1344 1286 1500 1341 Jesus
1531 1301 1545 1338 :
1586 1284 1766 1338 Facite
1801 1295 1859 1338 ut
1887 1284 1979 1339 ιω-

408 1379 584 1432 mines
611 1377 979 1432 dlSt'UIlllialll.
1007 1378 1137 1430 Erat
1182 1387 1362 1430 autem
1399 1391 1624 1446 gramen
1658 1374 1882 1426 multum
1928 1374 1979 1427 in

400 1485 464 1523 eo
495 1471 632 1523 loro.
675 1451 1067 1523 Discubuerunt
1093 1484 1222 1535 ergo
1244 1468 1342 1520 viri
1373 1481 1595 1519 numero
1626 1467 1796 1519 fcrme
1823 1466 1982 1534 quin-

402 1563 557 1627 quies
615 1561 781 1616 mille.
836 1562 1059 1628 Accepit
1089 1567 1266 1610 autem
1302 1573 1468 1628 panes
1513 1555 1692 1620 Jesns,
1747 1571 1982 1623 cumque

402 1658 602 1725 gratias
634 1657 850 1725 egisset,
889 1655 1165 1708 distribuit
1202 1653 1518 1721 discipulis;
1553 1651 1797 1720 discipuli
1828 1665 1978 1716 vero,

402 1745 888 1801 discumhcnlibus.
937 1743 1201 1799 Similiter
1232 1755 1285 1796 et
1337 1759 1399 1796 ex
1443 1741 1680 1811 piscibus
1716 1753 1977 1809 quantum

2086 533 2149 585 Εἰ
2176 532 2232 585 δὲ
2267 535 2382 586 ἐκεῖ
2406 533 2506 600 μὲν
2531 533 2922 602 προσέρχονται
2951 533 3002 585 οἱ
3049 532 3290 602 μαθηταὶ
3362 534 3662 602 ὑπομιμνήο

2104 642 2324 687 σκοντες
2354 628 2481 695 περὶ
2529 626 2622 679 τοῦ
2663 626 2844 695 ὄχλου,
2878 627 2962 678 ἵνα
3019 627 3382 690 ἀπολυθῶσιν,
3445 627 3664 678 ἐνταῦθα

2083 717 2138 770 δὲ
2170 719 2326 779 αὐτὸς
2362 720 2389 770 ὁ
2422 719 2630 788 Ἰησοῦς
2670 721 2868 790 ἐρωτᾷ,
2905 721 3068 771 πόθεν
3097 719 3460 788 διατρεφεῖεν,
3487 720 3544 771 οὐ
3569 721 3665 788 χρὴ

2088 809 2410 879 θαυμάζειν.
2476 810 2636 872 Εἰκὸς
2676 811 2784 880 γάρ
2847 813 2994 863 ἐστιν
3050 811 3336 881 ἀμφότερα
3389 811 3661 878 γενέσθαι,

2083 903 2308 955 καὶτῶν
2335 902 2594 970 μαθητῶν
2636 903 2904 972 πρότερον
2953 903 3385 974 ὑπομνησάντων
3435 903 3526 955 τὸν
3554 901 3662 954 Κύ-

2087 1010 2198 1062 ριον
2233 994 2359 1060 περὶ
2384 990 2475 1044 τοῦ
2515 992 2855 1060 ἀπολυθῆναι
2890 996 3016 1055 τοὺς
3079 993 3292 1061 ὄχλους,
3328 993 3664 1062 ἐρωτηθῆναι

2083 1082 2173 1135 τὸν
2199 1083 2468 1134 Φίλιππον
2511 1082 2616 1134 ὑπὸ
2651 1081 2745 1135 τοῦ
2795 1081 3028 1153 Κυρίου,
3059 1083 3226 1136 πόθεν
3271 1084 3664 1152 διατραφήσον-

2083 1194 2192 1228 ται.

2159 1287 2178 1320 ι
2224 1264 2357 1320 Είπε
2394 1267 2451 1320 δὲ
2489 1269 2516 1320 ὁ
2549 1265 2760 1337 Ἰησοῦς
2787 1285 2800 1296 ⁸
2868 1267 3139 1336 Ποιήσατε
3179 1268 3303 1329 τοὺς
3347 1266 3662 1336 ἀνθρώπους

2085 1360 2398 1412 ἀναπεσεῖν.
2424 1356 2531 1411 Ἦν
2555 1359 2610 1411 δὲ
2640 1361 2830 1429 χόρτος
2853 1359 3020 1420 πολὺς
3056 1361 3113 1411 ὲν
3140 1359 3216 1428 τῷ
3245 1360 3416 1429 τόπῳ.
3452 1360 3662 1413 Ἀνέπε-

2087 1469 2179 1503 σον
2214 1451 2308 1504 οὖν
2339 1453 2387 1504 oi
2419 1451 2610 1520 ἄνδρες
2652 1451 2743 1503 τὸν
2774 1451 3007 1520 ἀριθμὸν
3044 1450 3177 1502 ὡσεὶ
3209 1453 3659 1520 πεντακισχίλιοι.

2086 1542 2285 1595 Ἐλαὸε
2314 1543 2369 1594 δὲ
2391 1544 2516 1605 τοὺς
2551 1544 2749 1613 ἄρτους
2775 1544 2802 1595 ὁ
2841 1543 3071 1611 Ἰησοῦς,
3107 1546 3194 1595 καῖ
3238 1545 3658 1614 εὐχαριστήσας,

2082 1633 2310 1688 διέδωκε
2353 1637 2467 1695 τοῖς
2503 1634 2801 1703 μαθηταῖς,
2826 1635 2876 1685 oi
2911 1633 2965 1685 δὲ
3007 1635 3248 1704 μαθηταὶ
3299 1640 3411 1696 τοῖς
3440 1635 3657 1688 ἀνακειο

2088 1723 2307 1793 μένοις·
2337 1724 2540 1794 ὁμοίως
2589 1724 2686 1776 καὶ
2737 1725 2801 1776 ὲκ
2843 1726 2951 1776 τῶν
3001 1724 3244 1794 ὀψαρίων
3296 1725 3423 1778 ὅσον
3456 1726 3658 1795 ἤθελον.

405 1837 674 1891 volebant.
702 1835 768 1889 Ut
792 1844 969 1887 autem
999 1833 1364 1902 impleti.sunt,
1391 1830 1815 1898 dicitdiscipulis
1833 1829 1973 1882 suis:

2101 1813 2185 1877 Ὡς
2213 1815 2267 1867 δὲ
2313 1812 2739 1884 ἐνεπλήσθησαν,
2792 1813 2939 1880 λέγει
2976 1816 3087 1876 τοῖς
3122 1814 3396 1884 μαθηταῖς
3450 1813 3652 1867 aito-3°

400 1929 642 1997 Colligite
662 1942 778 1996 qum
795 1923 1180 1995 superfuerunt
1206 1927 1530 1993 fragmenta,
1552 1938 1615 1976 ne
1630 1923 1755 1992 quid
1776 1932 1981 1992 pereat.

403 2017 746 2085 (lollcgerunt
769 2030 920 2084 ergo,
949 2025 1001 2067 el
1038 2013 1394 2082 impleverunt
1419 2012 1701 2066 duodecim
1725 2011 1984 2079 cophinos

402 2108 826 2176 fragmentorum
864 2122 928 2159 ex
962 2106 1201 2174 quinque
1233 2104 1458 2174 panibus
1491 2105 1826 2168 bordeaceis,
1862 2120 1982 2173 quae

403 2201 784 2268 superfuerant
811 2198 893 2251 his
921 2198 1008 2266 qui
1041 2197 1409 2251 comederaut.
1444 2215 1460 2248 ι
1493 2194 1658 2250 Jussit
1686 2211 1782 2250 eos
1807 2197 1982 2250 facere

403 2277 769 2353 discumbere,
807 2291 962 2360 quasi
1009 2300 1194 2359 parata
1242 2303 1449 2343 mensa.
1495 2288 1752 2355 Discipuli
1802 2298 1980 2340 autem

403 2386 651 2453 quamvis
693 2385 840 2454 prius
874 2381 1158 2446 increduli,
1191 2392 1428 2434 attamen
1483 2379 1734 2433 alacriter
1771 2395 1982 2433 recum-

402 2477 531 2530 bere
556 2476 757 2530 faciuut
785 2475 1052 2529 homines.
1087 2493 1106 2527 ι
1139 2473 1266 2527 Erat
1299 2481 1477 2527 autem
1507 2488 1749 2541 gramen.
1784 2492 1802 2524 ι
1832 2472 1979 2539 Quo-

403 2569 547 2622 niam
586 2582 681 2620 ver
705 2576 823 2622 erat
854 2584 868 2619 :
900 2574 1017 2620 erat
1047 2568 1212 2632 enim,
1251 2565 1448 2634 inquit,
1482 2563 1714 2630 Pascha,
1752 2567 1893 2634 quod
1925 2566 1976 2619 in

400 2659 576 2727 primo
638 2671 824 2711 mense
883 2657 1026 2710 veris
1074 2655 1471 2726 perﬁciebatur.
1506 2653 1678 2709 Porro
1720 2656 1821 2708 soli
1876 2656 1976 2708 viri

403 2760 763 2806 numerantur
793 2749 861 2804 ab
893 2748 1242 2819 evangelista,
1275 2749 1364 2818 qui
1399 2747 1532 2817 legis
1561 2747 1806 2817 sequitur
1843 2762 1976 2802 con-

399 2845 763 2900 suetudinem.
813 2844 1024 2897 Etenim
1081 2853 1135 2896 et
1183 2841 1354 2896 Moses
1387 2856 1414 2894 a
1462 2842 1721 2909 vigesimo
1756 2854 1898 2894 anno
1923 2849 1976 2892 et

401 2922 564 3005 supra
613 2935 919 2990 numeravit
970 2933 1246 3004 populum,
1308 2932 1450 2988 nulla
1511 2932 1782 2986 mentione
1834 2931 1973 2984 facta

402 3026 683 3080 mulierum
719 3039 868 3094 :quo
912 3025 1132 3078 docetur
1163 3039 1323 3078 omne
1353 3023 1496 3091 quod
1546 3022 1698 3075 virile
1736 3032 1788 3074 ct
1813 3019 1972 3088 juve-

2087 1909 2433 1974 Συναγάγετε
2473 1905 2548 1958 τὰ
2599 1904 3030 1975 περιττεύσαντα
3079 1905 3397 1975 κλάσματα,
3451 1905 3539 1957 ἵνα
3588 1908 3660 1976 μή

2084 2017 2136 2052 τι
2167 1998 2457 2067 ἀπόληται.
2493 1996 2804 2065 Συνήγαγον
2834 1994 2951 2060 οὖν,
2999 1995 3093 2049 καὶ
3143 1997 3408 2064 ἐγέμισαν
3453 1995 3663 2048 δώδεκα.

2085 2091 2339 2160 κοφίνους
2397 2087 2730 2157 κλασμάτων
2791 2088 2855 2139 ὲκ
2907 2087 3016 2140 τῶν
3090 2087 3254 2139 πέντε
3325 2088 3512 2158 ἄρτων
3555 2088 3661 2142 τῶν

2085 2183 2366 2254 κριθίνων,
2402 2179 2438 2235 ἃ.
2488 2180 2851 2250 ὲπερίσσευσε
2896 2181 3009 2242 τοῖς
3064 2178 3425 2250 βεϐρωκόσιν.
3490 2199 3509 2231 ι
3577 2180 3662 2240 Ὠς

2084 2274 2300 2344 ἑτοίμου
2353 2273 2452 2344 τῆς
2506 2272 2788 2344 τραπέζης
2860 2270 3050 2341 οὖσης,
3122 2271 3410 2324 ἐκέλευσεν
3464 2271 3658 2332 αὐτοὺς

2083 2364 2284 2425 εὐθέως
2315 2365 2636 2416 ἀναπεσεῖν.
2677 2363 2740 2414 Ol
2773 2358 2832 2413 δὲ
2866 2359 3131 2431 μαθηταὶ,
3173 2363 3354 2413 καίτοι
3392 2361 3660 2431 πρότερον

2083 2457 2465 2521 ἀπιστοῦντες,
2515 2457 2663 2525 ὅμως
2725 2453 3025 2525 προθύμως
3081 2452 3475 2526 κατακλίνουσι
3535 2455 3656 2518 τοὺς

2081 2546 2420 2616 ἀνθρώπους.
2453 2565 2471 2596 ι
2505 2541 2612 2597 Ἷιν
2639 2545 2696 2597 δὲ
2722 2544 2967 2614 χόρτος),
3003 2544 3158 2615 ἔαρος
3186 2544 3360 2605 ὄντος.
3389 2539 3502 2596 Ἦν
3530 2546 3656 2614 γὰρ,

2081 2639 2213 2707 φησι
2234 2677 2249 2702 ,
2279 2637 2339 2689 τὸ
2373 2637 2565 2706 Πάσχα
2593 2651 2606 2664 ⁸
2640 2635 2800 2688 τοῦτο
2829 2634 2884 2686 δὲ
2916 2637 2972 2686 ἑν
3016 2635 3093 2703 τῷ
3127 2633 3329 2705 πρώτῳ
3356 2633 3452 2685 τοῦ
3496 2635 3657 2706 ἔαρος

2082 2730 2213 2800 μηνὶ
2244 2729 2498 2782 ἐτελεῖτο.
2537 2729 2705 2782 Μόνοι
2736 2728 2792 2781 δὲ
2817 2730 2864 2780 οί
2893 2726 3087 2797 ἄνδρες
3115 2727 3480 2799 ἀριθμοῦνται
3514 2728 3665 2798 παρα

2076 2821 2170 2875 τοῦ
2193 2819 2607 2890 εὐαγγελιστοῦ,
2633 2822 2699 2890 τῇ
2721 2823 2919 2890 νομικῇ
2941 2819 3194 2892 συνηθείᾳ
3210 2820 3662 2881 ἀκολουθοῦντος.

2077 2915 2189 2968 Καὶ
2219 2915 2327 2984 γὰρ
2359 2914 2454 2966 καὶ
2503 2913 2710 2981 Μωσῆς
2754 2912 2863 2965 ἀπὸ
2895 2913 3240 2974 είκοσαετοῦς
3271 2915 3370 2964 καὶ
3401 2916 3664 2983 ἀνωτέρω

2074 3007 2348 3077 ἠρίθμησε
2386 3006 2476 3058 τὸν
2527 3005 2676 3068 λαὸν,
2717 3005 2959 3075 μηδόὶως
3032 3005 3422 3074 μνημονεύσας
3481 3024 3665 3072 γυναι-

404 3118 511 3172 uile
545 3127 648 3184 est,
683 3117 902 3187 dignum
927 3117 1137 3170 censeri
1170 3127 1226 3169 ut
1256 3127 1571 3170 numeretur
1606 3117 1744 3184 apud
1779 3115 1968 3170 Deum.

2081 3099 2189 3152 κῶν
2211 3116 2225 3130 ο
2258 3098 2546 3169 δηλοῦντος
2594 3096 2688 3150 τοῦ
2723 3097 2906 3164 λόγου,
2937 3097 3018 3150 ὅτι
3067 3098 3174 3149 πᾶν
3208 3099 3334 3149 ὅσον
3393 3099 3668 3168 ἀνδρῶδες

401 3209 469 3264 Ει
533 3210 770 3272 acceptis
810 3208 1039 3277 panibus
1069 3207 1273 3277 gratias
1324 3207 1451 3276 agit,
1505 3207 1796 3260 ostendens
1828 3209 1972 3277 quod

399 3309 525 3354 ante
579 3299 757 3354 cibum
810 3301 997 3367 gratim
1032 3298 1252 3367 agenda:
1281 3297 1388 3350 sint
1433 3297 1560 3351 Deo.
1594 3297 1813 3367 Insuper
1845 3302 1971 3370 quia

407 3392 564 3445 turba
590 3401 730 3456 erat,
763 3392 882 3444 ideo
907 3405 1088 3444 coram
1122 3389 1275 3442 turba
1310 3391 1511 3458 gratias
1542 3391 1674 3458 agit,
1705 3400 1762 3444 ut
1795 3393 1972 3447 omni-

401 3483 502 3537 bus
569 3484 894 3551 persuadeat
947 3483 1088 3553 quod
1152 3481 1446 3536 secundum
1505 3483 1830 3538 voluntatem
1878 3485 1968 3541 Dei

399 3572 701 3636 adVenerit,
725 3581 780 3626 et
803 3574 943 3642 quod
979 3588 1082 3626 non
1111 3573 1180 3626 sit
1210 3571 1553 3626 adversarius
1582 3572 1711 3636 Deo,
1740 3575 1831 3628 sed
1849 3591 1970 3630 om-

403 3666 494 3720 nia
526 3665 728 3720 referat
759 3667 808 3719 in
844 3663 1082 3719 Patrem.
1119 3663 1249 3717 Nam
1290 3665 1507 3733 quando
1569 3679 1810 3718 seorsum
1844 3664 1972 3720 facit

401 3758 747 3818 miraculum,
783 3759 910 3810 nihil
939 3757 1044 3811 tale
1073 3757 1225 3822 facit,
1253 3756 1465 3810 etiamsi
1499 3755 1669 3823 majus
1698 3758 1968 3824 quoddam

399 3848 567 3905 faciat
593 3868 606 3903 :
634 3851 846 3917 quando
875 3859 1053 3902 autem
1085 3863 1270 3902 coram
1295 3848 1476 3901 multis
1505 3848 1820 3902 miraculum
1844 3865 1973 3918 ope-

398 3948 573 4006 ratur,
601 3950 726 3993 tunc
755 3942 818 3992 ad
862 3939 1030 3992 Deum
1069 3940 1310 4008 respicit.
1341 3937 1588 3993 Ostendit
1615 3949 1793 3994 autem
1827 3940 1968 4008 quod

401 4045 508 4084 non
563 4043 628 4083 ex
656 4029 972 4083 inﬁrmitate
1001 4029 1105 4083 hoc
1136 4029 1318 4093 faciat.
1352 4028 1445 4084 sed
1476 4038 1698 4099 propter
1749 4030 1968 4098 diapen-

399 4120 666 4175 sationem
712 4135 874 4188 quam
902 4120 1157 4186 diximus,
1189 4135 1254 4174 ex
1285 4136 1349 4176 eo
1377 4124 1518 4190 quod
1564 4122 1768 4190 majora
1807 4120 1970 4175 faciat

399 4205 726 4267 auctoritate
773 4213 1028 4280 quadam,
1062 4222 1116 4267 et
1153 4223 1405 4282 tanquam
1441 4214 1740 4268 Dominus.‘
1777 4214 1970 4268 Dicunt

402 4301 621 4370 insuper
678 4301 896 4369 quidam
938 4303 1078 4371 quod
1110 4302 1273 4356 etiam
1333 4313 1550 4372 propter
1611 4303 1714 4358 hoc
1770 4303 1970 4372 gratias

399 4393 592 4460 egerit,
647 4399 704 4444 ut
760 4392 1152 4458 ignoraretura
1189 4393 1428 4462 principe
1469 4393 1651 4448 mundi
1693 4410 1862 4462 usque
1900 4395 1966 4448 ad

2083 3194 2180 3246 καὶ
2204 3191 2477 3255 νεανικὸν,
2512 3190 2717 3261 τίμιον,
2751 3191 2844 3242 καὶ
2878 3189 3026 3253 ἀξιον
3057 3189 3294 3260 ἀριθμοῦ
3340 3193 3499 3260 παρὰ.
3526 3192 3662 3262 Θεῷ.

2080 3285 2276 3340 Λαῦὼν
2315 3284 2372 3337 δὲ
2401 3285 2526 3348 τοὺς
2555 3284 2756 3354 ἄρτους
2786 3283 3122 3352 εὐχαριστεῖ,
3166 3283 3410 3346 δεικνὺς,
3444 3285 3527 3336 ὅτι
3561 3285 3669 3353 πρὸ

2079 3377 2285 3448 τροφῆς
2319 3377 2662 3447 εὐχαριστεῖν
2688 3376 2768 3427 δεῖ
2800 3376 2878 3445 τῷ
2911 3373 3029 3444 Θεῷ
3051 3391 3063 3404 ο
3108 3375 3225 3444 ἅμα
3257 3375 3314 3428 δὲ
3347 3377 3444 3428 καὶ
3479 3377 3668 3448 ἐπειδὴ

2077 3468 2230 3540 ὄχλος
2271 3465 2359 3539 ἦν,
2407 3468 2495 3521 διὰ
2537 3467 2696 3521 τοῦτο
2727 3467 3046 3537 εὐχαριστεῖ
3081 3468 3315 3522 ἐνώπιον
3353 3470 3448 3522 τοῦ
3482 3469 3667 3539 δχλου,

2079 3561 2168 3616 ἵνα
2202 3561 2465 3614 πεισθῶσι
2496 3561 2717 3626 πάντες,
2781 3562 2862 3612 ὅτι
2897 3560 3037 3613 κατά
3079 3559 3308 3629 γνώμην
3346 3561 3486 3614 Θεοῦ
3523 3579 3669 3632 παρ-

2078 3653 2317 3721 εγένετο,
2347 3654 2440 3706 καὶ
2463 3652 2538 3715 ὡς
2566 3652 2665 3704 οὐκ
2693 3651 2837 3705 ἐστιν
2859 3652 3126 3715 ἀντίθεος,
3156 3652 3294 3704 ἀλλὰ
3322 3654 3505 3706 πάντα
3527 3655 3670 3725 πρὸς

2078 3745 2172 3798 τὸν
2218 3745 2440 3816 Πατέρα
2491 3745 2773 3814 ἀναφέρει.
2839 3743 2968 3796 Ὀτε
3023 3744 3120 3812 μὲν
3162 3744 3270 3815 γὰρ
3303 3747 3450 3797 κατὰ
3495 3746 3671 3815 μόνας

2078 3839 2227 3890 ποιεῖ
2275 3840 2510 3907 σημεῖα,
2553 3837 2704 3889 οὐδὲν
2748 3835 2990 3889 τοιοῦτον
3042 3840 3204 3900 ποιεῖ,
3258 3839 3441 3890 καίτοι
3492 3838 3673 3908 μείζω

2077 3929 2248 3983 τελῶν
2275 3944 2288 3958 ·
2320 3931 2450 3983 ὅταν
2483 3930 2538 3982 δὲ
2575 3927 2808 3982 ἐνώπιον
2837 3928 3049 3980 πολλῶν
3083 3930 3508 3999 θαυματουργῇ,
3536 3932 3666 3982 τότε

2077 4021 2213 4091 πρὸς
2267 4021 2358 4074 τὸν
2413 4021 2548 4073 Θεὸν
2604 4020 2926 4076 ὰναὸλέπει.
2985 4021 3242 4072 Δείκνυσι
3298 4021 3378 4086 δὲ,
3443 4023 3672 4073 atto-12

2076 4111 2331 4183 ἀσθενείᾳ
2365 4111 2523 4164 τοῦτο
2554 4114 2715 4176 ποιεῖ,
2761 4113 2896 4165 ἀλλὰ
2934 4113 3006 4166 δι’
3033 4113 3376 4180 οἰκονομίαν,
3413 4114 3482 4184 ἠν
3510 4115 3671 4165 εἴπο-

2080 4221 2202 4273 μεν,
2243 4205 2308 4256 ὲκ
2341 4205 2433 4256 τοῦ
2467 4203 2536 4256 τά
2573 4204 2796 4271 μείζονα
2834 4205 3167 4266 δεσποτικῶς
3196 4207 3290 4257 καὶ
3322 4205 3670 4267 αὑθεντικῶς

2077 4298 2271 4349 ποιεῖν.
2298 4296 2532 4364 Λέγουσι
2555 4296 2611 4350 δέ
2637 4313 2782 4359 τινες
2801 4296 2888 4364 διὰ
2909 4297 3067 4348 τοῦτο
3094 4297 3257 4349 αὑτὸν
3285 4299 3667 4367 εὐχαριστεῖν,

2078 4392 2164 4444 ἵνα
2190 4390 2328 4461 λάθῃ
2357 4390 2448 4443 τὸν
2475 4389 2569 4443 τοῦ
2605 4391 2813 4461 κόσμου
2841 4393 3080 4462 ἄρχοντα
3109 4393 3237 4461 ἄχρι
3272 4392 3370 4444 καὶ
3409 4391 3508 4444 τοῦ
3539 4411 3674 4444 και-

400 4492 614 4550 tempus
643 4483 932 4552 passionis,
953 4494 1006 4538 et
1029 4499 1093 4537 ex
1133 4485 1233 4538 hoc
1254 4485 1463 4538 daemon
1487 4500 1591 4539 non
1620 4494 1968 4555 cognosceret

2081 4479 2172 4551 ροῦ
2199 4479 2292 4533 τοῦ
2328 4479 2554 4544 πάθους,
2605 4481 2699 4533 καὶ
2737 4482 2811 4552 μὴ
2847 4481 3098 4535 ἐντεῦθεν
3133 4483 3232 4552 ἤδη
3281 4483 3497 4552 οἰηθείη
3563 4486 3673 4534 αἱ.-

401 4573 575 4640 ipsum
606 4587 725 4627 esse
749 4573 936 4638 Deum,
983 4578 1077 4628 sed
1122 4575 1480 4643 deciperetur,
1528 4585 1579 4628 et
1621 4575 1970 4640 inescaretnr,

400 4677 561 4737 atque
577 4667 654 4720 sic
679 4680 773 4732 per
798 4681 1011 4721 crucem
1035 4666 1409 4720 conficeretur.
1430 4666 1693 4720 Caeterum
1713 4666 1976 4736 permittit

401 4758 661 4813 Dominus
691 4767 748 4812 ut
789 4758 1062 4827 supersint
1117 4766 1193 4811 tot
1245 4756 1565 4828 fragmenta,
1622 4773 1724 4811 non
1757 4769 1974 4826 propter

399 4849 839 4914 ostentationem,
873 4851 1014 4904 absit
1049 4866 1064 4903 :
1113 4852 1206 4904 sed
1266 4865 1333 4904 ne
1377 4851 1757 4918 credaturper
1802 4852 1972 4917 phan-

402 4948 631 4994 tasmata
659 4941 880 4995 satiatos
901 4955 1020 4994 esse
1042 4941 1309 5003 homines,
1339 4951 1589 5010 appareat
1611 4952 1786 4994 autem
1805 4940 1968 5012 584

400 5033 651 5089 clunibus
698 5033 839 5102 quod
868 5047 993 5088 vere
1019 5034 1198 5088 satiati
1243 5032 1464 5096 fuerint,
1530 5035 1965 5101 quandoquidem

403 5132 482 5176 tot
531 5122 748 5176 residua
791 5121 1032 5176 fuerint:
1087 5133 1248 5191 atque
1294 5131 1512 5191 propter
1557 5124 1695 5178 hanc
1749 5140 1964 5178 causam

401 5209 560 5264 Tussit
585 5211 748 5265 etiam
784 5209 1089 5280 fragmenta
1113 5211 1312 5280 colligi,
1340 5223 1396 5264 ut
1426 5212 1670 5267 videntes
1699 5228 1784 5278 ea,
1803 5215 1968 5267 mira-

399 5301 505 5356 culi
528 5301 655 5356 facti
683 5303 850 5372 magis
879 5310 1059 5358 essent
1087 5317 1376 5356 memores.
1406 5300 1628 5372 Oportet
1655 5314 1834 5358 autem
1860 5321 1966 5358 non

398 5395 570 5450 solum
603 5395 948 5465 mirariquod
973 5394 1355 5465 superfuerint,
1384 5401 1476 5450 sed
1501 5397 1664 5448 etiam
1687 5396 1829 5464 quod
1861 5413 1964 5451 non

397 5487 579 5559 plures
634 5501 810 5557 neque
859 5488 1164 5557 pauciores,
1210 5501 1372 5555 quam
1418 5488 1507 5556 qui
1549 5503 1772 5541 numero
1810 5504 1966 5557 pares

2075 4575 2168 4626 τὸν
2193 4575 2346 4638 Θεὸν,
2387 4573 2504 4626 ἀλλ’
2558 4574 2838 4644 ἀπατηθῇ,
2873 4575 2969 4627 καὶ
3019 4574 3306 4644 δελεασθῇ,
3365 4577 3463 4626 καὶ
3514 4574 3674 4626 οὕτω

2073 4664 2160 4717 διὰ
2189 4661 2282 4716 τοῦ
2337 4664 2571 4733 σταυροῦ
2609 4664 2936 4734 νεκρωθείη.
2972 4665 3256 4734 Συγχωρεῖ
3285 4665 3342 4717 δὲ
3374 4669 3403 4718 ὁ
3452 4665 3673 4735 Κύριος

2072 4756 2431 4826 περισσεῦσαι
2483 4755 2596 4827 (’23)
2648 4759 2778 4820 τοὺς
2822 4759 3044 4828 ἄρτους,
3105 4759 3166 4810 οὐ
3242 4758 3311 4812 δι’
3366 4759 3670 4822 ἐπίδειξιν

2071 4849 2283 4917 ἀπαγει
2315 4849 2429 4902 ἀλλ’
2462 4849 2604 4903 ὥστε
2645 4849 2721 4920 μὴ
2767 4852 3044 4922 φαντασίᾳ
3092 4851 3423 4920 νομισθῆναι
3457 4853 3520 4902 το
3577 4869 3677 4902 κο-

2075 4938 2331 5008 ρεσθῆναι
2380 4940 2507 5002 τοὺς
2536 4938 2884 5010 ἀνθρώπους,
2923 4940 3059 4994 ἀλλὰ
3095 4942 3224 4993 πᾶσι
3273 4942 3543 5009 φανῆναι,
3585 4942 3675 4992 ὅτι

2069 5031 2323 5084 τοσοῦτον
2340 5031 2550 5099 ἀληθῶς
2570 5032 2958 5102 ἐκορέσθησαν,
2978 5032 3230 5099 ὥστε-καὶ
3247 5035 3672 5102 ἐπερίσσευσαν

2071 5121 2314 5175 τοσαῦτα
2334 5138 2348 5152 ·
2391 5122 2480 5175 διὰ
2506 5123 2713 5193 ταύτην
2741 5123 2798 5176 δὲ
2824 5125 2924 5194 τὴν
2947 5125 3130 5177 αἰτίαν
3155 5127 3252 5176 καὶ
3275 5124 3345 5176 τὰ
3361 5125 3674 5192 κλάσματα

2071 5212 2286 5266 κελεύει
2316 5215 2672 5285 συναχθῆναι,
2704 5215 2791 5269 ἴνα
2817 5215 3055 5286 ὁρῶντες
3081 5215 3278 5280 ταῦτα,
3315 5215 3407 5268 τοῦ
3432 5217 3678 5282 γεγονξνο

2070 5323 2159 5369 τος
2190 5307 2718 5377 ἀναμιμνήσκωνται
2759 5307 3037 5376 θαύματος
3072 5309 3164 5360 ἐπὶ
3198 5308 3382 5361 πλέον.
3429 5305 3553 5376 Χρὴ
3612 5307 3674 5359 δὲ

2069 5399 2128 5451 οὐ
2161 5400 2322 5467 μόνον
2355 5401 2657 5470 θαυμάσαι,
2688 5402 2770 5454 ὅτι
2794 5402 3216 5472 ἐπερίσσευσαν,
3239 5401 3372 5453 ἀλλά
3408 5403 3524 5464 καὶ,
3561 5400 3678 5468 τὴν

2067 5490 2360 5561 ἀκρίϐειαν
2387 5491 2482 5544 τοῦ
2520 5493 2984 5562 περισσεύματος,
3017 5495 3100 5547 ὅτι
3129 5491 3254 5546 οὕτε
3285 5492 3492 5557 πλεῖον,
3527 5491 3674 5544 οὕτε

1344 5603 1433 5663 Ex
1472 5602 1813 5665 collatione
1845 5604 2030 5668 codd.
2067 5608 2297 5669 Venet.
2337 5608 2399 5668 S.
2433 5607 2647 5669 Marci.

471 5731 582 5801 (‘22)
610 5729 744 5784 Cod.
780 5728 963 5794 51,Τὸ
979 5727 1118 5801 καύτό
1149 5729 1263 5801 ἐστι
1286 5725 1360 5796 τῷ
1394 5727 1542 5801 παρα
1568 5724 1643 5796 τῷ
1670 5726 1963 5801 Μ-ατθαίῳς

2081 5745 2248 5800 γομεν
2269 5725 2383 5795 οὖν,
2413 5731 2493 5786 ὃτι
2527 5729 2626 5783 καὶ
2655 5732 2714 5785 τὸ
2731 5729 2861 5785 αὑτό
2891 5732 3058 5785 ἐστιν.

471 5796 583 5873 (25)
615 5802 763 5857 Idem
793 5801 934 5868 c0d.,
976 5797 1338 5869 Περισσεῦσαι
1368 5796 1604 5851 τοσαῦτα
1639 5797 1949 5866 κλάσματα.
