3920 6592
430 472 585 566 1291'

1353 496 1935 559 THEOPHYLACTL
1979 494 2394 555 BULGARl/E
2434 494 2788 555 AllCHlEP.

3555 480 3690 550 1292

427 625 670 669 temnere
700 609 1013 682 dignitates.
1051 627 1070 660 ι
1111 607 1330 664 Sceedit
1356 619 1537 663 autem
1565 609 1620 662 in
1637 617 1878 662 montem
1901 606 2014 675 ipse

2123 605 2271 670 ἄξιον
2308 603 2537 659 οἴονται.
2581 603 2722 656 Ἀλλ’
2747 602 2958 663 ἐκεῖνος
2988 598 3206 670 φεύγει,
3241 595 3515 653 παιδεύων
3554 598 3696 667 ημᾶς

425 707 597 771 solus,
629 724 654 758 ν»
687 703 834 760 nullo
866 701 1249 773 discipulorum
1299 709 1598 772 assumpto,
1638 715 1746 772 quo
1795 699 2005 755 illorum

426 799 682 871 probaret
720 795 1074 862 desiderium,
1114 808 1242 850 num
1301 792 1507 850 ferrent
1560 792 1641 850 sui
1680 791 2005 847 absentiam.

497 1067 662 1125 Vens.
698 1067 888 1125 16-21.
930 1088 948 1122 ι
991 1066 1062 1124 At
1093 1067 1182 1124 ubi
1228 1065 1338 1137 iam
1413 1079 1639 1136 vespera
1687 1073 1851 1128 esset,
1913 1062 2009 1118 dc-

425 1165 758 1220 scenderunt
814 1161 1070 1234 discipuli
1119 1161 1235 1231 ejus
1286 1159 1354 1213 ad
1403 1171 1586 1224 mare,
1617 1166 1672 1212 et
1715 1169 2008 1212 conscensa

425 1258 584 1322 ttuvi,
622 1262 888 1311 venerunt
939 1251 1166 1322 traiecto
1205 1249 1342 1307 mari
1378 1250 1448 1304 ad
1492 1247 1749 1320 oppidum
1801 1244 2008 1318 Caper-

426 1365 613 1402 ttattnt.
660 1347 888 1416 Jamque
926 1345 1163 1401 tenebrae
1196 1350 1385 1408 erant,
1418 1355 1519 1396 nec
1552 1347 1776 1395 venerat
1813 1340 1880 1394 ad
1916 1350 2009 1394 eos

423 1436 606 1492 .lesns.
643 1436 786 1491 Mare
820 1448 998 1491 autem
1040 1444 1204 1490 vento
1249 1449 1446 1505 magno
1487 1432 1652 1488 ﬂante
1683 1431 2010 1488 intumesce-

427 1531 538 1584 but.
595 1529 731 1584 Cum
793 1529 1147 1599 remigassent
1192 1541 1322 1598 ergo
1369 1525 1542 1582 I‘crme
1592 1524 1763 1580 stadia
1819 1524 2009 1596 viginti

427 1624 668 1692 quinque
717 1630 811 1675 aut
864 1620 1114 1690 triginta,
1174 1620 1358 1676 vident
1406 1617 1590 1675 Jesum
1640 1619 2008 1673 ambulantem

427 1729 592 1782 super
635 1727 786 1768 mare
835 1723 890 1766 ct
932 1712 1458 1783 approninquantem
1494 1711 1656 1776 navi,
1694 1726 1757 1766 ac
1812 1711 2010 1764 timue-

427 1814 573 1859 runt.
620 1804 710 1859 llle
739 1814 914 1858 autem
949 1803 1080 1858 dicit
1110 1804 1225 1858 eis:
1261 1803 1371 1873 Ego
1404 1818 1547 1867 sum,
1583 1801 1752 1857 nolite
1796 1800 2008 1856 limere.

433 1897 732 1953 Voluerunt
781 1911 910 1969 ergo
964 1898 1206 1967 recipere
1241 1912 1364 1951 eum
1414 1897 1467 1950 in
1516 1896 1717 1957 navim,
1761 1905 1814 1948 et
1867 1894 2008 1950 illico

428 1992 577 2044 navis
619 1966 901 2061 appulerat
943 1966 1104 2044 terra?
1136 1991 1202 2042 ad
1247 2003 1407 2058 quam
1455 1989 1626 2042 ibant.
1679 2005 1698 2038 ι
1744 1985 2009 2041 Dominus
2041 1966 2084 2021 Β

430 2079 647 2148 quidem
685 2078 931 2132 ascendit
947 2077 999 2132 in
1023 2085 1258 2132 montem
1278 2077 1445 2143 solus,
1467 2090 1543 2145 ut,
1577 2078 1715 2134 sicut
1743 2078 2003 2144 diximus,

429 2173 619 2238 probet
649 2169 980 2226 desiderium
1020 2169 1409 2240 discipulorum
1448 2185 1515 2224 an
1553 2168 1828 2239 inquirant
1861 2183 2006 2223 eum.

427 2267 499 2318 At
549 2263 623 2317 illi
664 2261 1057 2332 exspectabant
1089 2276 1262 2332 usque
1309 2263 1376 2316 ad
1419 2277 1698 2331 vesperam
1729 2270 2010 2332 sperantes

429 2365 716 2409 venturum
753 2354 932 2424 ipsum
988 2370 1002 2406 :
1041 2363 1090 2408 et
1127 2368 1249 2408 cum
1291 2368 1396 2406 nou
1436 2353 1679 2416 veniret,
1728 2369 1832 2407 non
1877 2353 2010 2407 tole-

430 2449 650 2514 rabant,
685 2447 778 2502 sed
819 2445 1091 2502 desiderio
1125 2445 1399 2515 quaerendi
1443 2444 1594 2499 illum
1638 2442 1852 2499 accensi
1884 2459 2014 2499 con-

428 2541 698 2597 scendunt
730 2540 782 2594 in
812 2538 1016 2594 navim.
1042 2537 1159 2595 Non
1190 2539 1332 2593 enim
1361 2549 1563 2594 temere
1594 2549 1648 2592 ct
1680 2537 1820 2592 futte
1848 2553 2013 2593 evan-

429 2635 618 2705 gelista
652 2642 867 2702 tempus
903 2630 1308 2697 manifestavit,
1338 2631 1430 2685 sed
1461 2646 1556 2701 per
1599 2631 1699 2685 hoc.
1726 2634 2013 2686 vehemen-

433 2737 540 2778 tem
601 2724 815 2778 illorum
880 2723 1204 2778 charitatem
1259 2722 1592 2787 declaravit,
1640 2721 1785 2791 quod
1841 2735 2016 2790 neque

434 2831 660 2886 vespera
691 2830 785 2871 eos
820 2815 1127 2872 retinuerit.
1167 2814 1418 2871 Permisit
1449 2825 1632 2870 autem
1683 2827 1776 2869 eos
1808 2823 2017 2884 tempe-

434 2918 579 2963 state
626 2908 959 2978 periclitari,
1006 2918 1066 2964 ut
1108 2907 1250 2963 facta
1295 2917 1417 2978 post
1455 2915 1828 2976 tempestatem
1868 2917 2018 2961 tran—

436 3000 725 3069 quillitate,
752 2999 1022 3055 miraculo
1057 3000 1228 3070 magis
1257 2998 1591 3066 laetarentur,
1626 3010 1680 3055 et
1716 2998 2018 3055 indelebilis

436 3090 700 3144 memoria
742 3089 853 3154 sui;
876 3089 1086 3143 illorum
1137 3087 1446 3158 pectoribus
1482 3085 1754 3143 insideret.
1793 3085 2020 3141 Assistit

436 3189 617 3236 autem
641 3179 748 3234 illis
764 3195 884 3234 cum
908 3169 1198 3248 ternpestas
1217 3186 1384 3245 esset,
1428 3186 1482 3233 et
1497 3192 1749 3234 sermone
1767 3178 2018 3232 timorem

436 3271 662 3340 ejiciens
695 3280 749 3325 et
775 3269 1224 3340 tranquillitatem
1253 3270 1306 3324 in
1334 3269 1471 3324 mari
1495 3269 1718 3334 iaciens,
1743 3268 2014 3340 duplicem

440 3363 788 3418 serenitatem
812 3369 1092 3431 operatur,
1117 3360 1357 3417 sedando
1388 3370 1495 3415 tam
1531 3360 1832 3417 animarum
1853 3376 2015 3431 quam

439 3455 608 3510 maris
653 3453 1038 3510 turbatiouem.
1071 3454 1248 3509 Porro
1298 3454 1352 3508 in
1404 3467 1598 3510 navem
1632 3468 1740 3508 non
1777 3454 2022 3509 ascendit

444 3547 764 3608 miraculum
799 3547 973 3616 majus
1003 3545 1182 3603 facere
1213 3547 1420 3602 volens.
1456 3546 1586 3603 Vide
1613 3547 1755 3602 enim
1787 3546 1889 3601 tria
1919 3548 2023 3601 mi-

440 3640 624 3694 racula
660 3657 674 3693 :
708 3655 896 3707 unum,
925 3639 1068 3710 quod
1109 3639 1399 3695 ambularit
1429 3653 1592 3710 super
1619 3653 1802 3706 mare;
1828 3654 2035 3695 secuit--

441 3733 606 3797 dum,
653 3732 795 3801 quod
850 3731 1254 3803 compescuerit
1305 3731 1538 3798 ﬂuctus;
1587 3733 1804 3788 tertium
1826 3772 1852 3797 ,.
1879 3717 2036 3801 quod.

442 3825 626 3878 statim
662 3839 852 3878 navem
892 3822 1082 3879 fecerit
1120 3837 1240 3881 esse
1277 3823 1330 3878 in
1366 3833 1510 3878 terra
1554 3823 1606 3878 in
1642 3838 1804 3894 quam
1837 3823 2022 3888 ibant,

441 3918 692 3985 quarm-is
737 3916 965 3970 multum
1000 3916 1219 3973 abesset
1244 3931 1274 3970 a
1316 3926 1461 3971 terra
1498 3930 1619 3970 cum
1651 3915 1932 3971 assisteret
1973 3917 2039 3971 ci'

445 4007 724 4062 Dominus.
779 4007 950 4077 Igitur
989 4009 1327 4064 transierunt
1393 4008 1608 4078 quidem
1657 4007 1824 4064 Judaei
1874 4021 2024 4061 mare

445 4099 710 4164 Rubrum,
766 4101 902 4152 duce
926 4098 1079 4154 blose
1100 4096 1173 4163 ‘°;
1231 4113 1419 4152 verum
1445 4097 1533 4152 ille
1554 4108 1611 4152 ut
1634 4111 1822 4153 servus
1842 4097 2026 4153 omnia

445 4189 680 4244 iaciebat
709 4202 762 4243 et
793 4189 1144 4258 precabatur;
1190 4196 1246 4241 at
1279 4188 1368 4242 lrlc
1398 4188 1544 4242 omni
1577 4203 1700 4242 cum
1733 4198 2023 4258 potestate.

448 4278 510 4333 iit
545 4279 650 4333 illic
673 4277 836 4332 tlante
858 4286 1045 4333 austro
1074 4276 1302 4344 cedebat
1330 4291 1492 4348 aqua,
1525 4285 1584 4332 ut
1609 4278 1763 4348 quasi
1792 4278 1848 4333 in
1875 4279 2026 4334 arida

445 4375 602 4428 daret
632 4371 951 4435 transitum;
999 4373 1103 4425 hoc
1139 4383 1318 4426 autem
1350 4371 1470 4427 loco
1501 4369 1674 4440 majus
1705 4371 2027 4428 miraculum

447 4467 528 4520 tit.
566 4463 787 4522 Manens
816 4463 960 4516 enim
993 4465 1047 4517 in
1079 4478 1178 4518 sua
1215 4472 1408 4518 natura
1444 4478 1615 4530 mare,
1651 4465 1706 4520 itt
1740 4464 2028 4535 superliCie

443 4573 542 4610 sua
570 4554 780 4610 ferebat
805 4555 1111 4622 Dominum,
1135 4566 1192 4610 ut
1218 4555 1532 4627 impleretur
1551 4558 1926 4629 propheticum
1943 4559 2024 4615 διε

2109 696 2220 750 τῶν
2271 697 2559 768 κοσμικῶν
2590 697 2958 766 καταφρονεῖν
2994 693 3352 764 ἀξιωμάτων.
3391 691 3698 760 ’Δναχωρεῖ

2109 788 2167 842 δὲ
2202 789 2281 853 είς
2330 789 2393 842 τὸ
2421 788 2549 861 ὅρος
2587 789 2752 852 αὐτὸς
2795 786 2978 858 μόνος,
3029 784 3234 857 μηδένα
3281 782 3392 838 τῶν
3445 783 3698 854 μαθητῶν

2112 881 2446 952 παραλαϐών
2471 897 2486 912 ο
2517 880 2592 944 ὡς
2625 880 2692 934 ἄν
2730 879 2916 932 αὐτῶν
2949 878 3042 932 τδν
3073 876 3239 931 πόθον
3269 875 3574 948 δοκιμάσῃ,
3607 874 3698 928 καὶ

2110 975 2160 1027 εί
2191 976 2267 1046 μὴ
2301 976 2533 1046 φέρουσι
2561 971 2670 1042 τὴν
2699 970 2868 1026 αὐτοῦ
2896 970 3177 1042 στέρησιν.

2188 1087 2207 1120 ι
2259 1067 2349 1132 Ὠς
2398 1068 2456 1121 δὲ
2511 1067 2640 1136 ὀψία
2690 1066 2942 1134 ἐγένετο,
2989 1062 3305 1133 κατέδησαν
3351 1064 3400 1116 ol
3449 1061 3696 1132 μαθηταὶ

2109 1158 2274 1213 αὐτοῦ
2299 1159 2379 1222 εἰς
2409 1158 2508 1228 τὴν
2535 1157 2834 1214 θάλασσαν.
2865 1157 2974 1211 Καὶ
2997 1155 3269 1226 ἐμϐάντες
3302 1155 3384 1218 είς
3406 1154 3470 1207 τὸ
3493 1155 3694 1214 πλοῖον,

2111 1255 2340 1326 ἤρχοντο
2372 1252 2546 1324 πέραν
2576 1252 2676 1322 τῆς
2720 1250 2997 1320 θαλάσσης
3037 1252 3118 1314 εἰς
3154 1247 3555 1320 Καπερναούμ.
3593 1248 3698 1300 Καὶ

2114 1347 2304 1400 σκοτία
2334 1347 2436 1417 ἤδη
2480 1344 2756 1414 ἐγεγόνει,
2791 1344 2888 1398 καὶ
2913 1346 3013 1396 οὐκ
3043 1341 3294 1412 ἐληλύθει
3327 1340 3469 1412 πρὸς
3507 1340 3698 1403 αὐτοὺς

2109 1441 2139 1494 ὀ
2188 1437 2419 1510 Ἰησοῦς.
2459 1441 2532 1492 Ἤ
2582 1454 2640 1490 τε
2673 1437 2920 1492 θάλασσα
2957 1435 3162 1504 ἀνέμου
3203 1434 3465 1497 πνέοντος
3496 1433 3700 1502 διητειο

2113 1549 2257 1603 ρετα.
2317 1531 2676 1601 Ἐληλακότες
2713 1529 2807 1583 οὖν
2847 1528 2923 1593 ὡς
2975 1528 3226 1591 σταδίους
3277 1526 3624 1580 εἰκοσιπέντε

2110 1625 2436 1695 τριάκοντα,
2483 1622 2751 1693 θεωροῦσι
2785 1621 2877 1674 τὸν
2935 1619 3146 1689 Ἰησοῦν
3175 1618 3587 1690 περιπατοῦντα
3616 1616 3702 1668 ἐπὶ

2110 1716 2211 1787 τῆς
2241 1715 2520 1786 θαλάσσης
2542 1755 2556 1779 ,
2591 1715 2686 1768 καὶ
2720 1713 2890 1782 ἐγγὺς
2912 1713 3005 1766 τοῦ
3035 1711 3220 1765 πλοίου
3259 1710 3588 1780 γενόμενον·
3615 1710 3702 1760 καὶ

2111 1809 2482 1878 ἐφοϐήθησαν.
2533 1807 2594 1860 '0
2627 1807 2684 1860 δὲ
2729 1806 2881 1873 λέγει
2920 1807 3142 1869 αὐτοῖς·
3209 1801 3356 1872 Ἐγώ
3415 1801 3576 1872 ειμι,
3631 1801 3700 1870 μὴ

2112 1901 2391 1971 φοϐεῖσθε.
2445 1899 2677 1954 Ἦθελον
2706 1894 2802 1952 οῦν
2831 1898 3018 1951 λαϐεῖν
3057 1895 3220 1952 αὑτὸν
3257 1897 3338 1958 είς
3377 1895 3443 1947 τὺ
3485 1894 3698 1954 πλοῖον,

2112 1993 2208 2047 καὶ
2235 1992 2435 2056 εύθέως
2465 1993 2526 2045 τὸ
2554 1991 2736 2043 πλοῖον
2767 1989 2986 2058 ἐγένετο
3006 1990 3097 2042 ἐπὶ
3117 1988 3216 2058 τῆς
3243 1989 3348 2057 γῆς
3375 1988 3458 2050 εἰς
3479 1987 3549 2056 ἦν
3571 1985 3703 2053 ῦπῆο

2112 2107 2232 2158 γον.
2265 2108 2283 2143 ι
2339 2089 2398 2145 Ὀ
2435 2089 2533 2160 μὲν
2565 2088 2766 2162 Κύριος
2797 2089 3004 2144 ἄνεισιν
3027 2087 3105 2148 είς
3128 2085 3191 2139 τὸ
3227 2085 3356 2156 ὅρος
3387 2083 3570 2154 μόνος,
3602 2082 3702 2144 ἵνα,

2113 2183 2299 2248 καθὼς
2338 2183 2606 2254 εἴπωμεν,
2635 2180 2908 2254 δοκιμάσῃ
2943 2180 3035 2233 τὸν
3064 2178 3226 2233 πόθον
3268 2177 3382 2232 τῶν
3416 2175 3703 2248 μαθητῶν,

2114 2278 2163 2330 εί
2193 2275 2546 2347 ἐπιζητοῦσιν
2583 2274 2765 2328 αὐτόν.
2803 2276 2868 2328 Ol
2909 2273 2996 2336 δὲ,
3023 2271 3383 2342 περιμένουσι
3419 2269 3524 2338 μὲν
3553 2268 3702 2321 αὐτὸν

2113 2368 2272 2440 ἄχρις
2312 2368 2471 2440 ὀψίας
2494 2410 2507 2431 ,
2543 2367 2954 2444 προσδοκῶντες
2983 2363 3134 2435 ἥξειν
3160 2362 3324 2420 αὐτόν
3349 2378 3365 2392 ·
3407 2359 3486 2430 μὴ
3515 2359 3700 2412 ἐλθόνο

2115 2475 2204 2520 τις
2243 2460 2296 2512 δὲ
2320 2500 2332 2524 ,
2361 2459 2460 2511 οὐκ
2493 2458 2776 2528 ἀνέχονται
2809 2498 2822 2520 ,
2852 2455 2987 2510 ἀλλά
3017 2453 3154 2524 πρὸς
3178 2453 3410 2523 ζήτησιν
3439 2451 3606 2505 αὑτοῦ
3632 2450 3703 2520 τῷ

2115 2549 2266 2620 πόθῳ
2317 2549 2711 2619 κεντούμενοι,
2772 2545 3124 2618 ἐμϐαίνουσιν
3165 2545 3248 2608 είς
3289 2545 3353 2598 τὸ
3389 2543 3594 2599 πλοῖον,
3634 2543 3698 2596 ῦὺ

2115 2643 2224 2715 γὰρ
2259 2642 2466 2710 ἁπλῶς,
2502 2643 2597 2696 καὶ
2625 2641 2700 2706 ὠς
2747 2641 2961 2710 ἔτυχεν,
2990 2639 3018 2693 ὁ
3041 2637 3435 2709 εὐαγγελιστὴς
3465 2635 3560 2688 τδν
3591 2641 3712 2688 και-’

2120 2736 2210 2807 ρδν
2244 2735 2534 2806 ἐδήλωσεν,
2567 2733 2704 2788 ἀλλὰ
2731 2732 2820 2786 διὰ
2859 2731 3052 2784 τούτου
3078 2729 3176 2801 τὴν
3206 2729 3448 2799 σιροδρὰν
3490 2728 3702 2795 ἀγάπην

2116 2829 2300 2885 αὐτῶν
2323 2828 2636 2899 ἐμφαίνων,
2669 2826 2752 2880 ὅτι
2783 2825 2905 2880 οὐδὲ
2944 2823 3156 2893 ἑσπέρα
3187 2821 3389 2884 αὐτοὺς
3420 2819 3699 2888 κατέσχεν.

2130 2917 2348 2988 Ἀφίησι
2396 2918 2451 2970 δὲ
2484 2917 2682 2980 αὐτοὺς
2714 2914 3118 2988 χειμασθῆναι,
3155 2913 3244 2967 ἴνα
3273 2915 3341 2966 ἐκ
3376 2910 3478 2964 τοῦ
3509 2909 3702 2962 κλύδωο

2118 3026 2209 3072 νος
2263 3009 2506 3079 γαλήνης
2565 3005 2964 3076 ἐπιγενομένης
2990 3044 3004 3067 ,
3057 3004 3138 3075 τῷ
3187 3000 3443 3071 γεγονότι
3516 2998 3705 3071 μᾶλλον

2120 3101 2582 3172 ὲπευιρρανθῶσι,
2633 3098 2730 3154 καὶ
2782 3096 3146 3166 ἀνεπίληστος
3182 3096 3217 3165 ἡ
3277 3095 3476 3164 μνήμη
3524 3094 3704 3144 τούτου

2120 3197 2241 3260 ταῖς
2279 3194 2460 3249 αὐτῶν
2502 3193 2753 3264 καρδίαις
2783 3190 3124 3261 ὲνσημανθῇ.
3168 3189 3498 3258 Ἐφίσταται
3528 3187 3585 3240 δὲ
3609 3187 3700 3239 αὖ·

2045 3319 2090 3379 c
2121 3291 2237 3352 τοῖς
2262 3286 2686 3358 χειμαζομένοις
2706 3327 2721 3353 ,
2754 3285 2850 3339 καὶ
2881 3284 2968 3337 διὰ
2997 3283 3090 3336 τοῦ
3118 3282 3281 3379 λόγου
3315 3279 3410 3336 τόν
3451 3296 3512 3379 τε
3551 3279 3703 3379 φέϐον

2123 3379 2413 3444 ἐκϐάλλει,
2466 3377 2561 3431 καὶ
2597 3378 2717 3447 ἅμα
2769 3375 3012 3445 γαλήνην
3051 3375 3118 3444 τῇ
3153 3370 3405 3444 θαλάσσῃ
3454 3371 3699 3438 ἐμποιεῖ·

2124 3473 2218 3527 καὶ
2243 3468 2439 3540 διπλῆν
2469 3467 2650 3522 εὐδίαν
2691 3466 2986 3538 ἐργάζεται
3013 3503 3028 3528 ,
3052 3463 3161 3518 τῶν
3202 3481 3262 3517 τε
3316 3463 3512 3535 ψυχῶν
3538 3463 3705 3517 αὐτῶν

2126 3563 2222 3618 καὶ
2248 3562 2346 3633 τῆς
2379 3561 2656 3630 θαλάσσης
2685 3557 2933 3630 πραΰνας
2975 3557 3070 3629 τὴν
3095 3558 3358 3627 ταραχήν.
3400 3556 3520 3609 Ούκ
3547 3555 3698 3626 ἀνέϐη

2123 3655 2181 3708 δὲ
2230 3654 2309 3716 εἰς
2361 3652 2424 3706 τὸ
2477 3651 2694 3714 πλοῖον,
2749 3648 2812 3703 τὸ
2857 3649 3042 3717 θαῦμα
3088 3649 3274 3718 μεῖζον
3322 3645 3701 3719 ἔργάσ[ατθ]αι

2130 3745 2474 3817 βουλόμενος.
2533 3743 2678 3813 Ὅρα
2705 3742 2832 3811 ⁸γὰρ
2882 3744 3012 3811 τρία
3056 3740 3124 3793 τά
3171 3739 3437 3810 θαύματα
3459 3753 3474 3768 ⁸
3506 3738 3601 3802 ἓν,
3631 3741 3703 3790 ὅτι

2127 3837 2452 3910 περιεπάτει
2485 3837 2576 3889 ἐπὶ
2618 3837 2718 3907 τῆς
2744 3834 3020 3903 θαλάσσης
3042 3849 3057 3864 ·
3091 3833 3381 3904 δεύτερον,
3433 3834 3517 3887 ὅτι
3557 3849 3704 3884 κατε-

2129 3929 2368 4002 στώρεσε
2419 3927 2488 3982 τὰ
2533 3926 2796 3998 κύματα·
2854 3926 3076 3995 τρίτον,
3129 3923 3188 3977 τὸ
3248 3924 3459 3986 εὐθέως
3495 3923 3703 3991 ποιῆσαι

2131 4019 2388 4089 γενέσθαι
2438 4018 2499 4070 τὸ
2547 4017 2736 4069 πλοῖον
2788 4015 2884 4068 ἐπὶ
2918 4014 3019 4083 τὴν
3055 4014 3198 4081 γῆν,
3235 4016 3315 4074 εἰς
3357 4016 3428 4084 ἣν
3469 4013 3699 4082 ὑπῆγον.

2128 4112 2306 4168 καίτοι
2354 4110 2493 4164 πολὺ
2543 4109 2739 4175 ἀπεῖχε
2785 4107 2884 4176 τῆς
2928 4106 3072 4175 γῆς,
3107 4106 3196 4158 ὅτε
3231 4106 3411 4175 τούτῳ
3455 4104 3649 4170 δπέστη
3675 4104 3704 4154 6

2130 4203 2356 4276 Κύριος.
2395 4199 2664 4271 Διέϐησαν
2711 4199 2810 4270 μὲν
2841 4196 2936 4250 οὖν
2976 4199 3069 4250 καὶ
3114 4197 3357 4250 Ἰουδαῖοι
3396 4196 3499 4268 τὴν
3559 4197 3708 4265 Ἔριδα.

2131 4295 2302 4365 θρὰν,
2349 4292 2596 4355 Μωσέως
2651 4289 2987 4360 ἡγουμένου.
3055 4289 3170 4342 ἀλλ’
3220 4290 3432 4352 ἐκεῖνος
3505 4287 3602 4356 μὲν
3635 4289 3701 4345 ὡς

2129 4384 2313 4447 δοῦλος
2364 4385 2542 4438 πάντα
2591 4381 2881 4453 εἰργάζετο
2917 4383 3012 4434 καὶ
3041 4381 3338 4451 εὐχόμενος
3362 4397 3379 4410 ·
3415 4377 3572 4444 οὗτος
3611 4379 3694 4441 δὲ,

2134 4479 2253 4550 μετ’
2281 4477 2530 4542 ἐξουσίας
2563 4475 2805 4545 ἀπάσης.
2838 4475 3018 4529 Κάκεῖ
3050 4476 3148 4546 μὶν
3177 4475 3334 4528 νότου
3362 4475 3700 4536 πνεύσαντος,

2133 4567 2241 4638 εἶξε
2281 4570 2344 4623 τὸ
2393 4568 2559 4640 ὕδωρ,
2601 4568 2744 4622 ὥστε
2783 4567 2878 4620 ἐπὶ
2926 4567 3097 4639 ξηρᾶς
3131 4569 3356 4638 ποιῆσαι
3393 4565 3701 4636 παρελθεῖν

453 4670 473 4700 ι
512 4649 613 4714 Qui
654 4650 896 4705 antibulat
929 4665 1093 4719 super
1123 4664 1271 4706 mare
1297 4659 1354 4704 ut
1381 4666 1546 4720 super
1568 4653 1958 4722 pavimentum.
1998 4673 2018 4708 ι

2133 4663 2368 4719 ἐνταῦθα
2400 4665 2479 4727 δὲ,
2531 4663 2716 4733 μεῖζον
2747 4663 2809 4716 τὸ
2840 4663 3028 4733 θαῦμα
3055 4661 3291 4730 ἐγένετο.
3321 4659 3574 4713 Μένουσα
3607 4658 3700 4724 γὰρ

445 4739 599 4797 Multi
639 4750 817 4796 autem
847 4752 900 4801 et
947 4757 1090 4797 nunc
1124 4757 1313 4800 sumus
1355 4743 1409 4798 in
1451 4743 1826 4812 spiritualibus
1869 4755 2023 4801 tene-

446 4835 560 4889 bris
582 4871 598 4898 ,
627 4842 682 4888 et
713 4833 1086 4903 periclitamur
1121 4835 1175 4889 in
1223 4834 1495 4906 spirituali
1549 4836 1685 4892 mari
1715 4838 1987 4908 submergi
2005 4853 2023 4903 ;

445 4931 542 4983 sed
583 4927 915 4996 excipiamus
959 4927 1234 4984 Christum
1259 4966 1276 4995 ,
1330 4937 1385 4985 et
1425 4931 1649 4986 omnino
1697 4944 1728 4985 a
1769 4930 2028 5002 periculis

446 5022 797 5076 salvabintur.
864 5019 928 5073 Et
977 5020 1225 5089 quamvis
1281 5036 1423 5092 saepe
1479 5021 1741 5078 tumultus
1789 5025 2028 5080 excitent

449 5113 606 5168 nobis
622 5112 866 5182 quidam,
890 5112 971 5166 vel
995 5112 1215 5180 diaboli,
1239 5112 1320 5168 vel
1341 5113 1586 5170 homines
1605 5121 1874 5169 tentantes
1901 5129 2024 5179 nos,

447 5217 513 5264 et,
560 5223 655 5274 per
703 5215 943 5264 terrores
999 5208 1284 5263 molientes
1345 5207 1512 5279 586
1560 5221 1658 5264 nos
1699 5219 2026 5274 concutere,

447 5300 732 5366 audiamus
763 5310 941 5356 tamen
971 5300 1249 5368 Christum
1267 5301 1631 5358 clamantem:
1669 5318 1690 5354 ι
1724 5299 1805 5356 Ne
1833 5303 2027 5358 timea-

451 5395 550 5458 tis,
577 5407 848 5463 ego-sum.
890 5411 910 5444 ι
943 5392 1097 5460 Quod
1125 5404 1308 5448 autem
1341 5392 1493 5457 dicit,
1525 5391 1680 5456 hunc
1709 5392 1872 5448 habet
1902 5408 2028 5450 sen-

446 5500 568 5552 t;qu
601 5503 616 5538 :
652 5485 939 5540 Terribilia
973 5485 1190 5555 quidem
1217 5495 1564 5558 praetereunt,
1591 5487 1712 5544 ideo
1743 5503 1810 5544 ne
1832 5488 2022 5544 timea-

448 5577 520 5633 tis
556 5592 622 5632 ea
649 5592 770 5646 quae
811 5585 1143 5644 praetereunt
1187 5593 1202 5632 :
1237 5574 1352 5646 Ego
1378 5584 1560 5644 autem
1593 5593 1734 5646 sum,
1791 5579 1895 5635 hoc
1943 5588 2026 5635 est

449 5676 669 5741 semper
721 5683 978 5740 manens,
1031 5677 1088 5724 et
1125 5669 1266 5726 sicut
1303 5669 1446 5726 Deus
1490 5685 1594 5743 ego
1642 5687 1762 5728 sum
1806 5672 1896 5729 ille
1934 5673 2025 5743 qui

447 5774 550 5822 est.
586 5765 773 5833 Itaque
805 5760 935 5832 quia
967 5760 1232 5819 terribilia
1261 5762 1480 5833 quidem
1511 5765 1839 5837 temporaria
1877 5775 2028 5834 sunt,

517 5941 566 5974 δ’
599 5940 774 5997 Exod.
815 5957 926 6010 11v,
949 5943 1037 6001 9.9.
1117 5944 1158 5976 ⁶¹
1188 5942 1334 6002 Psal.
1364 5958 1491 6012 ειν,
1531 5947 1588 6001 6.

2131 4758 2226 4811 ἐπὶ
2273 4757 2375 4826 τῆς
2425 4757 2634 4820 οίκείας
2675 4757 2892 4827 φύσεως
2933 4759 2967 4828 η
3013 4755 3300 4820 θάλασσα,
3335 4751 3513 4816 οὕτως
3543 4754 3698 4822 eius:

2133 4851 2223 4906 τὸν
2251 4849 2532 4922 Δεσπότην
2561 4848 2655 4904 ἐπὶ
2690 4850 2801 4905 τῶν
2828 4849 3018 4913 νώτων
3038 4891 3054 4917 ,
3087 4849 3173 4903 ῖνα
3206 4847 3470 4919 πληρωθῇ
3494 4847 3554 4900 τὸ
3583 4861 3700 4916 προ-

2133 4943 2360 5014 φητικόν
2381 4957 2395 4972 ·
2435 4961 2453 4993 ι
2488 4944 2543 4996 ’0
2569 4944 2888 5014 περιπατῶν
2925 4943 3019 4995 ἐπὶ
3047 4940 3326 5011 θαλάσσης
3352 4941 3430 5004 ὡς
3459 4941 3554 4993 ἐπὶ
3591 4939 3697 4993 ἐδά-

2134 5053 2288 5107 φους.
2333 5055 2353 5088 t
2390 5033 2582 5088 Πολλοὶ
2621 5037 2720 5089 καὶ
2753 5033 3054 5106 νῦν-ἐσμεν
3095 5035 3153 5086 ὲν
3183 5034 3365 5103 σκότῳ
3398 5031 3476 5103 τῷ
3507 5029 3695 5101 νοητῷ.

2134 5129 2229 5181 καὶ
2262 5127 2646 5197 κινδυνεύομεν
2684 5129 2742 5186 ὲν
2776 5130 2842 5197 τῇ
2875 5125 3123 5196 θαλάσσῃ
3152 5127 3220 5195 τῇ
3248 5126 3416 5195 νοητῇ
3451 5122 3698 5177 καταπνί-

2131 5217 2325 5286 γεσθαι
2351 5233 2364 5246 ο
2415 5217 2531 5271 ἀλλ’
2582 5215 2974 5286 ὑποδεξώμεθα
3020 5215 3293 5287 Χριστὸν.
3321 5279 3324 5284 ι
3357 5213 3457 5284 καὶ
3503 5213 3697 5280 πάντως

2133 5307 2511 5378 σωθησόμεθα
2545 5308 2657 5362 ἀπὸ
2689 5307 2800 5378 τῶν
2829 5307 3094 5364 κινδύνων
3115 5323 3129 5337 '
3173 5307 3279 5362 adv
3324 5305 3583 5367 πολλάκις
3609 5303 3694 5370 φό-

2131 5403 2259 5465 ϐους
2288 5401 2662 5470 ἑπεισάγωσιν
2701 5403 2836 5474 ἡμῖν
2874 5417 3056 5468 τινες,
3101 5401 3458 5473 πειράζοντες
3500 5395 3696 5468 ἡμῖὶςῆ

2129 5494 2384 5565 δαίμονες
2407 5535 2422 5562 .
2450 5485 2788 5567 ἢὶίνθρωποι
2809 5536 2825 5563 ,
2860 5495 2957 5549 καὶ
2978 5495 3067 5549 διὰ
3098 5478 3190 5549 τὸν
3221 5493 3390 5562 φόϐον
3415 5491 3696 5562 πειρῶνται

2133 5589 2282 5658 ἡμᾶς
2308 5588 2654 5655 κατασείειν,
2682 5589 3008 5660 ἀκούσωμεν
3033 5587 3129 5642 τοῦ
3163 5587 3405 5660 Χριστοῦ
3436 5585 3656 5656 βοῶντος
3677 5595 3692 5611 ⁸

2143 5699 2162 5732 ι
2203 5679 2296 5753 Μὴ
2337 5678 2626 5750 φοϐεῖσθε,
2657 5680 2772 5752 ἐγώ
2801 5682 2943 5752 σίμι.
2997 5699 3018 5733 ι
3058 5681 3124 5735 '0
3155 5678 3212 5734 δὲ
3253 5679 3440 5746 λέγει,
3476 5674 3698 5732 τοιοῦτόν

2137 5772 2288 5826 ἐστι’
2327 5771 2410 5828 Τὰ
2446 5773 2548 5845 μιν
2576 5771 2785 5847 νοσερὰ
2811 5771 3204 5846 παρέρχονται,
3249 5770 3334 5838 διδ
3363 5771 3441 5844 μὴ
3463 5763 3695 5843 νοεῖ*

2342 6088 2346 6091 .
2377 6081 2751 6103 -υ-α--συ--ο-κψ,
2777 6093 2806 6100 ,-
2838 6083 2954 6100 φλ...
3011 6076 3104 6096 θήρ*
3183 6075 3205 6091 Δ
3243 6087 3286 6092 .-
3354 6076 3420 6095 ,4
3497 6080 3632 6092 ,ηιμ
