3960 6454
289 467 426 539 1293

987 464 1438 535 ENARRATIO
1478 469 1561 531 ΙΝ
1599 459 2104 531 EVANGELIUM
2141 452 2483 519 JOANNIS.
2509 478 2577 493 ·-·
2613 453 2774 518 CAP.
2799 448 2901 515 VI.

3422 448 3565 518 129i.

281 589 350 643 τὰ
409 578 821 657 παρερχόμενα.
883 582 1032 651 ἐγω
1088 581 1145 635 δέ
1202 581 1360 651 ειμι,
1425 580 1739 643 τουτέστιν,
1789 574 1879 629 ἀεὶ

1997 578 2039 626 ει
2063 583 2169 623 non
2195 581 2325 624 vere
2358 576 2506 633 sunt,
2549 580 2648 637 ego
2686 576 2866 621 autem
2915 579 3055 631 sum,
3092 563 3196 621 hoc
3233 574 3319 621 est
3348 581 3567 633 maneo,

286 684 455 754 μένω,
488 678 586 733 καὶ
614 678 691 741 ώς
717 675 994 745 Θεδςοὲγὼ
1023 675 1280 747 τυγχάνω
1318 676 1346 728 6
1374 672 1469 729 ὢν.
1516 674 1670 726 Ἐπεὶ
1692 670 1872 725 τοίνυν

282 774 353 827 τά
380 774 493 844 ,μὲν
540 769 750 842 φοϐερά
779 767 1128 840 πρόσκαιρα,
1175 769 1271 821 καὶ
1309 768 1409 820 οὐκ
1459 764 1677 836 ἀληθῶς
1706 764 1869 829 ὄντα,

284 864 399 934 ἑχὼ
429 863 486 915 δέ
516 863 662 930 εἰμι,
705 859 827 913 ἀντὶ
859 856 954 911 τοῦ
975 898 990 921 ,
1024 856 1173 927 μένω
1193 893 1208 921 ,
1238 856 1334 909 καὶ
1360 854 1617 908 οὐδέποτε
1660 850 1873 921 παρέρ-

284 973 488 1026 χομαι,
521 953 636 1010 ἀλλ’
667 950 886 1022 ἀληθῶς
926 953 1082 1020 είμι,
1120 950 1195 1021 μὴ
1235 948 1481 1019 προδῶτε
1510 947 1610 1017 τὴν
1649 945 1731 1007 είς
1772 942 1871 1013 έμὶ

285 1038 472 1101 πίστιν
501 1044 589 1100 διὰ
618 1044 687 1097 τά
721 1044 1057 1115 πρόσκαιρα.
1092 1040 1236 1112 Ὅρα
1266 1039 1323 1093 δέ
1361 1056 1451 1109 μοι
1476 1078 1492 1103 ,
1533 1036 1652 1100 πῶς
1680 1036 1779 1089 οὑκ
1817 1036 1874 1088 ὲν

286 1139 433 1209 ἀρχῇ
460 1136 556 1189 τοῦ
578 1134 861 1199 κινδύνου,
894 1132 1096 1188 ante:
1126 1133 1278 1203 ἀκμῇ
1306 1130 1653 1200 ἐπιφαίνεται
1683 1130 1712 1181 6
1740 1128 1875 1196 Χρι-

289 1231 455 1293 στὸς,
486 1227 582 1283 καὶ
614 1227 745 1280 λύει.
767 1227 857 1280 τὸν
905 1226 1091 1295 φόϐον.
1130 1225 1227 1294 Ἐᾷ
1249 1224 1355 1295 γάρ
1388 1224 1534 1293 ἡμᾶς
1580 1226 1639 1275 ὲν
1690 1220 1878 1291 μέσοις

284 1321 703 1389 γεειέσθαιντοῖς
736 1320 931 1382 δεινοῖς
953 1358 969 1381 ,
1020 1318 1109 1371 ἵνα
1158 1317 1526 1378 παλαίσαντες
1560 1317 1624 1385 τῇ
1658 1313 1835 1382 θλίψει
1858 1353 1873 1378 ,

284 1416 380 1469 καὶ
416 1414 794 1484 missurus,
850 1410 1213 1481 δοκιμώτεροι
1256 1408 1588 1480 γενώμεθα·
1640 1407 1737 1461 καὶ
1789 1408 1875 1460 ἵνα

282 1508 612 1577 κινήσαντες
640 1507 822 1559 πᾶσαν
846 1505 946 1575 τὴν
971 1503 1251 1574 ἡμετέραν
1273 1501 1507 1571 δύναμιν
1530 1501 1625 1553 καὶ
1656 1500 1872 1569 σοφίαν,

284 1602 381 1653 καὶ
413 1599 670 1671 εὑρόντες
708 1597 882 1668 αὐτὴν
912 1595 1142 1666 ἀσθενῆ,
1176 1595 1313 1665 πρὸς
1360 1595 1571 1648 ἐκεῖνον
1600 1594 1878 1661 καταφεύ-

283 1708 476 1762 γωμεν
511 1691 696 1761 μόνον,
729 1691 823 1743 τὸν
856 1688 922 1755 ἐξ
952 1688 1380 1760 ἀπροσδοκήτων
1418 1686 1613 1751 σώζειν
1641 1685 1878 1754 δυνάμε-

284 1803 399 1839 νον.
441 1784 574 1837 Ὅτε
615 1783 726 1854 γὰρ
764 1785 791 1836 6
828 1782 1170 1852 ἀνθρώπινος
1206 1781 1472 1851 ᾁποκάμῃ
1510 1778 1657 1844 νοῦς,
1686 1779 1809 1832 τότε
1844 1779 1879 1849 ὴ

284 1884 353 1935 ὲκ
378 1880 519 1935 Θεοῦ
548 1878 798 1951 σωτηρία
820 1878 1013 1950 ἁθρόον
1042 1878 1433 1948 ἐπιγενομένη,
1462 1875 1879 1947 παρασκευάζει

1976 670 2031 718 et
2082 673 2359 729 nunquam
2409 667 2713 728 praetereo,
2747 666 2800 713 et
2852 670 2980 711 vere
3020 670 3176 722 sum,
3226 670 3303 710 ne
3326 656 3567 725 prodatis

1974 763 2215 809 vestram
2257 752 2311 807 in
2359 767 2445 806 me
2478 750 2635 805 ﬁdem
2667 761 2888 821 propter
2919 749 3264 820 temporalia.
3294 748 3427 803 ‘v'ide
3468 765 3568 802 au-

1976 859 2107 906 tem.
2152 845 2399 909 obsecro,
2432 844 2704 914 quomodo
2748 859 2854 897 non
2885 844 3074 897 statim
3119 841 3187 896 ab
3228 842 3384 897 initio
3419 842 3567 911 peric

1976 938 2119 1002 culi,
2160 938 2254 991 sed
2290 935 2342 989 in
2376 935 2589 990 fervore
2628 943 2853 1003 apparet
2882 931 3134 988 Christus
3168 940 3223 987 et
3263 934 3428 987 solvit
3461 947 3572 987 me-

1978 1040 2112 1084 tum.
2166 1028 2309 1084 Sinit
2351 1028 2496 1083 enim
2537 1041 2637 1082 nos
2670 1028 2722 1080 in
2778 1026 2969 1080 mediis
3011 1022 3458 1095 esse'periculis,
3508 1034 3568 1080 ut

1979 1138 2101 1179 cum
2146 1120 2546 1178 certaverimus
2591 1118 2646 1173 in
2691 1116 3037 1173 tribulatione
3084 1127 3139 1171 et
3185 1118 3365 1188 pressi
3401 1114 3568 1171 iueri-

1978 1229 2132 1279 mus,
2188 1212 2530 1283 probatiores
2590 1209 2814 1273 ﬁamus,
2860 1217 2916 1262 et
2955 1215 3013 1261 ιιι
3059 1222 3181 1263 cum
3232 1208 3568 1263 moverimus

1978 1320 2192 1361 onmem
2239 1314 2481 1359 nostram
2513 1302 2769 1357 virtutem
2804 1311 2858 1355 et
2888 1301 3213 1371 sapientiam
3234 1342 3248 1364 ,
3292 1302 3564 1357 invenerio

1981 1414 2211 1468 musque
2242 1411 2361 1452 eam
2398 1395 2709 1460 inﬁrmam,
2758 1395 2825 1450 ad
2862 1394 3012 1449 illum
3057 1393 3437 1463 confugiamus
3486 1408 3572 1448 so-

1981 1493 2115 1557 lum,
2148 1493 2239 1563 qui
2266 1506 2332 1546 ex
2372 1489 2759 1559 inexspectatis
2780 1488 2993 1543 salvare
3025 1487 3247 1558 poterit.
3280 1484 3414 1540 Nam
3446 1500 3570 1540 cum

1982 1587 2220 1641 humana
2254 1600 2406 1639 mens
2443 1582 2669 1653 fatigata
2699 1580 2884 1645 fuerit,
2910 1590 3041 1635 tunc
3076 1580 3261 1634 divina
3302 1578 3449 1633 salus
3485 1592 3573 1631 re-

1983 1690 2143 1749 pente
2190 1678 2472 1742 subvenit,
2516 1692 2581 1732 ac
2632 1682 2787 1746 parat
2840 1689 2940 1730 nos
2990 1683 3048 1729 ut
3082 1673 3148 1728 ad
3192 1674 3342 1728 illum
3393 1672 3568 1726 solum

1984 1771 2291 1841 fngiamus,
2349 1771 2445 1842 qui
2499 1769 2708 1827 salvare
2749 1778 2964 1837 potest,
3018 1778 3073 1824 et
3117 1783 3226 1823 non
3276 1767 3573 1837 nobisipsis

1984 1865 2319 1921 ascribamus
2367 1866 2620 1920 salutem.
2675 1864 2734 1918 Si
2771 1864 3102 1918 voluerimus
3147 1871 3331 1916 autem
3379 1872 3435 1916 et
3472 1875 3574 1915 nos

285 1974 438 2043 ἡμᾶς
469 1973 605 2044 πρὸς
635 1945 844 2026 διιεῖνον
875 1945 1338 2040 πέτασθαιῖμόν-ον
1369 1945 1460 2023 τὺν
1492 1945 1758 2032 σώζοντα,
1785 1968 1880 2021 καὶ

1997 1964 2040 2014 in
2088 1961 2267 2013 navim
2324 1968 2567 2015 nostram
2621 1959 2902 2028 suscipere
2943 1956 3253 2021 Christum,
3304 1958 3407 2011 hoc
3477 1964 3568 2011 est

290 2066 368 2135 μὴ
399 2065 614 2127 ἑαυτοῖς
635 2065 735 2136 τὴν
766 2064 1041 2135 σωτηρίαν
1074 2061 1507 2132 ἐπιγράφεσθαι.
1547 2061 1611 2113 Εἰ
1639 2059 1882 2130 θελήσω-

290 2174 395 2227 μεν
426 2157 484 2211 δὲ
525 2156 621 2210 καὶ
659 2157 738 2220 είς
767 2156 830 2211 τὸ
860 2156 1046 2213 πλοῖον
1072 2155 1230 2226 ἡμῶν
1261 2153 1449 2208 λαϐεῖν
1493 2153 1585 2208 τὸν
1611 2152 1879 2224 Χριστὸν,

287 2251 579 2309 τουτέστι,
639 2250 959 2304 κατοικίσαι
1006 2248 1100 2303 τὸν
1156 2247 1393 2320 Χριστὸν
1455 2250 1517 2301 ὲν
1566 2250 1634 2318 τῇ
1682 2246 1882 2317 καρδίᾳ

288 2341 473 2412 ἡμῶν,
507 2341 669 2403 εὐθὺς
701 2338 1118 2410 εὑρεθησόμεθα
1147 2340 1207 2393 ὲν
1230 2342 1298 2412 τῇ
1337 2341 1432 2409 γῇ,
1458 2341 1535 2400 είς
1576 2340 1645 2408 ἣν
1673 2338 1885 2404 ἀπαγό-

295 2431 463 2501 μεθα.
500 2430 637 2483 Ποία
675 2429 794 2499 δὲή
838 2429 910 2498 γῆ
950 2430 1100 2480 ἐστιν
1131 2427 1311 2499 ab“);
1356 2423 1435 2480 Ἦ
1481 2428 1695 2489 πάντως
1734 2428 1768 2495 ἠ
1813 2426 1884 2497 γῆ

289 2526 394 2595 τῆς
426 2521 785 2591 ἐπαγγελίας,
812 2522 841 2574 6
871 2520 1124 2591 οὐρανὸς,
1155 2521 1190 2590 η
1234 2518 1307 2590 γῆ
1349 2517 1465 2574 τῶν
1508 2517 1751 2588 πραέων,
1790 2517 1885 2572 καὶ

292 2619 405 2672 ἀπὸ
432 2616 611 2687 πάσης
638 2614 834 2677 κακίας
862 2612 1314 2686 είρηνευσάντων.

376 2730 397 2763 ι
436 2711 516 2782 Τῇ
547 2708 811 2782 ἐπαύριον
850 2709 879 2761 ὁ
915 2707 1070 2778 ὄχλος
1100 2708 1127 2761 6
1169 2703 1421 2777 έστηκὼς
1456 2707 1635 2777 πέραν
1660 2706 1762 2780 τῆς
1792 2706 1887 2761 03-

296 2804 529 2873 λάσσης,
564 2802 722 2866 εἰδὼς
750 2802 835 2855 ὅτι
860 2800 1142 2870 πλοιάριον
1178 2799 1307 2854 ἄλλο
1331 2800 1433 2853 οὑκ
1459 2794 1528 2871 ἦν
1566 2801 1702 2866 ἐκεῖ,
1734 2802 1783 2857 εί
1812 2802 1888 2873 μὴ

299 2895 362 2950 ἓν
396 2897 575 2948 ὲκεῖνο
613 2894 694 2957 είς
723 2894 752 2946 ὃ
777 2892 1056 2963 ἀνέϐησαν
1091 2892 1141 2946 oi
1177 2892 1418 2963 μαθηταὶ
1450 2891 1639 2957 αὑτοῦ,
1680 2892 1775 2946 καὶ
1806 2894 1891 2949 ὅτι

298 2988 362 3041 οὑ
404 2984 722 3056 συνεισῆλθε
751 2987 865 3050 τοῖς
894 2986 1167 3056 μαθηταῖς
1205 2983 1371 3038 αὑτοῦ
1411 2986 1439 3038 6
1483 2983 1689 3055 Ἰησοῦς
1718 2986 1797 3048 είς
1827 2984 1889 3039 τὸ

299 3080 606 3151 πλοιάριον,
654 3079 791 3133 ἀλλὰ
840 3078 995 3149 μόνοι
1037 3079 1085 3131 οί
1131 3078 1372 3149 μαθηταὶ
1405 3077 1575 3131 αὑτοῦ
1622 3077 1889 3149 ἀπῆλθον.

296 3174 438 3231 ἄλλα
486 3173 544 3227 δὲ
583 3167 713 3244 ἦλθε
759 3169 1012 3241 πλοιάρια
1060 3172 1124 3224 ὲκ
1173 3169 1278 3241 τῆς
1332 3169 1655 3242 Τιϐεριάδος
1721 3170 1890 3239 ἐγγὺς

1984 2051 2372 2105 habitationem
2421 2051 2551 2106 dare
2588 2050 2805 2105 Christo
2844 2050 2900 2104 in
2931 2050 3099 2105 corde
3139 2057 3346 2115 nostro,
3381 2046 3571 2103 statim

1988 2143 2328 2199 inveniemur
2371 2143 2425 2197 in
2457 2153 2602 2197 terra
2652 2144 2707 2200 in
2741 2157 2903 2213 quam
2943 2142 3174 2196 abimus.
3218 2142 3352 2206 Quae
3381 2150 3565 2195 autem

1989 2248 2132 2291 terra
2170 2237 2316 2292 ista?
2341 2234 2575 2291 Omnino
2604 2245 2748 2291 terra
2781 2236 3175 2304 promissionis,
3207 2237 3428 2301 ccelum,
3452 2249 3573 2303 qua:

1987 2339 2069 2382 est
2098 2339 2239 2382 terra
2277 2329 2509 2397 mitiutn,
2553 2338 2608 2385 et
2638 2342 2825 2385 eorum
2870 2330 2960 2398 qui
3010 2330 3224 2385 liberati
3263 2344 3293 2384 a
3326 2329 3568 2397 malitia,

1988 2420 2041 2476 in
2072 2434 2207 2491 pace
2236 2419 2444 2475 vivunt.

2066 2700 2229 2758 \‘stts.
2284 2700 2503 2758 ειεξι-
2539 2719 2559 2755 ι
2615 2701 2837 2758 Postero
2870 2702 2991 2768 die,
3041 2700 3195 2758 turba
3235 2718 3358 2774 qua:
3395 2703 3578 2759 stabat

1993 2807 2145 2851 trans
2178 2811 2362 2861 mare,
2400 2796 2535 2851 vidit
2578 2796 2721 2865 quod
2769 2794 3015 2850 navicula
3049 2795 3152 2850 alia
3185 2812 3290 2850 non
3326 2804 3474 2852 esset
3503 2797 3577 2852 ibi

1992 2890 2095 2946 nisi
2121 2905 2228 2945 una
2254 2889 2342 2944 illa
2376 2889 2427 2944 in
2454 2903 2618 2960 quam
2649 2889 2879 2959 ingressi
2908 2889 3123 2945 fuerant
3151 2889 3403 2959 discipuli
3435 2890 3577 2960 ejus,

1992 2988 2048 3039 ει
2077 2983 2217 3052 quod
2254 2997 2361 3036 non
2396 2982 2673 3038 introisset
2699 2979 2858 3037 Jesus
2901 2997 3022 3037 cum
3055 2980 3335 3053 discipulis
3365 2983 3480 3038 suis
3522 2984 3577 3037 in

1995 3078 2296 3133 naviculam
2321 3116 2337 3143 ,
2388 3077 2483 3132 sed
2522 3076 2622 3132 soli
2662 3076 2911 3144 discipuli
2962 3076 3082 3148 ejus
3122 3078 3404 3135 abiissent.
3442 3078 3578 3135 Alite

1994 3186 2123 3228 vero
2181 3177 2614 3243 supervenerunt
2669 3170 2936 3227 naviculre
2992 3187 3021 3226 a
3088 3171 3376 3228 'I‘iberiade
3426 3174 3582 3243 juxta

299 3266 623 3331 midst-ou,
655 3266 789 3318 ὅπου
823 3263 1026 3334 ἔφαγον
1052 3263 1143 3317 τὸν
1166 3261 1354 3334 ἄρτον,
1389 3261 1890 3335 εὐχαριστήσαντος

1997 3264 2172 3321 locum
2220 3263 2311 3319 ubi
2350 3264 2700 3318 cotnederant
2742 3278 2973 3335 panem,
3028 3273 3315 3334 postquam
3375 3266 3581 3334 gratias

301 3360 398 3415 τοῦ
440 3359 668 3431 Κυρίου.
693 3358 783 3413 ὅτε
851 3357 946 3412 οὖν
978 3352 1119 3412 εἶδεν
1169 3359 1198 3412 ό
1226 3357 1406 3429 ὄχλος,
1438 3359 1522 3413 ὃτι
1557 3358 1765 3429 Ἰησοῦς
1793 3359 1891 3413 οὑκ

1999 3359 2200 3430 egisset
2249 3357 2530 3415 Dominus.
2585 3357 2718 3412 Cum
2771 3357 3179 3428 ergO‘vidisset
3233 3357 3385 3412 turba
3438 3361 3583 3428 quod

305 3453 457 3507 ἔστιν
496 3454 633 3519 ἐκεῖ,
682 3452 803 3505 οὑδὲ
852 3451 903 3505 oi
950 3450 1194 3523 μαθηταὶ
1239 3450 1431 3519 αὑτοῦ,
1481 3450 1757 3523 ἀνέδησαν
1801 3451 1897 3508 καὶ

304 3547 467 3600 αὐτοὶ
505 3548 585 3609 είς
614 3546 684 3601 τά
727 3542 988 3612 πλοιάρια
1032 3544 1127 3598 καὶ
1156 3539 1322 3616 ἦλθον
1352 3547 1431 3608 εἰς
1478 3546 1855 3617 Καπερναοὺμ
1878 3585 1895 3613 ,

307 3637 605 3709 ζητοῦντες
659 3636 752 3690 τὸν
804 3634 1033 3708 Ἰησοῦν.
1074 3636 1187 3690 Καὶ
1232 3636 1485 3708 εὑρόντες
1527 3638 1692 3692 αὑτὸν
1721 3639 1897 3709 πέραν

305 3731 411 3801 τῆς
445 3730 744 3801 θαλάσσης,
777 3724 932 3783 εἷπον
967 3728 1118 3798 αὑτῷ
1141 3744 1155 3759 ⁶
1202 3728 1425 3783 Ῥαϐϐεί
1446 3771 1461 3797 ,
1493 3730 1625 3783 πότε
1655 3723 1757 3785 ὧδε
1786 3748 1897 3786 πα-

310 3825 648 3895 ραγέγοναςς
700 3820 999 3893 Ἀπεκρίθη
1031 3821 1212 3884 αὐτοῖς
1237 3822 1266 3874 6
1305 3820 1516 3893 Ἰησοῦς
1537 3862 1553 3887 ,
1583 3825 1681 3877 καὶ
1708 3819 1893 3876 εἶπεν·

322 3916 522 3987 Ἀμὴν,
553 3915 700 3986 ἀμὴν
724 3915 867 3982 λέγω
900 3916 1053 3984 ὑμῖν,
1096 3914 1313 3985 ζητεῖτέ
1350 3932 1441 3986 με,
1474 3915 1575 3986 οὑχ
1601 3915 1683 3970 ὃτι
1728 3916 1897 3970 εἴδετε

311 4009 539 4078 σημεῖα,
580 4005 696 4059 ἀλλ’
738 4005 821 4058 ὄτι
852 4006 1087 4075 ἐφάγετε
1116 4005 1181 4058 ὲκ
1224 4004 1335 4057 τῶν
1371 4006 1575 4077 ἄρτων,
1606 4006 1701 4061 καὶ
1741 4008 1900 4077 ἐχορ-

310 4098 572 4169 τάσθητε.
621 4117 640 4150 ι
679 4096 932 4163 Πεζεύων
967 4098 1066 4169 μὲν
1111 4101 1140 4153 6
1182 4097 1389 4171 Ἰησοῦς
1436 4098 1531 4152 ἐπὶ
1557 4097 1660 4167 τῆς
1694 4097 1899 4151 θαλάσ-

316 4210 438 4263 σης,
471 4190 714 4262 ἀπῆλθεν
745 4191 826 4254 είς
856 4190 919 4243 τὸ
954 4191 1152 4261 πέραν.
1188 4192 1252 4244 Oi
1277 4189 1335 4244 δὲ
1363 4189 1511 4261 ὄχλοι
1536 4193 1603 4260 τῇ
1635 4188 1901 4261 ἐπαύριον

316 4283 611 4355 ζητοῦντες
664 4282 851 4348 αὑτὸν,
901 4284 997 4337 καὶ
1041 4283 1274 4349 ίδόντες,
1324 4283 1408 4336 ὅτι
1436 4282 1617 4336 πλοῖον
1642 4282 1701 4336 ἓν
1735 4278 1804 4353 ἦν
1840 4281 1902 4336 τὸ

314 4379 443 4440 τοὺς
473 4376 723 4446 μαθητὰς
752 4375 1175 4446 ὑποδεξάμενον,
1211 4378 1291 4438 εἰς
1318 4375 1347 4428 ὃ
1391 4376 1453 4428 οὐ
1488 4376 1840 4445 συνεισῆλθεν
1872 4376 1903 4431 ό

327 4466 559 4539 Ἰησοῦς,
602 4469 682 4531 είς
721 4468 931 4521 ἔννοιαν
974 4463 1140 4538 ἦλθον
1178 4467 1270 4521 τοῦ
1304 4468 1603 4539 θαύματος,
1632 4472 1726 4521 καὶ
1771 4470 1901 4523 ὑπε-

316 4565 492 4629 νόουν,
529 4563 611 4615 ὃτι
637 4560 736 4632 τὴν
764 4560 1040 4616 θάλασσαν
1072 4561 1341 4626 πεζεύων,
1368 4562 1703 4631 παρεγένετο
1733 4565 1811 4625 είς
1843 4563 1901 4615 τὸ

1996 3451 2155 3507 Jesus
2198 3465 2304 3507 non
2349 3460 2493 3507 esset
2544 3450 2644 3515 ibi,
2676 3456 2869 3520 'neque
2911 3448 3164 3520 discipuli
3208 3449 3348 3519 ejus,
3385 3463 3584 3504 ascen-

1999 3545 2197 3600 derunt
2226 3553 2279 3598 et
2308 3543 2439 3613 ipsa:
2470 3544 2524 3599 in
2554 3542 2832 3597 naviculas
2856 3551 2909 3597 et
2936 3552 3199 3597 venerunt
3220 3543 3584 3611 Capernaum,‘

1999 3646 2305 3707 quaerentes
2337 3636 2540 3693 Jesum.
2588 3636 2653 3692 Et
2704 3648 2827 3690 cum
2884 3636 3219 3691 invenissent
3264 3652 3386 3691 eum
3414 3648 3586 3692 trans

2002 3744 2171 3794 mare,
2194 3730 2449 3785 dixerunt
2474 3732 2520 3783 ei
2549 3748 2564 3785 :
2597 3726 2793 3793 Rabbi,
2825 3727 3040 3796 quando
3073 3730 3177 3783 huc
3203 3730 3400 3785 venisti
3424 3730 3447 3784 ?
3476 3729 3585 3787 Ite-

2002 3825 2219 3893 spondit
2253 3828 2335 3880 eis
2354 3823 2511 3878 .lcsns
2532 3836 2586 3879 et
2612 3824 2785 3880 dixit:
2822 3825 3017 3887 Amen,
3048 3830 3207 3880 amen
3245 3826 3366 3882 dido
3409 3826 3585 3891 vobis,

2002 3916 2250 3985 qna-ritis
2299 3931 2423 3984 me,
2466 3931 2573 3970 non
2633 3917 2781 3988 quia'
2814 3916 3029 3972 vidistis
3080 3918 3264 3988 signa,
3319 3920 3413 3973 sed
3458 3922 3585 3989 quia

2004 4008 2316 4063 comedistis
2364 4011 2431 4064 de
2490 4010 2756 4079 panibus,
2798 4019 2864 4065 -et
2923 4012 3152 4067 saturati
3205 4012 3362 4067 estis.
3417 4031 3437 4067 ι
3497 4006 3590 4071 184

2004 4116 2096 4156 sus
2140 4102 2356 4171 quidem
2406 4103 2642 4173 pedestri
2691 4103 2889 4158 itinere
2937 4118 3098 4175 super
3144 4121 3293 4161 mare
3344 4094 3496 4163 abiit"
3530 4109 3587 4164 in

2005 4196 2313 4262 rvgionein,
2368 4210 2487 4266 qnzn
2542 4206 2691 4249 trans
2750 4210 2922 4251 mare.
2976 4197 3173 4252 Turbae
3221 4208 3441 4264 autem,
3497 4203 3586 4256 die

2006 4294 2256 4354 p0stero,
2334 4298 2455 4339 cum
2513 4286 2895 4355 qliaesivissent
2959 4283 3147 4354 illum,
3208 4297 3257 4343 et
3322 4292 3587 4347 vidissent

2004 4378 2145 4449 quod
2179 4393 2281 4432 una
2314 4388 2520 4433 tantum
2556 4379 2710 4435 navis
2742 4380 3045 4447 adfuisset,
3083 4382 3323 4452 inquam
3357 4384 3588 4455 ingressi

2004 4468 2220 4523 fuerant
2273 4468 2562 4538 discipuli,
2626 4480 2679 4525 et
2732 4484 2839 4525 non
2903 4469 3062 4528 Jesus
3113 4472 3260 4543 ipse,
3316 4477 3590 4545 cogitave-

2005 4570 2133 4615 runt
2188 4560 2326 4629 apud
2379 4576 2439 4615 se
2495 4560 2599 4615 hoc
2645 4562 3007 4629 miraculum,
3059 4572 3116 4618 et
3165 4564 3422 4635 suspicati
3462 4577 3591 4621 sunt

320 4656 518 4728 πέραν.
560 4656 624 4709 Εἰ
684 4654 781 4725 μὲν
818 4656 927 4726 γὰρ
969 4656 1064 4707 καὶ
1109 4653 1240 4708 ἄλλο
1288 4654 1475 4707 πλοῖον
1506 4650 1609 4725 ἦν,
1646 4655 1793 4717 εἰκὸς
1833 4651 1891 4727 ἧι

2008 4651 2150 4720 quod
2180 4667 2329 4706 mare
2371 4653 2532 4721 pedes
2565 4654 2865 4709 transierit.
2900 4654 3034 4709 Nam
3068 4657 3111 4710 si
3145 4656 3363 4726 quidem
3396 4668 3451 4713 et
3484 4658 3591 4714 alia

319 4750 619 4821 ὑπονοῆσαι
642 4786 657 4817 ,
706 4750 790 4802 ὅτι
821 4750 935 4812 τοῖς
968 4748 1240 4819 μαθηταῖς
1278 4749 1338 4802 οὑ
1371 4749 1744 4803 συνέπλευσεν
1766 4788 1781 4814 ,
1825 4751 1904 4812 εἰς

320 4844 501 4897 ἐκεῖνο
546 4842 605 4896 δὲ
635 4840 893 4896 εἰσελθὼν
917 4882 934 4909 ,
981 4841 1291 4913 διεπέρασε.
1343 4840 1459 4895 Νῦν
1484 4842 1564 4907 δὲ,
1601 4842 1721 4907 ἑνὸς
1754 4843 1905 4907 ὄντος

318 4936 416 4990 τοῦ
458 4934 646 4988 πλοίου
698 4933 791 4987 τοῦ
842 4935 969 5000 τοὺς
1008 4934 1257 5005 μαθητάς
1305 4938 1523 5006 μόνους,
1563 4937 1654 4990 καὶ
1702 4938 1777 5007 μὴ
1816 4942 1905 4990 τὸν

321 5027 549 5099 Κύριον,
602 5026 1029 5098 ὑποδεξαμένου,
1066 5028 1333 5100 πρόδηλον
1368 5029 1431 5081 τὸ
1465 5027 1671 5099 Θαῦμα.
1721 5028 1905 5082 Ταῦτα

321 5123 503 5175 τοίνυν
526 5123 680 5192 ἐννοή
692 5138 879 5186 σαντες
901 5123 950 5175 οἱ
971 5122 1140 5192 ὄχλοι,
1168 5122 1354 5194 ἐπειδὴ
1376 5119 1537 5193 εὗρον
1560 5123 1695 5178 ἄλλα
1720 5124 1906 5178 πλοιά-

326 5231 419 5283 ρια
452 5213 515 5268 ἐκ
541 5213 635 5267 τοῦ
664 5214 841 5286 πέραν
875 5211 1117 5275 ἐλθόντα.
1148 5214 1413 5283 ἐνέϐησαν
1442 5216 1500 5267 ὲν
1532 5214 1782 5277 ἐκείνοις,
1814 5214 1906 5267 καὶ

324 5309 404 5369 εἰς
457 5306 831 5377 Καπερναοὺμ
877 5305 1209 5376 διεπέρασαν
1235 5324 1248 5338 ·
1286 5307 1414 5362 ἔνθα
1456 5307 1522 5377 δὴ
1569 5308 1658 5361 τὸν
1701 5308 1909 5375 Κύριον

324 5399 600 5471 εὑρόντες,
631 5401 692 5452 οὑ
726 5399 1154 5470 προσπίπτουσι,
1193 5401 1286 5454 καὶ
1320 5401 1531 5454 δέονται
1567 5402 1761 5471 μαθεῖν
1792 5400 1903 5463 πῶς

324 5490 478 5562 ὄιέϐη
500 5530 514 5555 ,
549 5491 670 5544 οὐδὲ
712 5492 934 5562 ζητοῦσι
969 5494 1100 5563 περὶ
1130 5493 1321 5547 τούτου
1366 5492 1461 5547 τοῦ
1508 5493 1757 5565 σημείου,
1790 5492 1906 5545 ἀλλ’

328 5580 471 5636 οὑτω
504 5582 713 5653 χαύνως
745 5584 876 5652 φασί
906 5602 920 5615 ·
959 5602 977 5636 ι
1016 5585 1152 5638 Πότε
1186 5578 1287 5638 ὧδε
1318 5587 1740 5655 παραγέγονας;
1786 5602 1803 5634 ι
1845 5585 1907 5635 Οἱ

330 5672 439 5743 γὰρ
464 5673 754 5743 ζητοῦντες
792 5674 956 5728 αὑτὸν
991 5676 1239 5747 ἁρπάσαι
1281 5677 1376 5729 καὶ
1404 5677 1629 5747 ποιῆσαι
1662 5660 1909 5746 βασιλέα,

333 5765 584 5837 εὑρόντες
609 5767 793 5834 αὑτὸν,
824 5767 976 5822 οὐδὲν
997 5769 1239 5823 τοιοῦτον
1267 5767 1612 5840 βουλεύονται
1639 5785 1652 5799 ·
1686 5767 1821 5821 ἀλλα
1850 5767 1911 5822 τὸ

334 5860 522 5932 θαῦμα
572 5860 926 5925 ἐκϐάλλοντες
947 5902 962 5928 ,
994 5862 1161 5933 ἄλλης
1194 5862 1426 5935 ζητοῦσι
1457 5861 1737 5935 τραπέζης
1768 5862 1909 5915 ἀπο-

327 5951 538 6022 λαύειν,
570 5954 686 6020 οῐας
711 5954 805 6014 καὶ
834 5958 1122 6027 πρότερον.
1154 5934 1246 6011 Δίὑ
1268 5956 1363 6012 καὶ
1382 5934 1731 6020 ὀνειδίζονται
1764 5956 1911 6027 παρὰ

2009 4745 2164 4798 navis
2196 4745 2495 4810 adfuisset,
2541 4746 2838 4801 verisimile
2886 4748 3126 4816 potuisse
3182 4762 3278 4804 eos
3313 4750 3589 4820 cogitare,

2008 4838 2149 4907 quod
2201 4853 2323 4894 cum
2370 4839 2650 4909 discipulis
2709 4855 2814 4894 non
2854 4842 3159 4910 navigarit,
3192 4843 3284 4898 sed
3330 4843 3384 4899 in
3425 4843 3588 4900 aliam

2008 4930 2285 5001 ingressus
2316 4929 2626 4987 transferat.
2660 4929 2814 4986 Nunc
2853 4942 3034 4987 autem
3067 4949 3189 4989 cum
3230 4943 3334 4990 dna
3378 4944 3590 4993 tantum

2010 5023 2193 5090 fuerit,
2228 5041 2348 5095 qua:
2371 5024 2665 5094 diScipulos
2697 5024 2863 5091 solos,
2896 5035 3081 5082 etnon
3116 5026 3402 5086 Dominum
3427 5046 3589 5088 exce—

2010 5120 2181 5191 perit,
2238 5118 2401 5191 587
2467 5118 2811 5174 manifestum
2866 5130 2950 5175 est
3012 5123 3356 5179 miraculum.
3421 5125 3592 5199 Igitur

2011 5208 2181 5265 turba:
2223 5211 2335 5265 haec
2376 5210 2796 5275 intellexerunt;
2832 5222 2882 5265 et
2917 5223 3037 5280 post
3082 5214 3407 5273 invenerunt
3452 5220 3591 5275 alias

2013 5317 2177 5358 naves
2217 5316 2338 5373 qum
2388 5301 2747 5371 trajecerant,
2798 5314 2854 5359 et
2894 5307 3254 5363 ascenderunt
3302 5310 3355 5365 in
3389 5311 3507 5367 illas
3540 5324 3597 5366 et

2011 5398 2063 5450 in
2117 5396 2456 5466 Capernanm
2500 5395 2942 5452 transfretarunt.
2986 5397 3101 5453 Illic
3128 5411 3316 5457 autem
3370 5403 3594 5458 invento

2012 5485 2240 5545 Domino
2265 5530 2280 5555 ,
2314 5505 2421 5544 non
2462 5489 2857 5559 supplicant'et
2900 5504 3096 5563 rogant
3125 5496 3427 5553 ut‘discant
3457 5511 3593 5566 quo-

2014 5581 2173 5636 modo
2204 5581 2501 5647 transierit,
2547 5596 2719 5651 neque
2761 5586 3008 5652 quaerunt
3041 5586 3109 5641 de
3142 5586 3246 5642 hoc
3292 5584 3467 5657 signo,
3497 5590 3594 5645 sed

2016 5678 2245 5730 remisse
2276 5675 2504 5731 dicunt:
2542 5694 2561 5727 ι
2602 5674 2827 5741 Quando
2862 5677 2969 5733 huc
3004 5680 3237 5733 venisti?
3275 5699 3294 5733 ι
3327 5680 3459 5735 Nam
3504 5682 3595 5751 qui

2014 5769 2328 5840 qnmrebant
2356 5768 2509 5824 illum
2539 5785 2732 5839 rapere
2767 5779 2820 5824 ct
2848 5771 3025 5826 facere
3049 5785 3253 5841 regem,
3284 5772 3501 5827 invento
3530 5789 3597 5829 eo

2017 5861 2151 5917 nihil
2192 5860 2297 5918 tale
2330 5860 2676 5928 deliberant;
2724 5862 2815 5917 sed
2852 5862 3063 5933 ahjecto
3098 5864 3361 5918 miraculo
3414 5865 3599 5935 inqui.

2018 5970 2146 6013 runt
2182 5956 2349 6028 magis
2378 5955 2486 6015 frui
2514 5971 2698 6017 mensa
2728 5957 2832 6014 alia
2862 5956 3011 6027 quali
3041 5967 3089 6016 et
3114 5957 3265 6028 prius
3296 5976 3309 6014 :
3348 5968 3599 6028 propter-
