3960 6454
381 292 514 362 1301

1076 291 1522 360 ENARRATIO
1561 292 1643 354 IN
1677 289 2174 353 EVANGELIUM
2214 291 2553 356 JOANNIS.
2590 319 2656 378 i-
2689 293 2846 354 CAP.
2875 293 2973 356 Vi.

3477 367 3480 372 _
3511 289 3645 358 tam

374 403 702 475 πιστεύομεν
757 390 1266 474 ὲξοπτηθῆναιτῷ
1305 404 1441 474 πυρὶ
1499 389 1597 472 τῆς
1651 401 1946 470 036mm;-

2083 419 2148 468 ιο,
2171 407 2265 458 sed
2298 407 2620 471 immutataz,
2642 417 2696 460 et
2729 415 2904 461 morte
2945 419 3051 458 non
3084 401 3404 462 deficientis.
3435 403 3502 457 At
3543 402 3640 473 qui

376 499 519 568 ζωῆς
543 495 600 550 δὲ
630 496 797 566 ἄρτος
841 494 903 548 ού
937 495 1193 565 τοιαύτης
1230 494 1515 564 συνήθους,
1575 493 1713 547 ἀλλὰ
1747 491 1958 564 παρηλ-

371 589 668 658 λαγμένης,
727 587 823 640 καὶ
857 585 1074 656 θανάτῳ
1126 587 1202 658 μὴ
1249 586 1714 657 διακοπτομένης.
1773 585 1832 646 '0
1864 602 1954 639 πιο

375 680 580 734 στεύων
621 679 677 732 δὲ
709 679 789 743 εἰς
819 679 910 732 τὸν
942 678 1185 732 τοιοῦτον
1225 680 1413 749 ἄρτον.
1462 679 1525 732 ού
1575 678 1650 749 μὴ
1701 678 1956 748 πεινάσῃ,

371 775 480 830 οὐδ’
508 774 567 827 ού
603 773 678 843 μὴ
725 772 939 845 λιμὼξῃ
969 772 1128 843 λιμὸν
1181 770 1275 826 τοῦ
1310 771 1548 826 ἀκοῦσαι
1576 770 1735 840 λόγον
1783 769 1920 823 Θεοῦ
1941 808 1957 832 ,

373 869 493 921 οὐδὲ
537 865 738 937 διψήσῃ
789 865 952 935 δίψαν
996 866 1220 936 νοητὴν,
1271 865 1382 920 ἀπὸ
1429 863 1526 917 τοῦ
1582 863 1657 934 μὴ
1711 863 1857 932 ἔχειν
1899 862 1960 915 τὸ

373 958 519 1028 ὕδωρ
544 957 638 1011 τοῦ
673 956 1072 1028 βαπτίσματος,
1112 955 1208 1009 καὶ⁸
1239 956 1332 1009 τὸν
1364 954 1636 1026 ἀγιασμδν
1663 953 1756 1008 τοῦ
1793 951 1951 1006 Πνεύ·

376 1068 566 1121 ματος,
613 1049 930 1121 γινομένην.
987 1049 1050 1102 '0
1099 1049 1200 1118 μὲν
1231 1049 1341 1120 γὰρ
1387 1049 1748 1110 ἀϐἀπτιστος,
1801 1046 1961 1115 δίψαν

373 1136 484 1211 ἔχει
515 1142 608 1194 καὶ
631 1140 906 1212 ξηρότητα
934 1138 1158 1211 πολλὴν,
1186 1139 1435 1212 ἀμοιρῶν
1463 1138 1558 1192 τοῦ
1591 1138 1961 1208 ἀναψύχοντος

373 1233 531 1303 ἁγίου
559 1233 768 1298 ὓδατοςο
802 1234 831 1286 6
851 1232 908 1286 δὲ
931 1232 1390 1304 βεϐαπτισμένος,
1421 1230 1562 1301 ἔχων
1588 1230 1651 1284 τὸ
1714 1228 1958 1298 Πνεῦμα,

348 1318 460 1380 ’ἀεὶ
503 1327 916 1399 ψυχαγωγεϊται
963 1323 1034 1378 δι’
1073 1324 1264 1380 αὐτοῦ.
1308 1324 1581 1378 Δεικνύων
1613 1321 1696 1388 δὲ,
1730 1322 1812 1376 ὅτι
1866 1322 1964 1374 καὶ

372 1419 406 1484 ἡ
439 1415 620 1480 πίστις
655 1417 688 1488 ή
718 1415 798 1479 είς
829 1415 993 1470 αὐτὸν
1028 1413 1090 1468 ού
1118 1415 1180 1467 τὸ
1209 1413 1370 1485 τυχόν
1399 1414 1515 1466 ἐστι
1546 1413 1801 1482 πρᾶγμα,
1829 1411 1965 1464 ἀλλά

372 1507 547 1579 δῶρον
573 1509 735 1574 Θεοῦ,
761 1510 874 1570 τοῖς
913 1507 1086 1574 ἀξίοις
1117 1506 1212 1572 καὶ
1244 1506 1426 1560 εύθέσι
1470 1507 1538 1575 τῇ
1579 1504 1779 1577 καρδίᾳ
1815 1503 1967 1574 παρά

372 1597 466 1652 τοῦ
499 1599 710 1670 Πατρὸς
739 1599 1035 1670 διδόμενον,
1065 1600 1253 1669 φησιν,
1292 1597 1377 1651 ὅτι
1410 1616 1429 1650 ι
1461 1597 1577 1666 Πᾶν
1603 1597 1631 1650 ὃ
1663 1597 1846 1652 δίδωσί
1874 1613 1966 1668 μοι

371 1692 404 1746 6
437 1691 650 1762 Πατὴρ,
697 1693 833 1762 πρὸς
869 1692 968 1762 ἐμὲ
1019 1691 1163 1763 ἥξει,
1220 1709 1238 1743 ι
1278 1691 1578 1754 τουτέστιν,
1623 1693 1826 1744 ἐκεῖνοι
1874 1706 1966 1744 att-

376 1785 697 1837 στεύσουσιν
735 1785 816 1846 εἰς
847 1784 971 1855 ἐμὲ,
1009 1783 1104 1848 οὒς
1133 1783 1317 1837 δίδωσί
1341 1801 1431 1854 μοι
1465 1785 1492 1837 6
1524 1784 1736 1855 Πατήρ.
1780 1785 1974 1863 Ὑμεῖς

376 1876 433 1930 δὲ
479 1877 530 1929 oi
591 1877 860 1940 Ἰουδαῖοι,
913 1877 990 1939 ὡς
1043 1877 1255 1943 ἀνάξιοι
1303 1877 1478 1943 δντες,
1523 1878 1585 1931 ού
1620 1877 1828 1931 δίδοσθέ
1880 1895 1970 1948 μοι

374 1969 528 2040 παρὰ
556 1969 651 2022 τοῦ
685 1969 915 2040 Πατρόςο
946 1970 1027 2022 διὸ
1051 1969 1176 2023 ούδὲ
1219 1969 1444 2042 ἔρχεσθε
1489 1969 1624 2040 πρὸς
1657 1969 1745 2040 μὲ,
1774 1970 1833 2022 ού
1863 1969 1971 2042 γὰρ

374 2057 530 2128 ἔχετε
580 2058 798 2112 εὐθεῖαν
839 2059 941 2129 τὴν
971 2059 1226 2131 καρδίαν,
1285 2058 1374 2114 ἵνα
1421 2059 1568 2130 ὑμᾶς
1598 2061 1893 2130 ἀγαπήσας
1941 2060 1971 2113 6

361 2153 510 2214 ’Θεὸς
541 2151 635 2204 καὶ
666 2151 878 2223 Πατὴρ,
910 2151 1096 2222 ἀγάγῃ
1120 2152 1201 2216 εἰς
1231 2151 1332 2222 τὴν
1356 2149 1495 2222 ἐμὴν
1522 2152 1727 2205 πίστιν.
1766 2169 1784 2202 ι
1829 2150 1971 2219 Ἐγὼ

373 2244 431 2298 δὲ
467 2245 556 2299 τὸν
582 2245 876 2316 ἐρχόμενον
907 2245 1045 2316 πρὸς
1077 2243 1167 2314 μὲ,
1197 2243 1259 2297 οὐ
1291 2245 1367 2316 μὴ
1403 2244 1620 2300 ἐκϐάλω
1649 2243 1754 2309 ἔξω
1778 2263 1796 2297 ι
1822 2260 1973 2298 τουτο

377 2339 549 2398 ἐστιν,
607 2338 670 2390 ού
707 2338 780 2407 μὴ
809 2337 1086 2402 ἀπολέσω,
1129 2336 1266 2390 ἀλλά
1317 2336 1496 2402 σώσω,
1532 2339 1626 2390 καὶ
1653 2337 1970 2406 ἐπιμελείας

377 2427 689 2506 ἀπολαῦσαι
739 2429 1151 2501 παρασκευάσω
1187 2426 1413 2498 πολλῆς.
1442 2428 1822 2499 Καταϐέϐηκα
1859 2428 1970 2500 γάρ

375 2523 444 2575 ἐκ
472 2520 566 2574 τοῦ
597 2521 852 2594 ούρανοῦ,
884 2521 982 2590 οὐχ
1011 2521 1100 2574 ἵνα.
1129 2520 1258 2574 ἄλλο
1281 2537 1335 2574 τι
1366 2521 1562 2592 πράξω
1607 2521 1760 2592 παρὰ
1789 2522 1851 2576 τὸ
1877 2521 1970 2576 θέο

377 2613 528 2682 λημα
562 2611 656 2666 τοῦ
702 2611 939 2688 Πατρός.
970 2612 1158 2665 Ταῦτα
1184 2613 1242 2666 δέ
1275 2630 1464 2684 φησιν,
1493 2613 1580 2667 ἵνα
1614 2612 1856 2684 μάθωσι,
1887 2615 1969 2669 ὅτι

377 2710 406 2758 6
436 2706 509 2780 μή
537 2705 826 2777 δεχόμενος
847 2706 1034 2771 αὐτὸν,
1071 2705 1322 2770 ἀντίθεός
1354 2707 1525 2772 ἐστιν,
1554 2706 1970 2777 ἐναντιούμενος

378 2801 457 2870 τῷ
490 2798 758 2870 θελήματι
793 2797 886 2852 τοῦ
930 2797 1164 2870 Πατρός.
1204 2797 1362 2852 Ἐπεὶ
1390 2799 1498 2870 γὰρ
1531 2798 1694 2853 αύτδν
1724 2798 1970 2854 ἀντίθεον

379 2894 568 2960 ἔλεγον
598 2896 817 2958 ἐκεῖνοι,
850 2895 1013 2958 αύτδς
1041 2895 1104 2948 τὸ
1146 2894 1402 2966 ἔγκλημα
1436 2895 1518 2957 είς
1561 2895 1764 2960 αὐτοὺς
1805 2913 1968 2968 περι-

377 2988 576 3055 τρέπει
618 2986 711 3043 καί
749 3005 935 3058 φησιν,
971 2989 1020 3041 εί
1069 2987 1164 3043 καὶ
1189 2987 1266 3061 μὴ
1315 2989 1591 3060 φανερῶς,
1627 2989 1731 3055 ὅτι,
1776 2988 1967 3060 Ὑμεῖς

381 3084 509 3134 ἐστε
541 3079 795 3146 ἀντίθεοι,
827 3083 876 3134 οἱ
909 3081 985 3151 μὴ
1031 3080 1311 3152 δεχόμενοι
1357 3079 1452 3134 τὸν
1501 3081 1579 3151 τῷ
1626 3081 1720 3134 τοῦ
1751 3081 1966 3150 Πατρδς

2071 499 2242 552 credit
2275 498 2328 552 in
2363 497 2511 553 illtnn
2563 515 2778 568 panem,
2825 513 2928 552 non
2964 496 3166 551 esuriet
3216 510 3393 566 neque
3445 494 3642 550 famem

2069 587 2207 646 feret
2235 591 2484 645 audiendi
2515 605 2820 646 sermonem
2853 591 2967 654 Dei,
2988 605 3162 659 neque
3200 587 3346 644 sitiet
3391 588 3647 656 spiritua-

2067 681 2171 735 lem
2204 681 2373 746 sitim,
2399 695 2464 735 eo
2499 687 2641 750 quod
2669 681 2864 736 habeat
2895 694 3088 750 aquam
3123 677 3374 750 baptismi
3425 689 3480 734 et
3523 693 3648 750 san-

2069 773 2454 827 ctilicatinnem
2491 772 2750 842 Spiritus.
2775 770 2908 827 Nam
2940 772 3032 843 qui
3070 786 3174 826 non
3211 770 3513 842 baptizatus
3541 777 3646 834 est,

2069 857 2213 921 sitim
2251 867 2476 938 patitur,
2494 875 2548 920 et
2583 881 2830 936 magnam
2876 865 3211 932 ariditatem,
3254 878 3454 936 expers
3493 877 3648 930 aqua:

2069 974 2274 1019 sanctze
2331 960 2733 1033 refrigerantis.
2779 963 3096 1032 Baptizatus
3148 973 3331 1019 autem
3385 960 3647 1032 Spiritum

2070 1054 2255 1120 habet,
2296 1070 2392 1124 per
2442 1067 2627 1137 quem.
2659 1070 2873 1125 semper
2921 1056 3302 1126 refrigeratur.
3339 1053 3650 1109 Ostendens

2079 1159 2258 1204 autem
2301 1151 2442 1220 quod
2477 1151 2611 1206 ﬁdes
2663 1165 2782 1221 qua:
2841 1150 2892 1204 in
2945 1149 3240 1217 Christum,
3269 1164 3374 1203 non
3415 1146 3652 1218 vulgaris

2071 1241 2336 1309 qumpiam
2379 1254 2464 1296 res
2499 1241 2706 1305 sit,sed
2755 1241 2967 1294 donum.
3009 1238 3103 1293 Dei
3153 1238 3328 1308 dignis
3380 1245 3433 1292 et
3488 1237 3652 1291 rectis

2072 1333 2236 1388 corde
2264 1348 2292 1386 a
2326 1331 2485 1388 Patre
2517 1333 2724 1398 datum,
2752 1332 2880 1386 dicit
2911 1330 3056 1402 quod
3091 1347 3110 1381 ι
3153 1329 3329 1386 Omne
3379 1328 3522 1401 quod
3559 1327 3653 1382 dat

2073 1423 2206 1478 mihi
2239 1422 2420 1489 Pater,
2452 1425 2523 1480 ad
2560 1439 2644 1480 me
2683 1425 2885 1491 veniet,
2918 1445 2938 1478 ι
2970 1427 3075 1482 hoc
3104 1434 3208 1489 est,
3240 1423 3314 1478 illi
3346 1424 3572 1480 credent
3597 1420 3649 1476 in

2079 1529 2187 1582 me,
2207 1530 2344 1585 quos
2374 1515 2469 1570 dat
2503 1515 2636 1571 mihi
2674 1515 2856 1570 Pater.
2903 1514 3015 1572 Vos
3065 1527 3245 1572 autem
3296 1514 3488 1581 Judaei,
3529 1530 3651 1568 cum

2075 1608 2278 1679 indigni
2319 1608 2460 1674 sitis,
2493 1625 2602 1666 non
2651 1610 2853 1664 damini
2907 1609 3038 1664 mihi
3079 1624 3106 1662 a
3137 1609 3297 1666 Patre
3327 1623 3342 1661 :
3370 1618 3654 1677 propterea

2077 1714 2251 1768 neque
2279 1700 2474 1756 venitis
2508 1701 2574 1755 ad
2609 1715 2717 1768 me,
2747 1716 2922 1771 neque
2957 1701 3168 1756 habetis
3201 1711 3407 1756 reetum
3457 1713 3574 1762 cor,
3599 1707 3657 1769 ut

2008 1774 2049 1828 Β
2078 1805 2172 1848 vos
2203 1791 2435 1864 diligens
2465 1791 2605 1849 Dens
2639 1801 2695 1848 et
2739 1791 2900 1848 Pater
2951 1794 3116 1848 ducat
3146 1791 3211 1846 ad
3249 1807 3424 1854 meam
3473 1790 3654 1856 ﬁdem.

2081 1903 2100 1935 ι
2147 1882 2259 1955 Ego
2299 1893 2476 1938 autem
2509 1899 2631 1939 eum
2690 1885 2781 1956 qui
2836 1885 2986 1954 venit
3037 1883 3102 1939 ad
3153 1899 3240 1940 me.
3289 1883 3655 1948 nongejiciam

2077 1974 2244 2037 foras,
2278 1993 2296 2027 ι
2343 1974 2445 2029 hoc
2489 1983 2572 2030 est
2610 1990 2714 2028 non
2771 1976 3018 2046 perdam,
3061 1976 3154 2030 sed
3189 1974 3434 2038 salvabo,
3460 1984 3512 2028 ct
3548 1989 3661 2028 ma~

2073 2081 2176 2137 gua
2211 2081 2341 2122 cura
2379 2065 2528 2120 illum
2566 2065 2901 2122 refocillabu.
2928 2065 3192 2123 Descendi
3231 2067 3374 2122 enim
3411 2066 3476 2122 dc
3496 2066 3657 2129 ratio,

2076 2173 2184 2213 non
2230 2165 2290 2212 ut
2328 2158 2474 2212 aliud
2521 2158 2776 2228 quiddam
2833 2158 3025 2213 faciam
3079 2167 3277 2230 praeter
3327 2158 3658 2212 voluntatem

2078 2249 2277 2304 Patris.
2318 2249 2588 2307 Caeterum
2639 2250 2753 2305 hmo
2804 2251 2958 2317 dicit,
3011 2259 3068 2306 ut
3106 2251 3320 2307 discant
3370 2251 3512 2322 quod
3568 2251 3660 2320 qui

2073 2357 2195 2398 eum
2235 2358 2340 2398 non
2375 2343 2590 2412 recipit,
2621 2341 2730 2397 Deo
2757 2343 2826 2396 sit
2858 2342 3228 2409 adversarius,
3253 2340 3434 2397 Patris
3474 2345 3664 2396 volun-

2077 2433 2170 2488 tati
2208 2448 2536 2506 repugnans.
2563 2432 2698 2501 Quia
2730 2433 2874 2488 enim
2929 2433 3080 2488 illum
3135 2435 3509 2489 adversarium
3562 2432 3658 2504 Dei

2075 2527 2349 2594 dicebant,
2377 2529 2493 2599 ipse
2528 2528 2736 2583 crimen
2768 2527 2822 2582 in
2857 2525 2981 2582 illos
3032 2526 3227 2592 vertit,
3277 2527 3493 2581 tametsi
3557 2540 3662 2598 non

2076 2621 2387 2687 manifeste,
2416 2630 2470 2678 et
2499 2621 2630 2676 dicit
2663 2638 2676 2676 :
2706 2618 2818 2676 Vos
2873 2621 3004 2675 estis
3063 2619 3365 2675 adversarii
3418 2618 3531 2683 Dei,
3563 2603 3654 2689 qui

2075 2729 2162 2770 me
2197 2730 2302 2770 non
2347 2714 2712 2784 recipitis.qni
2734 2713 2874 2768 facio
2892 2712 3220 2770 voluntatem
3241 2711 3552 2769 Patris.Uhi
3580 2724 3662 2790 est

2073 2808 2354 2864 Nestorius
2383 2809 2486 2863 hoc
2515 2806 2905 2877 loco,quidicit
2953 2805 3093 2874 quod
3144 2815 3262 2876 post
3305 2801 3662 2880 resurrectio—

2073 2917 2195 2958 nem
2227 2902 2506 2957 deitlcatus
2526 2900 2598 2955 sit
2623 2899 2912 2954 Christus?
2938 2897 3054 2954 Non
3095 2899 3274 2965 audis,
3305 2898 3493 2966 miser,
3518 2901 3664 2968 quod

2073 2995 2352 3052 descendit
2400 2993 2468 3049 de
2513 2993 2689 3049 caelo?
2723 2991 2845 3048 Jam
2890 2993 2982 3062 qui
3039 2993 3106 3047 de
3165 2992 3304 3048 ctelo
3360 2992 3663 3054 descendit,

2076 3105 2183 3146 non
2228 3089 2416 3158 utique
2453 3086 2629 3142 nudus
2657 3093 2776 3142 erat
2805 3085 3092 3149 homo,sed
3124 3084 3284 3142 Dens.
3301 3083 3486 3138 Nudus
3517 3086 3662 3138 enim

379 3172 650 3244 θελήματι
673 3172 1097 3228 ἀκολουθοῦντα.
1122 3171 1233 3229 ιιοῦ
1254 3177 1372 3226 ἐστι
1393 3173 1689 3244 Neo-16pm;
1715 3173 1969 3242 ἐνταῦθα,

2078 3185 2240 3240 homo
2259 3199 2364 3239 non
2383 3180 2682 3247 descendit,
2700 3179 2795 3235 scd
2809 3180 2853 3234 si
2878 3179 3093 3250 quidem
3109 3177 3358 3238 ascendit.
3376 3177 3428 3231 in
3445 3177 3664 3240 coelum.

377 3269 409 3320 6
436 3267 630 3336 λέγων,
658 3268 740 3322 ὅτι
771 3267 910 3338 μετά
957 3268 1056 3338 τὴν
1086 3267 1388 3322 ἀνάστασιν
1414 3267 1744 3338 έθεοποιήθη
1769 3268 1797 3320 6
1829 3270 1970 3339 Χριο

2077 3279 2178 3332 huc
2196 3275 2270 3332 illi
2291 3275 2539 3333 concedit
2565 3285 2786 3344 propter
2812 3272 3063 3327 virtutem
3085 3270 3250 3326 Deus.
3273 3269 3453 3327 Solius
3485 3269 3668 3328 Domi-

382 3365 547 3430 στός;
587 3363 702 3417 Ούκ
720 3363 959 3427 ἀκούεις,
991 3362 1330 3434 ταλαίπωρε,
1372 3363 1456 3417 ὅτι
1501 3363 1880 3434 καταϐέϐηκεν
1903 3365 1967 3417 ὲκ

2078 3370 2128 3426 ni
2155 3371 2446 3426 descensus
2494 3367 2756 3438 praevenit
2805 3380 3109 3422 ascensum.
3166 3364 3286 3435 Ipse
3314 3364 3479 3436 igitur
3499 3374 3553 3420 et
3577 3353 3670 3439 de-

379 3455 477 3508 τοῦ
529 3447 794 3526 ούρανοῦς
850 3453 912 3508 ὐ
957 3455 1014 3508 δὲ
1058 3454 1304 3516 καταϐὰς
1350 3454 1416 3508 ὲκ
1466 3453 1563 3509 τοῦ
1609 3453 1862 3527 ούρανοῦ,
1903 3454 1964 3509 ού

2078 3460 2282 3518 scendit
2310 3461 2376 3516 de
2399 3459 2537 3516 coelo
2574 3458 2711 3514 sicut
2747 3455 3362 3526 Deus,quandoquidem
3394 3455 3664 3510 incarnari

381 3550 536 3618 ψιλὸς
562 3550 657 3605 ἀν’)
667 3567 848 3621 ρωπος
879 3550 1052 3620 δήπου
1077 3545 1168 3621 ἦν,
1199 3549 1338 3603 ἀλλά
1357 3549 1512 3613 Θεός.
1537 3549 1708 3613 vita;
1737 3551 1847 3622 γὰρ
1867 3550 1965 3606 ἆν-

2078 3556 2327 3626 dignatus
2355 3562 2442 3609 est
2467 3571 2480 3607 :
2507 3559 2562 3608 et
2588 3551 2833 3606 ascendit
2854 3549 2907 3604 in
2935 3549 3130 3605 ccelum
3150 3565 3270 3602 cum
3295 3547 3453 3620 591
3485 3563 3669 3611 carne,

383 3644 602 3714 θρωπος
653 3643 712 3697 ού
759 3642 1101 3707 καταϐαίνει,
1156 3641 1273 3696 ἀλλ’
1319 3643 1367 3694 εἰ
1403 3641 1512 3713 ἄρα
1551 3642 1836 3698 ἀναϐαίνει
1885 3643 1967 3707 είς

2078 3657 2134 3704 ιιι
2172 3649 2334 3703 homo
2365 3646 2595 3710 scilicet,
2625 3645 2713 3696 ulti
2740 3654 2857 3698 erat
2885 3642 3035 3713 prius
3069 3651 3126 3695 ut
3163 3642 3322 3696 Deus.
3355 3641 3471 3696 Non
3504 3641 3674 3711 igitur

383 3737 636 3807 ⁴ιὺρανδν,
686 3736 1051 3808 χαριζομένου
1103 3734 1173 3788 δι’
1217 3735 1424 3804 ἀρετὴν
1475 3732 1636 3789 τοῦτο
1679 3734 1775 3788 τοῦ
1806 3733 1965 3790 Θεοῦ.

2079 3741 2254 3795 nudus
2307 3740 2470 3793 homo
2502 3744 2620 3793 erat
2675 3737 2926 3792 Christus
2965 3745 3150 3804 postea
3185 3734 3490 3798 deificattts,
3535 3733 3674 3786 sicut

394 3828 551 3881 Ἐπεὶ
600 3827 694 3883 οὖν
742 3827 853 3894 τοῦ,
884 3827 1090 3899 Κυρίου
1138 3830 1174 3899 ἡ
1225 3827 1531 3892 κατάϐασις
1577 3827 1846 3895 προέλαϐε
1874 3827 1970 3899 τὴν

2078 3825 2348 3884 delirabat
2377 3825 2685 3891 Nestorius,
2714 3824 2810 3879 sed
2848 3824 2988 3878 Deus
3019 3832 3146 3876 ante
3171 3821 3386 3888 saecula,
3414 3821 3671 3892 incarna-

383 3921 668 3984 ἀνάϐασιν,
697 3922 725 3974 6
755 3920 919 3984 αὐτὸς
951 3915 1046 3975 οὖν
1094 3921 1190 3974 καὶ
1219 3921 1426 3991 κατέϐη
1473 3921 1532 3987 ἐξ
1585 3921 1841 3992 ούρανοῦ,
1895 3920 1970 3983 ὡς

2081 3927 2166 3992 tus
2203 3915 2516 3972 novissimis
2552 3914 2908 3984 temporibus.

384 4011 515 4075 6M;
569 4011 831 4083 δηλονότι,
875 4010 964 4065 διά
1011 4012 1071 4063 τὸ
1115 4011 1534 4084 ὲνανθρωπῆσαι
1587 4011 1963 4082 συγκαταϐάς’
2028 4011 2126 4065 καὶ
2192 4007 2362 4079 ἀνέϐη
2431 4007 2512 4070 είς
2563 4006 2850 4077 οὐρανοὺς,
2909 4004 3047 4074 μετά
3102 4001 3304 4074 σαρκὸς
3345 4001 3547 4074 δηλαδὴ
3599 4004 3676 4065 ὡς

384 4109 692 4178 ἄνθρωπος,
730 4108 858 4162 ἔνθα
900 4104 969 4181 ἦν
1013 4107 1073 4162 τὺ
1118 4109 1384 4181 πρότερον
1423 4110 1499 4172 ὡς
1561 4109 1714 4174 Θεός.
1777 4109 1893 4163 Ούκ
1932 4101 2237 4180 ἄρα’ψιλδς
2287 4104 2575 4176 ἄνθρωπος
2621 4104 2649 4157 6
2698 4100 2958 4174 Χριστὸς,
3016 4099 3242 4164 θεωθεὶς
3303 4099 3551 4172 ὕστερον,
3597 4099 3674 4162 ὡς

384 4203 572 4274 ἐλήρει
613 4203 934 4276 Νεστόριος,
981 4202 1122 4259 ἀλλά
1149 4203 1284 4268 Θεὸς
1322 4203 1652 4275 προαιώνιος
1695 4202 2132 4276 ἐνανθρωπήσας
2165 4202 2224 4254 ὲν
2255 4199 2507 4271 ἐσχάτοις
2530 4199 2768 4271 καιροῖς.

463 4317 480 4350 ι
517 4297 690 4352 Τοῦτο
713 4297 768 4351 δέ
797 4299 917 4352 ἐστι
953 4299 1014 4353 τὸ
1046 4299 1260 4371 θέλημα
1286 4300 1381 4357 τοῦ
1417 4301 1739 4373 πέμψαντός
1767 4319 1835 4372 με
1866 4301 1981 4357 Πα-

385 4391 542 4467 τρὶς,
572 4391 662 4450 ἵνα
688 4392 796 4444 πᾶν
818 4392 846 4452 δ
870 4392 1072 4447 δέδωκέ
1101 4411 1212 4464 μοι,
1241 4395 1302 4447 οὐ
1319 4395 1393 4466 μὴ
1421 4395 1671 4449 ἀπολέσω
1698 4394 1757 4460 ἐξ
1787 4393 1978 4462 αὑτοῦ,

2161 4297 2328 4356 Vsus.
2360 4297 2452 4360 59.
2478 4295 2569 4370 40.
2602 4313 2621 4348 ι
2654 4295 2780 4351 Hcce
2808 4304 2892 4352 est
2923 4302 3104 4348 autem
3138 4291 3386 4348 voluntas
3413 4290 3552 4360 ejus,
3581 4289 3673 4364 qui

2091 4391 2242 4446 misit
2274 4404 2383 4456 me,
2419 4385 2623 4452 Patris,
2668 4395 2726 4440 ut
2776 4399 2935 4440 omne
2972 4384 3115 4455 quod
3157 4383 3310 4440 dedit
3360 4382 3518 4450 mihi,
3568 4398 3674 4438 non

385 4465 522 4536 ἀλλά
577 4483 868 4552 ἀναστήσω
912 4485 1044 4538 αὐτὸ
1093 4488 1150 4540 ὲν
1194 4489 1260 4558 τῇ
1296 4489 1502 4561 ἐσχάτῃ
1563 4488 1766 4561 ἡμέρᾳ.
1805 4489 1970 4542 Τοῦτο

2090 4483 2311 4553 perdam
2336 4483 2402 4535 ex
2426 4495 2511 4546 eo,
2536 4479 2631 4534 sed
2666 4477 2984 4533 rcsuscitem
3009 4475 3136 4530 illud
3159 4475 3211 4530 in
3239 4475 3534 4532 novissimo
3563 4465 3698 4530 die.~

382 4575 440 4628 δέ
482 4577 597 4628 ὲστι
631 4575 692 4628 τὸ
741 4574 957 4647 θέλημα
1009 4576 1103 4630 τοῦ
1137 4578 1456 4654 πέμψαντός
1509 4597 1597 4650 με,
1652 4581 1740 4634 ἵνα
1792 4582 1901 4644 πᾶς
1950 4581 1980 4633 6

386 4665 608 4737 θεωρῶν
633 4664 724 4719 τὸν
750 4665 903 4731 Υίὺν,
938 4665 1033 4722 καὶ
1065 4669 1335 4722 πιστεύων
1375 4669 1456 4734 είς
1489 4671 1676 4735 αὐτὸν,
1704 4671 1806 4742 ἔχῃ
1835 4671 1980 4748 ζωὴν

385 4756 626 4810 αἰώνιον·
671 4758 766 4818 καὶ
815 4757 1108 4828 ἀναστήσω
1160 4759 1326 4812 αὐτὸν
1373 4760 1486 4829 ἐγὼ
1547 4763 1606 4816 έν
1657 4762 1723 4836 τῇ
1772 4759 1981 4833 ἐσχάτῃ

387 4848 596 4920 ἡμέρα.
633 4867 654 4901 ι
700 4849 1161 4927 Συνεχῶςτίθησι
1210 4852 1292 4918 τὸ,
1341 4869 1366 4910 t
1417 4853 1627 4910 Δέδωκέ
1669 4871 1761 4924 μοι
1800 4854 1830 4907 6
1867 4854 1980 4908 Πα-

387 4943 514 5015 τὴρ,
545 4961 562 4995 ι
597 4943 688 4996 ἳνα
711 4943 890 5014 πλήξῃ
921 4945 1019 5008 τὰς
1050 4945 1282 5016 καρδίας
1311 4946 1516 5010 αὐτῶν,
1542 4948 1638 5001 καὶ
1680 4947 1978 5018 ἐπιγνῷεν,

387 5037 471 5089 ὅτι
499 5037 597 5107 τῆς
629 5035 723 5090 τοῦ
763 5036 898 5104 Θεοῦ
947 5036 1158 5108 δωρεᾶς
1201 5038 1416 5104 ἀνάξιοί
1468 5040 1628 5094 εἰσιν.
1676 5041 1740 5094 Ei
1790 5041 1902 5112 γὰρ
1953 5042 1982 5094 6

392 5127 584 5198 Πατὴρ
629 5129 844 5182 δίδωσιν
880 5128 956 5193 ὡς
997 5130 1142 5200 μέγα
1168 5149 1219 5184 τι
1262 5131 1362 5201 τὴν
1390 5131 1471 5194 εἰς
1495 5131 1730 5203 Χριστὸν
1773 5133 1980 5198 πίστιν,

391 5221 547 5274 αὐτοὶ
587 5222 644 5276 δὲ
685 5224 894 5294 ταύτην
949 5223 1056 5278 οὐκ
1087 5223 1296 5294 ἔχουσι,
1327 5223 1592 5295 πρόδηλον
1626 5225 1710 5278 ὃτι
1749 5227 1846 5297 τῆς
1886 5226 1982 5281 τοῦ

393 5311 531 5365 Θεοῦ
574 5313 782 5384 δωρεᾶς
821 5315 1318 5370 ἀποπεπτώκασιν.
1370 5315 1517 5385 Ἐγὼ
1546 5315 1747 5382 τοίνυν,
1792 5317 1982 5390 φησὶν,

391 5404 493 5458 οὐκ
514 5407 764 5461 ἀπολέσω
788 5409 882 5472 οὓς
904 5408 1090 5462 δίδωσί
1122 5427 1214 5481 μοι
1249 5411 1278 5464 6
1312 5409 1525 5486 Πατὴρ,
1556 5411 1830 5477 τουτέστι,
1855 5410 1984 5474 τοὺς

396 5497 750 5563 πιστεύοντας
781 5516 896 5572 μοι’
930 5501 1046 5556 ἀλλ’
1077 5502 1370 5573 ἀναστήσω
1400 5501 1620 5568 αὐτοὺς,
1643 5503 1780 5574 ὅπερ
1812 5503 1980 5569 ἐστὶν,

393 5591 745 5657 ἀναστάσεως
792 5592 1010 5660 ἀξιώσω
1045 5595 1328 5666 λαμπρᾶς.
1375 5595 1538 5665 Διττὴ
1586 5595 1696 5666 γάρ
1747 5595 1896 5648 ἐστιν
1947 5595 1981 5665 ή

397 5683 714 5748 ἀιιάστασιςο
745 5687 778 5757 ἡ
816 5685 916 5756 μὲν
945 5688 1100 5758 κοινὴ
1146 5686 1244 5739 καὶ
1283 5685 1572 5757 κιθολικὴ,
1609 5687 1675 5757 ἢν
1704 5686 1903 5750 πάντες
1935 5688 1984 5740 oi

409 5775 723 5849 ἁμαρτωλοὶ
753 5778 1088 5836 ἀνίστανται·
1123 5781 1156 5851 ἡ
1185 5779 1262 5850 δὲ,
1299 5780 1364 5855 ἢν
1397 5781 1545 5853 μόνοι
1585 5781 1632 5835 οἱ
1675 5778 1874 5834 δίκαιοι
1906 5782 1984 5845 εἰς

2082 4578 2210 4633 Haec
2261 4585 2346 4632 est
2390 4583 2570 4629 autem
2633 4573 2886 4627 voluntas
2935 4569 3053 4640 ejus
3113 4571 3202 4639 qui
3257 4569 3408 4625 misit
3459 4584 3568 4632 me,
3619 4577 3680 4644 ut

2060 4668 2259 4724 'omnis
2288 4667 2379 4738 qui
2419 4666 2567 4721 videt
2601 4663 2819 4730 Filium,
2871 4672 2928 4718 et
2977 4662 3150 4717 credit
3192 4660 3246 4716 in
3285 4677 3430 4726 eum,
3482 4661 3679 4716 habeat

2085 4761 2246 4816 vitam
2282 4765 2560 4822 aeternam,
2602 4765 2655 4813 et
2686 4771 2786 4827 ego
2816 4753 3090 4809 suscitabo
3119 4766 3241 4809 eum
3276 4752 3329 4808 in
3376 4753 3676 4812 novissimo

2080 4853 2192 4908 die.
2229 4870 2248 4904 ι
2287 4849 2529 4906 Subinde
2559 4849 2730 4919 ponit,
2771 4867 2790 4900 ι
2828 4845 2984 4902 Dedit
3008 4846 3140 4902 mihi
3174 4843 3354 4913 Pater,
3399 4864 3417 4899 ι
3455 4855 3514 4901 ιιι
3541 4862 3667 4918 pcr-

2082 4945 2314 5016 stringat
2359 4943 2524 5000 corda
2558 4942 2774 4996 illorum
2809 4948 2869 4995 ιιι
2899 4947 3206 5012 agnoscant
3231 4953 3289 4995 se
3319 4938 3411 4994 Dei
3450 4955 3675 4995 munero

2057 5038 2359 5114 indignos.
2408 5035 2544 5090 Nam
2572 5034 2619 5089 si
2666 5033 2830 5088 Pater
2859 5033 2952 5087 dat
2997 5039 3056 5085 ut
3087 5045 3342 5102 magnum
3390 5031 3673 5102 quiddam,

2084 5129 2300 5204 dignam
2348 5130 2401 5183 in
2436 5127 2717 5184 Christum
2769 5127 2954 5192 ﬁdem,
3003 5125 3106 5194 ipsi
3142 5135 3321 5180 autem
3374 5126 3520 5181 illam
3567 5141 3672 5181 non

2084 5223 2310 5284 habent,
2362 5219 2714 5276 manifestum
2758 5229 2838 5274 est
2873 5217 3016 5288 quod
3050 5218 3192 5272 dono
3223 5215 3316 5274 Dei
3348 5219 3668 5274 excidet-int.

2083 5313 2251 5386 igitur
2283 5329 2405 5386 ego,
2436 5313 2634 5382 inquit,
2664 5327 2770 5367 non
2807 5313 3027 5380 perdam
3057 5324 3195 5378 quos
3217 5307 3308 5367 dat
3336 5309 3468 5369 mihi
3494 5309 3670 5375 Pater,

2088 5408 2191 5463 hoc
2219 5417 2303 5463 cst
2347 5422 2443 5462 eos
2473 5406 2567 5477 qui
2590 5404 2820 5462 credunt
2845 5403 3002 5468 mihi,
3032 5403 3125 5463 sed
3157 5399 3495 5459 resuscitabo
3527 5399 3672 5465 illos,

2088 5499 2192 5555 hoc
2235 5508 2320 5555 est
2383 5497 2437 5553 in
2477 5495 2878 5554 resurrectione
2926 5493 3174 5550 claritate
3219 5493 3338 5548 illos
3384 5491 3668 5561 dignabor.

2091 5589 2295 5662 Duplex
2325 5590 2467 5647 enim
2499 5599 2584 5646 est
2606 5586 2935 5644 resurrectio
2961 5604 2974 5642 :
3007 5601 3111 5641 una
3138 5586 3352 5656 quidem
3371 5579 3674 5640 communis

2090 5693 2144 5738 et
2167 5683 2462 5750 generalis,
2483 5696 2589 5752 qua
2609 5695 2800 5737 omnes
2823 5679 2986 5736 etiam
3011 5687 3328 5750 peccatores
3348 5686 3670 5747 resurgunt;

2092 5777 2294 5845 altera,
2319 5790 2424 5848 qua
2460 5772 2560 5832 soli
2591 5771 2720 5846 iusti
2753 5781 3107 5832 assumuntur
3147 5769 3202 5826 in
3231 5783 3520 5829 occursum
3563 5765 3670 5826 Do-
