3960 6454
1691 238 1793 255 ..σε
1818 238 1877 248 ·-·

184 384 314 448 Ῑέἷθθ

910 378 1353 441 ΕΝΑΒΒᾹΤΙΟ
1395 380 1474 441 ΙΝ
1515 379 1752 442 EV'ANG

1862 382 2025 446 JUM
2059 384 2411 449 IOANNIS.
2433 413 2503 423 -
2525 389 2686 452 CAP.
2722 390 2823 453 VI.

1882 236 2106 249 iwuﬁ““.
2163 240 2208 250 ο,
2255 245 2284 262 Ψ

3319 378 3455 456 1310

178 496 377 564 κόσμου
410 489 557 559 ζωὴν
609 487 891 560 ὀνομάζει.
926 491 1046 546 Κᾶν
1079 491 1187 564 γὰρ
1223 494 1303 563 μὴ
1337 493 1536 557 πάντες
1576 510 1745 563 παρε-

1862 504 2035 553 tamen
2051 500 2291 570 seipsum
2320 516 2417 571 pro
2445 504 2648 557 mundo
2677 503 2844 569 dedit,
2873 511 2923 557 et
2949 509 3211 573 quantum
3259 497 3312 555 in
3336 503 3458 572 ipso

176 590 393 654 δέξαντο
423 586 514 639 τὸν
559 584 834 655 ἁγιασμὸν
879 586 975 639 καὶ
1001 588 1102 656 τὴν
1140 586 1201 641 ὲν
1251 586 1537 657 Πνεύματι
1584 586 1756 658 ζωὴν,

176 679 288 735 ἀλλ’
311 673 402 731 οὖν
430 677 524 743 ὅγε
549 675 755 748 Κύριος
789 676 932 748 ὑπὲρ
964 678 1058 729 τοῦ
1078 677 1286 747 κόσμου
1318 679 1511 732 ἑαυτὸν
1536 678 1756 744 δέδωκε,

172 773 263 828 καὶ
290 772 409 825 ὅσον
435 769 495 823 τὸ
525 768 611 822 ἐπ’
643 770 856 841 ἐκείνῳ,
886 772 915 824 6
949 770 1155 842 κόσμος
1177 763 1380 842 ἐσώθη,
1411 773 1561 842 καὶὴ
1594 771 1759 841 φύσις

174 865 354 918 ἅπασα
408 862 669 934 ἡγιάσθη,
726 863 861 917 καθὸ
912 862 1144 933 δύναμιν
1199 863 1359 919 ἔλαϐε
1426 867 1583 936 νικᾷν
1654 864 1755 937 τὴν

173 958 464 1028 ἁμαρτίαν,
491 956 588 1010 καὶ
620 957 653 1028 ή
682 958 931 1029 ἁμαρτία
956 959 1173 1029 ἀπέδρα.
1213 958 1303 1013 διὰ
1345 959 1438 1013 τοῦ
1471 960 1592 1025 sva;
1649 960 1747 1014 ἀν-

1859 600 2000 656 erat,
2033 594 2266 648 mundus
2299 602 2915 666 servatus,‘uaturaque
2960 595 3215 650 universa
3259 594 3455 649 sancti~

1860 682 2016 736 licata
2064 691 2170 750 est,
2205 697 2271 737 eo
2310 684 2455 753 quod
2489 686 2697 754 accepit
2731 685 2988 741 virtutem
3022 682 3273 737 vincendi
3319 695 3455 751 pec-

1857 784 2043 829 catum
2113 789 2212 842 per
2270 790 2437 829 unum
2509 775 2784 829 hominem
2851 774 3139 829 Dominum
3201 782 3450 829 nostrum

1836 862 2041 941 ’Jcsum
2075 862 2376 928 Christum,
2398 865 2541 919 sicut
2569 872 2624 918 ct
2650 878 2747 933 per
2773 877 2939 918 unum
2966 863 3248 919 hominem
3278 861 3450 917 Adam

1858 957 1911 1013 in
1945 968 2223 1027 peccatum
2261 957 2560 1014 ceciderat.

170 1051 388 1123 θρώπου
412 1049 508 1105 τοῦ
548 1052 930 1123 Κυρίουὴμῶν
956 1054 1141 1125 Ἰησοῦ
1164 1055 1638 1128 Χριστοῦ,ώσπερ
1694 1055 1790 1110 καὶ
1860 1055 1928 1110 δι’
1969 1054 2091 1118 ἑνὸς
2146 1053 2437 1126 ἀνθρώπου
2484 1051 2580 1108 τοῦ
2624 1051 2801 1124 Ἀδὰμ
2853 1052 2935 1116 εἰς
2992 1050 3274 1124 ἁμαρτίαν
3321 1049 3454 1103 ὠλί-

170 1148 389 1217 σθησεν.

243 1258 261 1290 ι
298 1239 605 1309 Ἐμάχοντο
642 1239 737 1294 οὖν
790 1242 929 1313 προς
964 1243 1234 1317 ἀλλήλους
1271 1249 1321 1302 oi
1367 1248 1639 1314 Ἰουδαῖοι,
1666 1247 1753 1301 λέ·-

1929 1241 2099 1299 Veas.
2128 1242 2317 1300 53-56.
2355 1261 2375 1293 ι
2421 1240 2782 1297 Decertabaut
2811 1193 2944 1311 ergo
2977 1237 3154 1293 Judaei
3186 1238 3331 1293 inter
3363 1252 3447 1305 se,

166 1349 353 1401 γοντες
379 1348 393 1362 ο
437 1332 558 1395 Πῶς
608 1332 828 1388 δύναται
857 1327 1015 1401 οὗτος
1046 1339 1179 1408 ἡμῖν
1229 1340 1413 1394 δοῦναι
1439 1342 1538 1413 τὴν
1573 1343 1752 1414 σάρκα

1862 1338 2104 1395 dicentes
2146 1356 2162 1394 :
2213 1336 2498 1405 Quomodo
2529 1337 2619 1392 hic
2661 1344 2840 1407 potest
2872 1333 3028 1390 nobis
3066 1333 3197 1389 dare
3228 1346 3448 1388 carnem

164 1427 357 1495 φαγεῖν
388 1443 403 1489 ;
434 1420 603 1478 Εἶπεν
627 1424 720 1479 οὖν
754 1428 939 1493 αὐτοῖς
996 1432 1023 1483 6
1079 1431 1291 1504 Ἰησοῦς
1314 1450 1328 1465 ο
1373 1436 1571 1506 Ἀμὴν,
1601 1436 1749 1507 ἀμὴν

1862 1447 2001 1487 suam
2048 1432 2115 1486 ad
2149 1430 2466 1486 edendum?
2507 1428 2651 1484 Dixit
2698 1430 2778 1484 eis
2806 1427 2966 1483 Jesus
3006 1443 3021 1481 :
3055 1425 3250 1489 Amen,
3288 1438 3445 1479 amen

163 1517 306 1584 λέγω
330 1516 481 1585 ὑμῖν,
520 1516 615 1570 ἐὰν
659 1518 735 1587 μὴ
763 1520 976 1590 φάγητε
1005 1521 1104 1593 τὴν
1140 1523 1318 1593 σάρκα
1346 1526 1439 1579 τοῦ
1466 1528 1595 1581 Υἱοῦ
1656 1528 1751 1581 τοῦ

1862 1526 1983 1580 dico
2026 1524 2199 1591 vobis,
2247 1523 2352 1578 nisi
2392 1522 2614 1578 ederitis
2660 1535 2880 1576 carnem
2907 1519 3029 1574 Filii
3082 1519 3342 1580 hominis.
3380 1525 3437 1571 et

162 1606 478 1676 ἀνθρώπου,
520 1610 616 1664 καὶ
640 1610 799 1680 πίητε
835 1613 1001 1667 αὐτοῦ
1028 1615 1087 1667 τὸ
1119 1610 1280 1686 αἷμα,
1307 1619 1409 1672 οὐκ
1431 1619 1581 1691 ἔχετε
1605 1621 1752 1693 ζωὴν

1862 1616 2092 1672 biberitis
2126 1616 2242 1684 ejus
2294 1614 2632 1691 sanguinem,
2680 1627 2786 1666 non
2840 1609 3109 1665 habebitis
3161 1609 3331 1663 vitam
3392 1607 3446 1661 in

163 1698 220 1751 ἐν
252 1699 490 1793 ἑαυτοῖς.
532 1697 591 1753 '0
648 1700 879 1793 τρώγων
916 1722 1016 1774 μου
1054 1706 1154 1777 τὴν
1209 1709 1414 1779 σάρκα,
1445 1714 1538 1765 καὶ
1584 1718 1752 1767 πίνων

1862 1700 2038 1765 vobis;
2068 1708 2169 1775 Qui
2204 1707 2315 1762 edit
2346 1720 2523 1762 meam
2551 1719 2795 1768 carnem,
2831 1711 2888 1757 et
2918 1701 3055 1759 bibit
3096 1714 3274 1754 meum
3320 1712 3448 1751 sano

163 1807 265 1862 μου
304 1791 363 1844 τὸ
395 1786 559 1861 αἷμα,
591 1792 705 1863 ἔχει
734 1792 881 1865 ζωὴν
912 1796 1130 1852 αἰώνιον
1154 1816 1165 1829 ·
1197 1802 1292 1854 καὶ
1315 1801 1426 1869 ἐγὼ
1462 1804 1752 1872 ἀναστήσω

159 1882 324 1936 αὑτὸν
355 1886 421 1953 τῇ
465 1884 675 1957 ἐσχάτῃ
701 1887 907 1959 ἡμέρᾳ.
977 1889 1042 1943 Ἠ
1077 1890 1181 1962 γάρ
1215 1894 1354 1965 σάρξ
1385 1912 1486 1965 μου
1532 1896 1751 1967 άληθῶς

161 1974 281 2027 ἐστι
310 1974 540 2046 βρῶσις,
570 1978 664 2032 καὶ¹
694 1980 754 2031 τὸ
778 1975 917 2049 αἷμά
962 1999 1064 2048 μου
1098 1984 1317 2053 ἀληθῶς
1350 1988 1467 2041 ἔστι
1500 1989 1682 2051 πόσις.
1726 2010 1744 2041 ι

170 2062 538 2129 Ἀκούσαντες
594 2068 644 2121 οἰ
706 2069 951 2124 Ἰουδαῖοι
1010 2073 1139 2143 περὶ
1190 2072 1291 2143 τῆς
1346 2075 1603 2146 βρώσεως
1652 2080 1753 2144 τῆς

156 2154 364 2224 σαρκὸς
388 2154 486 2208 τοῦ
522 2157 750 2226 Κυρίου.
781 2160 1096 2217 ἀπιστοῦσι.
1130 2162 1229 2216 Διὰ
1257 2163 1417 2217 τοῦτο
1448 2166 1542 2218 καὶ
1572 2165 1633 2218 τὸ
1654 2167 1753 2237 τῆς

155 2245 422 2309 ἁπιστέας
455 2247 625 2318 ῥῆμα,
658 2250 750 2318 τοι,
782 2269 801 2302 ι
831 2252 991 2320 Πῶς;
1024 2274 1041 2306 ι
1076 2254 1611 2323 φθέγγονται.⁶’οταν
1642 2258 1752 2329 γάρ

152 2337 423 2404 ἀπιστίας
477 2340 736 2412 λογισμοὶ
783 2346 1101 2401 εἰσέλθωσιν
1138 2351 1218 2412 εἰς
1272 2348 1612 2421 ψυχὴν,τότε
1654 2354 1751 2405 καὶ

152 2429 213 2483 τὸ
234 2468 250 2492 .
286 2431 454 2495 Πώς;
486 2434 915 2506 συνεισέρχεται.
949 2438 1046 2492 Διὰ
1075 2437 1235 2492 τοῦτο
1272 2442 1367 2495 καὶ
1397 2441 1557 2506 αὐτὸς
1581 2443 1752 2498 θέλων

151 2522 355 2587 δεῖξαι.
384 2525 465 2578 ὅτι
498 2525 599 2578 οὐκ
632 2528 747 2579 ἐστι
782 2527 943 2582 τοῦτο
966 2530 1251 2596 ἀδύνατον,
1286 2532 1422 2586 ἀλλὰ
1472 2535 1567 2588 καὶ
1610 2536 1744 2605 σφόο

149 2616 254 2687 δρα
285 2620 615 2686 ἀναγκαῖον,
665 2621 760 2673 καὶ
812 2622 912 2674 οὐκ
973 2621 1123 2675 ἐστιν
1163 2623 1338 2688 ἄλλως
1385 2625 1529 2695 ἔχειν
1580 2627 1748 2699 ζωὴν.

155 2710 329 2781 φησίν
362 2724 378 2739 ⁸
423 2728 443 2762 ι
493 2711 620 2765 Ἐάν
681 2714 754 2782 μή
808 2730 914 2783 μου
944 2713 1042 2785 τὴν
1098 2715 1277 2782 σάρκα
1315 2718 1598 2789 φάγητε,»
1658 2722 1751 2774 καὶ

147 2802 219 2854 τὰ
248 2802 407 2871 ἑξῆς.
448 2802 605 2855 Οὕτω
647 2804 743 2857 καὶ
767 2805 795 2856 6
824 2806 1138 2878 Νικόδημος
1182 2809 1240 2874 ἐξ
1268 2810 1527 2874 ἀπιστίας
1553 2792 1747 2880 ἔλεγε)

152 2911 175 2945 ι
214 2892 342 2957 Πῶς
363 2895 587 2948 δύναται
611 2895 705 2951 άνθ
714 2913 897 2966 ρωπος
915 2899 1176 2953 εἰσελθεῖν
1195 2902 1274 2964 εἰς
1291 2902 1391 2972 τὴν
1415 2903 1623 2956 κοιλίαν
1649 2904 1751 2973 τῆς

152 2987 373 3058 μητρός
405 3005 419 3053 ;
467 3007 489 3041 ι
524 2991 616 3042 Δεῖ
644 2988 821 3051 τοίνυν
842 2992 990 3060 ἡμᾶς
1035 2994 1399 3059 ἀκούσαντας,
1432 2995 1517 3048 ὃτι
1538 2996 1631 3048 ἐὰν
1673 2999 1748 3067 μὴ

1863 1803 2099 1872 guinem,
2125 1800 2288 1854 habet
2317 1798 2480 1852 vitam
2505 1805 2787 1859 attentam,
2812 1803 2867 1848 et
2895 1808 2994 1863 ego
3020 1790 3297 1847 suscitabo
3324 1802 3447 1843 eum

1864 1898 1916 1949 in
1957 1894 2252 1949 novissimo
2283 1891 2392 1946 die.
2426 1890 2567 1945 Caro
2598 1889 2741 1943 enim
2776 1900 2896 1941 mea
2923 1898 3052 1939 vere
3081 1891 3165 1939 est
3196 1881 3373 1945 cibus,
3394 1886 3457 1934 et

1861 1986 2081 2056 sanguis
2114 1999 2265 2039 meus
2295 1997 2421 2037 vere
2445 1990 2528 2037 est
2554 1990 2732 2048 potus.
2767 1998 2786 2030 ι
2810 1976 2983 2033 ,ἰυᾱωί
3012 1991 3135 2029 cum
3166 1973 3451 2028 audissent.

1861 2078 1927 2132 de
1972 2092 2068 2131 esu
2122 2076 2304 2131 carnis
2354 2073 2520 2135 illius,
2576 2070 2915 2125 discredunt.
2956 2066 3084 2122 Ideo
3131 2074 3188 2120 et
3220 2065 3445 2118 verbum

1861 2165 2455 2223 incredulitatisdicunt
2480 2180 2493 2218 :
2525 2159 2859 2228 Quomodo?
2893 2156 3030 2212 Nam
3058 2157 3276 2226 quando
3300 2153 3448 2223 cogir

1862 2262 2097 2317 taliones
2130 2255 2532 2313 incredulitatis
2563 2254 2947 2325 ingrediuntur
2978 2251 3033 2305 in
3065 2249 3327 2313 animam,
3364 2249 3457 2300 in-

1860 2356 2103 2425 greditur
2149 2352 2333 2417 simul,
2388 2346 2714 2415 Quomodo?
2757 2345 3055 2415 Propterea
3102 2343 3217 2411 ipse
3264 2339 3451 2396 volens

1862 2447 1963 2501 hoc
1995 2442 2284 2498 oSIeudere
2324 2439 2467 2510 quod
2498 2452 2605 2493 non
2646 2438 2717 2491 sit
2754 2433 3120 2505 impossibile,
3150 2432 3245 2487 sed
3283 2430 3449 2485 etiam

1859 2537 2013 2591 valde
2054 2532 2443 2597 necessarium,
2488 2530 2566 2583 ait
2614 2545 2629 2584 :
2668 2526 2784 2582 Non
2834 2535 3011 2596 potest
3055 2526 3216 2580 aliter
3248 2524 3442 2578 haberi

1860 2627 1994 2690 vita,
2033 2644 2051 2676 ι
2089 2624 2189 2679 uisi
2230 2637 2405 2676 meam
2448 2632 2669 2675 carnem
2701 2616 2864 2688 595
2910 2616 3247 2681 comedatis,
3281 2632 3299 2665 ι
3338 2623 3448 2669 etc.

1858 2720 1941 2775 Ita
1967 2726 2021 2774 et
2050 2715 2387 2771 Nic-edemus
2416 2728 2484 2768 ex
2519 2711 2900 2767 incredulitate
2928 2707 3146 2765 dicebat
3178 2724 3193 2762 :
3240 2726 3259 2759 ι
3298 2708 3446 2774 Quo-

1859 2813 2021 2867 modo
2063 2816 2240 2877 potest
2294 2807 2460 2861 bomo
2512 2805 2717 2859 intrare
2757 2801 2810 2856 in
2853 2809 3102 2855 ventrem
3144 2798 3378 2853 matris?
3424 2815 3447 2849 ι

1859 2904 2088 2976 Oportet
2120 2899 2284 2971 igitur
2320 2912 2442 2960 nos,
2469 2910 2595 2951 cum
2645 2892 3042 2957 audiverimus,
3076 2888 3191 2944 Nisi
3224 2888 3451 2943 ederitis

1859 3000 2081 3051 carnem
2112 2993 2257 3057 Filii,
2294 3007 2401 3045 non
2432 2989 2705 3045 habebitis
2739 2987 2932 3050 vitam,
2962 2984 3016 3039 in
3050 2978 3452 3053 sumptionibus

148 3080 431 3148 φάγωμεν
461 3079 560 3150 τὴν
604 3081 786 3152 σάρκα
808 3083 901 3136 τοῦ
938 3084 1095 3149 Υίοῦ,
1125 3087 1225 3140 οὐκ
1259 3086 1459 3157 ἔχομεν
1492 3087 1660 3158 ζωὴν,
1693 3090 1750 3141 ὲν

1862 3087 2169 3143 divinorum
2202 3081 2586 3155 mysteriorum
2611 3077 2972 3133 indubitatam
2999 3073 3232 3128 retinere
3265 3069 3449 3134 tidem,

145 3173 275 3235 ταῖς
313 3171 655 3243 μεταλήψεσι
684 3174 796 3229 τῶν
824 3174 986 3230 θείων
1023 3178 1345 3249 μυστηρίων
1376 3178 1560 3232 πίστιν
1605 3180 1752 3251 ἔχειν

144 3261 511 3323 ἀδίστακτον.
542 3265 639 3317 καὶ
684 3264 759 3335 μὴ
790 3266 980 3335 ζητεῖν
1008 3266 1089 3331 τὸ,
1123 3268 1247 3331 Πῶς
1278 3287 1293 3334 ;
1331 3268 1391 3322 '0
1426 3268 1533 3339 γάρ
1589 3270 1755 3342 ψυχιο

146 3355 246 3417 κὸς
305 3354 622 3425 ἄνθρωπος,
646 3357 949 3426 τουτέστιν,
983 3359 1013 3410 6
1059 3360 1343 3429 λογισμοῖς
1388 3361 1751 3433 ἀνθρωπίνοις

146 3448 248 3499 καὶ
295 3445 583 3515 ψυχικοῖς,
613 3448 732 3516 ἦτοι
782 3453 1056 3518 φυσικοῖς,
1087 3452 1377 3521 ἑπόμενος,
1431 3455 1495 3507 οὑ
1537 3455 1751 3526 δέχεται

142 3538 217 3592 τὰ
255 3540 405 3610 ὑπὲρ
432 3539 595 3607 φύσιν
626 3541 720 3595 καὶ
758 3545 1111 3611 πνευματικά
1141 3560 1155 3575 ο
1186 3546 1384 3618 ὧσπερ
1409 3543 1501 3601 οὖν
1532 3552 1626 3601 καὶ
1656 3549 1754 3620 τὴν

145 3632 549 3704 πνευματικὴν
582 3631 788 3702 βρῶσιν
813 3634 913 3704 τῆς
945 3635 1039 3687 τοῦ
1073 3635 1500 3709 Κυρίουδσαρκὸς
1523 3640 1584 3693 οὐ
1606 3642 1751 3707 νοεῖ,

142 3717 213 3796 ἧς
251 3723 305 3776 οἱ
350 3724 428 3794 μὴ
485 3726 1026 3796 μεταλαμϐάνοντες,
1062 3728 1325 3799 ἀμέτοχοι
1377 3729 1593 3784 ἔσονται
1652 3732 1754 3801 τῆς

143 3816 385 3868 αἰωνίου
414 3814 583 3887 ζωῆς,
616 3816 690 3880 ὼς
723 3817 799 3888 μὴ
832 3820 1270 3891 παραδεξάμενοι
1298 3824 1389 3875 τὸν
1428 3824 1639 3894 Ἰησοῦν
1663 3823 1755 3878 τὸν

144 3905 288 3960 ὄντα
327 3906 482 3976 ζωὴν
514 3906 793 3978 ἀληθινήν.
839 3910 913 3962 Οὖ
940 3910 1049 3981 γὰρ
1081 3911 1243 3979 ψιλοῦ
1292 3912 1585 3983 ἀνθρώπου
1616 3914 1755 3985 σάρξ

143 3997 311 4049 ἐστιν
342 3997 376 4064 ἠ
426 3994 741 4075 ἐσθιομένη,
791 3996 927 4052 ἀλλὰ
953 3999 1116 4063 Θεοῦ,
1143 4002 1239 4054 καὶ
1276 4001 1549 4056 θεοποιεῖν
1593 4004 1754 4057 δυνα-

148 4091 327 4163 μένη,
382 4087 457 4152 ὼς
507 4088 879 4161 ἁνακραθεῖσα
931 4090 1343 4163 θεότητι.Αὖτη
1385 4095 1481 4147 καὶ
1537 4094 1757 4165 ἀληθῶς

141 4181 272 4233 ἐστι
316 4178 547 4250 βρῶσις,
576 4179 711 4233 καθὸ
761 4181 823 4234 οὑ
878 4181 1018 4254 πρὸς
1057 4182 1239 4253 ὀλίγον
1277 4187 1468 4258 καιρὸν
1518 4186 1753 4260 διαρκεῖ,

140 4271 275 4323 οὐδὲ
316 4269 611 4340 φθείρεται
644 4270 898 4344 καθάπερ
933 4275 967 4344 ἡ
996 4274 1199 4345 ῥευστὴ
1233 4274 1458 4346 βρῶσις,
1490 4278 1628 4333 ἀλλὰ
1655 4282 1757 4350 τῆς

1858 3188 1911 3236 et
1948 3193 2057 3232 non
2091 3190 2356 3245 qumrere,
2390 3170 2510 3239 Quo
2560 3169 2760 3240 pacto?
2789 3165 2926 3223 Nam
2959 3163 3214 3221 animalis
3256 3161 3444 3226 homo,

1858 3271 1960 3326 boc
1991 3278 2075 3324 est
2115 3268 2205 3338 qui
2249 3266 2498 3335 sequitur
2544 3261 2903 3332 cogitationes
2945 3259 3212 3314 humanas
3238 3266 3295 3312 et
3326 3252 3443 3308 aui-

1859 3363 2048 3427 males,
2098 3361 2213 3417 sive
2262 3358 2561 3424 naturales,
2606 3369 2713 3409 non
2745 3362 2834 3410 est
2882 3367 3056 3423 capax
3090 3363 3279 3404 eorum
3324 3360 3447 3417 quae

1860 3464 1990 3511 sunt
2021 3468 2186 3524 super
2218 3461 2490 3516 naturam,
2522 3460 2581 3505 et
2622 3447 3014 3519 spiritualium.
3050 3446 3228 3513 Atque
3269 3441 3345 3496 ita
3392 3447 3451 3493 et

1858 3546 2195 3617 spiritualem
2222 3559 2375 3600 esum
2403 3543 2584 3599 carnis
2613 3540 2911 3596 Dominica:
2942 3552 3049 3592 nou
3081 3533 3333 3604 intelligit
3356 3533 3406 3565 “
3433 3550 3449 3587 :

1859 3640 2017 3709 cujus
2048 3637 2137 3707 qui
2174 3652 2283 3692 non
2311 3645 2437 3691 sunt
2466 3633 2789 3706 participes,
2830 3646 2937 3685 non
2970 3637 3132 3685 erunt
3157 3625 3452 3697 participes

1857 3740 2077 3785 aeterna:
2110 3730 2256 3795 vitat,
2287 3744 2353 3784 eo
2383 3729 2530 3797 quod
2573 3743 2679 3783 non
2698 3730 3071 3793 susceperunt
3103 3719 3314 3786 Jesum,
3349 3716 3464 3788 qui-

1855 3832 1943 3880 est
1975 3820 2095 3877 Vita
2133 3831 2361 3877 aterua.
2408 3818 2525 3875 Non
2570 3817 2717 3872 enim
2752 3815 2883 3870 nudi
2930 3811 3170 3869 hominis
3205 3824 3336 3866 caro
3364 3816 3451 3864 est

1858 3930 1979 3986 qua:
2013 3914 2396 3979 manducatur,
2438 3911 2533 3967 sed
2568 3908 2702 3975 Dei,
2733 3917 2789 3963 et
2819 3920 2939 3976 qua:
2984 3903 3243 3961 deiﬁcare
3281 3901 3449 3966 valet,

1860 4015 2050 4076 utpote
2097 4013 2501 4073 contemperata
2554 4001 2763 4056 deitati.
2823 3998 2930 4054 Ista
2977 3998 3144 4053 etiam
3196 4008 3324 4050 vere
3368 4000 3455 4048 est

1860 4099 2035 4163 cibus,
2060 4112 2125 4154 eo
2159 4097 2302 4168 quod
2335 4110 2444 4151 non
2468 4096 2535 4151 ad
2568 4108 2798 4165 parvum
2828 4102 3039 4161 tempus
3068 4090 3245 4151 duret,
3274 4100 3453 4154 neque

1860 4201 2243 4261 corrumpatur
2277 4190 2418 4246 sicut
2464 4186 2838 4257 corruptibilis
2879 4185 3036 4240 cibus
3059 4222 3074 4248 ,
3108 4182 3203 4237 sed
3232 4190 3453 4236 aeternae

1860 4282 1987 4338 vitae
2032 4281 2103 4337 sit
2140 4279 2469 4337 subsidium.
2518 4277 2783 4333 Similiter
2840 4285 2896 4331 et
2944 4282 3106 4343 potus
3166 4272 3452 4343 sanguinis

143 4364 391 4419 αἰωνίου
451 4362 598 4431 ζωῆς
641 4366 792 4417 ἐστιν
842 4365 1156 4437 ἐπίκουρος.
1219 4367 1450 4438 Ὁμοίως
1495 4370 1552 4424 δὲ
1597 4374 1749 4444 κριὶὴ

1866 4374 2099 4443 Domini,
2131 4390 2258 4430 vere
2296 4382 2380 4429 est
2414 4382 2573 4443 potus
2605 4389 2621 4427 :
2654 4370 2783 4441 quia
2815 4384 2921 4424 non
2955 4369 3023 4421 ad
3053 4377 3265 4437 tempus
3297 4364 3452 4422 sutil-

138 4457 319 4519 πόσις
377 4453 472 4507 τοῦ
505 4453 742 4525 αἵματος
772 4454 868 4508 τοῦ
906 4457 1136 4527 Κυρίου,
1161 4458 1380 4529 άληθῶς
1402 4463 1538 4521 ,ἐστι
1570 4463 1748 4530 πόσις,

1862 4468 1933 4524 cit
1964 4468 2076 4533 siti,
2118 4468 2211 4522 sed
2238 4480 2454 4536 semper
2497 4464 2703 4534 absque
2747 4460 2835 4517 siti
2879 4468 3187 4524 conservat,
3236 4473 3334 4512 nec
3370 4458 3452 4511 iu-

137 4549 226 4602 δτι
276 4547 362 4619 μὴ
415 4546 553 4618 πρὸς
585 4547 780 4618 καιρὸν
812 4548 1049 4619 ἐπαρκεῖ
1077 4548 1154 4618 τῷ
1177 4550 1347 4619 δίψει,
1378 4552 1494 4605 ἀλλ’
1528 4556 1607 4618 εἰς
1664 4557 1752 4609 ἀεὶ

1862 4562 2043 4630 digere
2066 4559 2331 4629 permittit
2360 4560 2657 4621 bibentem,
2691 4555 2834 4611 sicut
2868 4564 2924 4609 et
2958 4552 3023 4606 ad
3046 4550 3447 4607 Samaritanam

139 4642 356 4713 ἄδιψον
388 4642 639 4713 διατηρεῖ
665 4643 760 4695 καὶ
782 4642 1042 4712 ἀνεπιδεῆ
1071 4643 1161 4696 τὸν
1193 4643 1385 4698 πιόντα
1403 4660 1417 4675 ο
1450 4645 1634 4710 καθὼς
1660 4649 1755 4701 καὶ⁵

138 4736 296 4807 πρὸς
329 4734 432 4807 τὴν
454 4734 784 4805 Σαμαρεῖτιν
831 4734 1036 4803 ἔλεγεν,
1070 4735 1177 4799 ὅτι,
1206 4752 1225 4785 ι
1271 4733 1332 4789 Ὃ
1364 4736 1538 4789 πίνων
1566 4738 1631 4791 ἐκ
1658 4738 1752 4792 τοῦ

138 4828 361 4889 ὓδατος
438 4817 500 4879 οὗ
548 4824 660 4894 ἐγὼ
720 4825 900 4890 δώσω,
952 4827 1014 4879 οὐ
1063 4825 1290 4897 διψήσῃ.
1328 4845 1347 4879 ι
1407 4827 1595 4892 Ὅστις
1644 4829 1754 4899 γὰρ

135 4922 249 4992 τὴν
280 4920 456 4989 χάριν
484 4916 578 4971 τοῦ
605 4917 764 4984 ἁγίου
800 4917 1115 4987 Πνεύματος
1154 4918 1242 4973 διὰ
1266 4920 1367 4987 τῆς
1394 4921 1755 4992 μεταλήψεως

133 5014 259 5067 τῶν
324 5010 493 5064 θείων
529 5011 845 5082 μυστηρίων
875 5011 1108 5078 δέξεται,
1145 5010 1269 5067 οὔτε
1323 5012 1586 5085 λιμώττει
1621 5032 1751 5088 νοηο

133 5105 239 5167 τὸν
266 5103 462 5174 λιμὸν,
494 5102 619 5159 οὔτε
648 5101 780 5174 διψᾷ
803 5100 975 5175 δίψος,
1001 5099 1114 5156 οἷον
1134 5104 1183 5156 οἰ
1206 5103 1459 5160 ἄπιστοι.

223 5212 246 5249 ι
314 5192 384 5245 '0
421 5191 649 5262 τρώγων
700 5209 801 5263 μου
839 5192 940 5263 τὴν
987 5193 1187 5264 σάρκα,
1216 5195 1311 5249 καὶ
1347 5197 1522 5252 πίνων
1549 5216 1654 5269 μου
1689 5200 1753 5254 τὸ

138 5280 325 5355 αἷμα,
370 5283 429 5335 ὲν
468 5283 591 5351 ἐμοὶ
624 5282 796 5353 μένει,
855 5284 1012 5351 κάγὼ
1061 5286 1120 5339 ὲν
1155 5286 1324 5357 αὐτῷ.
1373 5288 1573 5354 Καθὼς
1616 5290 1755 5345 ἀπέ-

139 5378 345 5433 στειλέ
387 5393 454 5446 με
477 5375 507 5428 6
537 5375 646 5440 ζῶν
679 5376 890 5448 Πατὴρ,
937 5377 1093 5448 κάγὼ
1126 5378 1206 5445 ζῶ
1234 5381 1325 5436 διὰ
1369 5382 1465 5437 τὸν
1495 5383 1711 5455 Πατέρα
1732 5400 1749 5417 ⁶

136 5480 243 5526 και
283 5472 317 5523 6
348 5466 582 5538 τρώγων
611 5485 703 5539 με,
741 5472 992 5535 κάκεῖνος
1033 5470 1261 5543 ζήσεται
1291 5474 1362 5528 δι’
1419 5477 1545 5545 ὲμέ.
1580 5473 1754 5542 Οὗτός

137 5564 313 5616 ἐςτιν
348 5562 378 5612 6
410 5561 574 5632 ἄρτος
600 5561 629 5614 6
658 5564 721 5614 ἐκ
752 5562 846 5616 τοῦ
870 5564 1106 5634 οὐρανοῦ
1153 5566 1403 5631 καταϐάς
1426 5584 1440 5600 ·
1477 5569 1537 5621 οὐ
1568 5569 1754 5635 καθὼς

136 5658 375 5727 ἔφαγον
396 5654 457 5707 τὸ
482 5656 661 5724 μάννα
685 5657 732 5710 οἱ
760 5655 998 5729 πατέρες
1033 5658 1187 5729 ὑμῶν
1228 5660 1287 5715 ὲν
1316 5664 1382 5734 τῇ
1414 5663 1627 5736 ἐρήμῳ,
1659 5665 1752 5720 καὶ

223 5845 280 5877 ⁸⁰
322 5843 501 5903 lCor.
553 5863 610 5912 ιι,
674 5846 756 5905 Η.
835 5849 901 5928 ⁵³.
950 5846 1104 5905 Joan.
1169 5865 1243 5920 tv,
1279 5851 1375 5906 15.

1858 4657 2072 4712 dicebat
2110 4674 2123 4711 :
2155 4674 2173 4708 ι
2227 4658 2331 4721 Qui
2369 4653 2504 4710 bibit
2538 4669 2605 4707 ex
2647 4666 2786 4719 aqua
2819 4663 2982 4718 quam
3008 4662 3109 4717 ego
3141 4648 3303 4709 dabo,
3340 4659 3447 4699 non

1856 4747 2010 4804 sitiet
2052 4747 2122 4801 ⁵⁸.
2176 4763 2195 4798 ι
2246 4743 2380 4800 Nam
2425 4742 2675 4813 quisquis
2710 4738 2942 4805 gratiam
2988 4735 3165 4791 sancti
3208 4734 3449 4803 Spiritus

1854 4856 1955 4913 per
1981 4838 2342 4910 sumptionem
2366 4835 2668 4891 divinorum
2695 4830 3074 4901 mysteriorum
3101 4827 3432 4897 susceperit,

1858 4949 2035 5005 neque
2058 4932 2255 4988 {amem
2287 4927 2620 5002 spiritualem
2648 4939 2826 4995 neque
2852 4922 2999 4978 sitim
3031 4922 3289 4992 patietur,
3317 4932 3454 4990 qua-

1861 5027 1966 5084 lem
1998 5024 2281 5082 increduli.

1940 5204 2102 5261 Vsus.
2130 5203 2326 5261 57-59.
2368 5220 2388 5254 ι
2440 5200 2545 5267 Qui
2577 5201 2689 5256 edit
2729 5212 2905 5255 meam
2952 5208 3196 5258 carnem,
3225 5201 3281 5249 et
3317 5190 3454 5248 bibit

1861 5312 2038 5353 memn
2069 5297 2409 5365 sanguinem,
2442 5292 2495 5347 in
2523 5306 2609 5346 me
2638 5299 2839 5355 manet,
2864 5296 2917 5344 et
2942 5301 3041 5356 ego
3068 5286 3121 5340 iu
3149 5282 3264 5339 illo.
3295 5281 3452 5339 Sicut

1868 5389 2016 5445 misit
2052 5403 2140 5442 me
2169 5386 2359 5442 vivens
2391 5384 2576 5451 Pater,
2608 5385 2681 5439 ita
2711 5392 2766 5439 et
2795 5398 2896 5451 ego
2925 5382 3050 5436 vivo
3088 5387 3309 5450 propter
3341 5375 3450 5429 Pa-

1867 5490 2003 5537 trem
2025 5521 2042 5547 ,
2069 5488 2125 5535 et
2171 5479 2261 5550 qui
2305 5478 2482 5534 ederit
2513 5492 2622 5540 me,
2659 5483 2714 5530 et
2761 5474 2877 5543 ipse
2910 5472 3053 5528 vivet
3085 5481 3309 5542 propter
3342 5480 3449 5525 nte.

1865 5573 1967 5630 Hic
2012 5581 2098 5629 est
2147 5572 2304 5643 panis
2353 5572 2445 5641 qui
2479 5571 2547 5627 de
2595 5568 2737 5625 cmlo
2778 5566 3058 5623 descendit
3110 5583 3124 5619 :
3162 5576 3266 5618 non
3305 5559 3450 5614 sicut

1860 5666 2219 5725 comederunt
2268 5674 2450 5737 patres
2493 5660 2659 5719 vestri
2708 5674 2938 5727 manna,
2975 5666 3029 5713 et
3062 5651 3256 5711 intortui
3298 5653 3445 5705 sunt.
