  <div class='ocr_page' id='page_1' title='image "/cluster/home/n/w/nwhite01/storage/ocr_20150623/123/hvd.32044019208198/667.png"; bbox 0 0 3960 6454; ppageno 0'>
   <div class='ocr_carea' id='block_1_1' title="bbox 2027 295 2375 321">
    <p class='ocr_par' dir='ltr' id='par_1_1' title="bbox 2027 295 2375 321">
     <span class='ocr_line' id='line_1_1' title="bbox 2027 295 2375 321; baseline -0.003 -17"><span class='ocrx_word' id='word_1_1' title='bbox 2027 300 2033 304; x_wconf 90' lang='grc'><strong>.</strong></span> <span class='ocrx_word' id='word_1_2' title='bbox 2102 302 2215 312; x_wconf 32' lang='grc' dir='ltr'><strong>πω,</strong></span> <span class='ocrx_word' id='word_1_3' title='bbox 2267 295 2375 321; x_wconf 47' lang='grc' dir='ltr'><strong>,κ</strong></span> 
     </span>
    </p>
   </div>
   <div class='ocr_carea' id='block_1_2' title="bbox 478 390 3756 509">
    <p class='ocr_par' dir='ltr' id='par_1_2' title="bbox 478 390 3756 509">
     <span class='ocr_line' id='line_1_2' title="bbox 478 390 3756 509; baseline -0.005 0"><span class='ocrx_word' id='word_1_4' title='bbox 478 439 620 509; x_wconf 78' lang='lat'><strong>1315</strong></span> <span class='ocrx_word' id='word_1_5' title='bbox 1162 440 1171 448; x_wconf 84' lang='lat'><strong>&#39;</strong></span> <span class='ocrx_word' id='word_1_6' title='bbox 1401 390 1988 499; x_wconf 64' lang='lat' dir='ltr'><strong>’I‘HEOPHYLAC&#39;.&quot;.</strong></span> <span class='ocrx_word' id='word_1_7' title='bbox 2028 429 2444 495; x_wconf 64' lang='lat' dir='ltr'><strong>BULGARIIE</strong></span> <span class='ocrx_word' id='word_1_8' title='bbox 2486 430 2842 497; x_wconf 78' lang='lat' dir='ltr'><strong>ARCHIEP.</strong></span> <span class='ocrx_word' id='word_1_9' title='bbox 3608 431 3756 500; x_wconf 66' lang='lat'><strong>1316</strong></span> 
     </span>
    </p>
   </div>
   <div class='ocr_carea' id='block_1_3' title="bbox 473 546 2072 630">
    <p class='ocr_par' dir='ltr' id='par_1_3' title="bbox 473 546 2058 630">
     <span class='ocr_line' id='line_1_3' title="bbox 473 546 2058 630; baseline -0.009 -14"><span class='ocrx_word' id='word_1_10' title='bbox 473 564 811 630; x_wconf 73' lang='lat' dir='ltr'><strong>exponentes</strong></span> <span class='ocrx_word' id='word_1_11' title='bbox 845 569 907 610; x_wconf 89' lang='lat' dir='ltr'><strong>ea</strong></span> <span class='ocrx_word' id='word_1_12' title='bbox 947 567 1069 626; x_wconf 66' lang='lat' dir='ltr'><strong>quae</strong></span> <span class='ocrx_word' id='word_1_13' title='bbox 1095 551 1416 609; x_wconf 98' lang='lat' dir='ltr'><strong>dicebantur</strong></span> <span class='ocrx_word' id='word_1_14' title='bbox 1471 565 1501 604; x_wconf 91' lang='lat' dir='ltr'><strong>a</strong></span> <span class='ocrx_word' id='word_1_15' title='bbox 1541 547 1780 614; x_wconf 76' lang='lat' dir='ltr'><strong>Christo,</strong></span> <span class='ocrx_word' id='word_1_16' title='bbox 1819 546 2058 602; x_wconf 76' lang='lat' dir='ltr'><strong>oﬂende-</strong></span> 
     </span>
    </p>
   </div>
   <div class='ocr_carea' id='block_1_4' title="bbox 2177 546 3769 630">
    <p class='ocr_par' dir='ltr' id='par_1_4' title="bbox 2177 546 3769 621">
     <span class='ocr_line' id='line_1_4' title="bbox 2177 546 3769 621; baseline 0.001 -22"><span class='ocrx_word' id='word_1_17' title='bbox 2177 546 2602 618; x_wconf 68' lang='lat' dir='ltr'><strong>lx).ap6oivov&#39;rs;</strong></span> <span class='ocrx_word' id='word_1_18' title='bbox 2674 548 2743 603; x_wconf 80' lang='grc' dir='ltr'><strong>τὰ</strong></span> <span class='ocrx_word' id='word_1_19' title='bbox 2789 546 3061 621; x_wconf 81' lang='grc' dir='ltr'><strong>λεγόμενα</strong></span> <span class='ocrx_word' id='word_1_20' title='bbox 3124 549 3276 619; x_wconf 71' lang='grc' dir='ltr'><strong>παρὰ</strong></span> <span class='ocrx_word' id='word_1_21' title='bbox 3324 548 3422 603; x_wconf 87' lang='grc' dir='ltr'><strong>τοῦ</strong></span> <span class='ocrx_word' id='word_1_22' title='bbox 3486 550 3769 619; x_wconf 77' lang='grc' dir='ltr'><strong>Χριστοῦ,</strong></span> 
     </span>
    </p>
   </div>
   <div class='ocr_carea' id='block_1_5' title="bbox 474 641 2072 719">
    <p class='ocr_par' dir='ltr' id='par_1_5' title="bbox 474 643 2054 719">
     <span class='ocr_line' id='line_1_5' title="bbox 474 643 2054 719; baseline -0.006 -13"><span class='ocrx_word' id='word_1_23' title='bbox 474 651 700 718; x_wconf 84' lang='lat' dir='ltr'><strong>bantur,</strong></span> <span class='ocrx_word' id='word_1_24' title='bbox 727 649 858 704; x_wconf 83' lang='lat' dir='ltr'><strong>dicit</strong></span> <span class='ocrx_word' id='word_1_25' title='bbox 881 647 1026 719; x_wconf 87' lang='lat' dir='ltr'><strong>quod</strong></span> <span class='ocrx_word' id='word_1_26' title='bbox 1072 644 1447 716; x_wconf 85' lang='lat' dir='ltr'><strong>Spiritualiter</strong></span> <span class='ocrx_word' id='word_1_27' title='bbox 1485 643 1788 712; x_wconf 75' lang='lat' dir='ltr'><strong>intelligere</strong></span> <span class='ocrx_word' id='word_1_28' title='bbox 1823 655 1885 696; x_wconf 88' lang='lat' dir='ltr'><strong>ea</strong></span> <span class='ocrx_word' id='word_1_29' title='bbox 1933 655 2054 712; x_wconf 75' lang='lat' dir='ltr'><strong>qua:</strong></span> 
     </span>
    </p>
   </div>
   <div class='ocr_carea' id='block_1_6' title="bbox 2177 641 3772 719">
    <p class='ocr_par' dir='ltr' id='par_1_6' title="bbox 2177 641 3772 713">
     <span class='ocr_line' id='line_1_6' title="bbox 2177 641 3772 713; baseline 0.001 -20"><span class='ocrx_word' id='word_1_30' title='bbox 2177 641 2628 707; x_wconf 69' lang='grc' dir='ltr'><strong>ισκσνδαλίζοντο,</strong></span> <span class='ocrx_word' id='word_1_31' title='bbox 2682 644 2870 713; x_wconf 79' lang='grc' dir='ltr'><strong>φησὶν,</strong></span> <span class='ocrx_word' id='word_1_32' title='bbox 2920 643 3034 708; x_wconf 81' lang='grc' dir='ltr'><strong>ὅτι,</strong></span> <span class='ocrx_word' id='word_1_33' title='bbox 3064 643 3138 696; x_wconf 87' lang='grc' dir='ltr'><strong>Τό</strong></span> <span class='ocrx_word' id='word_1_34' title='bbox 3183 643 3584 712; x_wconf 74' lang='grc' dir='ltr'><strong>πνευματικῶς</strong></span> <span class='ocrx_word' id='word_1_35' title='bbox 3619 645 3772 695; x_wconf 79' lang='grc' dir='ltr'><strong>νοεῖν</strong></span> 
     </span>
    </p>
   </div>
   <div class='ocr_carea' id='block_1_7' title="bbox 475 736 2054 808">
    <p class='ocr_par' dir='ltr' id='par_1_7' title="bbox 475 736 2054 808">
     <span class='ocr_line' id='line_1_7' title="bbox 475 736 2054 808; baseline -0.004 -11"><span class='ocrx_word' id='word_1_36' title='bbox 475 741 736 797; x_wconf 89' lang='lat' dir='ltr'><strong>dicuntur</strong></span> <span class='ocrx_word' id='word_1_37' title='bbox 782 756 818 796; x_wconf 84' lang='lat' dir='ltr'><strong>a</strong></span> <span class='ocrx_word' id='word_1_38' title='bbox 861 754 968 805; x_wconf 86' lang='lat' dir='ltr'><strong>me,</strong></span> <span class='ocrx_word' id='word_1_39' title='bbox 1005 740 1108 795; x_wconf 85' lang='lat' dir='ltr'><strong>hoc</strong></span> <span class='ocrx_word' id='word_1_40' title='bbox 1137 737 1316 794; x_wconf 83' lang='lat' dir='ltr'><strong>solum</strong></span> <span class='ocrx_word' id='word_1_41' title='bbox 1367 736 1628 808; x_wconf 80' lang='lat' dir='ltr'><strong>prodest;</strong></span> <span class='ocrx_word' id='word_1_42' title='bbox 1663 750 1794 791; x_wconf 86' lang='lat' dir='ltr'><strong>caro</strong></span> <span class='ocrx_word' id='word_1_43' title='bbox 1844 744 2054 800; x_wconf 84' lang='lat' dir='ltr'><strong>autem,</strong></span> 
     </span>
    </p>
   </div>
   <div class='ocr_carea' id='block_1_8' title="bbox 2156 732 3773 805">
    <p class='ocr_par' dir='ltr' id='par_1_8' title="bbox 2156 732 3773 805">
     <span class='ocr_line' id='line_1_8' title="bbox 2156 732 3773 805; baseline -0.001 -18"><span class='ocrx_word' id='word_1_44' title='bbox 2156 732 2229 787; x_wconf 70' lang='grc' dir='ltr'><strong>τὰ</strong></span> <span class='ocrx_word' id='word_1_45' title='bbox 2255 733 2526 804; x_wconf 84' lang='grc' dir='ltr'><strong>λεγόμενα</strong></span> <span class='ocrx_word' id='word_1_46' title='bbox 2559 737 2688 804; x_wconf 77' lang='grc' dir='ltr'><strong>παρ’</strong></span> <span class='ocrx_word' id='word_1_47' title='bbox 2716 734 2873 805; x_wconf 76' lang='grc' dir='ltr'><strong>ἐμοῦ,</strong></span> <span class='ocrx_word' id='word_1_48' title='bbox 2911 735 3070 787; x_wconf 80' lang='grc' dir='ltr'><strong>τοῦτό</strong></span> <span class='ocrx_word' id='word_1_49' title='bbox 3120 737 3236 788; x_wconf 73' lang='grc' dir='ltr'><strong>ἐστι</strong></span> <span class='ocrx_word' id='word_1_50' title='bbox 3265 736 3324 789; x_wconf 80' lang='grc' dir='ltr'><strong>τὸ</strong></span> <span class='ocrx_word' id='word_1_51' title='bbox 3379 734 3637 803; x_wconf 57' lang='grc' dir='ltr'><strong>ὠφελοῦν</strong></span> <span class='ocrx_word' id='word_1_52' title='bbox 3676 752 3693 764; x_wconf 78' lang='grc' dir='ltr'><strong>ο</strong></span> <span class='ocrx_word' id='word_1_53' title='bbox 3737 737 3773 804; x_wconf 75' lang='grc' dir='ltr'>ἡ</span> 
     </span>
    </p>
   </div>
   <div class='ocr_carea' id='block_1_9' title="bbox 475 823 2072 901">
    <p class='ocr_par' dir='ltr' id='par_1_9' title="bbox 475 827 2054 901">
     <span class='ocr_line' id='line_1_9' title="bbox 475 827 2054 901; baseline -0.006 -9"><span class='ocrx_word' id='word_1_54' title='bbox 475 836 579 892; x_wconf 87' lang='lat' dir='ltr'><strong>hoc</strong></span> <span class='ocrx_word' id='word_1_55' title='bbox 603 843 709 899; x_wconf 87' lang='lat' dir='ltr'><strong>est,</strong></span> <span class='ocrx_word' id='word_1_56' title='bbox 732 833 1029 891; x_wconf 82' lang='lat' dir='ltr'><strong>carnaliter</strong></span> <span class='ocrx_word' id='word_1_57' title='bbox 1067 831 1156 887; x_wconf 79' lang='lat' dir='ltr'><strong>illa</strong></span> <span class='ocrx_word' id='word_1_58' title='bbox 1191 845 1488 901; x_wconf 76' lang='lat' dir='ltr'><strong>exponere,</strong></span> <span class='ocrx_word' id='word_1_59' title='bbox 1515 827 1652 883; x_wconf 81' lang='lat' dir='ltr'><strong>nihil</strong></span> <span class='ocrx_word' id='word_1_60' title='bbox 1684 828 1930 899; x_wconf 80' lang='lat' dir='ltr'><strong>prodest,</strong></span> <span class='ocrx_word' id='word_1_61' title='bbox 1958 828 2054 882; x_wconf 83' lang='lat' dir='ltr'><strong>sed</strong></span> 
     </span>
    </p>
   </div>
   <div class='ocr_carea' id='block_1_10' title="bbox 2177 823 3769 901">
    <p class='ocr_par' dir='ltr' id='par_1_10' title="bbox 2177 823 3769 897">
     <span class='ocr_line' id='line_1_10' title="bbox 2177 823 3769 897; baseline -0.001 -19"><span class='ocrx_word' id='word_1_62' title='bbox 2177 824 2220 878; x_wconf 64' lang='lat' dir='ltr'><strong>il</strong></span> <span class='ocrx_word' id='word_1_63' title='bbox 2264 823 2426 895; x_wconf 77' lang='grc' dir='ltr'><strong>σὰρξ,</strong></span> <span class='ocrx_word' id='word_1_64' title='bbox 2473 827 2742 890; x_wconf 76' lang='grc' dir='ltr'><strong>τουτέστι,</strong></span> <span class='ocrx_word' id='word_1_65' title='bbox 2784 826 2846 879; x_wconf 75' lang='grc' dir='ltr'><strong>τὸ</strong></span> <span class='ocrx_word' id='word_1_66' title='bbox 2892 825 3174 896; x_wconf 83' lang='grc' dir='ltr'><strong>σαρκικῶς</strong></span> <span class='ocrx_word' id='word_1_67' title='bbox 3207 825 3348 881; x_wconf 73' lang='grc' dir='ltr'><strong>αὐτὰ</strong></span> <span class='ocrx_word' id='word_1_68' title='bbox 3405 825 3769 897; x_wconf 67' lang='grc' dir='ltr'><strong>ἐκδέχεσθαι,</strong></span> 
     </span>
    </p>
   </div>
   <div class='ocr_carea' id='block_1_11' title="bbox 473 916 2072 994">
    <p class='ocr_par' dir='ltr' id='par_1_11' title="bbox 473 920 2060 994">
     <span class='ocr_line' id='line_1_11' title="bbox 473 920 2060 994; baseline -0.006 -11"><span class='ocrx_word' id='word_1_69' title='bbox 473 926 787 986; x_wconf 80' lang='lat' dir='ltr'><strong>oﬂ&#39;endiculi</strong></span> <span class='ocrx_word' id='word_1_70' title='bbox 821 925 1042 983; x_wconf 84' lang='lat' dir='ltr'><strong>occasio</strong></span> <span class='ocrx_word' id='word_1_71' title='bbox 1073 923 1151 980; x_wconf 79' lang='lat' dir='ltr'><strong>ﬁt.</strong></span> <span class='ocrx_word' id='word_1_72' title='bbox 1189 921 1282 979; x_wconf 91' lang='lat' dir='ltr'><strong>Sic</strong></span> <span class='ocrx_word' id='word_1_73' title='bbox 1327 923 1492 994; x_wconf 90' lang='lat' dir='ltr'><strong>igitur</strong></span> <span class='ocrx_word' id='word_1_74' title='bbox 1536 921 1607 976; x_wconf 91' lang='lat' dir='ltr'><strong>illi</strong></span> <span class='ocrx_word' id='word_1_75' title='bbox 1632 922 1722 991; x_wconf 89' lang='lat' dir='ltr'><strong>qui</strong></span> <span class='ocrx_word' id='word_1_76' title='bbox 1765 920 2060 976; x_wconf 85' lang='lat' dir='ltr'><strong>carnaliter</strong></span> 
     </span>
    </p>
   </div>
   <div class='ocr_carea' id='block_1_12' title="bbox 2177 916 3772 994">
    <p class='ocr_par' dir='ltr' id='par_1_12' title="bbox 2177 916 3772 990">
     <span class='ocr_line' id='line_1_12' title="bbox 2177 916 3772 990; baseline 0.001 -21"><span class='ocrx_word' id='word_1_77' title='bbox 2177 916 2314 970; x_wconf 77' lang='grc' dir='ltr'><strong>ιὺδὲν</strong></span> <span class='ocrx_word' id='word_1_78' title='bbox 2381 917 2609 986; x_wconf 78' lang='grc' dir='ltr'><strong>ὠφελεῖ,</strong></span> <span class='ocrx_word' id='word_1_79' title='bbox 2664 917 2808 971; x_wconf 69' lang='grc' dir='ltr'><strong>ἀλλὰ</strong></span> <span class='ocrx_word' id='word_1_80' title='bbox 2863 918 3166 973; x_wconf 70' lang='grc' dir='ltr'><strong>σκανδάλου</strong></span> <span class='ocrx_word' id='word_1_81' title='bbox 3236 917 3462 990; x_wconf 70' lang='grc' dir='ltr'><strong>ἀφορμὴ</strong></span> <span class='ocrx_word' id='word_1_82' title='bbox 3519 919 3772 987; x_wconf 83' lang='grc' dir='ltr'><strong>γίνεται.</strong></span> 
     </span>
    </p>
   </div>
   <div class='ocr_carea' id='block_1_13' title="bbox 475 1012 2057 1089">
    <p class='ocr_par' dir='ltr' id='par_1_13' title="bbox 475 1012 2057 1089">
     <span class='ocr_line' id='line_1_13' title="bbox 475 1012 2057 1089; baseline -0.006 -13"><span class='ocrx_word' id='word_1_83' title='bbox 475 1020 770 1076; x_wconf 89' lang='lat' dir='ltr'><strong>audiebant</strong></span> <span class='ocrx_word' id='word_1_84' title='bbox 805 1033 925 1089; x_wconf 75' lang='lat' dir='ltr'><strong>qua:</strong></span> <span class='ocrx_word' id='word_1_85' title='bbox 949 1036 976 1072; x_wconf 85' lang='lat' dir='ltr'><strong>a</strong></span> <span class='ocrx_word' id='word_1_86' title='bbox 1002 1016 1220 1073; x_wconf 84' lang='lat' dir='ltr'><strong>Christo</strong></span> <span class='ocrx_word' id='word_1_87' title='bbox 1247 1015 1588 1078; x_wconf 90' lang='lat' dir='ltr'><strong>dicebantur,</strong></span> <span class='ocrx_word' id='word_1_88' title='bbox 1624 1012 2057 1069; x_wconf 75' lang='lat' dir='ltr'><strong>oﬂendebantur.</strong></span> 
     </span>
    </p>
   </div>
   <div class='ocr_carea' id='block_1_14' title="bbox 477 1104 2054 1182">
    <p class='ocr_par' dir='ltr' id='par_1_14' title="bbox 477 1104 2054 1182">
     <span class='ocr_line' id='line_1_14' title="bbox 477 1104 2054 1182; baseline -0.006 -16"><span class='ocrx_word' id='word_1_89' title='bbox 477 1110 871 1182; x_wconf 79' lang='lat' dir='ltr'><strong>Subditigitur,</strong></span> <span class='ocrx_word' id='word_1_90' title='bbox 920 1107 1125 1165; x_wconf 66' lang='lat' dir='ltr'><strong>«Verba</strong></span> <span class='ocrx_word' id='word_1_91' title='bbox 1141 1121 1370 1179; x_wconf 71' lang='lat' dir='ltr'><strong>qureego</strong></span> <span class='ocrx_word' id='word_1_92' title='bbox 1391 1105 1602 1175; x_wconf 90' lang='lat' dir='ltr'><strong>loquor,</strong></span> <span class='ocrx_word' id='word_1_93' title='bbox 1619 1104 1843 1174; x_wconf 90' lang='lat' dir='ltr'><strong>spiritus</strong></span> <span class='ocrx_word' id='word_1_94' title='bbox 1875 1115 2054 1170; x_wconf 65' lang='lat' dir='ltr'><strong>sunt,»</strong></span> 
     </span>
    </p>
   </div>
   <div class='ocr_carea' id='block_1_15' title="bbox 476 1198 2060 1275">
    <p class='ocr_par' dir='ltr' id='par_1_15' title="bbox 476 1198 2060 1275">
     <span class='ocr_line' id='line_1_15' title="bbox 476 1198 2060 1275; baseline -0.004 -15"><span class='ocrx_word' id='word_1_95' title='bbox 476 1206 581 1261; x_wconf 86' lang='lat' dir='ltr'><strong>hoc</strong></span> <span class='ocrx_word' id='word_1_96' title='bbox 611 1214 715 1272; x_wconf 89' lang='lat' dir='ltr'><strong>est,</strong></span> <span class='ocrx_word' id='word_1_97' title='bbox 744 1202 1049 1275; x_wconf 87' lang='lat' dir='ltr'><strong>spiritualia</strong></span> <span class='ocrx_word' id='word_1_98' title='bbox 1083 1211 1230 1268; x_wconf 90' lang='lat' dir='ltr'><strong>sunt,</strong></span> <span class='ocrx_word' id='word_1_99' title='bbox 1265 1221 1286 1255; x_wconf 76' lang='grc' dir='ltr'><strong>ι</strong></span> <span class='ocrx_word' id='word_1_100' title='bbox 1319 1209 1374 1256; x_wconf 91' lang='lat' dir='ltr'><strong>et</strong></span> <span class='ocrx_word' id='word_1_101' title='bbox 1405 1199 1539 1264; x_wconf 87' lang='lat' dir='ltr'><strong>vita,</strong></span> <span class='ocrx_word' id='word_1_102' title='bbox 1567 1198 1698 1254; x_wconf 87' lang='lat' dir='ltr'><strong>nihil</strong></span> <span class='ocrx_word' id='word_1_103' title='bbox 1722 1198 1945 1253; x_wconf 84' lang='lat' dir='ltr'><strong>carnale</strong></span> <span class='ocrx_word' id='word_1_104' title='bbox 1974 1200 2060 1253; x_wconf 84' lang='lat' dir='ltr'><strong>ha-</strong></span> 
     </span>
    </p>
   </div>
   <div class='ocr_carea' id='block_1_16' title="bbox 477 1286 2062 1368">
    <p class='ocr_par' dir='ltr' id='par_1_16' title="bbox 477 1286 2062 1368">
     <span class='ocr_line' id='line_1_16' title="bbox 477 1286 2062 1368; baseline -0.004 -11"><span class='ocrx_word' id='word_1_105' title='bbox 477 1303 678 1368; x_wconf 86' lang='lat' dir='ltr'><strong>bentia,</strong></span> <span class='ocrx_word' id='word_1_106' title='bbox 724 1313 780 1356; x_wconf 90' lang='lat' dir='ltr'><strong>et</strong></span> <span class='ocrx_word' id='word_1_107' title='bbox 832 1300 1001 1354; x_wconf 84' lang='lat' dir='ltr'><strong>vitam</strong></span> <span class='ocrx_word' id='word_1_108' title='bbox 1067 1296 1349 1353; x_wconf 73' lang='lat' dir='ltr'><strong>adet-entia</strong></span> <span class='ocrx_word' id='word_1_109' title='bbox 1408 1306 1694 1350; x_wconf 68' lang='lat' dir='ltr'><strong>aeternam.</strong></span> <span class='ocrx_word' id='word_1_110' title='bbox 1757 1286 2062 1350; x_wconf 88' lang='lat' dir='ltr'><strong>Ostendens</strong></span> 
     </span>
    </p>
   </div>
   <div class='ocr_carea' id='block_1_17' title="bbox 477 1383 2059 1458">
    <p class='ocr_par' dir='ltr' id='par_1_17' title="bbox 477 1383 2059 1458">
     <span class='ocr_line' id='line_1_17' title="bbox 477 1383 2059 1458; baseline -0.005 -12"><span class='ocrx_word' id='word_1_111' title='bbox 477 1401 660 1447; x_wconf 89' lang='lat' dir='ltr'><strong>autem</strong></span> <span class='ocrx_word' id='word_1_112' title='bbox 680 1390 898 1446; x_wconf 87' lang='lat' dir='ltr'><strong>deitatis</strong></span> <span class='ocrx_word' id='word_1_113' title='bbox 915 1403 1038 1445; x_wconf 82' lang='lat' dir='ltr'><strong>esse</strong></span> <span class='ocrx_word' id='word_1_114' title='bbox 1065 1389 1407 1458; x_wconf 86' lang='lat' dir='ltr'><strong>dignitatem,</strong></span> <span class='ocrx_word' id='word_1_115' title='bbox 1426 1383 1671 1440; x_wconf 74' lang='lat' dir='ltr'><strong>revelare</strong></span> <span class='ocrx_word' id='word_1_116' title='bbox 1701 1398 1822 1453; x_wconf 68' lang='lat' dir='ltr'><strong>qua:</strong></span> <span class='ocrx_word' id='word_1_117' title='bbox 1846 1383 2059 1439; x_wconf 90' lang='lat' dir='ltr'><strong>occulta</strong></span> 
     </span>
    </p>
   </div>
   <div class='ocr_carea' id='block_1_18' title="bbox 477 1474 2062 1550">
    <p class='ocr_par' dir='ltr' id='par_1_18' title="bbox 477 1474 2062 1550">
     <span class='ocr_line' id='line_1_18' title="bbox 477 1474 2062 1550; baseline -0.006 -12"><span class='ocrx_word' id='word_1_118' title='bbox 477 1493 622 1550; x_wconf 86' lang='lat' dir='ltr'><strong>sunt,</strong></span> <span class='ocrx_word' id='word_1_119' title='bbox 654 1481 790 1538; x_wconf 89' lang='lat' dir='ltr'><strong>dicit</strong></span> <span class='ocrx_word' id='word_1_120' title='bbox 821 1480 889 1536; x_wconf 86' lang='lat' dir='ltr'><strong>ad</strong></span> <span class='ocrx_word' id='word_1_121' title='bbox 911 1495 1006 1536; x_wconf 89' lang='lat' dir='ltr'><strong>eos</strong></span> <span class='ocrx_word' id='word_1_122' title='bbox 1040 1496 1054 1534; x_wconf 92' lang='lat'><strong>:</strong></span> <span class='ocrx_word' id='word_1_123' title='bbox 1088 1497 1106 1531; x_wconf 77' lang='grc' dir='ltr'><strong>ι</strong></span> <span class='ocrx_word' id='word_1_124' title='bbox 1147 1479 1287 1533; x_wconf 89' lang='lat' dir='ltr'><strong>Sunt</strong></span> <span class='ocrx_word' id='word_1_125' title='bbox 1317 1477 1538 1548; x_wconf 87' lang='lat' dir='ltr'><strong>quidam</strong></span> <span class='ocrx_word' id='word_1_126' title='bbox 1557 1489 1622 1528; x_wconf 89' lang='lat' dir='ltr'><strong>ex</strong></span> <span class='ocrx_word' id='word_1_127' title='bbox 1659 1475 1811 1530; x_wconf 81' lang='lat' dir='ltr'><strong>vobis</strong></span> <span class='ocrx_word' id='word_1_128' title='bbox 1840 1474 1933 1544; x_wconf 89' lang='lat' dir='ltr'><strong>qui</strong></span> <span class='ocrx_word' id='word_1_129' title='bbox 1960 1489 2062 1528; x_wconf 91' lang='lat' dir='ltr'><strong>non</strong></span> 
     </span>
    </p>
   </div>
   <div class='ocr_carea' id='block_1_19' title="bbox 478 1565 2065 1637">
    <p class='ocr_par' dir='ltr' id='par_1_19' title="bbox 478 1565 2065 1637">
     <span class='ocr_line' id='line_1_19' title="bbox 478 1565 2065 1637; baseline -0.006 -8"><span class='ocrx_word' id='word_1_130' title='bbox 478 1574 728 1630; x_wconf 88' lang='lat' dir='ltr'><strong>credunt.</strong></span> <span class='ocrx_word' id='word_1_131' title='bbox 772 1593 790 1628; x_wconf 82' lang='grc' dir='ltr'><strong>ι</strong></span> <span class='ocrx_word' id='word_1_132' title='bbox 842 1571 1038 1628; x_wconf 89' lang='lat' dir='ltr'><strong>Dicens</strong></span> <span class='ocrx_word' id='word_1_133' title='bbox 1097 1579 1304 1636; x_wconf 87' lang='lat' dir='ltr'><strong>autem,</strong></span> <span class='ocrx_word' id='word_1_134' title='bbox 1349 1586 1369 1621; x_wconf 80' lang='grc' dir='ltr'><strong>ι</strong></span> <span class='ocrx_word' id='word_1_135' title='bbox 1428 1566 1674 1637; x_wconf 91' lang='lat' dir='ltr'><strong>quidam,</strong></span> <span class='ocrx_word' id='word_1_136' title='bbox 1713 1583 1733 1618; x_wconf 76' lang='grc' dir='ltr'><strong>ι</strong></span> <span class='ocrx_word' id='word_1_137' title='bbox 1769 1565 2065 1636; x_wconf 75' lang='lat' dir='ltr'><strong>discipulos</strong></span> 
     </span>
    </p>
   </div>
   <div class='ocr_carea' id='block_1_20' title="bbox 476 1657 2064 1736">
    <p class='ocr_par' dir='ltr' id='par_1_20' title="bbox 476 1657 2064 1736">
     <span class='ocr_line' id='line_1_20' title="bbox 476 1657 2064 1736; baseline -0.006 -14"><span class='ocrx_word' id='word_1_138' title='bbox 476 1669 710 1734; x_wconf 81' lang='lat' dir='ltr'><strong>excepit.</strong></span> <span class='ocrx_word' id='word_1_139' title='bbox 745 1661 912 1736; x_wconf 71' lang='lat'><strong>598</strong></span> <span class='ocrx_word' id='word_1_140' title='bbox 941 1662 1006 1718; x_wconf 87' lang='lat' dir='ltr'><strong>Et</strong></span> <span class='ocrx_word' id='word_1_141' title='bbox 1030 1662 1360 1734; x_wconf 75' lang='lat' dir='ltr'><strong>evangelista</strong></span> <span class='ocrx_word' id='word_1_142' title='bbox 1413 1659 1598 1716; x_wconf 90' lang='lat' dir='ltr'><strong>volens</strong></span> <span class='ocrx_word' id='word_1_143' title='bbox 1621 1659 1907 1714; x_wconf 84' lang='lat' dir='ltr'><strong>ostendere</strong></span> <span class='ocrx_word' id='word_1_144' title='bbox 1923 1657 2064 1728; x_wconf 90' lang='lat' dir='ltr'><strong>quod</strong></span> 
     </span>
    </p>
   </div>
   <div class='ocr_carea' id='block_1_21' title="bbox 479 1747 2067 1825">
    <p class='ocr_par' dir='ltr' id='par_1_21' title="bbox 479 1747 2067 1825">
     <span class='ocr_line' id='line_1_21' title="bbox 479 1747 2067 1825; baseline -0.004 -15"><span class='ocrx_word' id='word_1_145' title='bbox 479 1757 723 1812; x_wconf 75' lang='lat' dir='ltr'><strong>abinitio</strong></span> <span class='ocrx_word' id='word_1_146' title='bbox 755 1755 941 1812; x_wconf 89' lang='lat' dir='ltr'><strong>mundi</strong></span> <span class='ocrx_word' id='word_1_147' title='bbox 961 1755 1142 1811; x_wconf 86' lang='lat' dir='ltr'><strong>omnia</strong></span> <span class='ocrx_word' id='word_1_148' title='bbox 1174 1753 1511 1825; x_wconf 84' lang='lat' dir='ltr'><strong>cOgnoverit,</strong></span> <span class='ocrx_word' id='word_1_149' title='bbox 1537 1749 1708 1806; x_wconf 88' lang='lat' dir='ltr'><strong>dicit:</strong></span> <span class='ocrx_word' id='word_1_150' title='bbox 1744 1767 1763 1802; x_wconf 78' lang='grc' dir='ltr'><strong>ι</strong></span> <span class='ocrx_word' id='word_1_151' title='bbox 1795 1749 1877 1805; x_wconf 77' lang='lat' dir='ltr'><strong>Ab</strong></span> <span class='ocrx_word' id='word_1_152' title='bbox 1908 1747 2067 1804; x_wconf 89' lang='lat' dir='ltr'><strong>initio</strong></span> 
     </span>
    </p>
   </div>
   <div class='ocr_carea' id='block_1_22' title="bbox 481 1843 2068 1919">
    <p class='ocr_par' dir='ltr' id='par_1_22' title="bbox 481 1843 2068 1919">
     <span class='ocr_line' id='line_1_22' title="bbox 481 1843 2068 1919; baseline -0.004 -17"><span class='ocrx_word' id='word_1_153' title='bbox 481 1857 708 1903; x_wconf 82' lang='lat' dir='ltr'><strong>noverat</strong></span> <span class='ocrx_word' id='word_1_154' title='bbox 747 1846 906 1904; x_wconf 86' lang='lat' dir='ltr'><strong>Jesus</strong></span> <span class='ocrx_word' id='word_1_155' title='bbox 947 1849 1258 1919; x_wconf 86' lang='lat' dir='ltr'><strong>quiessent</strong></span> <span class='ocrx_word' id='word_1_156' title='bbox 1310 1858 1418 1900; x_wconf 92' lang='lat' dir='ltr'><strong>nou</strong></span> <span class='ocrx_word' id='word_1_157' title='bbox 1475 1843 1778 1909; x_wconf 86' lang='lat' dir='ltr'><strong>credentes,</strong></span> <span class='ocrx_word' id='word_1_158' title='bbox 1849 1843 2068 1912; x_wconf 88' lang='lat' dir='ltr'><strong>insuper</strong></span> 
     </span>
    </p>
   </div>
   <div class='ocr_carea' id='block_1_23' title="bbox 2163 1008 3772 1084">
    <p class='ocr_par' dir='ltr' id='par_1_23' title="bbox 2163 1008 3772 1084">
     <span class='ocr_line' id='line_1_23' title="bbox 2163 1008 3772 1084; baseline 0.001 -20"><span class='ocrx_word' id='word_1_159' title='bbox 2163 1009 2318 1064; x_wconf 80' lang='grc' dir='ltr'><strong>Οῦτω</strong></span> <span class='ocrx_word' id='word_1_160' title='bbox 2345 1011 2408 1082; x_wconf 82' lang='grc' dir='ltr'>δὴ</span> <span class='ocrx_word' id='word_1_161' title='bbox 2443 1012 2596 1065; x_wconf 75' lang='grc' dir='ltr'><strong>αὐτοὶ</strong></span> <span class='ocrx_word' id='word_1_162' title='bbox 2631 1008 2914 1084; x_wconf 78' lang='grc' dir='ltr'><strong>σαρκικῶς</strong></span> <span class='ocrx_word' id='word_1_163' title='bbox 2972 1012 3265 1076; x_wconf 70' lang='grc' dir='ltr'><strong>ἀκούοντες</strong></span> <span class='ocrx_word' id='word_1_164' title='bbox 3302 1012 3411 1066; x_wconf 82' lang='grc' dir='ltr'><strong>τῶν</strong></span> <span class='ocrx_word' id='word_1_165' title='bbox 3443 1014 3598 1082; x_wconf 74' lang='grc' dir='ltr'><strong>παρὰ</strong></span> <span class='ocrx_word' id='word_1_166' title='bbox 3627 1013 3676 1064; x_wconf 83' lang='grc' dir='ltr'>Χ</span> <span class='ocrx_word' id='word_1_167' title='bbox 3685 1029 3772 1080; x_wconf 82' lang='grc' dir='ltr'><strong>ρι-</strong></span> 
     </span>
    </p>
   </div>
   <div class='ocr_carea' id='block_1_24' title="bbox 2165 1101 3765 1178">
    <p class='ocr_par' dir='ltr' id='par_1_24' title="bbox 2165 1101 3765 1178">
     <span class='ocr_line' id='line_1_24' title="bbox 2165 1101 3765 1178; baseline -0.001 -21"><span class='ocrx_word' id='word_1_168' title='bbox 2165 1103 2294 1158; x_wconf 81' lang='grc' dir='ltr'><strong>στοῦ</strong></span> <span class='ocrx_word' id='word_1_169' title='bbox 2325 1105 2661 1176; x_wconf 74' lang='grc' dir='ltr'><strong>λεγομενων,</strong></span> <span class='ocrx_word' id='word_1_170' title='bbox 2695 1105 3165 1170; x_wconf 63' lang='grc' dir='ltr'><strong>ἐσκανδαλίζοντο.</strong></span> <span class='ocrx_word' id='word_1_171' title='bbox 3195 1101 3629 1178; x_wconf 72' lang='grc' dir='ltr'><strong>Ἑπιφέρειοῦν,</strong></span> <span class='ocrx_word' id='word_1_172' title='bbox 3649 1107 3765 1166; x_wconf 74' lang='grc' dir='ltr'><strong>ὅτι,</strong></span> 
     </span>
    </p>
   </div>
   <div class='ocr_carea' id='block_1_25' title="bbox 2168 1197 3771 1269">
    <p class='ocr_par' dir='ltr' id='par_1_25' title="bbox 2168 1197 3771 1269">
     <span class='ocr_line' id='line_1_25' title="bbox 2168 1197 3771 1269; baseline 0.002 -22"><span class='ocrx_word' id='word_1_173' title='bbox 2168 1215 2187 1248; x_wconf 78' lang='lat' dir='ltr'><strong>r</strong></span> <span class='ocrx_word' id='word_1_174' title='bbox 2227 1197 2308 1251; x_wconf 79' lang='grc' dir='ltr'><strong>Τὰ</strong></span> <span class='ocrx_word' id='word_1_175' title='bbox 2334 1199 2580 1269; x_wconf 75' lang='grc' dir='ltr'><strong>ῥήματα,</strong></span> <span class='ocrx_word' id='word_1_176' title='bbox 2629 1197 2664 1252; x_wconf 76' lang='grc' dir='ltr'>ἃ</span> <span class='ocrx_word' id='word_1_177' title='bbox 2697 1197 2808 1267; x_wconf 72' lang='grc' dir='ltr'><strong>ἐγὼ</strong></span> <span class='ocrx_word' id='word_1_178' title='bbox 2857 1198 3026 1264; x_wconf 83' lang='grc' dir='ltr'><strong>λαλῶ,</strong></span> <span class='ocrx_word' id='word_1_179' title='bbox 3062 1199 3280 1269; x_wconf 71' lang='grc' dir='ltr'><strong>πνεῦμά</strong></span> <span class='ocrx_word' id='word_1_180' title='bbox 3354 1200 3498 1264; x_wconf 76' lang='grc' dir='ltr'><strong>ἐστι,</strong></span> <span class='ocrx_word' id='word_1_181' title='bbox 3544 1217 3562 1250; x_wconf 81' lang='grc' dir='ltr'><strong>ι</strong></span> <span class='ocrx_word' id='word_1_182' title='bbox 3597 1215 3771 1250; x_wconf 75' lang='grc' dir='ltr'><strong>τουτ-</strong></span> 
     </span>
    </p>
   </div>
   <div class='ocr_carea' id='block_1_26' title="bbox 2165 1288 3770 1361">
    <p class='ocr_par' dir='ltr' id='par_1_26' title="bbox 2165 1288 3770 1361">
     <span class='ocr_line' id='line_1_26' title="bbox 2165 1288 3770 1361; baseline -0.001 -19"><span class='ocrx_word' id='word_1_183' title='bbox 2165 1290 2308 1356; x_wconf 83' lang='grc' dir='ltr'><strong>έστι,</strong></span> <span class='ocrx_word' id='word_1_184' title='bbox 2339 1290 2690 1360; x_wconf 84' lang='grc' dir='ltr'><strong>πνευματικὰ</strong></span> <span class='ocrx_word' id='word_1_185' title='bbox 2739 1292 2876 1358; x_wconf 76' lang='grc' dir='ltr'><strong>ἐστι,</strong></span> <span class='ocrx_word' id='word_1_186' title='bbox 2932 1311 2950 1343; x_wconf 72' lang='grc' dir='ltr'><strong>ι</strong></span> <span class='ocrx_word' id='word_1_187' title='bbox 2995 1292 3090 1344; x_wconf 72' lang='grc' dir='ltr'><strong>καὶ</strong></span> <span class='ocrx_word' id='word_1_188' title='bbox 3137 1288 3251 1361; x_wconf 78' lang='grc' dir='ltr'><strong>ζωή</strong></span> <span class='ocrx_word' id='word_1_189' title='bbox 3303 1293 3473 1357; x_wconf 78' lang='grc' dir='ltr'><strong>ἐστιν,</strong></span> <span class='ocrx_word' id='word_1_190' title='bbox 3525 1310 3544 1341; x_wconf 75' lang='grc' dir='ltr'><strong>ι</strong></span> <span class='ocrx_word' id='word_1_191' title='bbox 3599 1289 3770 1343; x_wconf 60' lang='grc' dir='ltr'>οὐδὲν</span> 
     </span>
    </p>
   </div>
   <div class='ocr_carea' id='block_1_27' title="bbox 2165 1379 3768 1454">
    <p class='ocr_par' dir='ltr' id='par_1_27' title="bbox 2165 1379 3768 1454">
     <span class='ocr_line' id='line_1_27' title="bbox 2165 1379 3768 1454; baseline -0.001 -20"><span class='ocrx_word' id='word_1_192' title='bbox 2165 1379 2362 1452; x_wconf 74' lang='grc' dir='ltr'><strong>ἔχοντα</strong></span> <span class='ocrx_word' id='word_1_193' title='bbox 2422 1382 2705 1451; x_wconf 82' lang='grc' dir='ltr'><strong>σαρκικόν,</strong></span> <span class='ocrx_word' id='word_1_194' title='bbox 2757 1382 2852 1435; x_wconf 75' lang='grc' dir='ltr'><strong>καὶ</strong></span> <span class='ocrx_word' id='word_1_195' title='bbox 2894 1382 3038 1453; x_wconf 77' lang='grc' dir='ltr'><strong>ζωὴν</strong></span> <span class='ocrx_word' id='word_1_196' title='bbox 3091 1379 3464 1454; x_wconf 79' lang='grc' dir='ltr'><strong>προξενοῦντα</strong></span> <span class='ocrx_word' id='word_1_197' title='bbox 3509 1380 3768 1433; x_wconf 79' lang='grc' dir='ltr'><strong>αἰώνιον.</strong></span> 
     </span>
    </p>
   </div>
   <div class='ocr_carea' id='block_1_28' title="bbox 2165 1469 3764 1544">
    <p class='ocr_par' dir='ltr' id='par_1_28' title="bbox 2165 1469 3764 1544">
     <span class='ocr_line' id='line_1_28' title="bbox 2165 1469 3764 1544; baseline -0.003 -21"><span class='ocrx_word' id='word_1_198' title='bbox 2165 1471 2440 1524; x_wconf 79' lang='grc' dir='ltr'><strong>Δεικνύων</strong></span> <span class='ocrx_word' id='word_1_199' title='bbox 2477 1471 2533 1523; x_wconf 74' lang='grc' dir='ltr'>δὲ</span> <span class='ocrx_word' id='word_1_200' title='bbox 2563 1470 2625 1524; x_wconf 78' lang='grc' dir='ltr'><strong>τὸ</strong></span> <span class='ocrx_word' id='word_1_201' title='bbox 2655 1469 2754 1542; x_wconf 81' lang='grc' dir='ltr'><strong>τῆς</strong></span> <span class='ocrx_word' id='word_1_202' title='bbox 2806 1471 3063 1544; x_wconf 78' lang='grc' dir='ltr'><strong>θεότητος</strong></span> <span class='ocrx_word' id='word_1_203' title='bbox 3107 1471 3343 1541; x_wconf 77' lang='grc' dir='ltr'><strong>ἀξίωμα,</strong></span> <span class='ocrx_word' id='word_1_204' title='bbox 3378 1471 3440 1522; x_wconf 83' lang='grc' dir='ltr'><strong>τὸ</strong></span> <span class='ocrx_word' id='word_1_205' title='bbox 3464 1469 3764 1522; x_wconf 64' lang='grc' dir='ltr'><strong>ἀποκαλύ-</strong></span> 
     </span>
    </p>
   </div>
   <div class='ocr_carea' id='block_1_29' title="bbox 2167 1562 3770 1636">
    <p class='ocr_par' dir='ltr' id='par_1_29' title="bbox 2167 1562 3770 1636">
     <span class='ocr_line' id='line_1_29' title="bbox 2167 1562 3770 1636; baseline -0.002 -20"><span class='ocrx_word' id='word_1_206' title='bbox 2167 1579 2324 1617; x_wconf 83' lang='grc' dir='ltr'><strong>πτειν</strong></span> <span class='ocrx_word' id='word_1_207' title='bbox 2355 1565 2498 1635; x_wconf 70' lang='grc' dir='ltr'><strong>φημὶ</strong></span> <span class='ocrx_word' id='word_1_208' title='bbox 2532 1562 2601 1616; x_wconf 77' lang='grc' dir='ltr'><strong>τὰ</strong></span> <span class='ocrx_word' id='word_1_209' title='bbox 2625 1567 3013 1636; x_wconf 80' lang='grc' dir='ltr'><strong>κεκρυμμένα,</strong></span> <span class='ocrx_word' id='word_1_210' title='bbox 3047 1565 3182 1634; x_wconf 71' lang='grc' dir='ltr'><strong>φησὶ</strong></span> <span class='ocrx_word' id='word_1_211' title='bbox 3216 1562 3350 1633; x_wconf 72' lang='grc' dir='ltr'><strong>πρὸς</strong></span> <span class='ocrx_word' id='word_1_212' title='bbox 3403 1563 3631 1626; x_wconf 72' lang='grc' dir='ltr'><strong>αὐτοὺς,</strong></span> <span class='ocrx_word' id='word_1_213' title='bbox 3683 1563 3770 1614; x_wconf 75' lang='grc' dir='ltr'><strong>ὅτι</strong></span> 
     </span>
    </p>
   </div>
   <div class='ocr_carea' id='block_1_30' title="bbox 2171 1647 3767 1728">
    <p class='ocr_par' dir='ltr' id='par_1_30' title="bbox 2171 1647 3767 1728">
     <span class='ocr_line' id='line_1_30' title="bbox 2171 1647 3767 1728; baseline -0.001 -18"><span class='ocrx_word' id='word_1_214' title='bbox 2171 1674 2190 1710; x_wconf 83' lang='grc' dir='ltr'><strong>ι</strong></span> <span class='ocrx_word' id='word_1_215' title='bbox 2224 1657 2346 1711; x_wconf 86' lang='grc' dir='ltr'><strong>Εἰσί</strong></span> <span class='ocrx_word' id='word_1_216' title='bbox 2393 1674 2541 1722; x_wconf 87' lang='grc' dir='ltr'><strong>τινες</strong></span> <span class='ocrx_word' id='word_1_217' title='bbox 2591 1657 2650 1726; x_wconf 79' lang='grc' dir='ltr'>ἐξ</span> <span class='ocrx_word' id='word_1_218' title='bbox 2688 1657 2866 1728; x_wconf 86' lang='grc' dir='ltr'><strong>ὑμῶν,</strong></span> <span class='ocrx_word' id='word_1_219' title='bbox 2911 1657 2960 1710; x_wconf 85' lang='grc' dir='ltr'><strong>οἳ</strong></span> <span class='ocrx_word' id='word_1_220' title='bbox 3001 1658 3061 1710; x_wconf 72' lang='grc' dir='ltr'><strong>οὐ</strong></span> <span class='ocrx_word' id='word_1_221' title='bbox 3104 1655 3472 1711; x_wconf 81' lang='grc' dir='ltr'><strong>πιστεύουσιν.</strong></span> <span class='ocrx_word' id='word_1_222' title='bbox 3517 1675 3536 1707; x_wconf 80' lang='grc' dir='ltr'><strong>ι</strong></span> <span class='ocrx_word' id='word_1_223' title='bbox 3572 1647 3767 1709; x_wconf 74' lang='grc' dir='ltr'>Εἰπὼν</span> 
     </span>
    </p>
   </div>
   <div class='ocr_carea' id='block_1_31' title="bbox 2166 1745 3774 1822">
    <p class='ocr_par' dir='ltr' id='par_1_31' title="bbox 2166 1745 3774 1822">
     <span class='ocr_line' id='line_1_31' title="bbox 2166 1745 3774 1822; baseline -0.005 -16"><span class='ocrx_word' id='word_1_224' title='bbox 2166 1752 2245 1815; x_wconf 74' lang='grc' dir='ltr'><strong>δὶ,</strong></span> <span class='ocrx_word' id='word_1_225' title='bbox 2299 1771 2318 1804; x_wconf 77' lang='grc' dir='ltr'><strong>ι</strong></span> <span class='ocrx_word' id='word_1_226' title='bbox 2346 1749 2512 1821; x_wconf 81' lang='grc' dir='ltr'><strong>τινὲς,</strong></span> <span class='ocrx_word' id='word_1_227' title='bbox 2550 1770 2568 1803; x_wconf 78' lang='grc' dir='ltr'><strong>ι</strong></span> <span class='ocrx_word' id='word_1_228' title='bbox 2592 1751 2718 1814; x_wconf 75' lang='grc' dir='ltr'><strong>τοὺς</strong></span> <span class='ocrx_word' id='word_1_229' title='bbox 2743 1750 2991 1822; x_wconf 75' lang='grc' dir='ltr'><strong>μαθητὰς</strong></span> <span class='ocrx_word' id='word_1_230' title='bbox 3025 1748 3359 1820; x_wconf 75' lang='grc' dir='ltr'><strong>ὑπεξήγαγε.</strong></span> <span class='ocrx_word' id='word_1_231' title='bbox 3387 1745 3500 1804; x_wconf 70' lang='grc' dir='ltr'><strong>Καὶ</strong></span> <span class='ocrx_word' id='word_1_232' title='bbox 3528 1751 3557 1802; x_wconf 84' lang='lat'><strong>6</strong></span> <span class='ocrx_word' id='word_1_233' title='bbox 3591 1749 3774 1812; x_wconf 68' lang='grc' dir='ltr'><strong>εὐαγ-</strong></span> 
     </span>
    </p>
   </div>
   <div class='ocr_carea' id='block_1_32' title="bbox 2167 1838 3769 1915">
    <p class='ocr_par' dir='ltr' id='par_1_32' title="bbox 2167 1838 3769 1915">
     <span class='ocr_line' id='line_1_32' title="bbox 2167 1838 3769 1915; baseline -0.005 -17"><span class='ocrx_word' id='word_1_234' title='bbox 2167 1843 2427 1915; x_wconf 77' lang='grc' dir='ltr'><strong>γελιστὴς</strong></span> <span class='ocrx_word' id='word_1_235' title='bbox 2491 1843 2661 1898; x_wconf 82' lang='grc' dir='ltr'><strong>θέλων</strong></span> <span class='ocrx_word' id='word_1_236' title='bbox 2707 1843 2840 1915; x_wconf 76' lang='grc' dir='ltr'><strong>ἡμῖν</strong></span> <span class='ocrx_word' id='word_1_237' title='bbox 2880 1844 3071 1909; x_wconf 79' lang='grc' dir='ltr'><strong>δεῖξαι,</strong></span> <span class='ocrx_word' id='word_1_238' title='bbox 3137 1845 3218 1897; x_wconf 82' lang='grc' dir='ltr'><strong>ὅτι</strong></span> <span class='ocrx_word' id='word_1_239' title='bbox 3285 1842 3391 1912; x_wconf 78' lang='grc' dir='ltr'><strong>πρὸ</strong></span> <span class='ocrx_word' id='word_1_240' title='bbox 3441 1838 3769 1906; x_wconf 68' lang='grc' dir='ltr'><strong>καταϐολῆς</strong></span> 
     </span>
    </p>
   </div>
   <div class='ocr_carea' id='block_1_33' title="bbox 477 1930 2072 2012">
    <p class='ocr_par' dir='ltr' id='par_1_33' title="bbox 477 1935 2060 2012">
     <span class='ocr_line' id='line_1_33' title="bbox 477 1935 2060 2012; baseline -0.006 -16"><span class='ocrx_word' id='word_1_241' title='bbox 477 1949 533 1996; x_wconf 90' lang='lat' dir='ltr'><strong>et</strong></span> <span class='ocrx_word' id='word_1_242' title='bbox 569 1941 866 2012; x_wconf 85' lang='lat' dir='ltr'><strong>proditoris</strong></span> <span class='ocrx_word' id='word_1_243' title='bbox 917 1940 1187 1995; x_wconf 86' lang='lat' dir='ltr'><strong>malitiam</strong></span> <span class='ocrx_word' id='word_1_244' title='bbox 1227 1955 1241 1992; x_wconf 90' lang='lat'><strong>:</strong></span> <span class='ocrx_word' id='word_1_245' title='bbox 1281 1952 1388 2008; x_wconf 92' lang='lat' dir='ltr'><strong>quo</strong></span> <span class='ocrx_word' id='word_1_246' title='bbox 1426 1945 1576 1992; x_wconf 89' lang='lat' dir='ltr'><strong>certe</strong></span> <span class='ocrx_word' id='word_1_247' title='bbox 1653 1935 2060 1991; x_wconf 88' lang='lat' dir='ltr'><strong>monstrabatur</strong></span> 
     </span>
    </p>
   </div>
   <div class='ocr_carea' id='block_1_34' title="bbox 2177 1930 3772 2012">
    <p class='ocr_par' dir='ltr' id='par_1_34' title="bbox 2177 1930 3772 2006">
     <span class='ocr_line' id='line_1_34' title="bbox 2177 1930 3772 2006; baseline 0.001 -19"><span class='ocrx_word' id='word_1_248' title='bbox 2177 1935 2372 2005; x_wconf 81' lang='grc' dir='ltr'><strong>ιιόσμου</strong></span> <span class='ocrx_word' id='word_1_249' title='bbox 2394 1935 2571 1990; x_wconf 84' lang='grc' dir='ltr'><strong>πάντα</strong></span> <span class='ocrx_word' id='word_1_250' title='bbox 2597 1935 2884 2006; x_wconf 70' lang='grc' dir='ltr'><strong>ἐγίνωσκε,</strong></span> <span class='ocrx_word' id='word_1_251' title='bbox 2919 1936 3106 2006; x_wconf 68' lang='grc' dir='ltr'><strong>φησιν,</strong></span> <span class='ocrx_word' id='word_1_252' title='bbox 3147 1935 3250 2000; x_wconf 74' lang='grc' dir='ltr'><strong>ὅτι,</strong></span> <span class='ocrx_word' id='word_1_253' title='bbox 3305 1933 3400 1998; x_wconf 78' lang='grc' dir='ltr'><strong>Ἐξ</strong></span> <span class='ocrx_word' id='word_1_254' title='bbox 3431 1930 3614 2002; x_wconf 71' lang='grc' dir='ltr'><strong>ἀρχῆς</strong></span> <span class='ocrx_word' id='word_1_255' title='bbox 3647 1931 3772 1998; x_wconf 59' lang='grc' dir='ltr'><strong>ἐτεά</strong></span> 
     </span>
    </p>
   </div>
   <div class='ocr_carea' id='block_1_35' title="bbox 479 2025 2063 2105">
    <p class='ocr_par' dir='ltr' id='par_1_35' title="bbox 479 2025 2063 2105">
     <span class='ocr_line' id='line_1_35' title="bbox 479 2025 2063 2105; baseline -0.004 -18"><span class='ocrx_word' id='word_1_256' title='bbox 479 2034 675 2089; x_wconf 80' lang='lat' dir='ltr'><strong>deitax.</strong></span> <span class='ocrx_word' id='word_1_257' title='bbox 712 2032 845 2088; x_wconf 75' lang='lat' dir='ltr'><strong>Nam</strong></span> <span class='ocrx_word' id='word_1_258' title='bbox 872 2032 1132 2105; x_wconf 84' lang='lat' dir='ltr'><strong>propheta</strong></span> <span class='ocrx_word' id='word_1_259' title='bbox 1196 2031 1374 2100; x_wconf 87' lang='lat' dir='ltr'><strong>inquit</strong></span> <span class='ocrx_word' id='word_1_260' title='bbox 1430 2029 1496 2084; x_wconf 90' lang='lat' dir='ltr'><strong>de</strong></span> <span class='ocrx_word' id='word_1_261' title='bbox 1534 2027 1644 2084; x_wconf 88' lang='lat' dir='ltr'><strong>Deo</strong></span> <span class='ocrx_word' id='word_1_262' title='bbox 1678 2043 1693 2080; x_wconf 91' lang='lat'><strong>:</strong></span> <span class='ocrx_word' id='word_1_263' title='bbox 1735 2043 1754 2079; x_wconf 79' lang='grc' dir='ltr'><strong>ι</strong></span> <span class='ocrx_word' id='word_1_264' title='bbox 1792 2025 1894 2095; x_wconf 83' lang='lat' dir='ltr'><strong>Qui</strong></span> <span class='ocrx_word' id='word_1_265' title='bbox 1922 2027 2063 2082; x_wconf 78' lang='lat' dir='ltr'><strong>scie-</strong></span> 
     </span>
    </p>
   </div>
   <div class='ocr_carea' id='block_1_36' title="bbox 481 2119 1668 2195">
    <p class='ocr_par' dir='ltr' id='par_1_36' title="bbox 481 2119 1668 2195">
     <span class='ocr_line' id='line_1_36' title="bbox 481 2119 1668 2195; baseline -0.005 -18"><span class='ocrx_word' id='word_1_266' title='bbox 481 2124 576 2179; x_wconf 88' lang='lat' dir='ltr'><strong>bat</strong></span> <span class='ocrx_word' id='word_1_267' title='bbox 600 2125 783 2179; x_wconf 89' lang='lat' dir='ltr'><strong>omnia</strong></span> <span class='ocrx_word' id='word_1_268' title='bbox 820 2124 1138 2195; x_wconf 84' lang='lat' dir='ltr'><strong>priusquam</strong></span> <span class='ocrx_word' id='word_1_269' title='bbox 1178 2121 1294 2191; x_wconf 89' lang='lat' dir='ltr'><strong>ipsa</strong></span> <span class='ocrx_word' id='word_1_270' title='bbox 1330 2119 1614 2175; x_wconf 77' lang='lat' dir='ltr'><strong>ﬁerent&quot;.</strong></span> <span class='ocrx_word' id='word_1_271' title='bbox 1647 2135 1668 2171; x_wconf 72' lang='grc' dir='ltr'><strong>ι</strong></span> 
     </span>
    </p>
   </div>
   <div class='ocr_carea' id='block_1_37' title="bbox 2170 2023 3762 2100">
    <p class='ocr_par' dir='ltr' id='par_1_37' title="bbox 2170 2023 3762 2100">
     <span class='ocr_line' id='line_1_37' title="bbox 2170 2023 3762 2100; baseline -0.004 -19"><span class='ocrx_word' id='word_1_272' title='bbox 2170 2040 2381 2081; x_wconf 83' lang='grc' dir='ltr'><strong>νωσκεν</strong></span> <span class='ocrx_word' id='word_1_273' title='bbox 2433 2031 2462 2080; x_wconf 96' lang='lat'><strong>6</strong></span> <span class='ocrx_word' id='word_1_274' title='bbox 2518 2023 2750 2100; x_wconf 83' lang='grc' dir='ltr'><strong>Ἰησοῦς,</strong></span> <span class='ocrx_word' id='word_1_275' title='bbox 2802 2027 2950 2092; x_wconf 87' lang='grc' dir='ltr'><strong>τίνες</strong></span> <span class='ocrx_word' id='word_1_276' title='bbox 2982 2029 3121 2082; x_wconf 74' lang='grc' dir='ltr'><strong>εἰσὶν</strong></span> <span class='ocrx_word' id='word_1_277' title='bbox 3154 2028 3206 2081; x_wconf 76' lang='lat' dir='ltr'><strong>oi</strong></span> <span class='ocrx_word' id='word_1_278' title='bbox 3242 2027 3318 2098; x_wconf 79' lang='grc' dir='ltr'><strong>μὴ</strong></span> <span class='ocrx_word' id='word_1_279' title='bbox 3369 2025 3762 2084; x_wconf 70' lang='grc' dir='ltr'><strong>πιστεύοντες,</strong></span> 
     </span>
    </p>
   </div>
   <div class='ocr_carea' id='block_1_38' title="bbox 2171 2114 3766 2194">
    <p class='ocr_par' dir='ltr' id='par_1_38' title="bbox 2171 2114 3766 2194">
     <span class='ocr_line' id='line_1_38' title="bbox 2171 2114 3766 2194; baseline 0.002 -20"><span class='ocrx_word' id='word_1_280' title='bbox 2171 2121 2252 2176; x_wconf 74' lang='grc' dir='ltr'><strong>ἔτι</strong></span> <span class='ocrx_word' id='word_1_281' title='bbox 2292 2123 2348 2176; x_wconf 83' lang='grc' dir='ltr'>δὲ</span> <span class='ocrx_word' id='word_1_282' title='bbox 2411 2123 2511 2176; x_wconf 71' lang='grc' dir='ltr'><strong>καὶ</strong></span> <span class='ocrx_word' id='word_1_283' title='bbox 2557 2122 2653 2176; x_wconf 82' lang='grc' dir='ltr'><strong>τοῦ</strong></span> <span class='ocrx_word' id='word_1_284' title='bbox 2710 2122 2974 2193; x_wconf 82' lang='grc' dir='ltr'><strong>προδότου</strong></span> <span class='ocrx_word' id='word_1_285' title='bbox 3009 2123 3108 2194; x_wconf 80' lang='grc' dir='ltr'><strong>τὴν</strong></span> <span class='ocrx_word' id='word_1_286' title='bbox 3155 2120 3426 2190; x_wconf 79' lang='grc' dir='ltr'><strong>πονηρίαν</strong></span> <span class='ocrx_word' id='word_1_287' title='bbox 3453 2135 3467 2150; x_wconf 79' lang='grc'><strong><em>⁸</em></strong></span> <span class='ocrx_word' id='word_1_288' title='bbox 3506 2120 3652 2188; x_wconf 75' lang='grc' dir='ltr'><strong>ὅπερ</strong></span> <span class='ocrx_word' id='word_1_289' title='bbox 3696 2114 3766 2185; x_wconf 63' lang='grc' dir='ltr'><strong>ἦν</strong></span> 
     </span>
    </p>
   </div>
   <div class='ocr_carea' id='block_1_39' title="bbox 480 2204 3766 2285">
    <p class='ocr_par' dir='ltr' id='par_1_39' title="bbox 480 2204 3766 2285">
     <span class='ocr_line' id='line_1_39' title="bbox 480 2204 3766 2285; baseline -0.002 -17"><span class='ocrx_word' id='word_1_290' title='bbox 480 2212 719 2285; x_wconf 72' lang='grc' dir='ltr'><strong>ἀληθοῦς</strong></span> <span class='ocrx_word' id='word_1_291' title='bbox 762 2211 1016 2284; x_wconf 82' lang='grc' dir='ltr'><strong>θεότητος</strong></span> <span class='ocrx_word' id='word_1_292' title='bbox 1057 2207 1304 2274; x_wconf 68' lang='grc' dir='ltr'><strong>ἔνδειξις.</strong></span> <span class='ocrx_word' id='word_1_293' title='bbox 1351 2204 1414 2261; x_wconf 81' lang='lat'><strong>&#39;0</strong></span> <span class='ocrx_word' id='word_1_294' title='bbox 1455 2205 1562 2280; x_wconf 84' lang='grc' dir='ltr'><strong>γὰρ</strong></span> <span class='ocrx_word' id='word_1_295' title='bbox 1596 2209 1886 2281; x_wconf 84' lang='grc' dir='ltr'><strong>προφήτης</strong></span> <span class='ocrx_word' id='word_1_296' title='bbox 1931 2207 2062 2281; x_wconf 71' lang='grc' dir='ltr'><strong>περὶ</strong></span> <span class='ocrx_word' id='word_1_297' title='bbox 2129 2208 2225 2264; x_wconf 87' lang='grc' dir='ltr'><strong>τοῦ</strong></span> <span class='ocrx_word' id='word_1_298' title='bbox 2269 2209 2404 2267; x_wconf 83' lang='grc' dir='ltr'><strong>Θεοῦ</strong></span> <span class='ocrx_word' id='word_1_299' title='bbox 2453 2231 2656 2284; x_wconf 72' lang='grc' dir='ltr'><strong>φησιν’</strong></span> <span class='ocrx_word' id='word_1_300' title='bbox 2694 2233 2712 2268; x_wconf 74' lang='grc' dir='ltr'><strong>ι</strong></span> <span class='ocrx_word' id='word_1_301' title='bbox 2758 2213 2819 2267; x_wconf 86' lang='grc'><strong>⁸0</strong></span> <span class='ocrx_word' id='word_1_302' title='bbox 2861 2212 3021 2277; x_wconf 77' lang='grc' dir='ltr'><strong>εἰδὼς</strong></span> <span class='ocrx_word' id='word_1_303' title='bbox 3085 2212 3154 2267; x_wconf 77' lang='grc' dir='ltr'><strong>τὰ</strong></span> <span class='ocrx_word' id='word_1_304' title='bbox 3196 2213 3376 2267; x_wconf 83' lang='grc' dir='ltr'><strong>πάντα</strong></span> <span class='ocrx_word' id='word_1_305' title='bbox 3421 2205 3559 2282; x_wconf 59' lang='grc' dir='ltr'><strong>πρὶν</strong></span> <span class='ocrx_word' id='word_1_306' title='bbox 3605 2211 3766 2280; x_wconf 80' lang='grc' dir='ltr'><strong>γενέ-</strong></span> 
     </span>
    </p>
   </div>
   <div class='ocr_carea' id='block_1_40' title="bbox 483 2305 914 2370">
    <p class='ocr_par' dir='ltr' id='par_1_40' title="bbox 483 2305 914 2370">
     <span class='ocr_line' id='line_1_40' title="bbox 483 2305 914 2370; baseline -0.007 -9"><span class='ocrx_word' id='word_1_307' title='bbox 483 2323 624 2370; x_wconf 87' lang='grc' dir='ltr'><strong>σεως</strong></span> <span class='ocrx_word' id='word_1_308' title='bbox 647 2305 851 2360; x_wconf 85' lang='grc' dir='ltr'><strong>αὐτῶν.</strong></span> <span class='ocrx_word' id='word_1_309' title='bbox 893 2322 914 2358; x_wconf 72' lang='grc' dir='ltr'><strong>ι</strong></span> 
     </span>
    </p>
   </div>
   <div class='ocr_carea' id='block_1_41' title="bbox 554 2396 2067 2471">
    <p class='ocr_par' dir='ltr' id='par_1_41' title="bbox 554 2396 2067 2471">
     <span class='ocr_line' id='line_1_41' title="bbox 554 2396 2067 2471; baseline -0.002 -14"><span class='ocrx_word' id='word_1_310' title='bbox 554 2400 721 2457; x_wconf 73' lang='lat' dir='ltr'><strong>Vens.</strong></span> <span class='ocrx_word' id='word_1_311' title='bbox 752 2397 943 2455; x_wconf 79' lang='lat'><em>66-68.</em></span> <span class='ocrx_word' id='word_1_312' title='bbox 977 2417 995 2452; x_wconf 75' lang='grc' dir='ltr'><strong>ι</strong></span> <span class='ocrx_word' id='word_1_313' title='bbox 1031 2399 1099 2454; x_wconf 86' lang='lat' dir='ltr'><strong>Et</strong></span> <span class='ocrx_word' id='word_1_314' title='bbox 1126 2399 1343 2456; x_wconf 89' lang='lat' dir='ltr'><strong>dicebat</strong></span> <span class='ocrx_word' id='word_1_315' title='bbox 1369 2419 1384 2456; x_wconf 90' lang='lat'><strong>:</strong></span> <span class='ocrx_word' id='word_1_316' title='bbox 1414 2396 1710 2471; x_wconf 88' lang='lat' dir='ltr'><strong>Propterea</strong></span> <span class='ocrx_word' id='word_1_317' title='bbox 1749 2399 1860 2454; x_wconf 82' lang='lat' dir='ltr'><strong>dixi</strong></span> <span class='ocrx_word' id='word_1_318' title='bbox 1893 2400 2067 2467; x_wconf 84' lang='lat' dir='ltr'><strong>vobis,</strong></span> 
     </span>
    </p>
   </div>
   <div class='ocr_carea' id='block_1_42' title="bbox 487 2489 2072 2564">
    <p class='ocr_par' dir='ltr' id='par_1_42' title="bbox 487 2489 2072 2564">
     <span class='ocr_line' id='line_1_42' title="bbox 487 2489 2072 2564; baseline -0.001 -17"><span class='ocrx_word' id='word_1_319' title='bbox 487 2492 632 2564; x_wconf 91' lang='lat' dir='ltr'><strong>quod</strong></span> <span class='ocrx_word' id='word_1_320' title='bbox 675 2507 835 2548; x_wconf 92' lang='lat' dir='ltr'><strong>nemo</strong></span> <span class='ocrx_word' id='word_1_321' title='bbox 861 2499 1040 2562; x_wconf 86' lang='lat' dir='ltr'><strong>potest</strong></span> <span class='ocrx_word' id='word_1_322' title='bbox 1064 2493 1255 2548; x_wconf 89' lang='lat' dir='ltr'><strong>venire</strong></span> <span class='ocrx_word' id='word_1_323' title='bbox 1281 2493 1347 2546; x_wconf 88' lang='lat' dir='ltr'><strong>ad</strong></span> <span class='ocrx_word' id='word_1_324' title='bbox 1383 2506 1491 2559; x_wconf 90' lang='lat' dir='ltr'><strong>me,</strong></span> <span class='ocrx_word' id='word_1_325' title='bbox 1557 2491 1661 2547; x_wconf 86' lang='lat' dir='ltr'><strong>nisi</strong></span> <span class='ocrx_word' id='word_1_326' title='bbox 1697 2489 1864 2545; x_wconf 77' lang='lat' dir='ltr'><strong>fuerit</strong></span> <span class='ocrx_word' id='word_1_327' title='bbox 1896 2491 1944 2546; x_wconf 91' lang='lat' dir='ltr'><strong>ei</strong></span> <span class='ocrx_word' id='word_1_328' title='bbox 1977 2494 2072 2547; x_wconf 87' lang='lat' dir='ltr'><strong>da-</strong></span> 
     </span>
    </p>
   </div>
   <div class='ocr_carea' id='block_1_43' title="bbox 485 2581 2069 2653">
    <p class='ocr_par' dir='ltr' id='par_1_43' title="bbox 485 2581 2069 2653">
     <span class='ocr_line' id='line_1_43' title="bbox 485 2581 2069 2653; baseline -0.003 -12"><span class='ocrx_word' id='word_1_329' title='bbox 485 2596 600 2641; x_wconf 86' lang='lat' dir='ltr'><strong>tum</strong></span> <span class='ocrx_word' id='word_1_330' title='bbox 626 2600 656 2639; x_wconf 89' lang='lat' dir='ltr'><strong>a</strong></span> <span class='ocrx_word' id='word_1_331' title='bbox 683 2583 846 2640; x_wconf 86' lang='lat' dir='ltr'><strong>Patre</strong></span> <span class='ocrx_word' id='word_1_332' title='bbox 870 2598 1010 2639; x_wconf 84' lang='lat' dir='ltr'><strong>meo.</strong></span> <span class='ocrx_word' id='word_1_333' title='bbox 1037 2582 1116 2638; x_wconf 83' lang='lat' dir='ltr'><strong>Ex</strong></span> <span class='ocrx_word' id='word_1_334' title='bbox 1142 2597 1206 2639; x_wconf 93' lang='lat' dir='ltr'><strong>eo</strong></span> <span class='ocrx_word' id='word_1_335' title='bbox 1226 2592 1472 2653; x_wconf 80' lang='lat' dir='ltr'><strong>tempore</strong></span> <span class='ocrx_word' id='word_1_336' title='bbox 1495 2581 1650 2637; x_wconf 89' lang='lat' dir='ltr'><strong>multi</strong></span> <span class='ocrx_word' id='word_1_337' title='bbox 1677 2581 2069 2652; x_wconf 81' lang='lat' dir='ltr'><strong>discipulorum</strong></span> 
     </span>
    </p>
   </div>
   <div class='ocr_carea' id='block_1_44' title="bbox 485 2673 2068 2750">
    <p class='ocr_par' dir='ltr' id='par_1_44' title="bbox 485 2673 2068 2750">
     <span class='ocr_line' id='line_1_44' title="bbox 485 2673 2068 2750; baseline -0.003 -17"><span class='ocrx_word' id='word_1_338' title='bbox 485 2680 604 2750; x_wconf 80' lang='lat' dir='ltr'><strong>ejus</strong></span> <span class='ocrx_word' id='word_1_339' title='bbox 636 2675 892 2734; x_wconf 84' lang='lat' dir='ltr'><strong>abierunt</strong></span> <span class='ocrx_word' id='word_1_340' title='bbox 919 2686 1243 2744; x_wconf 86' lang='lat' dir='ltr'><strong>retrorsum,</strong></span> <span class='ocrx_word' id='word_1_341' title='bbox 1273 2691 1373 2733; x_wconf 90' lang='lat' dir='ltr'><strong>nec</strong></span> <span class='ocrx_word' id='word_1_342' title='bbox 1397 2675 1630 2745; x_wconf 86' lang='lat' dir='ltr'><strong>amplius</strong></span> <span class='ocrx_word' id='word_1_343' title='bbox 1656 2688 1780 2729; x_wconf 87' lang='lat' dir='ltr'><strong>cum</strong></span> <span class='ocrx_word' id='word_1_344' title='bbox 1813 2673 1905 2730; x_wconf 91' lang='lat' dir='ltr'><strong>illo</strong></span> <span class='ocrx_word' id='word_1_345' title='bbox 1949 2688 2068 2728; x_wconf 88' lang='lat' dir='ltr'><strong>am-</strong></span> 
     </span>
    </p>
   </div>
   <div class='ocr_carea' id='block_1_45' title="bbox 485 2761 2074 2840">
    <p class='ocr_par' dir='ltr' id='par_1_45' title="bbox 485 2761 2074 2840">
     <span class='ocr_line' id='line_1_45' title="bbox 485 2761 2074 2840; baseline -0.004 -14"><span class='ocrx_word' id='word_1_346' title='bbox 485 2769 767 2826; x_wconf 86' lang='lat' dir='ltr'><strong>bulabant.</strong></span> <span class='ocrx_word' id='word_1_347' title='bbox 811 2768 958 2824; x_wconf 86' lang='lat' dir='ltr'><strong>Dixit</strong></span> <span class='ocrx_word' id='word_1_348' title='bbox 1010 2783 1143 2840; x_wconf 81' lang='lat' dir='ltr'><strong>ergo</strong></span> <span class='ocrx_word' id='word_1_349' title='bbox 1187 2766 1345 2824; x_wconf 81' lang='lat' dir='ltr'><strong>Jesus</strong></span> <span class='ocrx_word' id='word_1_350' title='bbox 1373 2766 1443 2822; x_wconf 88' lang='lat' dir='ltr'><strong>ad</strong></span> <span class='ocrx_word' id='word_1_351' title='bbox 1472 2766 1756 2823; x_wconf 88' lang='lat' dir='ltr'><strong>duodecim</strong></span> <span class='ocrx_word' id='word_1_352' title='bbox 1795 2761 1978 2821; x_wconf 82' lang='lat' dir='ltr'><strong>:Num</strong></span> <span class='ocrx_word' id='word_1_353' title='bbox 2019 2773 2074 2820; x_wconf 91' lang='lat' dir='ltr'><strong>et</strong></span> 
     </span>
    </p>
   </div>
   <div class='ocr_carea' id='block_1_46' title="bbox 489 2858 2075 2932">
    <p class='ocr_par' dir='ltr' id='par_1_46' title="bbox 489 2858 2075 2932">
     <span class='ocr_line' id='line_1_46' title="bbox 489 2858 2075 2932; baseline -0.003 -14"><span class='ocrx_word' id='word_1_354' title='bbox 489 2877 591 2919; x_wconf 80' lang='lat' dir='ltr'><strong>vos</strong></span> <span class='ocrx_word' id='word_1_355' title='bbox 621 2861 785 2918; x_wconf 85' lang='lat' dir='ltr'><strong>vultis</strong></span> <span class='ocrx_word' id='word_1_356' title='bbox 806 2860 997 2918; x_wconf 80' lang='lat' dir='ltr'><strong>abire?</strong></span> <span class='ocrx_word' id='word_1_357' title='bbox 1040 2880 1062 2914; x_wconf 72' lang='grc' dir='ltr'><strong>ι</strong></span> <span class='ocrx_word' id='word_1_358' title='bbox 1105 2859 1262 2932; x_wconf 71' lang='lat' dir='ltr'><strong>Saepe</strong></span> <span class='ocrx_word' id='word_1_359' title='bbox 1295 2860 1556 2924; x_wconf 77' lang='lat' dir='ltr'><strong>diximus,</strong></span> <span class='ocrx_word' id='word_1_360' title='bbox 1587 2859 1805 2929; x_wconf 88' lang='lat' dir='ltr'><strong>quando</strong></span> <span class='ocrx_word' id='word_1_361' title='bbox 1833 2858 2075 2914; x_wconf 88' lang='lat' dir='ltr'><strong>audieris</strong></span> 
     </span>
    </p>
   </div>
   <div class='ocr_carea' id='block_1_47' title="bbox 487 2951 2075 3026">
    <p class='ocr_par' dir='ltr' id='par_1_47' title="bbox 487 2951 2075 3026">
     <span class='ocr_line' id='line_1_47' title="bbox 487 2951 2075 3026; baseline -0.003 -15"><span class='ocrx_word' id='word_1_362' title='bbox 487 2956 632 3026; x_wconf 91' lang='lat' dir='ltr'><strong>quod</strong></span> <span class='ocrx_word' id='word_1_363' title='bbox 653 2954 817 3012; x_wconf 90' lang='lat' dir='ltr'><strong>Pater</strong></span> <span class='ocrx_word' id='word_1_364' title='bbox 843 2955 937 3010; x_wconf 89' lang='lat' dir='ltr'><strong>dat</strong></span> <span class='ocrx_word' id='word_1_365' title='bbox 968 2955 1126 3010; x_wconf 83' lang='lat' dir='ltr'><strong>ﬁdem</strong></span> <span class='ocrx_word' id='word_1_366' title='bbox 1157 2955 1213 3010; x_wconf 92' lang='lat' dir='ltr'><strong>in</strong></span> <span class='ocrx_word' id='word_1_367' title='bbox 1261 2952 1584 3024; x_wconf 66' lang='lat' dir='ltr'><strong>Filiutn,:ne</strong></span> <span class='ocrx_word' id='word_1_368' title='bbox 1619 2951 1899 3008; x_wconf 81' lang='lat' dir='ltr'><strong>existimes</strong></span> <span class='ocrx_word' id='word_1_369' title='bbox 1931 2951 2075 3022; x_wconf 89' lang='lat' dir='ltr'><strong>quod</strong></span> 
     </span>
    </p>
   </div>
   <div class='ocr_carea' id='block_1_48' title="bbox 2247 2391 3766 2467">
    <p class='ocr_par' dir='ltr' id='par_1_48' title="bbox 2247 2391 3766 2467">
     <span class='ocr_line' id='line_1_48' title="bbox 2247 2391 3766 2467; baseline -0.005 -15"><span class='ocrx_word' id='word_1_370' title='bbox 2247 2417 2268 2452; x_wconf 79' lang='grc' dir='ltr'><strong>ι</strong></span> <span class='ocrx_word' id='word_1_371' title='bbox 2307 2399 2418 2452; x_wconf 76' lang='grc' dir='ltr'><strong>Καὶ</strong></span> <span class='ocrx_word' id='word_1_372' title='bbox 2448 2398 2603 2466; x_wconf 75' lang='grc' dir='ltr'><strong>ἔλεγε</strong></span> <span class='ocrx_word' id='word_1_373' title='bbox 2629 2415 2644 2431; x_wconf 79' lang='grc' dir='ltr'><strong>ο</strong></span> <span class='ocrx_word' id='word_1_374' title='bbox 2697 2396 2796 2452; x_wconf 78' lang='grc' dir='ltr'><strong>Διά</strong></span> <span class='ocrx_word' id='word_1_375' title='bbox 2834 2391 2995 2450; x_wconf 85' lang='grc' dir='ltr'><strong>τοῦτο</strong></span> <span class='ocrx_word' id='word_1_376' title='bbox 3043 2394 3242 2467; x_wconf 73' lang='grc' dir='ltr'><strong>εἴρηκα</strong></span> <span class='ocrx_word' id='word_1_377' title='bbox 3274 2394 3428 2464; x_wconf 71' lang='grc' dir='ltr'><strong>ὑμῖν,</strong></span> <span class='ocrx_word' id='word_1_378' title='bbox 3471 2395 3563 2447; x_wconf 80' lang='grc' dir='ltr'><strong>ὅτι</strong></span> <span class='ocrx_word' id='word_1_379' title='bbox 3587 2395 3766 2457; x_wconf 62' lang='grc' dir='ltr'><strong>οὐδεὶς</strong></span> 
     </span>
    </p>
   </div>
   <div class='ocr_carea' id='block_1_49' title="bbox 2165 2481 3768 2560">
    <p class='ocr_par' dir='ltr' id='par_1_49' title="bbox 2165 2481 3768 2560">
     <span class='ocr_line' id='line_1_49' title="bbox 2165 2481 3768 2560; baseline -0.004 -16"><span class='ocrx_word' id='word_1_380' title='bbox 2165 2489 2392 2544; x_wconf 77' lang='grc' dir='ltr'><strong>δύναται</strong></span> <span class='ocrx_word' id='word_1_381' title='bbox 2437 2488 2613 2542; x_wconf 74' lang='grc' dir='ltr'><strong>ἐλθεῖν</strong></span> <span class='ocrx_word' id='word_1_382' title='bbox 2652 2487 2790 2560; x_wconf 76' lang='grc' dir='ltr'><strong>πρὸς</strong></span> <span class='ocrx_word' id='word_1_383' title='bbox 2833 2487 2926 2557; x_wconf 82' lang='grc' dir='ltr'><strong>μὲ,</strong></span> <span class='ocrx_word' id='word_1_384' title='bbox 2989 2486 3083 2539; x_wconf 76' lang='grc' dir='ltr'><strong>ἐὰν</strong></span> <span class='ocrx_word' id='word_1_385' title='bbox 3124 2485 3200 2556; x_wconf 85' lang='grc' dir='ltr'><strong>μὴ</strong></span> <span class='ocrx_word' id='word_1_386' title='bbox 3228 2481 3583 2559; x_wconf 80' lang='grc' dir='ltr'>δεδομένον</span> <span class='ocrx_word' id='word_1_387' title='bbox 3616 2484 3768 2555; x_wconf 66' lang='grc' dir='ltr'><strong>αὐτῷ</strong></span> 
     </span>
    </p>
   </div>
   <div class='ocr_carea' id='block_1_50' title="bbox 2169 2578 3764 2652">
    <p class='ocr_par' dir='ltr' id='par_1_50' title="bbox 2169 2578 3764 2652">
     <span class='ocr_line' id='line_1_50' title="bbox 2169 2578 3764 2652; baseline -0.003 -16"><span class='ocrx_word' id='word_1_388' title='bbox 2169 2583 2235 2636; x_wconf 81' lang='grc' dir='ltr'><strong>ὲκ</strong></span> <span class='ocrx_word' id='word_1_389' title='bbox 2260 2581 2354 2635; x_wconf 89' lang='grc' dir='ltr'><strong>τοῦ</strong></span> <span class='ocrx_word' id='word_1_390' title='bbox 2392 2579 2607 2652; x_wconf 78' lang='grc' dir='ltr'><strong>Πατρός</strong></span> <span class='ocrx_word' id='word_1_391' title='bbox 2645 2598 2771 2652; x_wconf 88' lang='grc' dir='ltr'><strong>μου.</strong></span> <span class='ocrx_word' id='word_1_392' title='bbox 2809 2579 2905 2633; x_wconf 85' lang='grc' dir='ltr'><strong>Ἐκ</strong></span> <span class='ocrx_word' id='word_1_393' title='bbox 2933 2579 3127 2632; x_wconf 79' lang='grc' dir='ltr'><strong>τούτου</strong></span> <span class='ocrx_word' id='word_1_394' title='bbox 3152 2578 3338 2633; x_wconf 80' lang='grc' dir='ltr'><strong>πολλοὶ</strong></span> <span class='ocrx_word' id='word_1_395' title='bbox 3371 2579 3625 2650; x_wconf 76' lang='grc' dir='ltr'><strong>ἀπῆλθον</strong></span> <span class='ocrx_word' id='word_1_396' title='bbox 3658 2579 3764 2631; x_wconf 73' lang='grc' dir='ltr'><strong>τῶν</strong></span> 
     </span>
    </p>
   </div>
   <div class='ocr_carea' id='block_1_51' title="bbox 2175 2670 3766 2745">
    <p class='ocr_par' dir='ltr' id='par_1_51' title="bbox 2175 2670 3766 2745">
     <span class='ocr_line' id='line_1_51' title="bbox 2175 2670 3766 2745; baseline -0.003 -17"><span class='ocrx_word' id='word_1_397' title='bbox 2175 2671 2438 2745; x_wconf 83' lang='grc' dir='ltr'><strong>μαθητῶν</strong></span> <span class='ocrx_word' id='word_1_398' title='bbox 2471 2672 2636 2728; x_wconf 81' lang='grc' dir='ltr'><strong>αὐτοῦ</strong></span> <span class='ocrx_word' id='word_1_399' title='bbox 2672 2674 2753 2735; x_wconf 84' lang='grc' dir='ltr'><strong>είς</strong></span> <span class='ocrx_word' id='word_1_400' title='bbox 2786 2671 2855 2725; x_wconf 71' lang='grc' dir='ltr'><strong>τὰ</strong></span> <span class='ocrx_word' id='word_1_401' title='bbox 2883 2670 3079 2735; x_wconf 86' lang='grc' dir='ltr'><strong>ὀπίσω,</strong></span> <span class='ocrx_word' id='word_1_402' title='bbox 3129 2671 3223 2726; x_wconf 69' lang='grc' dir='ltr'><strong>καὶ</strong></span> <span class='ocrx_word' id='word_1_403' title='bbox 3257 2671 3360 2723; x_wconf 78' lang='grc' dir='ltr'><strong>οὐκ</strong></span> <span class='ocrx_word' id='word_1_404' title='bbox 3382 2671 3467 2724; x_wconf 79' lang='grc' dir='ltr'><strong>ἐτι</strong></span> <span class='ocrx_word' id='word_1_405' title='bbox 3503 2671 3631 2741; x_wconf 78' lang='grc' dir='ltr'><strong>μετ’</strong></span> <span class='ocrx_word' id='word_1_406' title='bbox 3668 2672 3766 2724; x_wconf 67' lang='lat' dir='ltr'><strong>a6-</strong></span> 
     </span>
    </p>
   </div>
   <div class='ocr_carea' id='block_1_52' title="bbox 2170 2757 3767 2834">
    <p class='ocr_par' dir='ltr' id='par_1_52' title="bbox 2170 2757 3767 2834">
     <span class='ocr_line' id='line_1_52' title="bbox 2170 2757 3767 2834; baseline -0.002 -18"><span class='ocrx_word' id='word_1_407' title='bbox 2170 2763 2266 2816; x_wconf 85' lang='grc' dir='ltr'><strong>τοῦ</strong></span> <span class='ocrx_word' id='word_1_408' title='bbox 2321 2762 2715 2834; x_wconf 82' lang='grc' dir='ltr'><strong>περιεπάτουν.</strong></span> <span class='ocrx_word' id='word_1_409' title='bbox 2752 2757 2885 2815; x_wconf 53' lang='lat' dir='ltr'><strong>Eine</strong></span> <span class='ocrx_word' id='word_1_410' title='bbox 2935 2759 2992 2814; x_wconf 77' lang='grc' dir='ltr'>δὲ</span> <span class='ocrx_word' id='word_1_411' title='bbox 3043 2763 3071 2815; x_wconf 90' lang='lat'><strong>6</strong></span> <span class='ocrx_word' id='word_1_412' title='bbox 3119 2759 3328 2832; x_wconf 73' lang='grc' dir='ltr'><strong>Ἰησοῦς</strong></span> <span class='ocrx_word' id='word_1_413' title='bbox 3371 2763 3489 2824; x_wconf 84' lang='grc' dir='ltr'><strong>τοῖς</strong></span> <span class='ocrx_word' id='word_1_414' title='bbox 3519 2759 3767 2814; x_wconf 74' lang='grc' dir='ltr'>δώδεκαο</span> 
     </span>
    </p>
   </div>
   <div class='ocr_carea' id='block_1_53' title="bbox 2172 2852 3764 2927">
    <p class='ocr_par' dir='ltr' id='par_1_53' title="bbox 2172 2852 3764 2927">
     <span class='ocr_line' id='line_1_53' title="bbox 2172 2852 3764 2927; baseline -0.004 -17"><span class='ocrx_word' id='word_1_415' title='bbox 2172 2853 2265 2927; x_wconf 81' lang='grc' dir='ltr'><strong>Μὴ</strong></span> <span class='ocrx_word' id='word_1_416' title='bbox 2305 2855 2400 2909; x_wconf 76' lang='grc' dir='ltr'><strong>καὶ</strong></span> <span class='ocrx_word' id='word_1_417' title='bbox 2430 2856 2587 2926; x_wconf 81' lang='grc' dir='ltr'>ὑμεῖς</span> <span class='ocrx_word' id='word_1_418' title='bbox 2617 2854 2796 2908; x_wconf 82' lang='grc' dir='ltr'><strong>θέλετε</strong></span> <span class='ocrx_word' id='word_1_419' title='bbox 2833 2852 3105 2922; x_wconf 81' lang='grc' dir='ltr'><strong>ὑπάγειν;</strong></span> <span class='ocrx_word' id='word_1_420' title='bbox 3147 2872 3164 2905; x_wconf 77' lang='grc' dir='ltr'><strong>ι</strong></span> <span class='ocrx_word' id='word_1_421' title='bbox 3195 2853 3468 2917; x_wconf 77' lang='grc' dir='ltr'><strong>Πολλάκις</strong></span> <span class='ocrx_word' id='word_1_422' title='bbox 3504 2853 3764 2924; x_wconf 71' lang='grc' dir='ltr'><strong>εἴπομεν,</strong></span> 
     </span>
    </p>
   </div>
   <div class='ocr_carea' id='block_1_54' title="bbox 2172 2944 3768 3021">
    <p class='ocr_par' dir='ltr' id='par_1_54' title="bbox 2172 2944 3768 3021">
     <span class='ocr_line' id='line_1_54' title="bbox 2172 2944 3768 3021; baseline -0.002 -20"><span class='ocrx_word' id='word_1_423' title='bbox 2172 2948 2258 3002; x_wconf 84' lang='grc' dir='ltr'><strong>ὅτι</strong></span> <span class='ocrx_word' id='word_1_424' title='bbox 2293 2950 2424 3002; x_wconf 73' lang='grc' dir='ltr'><strong>ὅταν</strong></span> <span class='ocrx_word' id='word_1_425' title='bbox 2461 2947 2727 3021; x_wconf 79' lang='grc' dir='ltr'><strong>ἀκούσῃς,</strong></span> <span class='ocrx_word' id='word_1_426' title='bbox 2775 2947 2849 3011; x_wconf 86' lang='grc' dir='ltr'><strong>ὠς</strong></span> <span class='ocrx_word' id='word_1_427' title='bbox 2879 2947 2906 3000; x_wconf 88' lang='grc' dir='ltr'><strong>ὀ</strong></span> <span class='ocrx_word' id='word_1_428' title='bbox 2941 2945 3134 3018; x_wconf 79' lang='grc' dir='ltr'><strong>Πατὴρ</strong></span> <span class='ocrx_word' id='word_1_429' title='bbox 3166 2944 3350 3000; x_wconf 84' lang='grc' dir='ltr'><strong>δίδωσι</strong></span> <span class='ocrx_word' id='word_1_430' title='bbox 3402 2946 3509 3017; x_wconf 76' lang='grc' dir='ltr'><strong>τὴν</strong></span> <span class='ocrx_word' id='word_1_431' title='bbox 3552 2948 3634 3010; x_wconf 81' lang='grc' dir='ltr'><strong>είς</strong></span> <span class='ocrx_word' id='word_1_432' title='bbox 3682 2946 3768 2998; x_wconf 70' lang='grc' dir='ltr'><strong>τὸν</strong></span> 
     </span>
    </p>
   </div>
   <div class='ocr_carea' id='block_1_55' title="bbox 485 3037 2072 3118">
    <p class='ocr_par' dir='ltr' id='par_1_55' title="bbox 485 3044 2072 3118">
     <span class='ocr_line' id='line_1_55' title="bbox 485 3044 2072 3118; baseline -0.003 -14"><span class='ocrx_word' id='word_1_433' title='bbox 485 3049 612 3106; x_wconf 88' lang='lat' dir='ltr'><strong>aliis</strong></span> <span class='ocrx_word' id='word_1_434' title='bbox 645 3046 954 3105; x_wconf 78' lang='lat' dir='ltr'><strong>benefaciat</strong></span> <span class='ocrx_word' id='word_1_435' title='bbox 1025 3044 1188 3103; x_wconf 89' lang='lat' dir='ltr'><strong>Pater</strong></span> <span class='ocrx_word' id='word_1_436' title='bbox 1231 3061 1369 3118; x_wconf 89' lang='lat' dir='ltr'><strong>quos</strong></span> <span class='ocrx_word' id='word_1_437' title='bbox 1407 3057 1680 3118; x_wconf 74' lang='lat' dir='ltr'><strong>segreget,</strong></span> <span class='ocrx_word' id='word_1_438' title='bbox 1717 3046 1838 3102; x_wconf 87' lang='lat' dir='ltr'><strong>aliis</strong></span> <span class='ocrx_word' id='word_1_439' title='bbox 1897 3056 2072 3101; x_wconf 86' lang='lat' dir='ltr'><strong>autem</strong></span> 
     </span>
    </p>
   </div>
   <div class='ocr_carea' id='block_1_56' title="bbox 2177 3037 3768 3118">
    <p class='ocr_par' dir='ltr' id='par_1_56' title="bbox 2177 3037 3768 3111">
     <span class='ocr_line' id='line_1_56' title="bbox 2177 3037 3768 3111; baseline -0.002 -17"><span class='ocrx_word' id='word_1_440' title='bbox 2177 3041 2308 3094; x_wconf 81' lang='grc' dir='ltr'>Υἰδν</span> <span class='ocrx_word' id='word_1_441' title='bbox 2347 3040 2552 3104; x_wconf 82' lang='grc' dir='ltr'><strong>πίστιν,</strong></span> <span class='ocrx_word' id='word_1_442' title='bbox 2588 3039 2663 3110; x_wconf 80' lang='grc' dir='ltr'><strong>μὴ</strong></span> <span class='ocrx_word' id='word_1_443' title='bbox 2697 3039 2949 3111; x_wconf 77' lang='grc' dir='ltr'><strong>νομίσῃς,</strong></span> <span class='ocrx_word' id='word_1_444' title='bbox 2997 3040 3079 3093; x_wconf 83' lang='grc' dir='ltr'><strong>ὅτι</strong></span> <span class='ocrx_word' id='word_1_445' title='bbox 3110 3037 3304 3102; x_wconf 76' lang='grc' dir='ltr'><strong>ἄλλους</strong></span> <span class='ocrx_word' id='word_1_446' title='bbox 3348 3039 3450 3109; x_wconf 81' lang='grc' dir='ltr'><strong>μὲν</strong></span> <span class='ocrx_word' id='word_1_447' title='bbox 3482 3037 3768 3109; x_wconf 72' lang='grc' dir='ltr'><strong>εὐεργετεῖ</strong></span> 
     </span>
    </p>
   </div>
   <div class='ocr_carea' id='block_1_57' title="bbox 486 3121 2072 3213">
    <p class='ocr_par' dir='ltr' id='par_1_57' title="bbox 486 3121 2072 3213">
     <span class='ocr_line' id='line_1_57' title="bbox 486 3121 2072 3213; baseline -0.002 -17"><span class='ocrx_word' id='word_1_448' title='bbox 486 3155 597 3197; x_wconf 90' lang='lat' dir='ltr'><strong>non</strong></span> <span class='ocrx_word' id='word_1_449' title='bbox 633 3160 646 3196; x_wconf 94' lang='lat'><strong>:</strong></span> <span class='ocrx_word' id='word_1_450' title='bbox 683 3142 788 3198; x_wconf 86' lang='lat' dir='ltr'><strong>hoc</strong></span> <span class='ocrx_word' id='word_1_451' title='bbox 814 3141 962 3196; x_wconf 89' lang='lat' dir='ltr'><strong>enim</strong></span> <span class='ocrx_word' id='word_1_452' title='bbox 987 3121 1190 3213; x_wconf 62' lang='lat' dir='ltr'><strong>injusfe</strong></span> <span class='ocrx_word' id='word_1_453' title='bbox 1224 3140 1439 3212; x_wconf 86' lang='lat' dir='ltr'><strong>agentis</strong></span> <span class='ocrx_word' id='word_1_454' title='bbox 1470 3149 1650 3208; x_wconf 86' lang='lat' dir='ltr'><strong>esset;</strong></span> <span class='ocrx_word' id='word_1_455' title='bbox 1698 3140 1796 3196; x_wconf 89' lang='lat' dir='ltr'><strong>sed</strong></span> <span class='ocrx_word' id='word_1_456' title='bbox 1829 3139 1937 3196; x_wconf 86' lang='lat' dir='ltr'><strong>illis</strong></span> <span class='ocrx_word' id='word_1_457' title='bbox 1969 3138 2072 3194; x_wconf 89' lang='lat' dir='ltr'><strong>be-</strong></span> 
     </span>
    </p>
   </div>
   <div class='ocr_carea' id='block_1_58' title="bbox 2177 3121 3764 3213">
    <p class='ocr_par' dir='ltr' id='par_1_58' title="bbox 2177 3129 3764 3206">
     <span class='ocr_line' id='line_1_58' title="bbox 2177 3129 3764 3206; baseline -0.004 -18"><span class='ocrx_word' id='word_1_458' title='bbox 2177 3135 2205 3188; x_wconf 89' lang='lat'><strong>6</strong></span> <span class='ocrx_word' id='word_1_459' title='bbox 2231 3133 2428 3206; x_wconf 80' lang='grc' dir='ltr'><strong>Πατὴρ</strong></span> <span class='ocrx_word' id='word_1_460' title='bbox 2454 3132 2598 3188; x_wconf 84' lang='grc' dir='ltr'><strong>κατὰ</strong></span> <span class='ocrx_word' id='word_1_461' title='bbox 2628 3131 3037 3205; x_wconf 78' lang='grc' dir='ltr'><strong>ἀποκλήρωσιν,</strong></span> <span class='ocrx_word' id='word_1_462' title='bbox 3055 3129 3248 3195; x_wconf 69' lang='grc' dir='ltr'><strong>ἄλλους</strong></span> <span class='ocrx_word' id='word_1_463' title='bbox 3270 3131 3327 3184; x_wconf 82' lang='grc' dir='ltr'>δὲ</span> <span class='ocrx_word' id='word_1_464' title='bbox 3348 3129 3444 3192; x_wconf 68' lang='grc' dir='ltr'><strong>οὕς</strong></span> <span class='ocrx_word' id='word_1_465' title='bbox 3468 3131 3638 3184; x_wconf 82' lang='grc' dir='ltr'><strong>τοῦτο</strong></span> <span class='ocrx_word' id='word_1_466' title='bbox 3660 3131 3764 3201; x_wconf 68' lang='grc' dir='ltr'><strong>γὰρ</strong></span> 
     </span>
    </p>
   </div>
   <div class='ocr_carea' id='block_1_59' title="bbox 488 3231 2079 3306">
    <p class='ocr_par' dir='ltr' id='par_1_59' title="bbox 488 3231 2079 3306">
     <span class='ocr_line' id='line_1_59' title="bbox 488 3231 2079 3306; baseline -0.001 -16"><span class='ocrx_word' id='word_1_467' title='bbox 488 3233 738 3291; x_wconf 77' lang='lat' dir='ltr'><strong>nefacere</strong></span> <span class='ocrx_word' id='word_1_468' title='bbox 762 3244 891 3306; x_wconf 92' lang='lat' dir='ltr'><strong>puta</strong></span> <span class='ocrx_word' id='word_1_469' title='bbox 947 3232 1185 3300; x_wconf 85' lang='lat' dir='ltr'><strong>Patrem,</strong></span> <span class='ocrx_word' id='word_1_470' title='bbox 1229 3243 1284 3291; x_wconf 88' lang='lat' dir='ltr'><strong>et</strong></span> <span class='ocrx_word' id='word_1_471' title='bbox 1330 3233 1436 3290; x_wconf 87' lang='lat' dir='ltr'><strong>illis</strong></span> <span class='ocrx_word' id='word_1_472' title='bbox 1473 3234 1610 3290; x_wconf 85' lang='lat' dir='ltr'><strong>dare</strong></span> <span class='ocrx_word' id='word_1_473' title='bbox 1677 3233 1879 3290; x_wconf 89' lang='lat' dir='ltr'><strong>donum</strong></span> <span class='ocrx_word' id='word_1_474' title='bbox 1932 3231 2079 3300; x_wconf 78' lang='lat' dir='ltr'><strong>ﬁdei,</strong></span> 
     </span>
    </p>
   </div>
   <div class='ocr_carea' id='block_1_60' title="bbox 487 3322 2069 3396">
    <p class='ocr_par' dir='ltr' id='par_1_60' title="bbox 487 3322 2069 3396">
     <span class='ocr_line' id='line_1_60' title="bbox 487 3322 2069 3396; baseline -0.001 -18"><span class='ocrx_word' id='word_1_475' title='bbox 487 3327 687 3396; x_wconf 90' lang='lat' dir='ltr'><strong>quibus</strong></span> <span class='ocrx_word' id='word_1_476' title='bbox 713 3335 1042 3396; x_wconf 89' lang='lat' dir='ltr'><strong>cuoperatur</strong></span> <span class='ocrx_word' id='word_1_477' title='bbox 1071 3324 1270 3382; x_wconf 86' lang='lat' dir='ltr'><strong>electio</strong></span> <span class='ocrx_word' id='word_1_478' title='bbox 1299 3335 1355 3384; x_wconf 88' lang='lat' dir='ltr'><strong>et</strong></span> <span class='ocrx_word' id='word_1_479' title='bbox 1403 3327 1683 3383; x_wconf 84' lang='lat' dir='ltr'><strong>voluntas.</strong></span> <span class='ocrx_word' id='word_1_480' title='bbox 1737 3322 1875 3379; x_wconf 79' lang='lat' dir='ltr'><strong>Nam</strong></span> <span class='ocrx_word' id='word_1_481' title='bbox 1906 3323 2002 3393; x_wconf 93' lang='lat' dir='ltr'><strong>qui</strong></span> <span class='ocrx_word' id='word_1_482' title='bbox 2039 3337 2069 3376; x_wconf 91' lang='lat' dir='ltr'><strong>a</strong></span> 
     </span>
    </p>
   </div>
   <div class='ocr_carea' id='block_1_61' title="bbox 2175 3221 3764 3295">
    <p class='ocr_par' dir='ltr' id='par_1_61' title="bbox 2175 3221 3764 3295">
     <span class='ocr_line' id='line_1_61' title="bbox 2175 3221 3764 3295; baseline -0.003 -15"><span class='ocrx_word' id='word_1_483' title='bbox 2175 3223 2490 3288; x_wconf 83' lang='grc' dir='ltr'><strong>ἀδικοῦντὸς</strong></span> <span class='ocrx_word' id='word_1_484' title='bbox 2526 3225 2698 3290; x_wconf 76' lang='grc' dir='ltr'><strong>ἐστιν,</strong></span> <span class='ocrx_word' id='word_1_485' title='bbox 2753 3223 2870 3277; x_wconf 77' lang='grc' dir='ltr'><strong>ἀλλ’</strong></span> <span class='ocrx_word' id='word_1_486' title='bbox 2921 3224 3165 3286; x_wconf 70' lang='grc' dir='ltr'><strong>ἐκείνους</strong></span> <span class='ocrx_word' id='word_1_487' title='bbox 3219 3221 3543 3295; x_wconf 79' lang='grc' dir='ltr'><strong>εὐεργετεῖν</strong></span> <span class='ocrx_word' id='word_1_488' title='bbox 3579 3221 3764 3293; x_wconf 73' lang='grc' dir='ltr'><strong>νόμιζε</strong></span> 
     </span>
    </p>
   </div>
   <div class='ocr_carea' id='block_1_62' title="bbox 2177 3315 3758 3388">
    <p class='ocr_par' dir='ltr' id='par_1_62' title="bbox 2177 3315 3758 3388">
     <span class='ocr_line' id='line_1_62' title="bbox 2177 3315 3758 3388; baseline -0.001 -17"><span class='ocrx_word' id='word_1_489' title='bbox 2177 3318 2270 3371; x_wconf 80' lang='grc' dir='ltr'><strong>τὸν</strong></span> <span class='ocrx_word' id='word_1_490' title='bbox 2300 3317 2544 3388; x_wconf 80' lang='grc' dir='ltr'><strong>Πατέρα,</strong></span> <span class='ocrx_word' id='word_1_491' title='bbox 2578 3316 2675 3371; x_wconf 72' lang='grc' dir='ltr'><strong>καὶ</strong></span> <span class='ocrx_word' id='word_1_492' title='bbox 2718 3316 2950 3379; x_wconf 81' lang='grc' dir='ltr'><strong>ἐκείνοις</strong></span> <span class='ocrx_word' id='word_1_493' title='bbox 2986 3315 3191 3369; x_wconf 76' lang='grc' dir='ltr'><strong>διδόναι</strong></span> <span class='ocrx_word' id='word_1_494' title='bbox 3242 3317 3343 3386; x_wconf 79' lang='grc' dir='ltr'><strong>τὴν</strong></span> <span class='ocrx_word' id='word_1_495' title='bbox 3383 3315 3488 3386; x_wconf 77' lang='grc' dir='ltr'><strong>τῆς</strong></span> <span class='ocrx_word' id='word_1_496' title='bbox 3519 3315 3758 3379; x_wconf 73' lang='grc' dir='ltr'><strong>πίστεως</strong></span> 
     </span>
    </p>
   </div>
   <div class='ocr_carea' id='block_1_63' title="bbox 487 3400 2072 3486">
    <p class='ocr_par' dir='ltr' id='par_1_63' title="bbox 487 3415 2068 3486">
     <span class='ocr_line' id='line_1_63' title="bbox 487 3415 2068 3486; baseline -0.003 -13"><span class='ocrx_word' id='word_1_497' title='bbox 487 3418 767 3475; x_wconf 79' lang='lat' dir='ltr'><strong>voluntate</strong></span> <span class='ocrx_word' id='word_1_498' title='bbox 791 3433 898 3474; x_wconf 93' lang='lat' dir='ltr'><strong>non</strong></span> <span class='ocrx_word' id='word_1_499' title='bbox 935 3416 1250 3486; x_wconf 90' lang='lat' dir='ltr'><strong>adjuvatur,</strong></span> <span class='ocrx_word' id='word_1_500' title='bbox 1275 3417 1490 3475; x_wconf 90' lang='lat' dir='ltr'><strong>etiarnsi</strong></span> <span class='ocrx_word' id='word_1_501' title='bbox 1518 3433 1548 3474; x_wconf 93' lang='lat' dir='ltr'><strong>a</strong></span> <span class='ocrx_word' id='word_1_502' title='bbox 1596 3417 1709 3473; x_wconf 88' lang='lat' dir='ltr'><strong>Deo</strong></span> <span class='ocrx_word' id='word_1_503' title='bbox 1750 3415 2068 3481; x_wconf 84' lang='lat' dir='ltr'><strong>assumitur,</strong></span> 
     </span>
    </p>
   </div>
   <div class='ocr_carea' id='block_1_64' title="bbox 2177 3400 3763 3486">
    <p class='ocr_par' dir='ltr' id='par_1_64' title="bbox 2177 3406 3763 3481">
     <span class='ocr_line' id='line_1_64' title="bbox 2177 3406 3763 3481; baseline -0.001 -17"><span class='ocrx_word' id='word_1_504' title='bbox 2177 3409 2405 3481; x_wconf 72' lang='grc' dir='ltr'>δωρεὰν,</span> <span class='ocrx_word' id='word_1_505' title='bbox 2441 3407 2659 3480; x_wconf 77' lang='grc' dir='ltr'><strong>ὃσοιςή</strong></span> <span class='ocrx_word' id='word_1_506' title='bbox 2722 3409 3048 3481; x_wconf 78' lang='grc' dir='ltr'><strong>προαίρεσις</strong></span> <span class='ocrx_word' id='word_1_507' title='bbox 3109 3411 3384 3477; x_wconf 81' lang='grc' dir='ltr'><strong>συνεργεῖ.</strong></span> <span class='ocrx_word' id='word_1_508' title='bbox 3442 3408 3503 3462; x_wconf 88' lang='grc' dir='ltr'>Ὀ</span> <span class='ocrx_word' id='word_1_509' title='bbox 3554 3410 3663 3480; x_wconf 74' lang='grc' dir='ltr'><strong>γὰρ</strong></span> <span class='ocrx_word' id='word_1_510' title='bbox 3693 3406 3763 3480; x_wconf 79' lang='grc' dir='ltr'><strong>μή</strong></span> 
     </span>
    </p>
   </div>
   <div class='ocr_carea' id='block_1_65' title="bbox 488 3504 2072 3580">
    <p class='ocr_par' dir='ltr' id='par_1_65' title="bbox 488 3504 2072 3580">
     <span class='ocr_line' id='line_1_65' title="bbox 488 3504 2072 3580; baseline -0.003 -15"><span class='ocrx_word' id='word_1_511' title='bbox 488 3525 597 3566; x_wconf 88' lang='lat' dir='ltr'><strong>non</strong></span> <span class='ocrx_word' id='word_1_512' title='bbox 664 3509 895 3580; x_wconf 87' lang='lat' dir='ltr'><strong>percipit</strong></span> <span class='ocrx_word' id='word_1_513' title='bbox 929 3508 1223 3564; x_wconf 87' lang='lat' dir='ltr'><strong>utilitatem</strong></span> <span class='ocrx_word' id='word_1_514' title='bbox 1272 3525 1288 3563; x_wconf 88' lang='lat'><strong>:</strong></span> <span class='ocrx_word' id='word_1_515' title='bbox 1331 3516 1389 3563; x_wconf 94' lang='lat' dir='ltr'><strong>ut</strong></span> <span class='ocrx_word' id='word_1_516' title='bbox 1430 3507 1666 3580; x_wconf 85' lang='lat' dir='ltr'><strong>exempli</strong></span> <span class='ocrx_word' id='word_1_517' title='bbox 1721 3508 1895 3578; x_wconf 82' lang='lat' dir='ltr'><strong>gratia</strong></span> <span class='ocrx_word' id='word_1_518' title='bbox 1943 3504 2072 3574; x_wconf 89' lang='lat' dir='ltr'><strong>quid</strong></span> 
     </span>
    </p>
   </div>
   <div class='ocr_carea' id='block_1_66' title="bbox 421 3598 2071 3670">
    <p class='ocr_par' dir='ltr' id='par_1_66' title="bbox 421 3598 2071 3670">
     <span class='ocr_line' id='line_1_66' title="bbox 421 3598 2071 3670; baseline -0.005 -10"><span class='ocrx_word' id='word_1_519' title='bbox 421 3651 428 3670; x_wconf 84' lang='lat'><strong>,</strong></span> <span class='ocrx_word' id='word_1_520' title='bbox 489 3604 706 3660; x_wconf 88' lang='lat' dir='ltr'><strong>dicam:</strong></span> <span class='ocrx_word' id='word_1_521' title='bbox 737 3599 1002 3657; x_wconf 87' lang='lat' dir='ltr'><strong>Omnibus</strong></span> <span class='ocrx_word' id='word_1_522' title='bbox 1027 3600 1119 3657; x_wconf 91' lang='lat' dir='ltr'><strong>dat</strong></span> <span class='ocrx_word' id='word_1_523' title='bbox 1150 3599 1316 3668; x_wconf 87' lang='lat' dir='ltr'><strong>Deus,</strong></span> <span class='ocrx_word' id='word_1_524' title='bbox 1379 3600 1474 3654; x_wconf 90' lang='lat' dir='ltr'><strong>sed</strong></span> <span class='ocrx_word' id='word_1_525' title='bbox 1511 3601 1614 3655; x_wconf 91' lang='lat' dir='ltr'><strong>boc</strong></span> <span class='ocrx_word' id='word_1_526' title='bbox 1635 3598 1856 3670; x_wconf 91' lang='lat' dir='ltr'><strong>quidam</strong></span> <span class='ocrx_word' id='word_1_527' title='bbox 1885 3607 1941 3652; x_wconf 88' lang='lat' dir='ltr'><strong>et</strong></span> <span class='ocrx_word' id='word_1_528' title='bbox 1977 3611 2071 3652; x_wconf 84' lang='lat' dir='ltr'><strong>su-</strong></span> 
     </span>
    </p>
   </div>
   <div class='ocr_carea' id='block_1_67' title="bbox 489 3690 2074 3760">
    <p class='ocr_par' dir='ltr' id='par_1_67' title="bbox 489 3690 2074 3760">
     <span class='ocr_line' id='line_1_67' title="bbox 489 3690 2074 3760; baseline -0.004 -12"><span class='ocrx_word' id='word_1_529' title='bbox 489 3703 646 3749; x_wconf 89' lang='lat' dir='ltr'><strong>munt</strong></span> <span class='ocrx_word' id='word_1_530' title='bbox 680 3693 839 3758; x_wconf 90' lang='lat' dir='ltr'><strong>bene,</strong></span> <span class='ocrx_word' id='word_1_531' title='bbox 896 3701 950 3749; x_wconf 91' lang='lat' dir='ltr'><strong>et</strong></span> <span class='ocrx_word' id='word_1_532' title='bbox 976 3700 1204 3748; x_wconf 92' lang='lat' dir='ltr'><strong>utuntur</strong></span> <span class='ocrx_word' id='word_1_533' title='bbox 1235 3704 1302 3748; x_wconf 89' lang='lat' dir='ltr'><strong>eo</strong></span> <span class='ocrx_word' id='word_1_534' title='bbox 1362 3691 1506 3760; x_wconf 91' lang='lat' dir='ltr'><strong>quod</strong></span> <span class='ocrx_word' id='word_1_535' title='bbox 1544 3690 1727 3757; x_wconf 86' lang='lat' dir='ltr'><strong>datur,</strong></span> <span class='ocrx_word' id='word_1_536' title='bbox 1779 3699 1835 3745; x_wconf 93' lang='lat' dir='ltr'><strong>et</strong></span> <span class='ocrx_word' id='word_1_537' title='bbox 1888 3698 2074 3744; x_wconf 88' lang='lat' dir='ltr'><strong>custo-</strong></span> 
     </span>
    </p>
   </div>
   <div class='ocr_carea' id='block_1_68' title="bbox 489 3782 2072 3852">
    <p class='ocr_par' dir='ltr' id='par_1_68' title="bbox 489 3782 2072 3852">
     <span class='ocr_line' id='line_1_68' title="bbox 489 3782 2072 3852; baseline -0.004 -8"><span class='ocrx_word' id='word_1_538' title='bbox 489 3785 702 3844; x_wconf 87' lang='lat' dir='ltr'><strong>dientes</strong></span> <span class='ocrx_word' id='word_1_539' title='bbox 732 3784 887 3852; x_wconf 88' lang='lat' dir='ltr'><strong>illud,</strong></span> <span class='ocrx_word' id='word_1_540' title='bbox 915 3784 1212 3842; x_wconf 89' lang='lat' dir='ltr'><strong>ostendunt</strong></span> <span class='ocrx_word' id='word_1_541' title='bbox 1244 3782 1338 3839; x_wconf 89' lang='lat' dir='ltr'><strong>Dei</strong></span> <span class='ocrx_word' id='word_1_542' title='bbox 1369 3785 1594 3840; x_wconf 91' lang='lat' dir='ltr'><strong>donum.</strong></span> <span class='ocrx_word' id='word_1_543' title='bbox 1627 3782 1859 3852; x_wconf 86' lang='lat' dir='ltr'><strong>Quidam</strong></span> <span class='ocrx_word' id='word_1_544' title='bbox 1891 3794 2072 3839; x_wconf 83' lang='lat' dir='ltr'><strong>autent</strong></span> 
     </span>
    </p>
   </div>
   <div class='ocr_carea' id='block_1_69' title="bbox 492 3879 2074 3950">
    <p class='ocr_par' dir='ltr' id='par_1_69' title="bbox 492 3879 2074 3950">
     <span class='ocr_line' id='line_1_69' title="bbox 492 3879 2074 3950; baseline -0.001 -15"><span class='ocrx_word' id='word_1_545' title='bbox 492 3881 803 3950; x_wconf 82' lang='lat' dir='ltr'><strong>recipiunt:</strong></span> <span class='ocrx_word' id='word_1_546' title='bbox 835 3880 931 3934; x_wconf 88' lang='lat' dir='ltr'><strong>sed</strong></span> <span class='ocrx_word' id='word_1_547' title='bbox 970 3894 1034 3936; x_wconf 90' lang='lat' dir='ltr'><strong>ea</strong></span> <span class='ocrx_word' id='word_1_548' title='bbox 1059 3893 1180 3949; x_wconf 74' lang='lat' dir='ltr'><strong>qua:</strong></span> <span class='ocrx_word' id='word_1_549' title='bbox 1223 3879 1440 3945; x_wconf 87' lang='lat' dir='ltr'><strong>dantur,</strong></span> <span class='ocrx_word' id='word_1_550' title='bbox 1493 3879 1832 3948; x_wconf 90' lang='lat' dir='ltr'><strong>disperdunt,</strong></span> <span class='ocrx_word' id='word_1_551' title='bbox 1888 3879 1961 3933; x_wconf 88' lang='lat' dir='ltr'><strong>ita</strong></span> <span class='ocrx_word' id='word_1_552' title='bbox 2016 3889 2074 3934; x_wconf 92' lang='lat' dir='ltr'><strong>ut</strong></span> 
     </span>
    </p>
   </div>
   <div class='ocr_carea' id='block_1_70' title="bbox 493 3969 2078 4041">
    <p class='ocr_par' dir='ltr' id='par_1_70' title="bbox 493 3969 2078 4041">
     <span class='ocr_line' id='line_1_70' title="bbox 493 3969 2078 4041; baseline 0 -17"><span class='ocrx_word' id='word_1_553' title='bbox 493 3971 624 4024; x_wconf 88' lang='lat' dir='ltr'><strong>nihil</strong></span> <span class='ocrx_word' id='word_1_554' title='bbox 663 3971 940 4038; x_wconf 86' lang='lat' dir='ltr'><strong>accepisse</strong></span> <span class='ocrx_word' id='word_1_555' title='bbox 998 3971 1302 4026; x_wconf 83' lang='lat' dir='ltr'><strong>videantur.</strong></span> <span class='ocrx_word' id='word_1_556' title='bbox 1347 3969 1580 4038; x_wconf 85' lang='lat' dir='ltr'><strong>Quando</strong></span> <span class='ocrx_word' id='word_1_557' title='bbox 1633 3971 1798 4041; x_wconf 80' lang='lat' dir='ltr'><strong>igitur</strong></span> <span class='ocrx_word' id='word_1_558' title='bbox 1844 3985 2078 4040; x_wconf 77' lang='lat' dir='ltr'><strong>evange-</strong></span> 
     </span>
    </p>
   </div>
   <div class='ocr_carea' id='block_1_71' title="bbox 490 4059 2074 4128">
    <p class='ocr_par' dir='ltr' id='par_1_71' title="bbox 490 4059 2074 4128">
     <span class='ocr_line' id='line_1_71' title="bbox 490 4059 2074 4128; baseline 0.001 -13"><span class='ocrx_word' id='word_1_559' title='bbox 490 4063 614 4116; x_wconf 84' lang='lat' dir='ltr'><strong>lista</strong></span> <span class='ocrx_word' id='word_1_560' title='bbox 651 4061 804 4128; x_wconf 90' lang='lat' dir='ltr'><strong>dicit,</strong></span> <span class='ocrx_word' id='word_1_561' title='bbox 837 4059 950 4116; x_wconf 87' lang='lat' dir='ltr'><strong>Nisi</strong></span> <span class='ocrx_word' id='word_1_562' title='bbox 1008 4061 1172 4116; x_wconf 76' lang='lat' dir='ltr'><strong>fuerit</strong></span> <span class='ocrx_word' id='word_1_563' title='bbox 1228 4061 1389 4117; x_wconf 90' lang='lat' dir='ltr'><strong>alicui</strong></span> <span class='ocrx_word' id='word_1_564' title='bbox 1431 4064 1614 4117; x_wconf 85' lang='lat' dir='ltr'><strong>datum</strong></span> <span class='ocrx_word' id='word_1_565' title='bbox 1675 4077 1705 4116; x_wconf 79' lang='grc' dir='ltr'><strong>ιι</strong></span> <span class='ocrx_word' id='word_1_566' title='bbox 1750 4061 1930 4126; x_wconf 86' lang='lat' dir='ltr'><strong>Patre,</strong></span> <span class='ocrx_word' id='word_1_567' title='bbox 1969 4078 2074 4117; x_wconf 92' lang='lat' dir='ltr'><strong>non</strong></span> 
     </span>
    </p>
   </div>
   <div class='ocr_carea' id='block_1_72' title="bbox 490 4153 2076 4223">
    <p class='ocr_par' dir='ltr' id='par_1_72' title="bbox 490 4153 2076 4223">
     <span class='ocr_line' id='line_1_72' title="bbox 490 4153 2076 4223; baseline 0.001 -15"><span class='ocrx_word' id='word_1_568' title='bbox 490 4154 692 4223; x_wconf 89' lang='lat' dir='ltr'><strong>poterit</strong></span> <span class='ocrx_word' id='word_1_569' title='bbox 721 4153 910 4210; x_wconf 90' lang='lat' dir='ltr'><strong>venire</strong></span> <span class='ocrx_word' id='word_1_570' title='bbox 941 4155 1009 4210; x_wconf 90' lang='lat' dir='ltr'><strong>ad</strong></span> <span class='ocrx_word' id='word_1_571' title='bbox 1065 4153 1302 4221; x_wconf 88' lang='lat' dir='ltr'><strong>Filium,</strong></span> <span class='ocrx_word' id='word_1_572' title='bbox 1347 4155 1449 4210; x_wconf 91' lang='lat' dir='ltr'><strong>boc</strong></span> <span class='ocrx_word' id='word_1_573' title='bbox 1495 4155 1647 4220; x_wconf 84' lang='lat' dir='ltr'><strong>dicit,</strong></span> <span class='ocrx_word' id='word_1_574' title='bbox 1682 4154 1776 4210; x_wconf 88' lang='lat' dir='ltr'><strong>Ille</strong></span> <span class='ocrx_word' id='word_1_575' title='bbox 1827 4155 1975 4208; x_wconf 85' lang='lat' dir='ltr'><strong>venit</strong></span> <span class='ocrx_word' id='word_1_576' title='bbox 2009 4155 2076 4210; x_wconf 88' lang='lat' dir='ltr'><strong>ad</strong></span> 
     </span>
    </p>
   </div>
   <div class='ocr_carea' id='block_1_73' title="bbox 491 4246 2078 4320">
    <p class='ocr_par' dir='ltr' id='par_1_73' title="bbox 491 4246 2078 4320">
     <span class='ocr_line' id='line_1_73' title="bbox 491 4246 2078 4320; baseline -0.001 -18"><span class='ocrx_word' id='word_1_577' title='bbox 491 4246 712 4311; x_wconf 86' lang='lat' dir='ltr'><strong>Filium,</strong></span> <span class='ocrx_word' id='word_1_578' title='bbox 744 4249 830 4302; x_wconf 90' lang='lat' dir='ltr'><strong>cui</strong></span> <span class='ocrx_word' id='word_1_579' title='bbox 861 4247 1092 4304; x_wconf 88' lang='lat' dir='ltr'><strong>daturus</strong></span> <span class='ocrx_word' id='word_1_580' title='bbox 1127 4256 1212 4304; x_wconf 89' lang='lat' dir='ltr'><strong>est</strong></span> <span class='ocrx_word' id='word_1_581' title='bbox 1230 4247 1417 4316; x_wconf 90' lang='lat' dir='ltr'><strong>Pater,</strong></span> <span class='ocrx_word' id='word_1_582' title='bbox 1450 4248 1553 4304; x_wconf 86' lang='lat' dir='ltr'><strong>hoc</strong></span> <span class='ocrx_word' id='word_1_583' title='bbox 1578 4257 1728 4317; x_wconf 83' lang='lat' dir='ltr'><strong>est,a</strong></span> <span class='ocrx_word' id='word_1_584' title='bbox 1759 4263 1866 4320; x_wconf 88' lang='lat' dir='ltr'><strong>quo</strong></span> <span class='ocrx_word' id='word_1_585' title='bbox 1895 4258 2078 4304; x_wconf 88' lang='lat' dir='ltr'><strong>custo-</strong></span> 
     </span>
    </p>
   </div>
   <div class='ocr_carea' id='block_1_74' title="bbox 495 4337 2071 4411">
    <p class='ocr_par' dir='ltr' id='par_1_74' title="bbox 495 4337 2071 4411">
     <span class='ocr_line' id='line_1_74' title="bbox 495 4337 2071 4411; baseline 0.002 -18"><span class='ocrx_word' id='word_1_586' title='bbox 495 4339 671 4393; x_wconf 90' lang='lat' dir='ltr'><strong>ditum</strong></span> <span class='ocrx_word' id='word_1_587' title='bbox 719 4337 888 4393; x_wconf 74' lang='lat' dir='ltr'><strong>fuerit</strong></span> <span class='ocrx_word' id='word_1_588' title='bbox 925 4338 1122 4394; x_wconf 89' lang='lat' dir='ltr'><strong>donum</strong></span> <span class='ocrx_word' id='word_1_589' title='bbox 1163 4354 1192 4393; x_wconf 91' lang='lat' dir='ltr'><strong>a</strong></span> <span class='ocrx_word' id='word_1_590' title='bbox 1238 4341 1348 4396; x_wconf 93' lang='lat' dir='ltr'><strong>Deo</strong></span> <span class='ocrx_word' id='word_1_591' title='bbox 1379 4341 1524 4411; x_wconf 90' lang='lat' dir='ltr'><strong>quod</strong></span> <span class='ocrx_word' id='word_1_592' title='bbox 1579 4341 1656 4396; x_wconf 89' lang='lat' dir='ltr'><strong>illi</strong></span> <span class='ocrx_word' id='word_1_593' title='bbox 1722 4344 1907 4397; x_wconf 86' lang='lat' dir='ltr'><strong>datum</strong></span> <span class='ocrx_word' id='word_1_594' title='bbox 1966 4351 2071 4396; x_wconf 87' lang='lat' dir='ltr'><strong>est.</strong></span> 
     </span>
    </p>
   </div>
   <div class='ocr_carea' id='block_1_75' title="bbox 502 4429 2075 4502">
    <p class='ocr_par' dir='ltr' id='par_1_75' title="bbox 502 4429 2075 4502">
     <span class='ocr_line' id='line_1_75' title="bbox 502 4429 2075 4502; baseline 0.003 -19"><span class='ocrx_word' id='word_1_595' title='bbox 502 4449 522 4483; x_wconf 76' lang='grc' dir='ltr'><strong>ι</strong></span> <span class='ocrx_word' id='word_1_596' title='bbox 541 4429 812 4484; x_wconf 86' lang='lat' dir='ltr'><strong>Abicrunt</strong></span> <span class='ocrx_word' id='word_1_597' title='bbox 836 4429 1000 4500; x_wconf 82' lang='lat' dir='ltr'><strong>igitur</strong></span> <span class='ocrx_word' id='word_1_598' title='bbox 1018 4429 1170 4484; x_wconf 90' lang='lat' dir='ltr'><strong>multi</strong></span> <span class='ocrx_word' id='word_1_599' title='bbox 1199 4431 1444 4502; x_wconf 86' lang='lat' dir='ltr'><strong>discipuli</strong></span> <span class='ocrx_word' id='word_1_600' title='bbox 1462 4442 1783 4498; x_wconf 82' lang='lat' dir='ltr'><strong>retrorsum,</strong></span> <span class='ocrx_word' id='word_1_601' title='bbox 1810 4452 1828 4485; x_wconf 74' lang='grc' dir='ltr'><strong>ι</strong></span> <span class='ocrx_word' id='word_1_602' title='bbox 1854 4434 2075 4500; x_wconf 84' lang='lat' dir='ltr'><strong>hocest,</strong></span> 
     </span>
    </p>
   </div>
   <div class='ocr_carea' id='block_1_76' title="bbox 498 4519 2081 4594">
    <p class='ocr_par' dir='ltr' id='par_1_76' title="bbox 498 4519 2081 4594">
     <span class='ocr_line' id='line_1_76' title="bbox 498 4519 2081 4594; baseline 0.002 -19"><span class='ocrx_word' id='word_1_603' title='bbox 498 4519 814 4576; x_wconf 88' lang='lat' dir='ltr'><strong>diviserunt</strong></span> <span class='ocrx_word' id='word_1_604' title='bbox 835 4533 894 4575; x_wconf 90' lang='lat' dir='ltr'><strong>se</strong></span> <span class='ocrx_word' id='word_1_605' title='bbox 920 4535 950 4574; x_wconf 86' lang='lat' dir='ltr'><strong>a</strong></span> <span class='ocrx_word' id='word_1_606' title='bbox 979 4519 1259 4589; x_wconf 80' lang='lat' dir='ltr'><strong>Magistro,</strong></span> <span class='ocrx_word' id='word_1_607' title='bbox 1289 4530 1345 4576; x_wconf 89' lang='lat' dir='ltr'><strong>et</strong></span> <span class='ocrx_word' id='word_1_608' title='bbox 1365 4523 1636 4594; x_wconf 82' lang='lat' dir='ltr'><strong>progressi</strong></span> <span class='ocrx_word' id='word_1_609' title='bbox 1663 4533 1790 4578; x_wconf 91' lang='lat' dir='ltr'><strong>sunt</strong></span> <span class='ocrx_word' id='word_1_610' title='bbox 1818 4538 1926 4577; x_wconf 92' lang='lat' dir='ltr'><strong>non</strong></span> <span class='ocrx_word' id='word_1_611' title='bbox 1957 4539 2081 4592; x_wconf 88' lang='lat' dir='ltr'><strong>pro-</strong></span> 
     </span>
    </p>
   </div>
   <div class='ocr_carea' id='block_1_77' title="bbox 497 4612 2074 4682">
    <p class='ocr_par' dir='ltr' id='par_1_77' title="bbox 497 4612 2074 4682">
     <span class='ocr_line' id='line_1_77' title="bbox 497 4612 2074 4682; baseline 0.002 -16"><span class='ocrx_word' id='word_1_612' title='bbox 497 4612 769 4679; x_wconf 82' lang='lat' dir='ltr'><strong>ﬁcientes,</strong></span> <span class='ocrx_word' id='word_1_613' title='bbox 799 4613 895 4669; x_wconf 88' lang='lat' dir='ltr'><strong>sed</strong></span> <span class='ocrx_word' id='word_1_614' title='bbox 927 4623 1251 4682; x_wconf 89' lang='lat' dir='ltr'><strong>retrorsum,</strong></span> <span class='ocrx_word' id='word_1_615' title='bbox 1276 4613 1380 4670; x_wconf 87' lang='lat' dir='ltr'><strong>hoc</strong></span> <span class='ocrx_word' id='word_1_616' title='bbox 1402 4625 1505 4681; x_wconf 90' lang='lat' dir='ltr'><strong>est,</strong></span> <span class='ocrx_word' id='word_1_617' title='bbox 1533 4615 1585 4670; x_wconf 93' lang='lat' dir='ltr'><strong>in</strong></span> <span class='ocrx_word' id='word_1_618' title='bbox 1616 4613 2074 4670; x_wconf 90' lang='lat' dir='ltr'><strong>incredulitatem.</strong></span> 
     </span>
    </p>
   </div>
   <div class='ocr_carea' id='block_1_78' title="bbox 498 4703 2080 4778">
    <p class='ocr_par' dir='ltr' id='par_1_78' title="bbox 498 4703 2080 4778">
     <span class='ocr_line' id='line_1_78' title="bbox 498 4703 2080 4778; baseline 0.002 -19"><span class='ocrx_word' id='word_1_619' title='bbox 498 4703 637 4760; x_wconf 80' lang='lat' dir='ltr'><strong>Nam</strong></span> <span class='ocrx_word' id='word_1_620' title='bbox 669 4720 856 4762; x_wconf 89' lang='lat' dir='ltr'><strong>revera</strong></span> <span class='ocrx_word' id='word_1_621' title='bbox 887 4705 981 4778; x_wconf 85' lang='lat' dir='ltr'><strong>qui</strong></span> <span class='ocrx_word' id='word_1_622' title='bbox 1011 4705 1251 4777; x_wconf 87' lang='lat' dir='ltr'><strong>seipsurn</strong></span> <span class='ocrx_word' id='word_1_623' title='bbox 1287 4721 1317 4763; x_wconf 88' lang='lat' dir='ltr'><strong>a</strong></span> <span class='ocrx_word' id='word_1_624' title='bbox 1362 4707 1579 4762; x_wconf 84' lang='lat' dir='ltr'><strong>Christo</strong></span> <span class='ocrx_word' id='word_1_625' title='bbox 1625 4707 1835 4775; x_wconf 87' lang='lat' dir='ltr'><strong>dividit,</strong></span> <span class='ocrx_word' id='word_1_626' title='bbox 1872 4716 2080 4762; x_wconf 87' lang='lat' dir='ltr'><strong>retror-</strong></span> 
     </span>
    </p>
   </div>
   <div class='ocr_carea' id='block_1_79' title="bbox 2177 3497 3760 3573">
    <p class='ocr_par' dir='ltr' id='par_1_79' title="bbox 2177 3497 3760 3573">
     <span class='ocr_line' id='line_1_79' title="bbox 2177 3497 3760 3573; baseline 0 -19"><span class='ocrx_word' id='word_1_627' title='bbox 2177 3499 2282 3555; x_wconf 85' lang='grc' dir='ltr'><strong>ὑπὸ</strong></span> <span class='ocrx_word' id='word_1_628' title='bbox 2308 3501 2408 3571; x_wconf 81' lang='grc' dir='ltr'><strong>τῆς</strong></span> <span class='ocrx_word' id='word_1_629' title='bbox 2434 3501 2813 3572; x_wconf 83' lang='grc' dir='ltr'><strong>προαιρέσεως</strong></span> <span class='ocrx_word' id='word_1_630' title='bbox 2852 3497 3312 3573; x_wconf 86' lang='grc' dir='ltr'><strong>συνεργούμενος,</strong></span> <span class='ocrx_word' id='word_1_631' title='bbox 3349 3497 3475 3555; x_wconf 79' lang='grc' dir='ltr'><strong>οῦδὲ</strong></span> <span class='ocrx_word' id='word_1_632' title='bbox 3537 3502 3644 3554; x_wconf 74' lang='grc' dir='ltr'><strong>ὑπὸ</strong></span> <span class='ocrx_word' id='word_1_633' title='bbox 3674 3500 3760 3554; x_wconf 74' lang='grc' dir='ltr'><strong>τοῦ</strong></span> 
     </span>
    </p>
   </div>
   <div class='ocr_carea' id='block_1_80' title="bbox 2175 3587 3759 3665">
    <p class='ocr_par' dir='ltr' id='par_1_80' title="bbox 2175 3587 3759 3665">
     <span class='ocr_line' id='line_1_80' title="bbox 2175 3587 3759 3665; baseline 0.001 -19"><span class='ocrx_word' id='word_1_634' title='bbox 2175 3591 2313 3646; x_wconf 83' lang='grc' dir='ltr'><strong>Θεοῦ</strong></span> <span class='ocrx_word' id='word_1_635' title='bbox 2345 3591 2909 3665; x_wconf 81' lang='grc' dir='ltr'><strong>προσλαμϐανόμενος</strong></span> <span class='ocrx_word' id='word_1_636' title='bbox 2959 3591 3277 3664; x_wconf 79' lang='grc' dir='ltr'><strong>ὠφελεῖται.</strong></span> <span class='ocrx_word' id='word_1_637' title='bbox 3329 3587 3459 3647; x_wconf 75' lang='grc' dir='ltr'><strong>Οίόν</strong></span> <span class='ocrx_word' id='word_1_638' title='bbox 3490 3610 3549 3646; x_wconf 91' lang='grc' dir='ltr'><strong>τι</strong></span> <span class='ocrx_word' id='word_1_639' title='bbox 3595 3595 3759 3662; x_wconf 80' lang='grc' dir='ltr'><strong>λέγω·</strong></span> 
     </span>
    </p>
   </div>
   <div class='ocr_carea' id='block_1_81' title="bbox 2177 3673 3762 3761">
    <p class='ocr_par' dir='ltr' id='par_1_81' title="bbox 2177 3673 3762 3761">
     <span class='ocr_line' id='line_1_81' title="bbox 2177 3673 3762 3761; baseline 0.001 -19"><span class='ocrx_word' id='word_1_640' title='bbox 2177 3687 2322 3742; x_wconf 75' lang='lat' dir='ltr'><strong>IIth</strong></span> <span class='ocrx_word' id='word_1_641' title='bbox 2354 3673 2572 3743; x_wconf 74' lang='grc' dir='ltr'><strong>δίδωσιν</strong></span> <span class='ocrx_word' id='word_1_642' title='bbox 2626 3691 2654 3744; x_wconf 78' lang='grc' dir='ltr'><strong>ὀ</strong></span> <span class='ocrx_word' id='word_1_643' title='bbox 2689 3689 2843 3755; x_wconf 82' lang='grc' dir='ltr'><strong>Θεὸς,</strong></span> <span class='ocrx_word' id='word_1_644' title='bbox 2869 3689 2986 3743; x_wconf 82' lang='grc' dir='ltr'><strong>ἀλλ’</strong></span> <span class='ocrx_word' id='word_1_645' title='bbox 3042 3692 3094 3744; x_wconf 80' lang='lat' dir='ltr'><strong>oi</strong></span> <span class='ocrx_word' id='word_1_646' title='bbox 3135 3691 3234 3761; x_wconf 77' lang='grc' dir='ltr'><strong>μὲν</strong></span> <span class='ocrx_word' id='word_1_647' title='bbox 3267 3690 3362 3744; x_wconf 76' lang='grc' dir='ltr'><strong>καὶ</strong></span> <span class='ocrx_word' id='word_1_648' title='bbox 3401 3691 3762 3761; x_wconf 69' lang='grc' dir='ltr'><strong>λαμϐάνουσι,</strong></span> 
     </span>
    </p>
   </div>
   <div class='ocr_carea' id='block_1_82' title="bbox 2178 3781 3759 3854">
    <p class='ocr_par' dir='ltr' id='par_1_82' title="bbox 2178 3781 3759 3854">
     <span class='ocr_line' id='line_1_82' title="bbox 2178 3781 3759 3854; baseline 0.002 -21"><span class='ocrx_word' id='word_1_649' title='bbox 2178 3781 2273 3834; x_wconf 72' lang='grc' dir='ltr'><strong>καὶ</strong></span> <span class='ocrx_word' id='word_1_650' title='bbox 2312 3782 2553 3853; x_wconf 80' lang='grc' dir='ltr'><strong>χρῶνται</strong></span> <span class='ocrx_word' id='word_1_651' title='bbox 2582 3781 2765 3846; x_wconf 85' lang='grc' dir='ltr'><strong>καλῶς</strong></span> <span class='ocrx_word' id='word_1_652' title='bbox 2799 3781 2878 3853; x_wconf 79' lang='grc' dir='ltr'><strong>τῷ</strong></span> <span class='ocrx_word' id='word_1_653' title='bbox 2912 3782 3208 3854; x_wconf 77' lang='grc' dir='ltr'><strong>δεδομένῳ,</strong></span> <span class='ocrx_word' id='word_1_654' title='bbox 3241 3784 3339 3837; x_wconf 72' lang='grc' dir='ltr'><strong>καὶ</strong></span> <span class='ocrx_word' id='word_1_655' title='bbox 3393 3783 3759 3854; x_wconf 71' lang='grc' dir='ltr'><strong>φυλάττοντες</strong></span> 
     </span>
    </p>
   </div>
   <div class='ocr_carea' id='block_1_83' title="bbox 2177 3875 3766 3947">
    <p class='ocr_par' dir='ltr' id='par_1_83' title="bbox 2177 3875 3766 3947">
     <span class='ocr_line' id='line_1_83' title="bbox 2177 3875 3766 3947; baseline 0.001 -19"><span class='ocrx_word' id='word_1_656' title='bbox 2177 3875 2329 3939; x_wconf 69' lang='grc' dir='ltr'><strong>αὐτὸ,</strong></span> <span class='ocrx_word' id='word_1_657' title='bbox 2354 3875 2663 3928; x_wconf 79' lang='grc' dir='ltr'><strong>δεικνύουσι</strong></span> <span class='ocrx_word' id='word_1_658' title='bbox 2691 3875 2790 3947; x_wconf 81' lang='grc' dir='ltr'><strong>τὴν</strong></span> <span class='ocrx_word' id='word_1_659' title='bbox 2813 3875 2905 3929; x_wconf 86' lang='grc' dir='ltr'><strong>τοῦ</strong></span> <span class='ocrx_word' id='word_1_660' title='bbox 2928 3875 3065 3929; x_wconf 82' lang='grc' dir='ltr'><strong>Θεοῦ</strong></span> <span class='ocrx_word' id='word_1_661' title='bbox 3105 3875 3336 3946; x_wconf 78' lang='grc' dir='ltr'><strong>δωρεάν.</strong></span> <span class='ocrx_word' id='word_1_662' title='bbox 3377 3879 3442 3930; x_wconf 79' lang='lat' dir='ltr'><strong>Ol</strong></span> <span class='ocrx_word' id='word_1_663' title='bbox 3467 3875 3532 3930; x_wconf 81' lang='grc' dir='ltr'>δὲ</span> <span class='ocrx_word' id='word_1_664' title='bbox 3562 3877 3766 3946; x_wconf 76' lang='grc' dir='ltr'><strong>λαμδά-</strong></span> 
     </span>
    </p>
   </div>
   <div class='ocr_carea' id='block_1_84' title="bbox 2177 3965 3765 4037">
    <p class='ocr_par' dir='ltr' id='par_1_84' title="bbox 2177 3965 3765 4037">
     <span class='ocr_line' id='line_1_84' title="bbox 2177 3965 3765 4037; baseline -0.002 -17"><span class='ocrx_word' id='word_1_665' title='bbox 2177 3983 2336 4020; x_wconf 84' lang='grc' dir='ltr'><strong>νουσι</strong></span> <span class='ocrx_word' id='word_1_666' title='bbox 2369 3965 2492 4037; x_wconf 77' lang='grc' dir='ltr'><strong>μὲν,</strong></span> <span class='ocrx_word' id='word_1_667' title='bbox 2550 3966 2884 4031; x_wconf 79' lang='grc' dir='ltr'><strong>ἀπολλύντες</strong></span> <span class='ocrx_word' id='word_1_668' title='bbox 2923 3966 2980 4020; x_wconf 82' lang='grc' dir='ltr'>δὲ</span> <span class='ocrx_word' id='word_1_669' title='bbox 3029 3971 3096 4020; x_wconf 73' lang='grc' dir='ltr'><strong>τὰ</strong></span> <span class='ocrx_word' id='word_1_670' title='bbox 3155 3967 3444 4037; x_wconf 80' lang='grc' dir='ltr'>δεδομένα,</span> <span class='ocrx_word' id='word_1_671' title='bbox 3485 3968 3765 4037; x_wconf 79' lang='grc' dir='ltr'><strong>φαίνονται</strong></span> 
     </span>
    </p>
   </div>
   <div class='ocr_carea' id='block_1_85' title="bbox 2185 4057 3765 4132">
    <p class='ocr_par' dir='ltr' id='par_1_85' title="bbox 2185 4057 3765 4132">
     <span class='ocr_line' id='line_1_85' title="bbox 2185 4057 3765 4132; baseline -0.001 -20"><span class='ocrx_word' id='word_1_672' title='bbox 2185 4061 2352 4131; x_wconf 80' lang='grc' dir='ltr'><strong>μηδὲν</strong></span> <span class='ocrx_word' id='word_1_673' title='bbox 2389 4059 2669 4123; x_wconf 74' lang='grc' dir='ltr'><strong>λαϐόντες.</strong></span> <span class='ocrx_word' id='word_1_674' title='bbox 2700 4060 2874 4112; x_wconf 80' lang='grc' dir='ltr'><strong>Ὅταν</strong></span> <span class='ocrx_word' id='word_1_675' title='bbox 2907 4057 3003 4113; x_wconf 78' lang='grc' dir='ltr'><strong>οὖν</strong></span> <span class='ocrx_word' id='word_1_676' title='bbox 3021 4060 3158 4132; x_wconf 74' lang='grc' dir='ltr'><strong>λέγῃ</strong></span> <span class='ocrx_word' id='word_1_677' title='bbox 3180 4062 3206 4112; x_wconf 88' lang='lat'><strong>6</strong></span> <span class='ocrx_word' id='word_1_678' title='bbox 3231 4059 3657 4128; x_wconf 74' lang='grc' dir='ltr'><strong>εὐαγγελιστὴς.</strong></span> <span class='ocrx_word' id='word_1_679' title='bbox 3689 4060 3765 4112; x_wconf 77' lang='grc' dir='ltr'><strong>ὅτι</strong></span> 
     </span>
    </p>
   </div>
   <div class='ocr_carea' id='block_1_86' title="bbox 2191 4147 3766 4226">
    <p class='ocr_par' dir='ltr' id='par_1_86' title="bbox 2191 4147 3766 4226">
     <span class='ocr_line' id='line_1_86' title="bbox 2191 4147 3766 4226; baseline -0.002 -19"><span class='ocrx_word' id='word_1_680' title='bbox 2191 4153 2320 4207; x_wconf 78' lang='grc' dir='ltr'><strong>Ἐὰν</strong></span> <span class='ocrx_word' id='word_1_681' title='bbox 2361 4152 2434 4222; x_wconf 85' lang='grc' dir='ltr'><strong>μὴ</strong></span> <span class='ocrx_word' id='word_1_682' title='bbox 2534 4153 2822 4223; x_wconf 54' lang='grc' dir='ltr'><strong>δέδομὲνον</strong></span> <span class='ocrx_word' id='word_1_683' title='bbox 2862 4150 2970 4205; x_wconf 82' lang='grc' dir='ltr'><strong>τινὶ</strong></span> <span class='ocrx_word' id='word_1_684' title='bbox 3006 4155 3068 4205; x_wconf 80' lang='grc' dir='ltr'><strong>ἐκ</strong></span> <span class='ocrx_word' id='word_1_685' title='bbox 3098 4150 3190 4204; x_wconf 91' lang='grc' dir='ltr'><strong>τοῦ</strong></span> <span class='ocrx_word' id='word_1_686' title='bbox 3231 4152 3485 4224; x_wconf 81' lang='grc' dir='ltr'><strong>Πατρδς,</strong></span> <span class='ocrx_word' id='word_1_687' title='bbox 3528 4153 3590 4206; x_wconf 79' lang='grc' dir='ltr'><strong>οῦ</strong></span> <span class='ocrx_word' id='word_1_688' title='bbox 3614 4152 3766 4204; x_wconf 67' lang='grc' dir='ltr'><strong>δύνει-</strong></span> 
     </span>
    </p>
   </div>
   <div class='ocr_carea' id='block_1_87' title="bbox 2178 4244 3766 4324">
    <p class='ocr_par' dir='ltr' id='par_1_87' title="bbox 2178 4244 3766 4324">
     <span class='ocr_line' id='line_1_87' title="bbox 2178 4244 3766 4324; baseline -0.003 -25"><span class='ocrx_word' id='word_1_689' title='bbox 2178 4264 2270 4299; x_wconf 66' lang='grc' dir='ltr'><strong>τιι</strong></span> <span class='ocrx_word' id='word_1_690' title='bbox 2301 4245 2474 4298; x_wconf 79' lang='grc' dir='ltr'>ἐλθεῖν</span> <span class='ocrx_word' id='word_1_691' title='bbox 2510 4247 2642 4316; x_wconf 76' lang='grc' dir='ltr'><strong>πρὸς</strong></span> <span class='ocrx_word' id='word_1_692' title='bbox 2671 4245 2761 4298; x_wconf 86' lang='grc' dir='ltr'><strong>τόν</strong></span> <span class='ocrx_word' id='word_1_693' title='bbox 2798 4246 2941 4324; x_wconf 58' lang='grc' dir='ltr'><strong>ὶξὶὀν,</strong></span> <span class='ocrx_word' id='word_1_694' title='bbox 2976 4245 3138 4300; x_wconf 82' lang='grc' dir='ltr'><strong>τοῦτο</strong></span> <span class='ocrx_word' id='word_1_695' title='bbox 3166 4244 3336 4314; x_wconf 77' lang='grc' dir='ltr'><strong>λέγει,</strong></span> <span class='ocrx_word' id='word_1_696' title='bbox 3372 4245 3481 4309; x_wconf 83' lang='grc' dir='ltr'><strong>ὅτι,</strong></span> <span class='ocrx_word' id='word_1_697' title='bbox 3533 4245 3766 4307; x_wconf 78' lang='grc' dir='ltr'><strong>Ἐκεῖνος</strong></span> 
     </span>
    </p>
   </div>
   <div class='ocr_carea' id='block_1_88' title="bbox 2181 4331 3768 4409">
    <p class='ocr_par' dir='ltr' id='par_1_88' title="bbox 2181 4331 3768 4409">
     <span class='ocr_line' id='line_1_88' title="bbox 2181 4331 3768 4409; baseline -0.001 -19"><span class='ocrx_word' id='word_1_698' title='bbox 2181 4338 2402 4409; x_wconf 75' lang='grc' dir='ltr'><strong>ἔρχεται</strong></span> <span class='ocrx_word' id='word_1_699' title='bbox 2449 4337 2586 4407; x_wconf 72' lang='grc' dir='ltr'><strong>πρὸς</strong></span> <span class='ocrx_word' id='word_1_700' title='bbox 2621 4337 2715 4389; x_wconf 81' lang='grc' dir='ltr'><strong>τὸν</strong></span> <span class='ocrx_word' id='word_1_701' title='bbox 2749 4337 2899 4403; x_wconf 77' lang='grc' dir='ltr'><strong>Υίόν,</strong></span> <span class='ocrx_word' id='word_1_702' title='bbox 2932 4331 3086 4406; x_wconf 78' lang='grc' dir='ltr'><strong>ᾧτινι</strong></span> <span class='ocrx_word' id='word_1_703' title='bbox 3141 4336 3305 4392; x_wconf 74' lang='grc' dir='ltr'><strong>δώσει</strong></span> <span class='ocrx_word' id='word_1_704' title='bbox 3340 4339 3367 4390; x_wconf 90' lang='lat'><strong>6</strong></span> <span class='ocrx_word' id='word_1_705' title='bbox 3402 4337 3622 4408; x_wconf 76' lang='grc' dir='ltr'><strong>Πατὴρ,</strong></span> <span class='ocrx_word' id='word_1_706' title='bbox 3656 4338 3768 4407; x_wconf 77' lang='grc' dir='ltr'><strong>ἦτοι</strong></span> 
     </span>
    </p>
   </div>
   <div class='ocr_carea' id='block_1_89' title="bbox 2182 4426 3767 4502">
    <p class='ocr_par' dir='ltr' id='par_1_89' title="bbox 2182 4426 3767 4502">
     <span class='ocr_line' id='line_1_89' title="bbox 2182 4426 3767 4502; baseline -0.003 -18"><span class='ocrx_word' id='word_1_707' title='bbox 2182 4432 2315 4502; x_wconf 83' lang='grc' dir='ltr'><strong>παρ’</strong></span> <span class='ocrx_word' id='word_1_708' title='bbox 2341 4426 2401 4485; x_wconf 74' lang='grc' dir='ltr'>οὗ</span> <span class='ocrx_word' id='word_1_709' title='bbox 2452 4429 2752 4502; x_wconf 76' lang='grc' dir='ltr'><strong>φυλαχθείη</strong></span> <span class='ocrx_word' id='word_1_710' title='bbox 2810 4433 2844 4501; x_wconf 82' lang='grc' dir='ltr'><strong>ή</strong></span> <span class='ocrx_word' id='word_1_711' title='bbox 2905 4433 3175 4502; x_wconf 84' lang='grc' dir='ltr'><strong>γενομένη</strong></span> <span class='ocrx_word' id='word_1_712' title='bbox 3231 4431 3384 4500; x_wconf 72' lang='grc' dir='ltr'><strong>αὐτῷ</strong></span> <span class='ocrx_word' id='word_1_713' title='bbox 3423 4431 3585 4501; x_wconf 77' lang='grc' dir='ltr'><strong>παρὰ</strong></span> <span class='ocrx_word' id='word_1_714' title='bbox 3631 4428 3767 4482; x_wconf 84' lang='grc' dir='ltr'><strong>Θεοῦ</strong></span> 
     </span>
    </p>
   </div>
   <div class='ocr_carea' id='block_1_90' title="bbox 2183 4519 3774 4596">
    <p class='ocr_par' dir='ltr' id='par_1_90' title="bbox 2183 4519 3774 4596">
     <span class='ocr_line' id='line_1_90' title="bbox 2183 4519 3774 4596; baseline -0.003 -20"><span class='ocrx_word' id='word_1_715' title='bbox 2183 4522 2383 4596; x_wconf 76' lang='grc' dir='ltr'><strong>δωρεά.</strong></span> <span class='ocrx_word' id='word_1_716' title='bbox 2424 4541 2441 4573; x_wconf 76' lang='grc' dir='ltr'><strong>ι</strong></span> <span class='ocrx_word' id='word_1_717' title='bbox 2503 4523 2778 4593; x_wconf 77' lang='grc' dir='ltr'><strong>Ἀπῆλθον</strong></span> <span class='ocrx_word' id='word_1_718' title='bbox 2815 4519 2910 4578; x_wconf 80' lang='grc' dir='ltr'><strong>οῦν</strong></span> <span class='ocrx_word' id='word_1_719' title='bbox 2953 4524 3067 4596; x_wconf 65' lang='grc'><strong>(24)</strong></span> <span class='ocrx_word' id='word_1_720' title='bbox 3120 4522 3309 4577; x_wconf 75' lang='grc' dir='ltr'><strong>πολλοὶ</strong></span> <span class='ocrx_word' id='word_1_721' title='bbox 3343 4522 3458 4577; x_wconf 82' lang='grc' dir='ltr'><strong>τῶν</strong></span> <span class='ocrx_word' id='word_1_722' title='bbox 3511 4521 3774 4594; x_wconf 81' lang='grc' dir='ltr'><strong>μαθητῶν</strong></span> 
     </span>
    </p>
   </div>
   <div class='ocr_carea' id='block_1_91' title="bbox 2184 4615 3773 4686">
    <p class='ocr_par' dir='ltr' id='par_1_91' title="bbox 2184 4615 3773 4686">
     <span class='ocr_line' id='line_1_91' title="bbox 2184 4615 3773 4686; baseline -0.001 -17"><span class='ocrx_word' id='word_1_723' title='bbox 2184 4617 2263 4680; x_wconf 85' lang='grc' dir='ltr'><strong>είς</strong></span> <span class='ocrx_word' id='word_1_724' title='bbox 2312 4616 2381 4669; x_wconf 73' lang='grc' dir='ltr'><strong>τὰ</strong></span> <span class='ocrx_word' id='word_1_725' title='bbox 2409 4616 2618 4669; x_wconf 86' lang='grc' dir='ltr'><strong>ὀπίσω·</strong></span> <span class='ocrx_word' id='word_1_726' title='bbox 2666 4635 2684 4668; x_wconf 78' lang='grc' dir='ltr'><strong>ι</strong></span> <span class='ocrx_word' id='word_1_727' title='bbox 2721 4617 3027 4681; x_wconf 81' lang='grc' dir='ltr'><strong>τουτέστιν,</strong></span> <span class='ocrx_word' id='word_1_728' title='bbox 3085 4616 3492 4686; x_wconf 71' lang='grc' dir='ltr'><strong>ἁποσχίσαντε,</strong></span> <span class='ocrx_word' id='word_1_729' title='bbox 3547 4615 3773 4676; x_wconf 74' lang='grc' dir='ltr'><strong>ἑαυτοὺς</strong></span> 
     </span>
    </p>
   </div>
   <div class='ocr_carea' id='block_1_92' title="bbox 2184 4705 3770 4782">
    <p class='ocr_par' dir='ltr' id='par_1_92' title="bbox 2184 4705 3770 4782">
     <span class='ocr_line' id='line_1_92' title="bbox 2184 4705 3770 4782; baseline -0.001 -21"><span class='ocrx_word' id='word_1_730' title='bbox 2184 4707 2280 4762; x_wconf 85' lang='grc' dir='ltr'><strong>τοῦ</strong></span> <span class='ocrx_word' id='word_1_731' title='bbox 2310 4707 2671 4774; x_wconf 80' lang='grc' dir='ltr'><strong>Διδασκάλου,</strong></span> <span class='ocrx_word' id='word_1_732' title='bbox 2707 4709 2808 4764; x_wconf 74' lang='grc' dir='ltr'><strong>οὒκ</strong></span> <span class='ocrx_word' id='word_1_733' title='bbox 2846 4711 2926 4773; x_wconf 85' lang='grc' dir='ltr'><strong>είς</strong></span> <span class='ocrx_word' id='word_1_734' title='bbox 2976 4709 3265 4782; x_wconf 76' lang='grc' dir='ltr'><strong>προκοπὴν</strong></span> <span class='ocrx_word' id='word_1_735' title='bbox 3297 4708 3602 4780; x_wconf 77' lang='grc' dir='ltr'><strong>προῆλθον,</strong></span> <span class='ocrx_word' id='word_1_736' title='bbox 3659 4705 3770 4762; x_wconf 72' lang='grc' dir='ltr'><strong>ἀλλ’</strong></span> 
     </span>
    </p>
   </div>
   <div class='ocr_carea' id='block_1_93' title="bbox 497 4792 2072 4871">
    <p class='ocr_par' dir='ltr' id='par_1_93' title="bbox 497 4796 2072 4865">
     <span class='ocr_line' id='line_1_93' title="bbox 497 4796 2072 4865; baseline 0.002 -14"><span class='ocrx_word' id='word_1_737' title='bbox 497 4811 621 4851; x_wconf 87' lang='lat' dir='ltr'><strong>sum</strong></span> <span class='ocrx_word' id='word_1_738' title='bbox 658 4796 807 4852; x_wconf 81' lang='lat' dir='ltr'><strong>vadit</strong></span> <span class='ocrx_word' id='word_1_739' title='bbox 837 4815 854 4853; x_wconf 89' lang='lat'><strong>:</strong></span> <span class='ocrx_word' id='word_1_740' title='bbox 886 4796 980 4865; x_wconf 89' lang='lat' dir='ltr'><strong>qui</strong></span> <span class='ocrx_word' id='word_1_741' title='bbox 1003 4807 1190 4854; x_wconf 87' lang='lat' dir='ltr'><strong>autem</strong></span> <span class='ocrx_word' id='word_1_742' title='bbox 1227 4800 1523 4854; x_wconf 89' lang='lat' dir='ltr'><strong>secundum</strong></span> <span class='ocrx_word' id='word_1_743' title='bbox 1582 4797 1807 4854; x_wconf 90' lang='lat' dir='ltr'><strong>Paulum</strong></span> <span class='ocrx_word' id='word_1_744' title='bbox 1838 4801 2072 4854; x_wconf 63' lang='lat' dir='ltr'><strong>adhaeret</strong></span> 
     </span>
    </p>
   </div>
   <div class='ocr_carea' id='block_1_94' title="bbox 2177 4792 3772 4871">
    <p class='ocr_par' dir='ltr' id='par_1_94' title="bbox 2186 4799 3772 4871">
     <span class='ocr_line' id='line_1_94' title="bbox 2186 4799 3772 4871; baseline -0.001 -19"><span class='ocrx_word' id='word_1_745' title='bbox 2186 4801 2266 4864; x_wconf 84' lang='grc' dir='ltr'><strong>είς</strong></span> <span class='ocrx_word' id='word_1_746' title='bbox 2299 4801 2365 4854; x_wconf 76' lang='grc' dir='ltr'><strong>τὰ</strong></span> <span class='ocrx_word' id='word_1_747' title='bbox 2423 4800 2623 4867; x_wconf 85' lang='grc' dir='ltr'><strong>ὀπίσω,</strong></span> <span class='ocrx_word' id='word_1_748' title='bbox 2680 4801 2986 4867; x_wconf 81' lang='grc' dir='ltr'><strong>τουτέστιν,</strong></span> <span class='ocrx_word' id='word_1_749' title='bbox 3045 4805 3125 4865; x_wconf 80' lang='grc' dir='ltr'><strong>είς</strong></span> <span class='ocrx_word' id='word_1_750' title='bbox 3184 4801 3473 4856; x_wconf 75' lang='grc' dir='ltr'><strong>ἀπιστίανο</strong></span> <span class='ocrx_word' id='word_1_751' title='bbox 3528 4800 3608 4871; x_wconf 78' lang='grc' dir='ltr'><strong>τῷ</strong></span> <span class='ocrx_word' id='word_1_752' title='bbox 3660 4799 3772 4852; x_wconf 74' lang='grc' dir='ltr'><strong>ὄντι</strong></span> 
     </span>
    </p>
   </div>
   <div class='ocr_carea' id='block_1_95' title="bbox 500 4887 2080 4962">
    <p class='ocr_par' dir='ltr' id='par_1_95' title="bbox 500 4887 2080 4962">
     <span class='ocr_line' id='line_1_95' title="bbox 500 4887 2080 4962; baseline 0.002 -18"><span class='ocrx_word' id='word_1_753' title='bbox 500 4887 756 4958; x_wconf 87' lang='lat' dir='ltr'><strong>Domino,</strong></span> <span class='ocrx_word' id='word_1_754' title='bbox 798 4902 1016 4960; x_wconf 86' lang='lat' dir='ltr'><strong>semper</strong></span> <span class='ocrx_word' id='word_1_755' title='bbox 1041 4903 1102 4945; x_wconf 87' lang='lat' dir='ltr'><strong>se</strong></span> <span class='ocrx_word' id='word_1_756' title='bbox 1149 4888 1397 4944; x_wconf 77' lang='lat' dir='ltr'><strong>extendit</strong></span> <span class='ocrx_word' id='word_1_757' title='bbox 1449 4888 1518 4944; x_wconf 90' lang='lat' dir='ltr'><strong>ad</strong></span> <span class='ocrx_word' id='word_1_758' title='bbox 1563 4891 1835 4945; x_wconf 85' lang='lat' dir='ltr'><strong>anteriora</strong></span> <span class='ocrx_word' id='word_1_759' title='bbox 1853 4890 1919 4946; x_wconf 82' lang='grc'><strong>⁸⁸.</strong></span> <span class='ocrx_word' id='word_1_760' title='bbox 1965 4892 2080 4962; x_wconf 88' lang='lat' dir='ltr'><strong>Ipse</strong></span> 
     </span>
    </p>
   </div>
   <div class='ocr_carea' id='block_1_96' title="bbox 501 4973 2084 5054">
    <p class='ocr_par' dir='ltr' id='par_1_96' title="bbox 501 4973 2084 5054">
     <span class='ocr_line' id='line_1_96' title="bbox 501 4973 2084 5054; baseline 0.001 -16"><span class='ocrx_word' id='word_1_761' title='bbox 501 4973 681 5039; x_wconf 76' lang='lat' dir='ltr'><strong>autem</strong></span> <span class='ocrx_word' id='word_1_762' title='bbox 733 4983 1033 5040; x_wconf 86' lang='lat' dir='ltr'><strong>ostendens</strong></span> <span class='ocrx_word' id='word_1_763' title='bbox 1092 4981 1238 5054; x_wconf 90' lang='lat' dir='ltr'><strong>quod</strong></span> <span class='ocrx_word' id='word_1_764' title='bbox 1277 4981 1483 5037; x_wconf 86' lang='lat' dir='ltr'><strong>nullius</strong></span> <span class='ocrx_word' id='word_1_765' title='bbox 1535 4981 1618 5036; x_wconf 80' lang='lat' dir='ltr'><strong>vel</strong></span> <span class='ocrx_word' id='word_1_766' title='bbox 1654 4983 1939 5039; x_wconf 84' lang='lat' dir='ltr'><strong>ministerii</strong></span> <span class='ocrx_word' id='word_1_767' title='bbox 1998 4985 2084 5040; x_wconf 71' lang='grc' dir='ltr'><strong>νισι</strong></span> 
     </span>
    </p>
   </div>
   <div class='ocr_carea' id='block_1_97' title="bbox 501 5075 2088 5148">
    <p class='ocr_par' dir='ltr' id='par_1_97' title="bbox 501 5075 2088 5148">
     <span class='ocr_line' id='line_1_97' title="bbox 501 5075 2088 5148; baseline 0.001 -16"><span class='ocrx_word' id='word_1_768' title='bbox 501 5092 646 5132; x_wconf 73' lang='lat' dir='ltr'><strong>curae</strong></span> <span class='ocrx_word' id='word_1_769' title='bbox 694 5076 836 5147; x_wconf 90' lang='lat' dir='ltr'><strong>quod</strong></span> <span class='ocrx_word' id='word_1_770' title='bbox 879 5075 982 5132; x_wconf 85' lang='lat' dir='ltr'><strong>sibi</strong></span> <span class='ocrx_word' id='word_1_771' title='bbox 1043 5075 1434 5148; x_wconf 81' lang='lat' dir='ltr'><strong>impendebant</strong></span> <span class='ocrx_word' id='word_1_772' title='bbox 1485 5075 1743 5146; x_wconf 84' lang='lat' dir='ltr'><strong>indigeat,</strong></span> <span class='ocrx_word' id='word_1_773' title='bbox 1791 5077 1924 5132; x_wconf 92' lang='lat' dir='ltr'><strong>dicit</strong></span> <span class='ocrx_word' id='word_1_774' title='bbox 1960 5079 2088 5134; x_wconf 91' lang='lat' dir='ltr'><strong>eis:</strong></span> 
     </span>
    </p>
   </div>
   <div class='ocr_carea' id='block_1_98' title="bbox 508 5165 2082 5234">
    <p class='ocr_par' dir='ltr' id='par_1_98' title="bbox 508 5165 2082 5234">
     <span class='ocr_line' id='line_1_98' title="bbox 508 5165 2082 5234; baseline 0.004 -16"><span class='ocrx_word' id='word_1_775' title='bbox 508 5184 528 5218; x_wconf 74' lang='grc' dir='ltr'><strong>ι</strong></span> <span class='ocrx_word' id='word_1_776' title='bbox 575 5166 710 5222; x_wconf 79' lang='lat' dir='ltr'><strong>Num</strong></span> <span class='ocrx_word' id='word_1_777' title='bbox 768 5167 933 5222; x_wconf 88' lang='lat' dir='ltr'><strong>etiam</strong></span> <span class='ocrx_word' id='word_1_778' title='bbox 981 5181 1076 5222; x_wconf 87' lang='lat' dir='ltr'><strong>vos</strong></span> <span class='ocrx_word' id='word_1_779' title='bbox 1133 5166 1296 5222; x_wconf 85' lang='lat' dir='ltr'><strong>vultis</strong></span> <span class='ocrx_word' id='word_1_780' title='bbox 1343 5165 1534 5223; x_wconf 66' lang='lat' dir='ltr'><strong>abire?</strong></span> <span class='ocrx_word' id='word_1_781' title='bbox 1592 5184 1612 5219; x_wconf 74' lang='grc' dir='ltr'><strong>ι</strong></span> <span class='ocrx_word' id='word_1_782' title='bbox 1666 5165 1848 5234; x_wconf 86' lang='lat' dir='ltr'><strong>Quare</strong></span> <span class='ocrx_word' id='word_1_783' title='bbox 1902 5178 2082 5224; x_wconf 84' lang='lat' dir='ltr'><strong>autem</strong></span> 
     </span>
    </p>
   </div>
   <div class='ocr_carea' id='block_1_99' title="bbox 2187 4892 3775 4965">
    <p class='ocr_par' dir='ltr' id='par_1_99' title="bbox 2187 4892 3775 4965">
     <span class='ocr_line' id='line_1_99' title="bbox 2187 4892 3775 4965; baseline -0.001 -19"><span class='ocrx_word' id='word_1_784' title='bbox 2187 4892 2320 4965; x_wconf 83' lang='grc' dir='ltr'>γὰρ,</span> <span class='ocrx_word' id='word_1_785' title='bbox 2351 4893 2379 4946; x_wconf 90' lang='lat'><strong>6</strong></span> <span class='ocrx_word' id='word_1_786' title='bbox 2406 4893 2602 4947; x_wconf 79' lang='grc' dir='ltr'><strong>ἑαυτὸν</strong></span> <span class='ocrx_word' id='word_1_787' title='bbox 2621 4893 2937 4965; x_wconf 74' lang='grc' dir='ltr'><strong>ἀποσχίζων</strong></span> <span class='ocrx_word' id='word_1_788' title='bbox 2968 4893 3063 4948; x_wconf 85' lang='grc' dir='ltr'><strong>τοῦ</strong></span> <span class='ocrx_word' id='word_1_789' title='bbox 3095 4894 3360 4964; x_wconf 82' lang='grc' dir='ltr'><strong>Χριστοῦ,</strong></span> <span class='ocrx_word' id='word_1_790' title='bbox 3385 4895 3470 4958; x_wconf 87' lang='grc' dir='ltr'><strong>είς</strong></span> <span class='ocrx_word' id='word_1_791' title='bbox 3498 4893 3572 4946; x_wconf 79' lang='grc' dir='ltr'><strong>τὰ</strong></span> <span class='ocrx_word' id='word_1_792' title='bbox 3598 4892 3775 4946; x_wconf 79' lang='grc' dir='ltr'><strong>ὀπίσω</strong></span> 
     </span>
    </p>
   </div>
   <div class='ocr_carea' id='block_1_100' title="bbox 2183 4981 3770 5056">
    <p class='ocr_par' dir='ltr' id='par_1_100' title="bbox 2183 4981 3770 5056">
     <span class='ocr_line' id='line_1_100' title="bbox 2183 4981 3770 5056; baseline -0.003 -18"><span class='ocrx_word' id='word_1_793' title='bbox 2183 4981 2405 5038; x_wconf 77' lang='grc' dir='ltr'><strong>ἄπεισιν</strong></span> <span class='ocrx_word' id='word_1_794' title='bbox 2430 4998 2444 5012; x_wconf 90' lang='grc'>·</span> <span class='ocrx_word' id='word_1_795' title='bbox 2476 4983 2504 5036; x_wconf 89' lang='grc' dir='ltr'><strong>ὀ</strong></span> <span class='ocrx_word' id='word_1_796' title='bbox 2539 4981 2596 5036; x_wconf 76' lang='grc' dir='ltr'>δὲ</span> <span class='ocrx_word' id='word_1_797' title='bbox 2620 4981 2766 5038; x_wconf 78' lang='grc' dir='ltr'><strong>κατὰ</strong></span> <span class='ocrx_word' id='word_1_798' title='bbox 2803 4983 3019 5038; x_wconf 85' lang='grc' dir='ltr'><strong>Παῦλον</strong></span> <span class='ocrx_word' id='word_1_799' title='bbox 3075 4984 3419 5056; x_wconf 80' lang='grc' dir='ltr'><strong>κολλώμενος</strong></span> <span class='ocrx_word' id='word_1_800' title='bbox 3453 4983 3536 5053; x_wconf 79' lang='grc' dir='ltr'><strong>τῷ</strong></span> <span class='ocrx_word' id='word_1_801' title='bbox 3561 4982 3770 5052; x_wconf 78' lang='grc' dir='ltr'><strong>Κυρίῳ,</strong></span> 
     </span>
    </p>
   </div>
   <div class='ocr_carea' id='block_1_101' title="bbox 2183 5073 3774 5148">
    <p class='ocr_par' dir='ltr' id='par_1_101' title="bbox 2183 5073 3774 5148">
     <span class='ocr_line' id='line_1_101' title="bbox 2183 5073 3774 5148; baseline 0 -20"><span class='ocrx_word' id='word_1_802' title='bbox 2183 5073 2271 5128; x_wconf 70' lang='grc' dir='ltr'><strong>ἀεὶ</strong></span> <span class='ocrx_word' id='word_1_803' title='bbox 2295 5076 2405 5138; x_wconf 84' lang='grc' dir='ltr'><strong>τοῖς</strong></span> <span class='ocrx_word' id='word_1_804' title='bbox 2445 5073 2764 5148; x_wconf 71' lang='grc' dir='ltr'><strong>ἔμπροσθεν</strong></span> <span class='ocrx_word' id='word_1_805' title='bbox 2815 5077 3222 5131; x_wconf 70' lang='grc' dir='ltr'><strong>ἐπεκτείνεται.</strong></span> <span class='ocrx_word' id='word_1_806' title='bbox 3252 5076 3428 5140; x_wconf 74' lang='grc' dir='ltr'><strong>Αὐτὸς</strong></span> <span class='ocrx_word' id='word_1_807' title='bbox 3459 5076 3519 5129; x_wconf 78' lang='grc' dir='ltr'>δὲ</span> <span class='ocrx_word' id='word_1_808' title='bbox 3557 5075 3774 5136; x_wconf 67' lang='grc' dir='ltr'><strong>δεικνὺς</strong></span> 
     </span>
    </p>
   </div>
   <div class='ocr_carea' id='block_1_102' title="bbox 2186 5167 3775 5240">
    <p class='ocr_par' dir='ltr' id='par_1_102' title="bbox 2186 5167 3775 5240">
     <span class='ocr_line' id='line_1_102' title="bbox 2186 5167 3775 5240; baseline -0.001 -18"><span class='ocrx_word' id='word_1_809' title='bbox 2186 5167 2268 5222; x_wconf 79' lang='grc' dir='ltr'><strong>ὅτι</strong></span> <span class='ocrx_word' id='word_1_810' title='bbox 2294 5169 2356 5221; x_wconf 80' lang='grc' dir='ltr'><strong>οὗ</strong></span> <span class='ocrx_word' id='word_1_811' title='bbox 2388 5168 2574 5224; x_wconf 79' lang='grc' dir='ltr'><strong>δέεταί</strong></span> <span class='ocrx_word' id='word_1_812' title='bbox 2626 5187 2796 5235; x_wconf 87' lang='grc' dir='ltr'><strong>τινος,</strong></span> <span class='ocrx_word' id='word_1_813' title='bbox 2837 5172 2958 5226; x_wconf 79' lang='grc' dir='ltr'><strong>οὐδὲ</strong></span> <span class='ocrx_word' id='word_1_814' title='bbox 3019 5174 3122 5240; x_wconf 80' lang='grc' dir='ltr'><strong>τῆς</strong></span> <span class='ocrx_word' id='word_1_815' title='bbox 3148 5173 3280 5240; x_wconf 79' lang='grc' dir='ltr'><strong>παρ’</strong></span> <span class='ocrx_word' id='word_1_816' title='bbox 3340 5169 3535 5225; x_wconf 79' lang='grc' dir='ltr'><strong>αὐτῶν</strong></span> <span class='ocrx_word' id='word_1_817' title='bbox 3571 5170 3775 5224; x_wconf 76' lang='grc' dir='ltr'><strong>τούτων</strong></span> 
     </span>
    </p>
   </div>
   <div class='ocr_carea' id='block_1_103' title="bbox 506 5255 2072 5338">
    <p class='ocr_par' dir='ltr' id='par_1_103' title="bbox 506 5255 2070 5328">
     <span class='ocr_line' id='line_1_103' title="bbox 506 5255 2070 5328; baseline 0.003 -18"><span class='ocrx_word' id='word_1_818' title='bbox 506 5269 612 5311; x_wconf 92' lang='lat' dir='ltr'><strong>non</strong></span> <span class='ocrx_word' id='word_1_819' title='bbox 664 5257 838 5328; x_wconf 83' lang='lat' dir='ltr'><strong>magis</strong></span> <span class='ocrx_word' id='word_1_820' title='bbox 893 5256 1136 5317; x_wconf 80' lang='lat' dir='ltr'><strong>laudavit</strong></span> <span class='ocrx_word' id='word_1_821' title='bbox 1204 5255 1512 5322; x_wconf 89' lang='lat' dir='ltr'><strong>duodecim,</strong></span> <span class='ocrx_word' id='word_1_822' title='bbox 1566 5259 1715 5328; x_wconf 90' lang='lat' dir='ltr'><strong>quod</strong></span> <span class='ocrx_word' id='word_1_823' title='bbox 1783 5272 1888 5314; x_wconf 90' lang='lat' dir='ltr'><strong>non</strong></span> <span class='ocrx_word' id='word_1_824' title='bbox 1963 5274 2070 5315; x_wconf 90' lang='lat' dir='ltr'><strong>cun</strong></span> 
     </span>
    </p>
   </div>
   <div class='ocr_carea' id='block_1_104' title="bbox 2177 5255 3776 5338">
    <p class='ocr_par' dir='ltr' id='par_1_104' title="bbox 2187 5262 3776 5338">
     <span class='ocr_line' id='line_1_104' title="bbox 2187 5262 3776 5338; baseline -0.001 -21"><span class='ocrx_word' id='word_1_825' title='bbox 2187 5262 2534 5334; x_wconf 82' lang='grc' dir='ltr'><strong>διακονίαςῆ</strong></span> <span class='ocrx_word' id='word_1_826' title='bbox 2581 5263 2905 5336; x_wconf 79' lang='grc' dir='ltr'><strong>θεραπείας,</strong></span> <span class='ocrx_word' id='word_1_827' title='bbox 2942 5265 3094 5338; x_wconf 86' lang='grc' dir='ltr'><strong>λέγει</strong></span> <span class='ocrx_word' id='word_1_828' title='bbox 3143 5266 3282 5338; x_wconf 78' lang='grc' dir='ltr'><strong>πρὸς</strong></span> <span class='ocrx_word' id='word_1_829' title='bbox 3340 5266 3566 5330; x_wconf 82' lang='grc' dir='ltr'><strong>αὐτοῦς·</strong></span> <span class='ocrx_word' id='word_1_830' title='bbox 3621 5283 3642 5318; x_wconf 76' lang='grc' dir='ltr'><strong>ι</strong></span> <span class='ocrx_word' id='word_1_831' title='bbox 3687 5264 3776 5332; x_wconf 64' lang='grc' dir='ltr'><strong>Μὴ</strong></span> 
     </span>
    </p>
   </div>
   <div class='ocr_carea' id='block_1_105' title="bbox 505 5345 2088 5426">
    <p class='ocr_par' dir='ltr' id='par_1_105' title="bbox 505 5345 2088 5426">
     <span class='ocr_line' id='line_1_105' title="bbox 505 5345 2088 5426; baseline 0.006 -26"><span class='ocrx_word' id='word_1_832' title='bbox 505 5345 626 5402; x_wconf 88' lang='lat' dir='ltr'><strong>aliis</strong></span> <span class='ocrx_word' id='word_1_833' title='bbox 652 5347 867 5404; x_wconf 87' lang='lat' dir='ltr'><strong>’abacti</strong></span> <span class='ocrx_word' id='word_1_834' title='bbox 906 5347 1170 5406; x_wconf 78' lang='lat' dir='ltr'><strong>fuerunt?</strong></span> <span class='ocrx_word' id='word_1_835' title='bbox 1217 5347 1421 5403; x_wconf 87' lang='lat' dir='ltr'><strong>Partim</strong></span> <span class='ocrx_word' id='word_1_836' title='bbox 1456 5350 1582 5420; x_wconf 89' lang='lat' dir='ltr'><strong>quia</strong></span> <span class='ocrx_word' id='word_1_837' title='bbox 1637 5347 1891 5407; x_wconf 83' lang='lat' dir='ltr'><strong>servabat</strong></span> <span class='ocrx_word' id='word_1_838' title='bbox 1914 5353 2088 5426; x_wconf 86' lang='lat' dir='ltr'><strong>digni-</strong></span> 
     </span>
    </p>
   </div>
   <div class='ocr_carea' id='block_1_106' title="bbox 585 5508 1718 5584">
    <p class='ocr_par' dir='ltr' id='par_1_106' title="bbox 585 5508 1718 5584">
     <span class='ocr_line' id='line_1_106' title="bbox 585 5508 1718 5584; baseline 0.011 -24"><span class='ocrx_word' id='word_1_839' title='bbox 585 5509 633 5540; x_wconf 81' lang='grc'><strong>⁸³</strong></span> <span class='ocrx_word' id='word_1_840' title='bbox 669 5508 807 5566; x_wconf 82' lang='lat' dir='ltr'><strong>Dan.</strong></span> <span class='ocrx_word' id='word_1_841' title='bbox 856 5523 975 5574; x_wconf 80' lang='lat' dir='ltr'><strong>xm,</strong></span> <span class='ocrx_word' id='word_1_842' title='bbox 1001 5510 1093 5564; x_wconf 75' lang='grc'><strong>42.</strong></span> <span class='ocrx_word' id='word_1_843' title='bbox 1171 5509 1217 5543; x_wconf 77' lang='grc'>’³</span> <span class='ocrx_word' id='word_1_844' title='bbox 1247 5510 1481 5584; x_wconf 87' lang='lat' dir='ltr'><strong>Philipp.</strong></span> <span class='ocrx_word' id='word_1_845' title='bbox 1511 5529 1594 5582; x_wconf 81' lang='lat' dir='ltr'><strong>ut,</strong></span> <span class='ocrx_word' id='word_1_846' title='bbox 1629 5515 1718 5572; x_wconf 75' lang='lat' dir='ltr'><strong>l3.</strong></span> 
     </span>
    </p>
   </div>
   <div class='ocr_carea' id='block_1_107' title="bbox 2190 5356 3777 5431">
    <p class='ocr_par' dir='ltr' id='par_1_107' title="bbox 2190 5356 3777 5431">
     <span class='ocr_line' id='line_1_107' title="bbox 2190 5356 3777 5431; baseline 0.001 -21"><span class='ocrx_word' id='word_1_847' title='bbox 2190 5357 2286 5412; x_wconf 72' lang='grc' dir='ltr'><strong>καὶ</strong></span> <span class='ocrx_word' id='word_1_848' title='bbox 2309 5356 2469 5428; x_wconf 75' lang='grc' dir='ltr'><strong>ὑμεῖς</strong></span> <span class='ocrx_word' id='word_1_849' title='bbox 2497 5356 2682 5412; x_wconf 80' lang='grc' dir='ltr'><strong>θέλετε</strong></span> <span class='ocrx_word' id='word_1_850' title='bbox 2738 5358 3010 5429; x_wconf 70' lang='grc' dir='ltr'><strong>ὑπάγειν,</strong></span> <span class='ocrx_word' id='word_1_851' title='bbox 3057 5379 3074 5412; x_wconf 75' lang='grc' dir='ltr'><strong>ι</strong></span> <span class='ocrx_word' id='word_1_852' title='bbox 3128 5361 3228 5414; x_wconf 79' lang='grc' dir='ltr'><strong>Διὸ.</strong></span> <span class='ocrx_word' id='word_1_853' title='bbox 3258 5359 3382 5414; x_wconf 78' lang='grc' dir='ltr'><strong>τίδὲ</strong></span> <span class='ocrx_word' id='word_1_854' title='bbox 3437 5361 3647 5431; x_wconf 80' lang='grc' dir='ltr'><strong>μᾶλλον</strong></span> <span class='ocrx_word' id='word_1_855' title='bbox 3681 5359 3777 5412; x_wconf 67' lang='grc' dir='ltr'><strong>οὐκ</strong></span> 
     </span>
    </p>
   </div>
   <div class='ocr_carea' id='block_1_108' title="bbox 1395 5657 2810 5754">
    <p class='ocr_par' dir='ltr' id='par_1_108' title="bbox 1395 5657 2810 5754">
     <span class='ocr_line' id='line_1_108' title="bbox 1395 5657 2810 5754; baseline 0.002 -32"><span class='ocrx_word' id='word_1_856' title='bbox 1395 5723 1410 5742; x_wconf 26' lang='grc' dir='ltr'><strong>,η</strong></span> <span class='ocrx_word' id='word_1_857' title='bbox 1471 5661 1564 5723; x_wconf 85' lang='lat' dir='ltr'><strong>Ex</strong></span> <span class='ocrx_word' id='word_1_858' title='bbox 1597 5657 1948 5723; x_wconf 84' lang='lat' dir='ltr'><strong>collatione</strong></span> <span class='ocrx_word' id='word_1_859' title='bbox 1985 5658 2176 5721; x_wconf 88' lang='lat' dir='ltr'><strong>codd.</strong></span> <span class='ocrx_word' id='word_1_860' title='bbox 2224 5659 2470 5754; x_wconf 30' lang='lat' dir='ltr'><strong>Venet...</strong></span> <span class='ocrx_word' id='word_1_861' title='bbox 2495 5660 2558 5724; x_wconf 88' lang='lat' dir='ltr'><strong>S.</strong></span> <span class='ocrx_word' id='word_1_862' title='bbox 2589 5660 2810 5726; x_wconf 81' lang='lat' dir='ltr'><strong>Marci.</strong></span> 
     </span>
    </p>
   </div>
   <div class='ocr_carea' id='block_1_109' title="bbox 579 5781 2093 5908">
    <p class='ocr_par' dir='ltr' id='par_1_109' title="bbox 579 5781 2093 5908">
     <span class='ocr_line' id='line_1_109' title="bbox 579 5781 2093 5856; baseline 0.003 -21"><span class='ocrx_word' id='word_1_863' title='bbox 579 5781 692 5852; x_wconf 72' lang='lat'><strong>(24)</strong></span> <span class='ocrx_word' id='word_1_864' title='bbox 717 5781 852 5837; x_wconf 88' lang='lat' dir='ltr'><strong>Cod.</strong></span> <span class='ocrx_word' id='word_1_865' title='bbox 887 5781 978 5848; x_wconf 78' lang='lat'><strong>50,</strong></span> <span class='ocrx_word' id='word_1_866' title='bbox 1008 5782 1044 5851; x_wconf 77' lang='grc' dir='ltr'><strong>ἡ</strong></span> <span class='ocrx_word' id='word_1_867' title='bbox 1091 5786 1324 5852; x_wconf 81' lang='grc' dir='ltr'><strong>γενομέν</strong></span> <span class='ocrx_word' id='word_1_868' title='bbox 1413 5784 1564 5854; x_wconf 81' lang='grc' dir='ltr'><strong>αὐτῷ</strong></span> <span class='ocrx_word' id='word_1_869' title='bbox 1623 5785 1777 5856; x_wconf 84' lang='grc' dir='ltr'><strong>παρὰ</strong></span> <span class='ocrx_word' id='word_1_870' title='bbox 1805 5784 1942 5838; x_wconf 82' lang='grc' dir='ltr'><strong>Θεοῦ</strong></span> <span class='ocrx_word' id='word_1_871' title='bbox 1985 5786 2093 5840; x_wconf 83' lang='grc' dir='ltr'><strong>δω-</strong></span> 
     </span>
     <span class='ocr_line' id='line_1_110' title="bbox 579 5802 2090 5908; baseline 0.003 -5"><span class='ocrx_word' id='word_1_872' title='bbox 579 5853 631 5908; x_wconf 80' lang='lat' dir='ltr'><strong>:‘t.</strong></span> <span class='ocrx_word' id='word_1_873' title='bbox 660 5853 754 5906; x_wconf 79' lang='grc' dir='ltr'><strong>καὶ</strong></span> <span class='ocrx_word' id='word_1_874' title='bbox 776 5853 834 5908; x_wconf 77' lang='grc' dir='ltr'><strong>ὃς</strong></span> <span class='ocrx_word' id='word_1_875' title='bbox 865 5854 1081 5908; x_wconf 81' lang='grc' dir='ltr'><strong>ποιήσει</strong></span> <span class='ocrx_word' id='word_1_876' title='bbox 1105 5853 1298 5907; x_wconf 79' lang='grc' dir='ltr'><strong>ἑαυτὸν</strong></span> <span class='ocrx_word' id='word_1_877' title='bbox 1325 5802 1484 5908; x_wconf 56' lang='grc' dir='ltr'><strong>ἓξιον</strong></span> <span class='ocrx_word' id='word_1_878' title='bbox 1514 5853 1607 5907; x_wconf 89' lang='grc' dir='ltr'><strong>τοῦ</strong></span> <span class='ocrx_word' id='word_1_879' title='bbox 1640 5854 1847 5908; x_wconf 79' lang='grc' dir='ltr'><strong>λασεῖν.</strong></span> <span class='ocrx_word' id='word_1_880' title='bbox 1883 5855 2090 5908; x_wconf 68' lang='grc' dir='ltr'><strong>’Λπῆλ-</strong></span> 
     </span>
    </p>
   </div>
   <div class='ocr_carea' id='block_1_110' title="bbox 541 5854 2090 5993">
    <p class='ocr_par' dir='ltr' id='par_1_110' title="bbox 541 5854 2090 5993">
     <span class='ocr_line' id='line_1_111' title="bbox 543 5854 2090 5922; baseline 0.002 -17"><span class='ocrx_word' id='word_1_881' title='bbox 543 5854 631 5914; x_wconf 73' lang='grc' dir='ltr'><strong>εει,</strong></span> <span class='ocrx_word' id='word_1_882' title='bbox 660 5854 754 5906; x_wconf 81' lang='grc' dir='ltr'><strong>καὶ</strong></span> <span class='ocrx_word' id='word_1_883' title='bbox 776 5854 834 5916; x_wconf 83' lang='lat'><strong>6;</strong></span> <span class='ocrx_word' id='word_1_884' title='bbox 865 5854 1081 5922; x_wconf 82' lang='grc' dir='ltr'><strong>ποιήσει</strong></span> <span class='ocrx_word' id='word_1_885' title='bbox 1105 5854 1298 5907; x_wconf 78' lang='grc' dir='ltr'><strong>ἑαυτὸν</strong></span> <span class='ocrx_word' id='word_1_886' title='bbox 1332 5854 1484 5921; x_wconf 77' lang='grc' dir='ltr'><strong>ἄξιον</strong></span> <span class='ocrx_word' id='word_1_887' title='bbox 1514 5854 1607 5907; x_wconf 89' lang='grc' dir='ltr'><strong>τοῦ</strong></span> <span class='ocrx_word' id='word_1_888' title='bbox 1640 5854 1847 5909; x_wconf 70' lang='grc' dir='ltr'><strong>λαϐεῖν.</strong></span> <span class='ocrx_word' id='word_1_889' title='bbox 1883 5855 2090 5922; x_wconf 72' lang='grc' dir='ltr'><strong>’Λπῆλ-</strong></span> 
     </span>
     <span class='ocr_line' id='line_1_112' title="bbox 541 5917 2088 5993; baseline 0.002 -17"><span class='ocrx_word' id='word_1_890' title='bbox 541 5941 603 5976; x_wconf 81' lang='grc' dir='ltr'><strong>υν</strong></span> <span class='ocrx_word' id='word_1_891' title='bbox 634 5917 750 5986; x_wconf 79' lang='grc' dir='ltr'><strong>οὖν,</strong></span> <span class='ocrx_word' id='word_1_892' title='bbox 798 5939 852 5977; x_wconf 89' lang='grc' dir='ltr'><strong>κ.</strong></span> <span class='ocrx_word' id='word_1_893' title='bbox 879 5938 928 5978; x_wconf 83' lang='grc' dir='ltr'><strong>τ.</strong></span> <span class='ocrx_word' id='word_1_894' title='bbox 955 5923 1004 5976; x_wconf 86' lang='grc' dir='ltr'><strong>λ.</strong></span> <span class='ocrx_word' id='word_1_895' title='bbox 1057 5943 1074 5974; x_wconf 82' lang='grc' dir='ltr'><strong>ι</strong></span> <span class='ocrx_word' id='word_1_896' title='bbox 1116 5923 1322 5977; x_wconf 76' lang='lat' dir='ltr'><strong>bonum</strong></span> <span class='ocrx_word' id='word_1_897' title='bbox 1352 5944 1379 5977; x_wconf 73' lang='grc' dir='ltr'><strong>ιι</strong></span> <span class='ocrx_word' id='word_1_898' title='bbox 1416 5928 1522 5979; x_wconf 82' lang='lat' dir='ltr'><strong>Deo</strong></span> <span class='ocrx_word' id='word_1_899' title='bbox 1544 5964 1558 5990; x_wconf 94' lang='lat'><strong>,</strong></span> <span class='ocrx_word' id='word_1_900' title='bbox 1592 5926 1734 5993; x_wconf 82' lang='lat' dir='ltr'><strong>quod</strong></span> <span class='ocrx_word' id='word_1_901' title='bbox 1775 5925 1847 5979; x_wconf 91' lang='lat' dir='ltr'><strong>illi</strong></span> <span class='ocrx_word' id='word_1_902' title='bbox 1904 5928 2088 5980; x_wconf 79' lang='lat' dir='ltr'><strong>datum</strong></span> 
     </span>
    </p>
   </div>
   <div class='ocr_carea' id='block_1_111' title="bbox 509 5853 1298 5974">
    <p class='ocr_par' dir='ltr' id='par_1_111' title="bbox 509 5853 1298 5974">
     <span class='ocr_line' id='line_1_113' title="bbox 509 5853 1298 5974; baseline 0.003 -69"><span class='ocrx_word' id='word_1_903' title='bbox 509 5853 631 5974; x_wconf 61' lang='grc' dir='ltr'><strong>εεὰ,</strong></span> <span class='ocrx_word' id='word_1_904' title='bbox 660 5853 754 5939; x_wconf 65' lang='grc' dir='ltr'><strong>καὶ</strong></span> <span class='ocrx_word' id='word_1_905' title='bbox 776 5853 834 5916; x_wconf 80' lang='lat'><strong>6;</strong></span> <span class='ocrx_word' id='word_1_906' title='bbox 865 5854 1081 5933; x_wconf 65' lang='grc' dir='ltr'><strong>ποιῂσει</strong></span> <span class='ocrx_word' id='word_1_907' title='bbox 1105 5853 1298 5907; x_wconf 78' lang='grc' dir='ltr'><strong>ἑαυτὸν</strong></span> 
     </span>
     <span class='ocr_line' id='line_1_114' title="bbox 541 5923 1298 5974; baseline 0 0"><span class='ocrx_word' id='word_1_908' title='bbox 541 5941 603 5974; x_wconf 84' lang='grc' dir='ltr'>υν</span> <span class='ocrx_word' id='word_1_909' title='bbox 634 5939 750 5974; x_wconf 87' lang='grc' dir='ltr'><strong>ουν.</strong></span> <span class='ocrx_word' id='word_1_910' title='bbox 798 5939 852 5974; x_wconf 85' lang='grc' dir='ltr'><strong>κ.</strong></span> <span class='ocrx_word' id='word_1_911' title='bbox 879 5938 928 5974; x_wconf 78' lang='grc' dir='ltr'><strong>τ.</strong></span> <span class='ocrx_word' id='word_1_912' title='bbox 957 5936 1004 5974; x_wconf 79' lang='grc' dir='ltr'><strong>Α.</strong></span> <span class='ocrx_word' id='word_1_913' title='bbox 1057 5943 1074 5974; x_wconf 83' lang='grc' dir='ltr'><strong>ι</strong></span> <span class='ocrx_word' id='word_1_914' title='bbox 1116 5923 1298 5974; x_wconf 79' lang='grc' dir='ltr'><strong>υυιιιιιι</strong></span> 
     </span>
    </p>
   </div>
   <div class='ocr_carea' id='block_1_112' title="bbox 2200 5784 3777 5858">
    <p class='ocr_par' dir='ltr' id='par_1_112' title="bbox 2200 5784 3777 5858">
     <span class='ocr_line' id='line_1_115' title="bbox 2200 5784 3777 5858; baseline 0.004 -18"><span class='ocrx_word' id='word_1_915' title='bbox 2200 5793 2304 5848; x_wconf 89' lang='lat' dir='ltr'><strong>est,</strong></span> <span class='ocrx_word' id='word_1_916' title='bbox 2338 5793 2391 5858; x_wconf 83' lang='lat' dir='ltr'><strong>et</strong></span> <span class='ocrx_word' id='word_1_917' title='bbox 2413 5784 2514 5858; x_wconf 85' lang='lat' dir='ltr'><strong>qui</strong></span> <span class='ocrx_word' id='word_1_918' title='bbox 2545 5799 2604 5840; x_wconf 87' lang='lat' dir='ltr'><strong>se</strong></span> <span class='ocrx_word' id='word_1_919' title='bbox 2638 5785 2857 5858; x_wconf 84' lang='lat' dir='ltr'><strong>dignum</strong></span> <span class='ocrx_word' id='word_1_920' title='bbox 2890 5785 3190 5858; x_wconf 81' lang='lat' dir='ltr'><strong>accipiendi</strong></span> <span class='ocrx_word' id='word_1_921' title='bbox 3239 5787 3584 5858; x_wconf 63' lang='lat' dir='ltr'><strong>prastiterit.</strong></span> <span class='ocrx_word' id='word_1_922' title='bbox 3623 5790 3777 5846; x_wconf 72' lang='lat' dir='ltr'><strong>Abie-</strong></span> 
     </span>
    </p>
   </div>
   <div class='ocr_carea' id='block_1_113' title="bbox 2203 5855 2935 5926">
    <p class='ocr_par' dir='ltr' id='par_1_113' title="bbox 2203 5855 2935 5926">
     <span class='ocr_line' id='line_1_116' title="bbox 2203 5855 2935 5926; baseline 0.005 -18"><span class='ocrx_word' id='word_1_923' title='bbox 2203 5866 2328 5910; x_wconf 86' lang='lat' dir='ltr'><strong>runt</strong></span> <span class='ocrx_word' id='word_1_924' title='bbox 2356 5857 2519 5926; x_wconf 67' lang='lat' dir='ltr'><strong>igitur</strong></span> <span class='ocrx_word' id='word_1_925' title='bbox 2548 5855 2725 5922; x_wconf 84' lang='lat' dir='ltr'><strong>multi,</strong></span> <span class='ocrx_word' id='word_1_926' title='bbox 2765 5874 2784 5906; x_wconf 83' lang='grc'><strong><em>›</em></strong></span> <span class='ocrx_word' id='word_1_927' title='bbox 2829 5867 2935 5912; x_wconf 82' lang='lat' dir='ltr'><strong>etc.</strong></span> 
     </span>
    </p>
   </div>
  </div>
