3960 6454
231 409 370 484 I317

229 622 453 687 ἄλλοις
494 616 669 691 Ὀμοῦ
705 618 807 691 μὲν
839 618 1024 691 τηρῶν
1057 620 1117 673 τὸ
1164 620 1249 693 τῷ
1280 623 1590 694 διδασκάλῳ
1619 624 1832 695 πρέπον

236 711 480 782 ἀξίωμα,
518 710 655 781 ὁμοῦ
687 710 745 763 δὲ
781 708 1051 765 δεικνύων
1078 711 1173 763 καὶ
1198 712 1359 783 ἡμῖν,
1398 715 1479 766 ὅτι
1503 712 1593 767 διὰ
1630 711 1829 767 τούτου

233 803 444 877 μᾶλλον
476 800 810 873 ἐφέλκεσθαι
847 801 941 856 τοῦ
986 802 1199 874 τρόπου
1224 804 1457 860 ἔνεστιν.
1489 805 1554 859 Ei
1589 805 1691 876 μὲν
1722 805 1832 877 γάρ

230 897 492 969 ἐπῄνεσε,
531 896 634 951 κᾶν
668 895 874 950 ἔπαθόν
905 911 960 950 τι
1004 894 1374 969 ἀνθρώπινον,
1407 897 1503 952 καλ⁸
1537 900 1835 969 ἠλαζονεύ-

232 1005 421 1055 σαντο,
463 988 790 1061 χαρίζεσθαι
850 988 1001 1060 αύτῷ
1058 989 1301 1060 οἰόμενοι
1355 986 1444 1043 διὰ
1478 992 1578 1062 τῆς
1606 991 1833 1045 ἀκολου-

235 1079 477 1151 θήσεως.
508 1080 582 1133 Τὸ
613 1079 669 1134 δέ
700 1076 996 1147 δεικνύναι,
1034 1080 1112 1145 ὡς
1162 1080 1224 1135 ού
1255 1082 1425 1136 δεῖται
1452 1083 1551 1154 τῆς
1600 1080 1831 1138 ἀκολου-

234 1171 455 1243 θήσεως
492 1171 699 1236 αὐτῶν,
760 1172 966 1243 μᾶλλον
1019 1172 1222 1237 αὐτοὺς
1279 1173 1515 1244 ἠδύνατο
1550 1173 1827 1246 κατέχειν,

231 1265 309 1330 ὡς
347 1264 849 1337 εὐεργετουμένους
882 1265 1110 1337 μᾶλλον,
1143 1265 1178 1338 ἢ
1221 1258 1679 1338 εὐεργετοῦντας,
1719 1270 1831 1334 ,καὶ

233 1358 629 1430 λαμϐάνοντας
683 1356 869 1431 χάριν,
940 1357 975 1429 ἢ
1029 1358 1297 1424 διδόντας.
1334 1357 1537 1414 Σκόπει
1580 1360 1663 1427 δὲ,
1711 1361 1828 1425 πῶς

235 1453 479 1517 συνετῶς
535 1448 717 1506 εἶπεν.
780 1452 895 1505 Ούκ
929 1446 1051 1506 εἶπε
1096 1453 1229 1526 γὰρ,
1300 1454 1631 1509 Ἀπέλθετεο
1668 1452 1828 1508 τοῦτο

232 1546 347 1617 γὰρ
418 1543 818 1615 ἁπωθουμένου
841 1540 947 1616 ἦν’
1011 1542 1127 1598 ἀλλ’
1164 1547 1364 1618 ἐρωτᾷ*
1426 1565 1444 1598 ι
1511 1546 1603 1617 Μὴ
1638 1546 1825 1600 θέλετε

230 1638 508 1707 ύπάγειν;
574 1658 593 1691 ι
651 1639 789 1709 ὅπερ
847 1633 917 1709 ἢν
957 1637 1157 1702 αὐτοὺς
1208 1637 1398 1692 ποιοῦν
1440 1639 1665 1710 κυρίους
1731 1639 1826 1694 τοῦ

228 1730 559 1785 ἀκολουθεῖν
616 1730 710 1783 καὶ
766 1730 866 1801 μὴ’
933 1729 1267 1796 δεικνύντος,
1305 1731 1388 1784 ὅτι
1453 1730 1512 1783 ού
1568 1730 1823 1803 βούλεται

231 1824 440 1887 αὐτοὺς
475 1823 618 1877 αἰδοῖ
651 1824 719 1893 τῇ
752 1822 891 1892 πρὸς
927 1823 1090 1877 αὑτὸν
1112 1821 1430 1877 ἀκολουθεῖν
1461 1822 1635 1895 αύτῷ,
1685 1824 1827 1879 ἀλλὰ

239 1915 383 1985 μετά
420 1915 516 1968 τοῦ
539 1916 702 1987 χάριν
733 1916 936 1969 εἰδέναι
968 1913 1110 1984 ὑπὲρ
1138 1912 1231 1968 τοῦ
1272 1913 1610 1970 ἀκολουθεῖν.

312 2020 332 2054 ι
385 2003 686 2072 Ἀπεκρίθη
736 2000 886 2072 αὐτῷ
930 2003 1113 2072 Σίμων
1146 2003 1382 2074 Πέτροςο
1441 2003 1639 2076 Κύριε,
1684 2006 1823 2078 πρὸς

228 2096 353 2147 τίνα
402 2093 855 2165 ἀπελευσόμεθα;
908 2095 1159 2167 Ῥήματα
1206 2094 1348 2166 ζωῆς
1387 2097 1610 2152 αίωνίου
1644 2097 1825 2170 ἔχειςο

228 2185 327 2239 καὶ
354 2188 519 2257 ἡμεῖς
553 2188 1025 2259 πεπιστεύκαμεν,
1055 2189 1148 2243 καὶ⁹
1180 2187 1529 2261 ἐγνώκαμεν,
1568 2191 1651 2245 ὅτι
1682 2191 1746 2245 σὺ
1777 2187 1830 2246 εἷ

227 2281 256 2332 6
283 2279 524 2350 Χριστὸς
547 2283 576 2335 6
600 2280 729 2345 Υἱὸς
757 2281 850 2335 τοῦ
874 2281 1008 2336 Θεοῦ
1031 2280 1125 2335 τοῦ
1148 2282 1373 2348 ζῶντος.
1404 2284 1707 2356 Ἀπεκρίθη
1732 2284 1825 2339 αύ-

226 2372 344 2435 τοῖς
359 2373 389 2425 6
403 2371 635 2443 Ἰησοῦςο
673 2374 789 2427 Οὐκ
804 2373 915 2442 ἐγὼ
933 2375 1076 2443 ὑμᾶς
1090 2374 1213 2439 τοὺς
1230 2375 1438 2430 δώδεκα
1451 2376 1787 2448 ἐξελεξάμην
1805 2394 1823 2445 ;

228 2466 343 2518 Καὶ
373 2464 434 2531 ἐξ
462 2465 617 2537 ὑμῶν
642 2460 720 2528 εἷς
752 2466 996 2531 διάϐολός
1026 2468 1210 2534 tactv;
1245 2468 1443 2537 Ἔλεγε
1477 2469 1534 2522 δὲ
1562 2469 1654 2524 τὸν
1691 2470 1824 2525 Ἰού-

224 2554 328 2608 δαν
358 2554 604 2623 Σίμωνος
647 2555 1032 2626 Ἱσκαρίωτην·
1060 2549 1214 2620 οὗτος
1254 2557 1363 2629 γὰρ
1404 2555 1631 2627 ἔμελλεν
1664 2558 1827 2612 αὐτὸν

230 2647 611 2718 παραδιδόναι,
653 2641 732 2711 εἷς
777 2646 853 2701 ὢν
883 2649 948 2701 ἐκ
979 2646 1088 2701 τῶν
1137 2647 1368 2704 δώδεκα.
1409 2669 1427 2701 ι
1466 2650 1828 2721 Φιλόστοργος

229 2740 309 2793 ὣν
334 2741 362 2794 6
397 2740 603 2811 Πέτρος
630 2741 725 2795 καὶ
753 2740 1099 2810 φιλάδελφος,
1138 2742 1279 2812 ὑπὲρ
1302 2745 1503 2808 παντὸς
1536 2744 1826 2814 ἀπολογεῖ-

229 2850 322 2887 ται
355 2834 453 2887 τοῦ
490 2835 681 2906 χοροῦ.
712 2836 790 2889 Ού
819 2836 929 2906 γὰρ
950 2830 1097 2902 εἷπε,
1132 2836 1328 2906 Κύριε,
1370 2836 1507 2909 πρὸς
1539 2838 1661 2891 τίνα
1686 2839 1829 2893 ἀπε-

231 2927 538 2998 λεύσομαι;
572 2928 686 2984 Καὶ
725 2930 1109 2999 ὃτι.Ἔγνωκα
1140 2936 1234 2987 καὶ
1262 2934 1632 3002 πεπίστευκα,
1664 2935 1801 2991 ἀλλὰ

945 417 1393 481 ENARRATIO
1437 420 1515 482 IN
1554 419 2057 484 EVANGELIUM
2098 425 2447 489 IOANNIS.
2483 454 2552 465 -··
2580 431 2739 493 CAP.
2778 430 2875 492 VI.

226 526 471 602 ἐπῄνεσε
526 526 653 591 τοὺς
710 524 940 590 δώδεκα,
972 527 1049 590 ὡς
1100 527 1175 598 μὴ
1216 528 1671 599 συναπαχθέντας
1708 531 1820 591 τοῖς

1932 539 2090 587 tatem
2148 533 2360 592 doctori
2409 538 2826 595 convenientem

1849 1876 1903 1936 Β

3352 429 3515 517 etant

2868 557 2881 595 :
2944 539 3143 610 partim
3210 543 3359 613 quia,
3410 547 3519 613 hoc

1936 629 2099 682 modo
2145 629 2319 699 magis
2347 631 2548 687 attrahi
2586 641 2854 703 poterant.
2892 629 3027 688 Nam
3055 632 3104 689 si
3152 632 3369 703 quidem
3400 636 3522 699 lau-

1936 724 2142 792 dasset,
2198 725 2342 781 forte
2398 726 2696 783 humanum
2750 729 3007 798 quiddam
3061 728 3207 798 passi
3262 729 3518 800 fuissent,

1934 814 2173 888 factique
2201 819 2610 890 arrogantiores
2643 821 3043 877 existimassem
3085 834 3146 877 se
3196 821 3273 877 illi
3307 824 3520 895 gratiﬁ-

1935 907 2049 962 cari
2084 918 2307 980 propter
2362 911 2795 966 comitationem.
2845 911 2949 968 Per
2994 913 3096 968 hoc
3125 921 3331 981 autem,
3373 913 3522 985 quod

1935 999 2331 1056 demonstravit
2398 1002 2481 1059 eis
2553 1016 2616 1059 se
2658 1002 2859 1059 nullius
2935 1004 3180 1075 indigere
3233 1007 3517 1071 comitatu,

1934 1092 2109 1163 ntagis
2151 1094 2329 1163 potuit
2378 1109 2473 1151 eos
2518 1096 2822 1164 continere,
2894 1110 2960 1152 eo
2991 1100 3135 1166 quod
3194 1098 3517 1153 beneﬁcium

1933 1186 2116 1257 potius
2141 1187 2412 1257 accipiant
2434 1203 2597 1258 quam
2628 1198 2921 1259 prastent:
2957 1197 3016 1246 et
3042 1189 3313 1260 accipiant
3338 1191 3514 1260 magis

1934 1295 2097 1349 quam
2128 1281 2283 1337 dent.
2326 1283 2391 1339 Et
2423 1284 2711 1339 considera
2750 1298 2915 1354 quam
2949 1284 3247 1354 prudenter
3266 1286 3469 1341 dixerit
3499 1302 3517 1341 :

1936 1390 2044 1429 non
2074 1376 2217 1431 enim
2249 1376 2404 1443 dixit,
2429 1376 2609 1443 Abite,
2642 1378 2745 1434 hoc
2772 1380 2919 1434 enim
2952 1378 3262 1447 repellentis
3285 1378 3518 1437 fuisset:

1933 1466 2028 1521 sed
2060 1467 2440 1543 interrogavit,
2494 1485 2515 1521 ι
2551 1467 2693 1524 Num
2726 1470 2888 1527 vultis
2939 1470 3135 1526 abire?
3167 1488 3187 1523 ι
3224 1469 3345 1539 Quo
3385 1487 3514 1529 ver-

1943 1558 2011 1614 bo
2075 1560 2158 1617 eis
2192 1560 2426 1617 liberum
2486 1562 2740 1630 faciebat,
2790 1573 3172 1632 sequerentur,
3226 1577 3434 1630 necne;
3466 1573 3522 1621 et

1900 1724 1901 1727 η
1935 1651 2351 1708 demonstrabat
2379 1657 2524 1725 quod
2571 1655 2743 1712 nollet
2770 1671 2866 1712 eos
2918 1658 3223 1713 reverentia
3271 1672 3400 1729 erga
3431 1671 3516 1723 se,

1935 1745 2185 1799 comitari
2218 1761 2280 1802 se
2316 1765 2331 1802 ι
2374 1748 2468 1803 sed
2501 1756 2561 1803 ut
2612 1750 2818 1805 scirent
2851 1749 3173 1806 beneficium
3218 1764 3341 1807 esse
3367 1750 3513 1820 quod

1934 1846 2252 1907 sequantur.
2272 1906 2277 1911 ᾖ

2006 2011 2173 2070 Vitas.
2200 2012 2391 2069 69-72.
2422 2032 2442 2066 ι
2476 2013 2777 2085 Respondit
2799 2031 2930 2090 ergo
2958 2018 3008 2073 ei
3049 2017 3236 2076 Simon
3271 2018 3508 2087 Petrus;

1934 2103 2099 2176 599
2123 2104 2370 2172 Domine,
2393 2106 2458 2161 ad
2490 2122 2649 2178 quem
2678 2107 2909 2163 ibimus?
2940 2107 3119 2180 Verba
3146 2110 3269 2171 vitae
3292 2122 3510 2167 aeterna:

1934 2195 2120 2264 babes,
2145 2204 2201 2252 et
2245 2211 2342 2253 nos
2388 2199 2658 2253 credimus
2691 2208 2745 2254 et
2788 2200 3143 2272 cognovimus
3182 2201 3326 2273 quod
3372 2211 3425 2256 tu
3456 2217 3518 2259 es

1934 2289 2181 2345 Christus
2202 2287 2368 2345 Filius
2396 2290 2489 2345 Dei
2513 2290 2638 2345 vivi.
2660 2289 3059 2362 Responditeis
3086 2292 3245 2350 Jesus
3279 2312 3293 2349 :
3321 2293 3517 2363 Nonne

1935 2394 2036 2451 ego
2060 2394 2155 2435 vos
2184 2381 2468 2438 duodecim
2495 2382 2673 2451 elegi?
2708 2392 2763 2440 et
2786 2398 2854 2440 ex
2901 2385 3054 2441 vobis
3093 2402 3233 2441 unus
3273 2387 3522 2443 diabolus

1912 2473 2049 2555 χθειῖ
2075 2471 2298 2529 Dicebat
2321 2483 2500 2529 autem
2532 2475 2597 2531 de
2630 2473 2769 2531 Juda
2807 2475 3048 2532 Simonis
3086 2477 3381 2533 lscariotae.
3420 2477 3519 2547 llic

1934 2566 2077 2621 enim
2112 2566 2426 2637 proditurus
2452 2576 2569 2623 erat
2599 2584 2748 2638 eum,
2788 2584 2913 2626 cum
2941 2580 3086 2625 esset
3116 2585 3255 2625 unus
3283 2586 3351 2626 ex
3379 2573 3522 2630 duo-

1935 2656 2130 2712 decim.
2183 2675 2202 2708 ι
2267 2657 2459 2712 Petrus
2493 2673 2615 2713 cum
2662 2667 2810 2714 esset
2859 2668 3072 2714 amator
3120 2657 3369 2724 fratrum,
3420 2672 3522 2729 pro

1936 2761 2049 2806 toto
2077 2749 2245 2807 choro
2275 2753 2588 2828 respondet.
2612 2751 2740 2833 .Non
2790 2753 2931 2808 enim
2960 2752 3117 2818 dixit,
3159 2751 3411 2828 Domine,
3453 2754 3521 2832 ad

1933 2859 2093 2914 quem
2120 2844 2246 2899 ibo?
2281 2853 2359 2911 et,
2393 2844 2633 2915 Cognovi
2672 2853 2726 2898 et
2756 2845 2984 2910 credidi,
3019 2844 3136 2908 sed,
3184 2863 3202 2897 ι
3249 2844 3330 2899 Ad
3360 2860 3519 2915 quem

1936 2935 2170 2992 ibimus?
2199 2954 2217 2990 ι
2255 2944 2364 2992 etc.
2399 2934 2535 2992 Vitae
2565 2946 2743 2991 autem
2779 2945 2996 2992 aeterna:
3023 2937 3185 2992 verba
3232 2934 3517 2991 Dominum

238 2976 261 3070 ξ
298 2976 443 3090 ηρὲξ
464 2976 586 3075 τιξα
618 2976 1259 3094 ἀπελευσόμεθάῒιηκαὶ
1301 3025 1371 3081 τὰ
1769 2976 1826 3082 δέ

1936 3029 2138 3086 habere
2165 3029 2318 3097 dicit,
2351 3028 2476 3097 quia
2505 3028 2787 3084 audiverat
2818 3043 2943 3084 eum
2984 3028 3277 3091 dicentem,
3322 3044 3341 3080 ι
3376 3026 3517 3083 Eunt

231 3109 457 3165 αἰωνίου
510 3113 735 3183 ῥήματα
787 3112 932 3185 ἐχειν
980 3115 1076 3170 τὸν
1129 3116 1335 3189 Κύριόν
1393 3134 1585 3190 φησιν,
1638 3119 1826 3192 ἐπειδὴ

1934 3121 2026 3193 qui
2047 3121 2217 3178 credit
2242 3121 2297 3177 in
2332 3135 2437 3185 me,
2459 3118 2819 3186 resuscitabo,
2841 3127 2895 3174 et
2922 3118 3143 3174 habebit
3164 3118 3325 3172 vitam
3355 3129 3519 3173 teter-

1855 3236 1905 3302 c
1936 3229 2083 3269 nam.
2115 3231 2134 3265 ι
2176 3212 2299 3268 .lam
2326 3214 2472 3269 enim
2505 3211 2580 3268 illi
2617 3209 3075 3267 resurrectionem
3104 3217 3444 3289 receperant)
3466 3216 3523 3263 et

230 3203 470 3274 ἤκουσεν
512 3203 677 3258 αὑτοῦ
721 3203 996 3274 λέγοντος,
1027 3207 1111 3260 ὅτι
1164 3225 1183 3261 ι
1230 3209 1336 3262 Τὸν
1370 3210 1698 3265 πιστεύοντα
1746 3213 1828 3275 εἰς

231 3297 335 3366 ἐμὲ
366 3298 680 3368 ἀναστήσω,
714 3300 808 3351 καὶ
848 3299 961 3364 ἕξει
993 3299 1138 3369 ζωὴν
1188 3300 1427 3358 αἰώνιον.
1463 3320 1490 3365 ρ
1533 3302 1671 3373 Ἤδη
1719 3304 1826 3376 γὰρ

1932 3322 2147 3364 onmem
2184 3307 2488 3364 doctrinam

232 3387 334 3459 τὴν
362 3387 661 3441 ἀνάστασιν
689 3381 836 3443 οὗτοι
866 3388 1255 3461 παρεδέξαντο,
1290 3392 1388 3446 καὶ
1412 3394 1594 3447 πᾶσαν
1624 3394 1725 3465 τὴν
1749 3395 1830 3448 δι-

232 3480 561 3535 δασκαλίαν.
592 3482 755 3536 Ὥστε
778 3482 839 3536 οὐ
864 3484 1088 3553 ῥήματα
1130 3479 1269 3555 ἦσαν
1295 3488 1362 3540 τὰ
1384 3487 1826 3557 σκανδαλίζοντα,

233 3572 375 3626 ἀλλὰ
407 3573 503 3626 καὶ
526 3574 561 3645 ἡ
584 3573 884 3644 ἀπροσεξία
907 3576 1003 3629 καὶ
1035 3576 1069 3645 ἡ
1103 3575 1368 3648 ῥᾳθυμία,
1395 3580 1490 3633 καὶ
1513 3581 1547 3652 ή
1580 3582 1830 3653 ἀγνωμο-

237 3666 377 3736 σύνη
406 3665 516 3720 τῶν
560 3666 886 3722 ἀκουόντων.
926 3667 1037 3722 Καὶ
1071 3668 1180 3739 γὰρ
1214 3671 1311 3723 καὶ
1354 3663 1506 3725 οὗτοι
1537 3672 1589 3724 οἱ
1617 3673 1828 3728 δώδεκα

230 3756 306 3810 τὶ
338 3757 483 3810 αὐτὰ
534 3757 752 3828 ἢκουον,
804 3758 898 3812 καὶ
947 3760 1099 3829 ὅμως
1153 3762 1254 3815 οὐκ
1299 3763 1824 3836 ἐσκανδαλίσθησαν,

234 3849 356 3902 ἀλλ’
380 3850 622 3921 ἔμειναν.
645 3850 709 3902 Τί
744 3846 836 3904 οὖν
863 3852 890 3904 6
916 3853 1149 3923 Χριστός
1166 3848 1335 3924 ;Ἀρα
1360 3855 1576 3910 ἐπαινεῖ
1598 3857 1823 3930 Πέτρον,

234 3941 431 4011 ῶσπερ
474 3941 708 4012 ἀλλαχοῦ
746 3941 907 3997 τοῦτο
954 3943 1248 4016 ἐποίησεν;
1285 3945 1576 4018 Οὐδαμῶς,
1626 3949 1714 4003 ἵνα
1749 3950 1826 4022 μὴ

229 4034 389 4105 δόξῃ,
428 4036 510 4087 δτι
538 4034 823 4089 κολακεύει
856 4035 946 4091 διὰ
983 4037 1045 4090 τὸ
1077 4039 1419 4109 παραμεῖναι
1445 4040 1616 4111 αὐτῷ.
1664 4040 1828 4095 Ἀλλά

230 4128 287 4180 τί
315 4126 465 4194 λέγει
496 4126 633 4197 πρὸς
662 4127 755 4180 τὸν
787 4128 1029 4199 Πέτρον;
1089 4127 1232 4198 Ἐγὼ
1265 4130 1365 4202 μὲν
1398 4131 1544 4202 ὑμᾶς
1575 4132 1827 4200 ἐξελεξά-

237 4235 351 4286 μην
378 4217 502 4281 τοὺς
529 4216 759 4280 δώδεκα,
794 4217 932 4289 πλὴν
962 4218 1083 4272 οὐδὲ
1114 4219 1273 4289 ὑμεῖς
1304 4221 1545 4285 ἅπαντές
1578 4223 1701 4275 ἐστε
1725 4223 1827 4293 τῆς

235 4310 473 4378 ἐκλογῆς
508 4308 672 4377 ἄξιοι,
695 4308 809 4364 ἀλλ’
841 4304 923 4376 εἷς
950 4311 1009 4379 ἐξ
1043 4312 1198 4384 ύμῶν
1224 4312 1467 4377 διάϐολός
1494 4315 1629 4369 ἐστι.
1658 4314 1827 4368 Τοῦτο

237 4401 297 4456 δὲ
325 4401 490 4472 διχῶς
524 4404 763 4471 νοητέον.
788 4403 858 4456 Ἣ
890 4403 997 4474 γὰρ
1022 4404 1129 4471 ὅτι,
1160 4405 1271 4459 Καὶ
1298 4404 1395 4458 νῦν
1420 4406 1598 4461 πάντα
1629 4406 1695 4460 τά
1719 4407 1827 4478 ἐμὰ

236 4494 642 4559 διαϐάλλει,καὶ
663 4494 815 4548 οὐδὲν
834 4482 1040 4550 τούτων
1063 4497 1410 4569 ἀποδέχεται,
1435 4498 1467 4571 ἦ
1491 4501 1597 4567 ὅτι,
1625 4500 1827 4555 Μέλλει

2547 3323 2562 3360 :
2609 3306 2793 3375 itaque
2841 3304 3007 3359 verba
3046 3302 3161 3374 ipsa
3194 3300 3522 3358 offendicqu

1931 3415 2037 3454 non
2075 3407 2256 3465 erant,
2289 3398 2383 3455 sed
2444 3396 2760 3453 attendendi
2809 3394 3132 3466 negligentia
3190 3403 3246 3450 et
3280 3392 3517 3462 ignavia,

1931 3492 2403 3563 imprudentiaque
2424 3490 2758 3546 auditorum.
2780 3489 2923 3545 Nam.
2944 3487 3000 3543 hi
3023 3487 3313 3544 duodecim
3327 3488 3515 3541 eadem

1928 3590 2238 3652 audierunt,
2271 3600 2375 3642 nec
2398 3594 2578 3642 tamen
2624 3594 2752 3640 sunt
2782 3582 2998 3647 oﬁ'ensi,
3031 3580 3129 3637 sed
3170 3585 3515 3635 manserunt.

1930 3681 2068 3748 Quid
2100 3680 2262 3752 igitur
2282 3678 2566 3735 Christus?
2592 3674 2848 3747 Nunquid
2884 3675 3066 3730 laudat
3100 3672 3340 3737 Petrum,
3375 3672 3519 3740 sicut

1929 3772 2036 3829 alio
2055 3771 2173 3828 loco
2192 3770 2358 3828 facit?
2391 3770 2632 3834 Minime,
2660 3780 2719 3824 ut
2758 3784 2827 3823 ne
2858 3767 3134 3822 videretur
3162 3762 3394 3819 blandiri
3438 3762 3514 3817 illi

1929 3860 2074 3932 quod
2106 3861 2246 3930 apud
2274 3874 2333 3915 se
2361 3866 2626 3921 maneret.
2675 3856 2783 3912 Sed
2828 3855 2956 3925 quid
2986 3853 3129 3910 dixit
3159 3853 3226 3909 ad
3257 3849 3520 3908 Petrum?

1928 3952 2043 4023 Ego
2063 3952 2279 4022 quidem
2304 3965 2402 4006 vos
2431 3949 2566 4021 elegi
2597 3949 2903 4011 duodecim,
2934 3955 3305 4001 verumtamen
3332 3958 3516 4013 neque

1932 4060 2026 4100 vos
2056 4058 2247 4099 omnes
2281 4044 2417 4099 estis
2458 4042 2722 4097 electione
2752 4039 2921 4109 digni,
2950 4042 3044 4093 sed
3080 4052 3219 4092 unus
3251 4052 3316 4092 ex
3356 4035 3512 4092 vobis

1931 4135 2175 4192 diabolus
2200 4143 2300 4190 est.
2326 4133 2443 4188 lloc
2463 4142 2642 4188 autem
2670 4132 2921 4187 bifariam
2951 4138 3037 4185 est
3060 4127 3471 4197 intelligendum
3499 4144 3513 4179 :

1931 4227 2016 4282 vel
2081 4226 2225 4281 enim
2270 4225 2350 4281 sic
2386 4242 2399 4279 :
2430 4220 2582 4279 Nunc
2626 4238 2743 4278 mea
2793 4221 2974 4278 otnnia
3033 4217 3414 4282 calumniatur,
3463 4224 3517 4273 et

1932 4316 2067 4371 nihil
2116 4315 2331 4371 illorum
2371 4314 2563 4383 recipit
2594 4330 2609 4379 ;
2646 4311 2728 4368 vel
2774 4314 2855 4368 sic
2888 4328 2904 4370 ;
2933 4309 3374 4366 Calumniaturus
3426 4317 3512 4364 est

1933 4424 2038 4465 nte.
2065 4408 2130 4464 Et
2155 4410 2299 4465 enim
2324 4392 2502 4479 reipsa
2533 4406 2660 4461 talis
2689 4405 2937 4476 apparuit
2958 4402 3151 4468 Judas,
3176 4401 3516 4471 calumnians

1931 4505 2070 4573 apud
2112 4502 2331 4559 Judaeos
2366 4501 2678 4565 Dominum,
2710 4508 2763 4554 et
2790 4497 3050 4570 mysteria
3093 4494 3212 4561 ejus
3244 4494 3350 4549 illis
3382 4491 3513 4549 eﬁ‘c-

236 4585 515 4639 διαϐαλεῖν
564 4584 685 4656 ἐμέ.
728 4586 838 4640 Καὶ
864 4584 974 4656 γὰρ
1021 4586 1192 4650 ὅντως
1242 4589 1487 4654 τοιοῦτος
1536 4590 1825 4662 ἀπεφάνθη

1933 4612 2082 4664 rens,
2117 4597 2260 4653 sicut
2286 4604 2340 4651 et
2379 4593 2546 4649 David
2575 4592 2643 4649 de
2671 4591 2788 4661 ipso
2834 4590 2963 4645 dicit
2996 4606 3012 4643 :
3061 4605 3080 4640 ι
3119 4585 3511 4657 Egrediebatur

248 4675 477 4742 Ἰούδας,
497 4675 798 4731 διαϐάλλων
818 4676 954 4747 πρὸς
980 4676 1263 4742 Ἰουδαίους
1283 4678 1373 4732 τὸν
1396 4678 1619 4752 Κύριον,
1638 4682 1734 4734 καὶ
1757 4681 1826 4735 τά

239 4771 520 4842 μυστήρια
551 4769 719 4823 αὑτοῦ
766 4768 1016 4842 ἐκφέρων
1068 4771 1286 4836 αὐτοῖς·
1341 4772 1488 4827 καθά
1528 4774 1623 4827 καὶ
1660 4771 1825 4828 Δαυῖδ

239 4865 368 4937 περὶ
414 4862 580 4918 αὑτοῦ
627 4880 820 4934 φησιν·
875 4880 894 4914 ι
946 4863 1334 4935 Ἐξεπορεύετο
1363 4863 1489 4931 ἔξω,
1516 4863 1613 4918 καὶ⁵
1645 4864 1824 4917 ἐλάλει

240 4958 334 5010 ἐπὶ
371 4955 432 5010 τὸ
465 4954 617 5010 αύτό.
658 4973 676 5007 ι
712 4954 876 5022 Λέγει
927 4954 987 5010 δὲ
1035 4956 1210 5009 ταῦτα
1249 4954 1386 5027 πρὸς
1421 4954 1513 5009 τὸν
1557 4955 1767 5029 Πέτρον
1796 4958 1825 5010 6

240 5047 469 5119 Κύριος,
503 5044 882 5119 διορθούμενος
913 5046 1097 5100 αὐτόν.
1142 5046 1300 5100 Ἐπεὶ
1330 5047 1438 5118 γάρ
1470 5042 1622 5102 εἶπεν
1659 5049 1688 5101 6
1719 5048 1826 5101 Πέ-

242 5155 393 5210 τρος,
453 5139 560 5203 ὅτι,
601 5138 709 5191 Καὶ
755 5136 1080 5207 ἐγνώκαμεν
1110 5138 1206 5191 καὶ
1237 5138 1702 5210 πεπιστεύκαμεν,
1734 5139 1828 5211 Μὴ

242 5233 400 5285 τοῦτο
443 5231 655 5300 νόμιζε,
707 5231 894 5302 φησίν.
937 5231 1016 5286 Oti
1048 5231 1156 5303 γὰρ
1210 5233 1410 5296 πάντες
1455 5234 1579 5286 ἐστὶ
1622 5222 1827 5299 πιστοὶ,

242 5323 361 5376 οὐδὲ
397 5323 597 5385 πάντες
634 5340 703 5393 με
735 5321 1033 5391 ἐγνώκατε.
1070 5323 1213 5394 Ὅρα
1251 5323 1306 5379 δέ
1336 5342 1428 5395 μοι
1458 5325 1548 5381 τὸν
1599 5324 1825 5397 Κύριον,

242 5416 361 5479 πῶς
408 5414 490 5468 ἐτι
550 5414 835 5486 πόρρωθεν
866 5414 960 5470 τοῦ
996 5415 1257 5486 προδότου
1298 5416 1397 5487 τὴν
1449 5418 1650 5473 κακίαν
1697 5419 1827 5474 ἀνα-

243 5510 595 5581 κρουόμενος,
633 5511 1126 5582 καὶλάναχαιτίζων
1172 5511 1362 5583 αὐτὴν,
1412 5512 1586 5570 ταῦτά
1623 5532 1823 5586 φησιν’

244 5600 399 5666 εἰδὼς
451 5604 569 5674 μὲν,
606 5604 688 5657 ὅτι
730 5604 883 5657 οὐδὲν
917 5604 1208 5676 ὠφελήσει,
1240 5606 1388 5676 ὅμως
1422 5605 1480 5659 δὲ
1525 5607 1586 5660 τὸ
1624 5606 1821 5662 ἐαυτοῦ

1933 4688 2102 4753 foras,
2153 4697 2207 4741 et
2241 4685 2563 4754 loquebatur
2614 4683 2667 4737 in
2708 4678 3034 4757 idipsum'“.
3073 4697 3093 4731 ι
3150 4677 3289 4732 Dicit
3329 4685 3509 4731 autem

1932 4779 2049 4836 haec
2076 4778 2142 4835 ad
2169 4778 2386 4833 Petrum
2417 4775 2696 4838 Dominus,
2712 4774 3008 4831 emendans
3038 4785 3163 4827 eum
3186 4768 3344 4838 ;quia
3367 4768 3512 4828 enim

1930 4871 2143 4928 dixerat
2170 4868 2385 4934 Petrus,
2430 4867 2498 4923 Et
2525 4865 2878 4938 cognovimus
2923 4872 2978 4920 et
3018 4860 3349 4919 credidimus
3382 4878 3397 4915 :
3432 4857 3512 4915 Ne

1932 4965 2035 5022 hoc
2054 4973 2231 5035 putes,
2254 4962 2445 5033 inquit,
2477 4975 2582 5015 non
2606 4959 2749 5014 enim
2783 4970 2975 5013 omnes
3003 4954 3137 5011 estis
3163 4952 3375 5019 ﬁdeles,
3409 4968 3508 5021 nc,-

1929 5072 2035 5127 qne
2076 5069 2265 5111 omnes
2305 5066 2391 5108 me
2434 5050 2781 5123 cognovistis.
2819 5047 2952 5105 Vide
3008 5056 3190 5102 autem
3236 5047 3510 5127 quomodo

1925 5157 2084 5204 antea
2114 5145 2372 5202 Dominus
2402 5142 2696 5215 proditoris
2730 5140 2995 5222 malitiam
3035 5137 3306 5211 repellens
3332 5146 3387 5195 et
3417 5151 3509 5194 re-

1925 5243 2146 5300 frenans
2173 5240 2293 5296 haec
2321 5239 2474 5305 dicit,
2508 5237 2689 5293 sciens
2718 5233 2936 5305 quidem
2976 5232 3118 5315 quod
3154 5231 3286 5287 nihil
3322 5230 3509 5307 profit-'-

1924 5348 2081 5397 turus
2128 5344 2299 5399 esset,
2345 5332 2703 5389 nihilominus
2754 5339 2933 5386 tamen
3000 5328 3146 5403 quod
3203 5341 3361 5382 suum
3389 5334 3509 5381 erat

1923 5429 2154 5495 faciens,
2184 5440 2360 5497 neque
2411 5424 2563 5481 illum
2613 5419 3001 5487 manifestavit,
3054 5433 3239 5488 neque.
3284 5417 3507 5472 omnino

1924 5520 2195 5581 occultum
2226 5533 2348 5575 esse
2388 5515 2640 5587 permisit
2669 5535 2682 5571 :
2714 5513 2845 5570 illud
2868 5513 3110 5587 quidem,
3143 5521 3201 5567 ut
3241 5526 3307 5565 ne
3333 5511 3507 5579 impu-

1925 5611 2142 5668 dentior
2174 5616 2228 5663 et
2260 5605 2651 5662 contentiosior
2692 5603 2847 5661 ﬁeret
2877 5620 2892 5658 :
2942 5603 3046 5658 hoc
3081 5611 3287 5665 autem,
3334 5609 3391 5652 ut
3436 5611 3504 5651 ne

244 5692 447 5750 ποιῶνο
492 5696 586 5748 καὶ
639 5696 763 5750 οὔτε
821 5696 1060 5768 φανερὸν
1126 5696 1289 5751 αὑτὸν
1343 5697 1622 5771 ἐποίησεν,
1696 5696 1822 5756 οὕτε

1932 5700 2156 5759 licenter
2183 5695 2394 5756 facinus
2420 5704 2684 5768 patraret,
2716 5694 2995 5753 occultum
3020 5691 3148 5751 illud
3172 5700 3385 5762 putans.
3422 5687 3501 5744 Ex

316 5874 359 5909 "
394 5874 535 5929 l‘sal.
565 5890 652 5941 XL,
691 5875 743 5930 7.
