3960 6454
261 410 387 482 1331

926 407 1367 472 ENARRATIO
1406 410 1489 474 IN
1530 408 2035 475 EVANGELIUM
2075 395 2420 471 JOANNIS.
2452 431 2522 443 --
2562 407 2723 469 CAP.
2766 406 2898 469 VII.

3391 405 3529 471 139.2

258 528 421 599 χωρεῖ
471 524 648 576 τοίνυν
699 524 777 585 εἰς
831 521 1122 576 Γαλιλαίαν
1164 521 1279 576 νῦν.
1323 523 1477 575 Ἐπεὶ
1532 522 1641 594 γὰρ
1685 520 1839 575 οὔπω

1959 536 2069 575 tum
2112 530 2167 575 et
2219 534 2615 591 supervacuum
2669 532 2788 575 erat
2839 522 2891 573 in
2944 516 3120 573 medio
3178 518 3526 575 inimicorum

257 618 554 690 ἐνειστήκει
578 619 605 671 ὁ
632 615 824 684 καιρὸς
851 614 944 668 τοῦ
984 614 1211 680 πάθους,
1254 616 1484 685 μάταιον
1513 611 1581 686 ἦν
1615 616 1709 669 καὶ
1739 631 1837 668 πε-

260 720 459 784 ριττόν,
494 710 552 761 ὲν
583 708 735 780 μέσῳ
774 708 883 761 τῶν
917 707 1127 779 ἐχθρῶν
1177 706 1343 760 αὐτοῦ
1373 707 1840 777 ἀναστρέφεσθαι.

256 804 346 859 καὶ
384 801 630 866 πλείονος
675 801 775 855 ἀει
808 800 1007 872 λύττης
1040 801 1226 864 αὐτοῖς
1262 800 1521 872 πρόξενον
1562 799 1842 868 γίνεσθα..

260 917 278 950 ι
313 891 420 950 Ἦν
452 895 534 957 δὲ,
567 895 756 965 φησιν,
788 895 820 965 ἡ
847 893 1225 965 Σκηνοπηγία.
1253 913 1271 946 ι
1299 894 1486 960 Ἀξιον
1510 895 1685 947 είπεῖν
1714 893 1841 964 περι⁴

254 991 359 1047 τῶν
385 990 589 1062 ἑορτῶν
632 990 742 1043 τῶν
791 988 1134 1061 τελουμένων
1181 990 1295 1055 τοῖς
1348 988 1650 1052 Ἰουδαίοις.
1679 987 1845 1056 Τρεῖς

255 1086 361 1155 γὰρ
387 1079 530 1155 ἦσαν
551 1099 565 1112 ο
614 1082 713 1153 μία
737 1085 769 1152 ὴ
798 1082 893 1137 τοῦ
928 1082 1144 1153 Πάσχα,
1186 1081 1253 1153 ἢν
1287 1082 1506 1136 ἐτέλουν
1531 1081 1606 1145 ὡς
1635 1081 1702 1134 ὲκ
1742 1079 1845 1149 τῆς

254 1168 529 1239 Αἰγύπτου
559 1170 867 1235 διαϐάντες,
897 1171 932 1242 ἦ
965 1171 1063 1226 καὶ
1093 1172 1287 1243 πρώτη
1318 1170 1448 1242 παρ’
1481 1170 1696 1234 αὐτοῖς*
1722 1169 1846 1222 δευ-

254 1264 383 1335 τέρα
410 1263 466 1317 δὲ
498 1264 532 1333 ἡ
565 1263 941 1334 Πεντηκοστὴ,
976 1264 1044 1335 ἣν
1068 1264 1285 1317 ἐτέλουν
1316 1263 1392 1327 ὡς
1424 1262 1718 1335 ῥυσθέντες
1744 1262 1845 1331 μὲν

252 1356 359 1408 τῶν
405 1357 463 1408 ὲν
501 1358 568 1427 τῇ
609 1356 798 1427 ἐρήμῳ
830 1353 1040 1422 κακῶν,
1074 1359 1153 1418 εἰς
1189 1356 1245 1407 δὲ
1284 1356 1384 1427 τὴν
1416 1356 1518 1426 γῆν
1550 1357 1643 1427 τῆς
1673 1357 1846 1424 επαγυ

252 1448 441 1517 γελίας
478 1449 835 1514 εἰσελθόντες,
899 1451 995 1502 καὶ
1056 1453 1394 1518 γευσάμενοι
1447 1449 1572 1502 τότε
1615 1448 1847 1517 πρώτως

253 1542 467 1613 καρποῦ
531 1542 784 1612 σιτηροῦ·
826 1540 908 1593 διὸ
945 1544 1039 1593 καὶ
1085 1541 1381 1612 δράγματα
1434 1543 1492 1594 ἐν
1549 1542 1723 1611 ταύτῃ
1766 1540 1845 1610 τῇ

254 1636 412 1706 ἑορτῇ
453 1635 526 1699 ὡς
559 1635 815 1706 ἀπαρχὰς
848 1636 1144 1706 προσῆγον.
1192 1636 1362 1706 Τρίτη
1395 1636 1427 1706 ἡ
1464 1634 1844 1703 Σκηνοπηγία,

254 1729 319 1797 ἦν
355 1728 570 1780 ἐτέλουν
617 1728 1039 1819 εὐχαριστήριον
1110 1729 1202 1780 ἐπὶ
1242 1731 1304 1796 τῇ
1373 1728 1682 1798 συγκομιδῇ
1738 1727 1845 1780 τῶν

254 1817 484 1889 καρπῶν
551 1821 692 1872 κατὰ
745 1817 865 1872 τὸν
916 1818 1291 1892 Σεπτέμὸριον
1348 1818 1499 1890 παρά
1550 1817 1844 1888 Ῥωμαίοις

1946 629 2167 668 sum-um
2222 611 2458 679 versari,
2500 622 2554 666 et
2600 612 2820 683 majoris
2853 627 3066 682 semper
3098 611 3265 666 rahiei
3295 611 3399 667 illis
3430 630 3530 668 au-

1945 716 2149 764 ctorem
2174 707 2312 762 ﬁeri.
2336 707 2468 767 Erat
2492 717 2696 772 autem,
2736 707 2932 778 inquit,
2963 707 3314 777 Scenopegia.
3341 706 3533 777 Operre

1946 801 2178 868 pretium
2216 798 2381 854 fuerit
2417 797 2596 854 dicere
2625 797 2693 853 de
2743 798 2895 854 festis
2934 814 3057 868 qua:
3096 796 3301 855 faciunt
3334 797 3529 853 Judaei.

1946 893 2072 948 Tria
2113 892 2258 949 enim
2308 902 2467 947 erant
2522 909 2538 946 :
2597 907 2762 946 unum
2818 891 3049 959 Pascha,
3093 893 3238 963 quod
3289 890 3535 949 fecerunt

1946 985 2150 1057 egressi
2186 1000 2255 1040 ex
2293 984 2550 1057 Egypto,
2611 984 2755 1055 quod
2803 993 2857 1040 et
2907 986 3143 1054 primum
3193 985 3334 1056 apud
3386 986 3535 1057 ipsos

1947 1088 2065 1133 erat
2094 1095 2107 1132 :
2133 1076 2431 1133 secundum
2461 1076 2808 1142 Pentecoste,
2831 1076 2973 1146 quod
2995 1077 3345 1134 celebrabant
3368 1078 3547 1149 θοι,

1947 1171 2169 1242 quidem
2219 1179 2276 1224 ιιι
2337 1168 2553 1226 liberati
2594 1185 2625 1224 a
2680 1168 2842 1224 malis
2889 1169 3085 1238 quibus
3133 1168 3189 1228 in
3238 1169 3534 1226 solitudine

1949 1262 2369 1334 aliligebantur:
2413 1278 2534 1318 cum
2570 1263 2778 1319 scilicet
2818 1262 2873 1316 in
2908 1271 3107 1316 terram
3156 1262 3536 1331 promissionis

1950 1355 2176 1425 ingressi
2201 1364 2402 1422 essent,
2427 1369 2488 1408 ac
2508 1365 2633 1409 tunc
2651 1354 2881 1424 primum
2909 1351 3169 1407 frumenti
3192 1350 3423 1408 fructum
3443 1368 3540 1425 gu-

1948 1457 2183 1503 SIassent
2204 1463 2220 1515 ;
2245 1456 2300 1502 et
2320 1448 2442 1502 ideo
2477 1445 2778 1517 manipulos
2796 1446 2846 1499 in
2866 1443 3004 1500 festo
3031 1444 3121 1499 illo
3147 1453 3397 1514 tanquam
3426 1446 3538 1514 pri-

1950 1541 2131 1596 mitias
2147 1538 2442 1595 oﬂ‘erebant
2467 1558 2479 1593 :
2508 1540 2724 1593 tertium
2751 1538 3108 1609 Sccnopegia,
3124 1540 3266 1610 quod
3291 1537 3505 1593 celebra
3517 1569 3540 1580 -

1952 1631 2150 1686 batttin
2176 1632 2470 1701 gratiarum
2501 1628 2766 1683 actionem
2798 1638 3016 1698 propter
3039 1636 3329 1683 convecth
3354 1626 3540 1698 fruges

1953 1738 1985 1776 a
2028 1721 2287 1777 Romanis
2312 1721 2389 1794 (a)
2416 1735 2597 1775 mense
2616 1718 2941 1789 Septembri.
2978 1720 3133 1774 Tunc
3166 1719 3308 1773 enim
3336 1720 3540 1790 gratias

1955 1821 2185 1886 agebant
2210 1815 2457 1877 Domino.
2491 1815 2767 1870 convectis
2796 1812 3051 1868 omnibus
3091 1812 3384 1868 fructibus.
3417 1813 3541 1868 ideo

256 1882 425 1981 μῆνα.
455 1909 588 1964 Τότε
620 1912 727 1980 γὰρ
750 1910 815 1981 δὴ
849 1882 1213 1981 εὐχαρίστονν
1250 1909 1324 1978 τῷ
1355 1882 1570 1979 Κυρίῳ,
1614 1882 1687 1971 ὡς
1713 1908 1842 1961 τιοὶν⁸

1959 1882 2017 1964 τί
2055 1907 2403 1963 tabernacula
2458 1907 2679 1970 ﬁebant,
2736 1915 2788 1961 et
2839 1907 2993 1975 quasi
3036 1907 3139 1961 sub
3193 1905 3283 1961 dio
3319 1918 3540 1977 agentes

250 2017 350 2066 τας
374 2004 500 2066 τοὺς
532 2005 783 2072 καρποὺς
819 2004 1311 2073 συγκομισάμενοι.
1351 2002 1443 2054 Διὸ
1480 1999 1574 2054 καὶ
1612 2001 1844 2070 σκηνὰς,

251 2094 369 2164 ἦτοι
395 2095 640 2158 καλύϐας
701 2095 995 2164 ὲπήγνυον,
1023 2097 1117 2148 καὶ
1151 2094 1223 2158 ὡς
1250 2097 1307 2148 ἐν
1337 2095 1524 2164 ἀγροῖς
1550 2092 1847 2160 διάγοντες,

252 2186 636 2257 ηὐφραίνοντο.
672 2187 839 2240 Ὀθεν
869 2189 964 2241 καὶ
1012 2186 1264 2257 ψαλμούς
1310 2202 1465 2249 τινας
1500 2185 1846 2248 Δαΰιτικοὺς,

252 2279 568 2351 ἐπιγραφὴν
610 2280 856 2352 ἔχοντας,
904 2278 1077 2352 ’Υπὲρ
1125 2279 1235 2332 τῶν
1268 2278 1466 2350 ληνῶν,
1514 2278 1645 2348 φασί
1684 2294 1849 2343 τινες,

251 2372 330 2433 εἰς
361 2371 567 2441 ταύτην
601 2373 698 2442 τὴν
733 2373 928 2443 ἑορτὴν
984 2372 1309 2441 συντεθῆναι
1351 2371 1457 2424 ὑπ’)
1524 2371 1618 2423 τοῦ
1667 2368 1848 2426 Δαυῖδ.

252 2461 390 2513 Τότε
416 2463 525 2532 γὰρ
547 2462 611 2533 δὴ
641 2464 765 2526 τοὺς
796 2463 993 2534 ληνοὺς
1015 2462 1196 2516 αὐτῶν
1224 2462 1517 2535 ἐπλήρουν,
1539 2462 1852 2530 τρυγῶντες

251 2553 457 2624 δηλαδὴ
493 2555 588 2608 καὶ
625 2556 718 2608 ἐπὶ
745 2555 955 2619 τούτοις
984 2554 1461 2628 εὐχαριστοῦντες,
1489 2553 1585 2608 καὶ
1613 2552 1852 2624 ψαλμοῖς

254 2644 516 2714 ἐχρῶντο,
542 2646 633 2698 καὶ
663 2647 773 2711 τοῖς
808 2644 987 2711 ἄλλοις
1012 2650 1127 2708 τοῖς
1149 2645 1286 2718 πρδς
1317 2645 1695 2716 εὐχαριστίαν.
1727 2640 1851 2707 Οἷός

253 2739 407 2791 ἐστιν
449 2740 476 2791 ό
523 2738 707 2808 ὄγδοος
738 2739 973 2812 ψαλμός.
1013 2741 1104 2795 Διὸ
1138 2742 1233 2795 καὶ
1279 2743 1338 2795 ἐν
1384 2741 1534 2812 αὐτῷ
1570 2742 1848 2812 μέμνηται

254 2830 367 2885 τῶν
401 2832 554 2899 παρα
597 2833 736 2886 Θεοῦ
775 2834 1043 2889 δοθέντων
1090 2835 1314 2904 ἀγαθῶν
1368 2835 1444 2905 τῷ
1496 2833 1770 2905 ἀνθρώπῳ
1824 2835 1852 2886 ὁ

256 2924 569 2996 προφήτης.
609 2927 888 2999 ᾘνίττετο
922 2928 978 2981 δὲ
1024 2928 1118 2982 καὶ¹
1162 2927 1339 2981 ταῦτα
1361 2944 1373 2959 ·
1407 2927 1468 2980 τὸ
1506 2927 1606 2999 μὲν
1636 2926 1851 2997 Πάσχα,

255 3016 356 3085 τὴν
387 3015 636 3071 διάϐασιν
672 3018 854 3087 ἡμῶν,
901 3017 1001 3090 τὴν
1040 3018 1101 3085 ἐξ
1129 3018 1388 3082 ἀπιστίας
1422 3019 1502 3081 είς
1548 3016 1771 3071 πίστιν⁶
1818 3017 1851 3088 ἡ

255 3107 313 3160 δὲ
346 3110 720 3183 Πεντηκοστὴ,
753 3110 851 3181 τὴν
881 3113 963 3173 είς
1000 3111 1100 3182 τὴν
1144 3110 1477 3181 Ἐκκλησίαν
1526 3108 1848 3171 είσέλευσιν,

1956 2000 2291 2056 laetabantur.
2332 1999 2486 2055 Unde
2520 1998 2757 2068 psalmos
2789 2000 3054 2069 quosdam
3109 2000 3273 2053 David
3326 2000 3417 2069 qui
3457 1999 3543 2054 in-

1954 2094 2139 2163 seripti
2185 2093 2436 2147 suntPro
2488 2092 2871 2159 torcularibus,
2930 2092 3152 2162 quidam
3208 2092 3542 2162 compositos

1953 2203 2073 2242 esse
2109 2187 2365 2242 dicuntin
2398 2186 2502 2241 hoc
2534 2184 2759 2241 festum.
2786 2186 2919 2240 Nam
2953 2196 3083 2242 tunc
3120 2186 3413 2241 toreularia
3441 2202 3537 2241 sua

1956 2279 2269 2348 implebant,
2294 2289 2347 2332 et
2371 2294 2500 2334 uvas
2524 2278 2865 2347 premebant,
2893 2288 3290 2349 proptereaque
3313 2280 3546 2349 agebant

1953 2368 2179 2438 gratias,
2218 2378 2273 2424 et
2318 2366 2540 2439 psalmis
2572 2370 2866 2426 utebantur
2895 2379 3058 2440 atque
3098 2370 3217 2424 aliis
3250 2371 3302 2425 in
3333 2373 3542 2441 gratia-

1956 2475 2074 2514 rum
2112 2462 2403 2517 actionem.
2443 2460 2590 2518 Talis
2624 2471 2709 2518 est
2741 2463 2984 2533 psalmus
3008 2478 3131 2518 Vlll.
3163 2463 3287 2520 ideo
3317 2470 3371 2518 et
3406 2463 3544 2521 Pro-

1953 2557 2113 2626 pheta
2148 2556 2199 2611 in
2248 2556 2368 2625 ipso
2400 2558 2648 2612 meminit
2681 2559 2944 2613 bonorum
2977 2557 3187 2613 homini
3225 2572 3256 2612 a
3304 2558 3416 2615 Deo
3449 2560 3546 2615 da—

1958 2657 2154 2703 torum.
2194 2647 2516 2721 Signiﬁcant
2539 2658 2716 2706 autem
2741 2651 2903 2706 etiam
2930 2654 3045 2707 haec
3069 2666 3082 2704 :
3108 2650 3338 2718 Pascha,
3364 2662 3545 2707 trans-

1956 2738 2089 2793 itum
2132 2749 2374 2795 nostrum
2417 2757 2481 2796 ex
2515 2741 2831 2798 inﬁdelitate
2871 2743 2939 2798 ad
2971 2742 3165 2811 ﬁdem;
3194 2742 3541 2811 Pentecoste,

1956 2831 2255 2903 ingressum
2281 2833 2335 2887 in
2357 2832 2676 2899 Ecclesiam,
2700 2847 2759 2890 ut
2787 2844 2987 2891 terram
3019 2837 3181 2891 aliam
3215 2837 3542 2909 promissio-

1958 2925 2060 2988 nis,
2111 2925 2327 2994 quando
2350 2925 2555 2980 scilicet
2588 2934 2642 2980 ct
2670 2940 2862 2997 panem
2895 2927 3284 2982 manducamus
3311 2943 3538 3007 sumen-

1960 3030 2037 3074 tes
2071 3019 2251 3073 divina
2286 3021 2561 3091 mysteria.
2603 3018 2719 3075 Non
2742 3021 2886 3075 enim
2912 3021 3072 3076 simul
3105 3031 3269 3091 atque
3291 3022 3543 3078 credide-

1959 3110 2146 3177 rimus,
2188 3104 2707 3183 transiverimusque
2749 3112 2816 3167 ab
2865 3110 3270 3180 incredulitate,
3323 3108 3447 3169 mo:
3488 3123 3546 3170 et

256 3200 334 3265 ὡς
387 3202 492 3272 γῆν
527 3202 695 3274 ἀλλην
750 3205 1108 3273 ἐπαγγελίας,
1161 3205 1251 3257 ὅτε
1295 3204 1499 3275 δηλαδὴ
1553 3203 1647 3257 καὶ
1688 3205 1851 3274 ἄρτον

1959 3218 2151 3271 panem
2182 3205 2533 3270 comedimus,
2576 3206 2669 3260 sed
2715 3214 2928 3274 oportet
2970 3206 3201 3275 primum
3254 3207 3543 3278 baptizari,

256 3295 569 3366 τρώγομεν,
608 3296 1118 3367 μεταλαμϐάνοντες
1158 3299 1268 3352 τῶν
1300 3299 1460 3352 θείων
1512 3299 1851 3370 μυστηρίων.

258 3389 337 3441 υὺ
374 3387 482 3458 γὰρ
527 3389 646 3460 ἅμα
688 3390 765 3460 τῷ
816 3391 1108 3445 πιστεῦσαι
1147 3394 1241 3446 καὶ
1297 3393 1552 3464 διαϐῆναι
1601 3393 1714 3447 ἀπὸ
1757 3392 1854 3462 τῆς

258 3480 543 3545 ἀπιστίας,
589 3482 691 3553 ἤδη
732 3484 827 3536 καὶ
877 3483 971 3536 τοῦ
1026 3484 1193 3551 ἄρτου
1229 3486 1522 3555 ἐσθίομενν
1577 3485 1714 3539 ἀλλᾶ
1771 3484 1858 3537 δεῖ

260 3574 530 3645 πρότερον
572 3574 960 3645 βαπτισθῆναι,
995 3576 1089 3628 καὶ
1122 3575 1273 3641 ἄξιον
1300 3575 1559 3646 γενέσθαι
1585 3575 1677 3630 τοῦ
1713 3574 1855 3646 μετά

257 3666 375 3719 τῶν
399 3666 850 3737 βεϐαπτισμένων
872 3669 928 3721 ἐν
971 3667 1269 3738 ’ίίκκλησξα
1298 3669 1573 3734 ἵστασθαι,
1606 3669 1699 3720 καὶ
1732 3667 1855 3719 τότε

259 3752 359 3804 τοῦ
394 3755 559 3823 ἄρτου
598 3755 945 3824 μεταλαϐεῖν,
988 3756 1048 3811 ἸΙ
1084 3757 1141 3809 δὲ
1177 3758 1555 3828 Σκηνοπηγία,
1588 3758 1687 3827 τὴν
1719 3758 1857 3811 ἀνά-

264 3856 480 3911 στασιν,
510 3848 599 3899 ὅτε
628 3849 827 3911 παντες
856 3849 953 3918 μὲν
980 3849 1026 3900 οἱ
1052 3851 1257 3918 καρποὶ
1286 3850 1392 3903 τῶν
1423 3852 1675 3922 πράξεων
1700 3852 1857 3920 ἡμὶν

265 3938 676 4004 συντελοῦνται,
713 3941 777 3993 τὰ
816 3943 1149 4012 σκηνώματα
1183 3943 1239 3995 δε
1294 3942 1451 4012 ἡμῶν
1502 3944 1573 3995 τα
1628 3943 1717 3995 διὰ
1761 3942 1856 3995 τοῦ

263 4032 501 4086 θανάτου
544 4036 934 4099 καταλυθέντα,
972 4034 1129 4100 αὖθις
1168 4040 1611 4108 συμπήγνυνται.
1647 4038 1768 4089 Εἰσὶ
1801 4038 1858 4089 δὲ

262 4125 363 4178 καὶ
398 4124 544 4177 ἄλλοι
566 4128 714 4194 λόγοι
763 4125 1027 4197 θειότεροι
1061 4127 1152 4180 ἐπὶ
1180 4129 1408 4192 ταύταις
1449 4130 1571 4191 ταῖς
1608 4128 1853 4198 ἑορταῖς,

264 4217 362 4281 οὓς
392 4219 451 4270 οὐ
486 4221 581 4271 νῦν
610 4219 788 4287 λέγειν
823 4222 1011 4291 καιρός
1032 4239 1045 4251 ο
1077 4222 1138 4273 τι
1164 4224 1277 4284 τοῖς
1320 4221 1536 4283 πολλοῖς
1564 4222 1673 4292 γὰρ
1716 4221 1860 4289 ὠφε-

267 4306 573 4380 λιμώτερον
621 4312 707 4363 ἀεὶ
741 4313 1097 4383 ἐκλεγόμεθα.
1143 4313 1325 4383 Οὔσης
1380 4312 1471 4366 οὖν
1521 4314 1717 4384 ἑορτῆς
1747 4315 1858 4376 τοῖς

280 4398 559 4467 Ἰουδαίοις
602 4405 701 4475 τῆς
736 4407 1079 4477 καλουμένης
1111 4408 1523 4479 Σκηνοπηγίας,
1566 4408 1689 4460 ἐπεὶ
1718 4402 1860 4460 εἶδον

269 4497 438 4549 αὐτὸν
466 4499 513 4550 οἰ
548 4496 767 4567 ἀδελφοὶ
806 4499 975 4557 αὑτοῦ
1017 4499 1091 4570 μὴ
1136 4498 1690 4569 παρασκευαζόμενον
1732 4500 1864 4553 ἀνα-

1958 3306 2017 3349 ut
2039 3295 2183 3366 digni
2207 3295 2400 3351 ﬁamus
2429 3298 2521 3367 qui
2559 3309 2769 3354 stemus
2791 3312 2913 3353 cum
2947 3299 3236 3370 baptizatis
3269 3299 3324 3354 in
3356 3297 3545 3355 Eccle-

1958 3389 2059 3453 sia,
2082 3401 2135 3444 et
2156 3400 2281 3445 tunc
2301 3391 2365 3446 de
2386 3406 2524 3461 pane
2551 3396 2958 3464 partieipemus.
2979 3394 3317 3467 Scenopegia
3338 3405 3545 3462 autem,

1962 3486 2438 3551 resurrectionem,
2467 3487 2683 3556 quando
2720 3503 2911 3543 omnes
2946 3489 3163 3559 quidem
3202 3486 3415 3545 fruetus
3446 3505 3547 3545 00-

1960 3587 2192 3633 strorum
2226 3595 2448 3650 cperunt
2468 3593 2936 3650 consummantur,
2961 3580 3548 3655 tabernaculaque'no-

1960 3680 2071 3724 stra
2115 3686 2210 3739 per
2249 3683 2481 3728 mortem
2541 3676 2841 3739 destructa,
2882 3676 3074 3731 iterum
3131 3686 3544 3732 construuntur.

1963 3760 2100 3816 Sunt
2128 3773 2181 3816 et
2211 3763 2301 3817 alii
2332 3765 2625 3821 diviniores
2654 3784 2936 3822 sermones
2979 3768 3046 3823 de
3076 3769 3159 3823 his
3192 3769 3367 3837 festis,
3399 3778 3454 3824 at
3480 3769 3550 3827 de

1963 3855 2044 3909 his
2076 3870 2216 3909 nunc
2245 3871 2355 3909 non
2387 3865 2469 3911 est
2506 3858 2717 3913 dicendi
2750 3868 2983 3928 tempus.
3026 3857 3368 3932 Esponimus
3401 3863 3548 3918 enim

1963 3948 2064 4002 hoc
2102 3950 2245 4016 quod
2282 3950 2464 4006 multis
2513 3952 2716 4007 utilius.
2754 3952 2943 4023 itaque
2992 3970 3114 4009 cum
3164 3964 3307 4011 esset
3348 3954 3550 4012 festum

1960 4040 2265 4095 Judaioruin
2297 4044 2439 4112 quod
2468 4054 2695 4099 vocatur
2736 4042 3092 4116 Seenopegia,
3128 4047 3258 4117 quia
3295 4048 3550 4103 viderunt

1963 4150 2088 4187 cum
2120 4135 2315 4189 fratres
2346 4135 2463 4204 ejus
2491 4152 2595 4191 non
2630 4151 2951 4206 apparatum
2988 4140 3053 4192 ad
3089 4140 3213 4206 iter,
3244 4140 3551 4197 invidentes

1963 4224 2009 4277 ei
2038 4224 2260 4278 dicunt:
2295 4225 2487 4279 Transi
2519 4227 2664 4291 hinc,
2698 4237 2753 4281 et
2781 4228 2916 4283 vade
2952 4228 3099 4294 illuc,
3134 4236 3190 4284 ut
3218 4239 3274 4284 et
3300 4229 3552 4299 discipuli

1966 4316 2065 4380 tui,
2096 4316 2196 4370 hoe
2224 4326 2309 4371 est
2342 4317 2513 4372 turbae
2551 4334 2673 4387 qtire
2702 4326 2755 4373 te
2805 4333 3130 4389 sequuntur,
3185 4321 3402 4375 Videant
3431 4336 3552 4391 qua;

1965 4407 2118 4463 facis.
2152 4407 2270 4463 Non
2300 4410 2444 4465 enim
2488 4411 2555 4465 de
2586 4411 2872 4467 duodecim
2921 4413 3072 4481 dicit,
3120 4413 3216 4469 sed
3257 4412 3335 4468 de
3355 4413 3420 4468 iis
3457 4414 3552 4484 qui

1966 4495 2114 4550 illum
2147 4496 2282 4552 alias
2314 4499 2699 4568 sequebantur.
2734 4498 3046 4571 Arguebant
3073 4515 3254 4557 autem
3277 4518 3399 4557 eum
3436 4501 3552 4557 fra-

269 4588 458 4657 ϐῆναι,
492 4588 813 4660 φθονοῦντες
848 4590 1020 4661 αὐτῷ,
1049 4591 1214 4659 φασίο
1259 4590 1550 4660 Μετάϐηθι
1587 4591 1852 4657 ἐντεῦθεν,

1967 4599 2078 4642 tres
2108 4588 2244 4655 ejus,
2279 4589 2372 4644 ﬁlii
2404 4591 2613 4646 scilicet
2640 4590 2863 4661 Ioseph,
2897 4603 3115 4661 propter
3141 4595 3276 4647 duas
3303 4592 3552 4647 affectio-

272 4684 367 4750 καὶ
398 4683 575 4753 ὕπαγε
605 4686 742 4750 ἐκεῖ,
782 4684 864 4739 ἵνα
900 4685 991 4739 καὶ
1033 4687 1083 4741 οἱ
1114 4685 1354 4757 μαθηταί
1396 4703 1511 4748 σου,
1551 4686 1856 4750 τουτέστιν,

271 4778 324 4828 οἱ
355 4774 505 4845 ὄχλοι
536 4778 586 4830 οἱ
619 4776 1037 4842 ἀκολουθοῦντές
1076 4794 1178 4844 σοι,
1212 4778 1564 4848 θεωρήσουσιν
1592 4778 1628 4832 δι
1662 4781 1857 4840 ποιεῖς.

270 4868 349 4923 Οὐ
369 4869 479 4938 γὰρ
496 4869 623 4940 περὶ
653 4870 761 4922 τῶν
790 4869 999 4924 δώδεκά
1028 4887 1217 4942 φησιν,
1240 4870 1376 4923 ἀλλὰ
1402 4870 1659 4941 περὶτῶν
1683 4870 1857 4933 ἄλλως

272 4961 561 5032 ἑπομένων
592 4962 762 5034 αὐτῷ.
807 4963 1133 5031 Ἐγκαλοῦσι
1163 4963 1218 5018 δὲ
1253 4964 1402 5035 αὐτῷ
1426 4966 1477 5017 oi
1503 4963 1723 5032 ἀδελφοὶ
1759 4964 1859 5017 αὺ-

270 5054 395 5117 τοῦ,
420 5054 470 5106 οί
499 5052 592 5107 τοῦ
630 5052 826 5125 Ἰωσὴφ
851 5055 1050 5128 δηλαδὴ
1081 5055 1294 5120 παῖδες,
1317 5056 1411 5109 δύο
1438 5055 1608 5127 πάθη,
1632 5056 1860 5121 δειλίαν,

273 5147 371 5200 καὶ
411 5145 738 5216 φιλοδοξίαν.
787 5146 878 5200 Διὸ
931 5147 1021 5201 καί
1076 5163 1277 5218 φασιν
1336 5167 1354 5199 ι
1397 5149 1587 5213 Οὐδεὶς
1644 5149 1754 5223 γὰρ
1804 5152 1862 5204 ἐν

273 5238 511 5309 κρυπτῷ
554 5255 605 5290 τι
652 5240 818 5304 ποιεῖ,
857 5258 875 5291 ι
910 5239 1047 5310 ὅπερ
1097 5240 1215 5293 ἐστὶ
1249 5240 1473 5308 δειλίας,
1513 5259 1530 5292 ι
1570 5242 1664 5296 καὶ
1709 5241 1866 5314 ζητεῖ

275 5330 444 5395 αὐτὸς
467 5332 526 5382 ὲν
553 5332 837 5404 παρρησίᾳ
863 5329 1024 5401 εἶναι,
1049 5350 1065 5384 ι
1092 5332 1230 5405 ὅπερ
1259 5336 1374 5389 ἐστὶ
1402 5333 1725 5405 φιλοδοξίας.
1752 5354 1769 5387 ι
1801 5337 1864 5390 Ei

272 5420 452 5476 ταῦτα
478 5424 676 5485 ποιεῖς,
702 5422 1039 5494 φανέρωσον,
1073 5426 1230 5494 φασὶ,
1254 5427 1480 5480 σεαυτὸν
1507 5425 1584 5498 τῷ
1606 5426 1817 5498 κόσμῳ.
1845 5445 1864 5479 ι

288 5511 559 5566 Ἐνταῦθα
590 5512 648 5567 δὲ
688 5512 1036 5580 αἰνίττονται,
1068 5515 1149 5568 ὅτι
1186 5517 1325 5570 Οὐδὲ
1353 5518 1565 5590 ἀγαθὴν
1601 5518 1871 5589 ὑπόληψιν

275 5605 477 5679 ἔχομεν
517 5609 611 5662 ἐπὶ
635 5609 749 5672 τοῖς
784 5606 892 5660 ὑπὸ
942 5608 1039 5661 σοῦ
1075 5609 1409 5680 γενομένοις.
1454 5609 1517 5663 Εί
1557 5611 1664 5683 γὰρ
1695 5610 1869 5666 ταῦτα

278 5704 456 5765 ποιεῖς
500 5700 579 5765 ὡς
627 5700 789 5769 καλὰ,
844 5700 1163 5771 φανέρωσον
1208 5702 1469 5758 σεαυτόν·
1527 5706 1576 5758 ei
1624 5702 1680 5756 δὲ
1730 5702 1869 5759 ἀπο-

353 5883 431 5956 (a)
463 5883 607 5941 Edit.
635 5882 758 5940 Lut.
791 5898 899 5939 non
934 5883 1117 5945 habet.
1145 5900 1177 5936 a
1206 5880 1482 5939 Romanis.

578 5984 851 6075 Ριτιιοι..
884 5979 1323 6078 Οοειῦὶξὲηῐ.

1969 4694 2083 4739 nes,
2130 4680 2382 4734 timorem
2431 4690 2484 4734 et
2539 4695 2730 4735 vanam
2784 4681 3034 4749 gloriam,
3085 4682 3206 4737 ideo
3232 4695 3286 4738 et
3320 4684 3549 4741 dicunt:

1973 4788 1991 4821 ι
2033 4767 2220 4825 Nullus
2246 4772 2390 4827 enim
2425 4772 2476 4826 in
2511 4772 2724 4827 occulto
2756 4770 2883 4828 facit
2929 4774 3130 4844 aliquid
3172 4777 3247 4848 (id
3294 4778 3436 4849 quod
3468 4791 3556 4835 est

1968 4862 2320 4933 formidinis),
2356 4873 2411 4918 et
2450 4865 2643 4934 quaerit
2682 4864 2810 4935 ipse
2849 4864 3024 4934 palam
3066 4882 3206 4932 esse,
3261 4887 3279 4919 ι
3329 4870 3380 4923 id
3406 4873 3555 4938 quod

1972 4954 2121 5012 ranae
2175 4955 2377 5029 gloriae.
2419 4973 2438 5010 ι
2479 4957 2535 5013 Si
2591 4959 2705 5014 haec
2762 4957 2920 5024 facis,
2973 4960 3257 5017 manifesta
3321 4961 3554 5034 teipsum

1971 5050 2193 5106 mundo.
2239 5069 2257 5103 ι
2287 5051 2403 5107 Hoc
2441 5061 2616 5107 autem
2655 5051 2774 5107 loco
2816 5051 3125 5107 insinuant:
3173 5052 3328 5109 llaud
3354 5055 3553 5111 bonam

1971 5143 2280 5215 opinionem
2309 5145 2572 5201 habemus
2596 5146 2662 5200 de
2705 5145 2790 5201 his
2822 5160 2942 5216 quae
2984 5160 3014 5200 a
3052 5156 3104 5200 te
3135 5146 3289 5202 ﬁunt.
3323 5146 3457 5203 Nam
3506 5151 3556 5206 si

1973 5237 2086 5292 haec
2111 5234 2246 5291 facis
2287 5245 2344 5292 ut
2372 5235 2534 5303 bona,
2568 5235 2855 5292 manifesta
2890 5237 3147 5309 teipsum.
3185 5240 3244 5296 Si
3279 5249 3462 5297 autem
3501 5251 3554 5297 te

1971 5330 2287 5396 occultaris,
2321 5330 2666 5387 manifestum
2696 5330 2840 5402 quod
2871 5326 3014 5386 mala
3057 5330 3265 5391 faciens
3309 5334 3557 5390 occulte—

1971 5424 2068 5481 ris.
2100 5423 2268 5494 Cujus
2312 5435 2493 5480 autem
2524 5424 2697 5495 gratia
2730 5424 2783 5479 in
2834 5423 2921 5479 bis
2958 5424 3198 5495 quinque
3247 5425 3554 5494 mensibus,

1969 5532 2090 5573 cum
2120 5517 2253 5573 nihil
2274 5516 2417 5573 aliud
2449 5509 2724 5572 narrasset
2746 5517 3103 5588 evangelista,
3140 5534 3304 5590 quam
3337 5518 3555 5588 signum

1971 5610 2075 5664 hoc
2103 5610 2168 5664 de
2208 5609 2439 5680 panibus
2466 5617 2520 5665 et
2543 5623 2851 5665 sermonem
2888 5610 3104 5667 Domini
3150 5612 3218 5665 ad
3259 5609 3556 5665 comeden-

1971 5714 2075 5770 tes,
2109 5717 2266 5772 quem
2304 5710 2491 5774 postea
2532 5703 2732 5774 ingrati
2765 5701 3088 5770 irridebant,
3120 5704 3187 5760 ad
3216 5703 3323 5761 alia
3352 5703 3558 5759 transi-

3166 5978 3240 6042 42
