3960 6454
418 444 554 508 13:23

1279 453 1282 456 ’
1335 435 1912 498 THEOPHYLACTI
1951 436 2364 497 BULGARUS
2399 438 2750 499 ARCHIEP.

3543 439 3681 503 132i

406 562 510 625 liit,
546 558 769 613 dicens:
811 571 829 604 ι
878 550 1009 606 Erat
1037 560 1216 605 autem
1253 562 1420 619 prope
1450 546 1649 602 festum
1678 544 1987 603 Iudaeorum

2097 548 2334 622 κρύπτῃ,
2375 549 2639 620 πρόδηλον
2689 551 2770 604 δτι
2815 550 2957 604 κακά
3008 550 3265 621 πράττων
3317 552 3680 625 ἀποκρύπτῃ.

407 646 774 719 Scenopegia?
798 664 817 699 ι
848 643 983 700 Nam
1019 643 1181 716 602
1211 640 1354 712 quod
1372 656 1535 712 opera
1558 641 1796 711 quinque
1834 657 1990 697 men-

408 742 547 800 sium
577 742 630 796 in
666 736 989 794 intermedio
1021 737 1253 800 siluerit,
1290 733 1638 789 manifestum
1672 734 1816 789 hinc.
1853 734 1987 788 Cum

406 837 552 895 enim
599 830 919 888 miraculum
944 842 1143 897 panum
1172 828 1393 892 faceret,
1436 825 1645 882 Pascha
1673 837 1811 890 erat,
1847 825 1988 894 quod

407 930 707 985 habebatur
737 922 880 996 apud
914 922 1033 978 illos
1078 922 1252 991 primo
1299 935 1505 985 mense,
1543 935 1703 990 quem
1754 917 1986 974 Romani

405 1019 656 1074 Martium
693 1023 891 1070 vocant

400 1111 540 1164 tinnt
568 1105 894 1178 Septembri.
933 1102 1110 1170 Quare
1132 1100 1295 1173 igitur
1325 1103 1427 1158 boe
1460 1099 1589 1156 fecit
1615 1100 1988 1172 evangelista?

403 1199 483 1257 Eo
507 1198 645 1269 quod
682 1212 789 1252 non
818 1205 933 1252 erat
959 1209 1095 1264 Opus
1121 1195 1302 1249 omnia
1334 1207 1671 1249 enumerare.
1707 1191 1776 1245 Et
1804 1192 1983 1257 aliter,

404 1290 750 1360 evangelista:
782 1287 873 1342 illa
904 1288 1233 1343 studuerunt
1272 1286 1478 1350 dicere,
1506 1295 1730 1355 propter
1752 1280 1877 1355 qua:
1904 1301 1987 1339 re-

405 1384 689 1453 prehensio
728 1381 908 1451 aliqua
959 1379 1042 1435 vel
1082 1376 1444 1435 contradictio
1479 1393 1507 1431 a
1540 1375 1742 1432 Iudaeis
1792 1378 1977 1431 subse-

405 1478 696 1549 quebatur.
736 1475 964 1543 Dignum
996 1481 1174 1527 autem
1213 1480 1297 1527 est
1328 1471 1614 1526 veritatem
1647 1468 1859 1525 illorum
1896 1471 1986 1523 ad-

314 1622 321 1631 ,
407 1570 618 1631 mirari,
674 1568 944 1638 quomodo
994 1580 1102 1620 non
1152 1564 1479 1619 erubescant
1522 1562 1705 1617 dicere
1743 1562 1829 1617 illa
1864 1577 1985 1632 quae

410 1662 739 1718 videbantur
772 1659 969 1715 atferre
998 1656 1349 1728 ignominiam
1380 1657 1671 1727 quamdam
1706 1654 1979 1724 Magistro.

408 1755 561 1811 Unde
605 1752 934 1825 evangelista
978 1751 1142 1806 multa
1176 1749 1433 1804 miracula
1478 1759 1533 1804 et
1573 1749 1737 1803 verba
1770 1747 1980 1803 Domini

408 1859 813 1908 transcurrens,
857 1841 1228 1899 infidelitatem
1282 1841 1511 1896 fratrum
1560 1849 1617 1895 et
1649 1856 1710 1896 ea
1755 1856 1876 1910 quae
1907 1839 1979 1893 illi

945 1031 961 1069 :
1004 1028 1144 1067 nunc
1189 1020 1369 1066 autem
1422 1008 1757 1080 Scenopegia
1800 1025 1987 1065 mense
2028 1018 2035 1021 '

2092 638 2246 705 Τίνος
2275 643 2332 697 δὲ
2361 643 2547 697 ἕνεκεν
2585 646 2642 696 ἐν
2676 646 2787 707 τοῖς
2820 644 2978 696 πέντε
3019 645 3187 716 μησὶν
3213 644 3366 698 οὐδὲν
3398 646 3531 699 ἄλλο
3558 647 3685 715 διη-

2090 732 2402 803 γησάμενος
2451 735 2479 785 6
2528 732 2948 804 εὔαγγελιστὴς,
2999 733 3115 787 ἀλλ’
3164 734 3197 804 ἦ
3246 734 3308 787 τὸ
3361 736 3506 788 κατά
3545 739 3686 811 ,τοὺς

2089 823 2285 893 ἄρτους
2318 826 2566 893 σημεῖον,
2601 824 2698 877 καὶ
2731 824 2832 895 τὴν
2874 824 3010 896 πρὸς
3060 826 3185 888 τοὺς
3206 842 3209 843 '
3230 826 3530 895 φαγόντας,
3560 823 3683 880 εἶτα

2090 916 2541 988 ἀγνωμονοῦντας
2596 916 2709 986 (26)
2766 916 2859 970 τοῦ
2931 918 3135 988 Κυρίου
3183 917 3457 983 διάλεξιν,
3510 915 3685 973 τᾶλλα

2089 1006 2531 1079 ὑπερεπήδησεν,
2563 1007 2734 1062 εἰπών
2757 1025 2770 1037 ·
2807 1027 2826 1060 ι
2865 1003 2973 1061 Ἦν
3003 1009 3060 1061 δὲ
3097 1011 3265 1077 ἐγγὺς
3292 1011 3327 1080 ὴ
3358 1011 3523 1081 ἑορτὴ
3573 1012 3685 1063 τῶν

2100 1099 2367 1154 Ἰουδαίων
2391 1100 2423 1170 ἡ
2451 1100 2835 1171 Σκηνοπηγία;
2872 1120 2890 1152 ι
2926 1102 3052 1155 Ὀτι
3081 1103 3192 1173 γὰρ
3217 1103 3302 1157 διὰ
3327 1104 3496 1174 μέσου
3518 1106 3685 1157 πέντε

2092 1193 2276 1263 μηνῶν
2310 1192 2448 1265 ἔργα
2474 1194 2854 1264 ἀπεσιώπησε,
2889 1194 3050 1265 δῆλον
3093 1194 3364 1252 ἐντεῦθεν.
3398 1197 3530 1249 ’Ὅτε
3584 1200 3683 1266 μὲν

2088 1286 2198 1355 γάρ
2228 1286 2287 1337 τὸ
2331 1285 2515 1356 θαῦμα
2557 1285 2771 1339 ἐτέλεσε
2814 1287 2920 1339 τῶν
2954 1287 3158 1357 ἄρτων,
3197 1289 3385 1359 Πάσχα
3418 1285 3507 1361 ἦν,
3542 1292 3681 1361 ὅπερ

2090 1378 2228 1430 κατὰ
2270 1378 2360 1431 τὸν
2391 1379 2542 1448 παρὰ
2606 1379 2901 1448 Ῥωμαίοις
2938 1380 3184 1449 Μάρτιον
3221 1385 3363 1452 μῆνα
3416 1383 3682 1447 ἐτελεῖτο,

2088 1469 2305 1540 πρῶτον
2349 1472 2478 1540 παρ’
2528 1471 2759 1535 ἐκείνοις
2812 1472 3149 1545 καλούμενον
3202 1474 3508 1545 μῆνα·νῦν
3539 1477 3597 1529 δὲ
3648 1480 3683 1545 ὴ

2088 1563 2464 1633 Σκηνοπηγία,
2496 1563 2529 1635 ἢ
2558 1564 2874 1619 συνίσταται
2913 1567 3057 1619 κατὰ
3085 1566 3176 1619 τδν
3210 1567 3341 1636 παρ’
3370 1569 3506 1637 ἡμῖν
3542 1569 3683 1620 Σεπρ

2086 1656 2367 1726 τέμϐριον.
2396 1656 2546 1709 Διατί
2576 1652 2668 1709 οὖν
2706 1656 2864 1709 τοῦτο
2903 1656 3208 1726 ἐποίησενό
3239 1659 3683 1730 εὑαγγελιστήςς

2088 1748 2232 1800 Διότι
2290 1748 2392 1802 οὐκ
2453 1751 2580 1818 ἐνῆν
2638 1748 2854 1803 ἅπαντα
2917 1749 3262 1817 καταλέγειν.
3334 1752 3549 1814 Ἄλλως
3601 1770 3684 1813 τε.

2090 1840 2271 1893 ἐκεῖνα
2316 1841 2497 1910 λέγειν
2548 1842 2951 1896 ἐσπουδάκασιν
2988 1845 3041 1895 οἱ
3082 1844 3496 1912 εὐαγγελισταῖ,
3541 1846 3687 1916 ὑπὲρ

406 1939 761 2011 opprobrant,
796 1946 998 1991 narrat.
1053 1934 1206 1990 Unde
1232 1943 1411 1989 autem
1461 1933 1549 1987 illa
1598 1933 1988 1988 incrudelitas?

2097 1927 2170 1987 ὧν
2206 1935 2413 2004 μέμψις
2463 1933 2496 2005 ἢ
2546 1935 2828 2003 ἀντιλογία
2880 1954 2963 1999 τις
3030 1938 3183 2006 παρὰ
3233 1937 3342 1989 τῶν
3403 1938 3689 1990 Ἰουδαίων

410 2033 488 2087 Ex
521 2030 797 2086 voluntate
829 2040 883 2084 et
927 2027 1151 2083 invidia.
1187 2025 1372 2080 Solent
1405 2027 1551 2080 enim
1588 2026 1798 2094 cognati
1843 2042 1989 2081 sem-

409 2138 508 2192 per
556 2123 818 2177 invidere.
862 2119 1241 2175 Verumtamen
1275 2117 1494 2171 attende
1525 2119 1668 2186 quod
1708 2117 1800 2187 qui
1839 2126 1986 2171 tanta

412 2214 732 2269 infidelitate
757 2210 933 2268 afl'eCti
958 2220 1113 2265 erant
1147 2209 1198 2263 in
1249 2209 1398 2262 illum
1427 2217 1720 2278 antequam
1766 2210 1989 2263 cruciﬁ-

408 2318 652 2378 geretur,
696 2320 815 2360 eum
848 2304 1010 2360 etiam
1058 2303 1232 2372 ipsum
1269 2300 1561 2371 gloriosum
1616 2301 1883 2365 viderent,
1936 2311 1991 2354 et

410 2397 673 2454 miracula
699 2396 1010 2461 facientem,
1055 2404 1176 2465 post
1223 2409 1443 2450 crucem
1499 2404 1554 2449 et
1593 2393 1987 2463 ignobilitatem

410 2505 529 2558 qua:
551 2488 856 2552 videbatur,
887 2502 985 2557 pro
1015 2486 1131 2556 ipso
1162 2485 1537 2540 testimonium
1574 2484 1829 2549 tulerunt,
1855 2501 1987 2555 apo-

408 2581 532 2637 stoli
561 2589 615 2635 et
665 2579 1047 2651 praedicatores
1079 2587 1134 2632 et
1181 2577 1419 2648 episcopi
1465 2576 1614 2631 facti.
1667 2576 1821 2632 Unde
1868 2578 1987 2632 siue

409 2673 840 2730 contradictione
895 2672 1044 2727 illum
1105 2670 1478 2726 resurrexisse
1530 2670 1803 2725 viderunt.
1866 2668 1983 2725 {\‘on

409 2771 553 2821 extim
586 2766 966 2836 exposuissent
987 2782 1044 2821 se
1072 2780 1169 2836 pro
1207 2766 1318 2829 illo,
1350 2764 1453 2819 nisi
1483 2775 1627 2819 certa
1660 2764 1905 2835 quaedam
1936 2774 1990 2820 ot

408 2861 579 2914 solida
609 2858 928 2915 habuissent
957 2866 1277 2929 argumenta
1311 2858 1377 2912 de
1414 2856 1529 2925 eius
1562 2860 1984 2913 resurrectione.

2098 2028 2603 2099 παρηκολούθησεν.
2648 2028 2832 2095 ’Λξιον
2880 2029 2937 2081 δὲ
2972 2030 3251 2100 θαυμάσαι
3277 2032 3338 2082 τὸ
3369 2030 3678 2100 φιλαληθες

2093 2122 2295 2187 αὐτῶν,
2327 2121 2444 2185 πῶς
2473 2122 2574 2174 οὐκ
2610 2122 2957 2192 αἰσχύνονται
2992 2122 3173 2190 λέγειν
3216 2123 3415 2182 ταῦτα,
3452 2122 3487 2176 ἃ
3530 2125 3689 2176 δοκεῖ

2092 2213 2308 2280 ἀδοξίαν
2362 2216 2483 2267 τινά
2532 2215 2814 2285 ἐπιφέρειν
2866 2214 2942 2285 τῷ
2976 2214 3318 2285 Διδασκάλῳ.
3359 2215 3542 2269 Πολλὰ⁵
3590 2212 3688 2268 οὖν

2092 2306 2469 2378 παραδραμὼν
2511 2307 2607 2361 καὶ
2646 2307 2903 2378 θαύματα
2948 2312 3041 2363 καὶ
3084 2311 3310 2380 ῥήματα
3340 2308 3437 2361 τοῦ
3472 2309 3689 2377 Κυρίου

2088 2404 2116 2454 6
2145 2402 2561 2471 εὐαγγελιστὴς,
2599 2403 2696 2471 τὴν
2732 2403 2988 2456 ἀπιστίαν
3017 2407 3126 2458 τῶν
3165 2403 3415 2471 ἀδελφῶν
3458 2404 3682 2468 διηγεῖ-

2090 2510 2203 2557 ται,
2233 2495 2325 2546 καὶ
2352 2494 2453 2546 ὅσα
2489 2493 2907 2564 προσωνείδιζον
2940 2494 3108 2565 αὐτῷ.
3138 2495 3308 2550 Πόθεν
3335 2495 3391 2547 δὲ
3423 2495 3619 2556 αὐτοῖς
3651 2496 3690 2563 ἡ

2090 2587 2328 2656 τοσαύτη
2379 2587 2640 2653 ἀπιστία;
2696 2587 2827 2639 Ἀπδ
2877 2590 3252 2658 προαιρέσεως
3292 2589 3385 2640 καὶ
3447 2586 3686 2655 φθόνου·

2088 2675 2148 2726 τδ
2176 2675 2283 2746 γὰρ
2310 2676 2592 2743 συγγενὲς,
2618 2678 2776 2730 εἴωθέ
2804 2695 2916 2741 πως
2948 2677 3036 2730 ἀεὶ
3066 2677 3498 2744 διαφθονεῖσῖιαι.
3533 2675 3685 2744 Πλὴν

2091 2768 2303 2830 σκόπει,
2328 2769 2410 2820 ὅτι
2441 2770 2710 2840 τοσαύτην
2733 2770 2991 2823 ἀπιστίαν
3020 2770 3231 2840 ἔχοντες
3261 2769 3366 2837 πρὸ
3392 2767 3487 2821 τοῦ
3515 2784 3651 2821 sua
3670 2799 3685 2808 σ

2093 2862 2187 2931 ροῦ
2234 2865 2310 2925 εἰς
2363 2862 2548 2925 αὑτὸν,
2590 2864 2678 2916 ὅτε
2724 2864 2815 2916 καὶ
2852 2862 3061 2928 ἔνδοξον
3114 2863 3274 2916 αὑτὸν
3324 2862 3542 2933 ἐώρων,
3586 2862 3683 2914 καὶ

408 2955 665 3026 θαύματα
692 2953 970 3021 ποιοῦντα,
1008 2951 1145 3024 μετὰ
1164 2952 1255 3007 τὸν
1289 2952 1518 3021 σταυρὸν
1553 2954 1648 3005 καὶ
1708 2954 1810 3024 τὴν
1864 2954 2127 3011 δοκοῦσαν
2178 2958 2395 3025 ἀδοξίαν
2447 2959 2592 3029 ὑπὲρ
2678 2961 2846 3015 αὑτοῦ
2906 2960 3314 3031 ἐμαρτύρησαν,
3364 2960 3685 3027 ἀπόστολοι,

409 3057 506 3110 καὶ
538 3055 803 3124 κήρυκες,
868 3051 963 3106 καὶ
994 3050 1270 3122 ἀρχιερεῖς
1316 3048 1621 3120 γενόμενοι.
1702 3048 1866 3104 Ὅθεν
1920 3053 2332 3128 ἁναντιῤῥήτως
2378 3057 2538 3111 αὐτὸν
2591 3057 2897 3111 ἀναστάντα
2954 3058 3284 3128 ἑωράκασιν.
3334 3061 3406 3111 Οὐ
3457 3059 3573 3132 γὰρ
3620 3061 3688 3112 ἂν

409 3156 552 3238 ὑπὲρ
584 3151 750 3207 αὑτοῦ
789 3149 1087 3207 δεδώκασιν
1139 3149 1386 3211 ἑαυτοὺς.
1417 3148 1465 3200 ιεἱ
1501 3147 1576 3218 μὴ
1614 3146 1838 3217 βεϐαίαν
1890 3151 1989 3221 τὴν
2022 3156 2152 3225 περὶ
2179 3156 2277 3225 τῆς
2313 3156 2665 3219 ἀναστάσεως
2699 3155 2863 3209 αὑτοῦ
2914 3155 3285 3226 πληροφορίαν
3334 3155 3610 3219 ἐδέξαντο.

487 3246 649 3300 Vsus.
688 3242 821 3299 6-8.
859 3261 877 3294 ι
900 3242 1041 3298 Dicit
1066 3256 1197 3312 ergo
1220 3242 1301 3295 eis
1327 3238 1515 3296 Jesus:
1548 3238 1784 3310 Tempus
1817 3258 1991 3296 meum
2020 3250 2064 3313 ρ

410 3339 650 3396 nondum
697 3337 869 3401 adest,
919 3342 1133 3395 tempus
1179 3341 1361 3388 autem
1402 3340 1642 3388 vestrum
1676 3349 1888 3404 semper
1914 3348 1995 3392 εει

407 3439 677 3504 paratum.
702 3427 818 3483 Non
847 3436 1023 3498 potest
1044 3426 1276 3480 mundus
1298 3425 1475 3481 odisse
1508 3439 1601 3479 vos
1640 3444 1653 3479 :
1689 3442 1773 3480 me
1801 3438 1981 3481 autem

409 3525 545 3593 odit,
580 3522 705 3594 quia
737 3535 839 3591 ego
873 3519 1243 3576 testimonium
1279 3517 1395 3573 fero
1427 3517 1492 3573 de
1522 3517 1614 3571 illo
1641 3519 1783 3587 quod
1830 3534 1992 3587 Opera

411 3620 530 3689 ejus
560 3616 701 3674 mala
731 3615 860 3672 sint.
897 3612 1006 3672 Vos
1036 3612 1314 3670 ascendite
1345 3612 1408 3666 ad
1434 3612 1576 3667 diem
1602 3608 1801 3665 feStum
1828 3612 1993 3676 hunc,

412 3731 511 3784 ego
550 3711 788 3768 nondum
832 3707 1074 3764 ascendo
1126 3705 1194 3762 ad
1235 3704 1432 3762 festum
1485 3706 1608 3771 hoc,
1643 3705 1769 3774 quia
1816 3720 1993 3759 meum

412 3818 626 3877 tempus
669 3803 910 3861 nondum
958 3800 1237 3872 impletum
1269 3809 1375 3854 est.
1432 3817 1453 3852 ι
1504 3797 1726 3854 Fratres
1775 3798 1993 3868 quidem

412 3897 645 3953 Domino
699 3895 1023 3961 invidentes,
1076 3900 1311 3962 arguunt
1359 3906 1480 3946 eum
1522 3899 1697 3946 metus
1749 3900 1804 3945 et
1838 3906 1994 3944 arro-

409 3992 625 4059 gantize.
657 3988 755 4044 Ille
802 3998 985 4043 autem
1014 3985 1141 4055 quid
1176 3984 1397 4039 dicitad
1431 3984 1564 4040 eos?
1592 4000 1720 4039 num
1749 3984 1883 4039 dure
1915 3984 1992 4038 lo-

410 4082 635 4155 quitur?
691 4080 935 4146 minime,
970 4079 1065 4134 sed
1102 4086 1411 4133 mansuete.
1461 4075 1576 4130 Non
1622 4076 1764 4131 enim
1798 4076 1935 4130 dixit
1977 4094 1989 4131 :

416 4176 647 4247 Vosqui
676 4175 829 4241 estis,
862 4172 955 4245 qui
988 4172 1117 4227 talia
1149 4170 1281 4226 mihi
1305 4168 1611 4234 consulitis,
1644 4178 1697 4225 et
1727 4170 1797 4223 ita
1832 4170 1993 4223 doce-

413 4267 520 4326 tis?
565 4268 675 4323 Sed
722 4266 850 4336 quid
909 4263 1125 4333 inquit?
1174 4280 1192 4314 ι
1238 4258 1474 4330 Tempus
1522 4275 1700 4315 meum
1758 4260 1992 4314 nondum

414 4364 590 4428 adest,
624 4378 645 4412 ι
680 4360 784 4415 hoc
822 4359 914 4428 ﬁest
944 4356 1125 4413 crucis
1146 4364 1201 4411 et
1232 4355 1444 4411 mortis.
1487 4372 1506 4405 ι
1548 4353 1782 4421 Tempus
1812 4364 1992 4408 autem

413 4462 657 4509 vestrum
690 4462 908 4519 semper
930 4457 1014 4502 est
1041 4454 1318 4517 paratum.
1351 4463 1371 4498 ι
1405 4442 1531 4513 Vos,
1558 4444 1753 4514 inquit,
1780 4442 1994 4498 etiamsi

412 4557 629 4614 semper
661 4557 785 4597 cum
826 4537 1028 4596 Iudaeis
1059 4536 1449 4604 conveneritis,
1485 4551 1593 4591 non
1628 4536 1879 4592 occident
1919 4533 1993 4589 illi

415 4652 533 4704 vos,
564 4636 656 4706 qui
680 4635 867 4691 eadem
898 4632 1181 4689 sectamini
1210 4646 1329 4701 qua:
1352 4630 1429 4687 illi
1458 4651 1472 4687 :
1498 4644 1587 4684 me
1609 4637 1787 4684 autem
1811 4629 1992 4685 statim

414 4728 650 4785 occisuri
682 4735 828 4793 sunt,
853 4726 901 4782 si
926 4725 1145 4797 quidem
1187 4722 1425 4779 viderint
1452 4723 1519 4779 ad
1549 4720 1749 4778 festum
1772 4722 1995 4778 venien-

416 4830 546 4873 tem.
573 4814 671 4873 Vel
692 4824 747 4871 et
777 4814 933 4872 aliter
959 4815 1065 4871 boc
1092 4812 1521 4884 intelligendum.
1567 4812 1703 4867 Nam
1745 4811 1838 4881 qui
1863 4811 1995 4867 bea-

419 4921 503 4965 tos
538 4910 667 4964 facit
690 4907 935 4978 lugentes
964 4907 1018 4963 in
1045 4906 1147 4962 boe
1172 4905 1394 4970 saeculo,
1422 4904 1622 4960 similia
1650 4914 1705 4959 et
1740 4920 1882 4958 nunc
1913 4904 1996 4958 lo-

416 5002 623 5073 quitur,
656 5014 709 5058 et
737 5015 857 5072 qua:
884 5002 951 5057 ad
979 5014 1170 5056 omnes
1202 5008 1421 5054 sanctos
1452 4998 1727 5069 pertinere
1747 5008 1997 5068 possunt.

418 5093 535 5151 Non
572 5103 654 5150 est
686 5094 851 5160 enim,
888 5092 1086 5166 inquit,
1129 5100 1342 5161 tempus
1373 5090 1711 5158 festivitatis,
1747 5106 1870 5145 eum
1918 5091 1999 5144 vi-

420 5191 576 5243 deam
612 5188 667 5241 In
695 5186 1029 5258 plenitudine
1053 5185 1362 5241 Judaeorum
1392 5198 1613 5239 onmem
1637 5183 1820 5253 vigere
1850 5182 2001 5237 mali-

422 5282 575 5335 tiam.
610 5279 812 5335 Luctus
841 5281 988 5335 enim
1020 5290 1076 5335 et
1108 5278 1333 5334 lamenti
1359 5286 1574 5347 tempus
1614 5285 1719 5342 est,
1752 5291 1874 5331 eum
1917 5291 2003 5331 ve-

420 5365 569 5429 ritati
604 5372 827 5443 quidem
853 5374 1154 5439 obsistitur,
1188 5371 1374 5428 divina
1398 5380 1580 5427 autem
1610 5370 1860 5426 voluntas
1893 5385 1999 5426 non

420 5474 690 5522 servatur.
725 5463 891 5536 Igitur
932 5472 1153 5535 propter
1198 5465 1315 5521 haec
1360 5464 1491 5520 mihi
1539 5479 1645 5519 non
1678 5474 1760 5519 est
1794 5472 2003 5533 tempus

422 5558 738 5614 festivitatis
778 5575 793 5614 :
835 5569 890 5613 at
915 5572 1008 5612 vos
1034 5558 1252 5627 quidem
1294 5566 1478 5628 utpote
1521 5556 1611 5626 qui
1653 5572 1773 5611 cum
1801 5552 2003 5609 ludat-is

421 5652 768 5724 conSpiratis,
802 5662 856 5707 et
904 5651 1109 5706 mundo
1143 5651 1345 5706 addicti
1374 5650 1531 5716 estis,
1572 5664 1677 5705 non
1728 5650 1923 5704 mirum
1955 5648 1998 5702 si

2175 3265 2193 3298 ι
2234 3248 2394 3315 Λέγει
2447 3245 2539 3301 οὖν
2574 3251 2753 3311 αυτοῖς
2781 3250 2809 3301 6
2855 3248 3096 3320 Ἰησοῦς·
3150 3248 3206 3301 Ὀ
3248 3250 3442 3317 καιρὸς
3476 3251 3504 3301 ὁ
3552 3249 3685 3318 ἐμὸς

2095 3340 2249 3394 οὔπω
2268 3344 2551 3409 πάρεστιν,
2574 3344 2601 3395 6
2631 3342 2686 3394 δὲ
2711 3341 2899 3413 καιρὸς
2922 3344 2950 3395 6
2977 3341 3242 3412 ὑμέτερος
3268 3343 3502 3394 πάντοτέ
3530 3343 3683 3393 ἐστιν

2097 3432 2335 3504 ἕτοιμος.
2371 3435 2444 3487 Οὐ
2483 3434 2705 3487 δύναται
2734 3436 2761 3487 ὁ
2800 3435 3001 3503 κόσμος
3045 3436 3223 3505 μισεῖν
3266 3435 3445 3503 ὑμᾶς,
3482 3434 3587 3502 ἐμὲ
3625 3435 3684 3486 δὲ

2101 3530 2280 3597 μισεῖ,
2348 3528 2429 3580 ὅτι
2494 3525 2605 3595 ἐγὼ
2672 3526 2940 3598 μαρτυρῶ
3006 3528 3139 3598 περὶ
3207 3527 3406 3589 αὐτοῦ,
3469 3527 3555 3581 ὅτι
3615 3528 3687 3580 τά

2097 3621 2235 3691 ἔργα,
2287 3620 2453 3675 αὑτοῦ
2515 3621 2731 3691 πονηρά.
2797 3623 2968 3675 ἐστιν.
3045 3621 3237 3692 Ὑμεῖς
3292 3620 3535 3691 ἀνάϐητε
3605 3622 3685 3683 εἰς

2095 3712 2194 3782 τὴν
2242 3712 2435 3783 ἑορτὴν
2484 3712 2719 3782 ταύτην·
2780 3711 2889 3781 ἐγὼ
2944 3711 3098 3765 οὖπω
3140 3713 3426 3767 ἀναϐαίνοι
3459 3715 3542 3776 είς
3586 3712 3687 3782 τήν

2099 3804 2289 3876 ἑορτὴν
2342 3804 2583 3877 ταύτην,
2637 3807 2721 3859 ὅτι
2778 3806 2806 3857 ὁ
2858 3807 3067 3875 καιρὸς,
3108 3807 3136 3857 6
3171 3805 3303 3874 ὲμὸς
3368 3804 3527 3857 obito)
3585 3821 3683 3856 πε-

2099 3899 2405 3968 πλήρωται.
2455 3918 2474 3951 ι
2520 3894 2719 3968 Οἴμὲν
2757 3897 3014 3965 ἀδελφοὶ,
3056 3898 3133 3968 τῷ
3185 3897 3378 3966 Κυρίῳ
3427 3896 3681 3965 φθονοῦνο

2095 4007 2207 4052 τες,
2248 3988 2573 4058 ἐγκαλοῦσιν
2620 3989 2769 4060 αὐτῷ
2814 3988 3015 4042 δειλίαν
3056 3990 3173 4058 ἅμα
3209 3990 3300 4042 καὶ
3335 3987 3681 4052 ἀλαζονείαν.

2110 4082 2343 4145 Ἐκεῖνος
2360 4082 2414 4135 δὲ
2436 4081 2488 4134 τί
2516 4098 2649 4152 φησι
2678 4081 2812 4152 πρὸς
2831 4080 3028 4143 αὐτούς
3048 4076 3227 4152 ;⁷Αρα
3252 4079 3502 4151 τραχέως
3520 4079 3683 4148 φθέγ-

2097 4192 2288 4243 γεται;
2324 4176 2399 4228 Οὐ
2453 4174 2549 4245 μὲν
2592 4169 2706 4240 οὖν,
2762 4173 2900 4227 ἀλλὰ
2950 4175 3163 4246 πράως.
3207 4174 3284 4225 Οὐ
3337 4173 3449 4243 γάρ
3493 4169 3683 4226 εἶπεν

2112 4264 2300 4334 Ὑμεῖς
2327 4264 2470 4328 τίνες
2502 4265 2648 4329 ἐστὲ,
2677 4268 2726 4319 οί
2761 4266 3224 4337 συμϐουλεύοντες
3251 4265 3432 4319 ταῦτα
3473 4265 3571 4317 καὶ
3608 4263 3685 4316 δι-

2096 4357 2416 4426 δάσκοντες;
2448 4357 2607 4411 ’Δλλὰ
2632 4359 2683 4410 τί
2704 4375 2905 4428 φησιν;
2939 4378 2958 4411 ι
3003 4360 3061 4413 '0
3085 4359 3274 4429 καιρὸς
3304 4360 3334 4412 6
3366 4357 3501 4428 ἐμὸς
3531 4357 3686 4409 οὔπω

2099 4451 2362 4520 πάρεστιν
2385 4464 2396 4478 ·
2439 4469 2456 4502 ι
2506 4452 2804 4517 τουτέστιν,
2836 4455 2863 4506 6
2892 4451 2987 4505 τοῦ
3022 4451 3258 4522 σταυροῦ
3306 4453 3404 4506 καὶ
3434 4452 3531 4505 τοῦ
3586 4453 3676 4506 θα⁹

2098 4541 2258 4596 νάτου
2278 4554 2292 4569 ’
2333 4558 2351 4591 t
2384 4543 2411 4593 6
2438 4540 2493 4593 δὲ
2528 4542 2718 4612 καιρὸς
2744 4544 2772 4594 6
2800 4542 3062 4613 ὑμέτερος
3093 4542 3328 4595 πάντοτέ
3357 4545 3522 4596 ἐστιν
3544 4544 3682 4595 Ξτοι-
3767 4584 3778 4591 .

2105 4650 2223 4705 μος.
2262 4653 2281 4687 ι
2324 4633 2508 4705 Ὑμεῖς
2533 4636 2662 4706 γὰρ,
2701 4636 2856 4705 φησι,
2899 4635 3004 4689 κᾶν
3042 4636 3128 4689 ἀεὶ
3161 4636 3362 4705 συνῆτε
3398 4639 3513 4699 τοῖς
3559 4638 3686 4689 ἰου-

2102 4724 2293 4789 δαίοις,
2328 4726 2427 4779 οὐκ
2462 4728 2853 4797 ἀναιρήσουσιν
2903 4727 3048 4797 ὑμᾶς
3082 4728 3151 4781 τὰ
3193 4729 3335 4782 αὐτὰ
3384 4726 3687 4797 ζηλοῦντας

2105 4816 2320 4880 αὐτοῖς’
2364 4819 2464 4888 ἐμὲ
2497 4819 2551 4871 δὲ
2596 4818 2803 4881 εὐθέως
2854 4817 3208 4888 βουλήσονται
3253 4820 3489 4885 ἀνελεῖν,
3529 4824 3685 4889 εἴπερ

2105 4911 2287 4964 ἴδωσιν
2331 4913 2411 4972 είς
2445 4911 2543 4981 τὴν
2597 4911 2791 4981 ἑορτὴν
2841 4912 3191 4981 ἁψικόμενον.
3260 4912 3332 4964 Ἦ
3371 4914 3470 4965 καὶ
3511 4912 3684 4974 ἄλλως

2099 5003 2315 5071 νοητὲον
2342 5003 2521 5057 τοῦτο.
2577 5004 2635 5055 '0
2670 5006 2779 5072 γάρ
2822 5005 3144 5075 μακαρίζων
3180 5007 3308 5067 τοὺς
3345 5004 3682 5065 πενθοῦντας

2097 5095 2190 5149 ἐπὶ
2218 5093 2313 5148 τοῦ
2345 5098 2609 5167 παρόντος
2629 5098 2847 5165 αἰῶνος,
2878 5097 3151 5151 ἀκῦλουθα
3175 5080 3271 5150 ’καὶ
3299 5098 3418 5151 νυνὶ
3442 5098 3683 5166 φθέγγεο

2098 5204 2210 5252 ται,
2244 5189 2336 5242 καὶ
2362 5190 2440 5253 είς
2471 5191 2681 5253 πάντας
2703 5193 2829 5254 τοὺς
2850 5192 3041 5259 ἁγίους
3068 5191 3345 5259 δυνάμενα
3362 5191 3681 5244 διαϐαίνειν.

2100 5281 2216 5333 Οὐκ
2250 5281 2365 5335 ἔστι
2410 5282 2537 5353 γὰρ,
2581 5282 2770 5353 φησὶν,
2802 5284 2936 5354 ἐμὸς
2971 5283 3161 5355 καιρὸς
3202 5284 3419 5353 ἑορτῆς,
3456 5283 3544 5335 ὅτε
3578 5282 3687 5353 ὁρῶ

2117 5372 2291 5425 πᾶσαν
2337 5374 2535 5426 κακίαν
2589 5374 3088 5444 ὲμπολιτευομὲνην
3151 5374 3230 5444 τῷ
3262 5373 3372 5427 τῶν
3415 5373 3686 5427 Ἰουδαίων

2110 5461 2458 5533 πληρώματι.
2497 5464 2709 5535 Θρήνου
2739 5465 2845 5534 γάρ
2874 5464 2969 5517 καὶ
3015 5463 3247 5526 πένθους
3301 5463 3519 5533 καιρὸς,
3551 5461 3687 5532 6.3.11-

2111 5558 2257 5621 θείας
2308 5559 2407 5627 μὲν
2445 5557 2889 5630 ἁπεληλαμένης,
2937 5556 3031 5611 τοῦ
3083 5559 3140 5612 δὲ
3181 5548 3327 5612 θείου
3376 5556 3687 5627 θελήματος

2108 5648 2170 5700 οὐ
2208 5649 2554 5720 κρατοῦντος.
2600 5650 2698 5704 Διά
2730 5650 2902 5705 ταῦτα
2949 5649 3042 5704 οὖν
3094 5650 3225 5721 ἐμὸς
3263 5648 3457 5722 καιρὸς
3493 5647 3687 5721 ἑορτῆς

1414 5806 1507 5867 Ex
1539 5803 1876 5869 collatione
1915 5806 2102 5868 cold.
2134 5809 2362 5870 Venet.
2409 5806 2467 5866 S.
2489 5804 2700 5866 Marci.

500 5941 611 6009 (αθ)
644 5939 776 5995 Cod.
811 5937 900 6009 3t,
929 5933 1047 5993 εἶτα
1084 5935 1463 6002 ὀνειδίζοντας.
