3920 6632
238 494 373 573 1925

880 590 887 597 ν
909 510 1354 573 ENARRATIO
1392 511 1474 573 IN
1510 510 1830 574 EVANGE]

1939 509 2012 571 [Μ
2052 507 2396 571 JOANNIS.
2432 533 2500 544 -
2529 510 2686 570 CAP.
2728 496 2861 572 Vll.

3359 496 3493 570 12ἒῦ

231 628 327 680 οὐκ
359 625 506 680 ἔστιν
526 642 540 656 '
574 625 703 697 ὑμίν
738 624 794 679 δέ
826 641 910 695 γε,
949 626 1026 690 ὡς
1048 625 1355 697 συμφώνως
1378 628 1493 691 τοῖς
1538 625 1813 691 Ἰουδαίοις

1939 627 2117 681 ‘estum
2146 623 2319 695 agatis
2347 638 2468 679 cum
2492 623 2652 696 603
2685 623 2769 679 bis
2795 622 2889 693 qui
2921 620 3072 677 vobis
3100 619 3307 676 similes
3348 632 3496 676 sunt.

230 721 760 793 ἐμπολιτευομένοις,
793 722 890 775 καλ⁴
920 720 998 791 τῷ
1030 722 1222 795 κόσμῳ
1246 724 1691 796 προσκειμένοις,
1714 723 1815 777 οὐκ

232 813 497 866 ἀνοίκειον
557 812 619 865 τὸ
666 810 1048 885 συνεορτάζειν
1080 818 1197 876 τοῖς
1228 816 1437 884 ὁμοίοις
1492 816 1643 886 ὑμῖν.
1705 815 1815 868 Καὶ

232 905 373 974 ὑμᾶς
411 903 509 973 μὲν
540 905 568 955 6
602 905 808 976 κόσμος
836 905 898 957 οὐ
929 903 1154 960 δύναται
1188 910 1395 977 μισεῖν,
1429 907 1732 975 τουτέστιν,
1765 910 1815 962 oi

231 996 295 1049 τὰ
323 996 414 1048 τοῦ
454 996 662 1067 κόσμου
711 998 1063 1070 φρονοῦντες,
1104 994 1195 1052 οἷα
1239 998 1326 1066 δὴ,
1381 996 1525 1053 καθὰ
1577 1000 1815 1071 εἴρηται,

232 1088 478 1150 ἐοικότας
508 1089 723 1152 αὐτοῖς’
763 1088 863 1158 ἐμὲ
897 1089 956 1142 δὲ
989 1091 1163 1159 μισεῖ,
1189 1089 1273 1142 ὅτι
1301 1089 1512 1161 ἐλέγχω
1545 1090 1714 1144 αὑτοῦ
1748 1091 1819 1143 τὰ

232 1180 385 1249 ἔργα.
417 1181 588 1235 Τοῦτο
610 1182 718 1252 γὰρ
740 1180 834 1234 τοῦ
860 1181 1053 1250 μίσους
1075 1181 1291 1250 γίνεται
1316 1182 1511 1249 αἴτιον,
1541 1187 1569 1237 6
1597 1183 1819 1254 ἐλεγχος

230 1278 257 1325 ὀ
290 1276 870 1346 πεπαῤῥησιασμένος.
912 1276 1129 1346 Πέμπει
1171 1277 1357 1330 τοίνυν
1392 1278 1517 1341 τοὺς
1550 1277 1820 1345 ἀδελφοὺς

232 1367 309 1428 είς
362 1368 459 1434 τὴν
505 1366 721 1436 ἑορτὴν,
767 1366 1053 1431 δεικνύων,
1098 1368 1181 1421 ὅτι
1233 1369 1334 1421 οὐκ
1377 1369 1683 1435 ἀναγκάζει
1722 1369 1819 1421 σὺν

233 1456 381 1525 αύτῴ
419 1455 627 1526 μένειν,
656 1452 790 1526 εἴγε
827 1459 902 1529 μὴ
935 1458 1208 1528 βούλεται.
1242 1460 1444 1513 Σκόπει
1465 1462 1543 1525 δὲ,
1565 1462 1647 1514 ὅτι
1679 1460 1821 1532 πρὸς

231 1547 297 1600 τὰ
332 1547 428 1600 δύο
462 1549 788 1619 ἐγκλήματα
825 1548 858 1602 ἃ
894 1551 1163 1622 ἐπέφερον
1193 1551 1343 1621 αύτῷ
1373 1554 1593 1617 ἐκεῖνοι,
1617 1553 1820 1606 δειλίαν

232 1639 375 1708 λέγω
391 1640 486 1693 καὶ
502 1640 833 1709 φιλοδοξίαν,
857 1642 951 1695 δύο
975 1645 1070 1696 καὶ
1092 1643 1194 1707 τὰς
1229 1644 1529 1713 ἀπολογίας
1551 1648 1816 1699 ποιεῖται·

234 1733 368 1802 πρὸς
403 1735 502 1802 μὲν
527 1732 626 1806 τὴν
651 1734 876 1797 δειλίαν,
904 1736 961 1788 ἐν
998 1735 1077 1806 τῷ
1105 1735 1307 1805 λέγειν,
1345 1738 1428 1807 ὄτι
1467 1737 1710 1809 Ἐλέγχω
1752 1737 1821 1792 τὰ

231 1825 369 1895 ἔργα
415 1823 510 1876 τοῦ
556 1824 787 1895 κόσμου,
824 1826 993 1897 ¹ίιγουν
1029 1829 1137 1880 τῶν
1169 1828 1240 1881 τὰ
1281 1827 1377 1881 τοῦ
1426 1829 1632 1898 κόσμου
1684 1845 1822 1899 φρο-

232 1916 467 1970 νούντων
490 1929 520 1970 ⁸.
551 1917 650 1970 οὐκ
684 1918 750 1972 ἂν
781 1917 836 1970 δὲ
872 1918 1122 1990 ἤλεγχον,
1157 1922 1209 1974 εί
1241 1937 1306 1989 γε
1335 1920 1508 1985 δειλὸς
1539 1922 1709 1992 ήμην,
1748 1920 1823 1982 ὡς

1918 729 1973 775 et
1990 733 2086 774 vos
2125 717 2340 788 quidem
2372 720 2607 771 mundus
2629 733 2735 772 non
2766 724 2945 787 potest
2987 715 3114 771 odio
3145 714 3366 780 habere,
3395 712 3498 767 hoc

1922 822 2006 867 est
2048 811 2100 865 bi
2144 810 2233 881 qui
2276 808 2548 864 mundana
2588 810 2825 879 sapiunt,
2868 807 3057 871 velati,
3109 807 3249 862 sicut
3288 803 3498 860 dictum

1919 913 2024 968 est,
2051 904 2131 960 sui
2162 902 2370 959 similes
2406 920 2420 957 :
2454 917 2541 956 me
2567 911 2748 956 autem
2780 902 2905 957 odio
2936 901 3122 965 habet,
3149 899 3275 967 quia
3308 897 3499 953 redard

1920 1012 2026 1067 guo
2063 1010 2227 1067 opera
2277 995 2415 1063 ejus.
2463 994 2709 1048 Liberior
2742 996 2887 1049 enim
2935 991 3288 1063 reprehensio
3312 991 3493 1044 odium

1923 1091 2082 1159 parit.
2103 1089 2265 1144 Mittit
2291 1089 2454 1159 igitur
2484 1089 2682 1142 fratres
2708 1087 2773 1140 ad
2806 1085 3178 1153 festivitatem,
3204 1085 3500 1142 ostendens

1923 1182 2063 1252 quod
2103 1196 2206 1233 non
2240 1189 2396 1247 cogat
2432 1194 2554 1233 cum
2588 1194 2652 1233 eo
2689 1192 2930 1243 manere,
2965 1178 3006 1230 si
3042 1177 3260 1248 quidem
3303 1175 3499 1229 nolint.

1923 1273 2156 1327 Attende
2189 1280 2369 1325 autem
2394 1272 2664 1340 quomodo
2700 1270 2764 1323 ad
2796 1270 2901 1323 duo
2925 1269 3151 1323 crimina
3181 1283 3299 1336 quae
3327 1266 3505 1320 inten-

1925 1366 2128 1420 debant
2177 1364 2274 1428 illi,
2320 1374 2521 1417 metum
2574 1364 2718 1428 dico,
2748 1370 2801 1417 et
2849 1376 3040 1416 vanam
3097 1361 3346 1429 gloriam,
3401 1359 3508 1410 duo

1925 1461 2087 1514 etiam
2129 1471 2390 1527 responsa
2446 1458 2577 1509 dat:
2631 1458 2696 1511 ad
2738 1465 2940 1510 metmn
2990 1453 3205 1523 quidem
3257 1451 3506 1512 dicendo,

1925 1552 2108 1619 Argue
2133 1564 2296 1619 opera
2335 1549 2545 1614 mundi,
2584 1549 2685 1603 hoc
2735 1555 2839 1612 est,
2874 1562 3063 1602 eorum
3111 1544 3202 1614 qui
3251 1542 3506 1595 mundum

1929 1644 2148 1712 sapiunt
2178 1660 2191 1696 :
2219 1657 2328 1696 non
2375 1654 2553 1696 autem
2589 1641 2909 1709 arguissem,
2944 1642 2989 1694 si
3024 1638 3246 1709 quidem
3280 1636 3511 1689 meticu-

1928 1735 2077 1789 105us
2096 1747 2293 1797 essent,
2325 1744 2381 1785 ut
2410 1733 2651 1803 putatis;
2689 1732 2754 1786 ad
2788 1747 2981 1786 vanam
3035 1740 3211 1784 autem
3259 1728 3508 1798 gloriam,

1928 1842 2036 1882 non
2080 1827 2456 1898 compcllendo
2485 1818 2581 1882 eos
2634 1836 2694 1880 ut
2742 1841 2925 1881 secum
2971 1830 3253 1879 maneant:
3290 1837 3412 1876 nam
3464 1820 3510 1875 si

1931 1920 2107 1974 inanis
2159 1921 2346 1989 gloriae
2394 1921 2609 1975 crimini
2658 1918 2847 1974 fuisset
2877 1920 3164 1981 obnoxius,
3199 1918 3508 1985 ncutiquam

232 2006 483 2077 νομίζετε
508 2024 524 2040 ⁶
554 2008 691 2079 πρὸς
718 2008 773 2061 δὲ
801 2009 901 2081 τὴν
934 2012 1259 2080 φιλοδοξίαν,
1292 2014 1349 2065 ὲν
1370 2013 1448 2082 τῷ
1472 2013 1546 2082 μὴ
1577 2010 1821 2079 ἀναγκά-

1939 2011 2046 2064 dios
2065 2011 2352 2065 dimisisset
2370 2029 2386 2079 ;
2406 2011 2658 2079 quoniam
2675 2010 2857 2080 gloriae
2877 2011 2998 2079 eupi
3024 2009 3511 2081 tis(a),tdeditisquc

232 2100 345 2163 ζειν
372 2101 591 2165 αὐτοὺς,
623 2101 766 2156 ὥστε
790 2105 1131 2175 παραμένειν
1164 2105 1333 2176 αὐτῷ.
1376 2106 1440 2158 El
1474 2105 1582 2177 γάρ
1615 2122 1696 2158 τοι
1731 2121 1822 2174 φι-

232 2191 470 2259 λοδοξίας
540 2193 850 2261 ἐγκλήματι
891 2195 1075 2266 ἔνοχος
1104 2192 1195 2266 ἦν,
1232 2197 1332 2249 οὐκ
1365 2196 1432 2250 ἂν
1485 2196 1684 2259 αὐτοὺς
1714 2196 1827 2248 ἀπ-

235 2284 518 2352 επέμπετο
538 2300 552 2314 ·
586 2287 712 2338 ἐπεὶ
755 2288 867 2348 τοῖς
899 2285 1197 2355 φιλοδόξοις
1225 2289 1318 2340 καὶ
1363 2288 1725 2352 ἀλαζονικοίς,
1760 2287 1821 2339 τὸ

237 2379 464 2443 πολλοὺς
494 2380 641 2451 ἔχειν
666 2381 996 2447 ἀκολὸύθους
1022 2384 1225 2453 μᾶλλον
1257 2384 1644 2448 σπουδάζεται.
1674 2383 1831 2437 Ἐπεὶ

233 2473 328 2528 οῦν
353 2473 446 2527 δύο
467 2473 644 2526 ταῦτα
676 2474 827 2544 αὐτῷ
849 2475 1293 2544 προσωνείδιζον,
1330 2476 1559 2539 εἰκότως
1587 2476 1725 2546 πρὸς
1759 2475 1829 2529 τὰ

234 2570 326 2633 δύο
360 2569 615 2639 ἀντέστη,
648 2566 909 2621 δεικνύων
944 2567 1156 2637 σαθρὰν
1184 2568 1287 2639 τὴν
1328 2568 1510 2621 αὐτῶν
1544 2569 1823 2623 ὑπόνοιαν.

235 2662 308 2714 Τὸ
328 2661 406 2725 δὲ,
435 2678 454 2712 ι
491 2659 553 2713 '0
585 2660 775 2730 καιρδς
804 2659 832 2711 6
866 2659 998 2728 ἐμὸς
1031 2657 1184 2713 οῦπω
1212 2659 1591 2732 πεπλήρωται,
1623 2680 1642 2712 ι
1669 2659 1830 2715 τοῦτο

233 2752 405 2823 δηλοῖ,
458 2753 541 2806 ὅτι
565 2749 734 2805 Ούπω
768 2749 863 2803 τοῦ
895 2749 1127 2805 θανάτου
1176 2752 1269 2804 καὶ
1300 2752 1393 2805 τοῦ
1446 2751 1680 2823 σταυροῦ
1711 2771 1830 2805 και-

238 2845 352 2914 ρός.
382 2845 475 2897 Δεῖ
492 2844 600 2916 γάρ
624 2860 692 2913 με
717 2842 797 2896 ἐτι
820 2844 878 2897 ὲν
901 2844 1066 2914 σαρκὶ
1092 2842 1192 2915 ζῇν
1225 2844 1364 2915 πρὸς
1391 2845 1452 2898 τὸ
1482 2847 1576 2897 καὶ
1608 2845 1829 2898 πλείονα

238 2937 444 3006 σημεῖα
478 2939 728 3006 ποιῆσαι,
756 2935 854 2988 καὶ
894 2935 1117 2998 πλείους
1149 2936 1497 3000 διδασκώυίας
1534 2935 1790 2990 ἐκθέσθαι
1813 2952 1828 2968 °

236 3025 312 3090 ὡς
341 3025 411 3080 ἂν
442 3028 538 3080 καὶ
579 3026 800 3090 πλείους
834 3026 1025 3097 δχλους
1070 3026 1361 3080 πιστεῦσαι
1398 3030 1827 3099 παρασκευάσω,

237 3120 333 3173 καὶ
366 3119 492 3182 τοὺς
521 3119 773 3190 μαθητὰς
812 3120 1206 3191 στερροτὲρους
1251 3122 1486 3191 ποιήσω,
1519 3119 1609 3174 διά
1646 3137 1706 3173 τε
1737 3123 1836 3192 τῆς

1930 2103 2277 2155 ostentationi
2307 2103 2539 2155 maxima
2577 2117 2705 2155 enra
2743 2112 2840 2161 est,
2869 2102 3070 2153 multos
3100 2100 3302 2153 habere.
3334 2107 3510 2153 secta-

1933 2205 2095 2251 tores.
2124 2193 2313 2263 Itaque
2347 2194 2473 2263 quia
2514 2195 2619 2249 duo
2650 2194 2766 2249 haec
2794 2192 3276 2263 opprobrarcrant,
3311 2190 3508 2243 merito

1928 2298 2117 2343 contra
2151 2289 2259 2343 duo
2291 2288 2379 2342 illa
2413 2289 2636 2353 restitit,
2678 2292 2972 2343 ostendens
3012 2288 3264 2341 vitiosam
3297 2285 3508 2338 illorum

1928 2382 2313 2451 susgiicionem.
2353 2400 2373 2433 ι
2410 2382 2646 2451 Tempus
2673 2380 2815 2434 enim
2848 2396 3025 2434 metun
3057 2380 3292 2433 nondum
3320 2377 3512 2444 imple-

1932 2481 2045 2527 tum
2077 2483 2182 2539 est,
2213 2493 2231 2525 ι
2263 2474 2533 2543 signiﬁcat
2565 2472 2975 2543 quodNondum
3013 2483 3093 2527 est
3129 2482 3335 2540 tempus
3368 2486 3516 2524 mor-

1935 2568 2002 2622 tis
2029 2578 2085 2621 et
2110 2568 2308 2622 crucis.
2330 2571 2551 2637 Oportet
2573 2567 2718 2621 enim
2742 2582 2824 2620 me
2848 2564 3026 2620 adhuc
3045 2567 3097 2618 iu
3125 2579 3290 2619 rat-ne
3309 2564 3511 2627 vivere,

1934 2667 1989 2712 ut
2014 2658 2168 2726 plura
2188 2660 2339 2728 signa
2370 2659 2592 2724 faciam,
2626 2670 2679 2714 et
2710 2658 2893 2729 plures
2922 2658 3200 2711 doctrinas
3223 2671 3512 2724 exponam,

1934 2762 2098 2822 atque
2135 2754 2206 2807 ita
2230 2762 2286 2805 ut
2310 2751 2490 2821 plures
2516 2757 2706 2806 turbas
2732 2753 2781 2805 in
2815 2752 2919 2805 fide
2951 2751 3243 2814 instruant,
3271 2757 3321 2803 et
3352 2749 3519 2802 disci-

1937 2844 2092 2914 pulos
2134 2860 2281 2899 meos
2312 2844 2614 2899 coztfortem
2652 2856 2758 2897 tam
2810 2860 2906 2916 per
2947 2844 3101 2915 plura
3138 2844 3312 2913 signa,
3352 2857 3516 2913 quam

1937 2952 2032 3005 per
2065 2937 2356 2992 doctrinas.
2404 2936 2650 2990 Nondum
2687 2938 2870 3008 igitur,
2905 2938 3100 3007 inquit,
3125 2948 3281 3007 urget
3308 2946 3520 3004 tempus

1940 3030 2151 3095 mortis,
2192 3040 2251 3085 ut
2296 3031 2547 3101 obiit-iam
2599 3046 2684 3084 me
2738 3031 2821 3085 his
2868 3030 2957 3098 qui
3003 3040 3191 3084 contra
3233 3042 3318 3082 me
3369 3027 3521 3081 insa-

1947 3124 2104 3178 niunt
2141 3140 2153 3176 :
2190 3134 2474 3194 propterea
2509 3138 2684 3192 neque
2716 3123 2784 3176 ad
2825 3118 3019 3175 festum
3052 3119 3302 3175 ascendo.

238 3216 350 3272 τῶν
394 3215 663 3283 πλειόνων
703 3214 948 3286 σημείων
982 3214 1295 3281 ἐπιδείξεως
1340 3202 1574 3287 κα“ι’τῆς
1617 3217 1953 3281 διδασαλίας.
1990 3202 2158 3273 Οὔπω
2218 3219 2333 3287 οῦν,
2367 3222 2555 3291 φησιν,
2584 3220 2785 3287 ἐνέστη
2827 3218 2855 3271 ό
2907 3218 3095 3289 καιρὸς
3131 3217 3225 3271 τοῦ
3265 3217 3525 3287 θανάτου,

240 3310 329 3365 ἵνα
361 3308 636 3382 ὲπιρῤίψω
660 3310 896 3381 ἐμαυτὸν
927 3313 1040 3374 τοῖς
1084 3310 1204 3363 κατ’
1246 3309 1381 3378 ἐμοῦ
1411 3309 1648 3363 λυττῶσι
1668 3327 1682 3339 '
1709 3309 1790 3363 διδ
1819 3310 1940 3363 οὐδὲ
1973 3311 2251 3366 ἀναϐαίνω
2286 3315 2365 3376 εἰς
2394 3313 2493 3385 τὴν
2526 3314 2737 3386 ἑορτήν.

318 3425 338 3459 ι
377 3405 566 3460 Ταῦτα
593 3405 651 3459 δὲ
684 3404 853 3459 εἰπὼν
885 3406 1089 3469 αὐτοῖς,
1120 3404 1338 3474 ἔμεινεν
1367 3405 1425 3458 ἐν
1446 3407 1511 3476 τῇ
1544 3406 1583 3458 Γ
1586 3405 1828 3478 αλιλαίᾳ.

2006 3406 2250 3474 Vens.9,
2286 3409 2369 3465 l0.
2414 3430 2431 3462 ι
2488 3409 2613 3465 Πλευ
2666 3419 2848 3464 autem
2917 3425 3040 3465 cum
3097 3411 3323 3467 dixisset
3386 3412 3519 3475 illis,

242 3499 356 3553 Καὶ
385 3499 477 3552 ὅτε
506 3498 781 3568 ἀνέϐησαν
812 3498 861 3549 oi
891 3494 1113 3565 ἀδελφοὶ
1147 3495 1335 3563 αὑτοῦ,
1368 3497 1488 3550 τότε
1519 3498 1614 3552 καὶ
1654 3499 1833 3568 ,αὐτὸς

244 3590 413 3661 ἀνέϐη
435 3589 517 3654 είς
541 3588 637 3658 τὴν
669 3588 885 3660 ἑορτὴν,
924 3588 985 3641 οὺ
1024 3587 1295 3660 φανερῶς,
1324 3587 1441 3641 ἀλλ’
1492 3588 1567 3652 ὡς
1602 3590 1659 3641 ὲν
1692 3606 1830 3658 κρυ-

243 3682 385 3752 πτῷ.
420 3700 440 3733 ι
472 3680 631 3744 Τίνος
654 3679 864 3748 ἕνεκεν,
897 3678 1069 3732 εἰπὼν
1096 3682 1209 3744 τοῖς
1240 3679 1509 3749 ἀδελφοῖς,
1549 3679 1630 3733 ὃτι
1666 3698 1684 3731 ι
1719 3680 1833 3732 Οὐκ

243 3774 523 3829 ἀναϐαίνω
561 3773 643 3837 είς
692 3772 793 3843 τὴν
819 3772 1038 3843 ἑορτὴν,
1080 3789 1099 3822 ι
1154 3770 1318 3824 πάλιν
1365 3769 1649 3824 ἀναϐαίνει
1676 3787 1690 3846 ;
1720 3771 1834 3823 Οὐκ

246 3864 369 3921 εἶπε
397 3864 675 3931 καθάπαξ,
703 3864 785 3918 ὅτι
816 3863 931 3918 Οὐκ
980 3862 1278 3927 ἀναϐαίνω,
1338 3862 1496 3925 ἀλλὰ,
1534 3862 1670 3927 Νῦν,
1718 3879 1836 3915 του-

243 3959 420 4024 τέστι,
446 3958 581 4012 Μεθ’
609 3956 784 4028 ὑμῶν.
834 3957 925 4010 Ἐν
955 3958 1098 4028 ἀρχῇ
1134 3956 1232 4026 μὲν
1254 3957 1555 4026 παρῃτεῖτο
1581 3957 1679 4027 τὴν
1706 3958 1836 4010 ἀνέ-

246 4053 453 4120 ﬂuctv,
509 4050 606 4105 ἅτε
652 4050 886 4115 ζεόντων
945 4048 1105 4120 θυμῷ
1153 4048 1263 4101 τῶν
1333 4049 1625 4104 Ἰουδαίων.
1682 4050 1838 4105 Μετὰ

245 4145 427 4199 ταῦτα
503 4144 687 4215 μέντοι
749 4140 1055 4212 μελλούσης
1128 4141 1229 4211 τῆς
1306 4143 1501 4213 ἑορτῆς
1560 4141 1835 4209 λύεσθαι,

249 4239 481 4301 ἄνεισιν,
505 4237 594 4290 ὅτε
623 4234 720 4290 καὶ
747 4235 844 4306 τὴν
871 4235 1071 4305 μανίαν
1093 4234 1274 4288 αὐτῶν
1292 4236 1438 4299 εἰκὸς
1466 4232 1535 4306 ἦν
1559 4235 1833 4307 λωφῆσαι.

254 4331 367 4385 Καὶ
399 4330 577 4393 ἄλλως
625 4328 719 4381 δέ·
761 4329 877 4381 Οὔκ
930 4327 1153 4381 ἐναντία
1190 4328 1496 4400 πεποίηκεν
1532 4322 1608 4385 ὧν
1661 4326 1835 4384 εἶπεν.

250 4424 328 4477 Οὐ
356 4422 468 4493 γὰρ
501 4419 671 4488 ἀνέϐη
703 4419 1003 4491 ὲορτάσων,
1035 4418 1173 4472 ἀλλὰ
1205 4418 1461 4484 διδάξων
1484 4421 1578 4474 καὶ
1606 4421 1666 4474 ού
1699 4420 1840 4492 μετὰ

251 4513 576 4585 ἱλαρότητος
685 4511 926 4582 χρῶνται
954 4512 1003 4564 oi
1054 4511 1543 4583 πανηγυρίζοντες,
1576 4513 1712 4567 ἀλλὰ
1742 4513 1842 4567 λά·-

251 4608 383 4677 Ορα.
415 4603 737 4677 Κρύπτεται
766 4603 825 4658 δὲ
844 4602 933 4656 διὰ
958 4603 1019 4656 τὺ
1051 4602 1350 4674 βεϐαιῶσαι
1378 4605 1440 4658 τὸ
1470 4606 1834 4677 ἀνθρώπινον.

251 4700 315 4752 Ei
350 4698 459 4769 γὰρ
484 4696 834 4767 ἐνεφανίσθη,
855 4696 1156 4767 ὲλύττησαν
1190 4696 1255 4750 ἂν
1281 4696 1402 4749 κατ’
1430 4697 1618 4764 αὐτοῦ,
1654 4698 1841 4769 βουλό-

1939 3501 2139 3556 ntausit
2192 3501 2245 3555 in
2293 3500 2533 3557 Galilma.
2564 3502 2632 3558 Ut
2676 3514 2855 3556 autem
2918 3505 3280 3558 ascenderunt
3326 3502 3529 3560 fratrea

1936 3592 2074 3661 ejus,
2101 3602 2226 3647 tunc
2243 3595 2425 3663 etipse
2450 3594 2693 3647 ascendit
2730 3595 2796 3647 ad
2822 3593 3043 3660 festum,
3078 3610 3183 3648 non
3211 3595 3523 3659 manifeste,

1936 3688 2029 3740 sed
2061 3687 2202 3740 velut
2228 3687 2281 3740 in
2307 3687 2538 3742 occulto.
2573 3704 2591 3739 ι
2627 3687 2807 3753 Quare
2831 3690 3013 3743 dicens
3043 3687 3329 3746 fratribus:
3359 3709 3380 3742 ι
3407 3690 3523 3747 Non

1939 3780 2172 3835 ascendo
2233 3782 2300 3836 ad
2359 3782 2499 3837 diem
2550 3780 2769 3848 festum,
2815 3801 2835 3834 ι
2890 3783 3169 3839 ascendit?
3217 3784 3331 3841 Non
3388 3786 3529 3841 dixit

1939 3872 2444 3942 sitnplieiter,jl\'on
2501 3874 2735 3928 ascendo
2790 3890 2805 3928 :
2863 3877 2978 3943 sed,
3022 3876 3196 3942 Nunc,
3249 3877 3353 3933 hoc
3410 3889 3516 3945 est,

1944 3954 2251 4017 Vobiscum.
2289 3962 2423 4017 Nam
2462 3963 2745 4035 .priueipio
2805 3967 3020 4034 quidem
3073 3969 3372 4024 ascendere
3427 3970 3527 4024 de-

1948 4057 2232 4119 trectabat,
2288 4064 2473 4127 utpme
2536 4055 2872 4113 ferventibus
2920 4057 3105 4113 furore
3143 4059 3361 4116 Judaeis.
3402 4061 3535 4119 Post

1945 4148 2056 4201 lucc
2086 4156 2266 4202 autem
2293 4163 2415 4203 cum
2461 4147 2659 4205 festum
2693 4151 3008 4207 solvendum
3046 4165 3212 4219 esset,
3253 4159 3523 4223 ascendit,

1943 4241 2161 4309 quando
2191 4250 2244 4296 et
2284 4241 2552 4297 insaniant
2590 4243 2802 4299 illorum
2847 4246 3141 4304 verisimile
3179 4256 3293 4306 erat
3319 4252 3533 4323 mitiga-

1947 4341 2052 4385 tam
2105 4348 2244 4387 csse.
2276 4332 2341 4387 Et
2400 4335 2554 4389 aliter
2596 4346 2809 4408 quoque
2841 4358 2877 4409 :_
2921 4340 3039 4396 Non
3088 4343 3212 4398 fecit
3254 4348 3529 4400 contraria

1947 4424 2032 4478 bis
2091 4439 2211 4492 quae
2265 4425 2421 4482 dixit.
2457 4426 2572 4481 Non
2633 4430 2778 4484 enim
2838 4434 3080 4489 ascendit
3130 4435 3272 4491 diem
3329 4435 3530 4493 festum

1951 4527 2194 4583 acturus,
2232 4521 2326 4574 sed
2374 4520 2631 4577 docturus
2663 4540 2678 4577 :
2721 4534 2775 4578 et
2807 4532 2913 4581 no‘n
2954 4534 3076 4583 cum
3111 4530 3382 4586 hilaritate
3429 4547 3533 4601 qua

1948 4612 2121 4666 solent
2151 4613 2476 4669 celebraturi
2509 4616 2699 4685 ferias,
2731 4620 2823 4674 sed
2846 4621 3005 4674 clam.
3031 4621 3305 4679 Delitcscit
3326 4637 3529 4690 autem,

1948 4705 2319 4761 utcoufirmet
2366 4722 2422 4760 se
2481 4706 2775 4765 hominem.
2822 4710 2959 4766 Nam
3013 4716 3057 4768 si
3117 4719 3533 4786 comparuisset,

254 4807 413 4860 μενοι
455 4789 619 4843 αὑτὸν
675 4789 1014 4842 ἀποκτεῖναι.
1051 4789 1165 4843 Οὐκ
1212 4788 1278 4844 ἂν
1326 4789 1384 4843 δὲ
1444 4789 1830 4862 παρεχώρησει

1954 4797 2334 4854 insanivisscnl
2364 4801 2549 4872 utique
2577 4811 2766 4857 contra
2795 4819 2939 4869 eum,
2974 4808 3224 4863 occidere
3253 4809 3400 4864 illum
3440 4825 3535 4863 cu-

248 4882 443 4944 du’noi;
474 4880 634 4934 τοῦτο
669 4879 915 4950 ποιῆσαι,
947 4877 1035 4934 οία
1064 4881 1233 4952 μήπω
1262 4881 1356 4934 τοῦ
1392 4882 1590 4953 καιροῦ
1619 4884 1840 4941 ἐνστάν-

249 4983 350 5037 τος
374 4972 469 5028 τοῦ
498 4973 704 5036 πάθους
726 4988 739 5001 ·
779 4970 913 5025 ἀλλά
942 4973 1106 5042 μέσον
1143 4972 1325 5027 αὐτῶν
1356 4972 1453 5040 ὢν,
1486 4975 1752 5044 ἐξέφυγεν
1776 4978 1840 5030 ἂν

251 5066 318 5120 τὸ
353 5064 542 5129 πάθος,
578 5066 673 5118 καὶ
708 5063 887 5130 ἔδοξεν
910 5064 976 5117 ἄν
1008 5066 1286 5137 φαντασίᾳ
1319 5068 1675 5137 σαρκωθῆναι
1704 5084 1719 5099 σ
1754 5068 1846 5123 διὰ

243 5156 416 5212 τοῦτο
438 5156 630 5226 φεύγει
653 5156 749 5210 καὶ
778 5156 1056 5227 ἀναχωρεῖ
1092 5158 1168 5220 ὡς
1201 5156 1513 5230 ἄνθρωπος,
1543 5161 1844 5232 οἰκονομῶν

243 5254 328 5309 τὰ
364 5254 558 5308 οἰκεῖα.

334 5456 356 5489 ι
393 5438 456 5492 Οί
486 5435 580 5491 οὖν
612 5435 856 5491 Ἰουδαῖοι
884 5436 1115 5506 ἐζήτουν
1153 5434 1318 5489 αὑτὸν
1355 5437 1413 5491 ἐν
1442 5440 1506 5508 τῇ
1533 5438 1717 5511 ἑορτῇ,
1755 5439 1847 5493 καὶ

248 5531 485 5599 ἔλεγονο
518 5530 628 5585 Ποῦ
677 5532 826 5584 ἐστιν
869 5531 1109 5596 ὲκεῖνος;
1158 5531 1269 5583 Καὶ
1312 5533 1626 5601 γογγυσμὸς
1676 5533 1845 5597 πολὺς

250 5624 394 5695 περὶ
446 5624 613 5678 αὐτοῦ
661 5619 730 5695 ἦν
770 5624 828 5675 ὲν
863 5623 978 5685 τοῖς
1017 5623 1218 5693 ὄχλοις.
1263 5624 1325 5677 Οἱ
1360 5624 1459 5692 μὲν
1519 5624 1726 5695 ἔλεγον,
1762 5627 1846 5680 ὅτι

249 5715 493 5786 ’Δγαθός
510 5719 657 5771 ἐστιν
680 5734 695 5747 ·
727 5717 877 5771 ἄλλοι
904 5718 959 5771 δὲ
986 5717 1192 5785 ἔλεγον,
1218 5716 1353 5784 Οὒκ,
1380 5718 1516 5770 ἀλλὰ
1552 5718 1728 5789 πλανᾷ
1754 5719 1844 5771 τὸν

253 5809 439 5881 ὕχλον.
481 5811 671 5873 Οὐδεὶς
701 5810 888 5880 μέντοι
943 5809 1229 5880 παρρησίᾳ
1278 5810 1456 5862 ἐλάλει
1496 5814 1624 5878 περὶ
1679 5811 1842 5880 αύτοὺ

1950 4894 2158 4962 pientes
2200 4912 2213 4947 :
2269 4902 2322 4947 et
2351 4894 2414 4962 ;si
2452 4909 2559 4947 non
2594 4896 2924 4963 permisisset
2974 4900 3052 4956 eis
3092 4901 3195 4957 hoc
3220 4902 3421 4967 facere,
3467 4918 3533 4959 eo

1949 4984 2092 5054 quod
2119 4985 2352 5038 nondum
2386 4983 2616 5039 instaret
2646 4995 2861 5058 tempus
2896 4991 3190 5060 passionis,
3222 4995 3320 5048 sed
3356 5009 3385 5048 e
3412 5010 3530 5048 me-

1952 5076 2041 5131 dio
2096 5090 2282 5130 eorum
2329 5076 2607 5147 effugisset
2675 5084 3008 5151 passionem,
3050 5084 3225 5140 videri
3267 5087 3535 5155 potuisset

1955 5169 2099 5237 quod
2138 5184 2246 5221 non
2282 5184 2430 5236 vere,
2462 5174 2553 5227 sed
2605 5183 2933 5242 apparenter
2972 5184 3182 5230 tantum
3218 5176 3409 5232 fuisset
3445 5178 3536 5233 in-

1954 5272 2210 5317 carnatus
2256 5276 2357 5316 :et
2402 5275 2682 5334 propterea
2731 5265 2952 5337 fugitet
2998 5269 3200 5325 secedit
3239 5278 3296 5323 ut
3347 5271 3531 5340 homo,

1953 5357 2096 5423 quod
2131 5356 2365 5408 hominis
2398 5355 2752 5412 eratfaciens.
3490 5418 3495 5423 .

2030 5442 2192 5501 Vsus.
2244 5443 2436 5503 “~13.
2481 5470 2499 5502 ι
2539 5449 2708 5505 ,Ιιιιιίιιὶ
2744 5468 2876 5524 ergo
2938 5457 3251 5523 quaerebant
3298 5474 3420 5513 eum
3479 5459 3533 5514 in

1958 5538 2045 5593 die
2088 5538 2331 5604 festo,'et
2379 5540 2684 5598 dicebant:
2729 5544 2833 5600 Ubi
2884 5559 2968 5600 est
3026 5548 3144 5602 ille?
3183 5549 3249 5602 Et
3291 5564 3538 5603 murmur

1958 5632 2182 5686 multum
2212 5644 2329 5687 erat
2362 5635 2412 5688 in
2434 5635 2603 5689 turbis
2625 5638 2689 5691 de
2707 5652 2791 5692 eo.
2822 5637 3047 5705 Quidam
3077 5641 3218 5694 enim
3240 5640 3532 5697 dicebant:

1958 5724 2135 5780 Bonus
2196 5727 2359 5799 694
2414 5738 2517 5782 est.
2548 5728 2647 5783 Alii
2705 5742 2884 5785 autem
2920 5734 3169 5786 dicebant
3204 5750 3219 5786 :
3254 5731 3391 5796 Non,
3434 5734 3531 5788 scd

1956 5817 2165 5873 seducit
2205 5824 2436 5876 tut-tuam.
2472 5819 2639 5877 Nemo
2670 5833 2848 5881 tamen
2883 5827 3059 5895 palam
3113 5824 3433 5895 loquebatur
3469 5828 3535 5880 de

337 5988 416 6060 (a)
456 5986 599 6044 Edit.
652 5986 775 6043 Lttt.
820 5990 945 6059 quia
980 5990 1346 6061 arrogantibus
1396 6006 1602 6054 magna?
1653 6009 1853 6055 remur
1880 5990 2023 6047 ίοῖιϋ
2058 6008 2190 6051 sunt.
