3960 6454
454 436 590 502 i327

1372 425 1945 487 THEOPHYLACTI
1980 424 2390 486 BULGARIE
2423 424 2775 485 ARCIIIEP.

3572 422 3707 489 1328

454 548 545 602 itlu
585 551 804 614 propter
859 548 1059 597 metunt
1090 534 1420 594 Iudaeorum.
1462 554 1481 586 υ
1515 532 1633 589 Prtn
1687 535 1856 590 multo
1895 533 2019 588 odio

2129 531 2207 586 5ιά
2239 531 2332 586 τὸν
2362 532 2526 600 φόϐον
2551 533 2658 584 τῶν
2707 530 3005 585 Ἰουδαίων.
3046 551 3064 584 r
3099 531 3232 584 Ἀπδ
3265 532 3463 586 πολλοῦ
3510 533 3711 601 μῖσους

452 636 621 692 Jutla-i
667 634 827 689 etiam
860 645 1054 688 nomen
1106 627 1223 698 ejus
1268 644 1371 683 non
1403 625 1702 699 proferunt.
1738 624 1853 679 Non
1878 624 2022 677 enim

455 731 679 786 dicunt:
716 726 817 783 Ubi
844 734 927 781 est
956 721 1151 780 Iesus?
1178 721 1294 787 sed,
1343 738 1362 772 ι
1414 717 1519 774 Ubi
1549 726 1636 773 est
1661 716 1787 771 ille?
1818 733 1836 767 ι
1873 715 1947 770 Ila
1975 722 2028 769 et

458 824 556 891 ipsi
587 823 702 890 ejus
764 817 966 875 nomini
999 814 1441 872 adversabantur.
1500 809 1799 866 Considera
1846 818 2024 861 autem

453 929 616 986 quam
648 911 788 966 avidi
826 909 1025 965 fuerint
1066 905 1251 972 cazdis,
1287 918 1409 959 cum
1450 915 1624 971 neque
1661 914 1757 969 per
1807 908 2020 964 tempus

457 1004 766 1063 festivitatis
822 1001 896 1057 illi
962 1005 1266 1071 parcerent,
1322 994 1418 1050 sed
1475 993 1658 1046 venari
1724 989 1877 1046 illum
1929 1001 2026 1056 per

458 1100 587 1154 illud
636 1096 910 1162 volebant,
983 1092 1102 1147 ideo
1140 1100 1197 1147 et
1259 1085 1615 1158 quaerebant:
1651 1093 1758 1137 tam
1801 1095 2022 1151 parvam

459 1191 816 1248 reverentiam
844 1186 948 1243 diei
978 1184 1118 1240 l'esto
1141 1180 1493 1244 exhibebant,
1528 1174 1769 1246 taliaque
1810 1172 2023 1227 illorum

454 1294 610 1340 erant
635 1297 820 1354 Opera.
859 1279 1099 1334 Murmur
1118 1286 1295 1332 autem
1332 1271 1558 1326 multum
1608 1269 1676 1323 de
1706 1280 1771 1322 eo
1818 1273 1937 1320 erat
1970 1264 2023 1316 in

458 1353 964 1443 turbis,rquoniam
1012 1368 1178 1422 varice
1218 1365 1286 1419 de
1338 1362 1428 1416 illo
1505 1367 1663 1413 erant
1718 1353 2021 1416 sententiae,

456 1463 761 1521 dicentibus
798 1460 1013 1531 quidem
1044 1455 1416 1528 principibus:
1457 1469 1475 1502 ι
1504 1448 1721 1504 Sedueit
1748 1446 1971 1509 turbas;
2000 1461 2019 1492 ι

460 1558 640 1612 multis
668 1564 847 1610 autern
878 1550 1217 1607 dicentibus:
1261 1564 1280 1599 ι
1318 1546 1495 1599 Bonus
1524 1552 1625 1596 est.
1655 1558 1674 1591 ›
1709 1536 1809 1602 Qui
1846 1543 2025 1589 autem

453 1666 575 1705 eum
618 1649 813 1702 bonum
866 1642 1138 1702 dicebant,
1183 1637 1252 1693 de
1313 1635 1468 1691 turba
1516 1638 1689 1687 erant.
1745 1626 1810 1681 Et
1883 1624 2025 1695 quod

460 1745 561 1796 bne
594 1741 664 1795 sit
716 1751 924 1800 verum,
967 1731 1316 1789 manifestum
1342 1738 1421 1783 est
1456 1743 1520 1781 ex
1564 1738 1632 1780 eo
1671 1722 1812 1793 quod
1863 1733 2025 1775 evan-

458 1835 646 1905 gelista
675 1832 807 1888 dicit
833 1828 1035 1884 nullum
1068 1824 1235 1879 fuisse
1266 1837 1454 1877 ausum
1504 1820 1672 1873 libere
1703 1814 1848 1883 IOqui
1898 1826 2024 1882 pro-

2126 626 2174 678 oi
2203 623 2451 678 Ἰουδαῖοι
2495 624 2615 677 οὐδὲ
2665 622 2761 676 τοῦ
2806 624 3069 693 ὀνόματος
3130 623 3298 676 dum]
3367 624 3706 693 μέμνηνται.

2129 714 2204 769 Οὐ
2234 714 2344 787 γὰρ
2379 715 2620 782 λέγουσι,
2668 714 2778 767 Ποῦ
2815 718 2964 768 ἐστιν
3008 717 3037 766 ὁ
3067 714 3307 780 ’ἰτ,σοῦς;
3344 716 3504 780 ἀλλὰ,
3543 735 3563 766 ι
3600 718 3714 769 ιιο)

2126 810 2282 861 ἐστιν
2312 810 2516 871 ἐκεῖνος
2546 826 2561 873 ;
2598 826 2616 859 ι
2679 808 2824 861 οὕτω
2856 808 2948 862 καὶ
2991 807 3071 878 τῷ
3096 808 3322 877 ὀνόματι
3365 809 3534 862 αὑτοῦ
3568 810 3716 878 ψιλῷ

2128 901 2523 973 ἀπηχθάνοντο.
2572 901 2774 955 Σκόπει
2821 901 2879 955 δέ
2939 918 3028 972 μοι
3074 902 3170 954 καὶ
3234 904 3333 971 τὴν
3389 903 3715 973 μιαιφονίαν

2128 993 2331 1059 αὐτῶν,
2366 993 2485 1055 πῶς
2518 994 2637 1046 οὐδὲ
2680 992 2777 1046 τοῦ
2829 994 3024 1064 καιροῦ
3053 993 3154 1063 τῆς
3185 993 3376 1064 ἑορτῆς
3407 995 3713 1062 ἐφείδοντο,

2127 1086 2263 1140 ἀλλὰ
2307 1085 2573 1157 Θηρεῦσαι
2618 1085 2761 1138 κατά
2800 1084 3006 1155 ταύτην
3060 1086 3223 1139 αὐτὸν
3261 1085 3588 1139 ἑϐοέλοντο·
3629 1089 3712 1140 διὸ

2127 1179 2219 1233 καὶ
2244 1179 2472 1247 ἐζήτουν
2504 1191 2516 1207 ⁸
2544 1178 2689 1231 οὕτω
2723 1177 2925 1249 πολλὴν
2951 1177 3243 1233 εὐλάϐειαν
3276 1180 3375 1232 καὶ
3410 1179 3550 1232 αἰδῶ
3581 1180 3711 1248 irq-

2130 1287 2256 1342 ρουν
2280 1272 2406 1341 περὶ
2426 1270 2522 1331 τὰς
2543 1270 2757 1340 ἐορτὲις,
2773 1274 2867 1323 καὶ
2890 1269 3118 1326 τοιιῦτα
3132 1265 3199 1339 ἦν
3216 1270 3397 1323 αὐτῶν
3416 1272 3487 1322 τα
3507 1287 3710 1340 κατορ-

2128 1361 2376 1432 οώματα.
2421 1381 2440 1413 ι
2479 1362 2798 1430 Γογγυσμὸς
2842 1362 2899 1414 δὲ
2930 1363 3057 1429 περὶ
3086 1361 3248 1414 αὑτοῦ
3268 1357 3339 1433 ἦν
3385 1363 3582 1423 ἐντοῖς
3622 1362 3713 1429 ὄχ-

2127 1453 2258 1518 λοις,
2284 1472 2303 1503 ι
2327 1453 2514 1522 ἐπειδὴ
2531 1453 2780 1522 διάφοροι
2813 1453 2941 1519 περὶ
2965 1451 3132 1506 αὑτοῦ
3149 1448 3289 1523 ἦσαν
3310 1453 3531 1521 γνῶμαι
3554 1468 3568 1483 ·
3603 1455 3712 1503 cev

2137 1547 2237 1617 μὲν
2286 1547 2567 1617 ἀρχόντων
2600 1546 2891 1613 λεγόντων,
2922 1547 3003 1598 ὅτι
3043 1564 3061 1598 ι
3101 1546 3284 1617 Πλανᾷ
3312 1546 3404 1599 τὸν
3441 1546 3605 1616 δχλον
3633 1560 3647 1573 ’
3688 1563 3707 1595 ι

2128 1634 2337 1687 πολλῶν
2377 1634 2433 1687 δὲ
2460 1634 2749 1703 λεγόντων,
2784 1636 2867 1688 ὅτι
2895 1655 2914 1687 ι
2956 1635 3188 1703 Ἀγαθός
3207 1638 3372 1690 ἐστιν.
3414 1655 3433 1688 ι
3463 1632 3627 1691 Οὗτοι
3654 1620 3710 1689 δὲ

2128 1728 2235 1798 ἄρα
2275 1729 2324 1780 0i
2351 1727 2602 1795 λέγοντες
2644 1727 2808 1782 αὐτον
2844 1728 3068 1796 ἀγαθόν,
3103 1731 3167 1781 ὲκ
3203 1728 3295 1782 τοῦ
3333 1728 3496 1799 δχλου
3547 1724 3709 1798 ἦσαν.

2131 1819 2329 1873 Ὄτιδὲ
2355 1820 2512 1873 τοῦτο
2548 1819 2766 1890 ἀληθὲς,
2803 1819 2962 1889 δῆλον
2989 1822 3053 1873 ὲκ
3085 1819 3178 1873 τοῦ
3206 1822 3384 1873 εἰπεῖν
3419 1820 3511 1873 τὸν
3541 1822 3675 1888 εὐαγ
3695 1854 3713 1863 -

457 1889 575 1997 pter
613 1936 813 1981 metum
866 1920 1197 1976 Iudaeorum.
1249 1914 1591 1970 Manifestum
1641 1910 1784 1963 enim
1826 1905 1966 1975 quod
1995 1917 2025 1957 e

2131 1916 2405 1985 γελιστὴν,
2438 1916 2516 1978 ὡς
2564 1916 2739 1978 οὐδές
2769 1917 2970 1985 ἐτόλμα
3004 1917 3484 1988 παῤῥησιασϐἦναι
3511 1916 3606 1970 διὰ
3625 1917 3713 1968 τὸν

461 1996 612 2073 turba
641 2024 799 2072 erant
827 2014 915 2083 qui
943 2013 1009 2067 de
1032 2011 1122 2065 illo
1147 2007 1319 2078 palam
1345 2005 1487 2074 loqui
1521 2003 1635 2056 ausi
1666 2017 1769 2054 uuu
1806 1996 2024 2059 fuerint,

459 2121 512 2163 et
552 2109 803 2160 timentes
832 2103 1101 2174 principes
1149 2098 1455 2154 Juda-orum
1510 2092 1778 2148 siluerint.
1817 2089 1921 2143 Sed
1972 2099 2027 2142 et

457 2216 554 2257 eos
584 2200 676 2270 qui
721 2197 1009 2253 dicebant:
1057 2212 1075 2245 ι
1120 2191 1342 2246 Seducit
1376 2190 1604 2251 turbam,
1638 2203 1657 2236 ι
1713 2182 2024 2253 conjectura

454 2302 560 2357 est,
589 2306 655 2347 ex
686 2287 1020 2361 principibus
1049 2285 1215 2339 fuisse
1242 2283 1332 2350 qui
1359 2280 1502 2333 illum
1533 2275 2023 2332 caluumiabantur.

454 2387 586 2443 Nam
617 2387 663 2441 sl
694 2384 923 2440 fuissent
954 2396 1021 2437 ex
1060 2378 1236 2442 turba,
1268 2376 1538 2431 dixissent
1578 2392 1592 2427 :
1627 2369 1851 2426 Seducit
1886 2380 2021 2431 nos;

453 2483 607 2537 Nunc
628 2489 808 2535 autem
838 2491 960 2531 cum
986 2472 1201 2528 dicunt:
1235 2489 1252 2521 ι
1286 2465 1761 2526 Seducitturbam,
1798 2480 1817 2516 ι
1842 2469 2025 2516 osten-

455 2576 604 2629 ditur
624 2570 767 2643 quod
794 2570 901 2624 non
923 2568 1123 2623 fuerint
1143 2564 1208 2618 de
1240 2562 1418 2625 turba,
1447 2559 1541 2614 sed
1571 2572 1634 2611 ex
1661 2553 2021 2624 principibus,

458 2666 548 2734 qui
586 2664 709 2718 talia
743 2662 1013 2717 dicebant.
1041 2656 1173 2712 Vide
1203 2664 1378 2709 autem
1401 2652 1599 2719 ubique
1619 2646 1892 2719 principes
1907 2658 2026 2698 cor-

455 2764 665 2824 ruptos,
708 2751 953 2809 subditos
1010 2762 1139 2802 vero
1198 2746 1564 2811 incorruptos.
1643 2737 2024 2791 Verumtamen

452 2822 578 2915 quia
635 2842 874 2898 viriliore
925 2839 1107 2893 animo
1164 2834 1445 2896 carebant,
1498 2830 1673 2883 adhuc
1729 2822 2025 2896 imper-lecti

454 2939 763 3000 manebant,
785 2943 847 2988 et
873 2932 1041 2986 libere
1067 2927 1201 2984 nihil
1226 2925 1519 2980 audebant.

528 3209 691 3262 Vens.
742 3203 917 3258 ιιι-16.
947 3218 966 3252 ι
999 3199 1133 3256 Cum
1182 3208 1361 3251 autem
1407 3193 1518 3263 jam
1572 3191 1851 3247 dimidium
1899 3186 2065 3263 festi2

453 3312 728 3373 peractum
785 3306 978 3360 esset,
1022 3293 1261 3348 ascendit
1306 3289 1462 3345 Jesus
1512 3289 1564 3342 in
1615 3284 1864 3356 templum
1902 3324 1917 3349 ,
1958 3296 2020 3336 ac

453 3395 700 3453 docebat.
736 3392 798 3446 Et
837 3388 1169 3444 mirabantur
1206 3384 1398 3447 Jndzci,
1435 3384 1708 3438 dicentes:
1740 3378 2019 3455 Quomodo

457 3490 542 3542 hie
590 3486 796 3542 litteras
828 3483 951 3547 scit,
976 3495 1097 3535 cum
1137 3493 1244 3534 non
1278 3475 1569 3532 didicerit?
1597 3472 1892 3542 Respondit
1941 3470 2021 3525 eis

449 3582 630 3640 Jesus.
656 3586 711 3633 et
735 3576 870 3630 dixit
898 3591 913 3628 :
948 3571 1061 3627 lllea
1095 3571 1345 3627 doctrina
1377 3583 1484 3622 non
1513 3577 1595 3622 est
1614 3580 1754 3629 mea,
1781 3564 1875 3617 sed
1904 3562 2021 3629 ejus

451 3671 542 3741 qui
575 3683 661 3723 me
693 3666 857 3722 misit.
887 3683 906 3717 ο
938 3662 1115 3730 Quare
1148 3659 1393 3715 ascendit
1421 3672 1540 3711 eum
1566 3666 1707 3710 esset
1736 3653 2020 3707 dimidium

451 3762 616 3818 festi?
657 3759 726 3816 Ut
784 3758 983 3814 leniret
1032 3754 1244 3809 illurutn
1298 3752 1563 3812 animum.
1600 3759 1653 3803 et
1706 3750 1930 3814 insuper
1967 3754 2024 3797 ut

457 3851 645 3923 majori
704 3847 1005 3904 attentione
1042 3845 1293 3899 audirent
1336 3856 1400 3895 ea
1438 3858 1555 3912 qua:
1584 3839 1652 3894 ab
1699 3839 1815 3907 ipso
1875 3837 2025 3889 dicc-

452 3947 673 4012 bantur,
713 3957 781 3997 ne
809 3939 939 3997 festi
970 3937 1230 4009 strepitus
1270 3934 1479 3989 illorum
1505 3947 1666 3987 aures
1696 3929 2021 3984 occluderet.

452 4038 585 4092 Nam
614 4037 666 4092 in
696 4032 958 4107 principio
998 4030 1119 4087 festi
1146 4026 1441 4083 Verisimile
1469 4033 1554 4082 est
1579 4039 1672 4078 eos
1706 4023 1756 4076 in
1794 4020 1878 4074 his
1905 4032 2027 4088 quae

454 4132 574 4187 l‘esti
615 4134 792 4192 erant,
823 4132 1114 4195 occupatos
1175 4120 1363 4174 fuisse.
1397 4114 1534 4171 Cum
1589 4114 1753 4184 igitur
1804 4118 2024 4179 repente

455 4221 789 4294 apparuisset
814 4217 913 4282 eis,
955 4212 1277 4285 simpliciter
1304 4211 1589 4266 audierunt
1622 4221 1834 4270 omnes,
1903 4219 2027 4274 par-

456 4316 549 4368 tim
582 4312 729 4366 illum
780 4310 999 4374 bonum,
1037 4307 1232 4375 partim
1292 4304 1660 4372 impostorem,
1707 4298 1950 4353 dicentes
2007 4314 2022 4349 :

456 4413 512 4462 et
562 4404 650 4458 alii
689 4401 905 4473 quidem
938 4408 997 4454 ut
1050 4398 1184 4453 lucri
1222 4395 1477 4465 quiddam
1507 4395 1630 4448 inde
1661 4392 2021 4462 perciperent,

457 4509 511 4554 et
540 4493 985 4556 admirarentur;
1016 4487 1109 4542 alii
1154 4493 1331 4540 autem
1365 4490 1423 4537 ut
1465 4481 1614 4535 illum
1665 4477 2026 4549 reprehende-

2131 2007 2294 2076 φόϐον
2348 2007 2462 2060 τῶν
2507 2006 2813 2060 Ἰουδαίων·
2870 2006 3138 2077 πρόδηλον
3191 2008 3323 2077 γὰρ,
3357 2008 3442 2061 ὅτι
3491 2009 3559 2059 ἐκ
3621 2006 3711 2058 τοῦ

2127 2101 2287 2171 ὄχλου
2317 2097 2458 2171 ἦσαν
2488 2104 2537 2154 οἱ
2573 2102 2648 2171 μὴ
2678 2100 2985 2171 τολμῶντες
3024 2101 3312 2171 παρρησίᾳ
3346 2101 3491 2168 ὑπὲρ
3538 2100 3709 2153 adeo?)

2134 2194 2385 2263 λαλῆσαι,
2415 2196 2506 2247 καὶ
2559 2193 2841 2255 ἐσιώπων,
2891 2193 3191 2256 δεδοικότες
3248 2194 3375 2254 τοὺς
3442 2193 3713 2264 ἄρχοντας

2135 2286 2450 2348 Ἰουδαίους.
2479 2285 2642 2338 ’Λλλά
2690 2285 2787 2337 καὶ
2835 2286 2895 2336 τὸ
2953 2285 3156 2351 λέγειν»
3189 2284 3272 2337 ὃτι
3305 2304 3324 2334 ι
3373 2284 3564 2353 Πλανᾷ
3624 2289 3711 2336 si»:

2135 2376 2320 2448 δχλον,
2357 2395 2374 2427 ι
2406 2376 2706 2447 τεκμήριόν
2740 2376 2855 2428 ἐστι
2902 2375 2996 2428 τοῦ
3026 2378 3091 2428 ὲκ
3116 2376 3224 2428 τῶν
3256 2375 3541 2445 ἀρχόντων
3574 2369 3709 2425 εἶναι

2132 2474 2266 2536 τοὺς
2299 2472 2686 2534 διαϐάλλοντας
2716 2470 2898 2527 αὐτόν.
2934 2474 2993 2525 Εἰ
3015 2474 3124 2543 γὰρ
3144 2469 3284 2544 ἦσαν
3315 2477 3378 2526 ὲκ
3407 2472 3503 2525 τοῦ
3526 2471 3706 2541 ὄχλου,

2126 2566 2311 2632 ἔλεγον
2360 2566 2447 2628 ἄν,
2485 2567 2570 2619 ὅτι
2621 2566 2808 2636 Πλανᾷ
2852 2568 3019 2635 ἡμᾶς.
3047 2564 3162 2617 Νῦν
3214 2565 3271 2618 δὲ
3313 2565 3591 2630 λέγοντες,
3628 2566 3705 2618 ὅτι

2132 2676 2151 2707 ι
2200 2656 2382 2728 Πλανᾷ
2408 2657 2499 2710 τὸν
2556 2656 2735 2727 ὄχλον,
2779 2676 2798 2708 ι
2845 2657 3182 2709 δεικνύουσιν
3206 2658 3289 2710 ὅτι
3348 2657 3451 2710 οὐκ
3499 2659 3569 2709 ἐκ
3616 2656 3705 2709 τοῦ

2128 2749 2309 2819 ὄχλου,
2344 2750 2459 2802 ἀλλ’
2485 2750 2552 2802 ἐκ
2582 2749 2690 2803 τῶν
2744 2749 3026 2820 ἀρχόντων
3053 2751 3193 2803 εἰσὶν
3218 2750 3267 2802 0i
3296 2749 3477 2804 ταῦτα
3524 2749 3707 2817 λέγον-

2126 2858 2240 2905 τες.
2271 2842 2411 2911 Ὅρα
2433 2841 2488 2894 δέ
2513 2859 2601 2911 μοι
2630 2841 2907 2911 πανταχοῦ
2928 2841 2990 2894 τὸ
3023 2842 3124 2911 μὲν
3149 2842 3377 2914 ἀρχικὸν
3430 2842 3700 2913 διεφθαρ·

2132 2937 2318 3003 μένον,
2354 2938 2480 2996 τοὺς
2511 2934 2569 2988 δὲ
2623 2935 2965 3005 ἀρχομένους
2991 2934 3355 3005 ἀδιαφθόρους
3405 2937 3665 3005 μένοντας
3685 2952 3698 2965 ’

2130 3022 2293 3094 πλὴν,
2324 3024 2409 3078 διὰ
2454 3025 2513 3078 τὸ
2565 3025 2641 3098 μὴ
2686 3026 2833 3098 ἔχειν
2876 3026 3255 3098 ἀνδρειοτέραν
3306 3027 3409 3099 τὴν
3449 3026 3695 3095 γνώμην.

2125 3117 2240 3173 ἀλλ’
2270 3117 2350 3171 ἔτι
2381 3118 2588 3182 ἀτελεῖς
2622 3115 2783 3186 εἶναι,
2829 3119 3318 3191 ἀπαρῤησιάστους
3338 3119 3522 3181 ὄντας.
3722 3111 3729 3117 ’

2203 3230 2221 3261 ι
2258 3209 2396 3279 Ἤδη
2426 3210 2482 3263 δὲ
2531 3211 2630 3281 τῆς
2677 3212 2874 3282 ἑορτῆς
2910 3212 3205 3282 μεσούσης,
3228 3210 3399 3281 ἀνέϐη
3424 3212 3455 3264 ὁ
3492 3210 3701 3281 Ἰησοῦς

2126 3302 2205 3363 εἰς
2237 3301 2299 3353 τὸ
2334 3302 2500 3371 ἱερὸν,
2544 3303 2637 3355 καὶ
2671 3302 2940 3357 ἐδίδασκε.
2972 3304 3082 3356 Καὶ
3119 3301 3433 3371 ἐθαύμαζον
3480 3303 3535 3355 οι
3571 3302 3696 3354 Ἰουο

2123 3393 2284 3455 δαίοῖ,
2309 3393 2579 3461 λέγοντεςο
2612 3395 2733 3458 Πῶς
2754 3390 2908 3458 οὗτος
2921 3396 3227 3467 γράμματα
3248 3391 3378 3460 οἶδε,
3411 3396 3487 3465 μὴ
3520 3412 3696 3463 μεμα·

2124 3485 2343 3556 οηκώς;
2378 3485 2677 3556 Ἀπεκρίθη
2707 3486 2797 3539 οὖν
2837 3489 3021 3551 αὐτοῖς
3063 3492 3091 3543 ὁ
3127 3486 3358 3560 Ἰησοῦς,
3378 3490 3477 3542 καὶ
3505 3486 3657 3542 εἶπεν
3679 3501 3693 3517 '

2140 3577 2201 3630 Ἢ
2235 3579 2344 3648 ἐμὴ
2369 3578 2559 3647 διδαχὴ
2591 3577 2694 3632 οὐκ
2719 3578 2866 3633 ἔστιν
2901 3579 3032 3652 ἐμὴ,
3057 3581 3191 3634 ἀλλὰ
3233 3580 3327 3634 τοῦ
3384 3581 3696 3649 πέμψαντός

2127 3686 2215 3740 με.
2267 3689 2286 3723 ι
2323 3669 2421 3723 Διὰ
2473 3669 2525 3724 τί
2571 3671 2670 3737 τῆς
2717 3673 2910 3743 ἑορτῆς
2958 3674 3227 3743 μεσούσης
3265 3672 3545 3742 ἀνῆλθενς
3582 3672 3694 3726 Ἵνα

2124 3765 2377 3836 χαυνώςῃ
2415 3764 2595 3818 αὐτῶν
2629 3766 2721 3818 τὸν
2762 3765 2952 3835 θυμοῖ),
2991 3765 3107 3835 ἅμα
3168 3766 3224 3819 δὲ
3278 3766 3376 3818 καὶ
3410 3765 3500 3818 ἵνα
3549 3766 3682 3835 μετά

2126 3856 2319 3926 σχολῆς
2343 3854 2618 3908 ἀκούσωσι
2645 3856 2739 3908 καὶ
2773 3857 3045 3925 προσοχῆς
3079 3854 3187 3910 τῶν
3242 3854 3371 3924 παρ’
3411 3854 3582 3908 αὑτοῦ
3606 3854 3692 3907 λιι

2126 3947 2393 4017 γομένων,
2434 3946 2629 4018 μηκέτι
2653 3949 2753 4017 τῆς
2783 3948 2981 4017 ἑορτῆς
3029 3949 3455 4019 ἐμφραττοωης
3498 3950 3566 4002 τὰ
3590 3942 3693 4002 ὦτα

2124 4040 2324 4093 αὐτῶν.
2356 4039 2446 4092 Ἐν
2478 4039 2587 4109 γὰρ
2611 4042 2675 4109 τῇ
2706 4040 2846 4110 ἀρχῇ
2876 4041 2973 4109 τῇς
2997 4041 3191 4111 ἑορτῆς
3224 4040 3369 4105 εἰκὸς
3402 4037 3470 4112 ἦν
3508 4043 3696 4104 αὐτοὺς

2129 4131 2505 4202 περισπᾶσθαι
2529 4132 2660 4203 περὶ
2688 4133 2755 4185 τὰ
2789 4135 2886 4202 τῆς
2916 4133 3132 4202 ἑορτῆς.
3174 4134 3362 4201 Ἀφνω
3390 4130 3486 4186 οὖν
3523 4136 3694 4197 αὐτοῖς

2125 4224 2499 4293 ἐπιφανέντος,
2537 4224 2733 4294 ἤκουον
2794 4224 2980 4287 ἁπλῶς
3038 4224 3260 4289 πάντες,
3297 4225 3352 4278 οῖ
3390 4242 3449 4277 τε
3498 4226 3693 4293 ἀγαθὸν

2126 4315 2308 4381 αὐτὸν,
2342 4314 2483 4369 οἵτε
2520 4315 2724 4368 πλάνον
2746 4315 2995 4383 λέγοντες
3027 4330 3041 4344 ·
3064 4318 3113 4368 oi
3157 4315 3276 4385 μὲν,
3313 4316 3453 4385 πρὸς
3485 4316 3548 4369 τὸ
3575 4333 3695 4385 κερ·

2125 4404 2284 4475 δῆσαί
2313 4423 2361 4459 τι
2398 4408 2491 4459 καὶ⁵
2526 4405 2811 4474 Θαυμάσαι
2838 4422 2854 4437 ·
2883 4407 2931 4460 οἱ
2949 4406 3027 4470 δὲ,
3060 4407 3196 4476 πρὸς
3232 4407 3291 4460 τὸ
3335 4409 3688 4461 ἐπιλαϐέσθαι

2127 4496 2316 4564 αὑτοῦ,
2345 4499 2436 4550 καὶ
2471 4497 2755 4552 συλλαϐεῖν
2784 4499 2946 4551 αὑτὸν
2971 4498 3047 4561 ὡς
3091 4498 3312 4552 πλάνον.
3350 4498 3416 4552 Τί
3462 4498 3564 4569 μὲν
3596 4499 3695 4552 ἐδί-

456 4598 575 4645 rent
604 4595 657 4643 et
694 4580 1217 4655 comprehenderent
1257 4574 1420 4629 veluti
1462 4574 1823 4628 seductorem.
1856 4569 2025 4624 Porro

2129 4588 2304 4652 δαξεν,
2355 4590 2453 4641 οὐκ
2486 4585 2637 4642 εἶπεν
2678 4591 2706 4641 ὁ
2732 4590 3157 4659 εὐαγγελιστής·
3188 4591 3271 4643 ὅτι
3326 4590 3383 4643 δὲ
3423 4590 3695 4660 θαυμάσια

455 4680 583 4752 quid
625 4674 882 4741 docuerit,
918 4689 1026 4730 non
1074 4671 1207 4727 dixit
1263 4667 1617 4739 evangelista,
1649 4664 1789 4734 quod
1844 4672 2025 4717 autem

460 4770 721 4829 mirabilia
749 4769 995 4841 quaedam
1033 4765 1249 4829 dixerit,
1275 4778 1369 4833 per
1400 4776 1521 4832 qure
1559 4759 1678 4815 illos
1701 4755 2023 4821 cohibuerit,

459 4878 512 4922 et
546 4874 783 4920 mentem
813 4860 1026 4916 illorum
1053 4858 1107 4913 in
1143 4855 1461 4911 miraculum
1515 4852 1825 4917 mutaverit,
1859 4848 2030 4903 mani-

462 4958 678 5015 lestavit
720 4971 815 5027 per
852 4955 953 5010 hoc
997 4952 1139 5025 quod
1184 4951 1337 5018 dicit,
1374 4968 1392 5001 ι
1426 4948 1847 5003 Adtnirabantur
1896 4956 2031 5013 quo:

464 5052 622 5107 modo
654 5051 864 5105 litteras
899 5047 1080 5113 sciret,
1106 5046 1196 5117 qui
1238 5056 1511 5113 nunquam
1539 5039 1832 5095 didicisset.
1876 5056 1895 5087 ι
1928 5034 2031 5088 Ve-

462 5151 765 5196 rumtamen
811 5138 1056 5209 quamvis
1104 5134 1525 5197 admirarentur,
1557 5140 1797 5184 attamen
1855 5141 2029 5195 neque

464 5232 542 5287 sic
571 5231 795 5286 liberata
833 5242 920 5286 est
958 5238 1111 5284 mens
1154 5226 1367 5281 illorum
1419 5239 1448 5276 a
1484 5221 1709 5277 malitia.
1740 5216 1856 5274 Non
1883 5218 2025 5272 enim

461 5322 760 5381 doetrinam
812 5320 1239 5383 admirabantur,
1297 5331 1471 5385 neque
1533 5328 1653 5384 qua:
1706 5310 2030 5367 dicebantur

465 5411 846 5484 suscipiebant,
877 5408 1040 5481 605
1064 5407 1158 5465 sed
1190 5404 1596 5461 admirabantur
1630 5401 1903 5473 quomodo
1923 5398 2030 5467 sci-

463 5516 543 5561 ret
574 5505 805 5567 litteras,
854 5500 907 5555 id
929 5513 1033 5565 est,
1066 5498 1521 5569 obstupescebant
1549 5540 1563 5564 ,
1597 5497 1648 5551 id
1693 5497 1835 5566 quod
1892 5493 2030 5548 solet

464 5597 663 5651 invidis
690 5594 939 5650 accidere
970 5612 985 5648 :
1016 5592 1179 5648 veluti
1211 5601 1255 5648 si
1281 5608 1486 5664 pauper
1517 5593 1784 5664 quispiam
1815 5589 2027 5646 vicinus

463 5699 686 5758 repente
734 5688 789 5740 in
838 5686 1187 5755 splendidiori
1241 5686 1437 5740 vestitu
1467 5686 1714 5757 prodeat,
1747 5693 1801 5741 et
1853 5685 2032 5741 videat

466 5797 588 5837 eum
625 5780 833 5836 vicinus
861 5778 1098 5845 invidus,
1131 5778 1291 5833 dicit:
1320 5779 1598 5844 Quomodo
1624 5779 1713 5834 hic
1740 5788 1848 5835 tam
1881 5796 2030 5836 sum-

465 5873 670 5940 ptuosis
699 5874 937 5930 vestibus
970 5873 1190 5930 indutus
1240 5879 1347 5937 est,
1383 5872 1476 5941 qui
1508 5872 1708 5929 dudum
1746 5876 2029 5945 pauperri-

2131 4697 2251 4733 τινα
2270 4674 2442 4745 εἶπεν,
2457 4680 2523 4733 δι’
2544 4676 2617 4732 ὧν
2633 4682 2902 4751 κατέσχεν
2919 4682 3137 4744 αὐτοὺς,
3173 4683 3265 4733 καὶ
3296 4680 3589 4751 μετέϐαλλε
3605 4681 3696 4743 τὰς

2132 4769 2354 4841 γνώμας
2406 4775 2486 4834 εις
2533 4771 2749 4842 θαῦμα,
2799 4772 3035 4844 ἐδήλωσε
3077 4771 3164 4826 διὰ
3216 4772 3311 4826 τοῦ
3367 4775 3565 4838 εἰπεῖν,
3617 4775 3695 4825 ὅτι

2137 4882 2156 4916 ι
2182 4862 2541 4933 Ἐθαύμαξον,
2560 4864 2676 4928 πῶς
2693 4864 2997 4934 γράμματα
3021 4860 3150 4928 οἶδε,
3183 4865 3259 4934 μὴ
3290 4863 3649 4935 μεμαθηκώς.
3674 4884 3690 4913 ι

2132 4955 2277 5027 Πλὴν
2307 4958 2355 5010 ει
2382 4956 2476 5009 καὶ
2506 4956 2837 5025 ἐθαύμαζον,
2867 4952 2982 5008 ἀλλ’
3006 4955 3125 5008 οὐδὶ
3145 4954 3322 5018 οὓτως
3353 4955 3696 5020 ἀπήλλακται

2132 5052 2166 5122 ἡ
2192 5051 2385 5123 γνώμη
2418 5051 2597 5105 αὐτῶν
2630 5052 2912 5120 πονηρίας.
2952 5050 3027 5103 Οὐ
3065 5050 3174 5119 γὰρ
3199 5051 3300 5118 τὴν
3351 5049 3698 5132 διδασκαλίαν

2072 5165 2083 5207 j
2130 5136 2462 5215 ἐθαύμαζον,
2494 5144 2614 5198 οὐδὲ
2638 5146 2705 5197 τὰ
2740 5142 3010 5211 λεγόμενα
3060 5142 3331 5211 ἐδέχοντο,
3362 5142 3479 5195 ἀλλ’
3532 5142 3695 5195 ἐθαυ-

2136 5235 2307 5305 μαςον
2351 5234 2468 5297 πῶς
2524 5230 2632 5286 οἶδε
2701 5235 3028 5304 γράμματα,
3065 5232 3330 5296 τουτέστι,
3384 5233 3696 5304 διηπόρουν,

2132 5325 2539 5395 ἐξεπλήττοντο,
2573 5325 2709 5394 ὅπερ
2758 5324 3013 5378 εἰώθασιν
3064 5326 3114 5376 οἱ
3170 5322 3558 5393 βασκαίνοντες
3600 5326 3702 5377 πά-

2134 5434 2300 5486 σχειν.
2335 5411 2481 5479 Οἷον,
2516 5416 2591 5476 ὡς
2652 5415 2746 5467 ἐπὶ
2793 5414 3260 5487 παραδείγματος,
3306 5414 3423 5469 ἔστι
3447 5419 3554 5470 τινὶ
3585 5417 3701 5484 γεί-

2131 5526 2236 5563 των
2262 5511 2454 5579 πένης,
2488 5504 2605 5562 εἶτα
2633 5515 2791 5579 τυχὸν
2830 5509 3088 5571 πολλάκις
3108 5509 3334 5579 εὐπορεῖ
3361 5510 3576 5579 ἱματίου
3604 5527 3703 5562 πο-

2132 5602 2534 5661 λυτελεστέρου·
2589 5602 2712 5655 ἰδὼν
2766 5598 2857 5657 οὖν
2887 5601 3073 5655 τοῦτον
3103 5602 3131 5654 ὁ
3162 5600 3435 5671 βάσκανος
3485 5590 3701 5670 γείτων,

2132 5695 2317 5764 λέγει·
2353 5696 2476 5760 Πῶς
2526 5688 2682 5761 οὗτος
2732 5696 3002 5750 ὲνδέδυται
3034 5693 3342 5760 πολυτελῶς
3378 5696 3704 5759 πενέστατος

2134 5785 2238 5853 ὢν;
2271 5788 2441 5841 Πόθεν
2468 5788 2529 5841 τὸ
2556 5789 2795 5843 τοιοῦτον
2822 5788 3066 5858 ἱμάτιον;
3088 5786 3274 5840 Ταῦτα
3313 5787 3372 5840 δὲ
3399 5788 3570 5855 λέγει,
3600 5791 3700 5857 οὐχ

2135 5878 2211 5941 ὡς
2267 5879 2682 5953 θαυμάζων,τῷ
2713 5881 2846 5950 δντι,
2882 5880 3017 5934 ἀλλὰ
3067 5878 3248 5949 ιρθόνῳ
3296 5879 3705 5952 διακαιόμενος.
