3960 6454
366 343 503 408 ῙΊΞ9

1001 337 1445 401 ENARRATIO
1504 335 1588 397 IN
1628 330 2128 398 EVANGELIUM
2184 331 2532 395 JOANNIS.
2590 357 2660 369 -
2696 329 2854 391 CAP.
2900 330 3034 394 VII.

3493 330 3643 395 1330‘

362 472 457 516 και
498 459 639 533 πρὶς
690 459 945 531 διαϐολὴν
1005 460 1101 512 τοῦ
1153 458 1396 527 γείτονος
1468 454 1731 516 τοιούτοις
1768 452 1950 521 λογοις

2067 466 2175 505 mus
2211 449 2368 507 erat?
2400 448 2553 506 Unde
2585 448 2715 505 huic
2752 450 2918 506 vestis
2943 446 3082 503 illa?
3117 445 3246 502 [lare
3286 455 3465 502 autem
3498 447 3631 502 dicit

362 554 641 623 χρώμενος
674 566 688 581 ·
722 553 947 615 Πάντως
976 552 1103 621 γὰρ,
1138 552 1323 622 φησιν,
1350 547 1561 618 ἔκλεψε,
1579 546 1679 617 τὴν
1715 544 1943 615 ἐσθῆτα.

363 643 520 699 Οὕτω
531 665 546 708 ;
581 641 674 699 οὖν
705 644 800 700 καὶ
825 646 875 699 οἱ
904 645 1148 699 Ἰουδαῖοι
1179 661 1191 675 ο
1226 663 1244 694 ι
1279 643 1402 707 Πῶς
1434 634 1589 703 οὗτος
1619 635 1729 693 οἶδε
1764 638 1947 710 γράμ-

368 755 555 806 pater;
606 756 625 789 ι
657 738 885 804 Πάντως
923 738 981 791 ἐν
1010 736 1087 807 τῷ
1141 733 1495 800 Βεελιζεῦούλ.
1528 730 1726 785 Καίτοι
1780 729 1949 801 ἐχρῆν

364 829 561 892 αὐτοὺς
587 828 697 881 ἀπὸ
728 829 921 882 τούτου
968 829 1169 899 μᾶλλον
1204 830 1477 896 ἐννοῆσαι,
1517 825 1600 879 ὅτι
1650 823 1805 877 οὐδὲν
1858 822 1953 874 ἀν-

368 923 648 995 θρώπινον
694 918 762 993 ἦν
795 924 967 993 αὐτῷ.
993 922 1136 977 Ἀλλ’
1196 919 1388 990 ἐπειδὴ
1430 918 1587 972 τοῦτο
1647 914 1805 970 αὐτοὶ
1849 915 1952 969 οὐκ

366 1016 561 1087 ἧθελον
589 1016 948 1086 ὁμολογῆσαι,
982 1015 1145 1079 αὐτὸς
1186 1014 1546 1084 ἀποκρίνεται
1575 1011 1779 1076 αὐτοῖς,
1814 1010 1950 1063 ἀνα-

368 1112 664 1179 διδάσκων,
697 1113 781 1167 ὂτι
806 1111 914 1165 ἀπὸ
937 1110 1029 1164 τοῦ
1066 1108 1281 1179 Πατρὸς
1312 1109 1406 1162 καὶ
1445 1105 1580 1160 Θεοῦ
1607 1107 1756 1159 ἐστιν
1788 1104 1823 1174 ἡ
1861 1102 1945 1157 δι-

365 1203 658 1261 δασκαλία.
710 1204 876 1259 Οὐδὲν
935 1203 1046 1273 γὰρ
1087 1202 1221 1269 ἐμόν
1274 1202 1411 1265 ἐστι,
1465 1201 1621 1270 φησὶ,
1668 1199 1821 1253 οὐδὲν
1855 1197 1949 1253 ἀπ’

368 1297 611 1367 ἐμαυτοῦ
647 1297 725 1361 ὡς
762 1295 1006 1360 ἀντίθεος
1038 1295 1373 1365 φθέγγομαι,
1398 1293 1516 1346 ἀλλ’
1550 1295 1695 1364 ειπερ
1750 1292 1817 1347 ἂν
1864 1294 1948 1363 εἴη

365 1386 461 1439 τοῦ
493 1386 732 1459 Πατρδς,
766 1385 941 1440 ταῦτα
972 1387 1066 1439 καὶ
1090 1385 1199 1444 ἐμά
1233 1388 1348 1438 ἐστι
1372 1385 1617 1457 ῥήματα.

444 1584 463 1617 ι
502 1566 629 1620 Ἐάν
656 1583 741 1628 τις
774 1566 903 1639 θέλῃ
923 1566 984 1619 τὸ
1009 1567 1219 1634 θέλημα
1250 1565 1415 1618 αὑτοῦ
1445 1568 1638 1630 ποιεῖν,
1683 1565 1951 1634 γνώσεται

369 1660 497 1730 περὶ
522 1662 622 1730 τῆς
642 1661 886 1732 διδαχῆς,
911 1664 1142 1731 πότερον
1167 1663 1229 1714 ὲκ
1261 1661 1354 1715 τοῦ
1384 1662 1520 1713 Θεοῦ
1561 1664 1731 1725 ἐστιν,
1759 1660 1791 1731 ἢ
1840 1661 1951 1728 ἐγὼ

369 1755 465 1806 ἀπ’
488 1752 733 1823 ἐμαυτοῦ
782 1754 950 1808 λαλῶ.
1003 1755 1062 1807 '0
1092 1756 1186 1822 ἀφ’
1218 1753 1412 1808 ἑαυτοῦ
1442 1753 1643 1819 λαλῶν,
1666 1754 1765 1825 τὴν
1792 1754 1951 1819 δόξαν

370 1845 470 1918 τὴν
506 1844 642 1898 ίδίαν
673 1847 829 1914 ζητεῖ
847 1888 863 1903 .
902 1846 958 1899 '0
986 1846 1040 1898 δὲ
1077 1846 1255 1917 ζητῶν
1278 1846 1377 1914 τὴν
1398 1845 1559 1911 δόξαν
1587 1844 1680 1898 τοῦ
1706 1822 1959 1915 πέμψαν·
1987 1822 2030 1876 Β

369 1956 459 2003 τος
486 1939 672 2006 αὐτὸν,
703 1934 857 2003 οὗτος
884 1939 1089 2009 ἀληθής
1140 1942 1278 1997 ἐστι,
1317 1940 1412 1995 καὶ
1450 1940 1634 1993 ἀδικία
1674 1940 1774 1993 οὐκ
1809 1938 1959 1993 ἔστιν

376 2033 434 2085 ὲν
465 2030 636 2101 αὐτῷ.
677 2051 696 2084 ι
757 2032 963 2097 Εἰπὼν,
1017 2032 1098 2085 ὅτι
1147 2052 1165 2084 ι
1216 2032 1278 2085 Ἠ
1314 2032 1421 2103 ἐμὴ
1450 2032 1635 2102 διδαχὴ
1665 2031 1765 2085 οὐκ
1810 2031 1957 2086 ἔστιν

372 2124 504 2196 ἐμὴ,
552 2144 571 2176 ι
603 2125 905 2190 τουτέστιν,
931 2125 1150 2179 ἐναντία
1179 2125 1323 2193 Θεῷ,
1361 2144 1380 2179 ι
1419 2125 1555 2178 ἀλλά
1582 2125 1677 2178 τοῦ
1738 2124 1957 2193 Πατρός

376 2216 477 2285 μοῦ
509 2220 681 2284 ἔστιν,
719 2236 738 2270 ι
773 2218 958 2287 φησὶν,
985 2197 1066 2271 ὅτι
1097 2218 1225 2271 Ἐάν
1263 2235 1348 2280 τις
1380 2217 1441 2271 τὺ
1463 2218 1675 2287 θέλημα
1702 2216 1797 2272 τοῦ
1823 2216 1957 2271 Θεοῦ

376 2311 526 2379 ποιῇ,
553 2310 853 2375 τουτέστιν,
875 2309 1004 2362 Ἐάν
1035 2326 1117 2372 τις
1141 2310 1343 2377 ἀρετῆς
1377 2310 1745 2377 ἀντιποιῆται,
1780 2305 1875 2360 καὶ
1895 2306 1956 2359 οὐ

375 2397 554 2466 φθόνῳ
602 2398 849 2469 δουλεύῃ,
882 2399 1003 2451 οὐδὲ
1066 2398 1144 2467 τῷ
1184 2400 1321 2467 πρός
1384 2416 1452 2468 με
1512 2398 1726 2468 ματαίῳ
1780 2396 1959 2467 φθόνῳ

375 2490 758 2561 ὲττισκοτῆται,
798 2490 1070 2558 γνώσεται
1110 2489 1216 2543 τῶν
1267 2490 1416 2559 ἐμῶν
1444 2491 1622 2557 λόγων
1650 2492 1747 2560 τὴν
1799 2488 1961 2543 δύνα-

386 2596 500 2647 μιν,
524 2579 618 2633 ἐάν
666 2596 725 2631 τε
755 2580 822 2632 τὰ
853 2579 946 2633 τοῦ
981 2580 1191 2650 Πατρός
1236 2581 1402 2643 λαλῶ,
1438 2582 1533 2633 saw
1574 2598 1633 2633 τε
1666 2580 1790 2647 ξένα
1838 2580 1963 2636 τινὰ

376 2669 469 2723 καὶ
503 2670 954 2740 παρηλλαγμένα.
987 2672 1214 2741 Θέλημα
1244 2673 1298 2725 δὲ
1340 2673 1434 2725 τοῦ
1482 2672 1617 2725 Θεοῦ
1671 2676 1831 2737 ποιεί,
1868 2675 1961 2729 καὶ

375 2763 404 2814 ὁ
433 2760 530 2820 τὰς
560 2762 785 2832 Γραφάς
831 2765 924 2816 καὶ
959 2765 1083 2826 τοὺς
1118 2767 1406 2835 προφήτας
1436 2764 1694 2833 ἐρευνῶν.
1718 2758 1796 2819 ’Ὁ
1830 2765 1961 2835 γοῦν

374 2852 619 2916 τοιοῦτος
648 2853 875 2908 δύναται
902 2856 1109 2922 γνῶναι
1142 2858 1276 2927 περὶ
1299 2857 1396 2926 τῆς
1431 2857 1526 2911 τοῦ
1562 2859 1769 2929 Κυρίου
1815 2859 1961 2914 διδαο

378 2945 500 3014 χῆς,
534 2946 616 2998 ὃτι
644 2946 751 2998 ἀπὸ
774 2945 907 3000 Θεοῦ
947 2950 1115 3002 ἐστιν.
1147 2948 1207 3002 ΟΞ
1262 2953 1546 3020 προφῆται
1587 2951 1697 3020 γὰρ
1725 2952 1827 3005 οὒκ
1859 2952 1959 3006 ἀν’

375 3036 553 3090 τίθεον
573 3037 855 3106 εἰσάγουσι
884 3039 974 3093 τὸν
992 3040 1197 3109 Κύριον
1220 3042 1315 3093 καὶ
1343 3044 1435 3110 ἀφ’
1457 3042 1655 3096 ἑαυτοῦ
1672 3043 1961 3111 λαλοῦντα,

2053 561 2157 597 non
2187 543 2327 610 quod
2372 542 2545 612 reipsa
2580 542 2902 607 admiretur,
2942 542 3035 597 sed
3069 540 3211 611 quod
3256 540 3517 595 aduratur
3546 538 3633 593 in-

2051 638 2216 700 vidia,
2246 637 2312 691 ad
2348 637 2512 692 vicini
2543 635 2867 692 calumniam
2896 650 3025 691 usus
3049 634 3245 690 talibus
3263 632 3630 688 sermonibus.

2052 729 2283 786 Omnino
2310 729 2478 793 enim,
2504 729 2656 794 dicit,
2697 728 2908 784 furalus
2961 737 3044 783 est
3075 736 3299 783 vestem.
3337 724 3428 781 Sic
3472 724 3639 795 igitur

2053 831 2109 878 et
2143 820 2311 877 Judrei
2350 839 2365 876 :
2402 839 2419 871 ι
2459 818 2740 886 Quomodo
2768 818 2858 875 hic
2904 818 3007 875 scit
3036 816 3289 874 litteras?
3321 834 3340 869 ι
3381 814 3633 871 Proletn

2052 929 2119 971 ex
2149 912 2432 969 Beelzehul
2462 910 2656 967 habet.
2687 911 2929 967 Tametsi
2963 911 3087 965 inde
3138 909 3259 965 illos
3324 908 3638 978 coniectare

2055 1009 2232 1079 potius
2258 1007 2545 1080 oportebat
2574 1020 2681 1061 non
2716 1020 2837 1060 esse
2873 1006 2975 1060 hoc
3003 1004 3298 1060 humanum
3336 1018 3351 1058 :
3385 983 3633 1068 sed'quia

2054 1101 2155 1155 hoc
2186 1098 2287 1169 ipsi
2318 1098 2475 1153 fateri
2504 1097 2813 1162 noluerunt,
2844 1096 2958 1167 ipse
2996 1097 3278 1166 respondet
3311 1095 3410 1157 eis,
3430 1094 3636 1149 docens

2053 1192 2196 1263 quod
2231 1207 2260 1245 a
2296 1189 2408 1247 Deo
2449 1203 2502 1245 et
2530 1190 2692 1245 Patre
2738 1190 2809 1245 sit
2836 1190 3077 1244 doctrina
3122 1190 3234 1244 illa.
3262 1187 3404 1242 Nihil
3457 1200 3635 1239 meum

2054 1296 2159 1352 εει,
2198 1284 2392 1353 inquit,
2432 1298 2607 1353 neque
2640 1298 2669 1337 a
2718 1282 2951 1352 meipso,
2984 1290 3237 1352 tanquam
3295 1277 3638 1335 adversarius

2056 1374 2187 1437 Deo.
2216 1375 2405 1444 loquor
2438 1392 2450 1429 :
2488 1374 2582 1430 sed
2640 1389 2983 1444 qumcunmte
3034 1373 3121 1427 illa
3177 1371 3383 1427 fuerint
3434 1369 3636 1431 Patris,

2056 1471 2171 1524 hanc
2209 1479 2263 1523 et
2296 1483 2412 1522 mea
2449 1468 2610 1524 verba
2644 1478 2789 1524 sunt.

2134 1562 2291 1618 Vnus.
2326 1562 2411 1631 i7,
2444 1563 2530 1617 18.
2570 1582 2589 1616 ι
2627 1562 2681 1616 Si
2708 1563 2831 1632 quis
2857 1560 3090 1615 voluerit
3114 1558 3445 1613 voluntatem
3471 1555 3642 1626 ipsius

2058 1655 2255 1717 facere,
2282 1655 2421 1710 sciet
2445 1656 2510 1708 de
2544 1652 2789 1708 doctrinm
2824 1661 3002 1705 utrum
3027 1665 3094 1705 ex
3131 1649 3238 1704 Deo
3263 1648 3357 1711 sit,
3380 1663 3447 1701 an
3481 1662 3582 1717 ego
3608 1663 3639 1700 a

2058 1748 2263 1815 meipso
2320 1746 2530 1817 loquar.
2560 1744 2662 1813 Qui
2696 1761 2723 1799 a
2764 1745 3057 1814 semetipso
3092 1742 3353 1812 loquitur,
3414 1741 3641 1812 gloriam

2060 1840 2332 1911 propriam
2392 1840 2588 1911 quarrit
2620 1852 2634 1894 :
2684 1839 2773 1910 qui
2809 1849 2988 1892 autem
3022 1836 3215 1906 quzerit
3254 1835 3479 1907 gloriam
3524 1833 3643 1903 eius

2059 1934 2152 2006 qui
2198 1933 2346 1988 misit
2380 1935 2580 2005 ipsum,
2610 1933 2696 1989 hic
2726 1948 2893 1987 verax
2942 1939 3048 1997 est,
3077 1940 3130 1986 et
3155 1929 3417 1999 iniustitia
3468 1928 3521 1982 in
3578 1943 3644 1983 eo

2059 2043 2170 2084 non
2207 2034 2309 2081 est.
2353 2044 2371 2077 ι
2402 2026 2625 2081 Dixerat
2660 2043 2675 2079 :
2709 2043 2727 2076 ι
2767 2024 2881 2079 Mea
2913 2023 3160 2078 doctrina
3191 2037 3294 2075 non
3322 2032 3408 2075 est
3438 2034 3577 2084 mea,
3619 2037 3638 2071 ι

2060 2117 2165 2173 hoc
2190 2126 2295 2181 est,
2344 2115 2655 2171 adversaria
2702 2114 2833 2182 Deo,
2894 2130 2912 2164 ι
2961 2114 3055 2168 sed
3093 2111 3272 2165 Patris
3318 2110 3423 2165 mei
3476 2122 3579 2176 εει,
3620 2128 3637 2161 ι

2062 2210 2260 2279 inquit.
2295 2206 2352 2262 Si
2403 2208 2523 2276 quis
2569 2206 2900 2262 voluntatem
2942 2203 3034 2259 Dei
3078 2201 3294 2265 fecerit,
3325 2202 3429 2255 hoc
3461 2210 3565 2265 est,
3599 2201 3644 2254 si

2061 2304 2313 2358 virtutem
2336 2303 2671 2369 amplexatus
2698 2299 2882 2359 fuerit,
2911 2307 2965 2353 et
3001 2297 3216 2353 invidia:
3246 2310 3350 2350 non
3373 2294 3643 2357 servierit,

2064 2408 2239 2463 neque
2279 2408 2418 2447 vano
2459 2401 2650 2448 contra
2713 2404 2800 2444 me
2842 2389 2967 2443 odio
3012 2387 3405 2443 obtenebratus
3460 2385 3645 2445 fuerit,

2063 2485 2199 2541 sciet
2245 2499 2488 2540 meorum
2546 2496 2862 2540 sermonum
2888 2479 3169 2545 virtutem,
3215 2493 3344 2533 num
3407 2492 3469 2533 ea
3525 2492 3647 2547 quae

2062 2578 2242 2635 Patris
2286 2588 2410 2635 sunt
2439 2578 2652 2649 loquar,
2703 2595 2771 2634 an
2808 2576 2982 2635 aliena
3008 2589 3063 2635 et
3096 2578 3317 2648 indigna
3370 2576 3641 2646 quaedam.

2064 2667 2408 2724 Voluntalem
2467 2677 2648 2725 autem
2706 2670 2798 2725 Dei
2839 2669 2968 2725 facit
3001 2679 3056 2725 et
3099 2670 3192 2740 qui
3238 2668 3552 2737 Scripturas
3594 2679 3649 2723 et

2063 2760 2363 2831 prophetas
2420 2770 2716 2817 scrutatur.
2770 2762 2938 2833 Igitur
2999 2764 3090 2833 qni
3154 2763 3274 2817 talis
3315 2770 3417 2826 est,
3452 2760 3650 2830 poterit

2066 2855 2209 2910 scire
2239 2855 2305 2910 de
2328 2853 2570 2910 doctrina
2604 2854 2816 2909 Domini
2835 2855 2976 2923 quod
3009 2869 3074 2910 ex
3104 2853 3209 2908 Deo
3230 2854 3322 2908 sit.
3347 2850 3480 2905 Nam
3521 2866 3647 2919 pro-

2069 2947 2245 3017 phetm
2274 2962 2378 3002 non
2405 2947 2669 3003 inducunt
2700 2946 2983 3002 Dominum
3024 2947 3132 3001 Deo
3172 2942 3567 3007 adversarium,
3594 2952 3651 2996 et

2071 3054 2102 3094 a
2132 3039 2313 3108 seipse
2349 3037 2687 3109 loquentem,
2722 3038 2817 3094 sed
2853 3038 3035 3094 omnia
3054 3052 3185 3108 quae
3212 3038 3320 3092 Deo
3346 3044 3651 3106 congruunt

376 3123 513 3178 ἀλλά
543 3124 720 3179 πάντα
769 3126 839 3179 τὰ
864 3127 941 3197 τῷ
987 3127 1106 3197 Θεῷ
1140 3128 1428 3196 δοκοῦντα,
1461 3131 1557 3183 καὶ
1577 3131 1808 3199 λέγοντα
1864 3133 1960 3185 καὶ

383 3231 419 3233 ξ
437 3232 443 3233 ,
472 3216 485 3233 ν
734 3213 799 3233 που
968 3219 980 3233 ι
1022 3220 1043 3233 η
1256 3220 1269 3233 α
1461 3221 1474 3233 ι
1566 3224 1579 3233 ι
1713 3221 1724 3233 ι
1873 3223 1889 3233 ι
1917 3224 1929 3233 ι

2069 3144 2122 3186 et
2160 3133 2427 3187 dicentem
2471 3141 2525 3186 et
2557 3130 2868 3187 facientem.
2896 3130 3122 3201 Insuper
3161 3141 3213 3186 et
3266 3129 3426 3184 aliam
3483 3130 3649 3182 ratio-

376 3216 713 3286 πράττοντα.
732 3213 866 3270 Εἶτα
896 3219 989 3272 καὶ
1022 3220 1210 3291 ἕτερον
1256 3220 1518 3291 λογισμὸν
1562 3221 1841 3293 ἐπιφέρει,
1873 3223 1957 3277 λέ-

379 3323 492 3374 γων
517 3325 532 3340 ο
587 3307 648 3363 '0
691 3310 785 3379 ἀφ’
810 3312 1004 3365 ἑαυτοῦ
1027 3313 1224 3379 λαλῶν,
1244 3315 1545 3378 τουτέστιν,
1580 3315 1608 3367 ὁ
1637 3315 1964 3388 βουλόμενος

385 3400 524 3452 ίδίαν
578 3402 777 3471 στῆσαι
832 3403 1208 3468 διδασκαλίαν,
1257 3407 1323 3458 δι’
1375 3406 1531 3459 οὐδὲν
1571 3406 1761 3478 ἕτερον
1807 3407 1967 3462 τοῦτο

380 3495 543 3560 ποιεῖ,
576 3493 794 3565 ἢχάριν
845 3494 939 3549 τοῦ
980 3496 1140 3563 δόξαν
1182 3499 1305 3551 τινὰ
1340 3501 1403 3552 ὲκ
1439 3499 1631 3554 τούτου
1661 3500 1963 3571 καρπώσα-

382 3584 528 3639 σθαι.
586 3586 650 3639 Ei
683 3586 741 3642 δὲ
770 3586 901 3654 ἐγὼ,
938 3589 1123 3658 φησιν,
1156 3590 1217 3641 οὐ
1268 3589 1527 3660 βούλομαι
1565 3592 1966 3664 καρπώσασθαι

380 3676 537 3742 δόξαν
562 3678 719 3742 ίδίαν,
746 3679 881 3733 ἀλλὰ
908 3680 1008 3751 τὴν
1034 3680 1192 3745 δόξαν
1218 3682 1309 3735 τοῦ
1337 3683 1655 3753 πέμψαντός
1692 3703 1759 3755 με
1792 3685 1962 3755 ζητῶ,

380 3768 526 3833 τίνος
556 3771 741 3826 ἕνεκεν
774 3772 1066 3842 βουλοίμην
1096 3771 1160 3826 ἂν
1181 3775 1344 3844 ἕτερα
1376 3774 1650 3828 διδάσκειν
1680 3792 1694 3841 ;
1725 3775 1966 3848 ’Λληθὴς

381 3857 475 3915 οὖν
497 3863 635 3930 ειμι,
665 3864 758 3916 καὶ
787 3864 887 3917 οὐκ
929 3864 1078 3920 ἔστιν
1128 3866 1311 3919 ἀδικία
1345 3868 1400 3917 ὲν
1436 3867 1598 3936 ἐμοί·
1653 3867 1955 3931 τουτέστιν,

390 3955 467 4008 Οὐ
489 3953 645 4021 δόξαν
706 3957 879 4027 ἑτέρῳ
930 3958 1278 4028 ἁρμόζουσαν
1330 3959 1595 4028 ἁρπὰςω’
1649 3959 1809 4012 τοῦτο
1857 3959 1965 4030 γὰρ

381 4049 587 4103 ἀδικία.
618 4049 779 4102 Ὥστε
827 4050 1078 4121 ήδιδαχή
1118 4067 1219 4119 μου
1264 4052 1361 4104 καί⁵
1410 4051 1670 4122 ἀλήθειαν
1700 4053 1834 4122 ἔχει,
1876 4055 1967 4105 καὶ

381 4136 734 4209 δικαιοσύνην
765 4139 822 4191 ὲν
866 4139 1073 4209 ταύτῷ.
1105 4141 1181 4193 Οὐ
1217 4141 1323 4211 γὰρ
1356 4139 1416 4205 ἐξ
1467 4141 1787 4204 ἀλαζονείας
1820 4143 1967 4210 γίνε-

381 4248 493 4297 ται,
532 4231 618 4285 ἵνα
664 4233 759 4286 καὶ
816 4232 874 4286 τὸ
901 4231 1097 4302 ψευδὲς
1122 4232 1222 4305 έχῃ
1256 4234 1350 4287 καὶ
1392 4234 1453 4287 τὸ
1490 4234 1694 4289 ἄδικον.
1747 4234 1808 4287 Ὀ
1858 4235 1967 4306 γὰρ

382 4323 598 4387 ἀλαζὼν
652 4324 747 4378 καὶ
794 4324 1067 4394 ψεύδεται,
1111 4326 1246 4379 καθὸ
1304 4325 1436 4397 περὶ
1486 4326 1650 4380 αὐτοῦ
1712 4326 1777 4379 τὰ
1825 4326 1966 4397 ὑπὲρ

385 4418 486 4487 τὴν
517 4416 675 4481 ἀξίαν
720 4417 886 4471 αὐτοῦ
921 4418 1090 4487 λέγει,
1122 4418 1215 4473 καὶ
1268 4419 1466 4485 ἀδικεῖ,
1487 4419 1623 4473 καθὸ
1656 4420 1758 4490 τὴν
1809 4420 1966 4473 ἀλλος

2070 3240 2191 3277 nem
2229 3223 2433 3289 subdit,
2474 3224 2663 3279 dicens
2692 3241 2705 3278 :
2733 3224 2835 3290 Qui
2877 3239 2905 3279 a
2931 3223 3111 3294 seipse
3147 3221 3405 3292 loquitur,
3432 3220 3533 3276 hoc
3567 3232 3648 3275 est

2069 3318 2159 3384 qni
2192 3315 2302 3371 vnit
2326 3317 2599 3388 propriam
2633 3325 2879 3373 statuere
2904 3316 3235 3384 doctrinam,
3261 3324 3484 3387 propter
3506 3314 3646 3369 nihil

2069 3408 2213 3464 aliud
2244 3410 2346 3465 hoc
2373 3409 2523 3474 facit,
2554 3426 2719 3479 quam
2751 3418 2809 3466 ut
2840 3410 3068 3482 gloriam
3099 3411 3389 3478 quamdam
3422 3409 3643 3463 inanem

2070 3498 2198 3557 inde
2218 3501 2500 3572 percipiat.
2536 3499 2593 3557 Si
2620 3514 2801 3557 autem
2826 3516 2949 3572 ego,
2983 3500 3181 3572 inquit,
3214 3499 3397 3572 gloriae
3422 3499 3652 3569 propria:

2071 3593 2302 3649 fructum
2336 3594 2477 3661 nolo,
2517 3594 2611 3651 sed
2638 3594 2865 3667 gloriam
2894 3593 3010 3663 ejus
3030 3592 3122 3663 qui
3156 3607 3241 3647 me
3272 3591 3418 3647 misit
3445 3605 3649 3660 qurere.

2070 3685 2227 3755 cuius
2258 3686 2432 3757 gratia
2476 3688 2635 3742 velim
2666 3688 2773 3741 alia
2808 3689 3005 3742 docere
3042 3701 3054 3740 :
3097 3701 3258 3739 verax
3312 3684 3474 3755 igitur
3508 3698 3649 3747 sum,

2069 3786 2123 3831 et
2180 3793 2283 3831 non
2330 3785 2415 3832 est
2457 3776 2720 3845 iniustitia
2770 3780 2821 3832 in
2866 3793 2950 3832 me
2982 3793 2995 3829 :
3030 3776 3136 3830 hoc
3193 3787 3277 3830 est
3340 3791 3447 3829 non
3502 3775 3652 3844 rapio

2070 3869 2298 3937 gloriam
2324 3870 2479 3926 alteri
2518 3871 2781 3927 debitam.
2814 3868 2929 3925 lloc
2970 3871 3115 3926 enim
3154 3869 3431 3937 iniustitite
3491 3868 3647 3922 l‘oret.

2070 3961 2246 4030 Atque
2282 3960 2356 4016 ita
2407 3961 2648 4015 doctrina
2682 3976 2800 4015 mea
2835 3970 2889 4015 et
2920 3964 3202 4017 veritatem
3249 3958 3652 4027 complccritnr,

2072 4065 2125 4109 et
2151 4054 2424 4123 justitiam
2464 4056 2516 4110 in
2552 4070 2632 4111 se.
2665 4054 2781 4112 Non
2818 4055 2960 4111 enim
3002 4070 3067 4108 ex
3120 4053 3429 4123 arrogantia
3478 4053 3555 4118 lit,
3594 4064 3651 4105 ut

2073 4147 2412 4202 mendacium
2441 4147 2636 4202 habeat
2670 4163 2733 4203 ac
2767 4146 3112 4216 iniustitiam;
3142 4146 3413 4215 Arrogans
3442 4158 3572 4198 vero
3600 4155 3655 4196 et

2072 4237 2354 4304 mentitur,
2382 4253 2448 4294 eo
2501 4238 2643 4307 quod
2674 4239 2742 4293 de
2769 4252 2828 4293 se
2856 4236 2976 4308 plus
3004 4252 3167 4308 quam
3195 4248 3454 4300 meretur,
3491 4235 3651 4299 dicit,

2070 4339 2119 4383 et
2175 4328 2371 4398 iniuste
2403 4330 2533 4400 agit,
2562 4330 2690 4400 quia
2745 4330 2976 4385 alienam
3027 4338 3082 4384 et
3113 4329 3214 4385 sibi
3263 4328 3654 4384 inconvenien-

2072 4426 2178 4473 tem
2233 4419 2459 4491 gloriam
2507 4421 2666 4490 rapit.
2726 4422 2795 4476 At
2847 4420 3109 4476 Dominus
3149 4421 3275 4491 Quia
3326 4434 3447 4490 qua:
3476 4418 3654 4472 Patris

390 4510 548 4581 τρίαν
576 4510 673 4563 καί⁹
708 4509 873 4581 μηδὲν
900 4510 1050 4581 αὐτῷ
1094 4513 1483 4582 προσήκουσαν
1510 4511 1667 4577 δόξαν
1702 4511 1960 4583 ἁρπάζει.

2071 4518 2194 4564 sunt
2232 4509 2529 4579 qurerebat,
2559 4519 2613 4565 et
2659 4508 2791 4565 nihil
2838 4510 2904 4566 de
2953 4524 3011 4565 se
3061 4517 3382 4578 arroganter
3411 4507 3644 4567 dicebat,

397 4601 456 4653 ὐ
480 4602 537 4654 δὲ
569 4601 775 4672 Κύριος
803 4601 991 4673 ἐπειδή
1012 4600 1082 4654 τὰ
1105 4601 1200 4654 τοῦ
1219 4602 1431 4672 Πατρδς
1455 4603 1659 4670 ἐζήτει,
1692 4603 1788 4655 καὶ
1810 4602 1964 4655 οὐδὲν

387 4694 516 4763 περὶ
546 4694 743 4748 ἑαυτοῦ
783 4693 1166 4763 ἠλαζονεύετο,
1205 4694 1301 4747 καὶ
1345 4694 1555 4765 ἀληθής
1591 4695 1708 4746 ἐστι
1750 4695 1965 4757 πάντως

384 4786 479 4838 καὶ
494 4785 723 4849 δίκαιος.
743 4784 1018 4855 Πολλαχοῦ
1043 4785 1100 4838 δὲ
1134 4784 1385 4856 εἴπομεν,
1436 4786 1532 4839 καὶ
1582 4783 1678 4837 νῦν
1708 4784 1964 4856 λέγομεν,

384 4874 466 4927 ὃτι
494 4875 621 4929 ὅταν
662 4876 896 4929 ταπεινά
921 4893 1040 4928 τινα
1076 4875 1251 4944 λέγων
1287 4876 1545 4947 φαίνηται
1579 4876 1607 4928 ὁ
1637 4874 1866 4945 Κύριος,
1901 4875 1964 4928 οὐ

385 4962 466 5017 δεῖ
518 4965 788 5036 νομίζειν,
822 4967 904 5020 ὅτι
933 4966 1009 5030 ὡς
1038 4966 1277 5022 ἐλάττων
1305 4967 1381 5021 ὢν
1432 4970 1526 5020 τοῦ
1573 4966 1785 5037 Πατρὺς
1824 4965 1966 5020 κατά

387 5056 573 5126 φύσιν,
616 5058 790 5111 ταῦτα
832 5059 1157 5129 φθέγγεται,
1188 5061 1325 5115 ἀλλά
1368 5061 1458 5115 διὰ
1492 5062 1551 5114 τὸ
1588 5063 1664 5135 μὴ
1720 5062 1967 5128 ἀντίθεος

388 5150 734 5221 νομισθῆναι,
768 5152 861 5204 καὶ
887 5152 976 5206 διὰ
1020 5152 1117 5223 τὴν
1160 5152 1451 5207 ἀσθένειαν
1484 5152 1593 5206 τῶν
1638 5152 1967 5223 ἀκουόντων,

388 5244 481 5296 καὶ
510 5243 599 5296 διὰ
630 5246 689 5297 τὸ
730 5246 913 5316 σάρκα
963 5246 1416 5317 περιϐεϐλῆσθαι,
1448 5247 1541 5299 καὶ
1583 5246 1671 5299 διὰ
1721 5247 1781 5301 τὸ
1814 5245 1967 5302 διδά-

392 5337 712 5406 σκεινήμᾶς
746 5336 1088 5408 μετριάζειν,
1122 5339 1217 5392 καὶ
1257 5338 1422 5409 μηδὲν
1458 5339 1601 5408 μέγα
1630 5338 1809 5407 λέγειν
1837 5339 1967 5411 περὶ

390 5428 623 5483 ἑαυτῶν.
654 5429 825 5482 Ὅταν
877 5431 932 5483 δέ
966 5448 1030 5499 γε
1083 5430 1263 5502 ὑψηλά
1310 5434 1405 5485 καὶ
1449 5432 1579 5503 περὶ
1621 5432 1720 5501 τῆς
1763 5432 1970 5498 οίκείας

388 5519 546 5591 δόξης
593 5522 919 5591 φθέγγηται,
949 5522 1055 5594 χρὴ
1113 5522 1390 5576 πιστεύειν
1434 5524 1603 5593 ἡμᾶς,
1638 5523 1720 5577 ὅτι
1773 5524 1848 5588 ὼς
1891 5523 1970 5595 τῷ

390 5612 504 5667 ὄντι
549 5611 663 5677 ἴσος
714 5614 793 5682 τῷ
833 5614 1032 5686 Πατρὶ,
1070 5614 1242 5669 ταῦτα
1286 5613 1353 5667 τὰ
1412 5613 1595 5685 ὑψηλά
1647 5614 1966 5685 φθέγγεται,

390 5704 478 5757 διὰ
513 5704 573 5758 τὸ
617 5704 846 5775 μέγεθος
897 5707 996 5774 τῆς
1042 5707 1247 5771 οἰκείας
1292 5707 1527 5775 φύσεως.

470 5814 488 5848 ι
525 5797 597 5852 Οὐ
619 5797 823 5865 Μωσῆς
846 5797 1076 5853 δέδωκεν
1095 5799 1223 5872 ὑμῖν
1252 5797 1344 5855 τὸν
1364 5799 1526 5872 νόμον
1552 5799 1691 5867 ;Κα“ι
1716 5798 1888 5863 οὐδεὶς
1912 5797 1970 5865 ἐξ

2067 4602 2290 4656 otnnino
2323 4610 2378 4655 et
2406 4616 2569 4657 verax
2593 4610 2676 4656 est
2702 4611 2755 4658 et
2778 4603 2977 4672 iustus.
3012 4600 3164 4671 Sa'pe
3187 4611 3365 4655 autem
3392 4599 3649 4667 diximus,

2070 4700 2125 4744 et
2154 4707 2298 4745 nunc
2325 4704 2539 4761 quoque
2563 4691 2817 4756 dicimus,
2842 4690 3010 4762 606
3042 4688 3189 4759 quod
3219 4687 3435 4758 quando
3470 4686 3653 4741 Domi-

2070 4798 2171 4840 nus
2195 4783 2419 4839 humilia
2445 4782 2691 4854 quaedam
2720 4783 2903 4838 dicere
2932 4784 3169 4847 videtur,
3198 4794 3302 4835 non
3325 4778 3650 4836 existiman-

2070 4876 2195 4931 dum
2225 4876 2340 4930 hare
2360 4875 2507 4930 illum
2548 4875 2731 4931 dicere
2761 4874 2901 4945 quod
2936 4882 3125 4928 natura
3157 4871 3336 4927 minor
3364 4870 3435 4926 sit
3472 4867 3653 4935 Patre,

2070 4969 2166 5023 sed
2213 4983 2284 5024 ne
2315 4968 2584 5024 habeatur
2620 4967 2966 5023 adversarius
3009 4966 3141 5031 Deo,
3169 4976 3222 5021 et
3242 4973 3462 5035 propter
3497 4962 3650 5018 audi-

2072 5067 2250 5117 torum
2292 5061 2741 5127 imbecillitatem,
2773 5071 2827 5116 et
2856 5067 3140 5131 proiiterea
3165 5057 3312 5130 quod
3332 5069 3495 5112 carne
3512 5053 3652 5109 ami-

2070 5163 2190 5210 ctus
2210 5153 2305 5221 sit,
2335 5162 2501 5225 utque
2541 5168 2639 5209 nos
2668 5154 2861 5207 doceat
2919 5152 3193 5207 modestos
3239 5163 3382 5212 esse,
3410 5156 3466 5204 et
3521 5146 3652 5200 nihil

2072 5260 2324 5317 magnum
2356 5248 2422 5301 de
2467 5243 2621 5300 nobis
2647 5244 2780 5315 ipsis
2817 5243 3022 5298 dicere.
3058 5240 3282 5309 Quando
3326 5248 3505 5295 autem
3556 5253 3653 5291 su-

2070 5338 2256 5393 blimia
2307 5346 2362 5393 et
2418 5338 2484 5393 de
2537 5352 2633 5391 sua
2669 5336 2849 5393 divina
2893 5334 3062 5405 gloria
3118 5333 3379 5405 loquitur,
3438 5338 3657 5401 oportet

2072 5429 2295 5486 credere
2335 5444 2433 5486 nos
2483 5430 2625 5499 quod
2674 5428 2899 5499 grandia
2962 5428 3075 5482 haec
3126 5437 3184 5482 ut
3217 5423 3445 5497 aequalis
3503 5421 3651 5477 Patri

2076 5524 2349 5595 'oquatur,
2385 5535 2605 5595 propter
2633 5523 3059 5591 magnitudinem
3095 5536 3209 5577 sua:
3249 5529 3479 5575 naturae.

2148 5790 2428 5886 \leas.‘l9,
2457 5789 2563 5882 20..
2593 5808 2615 5881 ι
2646 5788 2837 5848 Nonne
2869 5782 3219 5881 Mosesdedit
3243 5782 3400 5843 vobis
3431 5777 3648 5857 legem!
