3960 6454
314 335 457 403 i333
996 329 1441 393 ENARRATIO
1484 330 1563 390 ΙΝ
1604 330 1743 391 EVA
1753 329 1878 390 NG]

2016 331 2103 392 ΕΜ
2141 328 2485 393 JOANNIS.
2515 354 2582 366 -·
2619 328 2778 391 CAP.
2820 329 2955 390 VII.
3445 323 3580 392 1334

305 453 456 520 ὄψιν,
512 470 531 503 ι
587 450 710 505 ἀντὶ
761 446 879 510 τοῦ.
932 447 1168 508 Δικαίως
1229 445 1325 499 καὶ
1370 442 1865 516 ἀπροσωπολήπτω

2018 448 2478 519 'eprcltensionem
2511 447 2730 517 ponitis,
2759 448 2801 501 si
2832 461 2917 501 me
2957 443 3330 502 iudicaveritis
3348 444 3582 499 maxime

305 544 647 615 ψηφίσασθε.
679 544 770 615 Μὴ
798 542 889 595 τὸν
924 542 1022 610 μὲν
1053 539 1259 594 Maneat
1288 540 1486 593 λύοντα
1524 540 1587 593 τὸ
1617 540 1869 593 Σάϐϐατα

2014 538 2390 596 benefaciendo
2428 541 2654 608 homini,
2690 540 2984 595 Sabbatum
3016 554 3125 595 non
3176 538 3578 594 observantem.

308 639 400 691 διὰ
449 640 547 707 τῆς
594 635 920 705 περιτομῆς,
948 632 1053 699 ἔξω
1100 632 1361 703 μέμψεως
1406 631 1585 685 τίθετε
1616 650 1631 665 ·
1679 634 1779 703 ἐμὲ
1836 631 1872 685 δὲ

2020 631 2349 686 llaniiestum
2386 631 2527 684 enim
2590 633 2731 701 quod
2772 645 3055 701 personam
3090 628 3380 700 recipiatis,
3413 628 3457 683 si
3500 642 3584 683 me

311 731 698 801 κατακρίνετε,
729 729 821 781 καὶ
847 727 1021 780 ταῦτα
1049 726 1132 777 ἐπ’
1164 725 1455 797 εὐεργεσίᾳ
1495 724 1787 795 ἀνθρώπου
1834 725 1875 777 τὲ

2020 734 2223 793 )I‘Oplel‘
2255 724 2613 777 humilitatem
2674 724 3072 789 condemnatis,
3115 732 3172 776 et
3234 719 3416 776 Mosen
3460 734 3584 791 pro-

313 823 595 875 Σάϐὅατον
656 820 1061 875 καταλύσαντα.
1097 819 1172 870 Τὸ
1200 820 1332 889 ἷγὰρ
1382 818 1473 873 τὸν
1532 818 1630 887 μὲν
1688 817 1877 872 Μωσέο

1629 838 1630 853 ι
1688 817 1895 872 Μωσέα
2004 827 2124 886 pter
2153 816 2271 886 ejus
2315 817 2627 887 dignitatem
2661 833 2762 871 non
2796 817 3193 874 condemnatis.

312 916 421 980 ἔξω
450 916 711 987 μέμψεως
741 914 946 969 τιθέναι
975 914 1064 968 διὰ
1100 913 1160 965 τδ
1187 912 1282 967 τοῦ
1322 911 1617 981 προσώπου
1645 911 1886 983 ἀξίωμα,
1920 909 2018 980 ἐμὲ
2083 910 2140 963 δὲ
2173 909 2440 964 δοκοῦντα
2466 910 2713 981 γᾶδοξον,
2739 910 3112 982 κατακρίνειν,
3154 905 3589 981 προσωποληψία

317 1016 517 1081 σαφής.

401 1127 418 1156 ι
463 1106 687 1172 Ἔλεγον
711 1097 805 1156 οὖν
833 1119 977 1165 τινες
1016 1103 1078 1155 ὲκ
1120 1100 1231 1155 τῶν
1270 1099 1751 1172 Ἱεροσολυμιτῶν·
1789 1099 1904 1168 Οὐχ

2085 1097 2255 1158 Vens.
2283 1096 2474 1154 25-27.
2497 1117 2514 1149 ι
2556 1097 2961 1163 Dicebantergo
2977 1095 3195 1164 quidam
3229 1108 3298 1149 ex
3332 1091 3592 1147 Hieroso-

316 1194 474 1260 οἲτὸς
510 1200 656 1250 ἐστιν
683 1195 742 1248 ὃν
770 1194 1022 1264 ζητοῦσιν
1048 1193 1366 1246 ἀποκτεῖναι
1391 1208 1406 1258 ;
1441 1192 1551 1244 Καὶ
1590 1192 1665 1246 ἴδε
1687 1192 1880 1262 «appr,

2034 1196 2291 1267 ymitanis
2322 1211 2336 1246 :
2389 1192 2579 1245 Nonne
2602 1188 2966 1258 bicestquem
2987 1198 3233 1256 qmerunt
3255 1185 3598 1242 interﬁcere?

321 1295 415 1363 σία
450 1290 622 1353 λαλεῖ,
647 1289 739 1342 καὶ
772 1287 927 1341 οὐδὲν
969 1286 1118 1355 αὐτῷ
1148 1285 1390 1354 λέγουσι.
1428 1286 1661 1356 Μήποτε
1694 1283 1885 1356 ἀληθῶ.

2030 1288 2178 1357 ωηιιί
2209 1300 2340 1340 ecce
2370 1283 2544 1354 palam
2574 1283 2834 1351 loquitur,
2868 1289 2923 1335 et
2956 1279 3091 1336 nihil
3123 1280 3171 1335 ei
3198 1280 3408 1335 dicunt.
3455 1278 3594 1333 [Num

321 1386 569 1452 ἔγνωσαν
603 1384 651 1435 οἱ
696 1383 978 1452 ἄρχοντες,
1004 1380 1087 1432 ὅτι
1117 1372 1271 1437 οὗτός
1303 1380 1452 1431 ἐστιν
1484 1377 1698 1448 ἀληθῶς
1726 1378 1754 1430 ὁ
1774 1378 1885 1446 Χρι

2037 1394 2144 1435 rere
2182 1383 2558 1447 cognoverunt
2608 1375 2881 1445 principes
2926 1375 3072 1428 hunc
3102 1387 3225 1427 esse
3256 1386 3386 1428 vere
3437 1369 3601 1426 Chri-

322 1479 450 1540 στὸς
477 1493 491 1540 ς
532 1475 694 1530 Ἀλλὰ
725 1474 911 1527 τοῦτον
935 1473 1177 1541 οἴδαμεν,
1210 1471 1373 1526 πόθεν
1400 1471 1546 1524 ἐστίν
1573 1485 1584 1499 ’
1615 1472 1643 1523 ὁ
1686 1470 1744 1523 δὲ
1779 1470 1886 1540 Χρι

2035 1472 2211 1529 stum?
2240 1470 2347 1526 Sed
2382 1470 2525 1526 hunc
2550 1469 2801 1525 novimus
2825 1469 2966 1522 unde
2997 1468 3069 1523 sit
3095 1486 3108 1521 :
3136 1463 3388 1521 Christus
3417 1472 3599 1519 autem

326 1568 452 1630 στος
490 1568 616 1621 ὅταν
646 1566 898 1637 ἔρχηται,
949 1565 1126 1628 οὐδεὶς
1164 1563 1423 1631 γινώσκει
1466 1562 1630 1617 πόθεν
1684 1562 1853 1615 ἐστίν.

2040 1583 2144 1621 :um
2177 1566 2408 1630 venerit,
2444 1577 2604 1618 nemo
2627 1563 2731 1617 scit
2763 1560 2906 1615 unde
2932 1560 3027 1616 sit.
3074 1578 3094 1612 ι
3129 1556 3248 1612 Non
3281 1554 3604 1625 simpliciter

326 1659 443 1729 Οὐχ
472 1659 659 1720 ἁπλῶς
707 1658 804 1711 καὶ
839 1657 1015 1727 μάτην
1045 1655 1363 1723 πρόσκειται
1396 1654 1457 1707 τὸ
1479 1693 1494 1717 ,
1528 1641 1554 1705 ἰ
1609 1653 1767 1716 Τινὲς
1806 1650 1890 1705 τῶ

2033 1661 2398 1729 ὠεῳιθεαιιεει
2416 1657 2635 1728 adjecit.
2664 1653 2926 1722 «Quidam
2941 1648 3553 1722 exﬂierosolymitanis,
3580 1667 3597 1697 ο

338 1749 809 1821 Ἱεροσολυμιτῶν,
846 1767 863 1800 t
899 1749 1015 1803 ἀλλ’
1051 1750 1139 1802 ἴνα
1165 1747 1335 1821 δείξῃ,
1363 1748 1445 1800 ὅτι
1472 1746 1522 1799 οἱ
1541 1746 1778 1817 μάλιστα
1809 1743 1902 1798 stin

2042 1754 2117 1809 sed
2147 1763 2205 1808 ut
2231 1752 2485 1807 ostendat
2532 1748 2679 1820 quod
2727 1764 2850 1803 cum
2899 1746 3133 1800 maxima
3186 1744 3295 1799 illis
3346 1740 3606 1797 miracula

328 1841 588 1912 μεγάλων
612 1840 1023 1904 ἀπολαύσαντες
1053 1840 1321 1912 σημείων,
1353 1831 1501 1891 οὗτοι
1537 1839 1754 1892 πάντων
1777 1832 1892 1909 ἧσαι

2046 1847 2358 1914 :venissent,
2397 1844 2642 1900 omnium
2685 1841 2882 1897 fuerint
2907 1838 3291 1896 miserremini.
3329 1834 3610 1904 Quomodo

326 1933 673 2004 ἀθλιώτεροι.
727 1933 850 1998 Πῶς
884 1935 993 2002 γὰρ
1030 1934 1130 1987 οὐκ
1172 1932 1369 1994 ἄθλιοι,
1407 1932 1488 1985 ὅτι
1519 1931 1666 2001 μέγα
1697 1932 1890 1999 σημεῖο

2048 1937 2172 1991 enim
2206 1950 2309 1989 non
2346 1934 2423 2004 (a)
2458 1933 2666 2000 miseri,
2692 1931 2784 2001 qui
2829 1932 2946 1986 viso
2989 1943 3183 1999 magno
3218 1925 3438 1984 deitatis
3466 1924 3612 1981 illius

324 2027 429 2095 τῆς
455 2026 620 2079 αὐτοῦ
653 2025 907 2095 θεότητος
938 2024 1162 2087 ἰδόντες,
1197 2023 1277 2076 ἔτι
1304 2023 1697 2095 διεφθαρμένοι
1724 2024 1833 2077 εἰσὶ
1856 2042 1886 2077 τ

2046 2030 2205 2101 signo,
2247 2027 2425 2083 adhuc
2458 2034 2773 2095 corruptum
2820 2023 3026 2079 habent
3059 2018 3368 2090 judicium?
3396 2016 3610 2073 Etenim

331 2118 551 2188 κρίσει;
591 2119 749 2185 Μέγα
795 2117 893 2188 μὲν
927 2118 1035 2186 γὰρ
1086 2119 1310 2185 σημεῖον
1344 2110 1526 2186 εἶχον,
1572 2116 1732 2186 εἴπερ
1760 2115 1894 2184 ἡϐού

2049 2137 2286 2194 nagnum
2315 2120 2534 2190 quidem
2567 2117 2885 2173 habuissent
2912 2116 3125 2185 signum
3147 2155 3162 2179 ,
3193 2115 3237 2167 si
3291 2110 3613 2171 voluissent.

331 2213 513 2277 λοντο,
552 2214 613 2265 "ab
652 2213 708 2264 ἐν
755 2211 904 2281 μέσῳ
930 2211 1040 2262 τῶν
1070 2211 1191 2263 κατ’
1220 2208 1386 2263 αὐτοῦ
1426 2208 1744 2263 λυττώντων
1781 2212 1893 2281 παῤ

2053 2216 2171 2286 [uod
2196 2213 2381 2269 invitis
2402 2221 2457 2266 et
2482 2209 2880 2266 insanientibus
2905 2208 3039 2278 ipsis
3065 2213 3258 2261 contra
3280 2218 3428 2268 eum,
3448 2200 3617 2257 libere

337 2303 702 2373 ρησιᾶζεσθαι
740 2303 922 2367 αὑτὸν,
957 2304 1053 2356 καὶ⁴
1103 2303 1271 2372 μηδὲν
1317 2302 1409 2354 ὑπ’
1450 2302 1632 2355 αὐτῶν
1673 2302 1901 2370 πάσχειν

2053 2324 2088 2362 n
2122 2307 2302 2362 medio
2334 2306 2574 2375 ipsorum
2609 2303 2939 2367 ambularet,
3001 2313 3178 2369 neque
3221 2305 3499 2367 pateretur
3548 2294 3617 2348 ah

345 2396 494 2449 Ἀλλ’
523 2396 623 2448 οὐκ
663 2394 955 2463 ἠϐούλοντο
1003 2393 1112 2447 ἀπὸ
1139 2392 1331 2446 τούτου
1382 2392 1476 2445 τοῦ
1530 2392 1757 2463 σημείου
1806 2393 1909 2446 ἔπιε

2045 2399 2135 2454 ais.
2171 2395 2277 2452 Sed
2312 2395 2569 2451 nolebant
2622 2395 2725 2449 hoc
2755 2393 2911 2461 signo
2948 2390 3207 2444 virtutem
3242 2388 3359 2457 ejus
3406 2400 3609 2456 cogno-

335 2488 548 2556 ’γνῶναι
577 2487 675 2557 τὴν
707 2486 938 2555 δύναμιν
972 2484 1496 2549 αὑτοῦ.Διστάζουσι
1518 2486 1604 2547 δὲ,
1650 2484 1899 2554 λέγοντες

2054 2508 2208 2548 scere.
2265 2490 2522 2545 Dubitant
2574 2496 2755 2541 autem
2808 2485 3094 2540 dicentes:
3141 2501 3159 2535 ι
3202 2479 3343 2534 Num
3395 2477 3536 2533 forte
3558 2486 3618 2532 et

341 2598 366 2631 ι
409 2579 659 2648 Μήποτε
711 2578 958 2647 ἔγνωσαν
1003 2578 1050 2629 οἱ
1099 2577 1393 2647 ἄρχοντες,
1442 2577 1525 2629 ὅτι
1575 2569 1729 2637 οὗτός
1782 2577 1905 2629 ἐστι

2046 2587 2307 2656 prim-ipes
2337 2588 2712 2652 cognoverunt
2741 2577 2883 2648 quod
2909 2576 2998 2631 hic
3020 2584 3104 2631 est
3127 2588 3254 2630 vere
3278 2568 3567 2629 Christus?
3590 2589 3610 2623 ›

338 2670 557 2740 ἀληθῶς
580 2671 607 2722 ὁ
641 2671 914 2740 Χριστὲς;
952 2689 969 2720 ι
1015 2669 1125 2721 Καὶ
1150 2668 1269 2719 οὐδὲ
1305 2667 1397 2719 ἐπὶ
1431 2665 1634 2736 ταύτης
1666 2667 1762 2736 τῆς
1793 2664 1902 2733 γνώ

2058 2688 2090 2732 :t
2120 2691 2295 2746 neque
2325 2676 2378 2728 in
2415 2675 2517 2728 hac
2540 2671 2807 2728 sententia
2842 2676 3191 2740 permanent,
3225 2666 3320 2720 sed
3360 2661 3622 2732 colligunt

344 2782 453 2834 μης
484 2764 756 2835 μένουσιν,
795 2762 929 2814 ἀλλὰ
962 2761 1392 2828 συλλογίζονται,
1422 2762 1504 2812 ὅτι
1544 2760 1648 2811 Τὸν
1677 2760 1776 2829 μὲν
1801 2760 1907 2827 Χρι

2061 2771 2179 2837 mod
2211 2767 2401 2822 Nullus
2450 2765 2671 2835 quidem
2716 2763 2820 2818 scit
2851 2761 2994 2817 unde
3037 2768 3300 2814 venturus
3346 2757 3419 2812 sit
3464 2754 3625 2811 Chri-

344 2856 469 2909 στὸν
527 2854 705 2918 οὐδεὶς
736 2851 867 2920 οἶδε,
898 2855 1062 2905 πόθεν
1101 2852 1353 2922 ἔρχεται·
1389 2851 1577 2904 τοῦτον
1604 2853 1659 2904 δὲ
1688 2851 1908 2921 οἴδαμεν

2063 2880 2125 2916 us
2146 2903 2164 2929 ,
2209 2860 2357 2916 illum
2405 2870 2586 2914 autem
2617 2856 2822 2913 scimus
2863 2855 3003 2908 unde
3034 2853 3100 2906 sit
3133 2869 3148 2906 :
3200 2866 3309 2906 non
3338 2848 3502 2919 igitur
3537 2845 3627 2901 hic

344 2948 511 3000 πόθεν
537 2946 681 2999 ἐστίν
710 2961 722 2974 ·
756 2946 858 2998 οὐκ
890 2946 1001 3011 ἄρα
1029 2939 1184 3006 οὗτος
1221 2946 1369 2996 ἐστιν
1390 2944 1417 2996 ὁ
1446 2944 1702 3014 Χριστός.
1742 2945 1908 2996 Καίτο

2063 2963 2123 3008 εει
2149 2953 2420 3008 Christus.
2456 2950 2726 3006 Caeterum
2763 2948 2887 3001 vide
2937 2944 3224 3010 malitiam,
3261 2939 3534 3010 quomodo
3572 2947 3627 2992 et

342 3040 448 3109 ὅρα
504 3040 603 3107 τὴν
643 3037 862 3103 κακίαν,
919 3037 1037 3100 πῶς
1084 3037 1178 3089 καὶ
1226 3037 1395 3106 ἑαυτῇ
1454 3035 1831 3090 ὲναντιοῦται²
1887 3053 1906 3088 c

2064 3047 2114 3101 lli
2138 3046 2242 3102 sibi
2268 3043 2566 3099 adversarii
2591 3041 2721 3097 sint.
2748 3039 3028 3109 Principes
3051 3037 3196 3093 enim
3229 3035 3470 3104 ipsorum
3497 3046 3620 3086 cum

343 3131 607 3199 ἄρχοντες
634 3127 814 3181 αὐτῶν
863 3126 1209 3198 ἐρωτώμενοι
1241 3128 1347 3180 ὑπὸ
1393 3125 1633 3197 Ἡρώδου
1655 3166 1670 3190 ,
1722 3128 1779 3179 ἐν
1834 3126 1907 3195 Βη

351 3221 401 3236 ιιι,
450 3220 461 3236 \
596 3221 619 3231 ν
698 3219 731 3236 sl
808 3220 829 3236 θ
878 3219 887 3231 ⁸
1117 3220 1127 3235 \
1322 3218 1345 3236 ις
1391 3218 1415 3236 n
1466 3235 1470 3236 ,
1526 3216 1574 3236 _\
1662 3219 1736 3236 v,
1790 3216 1896 3236 καὶ.

2068 3144 2518 3208 nterrogarentur
2574 3133 2644 3188 ab
2700 3131 2933 3196 llerode,
2996 3129 3183 3184 dicunt
3246 3127 3297 3180 in
3348 3121 3624 3180 Bethleem

2060 3227 2069 3236 .
2131 3230 2141 3236 .
2339 3227 2349 3236 .
2388 3224 2441 3236 Α.
2500 3225 2511 3236 .
2554 3233 2561 3236 .
2691 3222 2734 3236 η
2788 3220 2864 3236 uno
2914 3235 2919 3236 ,
2956 3228 3076 3236 ,._,A_
3129 3218 3292 3236 μνη-.
3337 3213 3475 3236 _---J
3507 3211 3594 3236 _..I

351 3220 520 3290 θλεὲμ
559 3221 658 3290 τῆς
698 3219 956 3282 Ἰουδαίας
1005 3220 1139 3286 φασὶ
1184 3218 1479 3285 γεννᾶσθαι
1522 3216 1613 3269 τὸν
1662 3216 1898 3287 Χριστόν

2063 3228 2175 3282 luda
2205 3227 2351 3281 nasci
2381 3224 2661 3282 Christum
2689 3222 2757 3276 ".
2788 3220 2869 3276 llli
2901 3228 3083 3274 autem
3111 3218 3297 3272 dicunt
3331 3213 3476 3286 quod
3506 3211 3627 3268 nul-

353 3307 505 3368 οὗτοι
531 3313 589 3365 δὲ
614 3312 888 3380 λέγουσιν,
915 3313 996 3364 ὅτι
1030 3312 1206 3373 οὐδεὶς
1237 3307 1344 3363 οἶδε
1377 3310 1469 3363 τὸν
1492 3309 1745 3380 Χριστὸν,
1777 3309 1917 3361 πόθει

2065 3336 2127 3376 us
2164 3320 2303 3375 sciat
2343 3320 2485 3373 unde
2535 3317 2607 3372 sit
2650 3314 2925 3370 Christus.
2977 3310 3141 3366 Vides
3171 3308 3439 3365 dictorum
3496 3320 3629 3361 con—

350 3406 524 3462 ἑστίν.
562 3406 724 3477 Ὁρᾷς
757 3405 1177 3472 ὲναντιοφωνίαν
1204 3422 1217 3468 ;
1251 3405 1357 3457 Καὶ
1384 3403 1548 3457 πάλιν
1578 3400 1811 3472 ἀλλαχοῦ
1844 3403 1907 3471 μέ

2072 3409 2425 3467 rarietatem?
2458 3410 2524 3465 Et
2552 3409 2750 3464 iterum
2786 3406 2917 3461 alibi
2951 3403 3169 3474 quidem
3204 3402 3433 3456 dicunt:
3470 3416 3489 3450 ε
3520 3397 3630 3453 Nos

357 3516 548 3565 φασιν,
571 3499 652 3551 ὅτι
696 3516 715 3549 ι
758 3497 949 3567 Ἡμεῖς
972 3496 1216 3565 οἴδαμεν,
1252 3497 1333 3549 ὅτι
1370 3497 1558 3548 Musei
1584 3494 1880 3564 λελάληκεν
1914 3511 1921 3543 ι

2063 3508 2251 3562 scimus
2288 3505 2433 3575 quod
2473 3501 2604 3558 Mosi
2656 3501 2872 3555 locutus
2919 3506 3004 3553 est
3058 3495 3224 3558 Deus,
3259 3495 3404 3549 hunc
3450 3502 3627 3546 autem

355 3594 490 3653 θεας
512 3606 524 3620 ·
547 3590 735 3643 τοῦτον
760 3589 815 3642 δὲ
840 3590 941 3642 οὐκ
964 3587 1189 3657 οἴδαμεν
1210 3588 1373 3640 πόθεν
1404 3587 1553 3640 ἐστίν
1588 3606 1606 3638 t
1644 3582 1798 3649 Εἶδες
1829 3586 1919 3657 (:27

2065 3600 2321 3657 nescimus
2377 3599 2519 3654 unde
2566 3596 2724 3651 sit".
2779 3613 2799 3648 ι
2857 3592 3027 3648 Porro
3089 3590 3195 3646 hoc
3245 3590 3365 3644 loco
3390 3588 3629 3642 dicunt:

363 3684 702 3755 μαινομένων
730 3682 958 3751 λόγους;
984 3682 1243 3750 Οἴδαμεν,
1292 3680 1410 3746 καὶ,
1444 3669 1838 3748 Ούκόίδαμεν.
1878 3679 1918 3732 Τ

2069 3711 2076 3746 l
2099 3691 2248 3745 Hunc
2261 3689 2465 3745 scimus
2488 3686 2631 3742 unde
2651 3685 2773 3742 sit.»
2797 3682 2992 3739 Vidisti
3013 3678 3400 3737 insanientium
3419 3689 3633 3732 sermo-

361 3775 565 3843 ταύτης
620 3775 718 3843 τῆς
772 3774 971 3843 μανίας
1006 3774 1163 3835 ἴσον;
1216 3772 1362 3843 Πρὸς
1412 3774 1507 3842 μὲν
1539 3774 1647 3843 γὰρ
1686 3773 1744 3826 ἓν
1782 3772 1925 3841 μόναι

2069 3784 2191 3838 tes?
2221 3781 2439 3836 Scimus
2477 3790 2532 3834 et
2568 3779 2866 3834 nescimus.
2903 3774 3041 3843 Quid
3091 3773 3220 3828 huic
3251 3770 3476 3827 insaniat
3506 3781 3633 3824 ver-

363 3869 573 3939 ἐώρων,
603 3868 665 3919 τὸ
699 3866 775 3936 μὴ
808 3866 1117 3933 πεισθῆναι.
1152 3865 1245 3917 Διὸ
1288 3867 1415 3918 ὅταν
1483 3866 1581 3936 μὲν
1614 3866 1796 3927 αὐτοῖς
1826 3882 1927 3918 συν

2154 3890 2241 3929 υιη
2276 3872 2417 3943 par?
2445 3871 2526 3928 Ad
2554 3886 2720 3925 unum
2744 3870 2891 3924 enim
2925 3866 3263 3938 spectabant,
3291 3877 3357 3918 ne
3385 3860 3635 3917 credant.
3706 3892 3714 3901 ι

361 3960 581 4029 ἐφερεν,
615 3957 822 4025 ἔλεγον,
854 3957 937 4009 ὃτι
971 3955 1238 4025 Οἴδαμεν·
1270 3955 1397 4008 ὅταν
1417 3954 1474 4008 δὲ
1510 3955 1672 4007 πάλιν
1704 3956 1765 4007 οὔ
1798 3954 1921 4007 συνέ

2079 3977 2246 4036 taque
2273 3966 2494 4036 quando
2532 3964 2583 4019 in
2621 3963 2839 4018 illorum
2872 3976 2991 4017 rem
3018 3967 3157 4024 erat,
3190 3956 3467 4021 dicebant,
3516 3954 3638 4010 Sci-

344 4068 524 4121 φερε,
553 4050 894 4116 διετείνοντο,
923 4048 998 4111 ώς
1027 4049 1142 4101 θῦκ
1181 4048 1424 4118 οἴδαμεν.
1458 4047 1570 4118 Τῆς
1614 4045 1813 4109 κακίας
1856 4045 1908 4099 οἰ

2074 4059 2431 4127 nus:quando
2456 4072 2584 4111 vero
2605 4054 2803 4121 minus,
2826 4052 3113 4123 negabant.
3134 4048 3288 4105 Unde
3308 4062 3502 4105 eorum
3521 4061 3638 4102 ma-

367 4149 516 4200 ὲστιν
545 4147 725 4200 αὐτῶν
779 4148 812 4217 ὴ
863 4145 1101 4214 τοσαύτη
1137 4143 1550 4214 ὲναντιοφωνία.
1598 4146 1867 4215 Ζητήσειε
1906 4144 1931 4197 δ

2078 4151 2184 4205 itize
2202 4149 2364 4205 fuerit
2385 4149 2499 4204 haec
2515 4146 2906 4203 sententiarum
2929 4145 3184 4199 varietas.
3205 4141 3273 4203 At
3289 4139 3430 4196 forte
3441 4140 3640 4211 quaesi-

366 4240 432 4293 ἄν
471 4257 574 4306 τις,
614 4239 787 4294 Πόθεν
824 4239 1137 4309 κινούμενοι
1165 4231 1313 4292 οὗτοι
1369 4237 1660 4306 λέγουσιν,
1707 4239 1789 4291 ὅτι
1824 4260 1845 4290 ι
1892 4238 1930 4292 ⁸(

2072 4243 2194 4298 ierit
2222 4242 2449 4312 aliquis,
2482 4238 2635 4297 Unde
2662 4239 2795 4295 moti
2816 4238 2905 4294 isti
2935 4235 3281 4306 dicuntquod
3312 4233 3636 4317 (Christus,

365 4332 599 4402 Χριστὸς
617 4334 743 4386 ὅταν
772 4331 1213 4402 ἔρχηται,οὐδε“ις
1236 4330 1496 4399 γινώσκει
1524 4330 1687 4384 πόθεν
1715 4330 1895 4398 ὲστίν;
1927 4352 1929 4381 :

2073 4334 2275 4405 [nando
2300 4334 2534 4398 venerit,
2568 4346 2728 4388 nemo
2755 4331 2906 4387 novit
2937 4330 3079 4385 unde
3105 4328 3220 4384 sit?
3245 4346 3263 4380 ι
3288 4326 3637 4398 Nequaquam

370 4425 445 4479 Οὐ
476 4424 586 4494 γὰρ
624 4424 709 4486 ἂν,
754 4426 803 4477 εί
866 4424 941 4494 μὴ
998 4424 1305 4496 μαρτυρίαν
1358 4423 1481 4477 τινὰ
1516 4418 1664 4494 εἶχον
1710 4424 1818 4479 ἀπὸ
1845 4424 1934 4477 τῶι

2078 4427 2203 4482 :nim
2240 4426 2343 4481 nisi
2373 4424 2743 4480 tesdmonium
2779 4422 3000 4493 aliquod
3055 4420 3379 4476 habuissent
3418 4434 3449 4473 a
3488 4416 3642 4474 Scri-

373 4518 627 4589 Γραφῶν,
664 4518 698 4588 ἦ
756 4517 1085 4586 παραδόσεις
1150 4516 1405 4586 βεϐαίας,
1461 4516 1606 4570 οὕτω
1665 4516 1937 4588 προδήλως

2077 4521 2253 4586 ituris,
2299 4526 2395 4574 aut
2427 4518 2632 4574 solidas
2691 4518 3037 4580 traditiones,
3088 4514 3258 4585 608
3288 4512 3425 4568 adeo
3454 4521 3641 4582 aperte

373 4610 589 4665 ἐναντία
620 4608 948 4677 ἐφθέγγοντο
976 4608 1089 4669 τοῖς
1138 4609 1232 4659 ἐπὶ
1260 4605 1354 4658 τοῦ
1397 4607 1635 4676 Ἡρώδου
1679 4607 1937 4677 Γραμμα-

2077 4612 2338 4667 :ontraria
2390 4613 2589 4669 scribis
2642 4611 2751 4666 illis
2804 4611 3072 4665 dixissent
3096 4608 3189 4678 qui
3222 4604 3451 4661 Herodis
3484 4614 3641 4660 erant

372 4702 580 4769 τεῦσιν,
634 4700 850 4755 εἰποῦσι
906 4699 1220 4771 προφανῶς,
1264 4700 1346 4753 ὃτι
1375 4718 1394 4751 ι
1433 4700 1521 4753 Ἐν
1566 4699 1816 4769 Βηθλεὲμ
1851 4701 1936 4770 τῆς

2074 4712 2328 4771 tempore,
2354 4704 2445 4770 qui
2489 4701 2638 4755 clare
2682 4700 2962 4762 dixerant,
3012 4698 3156 4768 quod
3189 4714 3208 4747 ι
3246 4696 3299 4751 in
3361 4694 3638 4752 Bethleem

388 4795 647 4857 ἰουδαίας
677 4795 972 4863 γεννᾶται·
1016 4811 1036 4844 ι
1076 4792 1173 4845 καὶ
1217 4792 1388 4845 πάλιν
1412 4793 1525 4856 τοῖς
1576 4792 1848 4860 λέγουσιν,
1878 4795 1952 4846 ὅτι

2080 4790 2258 4846 ludam
2285 4800 2581 4857 nascatur;
2622 4808 2642 4842 ι
2686 4801 2851 4859 atque
2909 4802 3124 4843 rursttm
3193 4786 3260 4841 iis
3308 4785 3400 4854 qui
3454 4784 3644 4841 dicunt

384 4905 404 4939 ι
454 4888 549 4940 Ἐκ
582 4887 833 4957 Βηθλεὲμ
860 4887 959 4952 τῆς
982 4885 1176 4955 κώμης
1210 4886 1238 4937 ὁ
1282 4884 1517 4955 Χριστὸς
1546 4886 1785 4956 ἔρχεται.
1832 4904 1852 4939 ι
1886 4885 1948 4938 Τί

2075 4881 2200 4952 ιυοιι
2244 4899 2263 4934 ι
2291 4896 2358 4937 ex
2393 4880 2669 4937 Bethleem
2699 4880 3195 4944 castello,Cbristus
3218 4879 3425 4935 veniet.
3449 4897 3469 4930 ι
3500 4878 3639 4946 Quid

373 4973 468 5033 οὖν
496 4980 649 5032 ἐστιν
678 4981 853 5033 εἰπεῖν
881 4996 896 5046 ;
924 4979 1051 5032 Ὅτι
1072 4978 1181 5032 ἀπὸ
1204 4978 1314 5031 τῶν
1339 4978 1634 5049 προφητῶν
1662 4977 1937 5050 ἀμφότερα

2079 4976 2224 5045 gitur
2256 4975 2584 5031 dicendum?
2630 4974 2784 5041 Quod
2835 4989 2903 5029 ex
2956 4972 3238 5044 prophetis
3271 4972 3488 5041 utrique
3536 4970 3638 5025 ista

377 5068 555 5125 ταῦτα
586 5070 794 5140 ἔλεγον.
826 5069 894 5122 Οἵ
932 5086 993 5122 τε
1028 5069 1137 5138 γὰρ
1167 5069 1226 5121 ἐν
1271 5066 1518 5137 Βηθλεὲμ
1551 5066 1716 5131 αὐτὸν
1764 5068 1932 5136 γεννᾶ

2076 5063 2342 5119 licebant.
2380 5063 2515 5118 Nam
2548 5063 2641 5134 qui
2672 5063 2726 5118 in
2757 5062 3036 5119 Bethleem
3070 5061 3245 5132 ipsum
3279 5061 3452 5128 nasci,
3483 5069 3540 5115 et
3572 5073 3640 5114 ex

382 5160 527 5229 σθαι,
561 5165 655 5218 καὶ
701 5165 767 5217 ἐκ
792 5161 892 5230 τῆς
923 5159 1115 5229 κώμης
1162 5157 1258 5214 τοῦ
1295 5156 1462 5213 Δαυῖδ
1494 5152 1637 5212 εἶναι
1678 5157 1946 5228 λέγοντες,

2072 5156 2287 5213 civitate
2312 5154 2483 5213 David
2521 5171 2643 5214 esse
2679 5156 2966 5225 dicebant,
2995 5154 3288 5213 manifeste
3318 5154 3636 5227 prophetam

457 5319 504 5355 ⁸⁸
540 5318 731 5375 Matth.
766 5336 827 5387 ll,
865 5319 920 5376 5.
997 5318 1043 5351 "
1070 5316 1228 5373 Joan.
1264 5334 1340 5381 ix,
1363 5317 1453 5375 29.

1353 5463 1443 5523 Ex
1476 5461 1819 5525 collatione
1844 5463 2033 5528 codd.
2085 5468 2310 5530 Venet.
2348 5469 2407 5530 S.
2446 5467 2664 5555 Marci.

454 5588 565 5660 (‘27)
602 5587 734 5643 Cod.
761 5590 882 5660 μεθ,
939 5588 1160 5644 Τοῦτον
1208 5587 1276 5639 δε
1311 5589 1421 5642 οὐκ
1466 5587 1715 5660 οἴδαμεν
1770 5588 1951 5645 πόθεν
2011 5590 2207 5647 ἐστίν.
2256 5592 2525 5646 Ἐνταῦθα
2551 5592 2607 5646 δέ
2628 5606 2813 5660 φασιν,
2844 5588 2925 5643 ὅτι
2995 5585 3214 5642 Τοῦτον
3252 5579 3496 5649 οἴδαμεν
3525 5574 3637 5630 πό-

381 5655 487 5715 θει)
506 5660 695 5715 ἐστίν,
721 5655 894 5727 Εἶδες,
926 5678 978 5715 κ.
1005 5678 1055 5714 τ.
1091 5660 1139 5714 λ.

456 5799 533 5870 (a)
562 5797 611 5852 lu
644 5796 785 5853 Edit.
827 5797 949 5854 Lut.
984 5797 1270 5864 omittitur,
1302 5814 1426 5853 non.
