3960 6454
375 315 511 380 1335

1298 329 1876 397 THEOPHYLACTI
1912 336 2323 402 BULGABIzE
2354 344 2709 408 ARCIIIEP.

3508 350 3646 416 1336

371 437 648 494 habebant
682 446 875 495 testem
927 438 1207 497 Michrcam
1256 442 1549 515 dicentem,
1598 451 1945 520 quemadmo

2059 457 2354 526 προφανῶς
2406 457 2498 513 τὸν
2556 462 2843 531 προφήτην
2887 463 3131 534 Μιχαίαν
3181 457 3329 535 εἶχον
3385 466 3645 538 μάρτυρα

371 529 498 582 dum
523 539 578 584 et
599 529 884 587 Mattheus
908 534 1017 590 ait:
1043 552 1061 586 ι
1096 534 1163 589 Et
1189 544 1264 597 tu,
1294 536 1594 606 Bethleem,
1621 552 1761 597 terra
1787 541 1949 612 Juda,

373 636 714 691 nequaquam
750 624 971 679 minima
999 641 1057 681 es
1093 626 1144 680 in
1179 628 1519 697 principibus
1566 630 1703 687 Jtttla
1734 650 1748 688 :
1800 649 1865 690 ex
1900 645 1952 691 te

369 712 516 766 enim
575 716 885 785 egredietur
932 717 1038 772 dux
1095 718 1185 789 qui
1247 730 1397 792 regat
1449 723 1701 793 populum
1770 742 1948 781 meum

374 804 622 865 Israel".
667 827 683 858 ι
724 809 789 863 Ει
840 820 1027 866 contra
1084 814 1136 867 hi
1190 814 1280 884 qui
1315 815 1567 871 dicebant
1605 819 1748 887 quod
1796 820 1951 875 Chri-

371 904 514 951 stum
546 915 650 954 non
690 903 838 959 novit
876 906 1002 974 quis
1047 907 1186 963 unde
1217 909 1420 975 veniat,
1469 912 1759 981 prophetas
1789 913 1954 970 habe-

371 989 504 1046 bant
560 1005 725 1051 testes
766 999 1070 1068 bujusmudi
1129 1005 1455 1058 sententia):
1505 1005 1636 1074 quin
1685 1018 1738 1061 et
1774 1008 1949 1077 ipsum

373 1081 653 1142 Miclneam
686 1088 731 1121 ⁵⁸
766 1091 1072 1149 dicentem:
1118 1112 1135 1146 ι
1176 1095 1440 1166 [Egressus
1469 1097 1638 1165 ipsius
1666 1099 1733 1154 ab
1775 1101 1948 1168 initio,

370 1189 399 1227 a
440 1176 628 1232 diebus
660 1182 881 1248 saeculi;
917 1202 934 1233 ι
968 1186 1021 1240 id
1054 1187 1198 1256 quod
1230 1188 1471 1257 ignotum
1502 1189 1618 1259 ejus
1648 1206 1949 1262 egressum,

371 1268 475 1323 hoc
513 1283 594 1324 cst
638 1275 974 1331 nativitatem
1009 1278 1267 1334 declarat.
1295 1279 1485 1335 Nullus
1508 1286 1650 1337 enim
1671 1282 1948 1339 hominum

369 1362 473 1415 scit
507 1369 779 1432 quomodo
819 1370 887 1423 ab
923 1370 1078 1426 initio
1122 1382 1175 1425 et
1206 1390 1233 1425 a
1273 1374 1463 1429 diebus
1503 1376 1685 1429 saeculi
1724 1378 1948 1446 exitum,

371 1455 474 1510 hoc
529 1468 648 1525 est,
708 1460 1051 1517 nativitatem
1106 1466 1320 1522 habeat.
1378 1466 1632 1523 Homines
1694 1470 1836 1524 enim
1894 1472 1948 1525 in

371 1557 637 1618 tempore,
668 1552 754 1607 ille
791 1566 970 1609 autem
1001 1571 1030 1610 a
1080 1558 1269 1613 diebus
1302 1561 1518 1626 εωειιιὶ,
1566 1571 1619 1616 et
1674 1562 1739 1615 ab
1773 1562 1945 1617 initio.

369 1637 523 1704 Quod
559 1652 735 1697 autem
776 1656 1063 1715 aeternum,
1104 1653 1376 1716 quomodo
1411 1652 1462 1707 hi
1490 1652 1580 1721 qui
1609 1654 1709 1707 sub
1745 1664 1950 1722 tempo-

2056 544 2303 613 λέγοντα,
2342 547 2416 609 ὡς
2448 550 2540 601 καὶ
2571 551 2597 602 6
2634 551 2911 613 Ματθαῗός
2952 567 3120 620 φηςιν
3169 570 3186 603 ι
3227 552 3339 605 Καὶ
3374 553 3461 619 σὺ,
3494 553 3642 622 Βηθ-

2056 635 2190 707 λεὲμ
2214 637 2281 705 γῆ
2329 638 2517 702 Ἰούδα,
2552 639 2804 711 οὐδαμῶς
2834 642 3087 715 ἐλαχξστη
3137 640 3189 697 εἴ
3213 646 3271 697 ἐν
3290 647 3403 705 τοῖς
3428 645 3643 716 ἡγεμόο

2058 743 2143 781 σιν
2191 728 2357 783 Ἰούδα
2378 745 2393 759 ⁸
2424 732 2486 785 ὲκ
2512 731 2605 785 σοῦ
2637 734 2746 805 γὰρ
2775 735 3118 801 ὲξελεὺτεται
3152 737 3459 806 ἡγούμενος
3488 741 3643 802 ὅστις

2055 825 2314 893 ποιμανεῖ
2336 824 2425 877 τὸν
2453 823 2582 879 λαόν
2614 818 2716 896 μοὺ
2766 828 3005 898 Ἰσραήλ.
3058 847 3075 879 ι
3112 829 3221 881 Καὶ
3254 824 3401 883 οἷτοι
3439 830 3495 883 δὲ
3534 831 3643 885 πά-

2054 916 2136 969 λιν
2164 919 2213 970 ol
2247 916 2520 985 λέγοντες,
2564 919 2645 973 ὅτι
2682 919 2769 973 τὸν
2801 921 3036 991 Χριστὸν
3059 923 3159 975 οὑκ
3183 917 3290 975 οἶδέ
3326 941 3436 986 τις,
3469 923 3644 977 πόθεν

2056 1009 2295 1079 ἔρχεται,
2348 1011 2475 1075 τοὺς
2524 1013 2807 1082 προφήτας
2854 1008 3001 1083 εἶχον
3050 1014 3340 1085 μάρτυρας
3388 1015 3493 1083 τῆς
3526 1032 3642 1069 τοι-

2053 1103 2153 1154 ait:
2173 1120 2221 1170 λς
2253 1102 2477 1174 γνώμης
2501 1120 2517 1134 ⁶
2553 1105 2645 1156 καὶ
2676 1104 2834 1157 αὑτὸν
2871 1106 2928 1159 δὲ
2972 1108 3062 1158 τὸν
3097 1107 3337 1175 Μιχαίαν
3368 1107 3604 1174 λέγοντα
3624 1150 3641 1172 ,

2054 1196 2136 1247 ὅτι
2167 1214 2184 1247 ι
2212 1197 2276 1247 Αἱ
2304 1195 2472 1261 ἔξοδοι
2498 1196 2661 1250 αὑτοῦ
2685 1197 2780 1251 ἀπ’
2808 1199 2982 1268 ἀρχῆς
3013 1199 3071 1263 ἐξ
3101 1202 3326 1269 ἡμερῶν
3344 1200 3547 1263 αῖῶνος
3569 1216 3585 1232 ο
3615 1219 3636 1250 ι

2052 1289 2190 1359 ὅπερ
2222 1288 2496 1356 ἄγνωστον
2527 1292 2626 1361 τὴν
2658 1290 2821 1344 αὑτοῦ
2857 1292 3057 1356 ἔξοδον,
3091 1294 3208 1364 ἤτοι
3240 1294 3338 1362 τὴν
3372 1294 3643 1363 γέννησιν

2054 1381 2328 1450 ἐμφαίνει.
2381 1381 2483 1435 Τὸν
2518 1382 2644 1453 γὰρ,
2683 1402 2702 1433 ι
2765 1385 2859 1437 ἀπ’
2892 1384 3093 1454 ἀρχῆῖ,
3135 1404 3154 1436 ι
3204 1387 3298 1438 καὶ
3336 1405 3354 1436 ι
3388 1385 3451 1450 ἐξ
3497 1387 3641 1454 ἡμε-

2056 1476 2166 1545 ρῶν
2193 1475 2406 1539 αἰῶνος,
2452 1496 2468 1527 ι
2501 1476 2599 1539 τὰς
2619 1476 2828 1540 ἐξόδους
2859 1476 3072 1547 ἔχοντα,
3102 1478 3219 1549 ἦτοι
3239 1479 3337 1547 τὴν
3357 1479 3641 1548 γέννησιν,

2052 1572 2153 1624 οὑκ
2213 1571 2277 1625 ἄν
2331 1588 2418 1633 τις
2468 1570 2770 1641 ἀνθρώπων
2815 1573 3002 1641 εἰδείη,
3060 1574 3372 1643 ’Ἄνθρωποι
3430 1575 3545 1642 γὰρ
3586 1574 3647 1625 ἐν

2052 1665 2246 1735 χρόνῳ,
2282 1666 2487 1729 ἐκεῖνος
2517 1665 2571 1718 δὲ
2597 1665 2655 1730 ἐξ
2686 1667 2910 1737 ἡμερῶν
2946 1667 3145 1730 αἰῶνος
3175 1668 3269 1720 καὶ
3293 1669 3389 1720 ἀπ’
3417 1669 3600 1736 ἀρχῆς
3627 1684 3640 1696 ’

371 1745 448 1799 re,
484 1738 856 1804 cognoscunt?
900 1739 1005 1795 Sed
1050 1752 1102 1796 et
1138 1740 1306 1797 Isaias
1348 1746 1415 1799 diu
1440 1746 1521 1799 it:
1578 1765 1595 1797 ι
1633 1745 1945 1802 Generatio-

2053 1760 2112 1811 τὸ
2141 1758 2195 1811 δὲ
2245 1759 2463 1812 αἰώνιον
2518 1757 2634 1821 πῶς
2671 1760 2698 1811 6
2737 1759 2840 1812 ὑπὸ
2880 1760 3074 1832 χρόνον
3124 1759 3424 1828 γινώσκεις
3478 1760 3647 1813 Ἀλλὰ

369 1838 491 1880 nem
527 1827 795 1922 ejus‘qttis
834 1832 1224 1888 enarrabit“?
1297 1852 1316 1886 ι
1368 1834 1446 1889 Es
1499 1836 1585 1892 his
1633 1837 1797 1908 igitur
1828 1855 1945 1908 per-

2054 1854 2150 1905 κα¹ι
2181 1852 2407 1915 Ἡσαΐας
2452 1853 2584 1922 φησί
2612 1868 2625 1883 ο
2670 1870 2687 1903 ι
2729 1851 2842 1919 Τὴν
2968 1811 3165 1921 γενεὰν
3213 1853 3379 1908 αὑτοῦ
3416 1854 3501 1916 τίς
3526 1853 3645 1920 διηο

367 1918 515 1973 suasi
557 1909 846 1977 dicebant:
895 1923 1067 1980 Nemo
1095 1924 1201 1981 scit
1238 1927 1380 1982 unde
1423 1928 1491 1983 sit
1524 1928 1791 1985 Christus.
1830 1931 1945 1987 Non

367 2009 513 2063 enim
532 2009 903 2082 intelligebant
921 2017 1062 2085 quod
1088 2016 1284 2087 duplex
1308 2029 1452 2074 esset
1475 2018 1733 2076 Dominus
1757 2022 1945 2079 Jesus:

366 2106 423 2154 et
462 2101 759 2157 secundum
779 2106 1114 2161 nativitatem
1146 2109 1445 2173 carnalem,
1476 2126 1591 2181 quae
1624 2121 1742 2167 erat
1767 2128 1797 2168 e
1830 2112 1949 2168 Vir-

367 2191 513 2260 gine,
544 2192 820 2250 sciebatur
849 2195 991 2251 unde
1020 2208 1158 2265 erat,
1197 2213 1389 2269 nempe
1412 2202 1552 2270 quod
1582 2203 1634 2257 in
1672 2203 1945 2258 Bethleem

366 2295 571 2352 natus;
605 2288 903 2343 secundum
945 2290 1319 2359 incorpoream
1351 2309 1478 2347 vt-ro
1508 2304 1558 2350 et
1617 2296 1944 2351 inc-ﬂabilem

364 2376 485 2446 ejus
513 2379 873 2448 nativitatem,
923 2397 1028 2452 qua
1075 2398 1103 2437 a
1169 2383 1330 2440 Patre
1377 2396 1504 2442 ante
1556 2390 1750 2444 saecula
1793 2400 1949 2446 natus

364 2478 485 2533 est,
518 2483 682 2549 supra
737 2487 955 2529 omnem
1012 2488 1318 2532 sermonem
1371 2480 1624 2536 nativitas
1674 2483 1790 2549 ejus
1840 2494 1945 2538 est.

362 2558 839 2635 llierosolymitani
886 2566 1052 2637 igitur
1101 2568 1176 2623 illi
1232 2570 1572 2627 nativitatem
1617 2573 1671 2627 in
1726 2589 1943 2628 carnem

361 2652 602 2710 fatentur
634 2671 693 2713 se
725 2657 866 2713 scire
897 2662 1040 2716 unde
1092 2662 1201 2718 sit:
1250 2664 1397 2719 illam
1440 2676 1619 2719 autem
1668 2682 1785 2735 quae
1821 2677 1948 2721 ante

363 2750 587 2814 saecula,
628 2754 929 2809 secundum
964 2769 1126 2825 quam
1162 2772 1323 2812 nemo
1357 2762 1462 2813 scit
1498 2760 1775 2814 Christum
1803 2761 1948 2817 unde

362 2846 455 2909 sit,
481 2860 589 2901 non
618 2847 875 2905 fatentur.
904 2850 1134 2918 Idcirco,
1168 2867 1291 2907 cum
1309 2854 1797 2924 noujtttelligereut
1822 2870 1944 2910 eum

363 2937 595 3007 duplicis
623 2947 851 3009 natura,
898 2950 953 2998 et
991 2959 1095 2999 una
1138 2944 1357 3014 quidem
1416 2945 1713 3013 sciebatur,
1775 2946 1946 3004 altera

364 3044 495 3085 vero
521 3046 627 3088 n0n
647 3073 664 3101 ,
704 3035 893 3091 dicunt
923 3040 1066 3105 quod
1108 3053 1214 3092 non
1248 3038 1317 3093 sit
1346 3038 1623 3094 Christus.

436 3121 603 3181 Vsus.
638 3125 837 3192 28,29.
873 3146 891 3181 ι
932 3129 1199 3185 Clamavit
1231 3131 1395 3201 igitur
1428 3132 1479 3186 iu
1519 3130 1720 3202 templo
1747 3132 1949 3190 docens

362 3214 543 3283 Iesus,
574 3229 630 3275 et
657 3221 878 3278 dicens:
919 3221 987 3277 Et
1020 3238 1106 3279 me
1136 3226 1310 3294 scitis,
1356 3234 1412 3281 et
1452 3225 1605 3283 scitis
1636 3227 1775 3281 unde
1805 3228 1943 3283 sim:

362 3318 417 3366 et
446 3326 477 3366 ο
508 3312 715 3383 meipso
747 3329 853 3368 non
902 3314 1045 3381 veni,
1081 3317 1172 3371 sed
1205 3327 1286 3373 est
1324 3331 1487 3372 verax
1515 3320 1605 3389 qui
1648 3319 1797 3374 misit
1838 3334 1947 3387 me,

363 3419 523 3474 quem
559 3420 658 3467 ,vos
692 3421 798 3461 non
849 3407 1101 3464 novistis.
1150 3408 1264 3478 Ego
1300 3425 1428 3466 vero
1465 3412 1589 3466 novi
1640 3426 1790 3475 eum,
1821 3413 1950 3482 quia

366 3500 436 3556 ab
469 3501 586 3571 ipso
615 3517 758 3569 sum,
796 3511 850 3557 et
882 3503 972 3558 ille
1008 3519 1091 3559 me
1127 3504 1294 3560 misit.
1332 3523 1352 3557 ι
1392 3505 1662 3573 Quoniam
1694 3521 1800 3562 non
1841 3506 1947 3561 alia

364 3595 434 3649 de
462 3609 627 3649 causa
660 3595 935 3663 dicebant,
982 3596 1136 3651 llunc
1190 3599 1333 3653 unde
1383 3600 1454 3654 sit
1512 3600 1747 3665 scimus,
1783 3615 1946 3670 quam

363 3689 656 3745 ostendere
694 3689 939 3746 volentes
973 3691 1116 3760 quod
1145 3690 1213 3745 de
1246 3701 1386 3746 terra
1429 3692 1522 3760 sit,
1557 3702 1612 3748 et
1636 3692 1780 3763 quod
1810 3692 1947 3747 labri

364 3781 531 3848 ﬁlius,
587 3793 869 3854 propterea
928 3783 1137 3841 reducit
1189 3799 1284 3841 eos
1317 3784 1383 3841 ad
1436 3786 1669 3854 etelum,
1727 3787 1946 3846 dicens;

369 3894 390 3927 ι
425 3873 492 3929 Ει
543 3890 632 3931 me
694 3876 868 3944 scitis,
918 3885 976 3930 et
1028 3876 1183 3933 scitis
1243 3878 1385 3932 unde
1441 3878 1568 3944 sim,
1635 3897 1654 3931 ι
1709 3881 1809 3934 hoc
1839 3888 1946 3945 est,

365 3968 615 4039 quamvis
646 3978 867 4037 propter
910 3968 1175 4023 malitiam
1219 3969 1513 4034 reticeatis,
1563 3969 1716 4025 scitis
1766 3979 1945 4026 tamen

364 4059 510 4113 unde
533 4058 660 4123 sim,
686 4059 830 4127 quod
852 4058 918 4114 de
949 4060 1110 4115 caelo.
1144 4059 1412 4126 Quoniam
1443 4061 1589 4115 enim
1613 4060 1773 4115 Pater
1794 4077 1947 4117 meus

362 4150 514 4205 illinc
537 4162 640 4217 est,
671 4152 1016 4207 manifestum
1063 4152 1204 4223 quod
1253 4162 1305 4209 et
1358 4169 1458 4223 ego
1503 4154 1651 4210 illinc
1694 4169 1837 4219 sum,
1890 4163 1947 4210 et

363 4244 507 4314 quod
535 4243 718 4300 abillo
753 4244 953 4301 missus
982 4260 1123 4311 sum,
1150 4245 1242 4315 qui
1269 4254 1351 4301 est
1379 4260 1560 4300 verus.
1592 4246 1728 4312 Quia
1764 4255 1943 4301 autem

361 4335 457 4394 ille
491 4350 674 4402 verus,
698 4336 822 4391 ideo
848 4346 903 4392 et
935 4353 1034 4408 ego
1058 4340 1245 4407 utique
1279 4355 1442 4395 verax
1473 4349 1525 4395 et
1547 4354 1652 4394 non
1688 4339 1942 4394 mendax.

360 4427 484 4485 Non
519 4429 664 4484 enim
702 4443 866 4483 verax
905 4429 1253 4499 impostorem
1285 4439 1338 4485 ct
1380 4431 1696 4485 mendacem
1728 4430 1945 4487 mittere

2051 1947 2317 2014 γήτεταις
2359 1963 2376 1995 ι
2427 1946 2521 1999 Ἐκ
2563 1946 2769 1998 τούτων
2818 1944 2911 2000 οῦν
2960 1946 3277 2015 πειθόμενοι
3307 1946 3522 2014 ἔλεγον,
3552 1947 3645 1999 ὅτι

2035 2038 2159 2090 ,Τὸν
2186 2037 2421 2107 Χριστὸν
2465 2038 2564 2090 οὑκ
2594 2033 2700 2090 οἶδέ
2741 2054 2825 2099 τις
2850 2078 2863 2101 ,
2896 2037 3061 2090 πόθεν
3093 2038 3269 2090 ἐστίν.
3301 2040 3376 2091 Uti
3424 2038 3540 2107 γὰρ
3578 2036 3645 2107 δὴ

2051 2132 2315 2197 ἐνενόουν,
2351 2132 2433 2185 δτι
2472 2131 2689 2195 διπλοῦς
2716 2131 2791 2184 ὢν
2817 2132 2845 2185 6
2873 2134 3079 2202 Κύριος
3106 2131 3336 2199 Ἰησοῦς,
3364 2131 3511 2185 κατᾶ
3545 2130 3647 2200 μὲν

2057 2225 2156 2293 τὴν
2206 2224 2271 2276 ἐκ
2314 2223 2595 2293 Παρθένου
2658 2225 2717 2275 ὲν
2770 2224 2934 2292 σαρκὶ
2972 2224 3251 2292 γέννησιν,
3304 2219 3648 2289 ὲγνωρὶζετο

2053 2317 2214 2370 πόθεν
2242 2318 2409 2381 ἐστὶν,
2442 2318 2524 2371 ὅτι
2558 2318 2622 2370 ἐκ
2654 2316 2904 2386 Βηῦλεέμ
2925 2332 2938 2345 ⁸
2966 2317 3108 2369 κατὰ
3134 2316 3191 2368 δὲ
3216 2316 3313 2385 τὴν
3340 2313 3643 2383 ἀσώματον

2051 2407 2144 2460 καὶ
2171 2407 2616 2480 ἀπορρητοτέραν
2639 2407 2735 2477 τὴν
2764 2408 2828 2460 ἐκ
2882 2407 3095 2478 Πατρὸς
3124 2405 3232 2476 πρὸ
3258 2406 3483 2458 πάντων
3531 2405 3643 2458 τῶν

2054 2500 2284 2562 αἰώνων,
2309 2501 2523 2568 λέγεται
2551 2501 2747 2567 γενεὰν
2774 2500 2917 2571 ἔχειν
2946 2499 3259 2569 ὑπερτέραν
3293 2497 3479 2565 πάσης
3519 2495 3642 2560 διηε-

2054 2597 2289 2664 γήσεως.
2315 2589 2475 2648 Οὗτοι
2519 2596 2697 2646 τοίνυν
2732 2595 2778 2646 οἱ
2819 2591 3246 2663 Ἱεροσολυμῖται
3310 2590 3414 2657 τὴν
3455 2587 3563 2657 μὲν
3586 2589 3643 2641 ἐν

2053 2689 2216 2756 σαρκὶ
2238 2686 2490 2757 γέννησιν
2520 2684 2873 2753 ὁμολογοῦσιν
2903 2683 3122 2748 ειδέναι,
3158 2682 3253 2734 καὶ
3284 2680 3452 2733 πόθεν
3486 2676 3639 2731 ἐστε·

2052 2780 2151 2850 τὴν
2175 2779 2230 2831 δὲ
2259 2779 2364 2848 πρὸ
2384 2777 2617 2841 αἰώνων,
2646 2776 2767 2831 καθ’
2787 2775 2853 2848 ἢν
2891 2775 2991 2829 οὑκ
3019 2770 3126 2827 οἶδέ
3146 2791 3231 2837 τις
3253 2772 3345 2827 τὸν
3373 2770 3638 2841 Χριστὸν,

2051 2872 2216 2927 πόθεν
2261 2872 2429 2936 ἐστὶν,
2484 2872 2585 2940 οὑχ
2634 2869 3009 2940 ὁμολογοῦσιν.
3050 2868 3142 2922 Διδ
3175 2866 3250 2937 μὴ
3288 2864 3643 2933 λογιζόμενοι

2050 2965 2131 3019 ὃτι
2160 2962 2380 3028 διπλοῦς
2400 2963 2497 3027 ὢν,
2526 2964 2588 3016 τὸ
2620 2962 2802 3033 μέντοι
2822 2960 3171 3029 γινώσκεται,
3189 2958 3250 3011 τὸ
3270 2957 3318 3011 δ’
3340 2956 3428 3025 οὓ,
3450 2955 3641 3025 φασὶν,

2048 3057 2123 3123 ὡς
2153 3058 2252 3112 οὑκ
2286 3056 2372 3126 εἴη
2405 3058 2434 3110 6
2471 3056 2729 3126 Χριστός.

2128 3167 2147 3201 ι
2179 3149 2453 3220 Ἔκραξεν
2473 3147 2566 3201 οὖν
2594 3148 2652 3200 ὲν
2679 3148 2755 3213 τῷ
2783 3145 2914 3217 ἱερῷ
2934 3143 3203 3198 διδάσκων
3227 3144 3255 3196 6
3283 3140 3521 3212 Ἰησοῦς,
3546 3139 3640 3192 καὶ

2052 3241 2226 3312 λέγων
2248 3257 2264 3273 ⁶
2304 3241 2463 3310 Κάμὲ
2493 3240 2694 3301 οἴδατε,
2719 3240 2812 3293 καὶ
2840 3239 3020 3292 οἴδατε
3055 3235 3220 3288 πόθεν
3239 3233 3356 3304 εἰμι
3375 3250 3388 3263 °
3417 3233 3512 3286 καὶ
3546 3231 3640 3284 ἀπ’

2051 3332 2291 3406 ἐμαυτοῦ
2323 3333 2422 3386 οὑκ
2456 3331 2713 3402 έλήλυθα,
2737 3330 2850 3385 ἀλλ’
2888 3330 3038 3383 ἐστιν
3060 3325 3315 3398 ἀληθινὸς
3350 3324 3379 3376 ὁ
3415 3323 3639 3391 πέμψας

2054 3443 2142 3497 με,
2166 3425 2226 3479 ὃν
2244 3425 2400 3496 ὑμεῖς
2423 3424 2522 3477 οὑκ
2547 3424 2746 3477 οἴδατε.
2784 3419 2925 3487 Ἐγὼ
2947 3420 3003 3473 δὲ
3032 3413 3150 3473 οῖδα
3177 3417 3362 3480 αὑτὸν,
3393 3416 3477 3468 ὅτι
3505 3412 3637 3483 παρ’

2051 3516 2219 3571 αὑτοῦ
2261 3518 2400 3587 εἰμι,
2437 3515 2690 3578 κάκεῖνός
2744 3530 2811 3583 με
2863 3511 3205 3566 ἀπέστειλεν.
3243 3527 3261 3561 ι
3306 3505 3527 3574 Ἐπειδὴ
3554 3503 3635 3569 τδ,

2057 3629 2077 3663 ι
2122 3609 2360 3680 Οἴδαμεν
2402 3609 2615 3673 τοῦτον,
2652 3605 2815 3659 πόθεν
2869 3604 3025 3665 ἐστὶ,
3071 3623 3090 3656 ι
3146 3603 3213 3655 δι’
3247 3600 3399 3653 οὐδὲν
3446 3598 3638 3667 ἓτερον

2051 3704 2255 3775 ελεγον,
2287 3701 2403 3756 ἀλλ’
2438 3700 2469 3770 ἢ
2497 3699 2666 3763 δεῖξαι
2694 3698 2941 3760 θέλοντες
2964 3737 2979 3759 ,
3005 3697 3087 3748 ὄτι
3111 3696 3175 3748 ἐκ
3209 3694 3311 3763 τῆς
3344 3693 3449 3759 γῆς
3483 3691 3632 3751 ἑστι,

2050 3796 2148 3850 καὶ
2172 3797 2253 3849 ὅτι
2281 3793 2533 3855 τέκτονος
2559 3790 2696 3855 υἱὸς,
2719 3789 2807 3842 διὰ
2842 3788 3002 3841 τοῦτο
3030 3786 3191 3848 αὑτὸς
3215 3784 3408 3852 ἀνάγει
3436 3782 3636 3844 αὐτοὺς

2051 3889 2130 3952 εἰς
2162 3887 2252 3940 τὸν
2284 3883 2513 3956 οὑρανὸν
2535 3883 2709 3951 λέγων
2733 3900 2747 3915 ο
2774 3898 2794 3932 ι
2828 3880 2936 3934 Καὶ
2961 3879 3061 3950 ἐμὲ
3101 3878 3300 3942 οἴδατε,
3338 3876 3434 3929 καὶ
3457 3873 3635 3926 οἴδατε

2051 3976 2213 4032 πόθεν
2269 3975 2384 4046 εἰμί
2410 3991 2425 4007 ο
2462 3974 2735 4037 τουτέστι,
2771 3973 2891 4025 Κᾶν
2926 3972 2975 4024 εἰ
3009 3970 3097 4023 διὰ
3125 3968 3225 4039 τὴν
3260 3966 3467 4020 κακίαν
3505 3980 3635 4033 συγ-

2050 4067 2385 4138 καλύπτητε,
2408 4067 2557 4136 ὅμως
2584 4064 2761 4119 οἴδατε
2789 4063 2952 4117 πόθεν
2990 4061 3130 4131 εἰμὶ,
3160 4062 3245 4114 ὅτι
3276 4059 3337 4123 ἐξ
3374 4056 3631 4128 οὐρανοῦ.

2061 4160 2215 4215 Ἐπεὶ
2248 4161 2359 4229 γὰρ
2380 4157 2591 4213 ἐκεῖθέν
2617 4160 2765 4211 ῖστιν
2802 4158 2830 4210 6
2863 4156 3055 4226 Πατήρ
3086 4171 3211 4224 μου,
3244 4152 3533 4222 πρόδηλον.
3553 4150 3635 4203 ὅτι

2048 4253 2144 4308 καὶ
2177 4251 2343 4315 αὐτὸς
2365 4250 2576 4305 ἐκεῖθέν
2606 4251 2743 4320 εἰμι,
2775 4250 2870 4302 καὶ
2895 4250 2977 4303 ὅτι
2992 4248 3124 4319 παρ’
3153 4246 3366 4301 ἐκείνου
3394 4243 3637 4304 ἀπεστα-

2047 4345 2169 4416 λην,
2201 4344 2260 4409 ὃς
2288 4345 2437 4397 ἔστιν
2468 4342 2698 4413 ἀληθής.
2738 4340 2887 4394 Ἐπεὶ
2906 4340 2963 4393 δὲ
2987 4342 3194 4403 ἐκεῖνος
3224 4337 3453 4409 ἀληθὴς,
3476 4333 3633 4402 κάγὼ

2048 4437 2115 4492 ἂν
2135 4436 2255 4506 εἴην
2286 4434 2513 4505 ἀληθὴς,
2538 4434 2633 4488 καὶ
2660 4433 2722 4487 οὑ
2756 4432 2978 4496 πλάνος.
3015 4432 3090 4485 Οὑ
3118 4432 3227 4501 γὰρ
3247 4429 3314 4483 ἂν
3349 4430 3379 4482 6
3404 4428 3626 4499 ἀληθὴς.

359 4521 544 4579 vellet.
578 4519 734 4577 Hunc
769 4529 953 4577 autem
983 4522 1073 4592 qui
1119 4520 1269 4578 misit
1313 4536 1401 4578 me
1424 4562 1438 4588 ,
1468 4537 1562 4577 vos
1597 4523 1812 4590 quidem
1844 4540 1944 4576 ne-

2053 4528 2249 4582 πλόινον
2302 4528 2394 4581 καὶ
2435 4524 2605 4597 ψευδῆ
2635 4525 2901 4595 ἠθέλησεν
2932 4524 3273 4579 ἀποστεῖλαι.
3327 4521 3530 4576 Τοῦτον
3573 4521 3629 4573 δὲ

362 4616 515 4673 scitis
549 4625 605 4672 et
635 4615 917 4687 ignoratis,
945 4614 1386 4685 quandoquidem
1439 4615 1490 4671 id
1534 4616 1791 4686 operibus
1833 4631 1941 4670 non

361 4706 675 4764 declaratis.
707 4706 842 4761 Nam
881 4704 1046 4778 (sicut
1076 4704 1275 4761 Paulus
1318 4705 1590 4777 inquit“)
1626 4707 1677 4762 in
1713 4706 1941 4761 scientia

360 4800 663 4873 ignorantia
688 4799 856 4875 609
883 4809 985 4855 est.
1023 4817 1042 4851 ι
1070 4798 1262 4865 Deum,
1290 4799 1484 4870 inquit,
1513 4798 1752 4854 fatentur
1777 4800 1939 4864 scire,

363 4908 527 4965 opere
559 4902 736 4948 autem
764 4891 1079 4951 iuliciantnr
1109 4906 1260 4947 cum.
1301 4891 1369 4947 Et
1402 4908 1498 4947 vos
1521 4892 1741 4961 quidem
1768 4889 1939 4948 Judsi

362 4987 587 5043 nescitis
623 4987 838 5041 Patrem
880 5001 1082 5050 meum,
1118 4996 1341 5058 propter
1375 5003 1535 5056 opera
1565 4998 1743 5042 vestra
1776 4987 1941 5053 mala,

361 5091 415 5134 et
439 5080 734 5150 pessimum
761 5080 1023 5134 animum.
1055 5080 1163 5151 Ego
1193 5090 1368 5135 autem
1405 5080 1551 5134 illum
1582 5082 1719 5144 scio,
1769 5094 1941 5149 neque

363 5172 509 5226 enim
538 5172 757 5229 obstant
788 5173 922 5228 mihi
957 5172 1039 5227 vel
1072 5187 1226 5227 mens
1277 5173 1440 5238 mala,
1471 5172 1554 5226 vel
1606 5187 1770 5240 opera
1820 5187 1941 5241 quae

364 5261 440 5316 illi
470 5262 777 5331 displicent,
808 5264 1096 5333 quominus
1120 5263 1265 5319 illum
1291 5280 1634 5334 cognoscam.
1667 5281 1689 5313 ι
1720 5265 1800 5318 Ab
1828 5266 1939 5334 ipsa

363 5356 509 5411 enim
540 5371 683 5423 sum,
711 5375 729 5408 ι
758 5358 861 5413 hoc
877 5368 979 5425 est,
1005 5374 1070 5413 ex
1097 5358 1233 5427 ipso,
1265 5357 1371 5412 non
1402 5358 1470 5410 ab
1492 5357 1595 5409 alia
1618 5357 1942 5419 substantia,

364 5448 449 5502 vel
477 5448 685 5503 alienus
720 5450 786 5504 ab
818 5465 905 5517 eo,
938 5470 955 5502 ι
977 5461 1031 5505 ct
1061 5451 1147 5505 ille
1176 5466 1262 5505 me
1298 5450 1497 5506 misit.)
1531 5450 1662 5503 Vide
1683 5458 1861 5502 autem
1892 5458 1946 5502 et

368 5543 469 5598 hoc
500 5545 620 5599 loco
647 5548 781 5600 duas
808 5546 1028 5599 naturas
1068 5546 1119 5599 in
1164 5545 1383 5600 Christo
1412 5543 1750 5599 manifestari
1779 5561 1793 5598 :
1849 5558 1945 5611 per

368 5637 471 5692 hoc
502 5640 646 5693 enim
668 5640 810 5709 quod
842 5639 921 5694 ait
950 5637 1258 5709 Apostolus,
1280 5657 1299 5691 ι
1328 5638 1410 5693 Ab
1440 5637 1559 5709 ipso
1588 5652 1729 5700 sum,
1764 5654 1783 5688 ι
1814 5636 1945 5692 sub-

435 5817 1267 5890 "Maltinn,6;llich.t’.2.
1343 5821 1389 5855 ιο
1422 5821 1558 5905 ibid.
1637 5819 1945 5893 “iamut

2060 5820 2112 5875 8.
2191 5817 2232 5850 ⁶¹
2271 5814 2381 5872 Tit.
2416 5833 2457 5885 I,
2488 5816 2571 5872 l6.

2050 4622 2141 4681 τὸν
2171 4619 2567 4676 ἀποστεῖλαντὰ
2618 4635 2707 4689 με,
2765 4619 2924 4690 ὑμεῖς
2960 4618 3059 4688 μὲν
3105 4617 3209 4670 οὑκ
3265 4616 3470 4678 οἴδατε,
3516 4615 3630 4668 ἀλλ’

2050 4717 2296 4785 ἀγνοεῖτε
2322 4716 2545 4783 ἄγνοιαν
2573 4713 2673 4784 τὴν
2698 4712 2786 4765 διὰ
2801 4713 2911 4766 τῶν
2938 4711 3136 4780 εργων.
3172 4710 3263 4774 Ὠς
3285 4709 3396 4780 γὰρ
3425 4711 3456 4764 6
3481 4708 3631 4762 Παῦο

2049 4808 2141 4873 λός
2167 4825 2366 4879 φησιν,
2401 4807 2549 4861 ἐστιν
2594 4806 2789 4876 ἄγνοια
2819 4807 2877 4859 ἑν
2908 4805 3131 4874 γνώσει.
3171 4823 3190 4856 ι
3225 4804 3362 4858 Θεὸν
3386 4841 3406 4866 ,
3441 4802 3626 4875 φησὶν,

2050 4901 2405 4971 ὁμολογοῦσιν
2432 4898 2650 4958 εἰδέναι,
2687 4900 2801 4963 τοῖς
2828 4897 2886 4952 δὲ
2939 4896 3125 4968 ἔργοις
3168 4896 3479 4965 ἀρνοῦνται.
3522 4896 3627 4949 Καὶ

2054 4995 2208 5064 ὑμεῖς
2231 4992 2323 5046 οὑν
2344 4991 2394 5045 οἱ
2439 4990 2683 5045 Ἰουδαῖοι
2712 4990 2814 5044 οὑκ
2836 4989 3017 5044 οἴδατε
3041 4990 3135 5044 τὸν
3162 4991 3382 5060 Πατέρα
3411 5006 3515 5059 μου
3542 4989 3630 5044 διὰ

2050 5087 2115 5139 τὰ
2146 5084 2282 5155 ἔργα
2313 5085 2465 5153 ὑμῶν
2490 5084 2559 5135 τὰ
2591 5081 2823 5152 πονηρὰ,
2852 5081 2949 5134 καὶ
2967 5080 3065 5151 τὴν
3086 5081 3355 5151 κακξστην
3377 5081 3622 5151 γνώμην.

2054 5193 2073 5227 ι
2121 5174 2265 5243 Ἐγὼ
2308 5174 2363 5228 δὲ
2417 5169 2535 5227 οἶδα
2582 5172 2766 5225 αὑτόν.
2809 5190 2827 5222 ι
2865 5172 2939 5224 υὺ
2989 5172 3099 5241 γὰρ
3140 5172 3493 5241 ἑμποδέζουσῖ
3538 5186 3626 5240 μοι

2050 5266 2173 5322 οὒτε
2210 5266 2401 5336 γνώμη
2431 5265 2663 5335 πονηρὰ,
2684 5262 2807 5317 οὑτε
2838 5264 2973 5335 ἔργα
2999 5265 3383 5334 ἁπαρέσκοντα
3413 5263 3625 5333 ἐκεινῳ,

2052 5359 2189 5430 πρὸς
2226 5360 2327 5429 τὴν
2353 5358 2554 5429 γνῶσιν
2603 5355 2792 5411 αὑτοῦ.
2834 5376 2851 5410 t
2892 5358 3029 5426 [Iap‘
3062 5340 3227 5409 αὑτοῦ
3272 5358 3382 5427 γάρ
3412 5357 3526 5426 εῖμι
3553 5371 3567 5384 ·
3600 5372 3619 5406 ο

2050 5451 2353 5515 τουτέστιν,
2386 5451 2443 5515 ἐξ
2477 5448 2668 5513 αὑτοῦ,
2704 5449 2805 5502 οὑκ
2839 5449 2934 5503 ἀπ’
2969 5450 3135 5517 ἄλλης
3162 5450 3374 5514 οὐσίας,
3404 5450 3439 5519 ἢ
3473 5447 3615 5502 ἁλλό-

2050 5561 2200 5616 τριος
2246 5541 2436 5607 αὑτοῦ,
2475 5560 2495 5593 ‹
2549 5542 2804 5603 κάκεῖνός
2845 5558 2910 5611 με
2946 5541 3285 5595 ἀπέστειλεν.
3329 5559 3348 5592 ι
3388 5542 3532 5611 Ὅρα
3570 5537 3618 5590 δὲ

2047 5633 2288 5690 ἐνταῦθα
2306 5632 2404 5696 τὰς
2426 5631 2520 5685 δύο
2545 5633 2737 5703 φύσεις
2758 5633 2855 5688 τοῦ
2882 5631 3122 5705 Χριστοῦ
3137 5632 3474 5703 δηλουμένας
3503 5647 3517 5659 ·
3540 5628 3622 5693 διᾴ
