3960 6454
237 378 359 439 1‘37

902 370 1344 431 ΕΝΛὶἶῖὶᾹΤίΟ
1382 369 1459 429 ΙΝ
1502 365 1823 430 ΕνΑΝδΕΙ

1931 363 2002 423 [Μ
2042 367 2458 431 ΙΟΑΝΝῐὸο-
2488 369 2648 431 CAP.
2685 368 2817 430 Vll-

3358 362 3493 428 1333

238 487 331 557 μὲν
358 482 471 543 τοῦ,
520 504 534 532 ι
583 483 716 552 Ηλιὶ
759 484 926 535 arto}
963 488 1099 553 εἰμι,
1136 506 1150 533 ι
1188 484 1284 555 τὴν
1313 484 1503 538 ουσίαν
1538 485 1634 553 τῆς
1687 484 1804 537 θεό-

1931 486 2111 539 ;tantia
2136 486 2314 540 divina
2336 487 2641 542 declaratur
2662 505 2678 552 ;
2698 501 2819 540 cum
2844 499 2969 539 vero
2991 482 3088 550 ait,
3122 502 3138 536 ι
3160 482 3224 538 Ει
3251 481 3339 537 ille
3355 483 3494 536 misia

232 594 425 650 τητος·
457 576 544 630 διὰ
589 576 647 629 δὲ
680 575 794 643 τοῦ,
839 578 1166 640 ι.Κάκείνὸς
1221 594 1287 645 με
1342 577 1657 638 ἀπέστειλε,
1693 595 1711 627 ι
1750 576 1813 628 τὸ

235 669 611 741 ἀνθρώπινονο
669 669 968 732 ἀπόστολος
1020 667 1130 739 γὰρ
1166 669 1306 723 κατά
1363 669 1425 722 τὸ
1474 668 1813 740 ἀνθρώπινον

233 762 468 831 λέγεται,
503 762 638 817 καθὸ
661 762 753 814 καὶ
788 761 971 824 δοῦλος
993 764 1019 815 ὁ
1054 762 1181 823 Υἱὸς
1207 761 1300 815 τοῦ
1332 761 1488 814 θευῦ.

308 876 326 905 ι
384 854 644 923 Ἐζήτουν
687 852 780 907 οὖν
823 856 983 907 αὐτὸν
1021 856 1234 916 πιάσαι,
1275 856 1367 907 καὶ
1402 854 1577 915 οὐδεὶς
1617 853 1813 906 ἐπέϐα-

232 947 320 999 λεν
356 946 442 999 ἐπ’
469 945 631 999 αὑτὸν
661 945 760 1006 τὰς
793 948 999 1015 χεῖρας.
1037 947 1121 998 ὅτι
1159 945 1312 998 οὔπω
1352 945 1601 1014 ἐληλύθει
1628 947 1661 1015 ή
1694 944 1812 1012 ὦρα

232 1038 417 1093 αἰτοῦ.
454 1037 647 1093 Πολλοὶ
680 1033 773 1091 οὖν
815 1038 878 1089 ὲκ
912 1036 1008 1089 τοῦ
1038 1036 1200 1107 ὄχλου
1238 1037 1572 1089 ἐπίστευσαν
1610 1038 1690 1097 εἰς
1712 1034 1813 1087 αὑ-

230 1132 340 1192 τὸν,
400 1130 494 1183 καὶ
552 1129 773 1196 ελεγον,
813 1129 896 1183 ὅτι
939 1129 998 1181 Ὀ
1030 1128 1265 1199 Χριστὸς
1302 1129 1429 1180 ὅταν
1464 1128 1593 1197 ἔλοῃ
1622 1167 1636 1190 ,
1682 1127 1812 1196 μήτι

232 1223 401 1277 πλείω
431 1223 634 1292 σημεῖα
659 1221 867 1275 τούτων
908 1221 1148 1292 ποιήσει,
1182 1214 1257 1275 ὧν
1286 1215 1439 1283 οὗτος
1465 1219 1749 1288 ὲποίησεν;
1788 1236 1807 1271 ι

230 1314 500 1369 Δεικνύων
523 1315 552 1367 δ
592 1314 986 1384 εὑαγγελιστὴς
1015 1355 1027 1377 ,
1063 1314 1146 1366 ὅτι
1181 1314 1430 1382 ἀοράτως
1476 1310 1811 1380 κατείχοντο,

231 1408 323 1462 καὶ
349 1410 428 1461 ὅτι
462 1406 604 1462 ἑκὼν
631 1407 823 1471 ἔπαθε,
848 1409 941 1462 καὶ
955 1409 1055 1460 οὑκ
1080 1406 1139 1471 ἐξ
1167 1407 1492 1476 ἀδυναμίας,
1521 1406 1708 1473 φησιν,
1730 1404 1814 1457 ὅτι

235 1518 255 1552 ι
307 1499 570 1571 Ἐζήτουν
599 1500 765 1555 αὑτὸν
803 1500 993 1553 πιάσαι
1022 1542 1034 1561 ,
1081 1501 1176 1553 καὶ
1214 1500 1389 1559 οὐδεὶς
1418 1497 1684 1550 ἐπέϐαλεν
1714 1498 1815 1550 ἐπ’

232 1594 394 1648 αὑτὸν
413 1594 510 1656 τὰς
533 1595 740 1663 χεῖρας.
766 1613 784 1645 ι
805 1592 881 1645 Τὸ
904 1594 982 1656 δὲ,
1006 1591 1174 1645 Οὔπω
1190 1588 1356 1661 ἦλθεν
1379 1592 1411 1660 ἡ
1434 1590 1555 1659 ὥρα
1573 1589 1757 1652 αὑτοῦ,
1787 1609 1806 1641 ι

230 1685 353 1752 ἔφη,
401 1687 502 1755 οὑχ
555 1688 638 1740 ὃτι
687 1688 901 1755 καιροῖς
940 1684 1219 1744 ὑπέκειτο,
1274 1682 1391 1736 ἀλλ’
1422 1684 1504 1736 ὅτι
1543 1684 1721 1735 πάντα
1757 1682 1814 1732 ἐν

229 1778 368 1851 ὥρα,
399 1781 493 1831 καὶ
525 1778 813 1849 ἐπιτηδείῳ
834 1778 1011 1849 καιρῷ
1047 1779 1138 1831 καὶ
1165 1777 1242 1847 τῷ
1278 1777 1608 1846 προσήκοντι
1647 1775 1810 1827 ποιεῖ.

1923 591 2030 642 tne,
2070 577 2350 632 humana:
2384 578 2680 632 secundum
2723 575 2868 631 enim
2913 579 3199 629 humanam
3253 584 3500 627 naturam
3590 618 3595 623 .

1922 672 2123 726 missus
2163 670 2361 725 dicitur
2404 679 2568 739 alque
2607 670 2772 726 etiam
2807 683 3025 733 servus,
3055 668 3148 739 qui
3194 665 3364 722 Filius
3414 677 3498 718 est

1921 761 2039 816 Dei.
3396 772 3401 777 .
3444 782 3447 785 Α

1995 854 2158 909 Vens.
2198 854 2288 918 '50,
2338 854 2428 908 5i.
2485 871 2502 905 ι
2543 852 2867 920 Qua'rebant
2912 851 3077 922 igitur
3110 851 3260 906 illum
3304 863 3497 921 appre-

1920 946 2183 1012 hendere,
2223 958 2280 1002 et
2320 960 2479 1001 nemo
2519 945 2664 998 misit
2704 958 2896 999 manus
2923 944 2975 996 in
3005 941 3178 1007 illum,
3210 943 3334 1012 quia
3364 956 3499 996 non-

1920 1041 2046 1095 dum
2080 1049 2302 1095 venerat
2355 1040 2485 1095 hora
2529 1038 2665 1108 ejus.
2700 1037 2846 1092 Multi
2878 1045 3059 1091 autem
3085 1051 3149 1090 ex
3178 1035 3335 1089 turba
3366 1047 3497 1087 cre-

1920 1133 2173 1188 diderunt
2232 1134 2286 1188 in
2336 1147 2482 1194 eum,
2516 1141 2573 1185 et
2623 1130 2879 1186 dicebant
2911 1129 3052 1198 quod
3081 1128 3330 1183 Christus
3373 1140 3497 1181 cum

1921 1228 2149 1287 venerit,
2190 1241 2317 1280 num
2350 1226 2499 1295 signa
2533 1225 2691 1293 plura
2720 1223 2845 1279 edet
2876 1223 2941 1276 iis
2970 1236 3088 1288 qua:
3116 1221 3204 1276 hic
3231 1217 3438 1274 edidit?
3476 1236 3494 1269 ι

1921 1317 2227 1373 Ostendens
2276 1318 2607 1386 evangelista
2675 1317 2818 1384 quod
2875 1312 3219 1369 invisibiliter
3278 1310 3501 1366 cohibe-

1926 1422 2134 1475 rentur,
2161 1419 2213 1464 et
2243 1410 2386 1479 quod
2421 1421 2616 1479 sponte
2660 1418 2960 1477 pateretur,
3007 1422 3110 1461 non
3150 1420 3213 1460 ex
3260 1402 3500 1458 imbecil-

1922 1504 2089 1565 litate,
2147 1504 2330 1556 dicit:
2388 1520 2406 1553 ι
2459 1502 2784 1568 ριιωνριιειηι
2848 1500 3002 1554 illum
3073 1496 3501 1566 apprchendere,

1923 1596 2101 1649 nullus
2138 1607 2316 1649 autem
2353 1594 2500 1648 misit
2549 1593 2603 1647 iu
2652 1593 2802 1647 illum
2831 1607 3043 1645 manus.
3085 1608 3104 1641 ι
3139 1588 3290 1657 Quod
3321 1597 3499 1641 autem

1926 1707 1944 1739 ι
1982 1686 2231 1741 Nondum
2262 1687 2468 1741 venerit
2494 1686 2625 1739 hora
2656 1685 2795 1754 ejus,
2833 1700 2852 1734 ι
2891 1681 3025 1735 dixit
3062 1696 3167 1735 non
3191 1679 3332 1748 quod
3372 1688 3501 1731 tem-

1924 1780 2147 1850 poribus
2171 1788 2314 1834 esset
2362 1776 2653 1844 obnoxius,
2703 1777 2797 1831 sed
2832 1776 2976 1844 quod
3026 1773 3229 1827 omnia.
3258 1782 3503 1841 tempore.

240 1871 433 1927 Ἰἰνίκα
482 1874 590 1941 γὰρ
634 1872 696 1924 τὸ
744 1870 935 1925 παθεῖν
967 1868 1223 1939 εὔκαιρον
1268 1868 1577 1936 ἐλογίσατο,
1607 1865 1810 1935 δηλαδὴ

1931 1883 2217 1942 ipportuno
2275 1880 2329 1925 et
2396 1873 2524 1925 hora
2587 1868 2927 1924 convenienti
3011 1867 3215 1922 fecerit.
3276 1864 3504 1931 Quando

230 1965 371 2018 κατὰ
402 1966 494 2019 τὸν
524 1964 725 2034 ὡραῖον
755 1966 849 2017 καὶ
881 1964 1191 2033 ἐπιτήδειον
1217 1962 1432 2033 χρόνον,
1461 1959 1582 2012 τότε
1624 1957 1686 2026 δὴ
1722 1959 1817 2010 καὶ

228 2059 341 2121 τοῖς
395 2057 738 2125 σταυρωταίς
795 2055 1165 2126 συνεχώρησε,
1204 2053 1388 2107 Πάντα
1442 2052 1551 2121 γὰρ
1593 2054 1649 2104 ὲν
1697 2067 1818 2102 και-

230 2151 340 2217 ροῖς
397 2147 619 2218 ὡραίοις
659 2147 754 2200 καὶ
804 2146 1131 2213 ἐπιτηδείοις
1171 2147 1318 2198 ποιεῖ
1367 2144 1462 2197 καὶ
1510 2141 1806 2210 οἰκονομεῖ.

226 2235 379 2302 Οῗον,
412 2238 518 2291 ἔδει
539 2238 761 2309 δοθῆναι
786 2236 878 2291 τὸν
900 2238 1086 2306 νόμον,
1119 2236 1232 2291 ἀλλ’
1253 2238 1311 2289 ὲν
1341 2235 1518 2307 καιρῷ
1544 2235 1623 2304 τῷ
1652 2248 1820 2303 προσ-

227 2329 450 2396 ήκοντι,
486 2327 613 2389 τοὺς
677 2329 968 2399 προφήτας
1002 2328 1227 2398 ὁμοίως,
1254 2328 1347 2381 καὶ
1377 2328 1439 2379 τὸ
1463 2325 1815 2393 Εὑαγγέλιον.

228 2419 302 2473 Τὸ
328 2414 424 2473 οὖν
462 2421 559 2489 τῆς
589 2417 736 2484 ὥρας
762 2419 955 2489 ³ἄνομοι,
982 2419 1045 2471 τὸ
1092 2418 1318 2488 ἀκριϐὲς
1358 2419 1460 2487 τῆς
1493 2418 1684 2484 σοφίας
1721 2414 1820 2468 καὶ

228 2512 327 2580 τῆς
357 2511 614 2582 προνοίας
646 2509 740 2564 τοῦ
770 2509 1025 2580 Σωτῆρος
1060 2510 1422 2563 ἐνδείκνυται.
1455 2526 1473 2559 ι
1532 2507 1724 2560 Πολλοὶ
1762 2506 1819 2561 δὲ

228 2603 563 2656 ἐπίστευσαν
586 2601 758 2673 αὑτῷ,
789 2602 1065 2671 λέγοντες·
1092 2601 1184 2672 Μὴ
1213 2602 1241 2653 ὁ
1267 2600 1503 2672 Χριστὸς
1536 2600 1706 2653 πλείω
1728 2616 1824 2669 ση-

234 2698 362 2766 μεῖα
393 2697 629 2766 ποιήσει,
671 2690 747 2751 ὧν
786 2690 942 2759 οὗτος
969 2696 1225 2765 emines;
1276 2714 1295 2747 ι
1336 2695 1574 2762 Λέγουσι
1603 2693 1662 2747 δὲ
1691 2692 1822 2762 περὶ

229 2787 324 2841 τοῦ
353 2788 502 2841 οἴνου
530 2788 623 2842 τοῦ
658 2791 715 2842 ἐν
748 2789 926 2858 Κανᾷ,
962 2786 1056 2841 τοῦ
1090 2787 1203 2839 υἱοῦ
1239 2784 1332 2839 τοῦ
1373 2783 1653 2855 βασιλικοῦ
1680 2822 1695 2847 ,
1726 2781 1820 2836 τοῦ

228 2880 569 2950 παραλύτου,
598 2881 705 2933 τῶν
732 2880 935 2950 ἀρτων,
972 2878 1068 2932 καὶ
1097 2878 1290 2941 ἁπλῶς
1332 2878 1441 2931 τῶν
1474 2876 1649 2932 ἀλλων
1683 2875 1821 2930 πάν-

232 2989 364 3036 των,
420 2965 496 3025 ὧν
543 2972 664 3025 οὑδὲ
694 2974 741 3023 οἱ
774 2972 1182 3038 εὑαγγελισταὶ,
1216 2969 1304 3023 διὰ
1339 2971 1399 3023 τὸ
1431 2968 1632 3040 πλῆθος
1659 3008 1674 3034 ,
1708 2968 1825 3021 δνο-

236 3067 406 3136 μαστ“ι
440 3065 863 3135 ὲπιμέμνηνται.
898 3064 1044 3134 Πλὴν
1071 3066 1121 3117 εί
1153 3064 1245 3118 καὶ
1270 3061 1488 3126 ἀκούεις
1510 3104 1527 3129 ,
1562 3063 1645 3115 ὅτι
1694 3061 1824 3113 ἐπί-

235 3175 471 3213 στευσαν
506 3158 709 3223 πολλοὶ,
740 3158 855 3212 ἀλλ’
883 3154 976 3212 οὖν
1017 3158 1119 3211 οὑκ
1165 3156 1399 3227 ἀκριϐὴς
1439 3150 1507 3226 ἦν
1562 3156 1595 3226 ἡ
1641 3154 1825 3216 πίστις

237 3251 445 3317 αὐτῶν,
481 3250 597 3304 ἀλλ’
628 3252 747 3304 οἵαν
778 3251 926 3313 εἰκὸς
963 3246 1103 3303 εἴναι
1128 3249 1364 3317 πλήθους
1398 3246 1645 3318 χυδαῖον,
1666 3245 1825 3301 ἀλλο-

236 3359 293 3397 τε
330 3343 506 3407 ἄλλως
534 3344 1003 3414 μεταταττομένου
1050 3344 1170 3406 ταῖς
1203 3342 1476 3412 γνώμαις.

314 3541 333 3573 ι
377 3523 656 3576 Ἤκουσαν
713 3522 764 3576 οἱ
810 3523 1098 3593 Φαρισαῖοι
1139 3521 1503 3590 γογγύζοντος
1535 3520 1630 3573 τοῦ
1666 3518 1825 3587 ὄχλου

239 3613 370 3683 περὶ
395 3610 562 3665 αὑτοῦ
594 3611 767 3664 ταῦτα
799 3627 813 3641 ο
853 3611 945 3664 καὶ
978 3609 1309 3663 ἀπέστειλαν
1331 3606 1608 3676 ὑπηρέτας
1631 3606 1681 3657 οί
1716 3605 1827 3656 Φα-

249 3708 454 3777 ρισαῖοι
489 3703 586 3757 καὶ
613 3706 662 3757 οἱ
690 3704 993 3774 ἀρχιερεῖς,
1021 3702 1106 3755 ἴνα
1141 3701 1411 3755 πιάσωσιν
1441 3699 1624 3751 αὐτόν.
1660 3693 1829 3750 Εἶπεν

238 3795 334 3852 οὖν
362 3800 547 3860 αὐτοῖς
573 3799 601 3851 ὁ
634 3797 843 3867 Ἰησοῖς
866 3812 881 3828 ο
919 3796 1041 3848 Ἔτι
1078 3793 1272 3865 μικρὸν
1300 3792 1491 3862 χρόνον
1529 3790 1647 3860 μεθ’
1677 3788 1828 3859 ὑμῶν

239 3894 379 3963 εἶμι,
403 3893 497 3945 καὶ
522 3889 721 3958 ὑπάγω
756 3888 892 3959 πρὸς
942 3888 1035 3940 τὸν
1076 3884 1372 3955 πέμψαντά
1419 3900 1507 3953 με.
1553 3880 1828 3951 Ζητήσετέ

242 4002 335 4055 με,
374 3982 470 4038 καὶ
500 3983 599 4053 οὐχ
638 3980 902 4051 εὑρήσετε
929 3995 943 4009 ·
982 3979 1076 4032 καὶ
1098 3978 1234 4031 ὅπου
1269 3974 1380 4043 ἐγώ
1410 3978 1547 4043 είμι,
1575 3974 1733 4043 ὑμεῖς
1767 3973 1828 4026 οὑ

239 4076 473 4132 δύνασθε
503 4073 696 4127 ἐλθεῖν.
737 4067 901 4124 Εἶπον
930 4065 1024 4123 οὖν
1045 4068 1097 4122 oi
1133 4066 1379 4120 Ἰουδαῖοι
1408 4063 1544 4134 πρὸς
1563 4060 1791 4124 ἑαυτούς
1811 4078 1825 4092 ·

241 4173 355 4229 Ποῦ
382 4164 538 4233 οὗτος
570 4167 756 4239 μέλλει
780 4162 1136 4237 πορεύεσθαι,
1164 4163 1244 4215 ὃτι
1274 4160 1436 4230 ἡμεῖς
1469 4156 1568 4227 οὑχ
1600 4155 1832 4224 εὑρήσο-

247 4283 349 4337 μεν
390 4261 588 4328 αὑτόνς
642 4260 734 4331 Μὴ
780 4260 861 4322 είς
912 4256 1013 4324 τὴν
1063 4252 1368 4322 διασπορὰν
1413 4249 1524 4303 τῶν
1561 4247 1831 4317 Ἑλλήνων

247 4359 433 4429 μέλλει
480 4352 808 4426 πορεύεσθαι
830 4392 846 4418 ,
883 4350 979 4404 καὶ
1028 4347 1303 4402 διδάσκειν
1338 4344 1477 4429 τοὺς
1516 4341 1828 4412 ’Έλληναςς

245 4426 345 4516 Τίς
396 4450 544 4504 ἐστιν
573 4448 602 4501 ὁ
640 4446 798 4514 λόγος
828 4438 981 4506 οὗτος
1013 4442 1074 4494 ὃν
1117 4436 1241 4493 εἷπε
1260 4455 1276 4472 ο
1311 4426 1588 4507 Ζητήσετέ
1617 4451 1705 4504 με,
1735 4432 1830 4485 καὶ

1918 1967 2062 2022 enim
2101 1965 2479 2034 tempestivum
2504 1962 2834 2018 existimavit
2859 1962 3002 2031 quod
3042 1969 3340 2030 pateretur,
3366 1966 3492 2011 tunc

1917 2069 1966 2112 et
1997 2058 2415 2114 crucillxoribus
2454 2071 2514 2110 se
2542 2055 2810 2125 permisit.
2837 2052 3033 2110 Omnia
3060 2052 3206 2106 enim
3247 2050 3507 2118 tempori-

1923 2153 2026 2207 bus
2057 2150 2377 2221 opportunis
2408 2159 2463 2203 et
2497 2146 2867 2203 aceonnnodis
2896 2145 3024 2200 facit
3052 2159 3117 2200 ac
3147 2143 3462 2200 moderatur
3490 2162 3503 2198 :

1919 2255 1971 2298 et
2015 2244 2156 2296 sicut
2190 2242 2361 2312 legem
2407 2240 2525 2294 dari
2573 2238 2931 2295 conveniebat
2972 2246 3214 2304 tempore
3244 2250 3506 2306 congruo,

1920 2337 1992 2389 ita
2044 2334 2295 2387 similiter
2337 2343 2392 2387 et
2448 2334 2760 2401 prepltetas,
2816 2341 2869 2385 et
2918 2329 3297 2399 Evangelinm.
3357 2327 3511 2386 Unde

1920 2441 2115 2481 nomen
2188 2427 2335 2479 horse
2406 2423 2645 2478 ostendit
2695 2424 2999 2477 evidentem
3058 2421 3400 2490 prudentiam
3455 2431 3511 2474 et

1921 2519 2243 2587 sapientiam
2289 2516 2616 2573 Salvatoris.
2659 2534 2678 2568 ι
2737 2514 2888 2569 Multi
2939 2523 3119 2570 autem
3162 2514 3514 2570 crediderunt

1921 2612 1991 2674 ei,
2027 2612 2313 2666 dicentes:
2343 2606 2601 2677 Nunquid
2642 2604 2895 2661 Christus
2939 2605 3091 2675 plura
3129 2604 3282 2675 signa
3315 2602 3504 2665 faciet,

1922 2717 2084 2769 quam
2115 2701 2206 2755 hic
2239 2699 2410 2754 fecit?
2447 2717 2467 2752 ι
2508 2696 2706 2752 Dicunt
2751 2705 2931 2750 autem
2977 2697 3045 2751 de
3092 2694 3222 2750 vino
3260 2694 3313 2748 in
3362 2691 3509 2748 Cana

1923 2792 2182 2857 Galilzear,
2211 2794 2277 2847 de
2308 2791 2418 2846 lilio
2446 2790 2615 2859 regio,
2668 2791 2735 2843 de
2781 2787 3101 2861 paralytico,
3151 2786 3217 2842 de
3261 2785 3511 2854 panibus,

1925 2893 1979 2938 et
2027 2883 2081 2937 iu
2130 2897 2342 2938 summa
2393 2881 2461 2937 de
2510 2880 2632 2936 aliis
2683 2879 2955 2944 omnibus,
2999 2880 3068 2935 de
3105 2878 3303 2948 quibus
3335 2890 3514 2947 neque

1924 2976 2270 3046 evangelista
2325 2983 2550 3044 Propter
2596 2973 2997 3030 multitudinem
3051 2954 3302 3041 ipsorum
3335 2969 3514 3024 nomi-

1928 3066 2099 3122 natim
2139 3064 2471 3120 mentionem
2504 3064 2773 3120 iecerunt.
2816 3062 3201 3118 Verumtamen
3236 3075 3359 3116 cum
3410 3075 3511 3112 an-

1929 3158 2095 3213 dieris
2123 3157 2265 3227 quod
2303 3157 2457 3212 multi
2497 3156 2855 3221 crediderint,
2901 3154 3047 3211 scias
3096 3153 3313 3209 illorum
3349 3151 3508 3206 ηιιυιιι

1928 3259 2173 3305 exactam
2216 3262 2324 3303 non
2360 3246 2549 3312 fuisse,
2579 3246 2673 3302 sed
2704 3246 2921 3316 qualem
2950 3243 3248 3300 verisimile
3278 3252 3363 3298 est
3390 3257 3515 3297 esse

1928 3343 1984 3397 in
2040 3342 2246 3413 vulgari
2296 3340 2666 3406 multitudine,
2720 3338 2948 3395 subinde
2996 3346 3240 3394 mutante
3291 3345 3510 3391 senten-

1930 3434 2080 3487 tiam.

1997 3524 2161 3579 Vens.
2194 3521 2383 3578 32-56.
2421 3541 2439 3574 ι
2483 3521 2787 3577 Audierunt
2815 3520 3076 3575 Phariszei
3110 3521 3322 3573 turbam
3367 3534 3517 3573 mur-

1932 3626 2244 3671 muranth
2296 3613 2363 3667 de
2411 3612 2502 3667 illo
2555 3612 2691 3678 inter,
2736 3622 2787 3667 et
2838 3611 3105 3667 miserunt
3154 3608 3416 3664 Pharisaei
3451 3624 3516 3663 ac

1928 3707 2204 3776 principes
2240 3703 2587 3760 sacerdotum
2638 3703 2919 3759 ministros
2950 3711 3009 3756 ut
3046 3702 3518 3771 apprchenderent

1928 3816 2077 3855 eum.
2120 3799 2264 3853 Dixit
2314 3812 2444 3867 ergo
2473 3796 2556 3853 eis
2602 3795 2764 3852 Iesus
2813 3794 3049 3850 :Adbnc
3083 3793 3336 3862 pusiltmn
3379 3801 3517 3847 tem-

1931 3892 2080 3960 poris
2108 3891 2388 3945 vobiscum
2422 3905 2566 3954 sum,
2593 3896 2649 3943 et
2693 3887 2828 3943 abeo
2855 3886 2921 3939 ad
2955 3900 3078 3940 eum
3105 3885 3194 3955 qui
3233 3900 3318 3939 me
3347 3884 3513 3938 misit.

1932 3982 2195 4046 aneretis
2225 3996 2331 4045 me,
2365 3995 2465 4036 nec
2510 3979 2821 4035 invenietis.
2868 3978 2937 4033 Et
2982 3976 3073 4031 ubi
3113 3990 3215 4046 ego
3248 3991 3368 4032 sum
3395 4014 3410 4040 ,
3450 3989 3516 4032 eo

1931 4088 2030 4129 vos
2062 4088 2170 4128 non
2209 4072 2436 4142 potestis
2469 4071 2678 4127 venire.
2712 4070 2976 4127 Dixerunt
3003 4082 3134 4138 ergo
3164 4066 3337 4125 Judaei
3373 4067 3516 4121 inter

1934 4180 2055 4220 sese
2085 4182 2098 4219 :
2133 4165 2253 4231 Quo
2305 4164 2394 4219 hic
2456 4163 2635 4219 iturus
2688 4170 2796 4228 est,
2849 4162 2974 4231 quia
3011 4176 3120 4216 non
3176 4158 3518 4214 inveniemus

1933 4258 2100 4314 eum?
2138 4258 2277 4314 Num
2315 4260 2368 4313 in
2401 4257 2793 4328 dispersiouem
2827 4256 3067 4325 gentium
3101 4252 3276 4308 iturus
3313 4259 3420 4313 est,
3458 4261 3515 4304 et

1933 4352 2191 4407 docturus
2219 4349 2455 4422 gentes?
2490 4348 2622 4417 Quis
2672 4358 2757 4404 est
2800 4348 2891 4403 hic
2943 4360 3126 4404 sermo
3155 4360 3315 4417 quem
3357 4344 3516 4406 dixit,

1934 4443 2199 4511 Ουτοι-σῆς
2232 4457 2343 4507 me,
2397 4450 2453 4499 et
2496 4455 2602 4496 non
2645 4439 3054 4505 invenietis,_et
3087 4438 3176 4493 ubi
3237 4451 3338 4508 ego
3368 4452 3512 4498 sum,

245 4543 346 4613 οὑχ
374 4541 638 4610 εὑρήσετε
665 4553 680 4569 ’
716 4533 810 4588 καὶ
841 4534 978 4587 ὅπου
1012 4532 1132 4599 είμὶ
1161 4528 1295 4597 ἐγὼ,
1324 4528 1483 4596 ὑμεῖς
1509 4527 1569 4578 οὑ
1600 4523 1823 4580 δύνασθε

1934 4549 2002 4590 eo
2032 4548 2129 4589 vos
2177 4548 2283 4588 non
2330 4532 2561 4601 potestis
2610 4528 2840 4586 venire?
2895 4546 2915 4580 ι
2945 4527 3086 4595 Quia
3142 4525 3519 4581 murmurabat

246 4635 421 4692 ἐλθεῖν
446 4651 461 4701 ;
501 4652 519 4685 ι
553 4635 631 4687 Δι’
655 4625 730 4687 ὧν
763 4626 1062 4699 ὲγόγγυζεν
1079 4628 1108 4680 ὸ
1131 4624 1310 4696 ὄχλος,
1337 4623 1597 4691 ἐνέφηνεν
1617 4620 1693 4682 ὡς
1722 4618 1831 4689 ἄρα

245 4730 621 4800 χρηστοτέραν
644 4726 802 4797 ἔσχον
831 4723 1093 4787 διάθεσιν,
1118 4720 1215 4775 καὶ
1244 4717 1478 4790 μερικήν
1498 4731 1626 4770 τινα
1642 4712 1827 4768 πίστιν

247 4824 388 4895 πρὸς
421 4823 514 4876 τδν
535 4820 761 4889 Κύριον,
785 4819 879 4873 καὶ
897 4817 974 4880 ὼς
1004 4811 1409 4884 ἀποσχισθῆναι
1426 4809 1534 4863 τῶν
1556 4807 1835 4878 ἀρχόντων

248 4904 544 4986 ὴὸούῖοντο
569 4930 583 4946 ·
609 4905 781 4983 οὗπερ
811 4910 1011 4964 ἐκείνοι
1032 4906 1365 4976 αίσθόμενοι,
1396 4900 1658 4973 ἔπεμψαν
1702 4898 1833 4986 ou):-

249 4983 511 5060 λαὸἑσθαι
547 5001 757 5067 τοῦτον,
786 5000 878 5055 διὰ
914 4999 1076 5053 τοῦτο
1101 4997 1262 5066 μόνον
1289 4996 1372 5050 ὅτι
1404 4990 1723 5047 ἐπιστεύετο
1755 4983 1834 5043 εῖ-

249 5116 339 5150 ναι
356 5095 611 5168 Χριστός.
638 5095 932 5163 Ἐπεμψαν
957 5091 1035 5156 δὲ,
1065 5089 1179 5144 ἀλλ’
1204 5088 1306 5142 οὑκ
1333 5086 1489 5142 αὐτοὶ
1517 5079 1704 5156 ἦλθον,
1734 5097 1834 5149 φο-

254 5187 510 5257 ϐούμενοι
558 5184 650 5238 τὸν
699 5183 891 5253 ὄχλον,
952 5184 1025 5251 μή
1058 5197 1111 5233 τι
1164 5177 1563 5245 νεωτερίσωσι·
1596 5172 1676 5225 διδ
1708 5171 1834 5233 τοὺς
1884 5197 1909 5213 ν

255 5278 534 5350 ὑπηρέτας
572 5277 905 5340 στέλλουσιν,
941 5273 1173 5335 ἑαυτοὺς
1211 5271 1309 5342 μὲν
1343 5267 1707 5334 ὑπεξάγοντες
1738 5262 1833 5316 τοῦ

257 5375 388 5438 ίσως
425 5370 849 5441 συμϐησομένου
880 5368 1151 5428 κινδύνου,
1193 5364 1437 5426 ἐκείνους
1466 5361 1522 5415 δὲ
1570 5358 1647 5429 τῷ
1677 5355 1835 5426 θυμῷ

253 5464 348 5518 τοῦ
398 5462 557 5533 ὖχλου
606 5461 909 5523 ’ἐνδιδόντες
940 5475 954 5490 ·
985 5457 1127 5513 οὕτω
1179 5452 1455 5524 πανταχοῦ
1505 5452 1566 5505 τὸ
1623 5449 1834 5503 ἑαυτῶν

257 5554 544 5608 ἐσκόπουν.
584 5553 644 5606 Ὀ
687 5552 745 5606 δὲ
792 5551 990 5622 Κύριος
1031 5544 1539 5617 ταπεινοφροσύνης
1597 5542 1835 5611 γέμοντα

258 5651 476 5719 ῥήματα
502 5647 799 5717 φθέγγεται
823 5662 837 5677 ⁶
871 5665 891 5698 ι
925 5644 1046 5699 Ἔτι
1086 5642 1281 5714 μικρὸν
1318 5639 1440 5710 μεθ’
1471 5636 1625 5707 ὑμῶν
1643 5638 1781 5705 εἰμι.
1809 5653 1827 5687 ι

255 5742 341 5803 Τί,
373 5741 529 5810 φησὶ,
564 5738 894 5803 σπουδάζετε
915 5756 981 5810 με
1012 5736 1299 5793 ἀπελθεῖν;
1331 5733 1397 5785 Τί
1430 5731 1658 5786 διώκετε
1685 5748 1700 5797 ;
1724 5730 1832 5784 Μι-

258 5831 387 5905 κρδν
425 5832 751 5903 ἀναμείνατε
802 5829 1018 5905 χρόνον,
1058 5829 1150 5884 καὶ
1194 5825 1315 5881 οὑδὲ
1366 5823 1629 5917 θελόντων
1679 5820 1854 5925 ὑμῶν⁸

1938 4624 2094 4679 turba
2120 4663 2138 4688 ,
2163 4622 2510 4678 manifestum
2543 4621 2689 4692 quod
2719 4619 3060 4674 aﬂ'ectionem
3087 4614 3340 4672 habuerit
3365 4614 3522 4670 blan-

1938 4714 2167 4781 diorem,
2197 4722 2253 4767 et
2285 4711 2445 4768 ﬁdem
2493 4712 2784 4780 quamdam
2832 4722 2962 4778 erga
3023 4705 3310 4761 Dominum
3353 4702 3524 4776 διο

1939 4803 2281 4868 diminutum,
2328 4819 2455 4860 nam
2509 4820 2538 4858 a
2588 4801 2930 4873 principibus
2977 4797 3220 4870 separari
3250 4796 3470 4852 volebat
3516 4840 3520 4845 .

1938 4896 1992 4951 id
2027 4894 2171 4966 quod
2203 4896 2280 4952 illi
2305 4899 2626 4959 sentientes,
2657 4892 2924 4948 miserunt
2962 4891 3029 4946 ad
3059 4889 3525 4959 comprehenden-

1938 4988 2066 5045 dum
2091 4987 2299 5051 Jesum,
2331 4987 2404 5044 ob
2435 5002 2555 5043 eam
2589 4986 2855 5040 duntaxat
2884 4996 3144 5046 causam,
3174 4979 3319 5050 quod
3358 4976 3519 5035 Chri-

1940 5090 2057 5136 stus
2085 5095 2210 5137 esse
2243 5080 2588 5136 credebatur.
2631 5075 2893 5133 Misernnt
2920 5083 3124 5139 autem,
3154 5072 3249 5127 sed
3275 5087 3381 5129 non
3416 5071 3517 5138 ipsi

1939 5178 2229 5236 venerunt,
2261 5179 2564 5226 metuentes
2598 5166 2836 5230 turbam,
2882 5180 2948 5220 ne
2976 5167 3435 5217 lumnltnarctnr:
3469 5172 3521 5212 ιιι

1939 5274 2224 5334 propterea
2261 5263 2542 5318 ministros
2580 5258 2833 5324 mittunt,
2883 5258 3095 5324 seipsos
3134 5254 3520 5313 subducemus,

1942 5373 2010 5410 tte
2060 5355 2189 5426 quid
2237 5354 2461 5423 periculi
2509 5350 2870 5412 snboriretur,
2922 5347 3045 5401 illos
3102 5354 3284 5399 autem
3349 5344 3517 5397 furori

1941 5448 2124 5520 populi
2156 5456 2515 5518 exponentes.
2543 5444 2616 5499 Ita
2643 5442 3000 5511 undequaque
3025 5442 3168 5510 quod
3198 5456 3352 5496 suum
3383 5450 3519 5501 crat,

1941 5542 2311 5598 sectabantur.
2368 5540 2438 5594 At
2460 5538 2721 5594 Dominus
2743 5536 2905 5592 verba
2931 5534 3237 5590 humilitate
3261 5532 3410 5600 plena
3445 5528 3523 5581 io-

1936 5634 2150 5704 quitur:
2176 5651 2194 5686 ι
2219 5633 2407 5689 Adhuc
2431 5646 2594 5702 parvo
2616 5640 2858 5700 tempore
2876 5628 3148 5681 vobiscum
3173 5640 3312 5679 sum.
3337 5641 3354 5672 ι
3384 5622 3520 5688 Quid
3610 5701 3621 5706 -

1936 5727 2225 5793 anhelatis,
2249 5726 2442 5795 inquit,
2474 5733 2531 5777 ut
2553 5737 2652 5795 ego
2672 5722 2941 5778 discedam
2967 5720 2990 5774 ?
3020 5719 3147 5788 quid
3169 5715 3520 5786 perscquimi-

1938 5819 2039 5878 ni?
2078 5818 2143 5876 ad
2174 5833 2397 5901 parvum
2433 5824 2746 5890 exspectate
2780 5826 3016 5889 tempus,
3049 5819 3102 5867 ct
3134 5821 3308 5879 neque
3343 5807 3514 5877 impe-
