3960 6454
439 366 583 434 1339

1329 364 1913 430 TIIEOPHYLACTI
1952 363 2369 425 BULGARHE
2421 363 2781 424 ARCHIEP.

3573 359 3719 425 i3£0

436 484 586 541 dium
628 495 751 545 vos,
793 479 836 536 si
872 490 958 535 me
1014 487 1202 534 tenere
1241 478 1542 537 volueritis.
1582 481 1846 538 Czeterum
1894 496 2018 537 cum

2130 480 2376 551 κατέχειν
2399 497 2486 550 με,
2516 479 2831 547 ἁντέξομαι.
2853 478 2996 549 Ὅρα
3012 477 3068 531 δὲ
3102 477 3196 531 καὶ
3224 477 3301 541 te,
3347 496 3365 530 ι
3403 478 3540 532 Μεθ’
3569 480 3725 548 ὑμῶν

437 576 661 638 dicitur,
699 594 716 626 ι
755 573 1046 629 Vobiscum
1103 590 1245 638 sum,
1283 593 1301 627 ι
1355 590 1575 630 sensum
1624 576 1787 630 habet
1839 576 2018 630 hunc:

440 669 666 724 Etiamsi
700 667 967 738 persecuti
1026 666 1260 729 fueritis,
1295 667 1509 722 etiamsi
1557 667 1871 737 abegeritis,
1923 681 2025 735 ego

439 764 617 817 adhuc
652 762 927 814 vobiscum
976 775 1093 813 sum
1143 777 1155 813 :
1216 760 1316 813 hoc
1366 769 1467 824 est,
1523 774 1618 826 pro
1650 759 1801 812 vobis
1833 775 2018 812 curam

439 869 590 921 gero,
615 863 667 906 et
692 853 883 920 loquor
911 867 972 905 ea
997 866 1116 919 quae
1144 853 1208 905 ad
1241 852 1468 905 salutem
1494 862 1727 904 vestram
1751 860 2020 920 spectant,

440 957 492 1001 et
533 949 671 999 vado
703 947 768 999 ad
805 961 928 1000 eum
962 946 1052 1015 qui
1084 961 1169 1000 me
1211 945 1378 999 misit.
1429 944 1525 997 Hic
1578 944 1742 998 etiam
1774 945 1879 998 illis
1913 960 2026 997 me-

360 1018 371 1031 \
438 1050 548 1091 tum
582 1036 793 1101 incutit,
831 1046 1083 1105 tauquam
1116 1034 1355 1088 futurum
1390 1034 1460 1090 sit
1493 1035 1624 1089 utin
1662 1048 1784 1087 eum
1814 1033 2020 1101 impith

441 1140 573 1198 gant
606 1132 699 1200 qui
735 1132 957 1184 miserat
994 1129 1194 1196 ipsum.
1236 1127 1368 1182 Nam
1402 1129 1491 1197 qui
1522 1143 1667 1193 eum,
1701 1128 1791 1195 qui
1823 1127 2024 1181 missus

434 1231 537 1285 est,
574 1222 865 1290 ignominia
907 1221 1172 1283 aliiciunt,
1233 1220 1580 1274 manifesunn
1631 1220 1775 1288 quod
1828 1217 2025 1287 impin-

436 1325 570 1384 gunt
599 1314 651 1367 in
686 1329 807 1367 eum
837 1313 926 1382 qui
961 1312 1127 1367 misit.
1150 1309 1389 1364 Diccudo
1414 1321 1618 1375 autem,
1652 1330 1670 1362 ι
1702 1310 1876 1371 Vado,
1905 1328 1923 1360 ι
1951 1309 2025 1363 si-

436 1405 715 1474 guilit'avit
747 1413 977 1460 mortem
1028 1419 1181 1458 suam
1234 1402 1613 1459 voluntariam.
1652 1403 1820 1456 Porro
1871 1416 2024 1455 mon-

436 1509 619 1553 strans
651 1499 794 1566 quod
839 1513 986 1551 mors
1032 1512 1125 1551 sua
1163 1511 1269 1550 non
1321 1496 1391 1550 sit
1419 1496 1539 1550 talis
1573 1495 1750 1565 qualis
1779 1510 2025 1549 comnm-

443 1589 553 1653 νίς,
578 1589 710 1643 dicit
736 1608 748 1644 :
783 1608 800 1640 ι
829 1589 943 1654 Quo
961 1604 1060 1658 ego
1082 1590 1243 1654 vado,
1266 1603 1362 1643 vos
1391 1603 1494 1641 non
1528 1587 1753 1657 potestis
1775 1588 1975 1640 venire.
1999 1606 2018 1637 ι

437 1686 570 1737 Nam
602 1684 645 1737 si
679 1684 1007 1742 communis.
1065 1695 1117 1738 et
1137 1684 1331 1738 similis
1347 1683 1603 1740 omnibus
1652 1682 1847 1737 fuisset
1876 1698 2023 1738 mors

438 1774 577 1842 ejus,
614 1781 668 1830 et
705 1790 1000 1830 mansurus
1028 1774 1218 1830 fuisset
1273 1776 1327 1829 in
1369 1783 1563 1841 morte,
1612 1791 1720 1829 non
1757 1776 2022 1828 dixisset:

2128 575 2279 640 εἰμι’
2310 591 2328 624 ι
2374 571 2645 636 τουτέστι,
2678 570 2793 624 Κᾶν
2835 569 3097 636 διώκητε,
3140 570 3247 623 κᾶν
3278 570 3568 640 ὲλαύνητε,
3605 572 3719 637 ἐγὼ

2131 665 2248 734 μεθ’
2295 665 2449 733 ὑμῶν
2482 666 2631 735 είμια
2683 666 2854 736 ηγουν
2879 705 2895 727 ,
2932 663 3015 718 Τὰ
3046 664 3182 732 ὑπὲρ
3218 664 3375 733 ὑμῶν
3421 665 3721 733 οίκονομῶ,

2127 761 2222 813 καὶ
2246 759 2313 812 τὰ
2345 759 2481 825 πρδς
2522 759 2797 827 σωτηρίαν
2826 758 2993 827 λέγω.
3043 776 3061 809 ι
3103 758 3215 812 Καὶ
3245 758 3444 825 ὑπάγω
3469 760 3612 827 πρὸς
3627 759 3722 810 τὸν

2128 852 2421 922 πέμψαντά
2458 870 2544 922 με.
2586 871 2605 902 ι
2648 851 2919 905 Ἐνταῦθα
2964 853 3058 904 καὶ
3113 850 3338 919 ἐκφοϐεῖ
3380 852 3605 914 αὑτοὺς,
3640 851 3721 914 ὡς

2128 944 2421 1010 μέλλοντας
2464 944 2659 1013 ἐκείνῳ
2712 942 3078 1014 προσκρούειν
3111 942 3190 1010 τῷ
3222 943 3499 1013 πέμψαντι
3531 945 3716 996 αὑτόν.

2127 1037 2188 1088 Οἱ
2219 1035 2328 1105 γὰρ
2350 1035 2440 1088 τὸν
2474 1035 2797 1106 πεμφθέντα
2829 1035 3213 1105 ἀτιμάζοντες,
3245 1035 3475 1104 εὑδηλον
3512 1037 3599 1088 ὅτι
3641 1035 3722 1105 τῷ

2129 1129 2405 1199 πέμψαντι
2438 1129 2892 1200 προσκρούωσιν.
2929 1146 2950 1179 ι
2989 1127 3219 1196 Ὑπάγω
3250 1128 3342 1181 »δὲ
3367 1128 3568 1188 εἰπὼν.
3601 1129 3724 1200 ἐ.δὴ-

2125 1195 2266 1274 λωσε
2318 1222 2378 1274 τὸ
2417 1195 2666 1275 ἑκούσιον
2710 1221 2807 1274 τοῦ
2857 1195 3119 1275 θανάτου.
3152 1195 3430 1275 Δεικνύων
3468 1221 3551 1286 δὲ,
3577 1195 3720 1291 ὅτιῆ

2125 1318 2348 1387 τελευτὴ
2370 1318 2534 1372 αὑτοῦ
2566 1320 2666 1372 οὑκ
2694 1318 2851 1372 ἔσται
2886 1317 3113 1390 τοιαύτη
3136 1318 3278 1388 οῖαὴ
3310 1317 3492 1388 κοινὴ,
3528 1316 3721 1386 φησὶν,

2125 1413 2207 1465 ὅτι
2239 1432 2257 1463 ι
2300 1412 2475 1465 Ὅπου
2500 1410 2610 1480 ἐγὼ
2638 1412 2855 1480 ὑπάγω,
2889 1412 3049 1476 ὑμεῖς
3081 1412 3143 1465 οὑ
3173 1410 3399 1464 δύνασθε
3451 1411 3656 1466 ἐλθεῖν,
3696 1428 3717 1460 ι

2127 1502 2189 1555 ΕΞ
2230 1504 2337 1573 γὰρ
2368 1503 2522 1574 κοινὴ
2566 1504 2664 1556 καὶ
2716 1505 2878 1573 ὁμοία
2915 1497 2985 1572 ἦν
3012 1506 3125 1567 τοῖς
3170 1502 3390 1566 πολλοῖς
3434 1504 3469 1573 ἡ
3494 1504 3720 1573 τελευτὴ

2128 1592 2316 1655 αὑτοῦ,
2358 1594 2452 1646 καὶ
2483 1592 2707 1662 ἔμελλεν
2743 1595 3102 1665 ὲναπομεῖναι
3123 1594 3202 1664 τῷ
3242 1593 3483 1663 θανάτῳ,
3517 1595 3623 1647 οὑκ
3658 1595 3723 1646 ἂν

2129 1680 2303 1749 εἶπεν,
2336 1685 2419 1737 ὅτι
2461 1703 2479 1735 r
2521 1684 2713 1756 Ὑμεῖς
2736 1687 2798 1738 οὑ
2826 1685 3059 1738 δύνασθε
3086 1684 3291 1737 ἐλθεῖν·
3332 1703 3351 1735 ι
3383 1686 3595 1749 πάντες
3617 1686 3727 1754 γὰρ

2128 1779 2208 1839 είς
2261 1777 2353 1830 τὸν
2404 1776 2585 1830 κοινὸν
2615 1777 2844 1831 θάνατον
2893 1779 3118 1848 ἄπιμεν.
3150 1778 3333 1848 Ὅπερ
3387 1778 3486 1833 οὖν
3540 1775 3722 1844 εἶπεν,

446 1885 465 1919 ι
507 1867 618 1923 Vos
652 1883 758 1922 non
801 1868 1029 1936 potestis
1066 1868 1274 1922 venire.
1316 1886 1335 1920 ι
1369 1866 1573 1923 Omnes
1607 1867 1750 1921 enim
1778 1867 1842 1919 ad
1871 1882 2022 1920 corn-

2130 1870 2292 1936 δεῖξαι
2326 1869 2667 1939 βουλόμενος,
2698 1872 2778 1923 ὅτι
2807 1873 2835 1923 ὁ
2854 1836 3021 1923 αὐτού
3053 1870 3287 1933 θάνατος
3302 1836 3425 1925 ὀὑκ
3461 1871 3584 1925 ἐστι
3608 1890 3722 1926 τοι-

440 1978 660 2016 munem
693 1972 920 2015 mortem
963 1960 1196 2015 abimus.
1252 1959 1419 2030 Igitur
1463 1969 1770 2014 monstrare
1812 1958 2021 2020 volens,

438 2055 491 2109 id
524 2057 667 2124 quod
695 2054 964 2120 dicebam,
991 2055 1133 2124 quod
1167 2069 1314 2107 mors
1337 2069 1430 2107 sua
1470 2069 1576 2107 non
1604 2052 1675 2105 sit
1703 2052 1825 2105 talis
1847 2052 2025 2122 qualis

437 2159 522 2204 est
551 2163 697 2203 mors
744 2147 1085 2213 communis,
1131 2146 1302 2201 dicit:
1351 2166 1368 2197 ι
1410 2144 1528 2211 Quo
1571 2161 1671 2213 ego
1721 2146 1877 2206 vado.
1931 2159 2025 2199 vos

439 2257 546 2296 nou
575 2242 803 2311 potestis
841 2242 1051 2295 venire.
1096 2258 1114 2290 ι
1157 2238 1223 2292 Et
1255 2238 1527 2293 dicendo:
1570 2257 1588 2289 ι
1622 2237 1886 2304 Quaeretis
1917 2250 2021 2300 me,

437 2342 492 2385 ct
520 2346 626 2384 non
657 2330 970 2392 invenietis.
1015 2347 1032 2379 ι
1076 2329 1279 2383 indicat
1311 2344 1370 2381 se
1404 2328 1484 2382 eis
1519 2327 1634 2383 fore
1674 2327 2024 2381 desiderabi-

435 2422 563 2477 lem.
596 2423 821 2490 Quando
866 2433 1045 2476 autem
1079 2420 1448 2491 qumsiverunt
1492 2420 1654 2473 eum?
1678 2420 1855 2474 Lucas
1887 2420 2025 2473 dixit

348 2534 355 2539 ί
435 2516 577 2584 quod
608 2515 787 2570 multa:
831 2515 1087 2569 mulieres
1134 2514 1387 2583 lugebant
1420 2529 1586 2583 super
1612 2529 1677 2567 eo
1701 2513 1769 2566 θ’.
1801 2511 2015 2567 Verisi-

438 2608 564 2662 mile.
595 2618 774 2661 autem
816 2617 871 2663 et
919 2608 1040 2661 aliis
1074 2606 1259 2661 multis
1310 2606 1414 2660 hoc
1469 2606 1756 2660 evenisse:
1808 2614 1864 2659 et
1895 2605 2021 2657 dum

435 2708 725 2770 caperetur
751 2700 963 2765 civitas,
1003 2699 1207 2753 Christi
1257 2707 1424 2768 atque
1477 2698 1863 2751 miraculorum
1907 2698 2025 2767 ejus

441 2793 595 2846 fuere
641 2806 930 2856 memores,
978 2792 1450 2861 quaesiveruntque
1490 2791 1839 2860 praesentiam
1881 2789 2020 2860 ejus.

442 2886 613 2938 Porro
642 2884 756 2961 inec
805 2885 986 2939 omnia
1019 2886 1251 2947 dicebat,
1294 2885 1480 2939 volens
1519 2884 1641 2937 illns
1681 2884 1782 2938 sibi
1837 2885 2024 2938 conci-

436 2976 569 3029 liare
606 2983 660 3030 et
685 2977 1016 3032 demulcere.
1055 2976 1186 3029 Nam
1251 2977 1341 3030 ubi
1377 2976 1610 3030 ministri
1639 2990 1827 3029 eorum
1858 2990 2023 3029 vene-

436 3077 588 3133 runt,
619 3067 867 3125 volentes
916 3068 1378 3137 comprehendere
1416 3083 1563 3131 eum,
1591 3067 1829 3122 ostendit
1879 3067 2022 3136 quod

2125 1960 2301 2025 οὗτος,
2336 1955 2447 2023 οἷος
2480 1962 2509 2013 ό
2532 1962 2728 2025 κοινὸς,
2761 1962 2949 2031 φησιν,
2986 1963 3069 2015 ὅτι
3098 1982 3120 2014 ι
3146 1963 3325 2016 Ὅπου
3354 1962 3469 2030 ἐγὼ
3499 1962 3720 2029 ὑπάγω.

2126 2053 2286 2120 ὑμεῖς
2302 2053 2363 2105 οὑ
2389 2052 2619 2106 δύνασθε
2650 2052 2848 2107 ἐλθεῖν.
2889 2073 2908 2105 r
2934 2054 3045 2107 Καὶ
3065 2054 3127 2107 τὸ
3156 2056 3332 2108 εἰπεῖν
3350 2054 3428 2119 δὲ,
3454 2055 3541 2107 ὅτι
3573 2073 3592 2105 ι
3620 2057 3728 2125 lt;-

2124 2144 2320 2215 τήσετέ
2352 2163 2441 2215 με,
2474 2146 2566 2198 καὶ
2587 2145 2686 2215 οὑχ
2721 2145 3018 2214 εὑρήσετε,
3061 2163 3080 2195 ι
3115 2144 3391 2198 δείκνυσιν
3420 2146 3505 2198 ὅτι
3538 2146 3730 2198 ποθει-

2125 2239 2217 2303 νὸς
2239 2239 2424 2303 αὑτοῖς
2447 2237 2621 2291 ἔσται.
2654 2237 2791 2292 Πότε
2812 2238 2869 2291 δὲ
2893 2237 3165 2309 ἐζήτησαν
3186 2237 3353 2290 αὑτόν
3374 2255 3389 2301 ;
3428 2237 3488 2292 Ὀ
3504 2239 3727 2299 Λουκᾶς

2125 2331 2299 2395 εἶπεν,
2330 2334 2412 2386 ὅτι
2454 2351 2472 2383 ι
2514 2331 2713 2385 Πολλαὶ
2752 2333 3013 2399 γυναῖκες
3042 2329 3337 2383 ἐκόπτοντο
3359 2328 3448 2382 ἐπ’
3477 2329 3632 2399 αὑτῷ
3651 2346 3664 2361 ο
3700 2349 3722 2381 ι

2125 2425 2271 2487 εἰκὸς
2296 2425 2482 2478 δὲκαὶ
2535 2423 2730 2485 ἄλλους
2779 2423 3008 2485 πολλοὺς
3060 2422 3219 2477 τοῦτο
3272 2421 3532 2492 πάσχειν,
3588 2422 3728 2475 ἀλλᾶ

2125 2521 2219 2572 καὶ
2257 2519 2359 2587 τῆς
2391 2518 2601 2581 πόλεως
2649 2517 3039 2587 ἁλισκομένης,
3090 2516 3410 2586 μεμνῆσθαι
3449 2514 3551 2568 τοῦ
3588 2517 3728 2583 Χρι-

2127 2613 2257 2667 στοῦ
2289 2612 2383 2666 καὶ
2415 2612 2523 2665 τῶν
2554 2610 2850 2682 θαυμάτων
2880 2609 3048 2664 αὑτοῦ
3070 2650 3084 2674 ,
3115 2610 3211 2663 καὶ
3261 2610 3362 2678 τὴν
3412 2615 3728 2681 παρουσίαν

2134 2707 2318 2773 ζητεῖν
2356 2704 2454 2774 τὴν
2480 2703 2669 2758 αὑτοῦ.
2712 2702 2903 2757 Ταῦτα
2929 2702 2985 2755 δὲ
3021 2702 3201 2755 πάντα
3243 2701 3456 2769 ἔλεγεν,
3491 2702 3732 2771 sipario

2128 2800 2330 2851 σασθαι
2378 2799 2577 2858 αὐτοὺς
2609 2798 2703 2849 καὶ
2750 2795 3115 2864 κατακάμψαι
3167 2793 3515 2865 βουλόμενος.
3574 2796 3730 2848 Ἐπεὶ

2126 2892 2236 2961 γὰρ
2270 2892 2319 2943 οἱ
2355 2889 2625 2962 ὑπηρέται
2652 2884 2838 2957 ἦλθον,
2871 2886 3156 2941 συλλαϐεῖν
3181 2885 3347 2940 αὑτὸν
3378 2886 3728 2956 βουλόμενοι,

2126 2984 2417 3046 δείκνυσιν,
2442 2981 2518 3043 ὡς
2549 2978 2657 3034 οἶδε
2679 2981 2779 3049 τῆς
2806 2979 3044 3047 ἀφίξεως
3072 2979 3253 3032 αὑτῶν
3272 2978 3375 3048 τὴν
3397 2979 3607 3039 αίτίαν,
3633 2979 3728 3030 καὶ

2125 3078 2207 3131 ὅτι
2240 3074 2688 3146 φονεῦσαιαὺτὸν
2737 3073 3042 3143 βούλονται.
3082 3073 3172 3125 Διδ
3224 3072 3488 3143 προλέγει
3542 3071 3728 3135 αὑτοῖς

439 3162 576 3211 sciat
608 3173 826 3213 causam
862 3160 1214 3230 profectionis
1246 3160 1482 3223 illorum,
1527 3168 1582 3213 et
1634 3161 1778 3229 quod
1820 3158 2022 3215 vellent

2130 3170 2216 3223 τὸν
2249 3167 2444 3222 ἑαυτοῦ
2480 3166 2744 3230 θάνατον,
2794 3167 2876 3219 ὅτι
2917 3164 3114 3235 μικρὸν
3141 3208 3154 3229 ,
3193 3165 3288 3217 καὶ
3345 3164 3556 3233 ὑπάγει
3590 3165 3727 3235 πρὸς

439 3250 616 3319 ipsum
644 3253 917 3306 occidere.
979 3252 1127 3307 Idem
1170 3253 1414 3323 praedicit
1455 3254 1536 3308 eis
1580 3259 1807 3308 mortem
1846 3269 2021 3321 suam,

437 3343 581 3412 quod
638 3358 863 3411 parvum
917 3351 1129 3413 tempus
1184 3347 1275 3409 sit,
1336 3354 1390 3399 et
1426 3345 1585 3400 vadat
1644 3345 1711 3399 ad
1766 3345 2022 3412 Patrem;

440 3435 741 3498 praedicere
796 3446 976 3491 autem
1039 3445 1294 3501 mortem,
1348 3452 1601 3507 maguum
1657 3447 1761 3503 est,
1817 3447 1870 3495 et
1918 3453 2024 3494 non

439 3529 754 3582 humanum.
785 3528 987 3584 Idcirco
1008 3539 1062 3584 et
1092 3528 1255 3583 David
1282 3530 1413 3584 dicit
1438 3549 1450 3584 :
1479 3550 1498 3581 ι
1523 3530 1720 3585 Notum
1758 3531 1847 3586 fac
1872 3532 2025 3597 mihi,

440 3618 689 3683 Domine,
721 3620 882 3675 tinem
917 3636 1096 3689 meum
1121 3621 1188 3675 ⁵³.
1244 3640 1264 3674 ι
1295 3620 1553 3675 Dicebant
1601 3633 1779 3677 autem
1800 3623 1978 3695 Judmi
2008 3642 2023 3680 :

445 3731 464 3763 ι
507 3710 644 3767 Num
695 3713 748 3766 in
807 3713 1201 3784 dispersionem
1247 3715 1488 3784 gentium
1541 3717 1792 3772 abiturus
1839 3717 1963 3772 est?
2001 3737 2020 3770 ι

439 3801 577 3858 Vide
607 3804 881 3874 quomodo
909 3806 1154 3859 evenerit
1189 3806 1291 3872 eis,
1319 3815 1373 3860 et
1404 3805 1667 3860 confracti
1702 3806 1811 3861 sint
1854 3809 1921 3862 ad
1960 3823 2023 3862 ea

440 3912 561 3967 quae
592 3896 660 3951 ab
692 3897 782 3952 illo
808 3898 1170 3952 dicebantur:
1214 3900 1263 3951 id
1310 3899 1455 3968 quod
1488 3898 1833 3954 manifestum
1861 3915 1925 3955 ex
1963 3916 2027 3956 eo

441 3992 584 4057 quod
641 3991 1075 4061 interrogabant,
1134 4008 1155 4043 ι
1218 3990 1470 4061 Nunquid
1525 3993 1579 4046 in
1634 3993 2025 4063 dispersionem

441 4083 682 4152 gentium
718 4083 966 4139 abiturus
996 4084 1127 4138 est?
1161 4103 1181 4136 ι
1232 4082 1368 4138 Nam
1417 4085 1519 4139 nisi
1558 4086 1659 4139 hoc
1688 4094 1827 4147 erat,
1861 4087 2023 4157 611

441 4174 705 4229 dixissent
726 4175 944 4245 utique:
976 4174 1139 4231 Visne
1155 4176 1346 4233 abire?
1391 4178 1501 4233 Nos
1531 4178 1631 4232 hoc
1646 4180 2023 4247 precabamur,

443 4269 544 4323 hoc
574 4268 733 4324 nobis
750 4277 963 4339 gratum
991 4270 1115 4325 erit.
1139 4269 1293 4325 Nunc
1320 4281 1498 4325 autem
1529 4270 1662 4325 nihil
1687 4272 1792 4327 tale
1816 4273 2022 4335 dicunt,

443 4361 539 4415 sed
597 4362 750 4429 quasi
806 4361 1051 4415 dolentes
1104 4376 1171 4414 ne
1212 4362 1304 4415 illo
1349 4362 1728 4431 privarentur,
1779 4372 2029 4433 quazrunt

441 4465 550 4520 quo
580 4450 651 4504 sit
684 4451 955 4506 abiturus.
999 4449 1346 4506 Manifestum
1397 4454 1561 4508 etiam
1614 4456 1718 4509 hoc
1767 4455 1898 4524 quia
1938 4455 2028 4508 di-

2127 3264 2217 3318 τὸν
2242 3262 2485 3333 Πατέρα.
2514 3262 2623 3313 Καὶ
2658 3259 2720 3312 τὸ
2746 3261 3033 3330 προειπεῖν
3065 3258 3121 3310 δὲ
3159 3257 3251 3310 τὸν
3277 3258 3541 3323 θάνατον,
3578 3259 3722 3328 μέγα

2129 3357 2223 3412 καὶ
2266 3356 2367 3409 οὑκ
2425 3352 2795 3423 ἀνθρώπινον.
2851 3353 2945 3404 Διὸ
2990 3351 3133 3405 καὶὸ
3168 3350 3353 3414 Δαυῖδ,
3390 3371 3411 3403 σ
3444 3350 3723 3423 Γνώρισὸν

2131 3465 2243 3518 μοι,
2279 3447 2437 3516 φησὶ,
2487 3443 2685 3514 Κύριε,
2734 3443 2796 3496 τὸ
2837 3442 3013 3508 πέρας
3061 3459 3188 3511 μου.
3234 3460 3251 3490 ι
3292 3441 3529 3509 Ἔλεγον
3583 3443 3640 3496 δὲ
3670 3444 3720 3494 σε

2140 3536 2425 3590 Ἰουδαῖοι·
2462 3551 2482 3585 ι
2542 3533 2635 3605 Μὴ
2687 3535 2765 3595 είς
2811 3530 2914 3603 τὴν
2965 3532 3268 3602 διασπορὰν
3296 3533 3405 3585 τῶν
3444 3533 3727 3603 Ἑλλήνων

2131 3627 2313 3699 μέλλει
2341 3626 2674 3697 ἀπέρχεσθαι
2699 3641 2714 3691 ;
2741 3644 2758 3676 ι
2787 3626 2930 3691 Ὅρα
2958 3623 3076 3687 πῶς
3105 3624 3310 3678 ἔπαθόν
3338 3642 3417 3691 τι,
3449 3626 3551 3679 καὶ
3584 3643 3723 3679 κατ-

2128 3721 2475 3789 ικλάσθησαν
2533 3720 2670 3791 πρὸς
2707 3718 2773 3772 τὰ
2804 3717 3069 3789 λεχθέντα
3106 3717 3199 3770 ὑπ’
3225 3717 3393 3772 αὑτοῦ
3422 3732 3441 3749 ⁸
3469 3718 3633 3786 δῆλον
3663 3723 3722 3772 δὲ

2129 3815 2239 3869 ἀπὸ
2267 3814 2359 3868 τοῦ
2387 3814 2625 3885 ὲρωτᾷνυ
2666 3832 2684 3864 ι
2718 3813 2808 3882 Μὴ
2840 3813 2920 3876 είς
2936 3810 3035 3881 τὴν
3061 3810 3362 3883 διασπορὰν
3384 3812 3496 3864 τῶν
3529 3811 3722 3882 Ἐλλή-

2129 3925 2238 3961 νων
2272 3905 2454 3976 μέλλει
2487 3905 2857 3974 πορεύεσθαις
2891 3924 2909 3956 ι
2943 3903 3005 3957 Et
3027 3903 3137 3974 γὰρ
3165 3903 3224 3956 οὑ
3254 3904 3412 3956 τοῦτο
3441 3898 3535 3973 ἦν,
3568 3900 3723 3957 εἷπον

2128 4003 2214 4057 ἄν·
2253 4001 2440 4053 Βούλει
2477 3999 2767 4065 ἀπελθεῖν;
2818 3997 3011 4067 Ἡμεῖς
3041 3996 3202 4049 τοῦτο
3227 3995 3524 4066 εὐχόμεθα,
3562 3996 3723 4052 τοῦτο

2128 4092 2515 4162 ἀσμενίζομεν.
2579 4089 2693 4143 Νῦν
2749 4088 2806 4141 δὲ
2854 4090 3009 4142 οὐδὲν
3068 4087 3331 4152 τοιοῦτον,
3376 4087 3497 4142 ἀλλ’
3531 4087 3721 4155 ὥσπερ

2128 4183 2472 4253 ἀγωνιῶντες
2493 4182 2569 4254 μὴ
2600 4179 2941 4252 στερηθῶσιν
2968 4180 3155 4245 αὑτοῦ,
3184 4178 3431 4249 ζητοῦσι,
3456 4178 3564 4232 ποῦ
3593 4179 3721 4248 μέλ⁹

2127 4275 2209 4330 λει
2249 4274 2526 4329 ἀπελθεῖν.
2572 4271 2729 4341 δῆλον
2767 4272 2824 4325 δὲ
2856 4271 3019 4325 τοῦτο
3075 4271 3171 4324 καὶ
3225 4270 3336 4323 ἀπὸ
3380 4270 3479 4324 τοῦ
3518 4273 3719 4335 εἰπεῖν,

2128 4368 2210 4422 ὅτι
2245 4368 2340 4431 Et;
2378 4367 2505 4430 τοὺς
2535 4365 2808 4435 ’Έλληνας
2853 4364 3037 4435 μέλλει
3089 4363 3445 4434 πορεύεσθαι,
3495 4365 3593 4417 καὶ
3638 4364 3723 4418 δι-

2130 4461 2351 4515 δάσκειν
2412 4457 2630 4521 αὑτούς.
2662 4457 2737 4511 Οὑ
2792 4458 2902 4529 γὰρ
2928 4451 3107 4522 εἷπον,
3150 4456 3233 4510 ὅτι
3265 4456 3473 4511 Μέλλει
3510 4457 3725 4527 πλανᾷν

443 4551 593 4608 cunt,
625 4542 885 4597 Abiturus
917 4551 1001 4597 est
1023 4544 1089 4596 ad
1122 4552 1332 4613 gentes,
1368 4545 1425 4598 et
1468 4546 1728 4600 docturus
1761 4560 1877 4600 eas.
1903 4543 2023 4600 Non

2132 4553 2350 4618 αὑτοὺς,
2387 4549 2544 4615 ἀλλὰ,
2579 4568 2597 4601 ι
2635 4547 2940 4603 Διδάσκειν.
2985 4566 3003 4599 ι
3055 4547 3369 4617 Διασπορᾶν
3400 4546 3460 4598 δὲ
3490 4544 3725 4598 ἐκάλουν

442 4635 586 4690 enim
614 4634 890 4699 dixerunt,
932 4634 1267 4691 Seducturus
1297 4636 1438 4702 illas,
1464 4638 1559 4691 sed
1611 4637 1903 4693 Docturus.
1936 4635 2029 4692 Di—

440 4728 776 4794 spersionem
802 4742 932 4783 vero
957 4729 1502 4800 vocabant'gentiles,
1526 4731 1788 4801 utpoteiiu
1811 4746 2028 4787 omnem

444 4821 623 4875 locum
658 4821 951 4894 dispersos.
995 4823 1165 4879 Judaei
1216 4826 1360 4880 enim
1403 4826 1532 4881 olim
1574 4826 1682 4882 illis
1730 4843 1837 4883 non
1882 4842 2033 4882 com-

446 4916 833 4981 miscebantur,
876 4916 972 4971 sed
999 4932 1106 4972 uno
1136 4918 1258 4973 loco
1283 4918 1589 4974 Palaestinae
1623 4921 1798 4975 coacti
1836 4935 2029 4990 cppro-

446 5006 680 5059 brahant
716 5006 1009 5076 gentilibus
1043 5015 1103 5060 ut
1128 5023 1453 5079 quocunque
1484 5010 1766 5080 dispersis,
1802 5011 1854 5065 id
1884 5010 2028 5081 quod

444 5106 632 5166 postea
668 5098 720 5151 in
756 5097 875 5153 illos
900 5113 1121 5154 versum
1151 5108 1260 5155 est.
1309 5100 1415 5170 Ipsi
1448 5100 1594 5157 enim
1645 5099 1856 5157 Hebrrei
1900 5101 2027 5157 facti

443 5199 570 5245 sunt
593 5189 880 5260 dispersio.

515 5280 683 5344 Vens,
714 5283 803 5349 57,
837 5283 928 5338 58.
968 5300 989 5336 ι
1036 5283 1092 5338 in
1135 5282 1433 5339 novissimo
1477 5294 1657 5342 autem
1714 5285 1801 5341 die
1829 5301 2028 5357 magno

442 5374 562 5431 festi
601 5375 777 5430 stabat
806 5375 987 5443 Jesus,
1018 5388 1070 5432 et
1095 5376 1390 5443 clamabat,
1423 5378 1612 5434 dicens
1650 5396 1663 5433 :
1708 5377 1764 5432 Si
1809 5379 1930 5448 quis
1955 5381 2027 5434 si-

444 5468 528 5532 tit,
561 5468 743 5522 veniat
785 5468 850 5520 ad
882 5483 989 5534 me,
1024 5477 1078 5522 et
1113 5470 1281 5525 bibat.
1319 5470 1419 5537 Qui
1445 5471 1619 5526 credit
1658 5470 1711 5524 in
1745 5485 1851 5536 me,
1886 5471 2027 5527 sicut

443 5559 572 5613 dicit
595 5558 899 5623 Scriptura,
938 5558 1159 5612 ﬂumina
1193 5560 1260 5615 de
1291 5569 1482 5616 ventre
1530 5560 1648 5631 ejus
1676 5559 1843 5616 ﬂuent
1874 5577 2025 5632 aqua?

443 5653 598 5708 virm.
642 5669 661 5703 ι
706 5650 946 5706 Primum
1001 5650 1142 5705 diem
1195 5652 1338 5719 testi,
1376 5662 1431 5709 et
1482 5653 1840 5711 novissimum
1882 5654 2024 5712 hunc

526 5838 570 5870 "
606 5835 737 5896 Luc.
772 5855 930 5902 xxnt,
964 5838 1055 5895 27.
1135 5839 1178 5873 ⁸³
1212 5839 1355 5896 Psal.
1409 5855 1717 5903 xxxvnt.v.

2126 4646 2252 4709 reb;
2282 4643 2551 4706 ὲθνικοὺς.
2580 4641 2655 4703 ὡς
2685 4644 2743 4695 ὲν
2762 4642 2929 4695 παντὶ
2950 4642 3103 4712 τόπῳ
3126 4640 3590 4711 διεσπαρμένους.
3612 4640 3723 4692 Αὔ-

2127 4739 2238 4800 τοῖς
2267 4734 2377 4807 γὰρ
2402 4736 2452 4789 οἱ
2490 4733 2737 4787 Ἰουδαῖοι
2763 4732 2825 4785 ce
2858 4731 3087 4786 παλαιδν
3114 4732 3216 4784 οὑκ
3245 4731 3571 4801 ἐμίγνυντο,
3603 4729 3725 4782 ἀλλ’

2129 4833 2189 4885 ὲν
2217 4830 2298 4884 ἐνὶ
2322 4831 2496 4900 τόπῳ,
2530 4831 2597 4901 τῇ
2635 4826 2972 4899 Παλαιστίνῃ
3024 4822 3379 4896 συνηγμένοι,
3437 4820 3724 4884 ὠνείδιζον

2127 4923 2252 4985 τοὺς
2292 4920 2564 4985 ὲθνικοὺς,
2614 4921 2690 4984 ὡς
2736 4917 3016 4988 πανταχοῦ
3066 4915 3546 4985 διεσπαρμένους·
3582 4914 3729 4982 ὅπερ

2127 5018 2205 5079 είς
2236 5015 2433 5078 αὑτοὺς
2469 5013 2819 5085 περιετράπη
2856 5011 3084 5085 ὕστερον
3108 5025 3123 5041 ο
3151 5007 3425 5080 διασπορὰ
3449 5006 3561 5077 γὰρ
3581 5008 3726 5079 μᾶλ-

2125 5109 2218 5162 λον
2256 5107 2413 5162 αὑτοὶ⁵
2442 5108 2491 5161 οἱ
2539 5105 2782 5178 Ἑϐραῖοι
2832 5104 3145 5174 γεγόνασιν.

2213 5303 2232 5337 ι
2285 5284 2375 5338 Ἐν
2401 5284 2457 5337 δὲ
2493 5286 2559 5354 τῇ
2589 5282 2794 5353 ἐσχάτῃ
2821 5279 3004 5353 ἡμέρᾳ
3032 5281 3098 5351 τῇ
3127 5278 3338 5350 μεγάλῃ
3363 5276 3466 5347 τῆς
3499 5275 3723 5346 ἑορτῆς,

2137 5378 2382 5448 εἱστήκει
2438 5378 2467 5429 ὁ
2533 5374 2777 5446 Ἰησοῦς,
2828 5375 2921 5428 καὶ
2974 5370 3177 5444 ἐκραζε
3218 5370 3426 5439 λέγων·
3474 5368 3602 5422 Ἐάν
3633 5384 3725 5431 τις

2133 5469 2280 5542 διψᾷ,
2317 5468 2563 5542 ἐρχέσθω
2598 5468 2734 5536 πρός
2795 5484 2885 5539 με,
2916 5466 3012 5519 καὶ
3056 5464 3277 5519 πινέτω.
3337 5463 3397 5517 Ὀ
3445 5462 3723 5516 πιστεύων

2136 5564 2216 5625 είς
2254 5563 2376 5633 ἐμὲ,
2408 5561 2591 5624 καθὼς
2634 5554 2789 5613 εἶπεν
2819 5561 2851 5629 ἡ
2896 5557 3090 5629 Γραφὴ
3111 5596 3126 5622 ,
3160 5554 3398 5626 ποταμοὶ
3430 5553 3724 5625 ῥεύσουσιν

2137 5658 2202 5709 ἐκ
2230 5656 2328 5727 τῆς
2362 5654 2570 5719 κοιλίας
2605 5652 2771 5710 αὑτοῦ
2807 5653 2997 5716 ὓδατος
3030 5649 3256 5716 ζῶντος.
3294 5667 3314 5701 r
3352 5645 3466 5719 Τὴν
3494 5645 3725 5719 πρώτην
