3920 6612
245 414 356 475 liti

855 412 1300 474 ENARRATIO
1334 413 1416 473 IN
1459 411 1968 474 EVANGELIUM
2006 387 2441 476 ιοΑΝΝιεέ-
2477 414 2637 476 CAP.
2681 415 2813 477 vn.

3364 412 3500 479 13i2

241 529 432 598 ἡμέραν
459 526 555 597 τῆς
584 526 774 597 ἑορτῆς
804 527 898 580 καὶ
929 527 1029 596 τὴν
1065 526 1325 597 ἐσχάτην,
1361 526 1480 596 ἢτοι
1515 526 1612 595 τὴν
1651 525 1801 579 ἐϐδό-

1921 524 2215 593 teptimum,
2249 538 2501 591 magnum
2536 526 2789 582 dicebant
2817 543 2832 580 :
2857 541 2981 597 quia
3012 535 3065 583 et
3096 527 3181 582 lex
3206 528 3495 599 septimum

245 631 357 690 μην,
396 617 640 689 μεγάλην
664 617 969 688 ὠνόμαζον,
1005 619 1127 670 ἐπεὶ
1156 618 1249 670 καὶ
1288 618 1315 670 6
1345 617 1509 687 νόμος
1532 618 1630 688 τὴν
1656 617 1806 671 ἐϐδό-

244 727 336 779 μην
383 710 599 781 ἡμέραν
650 713 748 780 τῆς
792 709 1007 779 ἑορτῆς,
1072 709 1278 779 κλητὴν
1340 709 1505 774 ἁγίαν
1561 709 1806 762 ἐκάλεσε.

243 804 411 857 Τούτῳ
441 804 571 869 γοῦν
603 804 872 872 ἑπόμενος
896 804 986 854 καὶ
1017 805 1044 855 6
1065 802 1482 870 εύαγγελιστὴς,
1518 803 1615 872 τὴν
1646 803 1810 871 ἐσχά-

240 912 325 961 την
360 895 594 964 ἡνιέραν,
642 894 887 963 μεγάλην
922 894 1200 962 ὀνομάζει.
1249 894 1485 953 Εἰκότως
1518 892 1609 946 οὖν
1646 896 1701 946 ὲν
1743 898 1805 963 τῇ

241 987 428 1056 ὲςχάτῃ
478 987 661 1056 ἡμέρα
697 985 1006 1052 διαλέγεται
1040 986 1150 1046 τοῖς
1196 985 1396 1054 ὄχλοις,
1436 985 1620 1051 ἐφόδια
1649 984 1811 1036 οἱονεί

238 1092 344 1127 τινα
393 1076 569 1135 διδοὺς
606 1076 789 1137 αὐτοῖς
842 1076 1126 1145 μέλλουσιν
1178 1076 1396 1128 ἀπιέναι
1450 1077 1656 1129 οἶκαδε.
1700 1076 1810 1139 Τὰς

238 1170 333 1238 γάρ
383 1170 440 1220 ὲν
498 1168 575 1236 τῷ
630 1169 782 1239 μέσῳ
836 1170 1049 1237 ἡμέρας
1098 1171 1177 1230 εἰς
1222 1168 1432 1239 τρυφὴν
1466 1170 1807 1238 ἀνειμένοις,

236 1264 449 1331 ἄκαιρον
476 1257 541 1331 ἧν
575 1263 1097 1332 προσδιαλέγεσθαι·
1127 1263 1247 1315 οὐδὲ
1273 1266 1382 1332 γάρ
1405 1266 1694 1334 προσεῖχον
1724 1264 1809 1317 ἄν.

240 1357 465 1425 Ἔκραζε
498 1356 552 1407 δὲ
580 1359 606 1408 6
650 1356 877 1426 Ἰησοῦς,
908 1358 1026 1427 ἅμα
1075 1355 1175 1426 μὲν
1216 1355 1304 1409 ἵνα
1342 1356 1670 1420 ἐξάκουστος
1701 1356 1812 1426 εἴη,

208 1445 339 1513 ’ἅμα
389 1447 445 1498 δὲ
498 1446 598 1515 τὴν
638 1447 952 1517 παρρησίαν
999 1446 1285 1511 δεικνύων,
1351 1447 1444 1500 καὶ
1493 1447 1568 1510 ὡς
1620 1446 1812 1499 οὐδένα

235 1544 492 1595 πτοεῖται.
552 1539 617 1593 Τί
669 1536 762 1593 οῦν
820 1557 1019 1610 φησιν;
1078 1558 1097 1592 ι
1148 1542 1207 1594 ’0
1264 1539 1536 1593 πιστεύων
1579 1540 1657 1602 είς
1687 1540 1811 1607 ἐμὲ,

235 1630 405 1692 καθὼς
424 1627 630 1701 εἶπενή
661 1631 853 1700 Γρατή
872 1647 884 1660 ·
918 1649 936 1681 ι
970 1629 1204 1683 ἐνταῦθα
1232 1630 1437 1700 γάρδεῖ
1463 1628 1660 1694 στέξαι,
1692 1623 1811 1682 εἷτα

233 1724 318 1777 ἀπ’
349 1722 514 1786 ἄλλης
567 1722 745 1793 ἀρχῆς
798 1724 1181 1791 ἀναγνωστέον
1216 1724 1298 1786 τὸ,
1342 1742 1359 1773 ι
1395 1724 1639 1793 Ποταμοὶ
1669 1723 1802 1795 ῥεύ-

235 1832 409 1866 σουσιν
442 1816 506 1867 ἐκ
560 1814 661 1883 τῆς
703 1814 913 1877 κοιλίας
943 1815 1131 1870 αὑτοῦ.
1173 1834 1192 1867 ι
1265 1814 1418 1867 Ἐπεὶ
1462 1814 1572 1885 γὰρ
1624 1813 1810 1867 πολλοὶ

1914 619 2053 674 diem
2083 618 2203 673 festi
2232 628 2501 683 vocatum,
2530 631 2776 676 sanctum
2812 621 3129 676 nominavit.
3162 620 3308 675 Illam
3333 623 3501 692 igitur

1912 727 2147 779 sequens
2176 711 2528 781 evangelista,
2558 714 2912 768 novissimum
2942 714 3085 768 diem
3117 729 3370 783 maguum
3403 730 3500 767 no-

1915 805 2159 861 minat“.
2188 804 2378 857 Merito
2397 814 2573 858 autem
2597 807 2647 859 in
2678 807 2976 861 novissimo
3004 807 3088 861 die
3109 807 3350 877 loquitur
3372 822 3495 861 cum

1915 899 2103 959 tut-Hs,
2132 899 2280 965 quasi
2306 899 2500 952 viatica
2530 899 2633 951 illis
2656 900 2790 953 dans
2818 900 3033 954 domum
3060 898 3336 956 redituris.
3362 900 3495 954 Cum

1913 989 1997 1043 bis
2051 990 2230 1050 enim,
2277 991 2364 1053 qui
2416 989 2467 1042 in
2495 988 2686 1043 dit-bus
2730 990 3063 1045 iutermediis
3111 991 3319 1046 deliciis
3340 999 3499 1047 erant

1916 1081 2126 1143 intenti,
2185 1082 2615 1149 iltletnpeslivum
2670 1090 2785 1134 erat
2834 1082 3088 1152 colloqui,
3142 1097 3320 1154 neque
3349 1082 3495 1138 enim

1913 1173 2289 1227 attendissenl.
2327 1172 2593 1228 Clamavit
2624 1185 2802 1227 autent
2838 1173 2993 1229 Jcsus
3017 1177 3213 1243 partim
3246 1173 3500 1246 utmagis

1914 1266 2213 1330 audiretur,
2260 1266 2455 1335 partim
2504 1274 2562 1320 ut
2599 1266 2901 1320 libertatem
2964 1283 3116 1323 suam
3177 1268 3230 1322 in
3265 1267 3498 1323 dicendo

1914 1355 2304 1417 manifestaret,
2336 1365 2390 1410 et
2420 1358 2563 1423 quod
2592 1356 2795 1410 nullum
2831 1366 3118 1412 metueret.
3149 1357 3289 1425 Quid
3316 1369 3496 1412 autem

1914 1449 2076 1503 dicit?
2115 1468 2133 1500 ι
2169 1451 2268 1515 Qui
2301 1449 2470 1503 credit
2503 1451 2556 1503 in
2600 1464 2706 1516 me,
2763 1450 2905 1505 sicut
2952 1449 3085 1505 dicit
3120 1449 3433 1519 Scriptura;
3475 1471 3493 1503 ι

1916 1542 2018 1595 hoc
2044 1542 2184 1595 enim
2219 1542 2336 1595 loco
2359 1554 2618 1612 punctum
2648 1550 2861 1610 oportet
2887 1541 3088 1608 facere,
3121 1540 3320 1596 deinde
3348 1539 3496 1595 aliud

1916 1630 2220 1685 faciendum
2262 1641 2347 1687 est
2399 1632 2722 1701 principium
2782 1651 2848 1688 τι
2912 1632 3164 1687 Flumina
3212 1632 3380 1688 ﬂuent
3431 1647 3498 1689 ex

1918 1731 2108 1777 ventre
2136 1721 2273 1791 ejus.
2308 1740 2329 1775 ι
2365 1722 2499 1789 Quia
2529 1722 2674 1777 enim
2726 1724 2879 1777 multi
2910 1735 3133 1794 propter
3182 1724 3334 1795 signa
3379 1738 3500 1779 cre-

1917 1814 2136 1878 debant,
2164 1815 2399 1869 ostendit
2434 1831 2538 1869 non
2574 1825 2682 1870 tam
2708 1826 2931 1886 propter
2971 1817 3125 1884 signa
3160 1817 3494 1875 credendum

231 1905 329 1958 ἀπὸ
360 1903 467 1956 τῶν
519 1902 763 1973 σημείων
809 1903 1116 1968 ἐπίστευον,
1164 1904 1382 1965 δεικνὺς
1427 1902 1508 1955 ὅτι
1541 1902 1640 1954 οὐκ
1696 1901 1803 1954 ἀπὸ

1921 1921 2049 1971 :sse,
2078 1922 2236 1976 quam
2262 1917 2481 1976 promer
2511 1906 2870 1978 Scripturam.
2903 1907 3061 1963 Fides
3081 1907 3225 1961 enim
3256 1915 3399 1962 recta
3431 1922 3499 1961 ex

231 1998 333 2049 τῶν
382 1999 626 2068 σημείων
663 1998 745 2051 δεῖ
776 2001 1056 2052 πιστεύειν
1090 1996 1263 2060 οὕτως
1286 1996 1361 2061 ὡς
1389 1995 1496 2049 ἀπὸ
1529 1995 1637 2049 τῶν
1668 1996 1810 2066 Γρα-

232 2091 340 2160 φῶν
386 2093 453 2160 (ἡ
506 2090 615 2161 γὰρ
660 2091 1019 2165 διωρθωμένη
1066 2092 1250 2154 πίστις
1283 2089 1393 2143 ἀπὸ
1435 2088 1542 2142 τῶν
1576 2088 1810 2159 Γραφῶν

231 2181 401 2251 ἐστι),
429 2180 618 2233 τούτου
653 2181 839 2234 ἕνεκέν
872 2196 1068 2251 φησιν’
1106 2199 1123 2232 ι
1175 2179 1233 2232 Ὀ
1267 2179 1542 2232 πιστεύων
1572 2180 1652 2241 είς
1686 2178 1808 2247 ἐμὲ,

228 2272 407 2335 κ>θὼς
434 2270 588 2326 εἶπεν
621 2275 652 2343 ἡ
705 2274 929 2343 Γραφὴ·
972 2291 991 2324 ι
1027 2272 1296 2334 τουτέστι,
1335 2271 1492 2322 Καθά
1542 2271 1813 2341 μαρτυρεῖ

229 2368 260 2436 ἡ
294 2366 483 2437 Γρατρὴ
512 2366 639 2434 περὶ
664 2365 821 2433 ἐμοῦ,
846 2366 926 2418 ὅτι
954 2365 1081 2427 Υἱός
1105 2365 1221 2432 είμι
1248 2362 1407 2428 Θεοῦ,
1437 2364 1519 2416 ὅτι
1549 2364 1810 2433 Κτίστης,

228 2462 307 2512 ἔτι
336 2459 538 2528 Κύριος
570 2457 663 2509 τοῦ
701 2456 921 2519 παντὸς,
949 2456 1029 2508 ὅτι
1050 2454 1240 2524 Σωτὴρ
1271 2455 1365 2507 τοῦ
1399 2456 1629 2524 κόσμου.
1672 2453 1812 2507 Πολ-

225 2551 306 2606 λοὶ
345 2551 451 2621 γὰρ
508 2549 697 2613 ἔδοξαν
750 2547 1049 2610 πιστεύειν,
1107 2547 1223 2599 ἀλλ’
1276 2547 1375 2617 οὐχ
1432 2548 1508 2610 ὡς
1567 2542 1719 2599 εἶπεν
1776 2547 1809 2617 ὴ

228 2640 435 2711 Γραφὴ.
477 2640 634 2702 ὡςδὲ
674 2639 830 2691 αὐτοὶ
876 2640 996 2700 ταῖς
1030 2637 1211 2690 αὐτῶν
1257 2638 1531 2708 αἱρέσεσιν
1579 2636 1812 2708 ἠκολού-

228 2732 435 2802 θησαν
471 2731 705 2783 τοιοῦτοι
749 2729 951 2792 πάντες
990 2730 1039 2781 οἱ
1089 2729 1378 2800 αἱρετικοί.
1429 2728 1714 2798 Ποταμοὺς
1756 2727 1812 2779 δὲ

226 2820 378 2877 εἶπεν
408 2824 473 2876 ἐκ
500 2823 600 2892 τῆς
630 2822 841 2885 κοιλίας
870 2821 966 2875 τοῦ
997 2822 1142 2874 οὕτω
1176 2820 1566 2884 πιστεύσαντος
1596 2818 1810 2889 ῥεῦσαι,

227 2915 433 2969 κοιλίαν
486 2916 587 2985 μὲν
654 2915 935 2985 τροπικῶς
1010 2914 1294 2984 ὀνομάζων
1377 2914 1475 2984 τὴν
1547 2912 1810 2983 καρδίαν’

222 3005 298 3070 ὡς
331 3010 426 3061 καὶ
470 3009 501 3059 ὀ·
541 3008 729 3060 Δαυῖδ·
771 3027 788 3059 ι
830 3008 938 3060 Καὶ
979 3008 1071 3060 τὸν
1109 3006 1274 3076 νόμον
1309 3023 1401 3058 σου
1440 3008 1496 3057 ὲν
1535 3006 1683 3075 μέσῳ
1714 3004 1814 3074 τῆς

225 3100 437 3163 κοιλίας
477 3117 578 3171 μου
602 3117 614 3130 ο
632 3119 649 3151 ι
680 3099 950 3163 τουτέστι,
986 3100 1096 3168 Τῆς
1120 3099 1347 3167 καρδίας
1368 3116 1493 3169 μου.
1528 3097 1813 3167 Ποταμοὺς

222 3190 281 3242 δὲ
313 3191 505 3261 ῥεῦσαι
537 3191 664 3261 ἔφη,
698 3192 792 3244 καὶ
818 3191 880 3244 οὐ
929 3190 1194 3260 ποταμὸν,
1226 3190 1418 3252 ὕδατος
1452 3190 1675 3265 ζῶντος,
1714 3187 1811 3258 τὴν

222 3282 320 3335 τοῦ
369 3282 683 3354 Πνεύματος
721 3283 953 3351 ἄφθονον
1004 3284 1162 3353 χάριν
1223 3282 1315 3334 καὶ
1374 3283 1474 3351 τὴν
1528 3280 1808 3346 δαψίλειαν

222 3374 619 3445 αἰνιττόμενος.
654 3377 907 3429 Τοιοῦτον
931 3376 1039 3445 γάρ
1064 3378 1181 3429 ὲστι
1211 3376 1272 3428 τὸ
1304 3374 1554 3443 Πνεῦμα,
1588 3374 1667 3435 εἰς
1696 3373 1813 3425 οἵαν

224 3466 409 3537 ψυχὴν
440 3467 698 3534 εἰσέλθοι,
726 3469 821 3523 καὶ
849 3470 904 3520 ὲν
935 3462 979 3536 ᾧ
1007 3467 1073 3521 ἂν
1102 3467 1397 3540 ἱδρυνθείη,
1423 3465 1610 3519 ποιοῦν
1646 3465 1816 3534 αὐτὴν

220 3556 551 3622 ἀναδλύζειν
601 3560 783 3627 πάσης
835 3560 1019 3629 πηγῆς
1052 3559 1449 3630 ἀφθονώτερον.
1502 3558 1615 3611 Καὶ
1652 3558 1816 3628 μάθοι

220 3646 292 3702 ἄν
318 3665 422 3711 τις,
455 3650 575 3713 πῶς
624 3650 861 3720 ποταμοὶ
913 3650 1199 3720 ῥεύσουσιν
1229 3652 1294 3705 ὲκ
1344 3654 1445 3720 τῆς
1478 3652 1690 3713 κοιλίας
1722 3650 1815 3703 τοῦ

218 3742 575 3807 πιστεύοντος
607 3746 749 3798 κατὰ
780 3745 878 3803 τὰς
908 3745 1128 3815 Γραφὰς
1149 3787 1165 3811 ,
1194 3746 1310 3814 εἴγε
1350 3748 1449 3817 τὴν
1475 3746 1568 3799 τοῦ
1607 3747 1816 3818 Πέτρου

1915 1998 2213 2067 Scripturis
2249 2010 2355 2053 est.
2386 1998 2517 2066 Ejus
2549 2000 2723 2066 gratia
2782 1998 2959 2069 inquit
2999 2014 3013 2051 :
3051 2017 3070 2050 ι
3111 1999 3210 2065 Qui
3240 2000 3412 2053 credit
3443 1997 3499 2052 in

1914 2105 2022 2152 me,
2055 2090 2197 2144 sicut
2223 2090 2505 2158 Scriptura
2530 2091 2679 2157 dicit,
2711 2109 2729 2141 ι
2769 2092 2873 2145 Ιιοε
2901 2099 3006 2155 εει,
3047 2088 3499 2158 quemadmodum

1916 2190 2145 2235 testatur
2166 2182 2233 2235 de
2258 2197 2341 2235 me
2365 2182 2671 2250 Scriptura,
2699 2184 2842 2250 quod
2869 2179 3039 2235 Filius
3068 2195 3189 2236 sum
3219 2180 3333 2245 Dei,
3357 2178 3503 2248 quod

1918 2271 2171 2338 Creator,
2194 2274 2337 2341 quod
2374 2274 2633 2328 Dominus
2661 2274 2899 2327 universi
2922 2272 3111 2341 (multi
3144 2271 3288 2324 enim
3314 2278 3504 2339 putant

1915 2378 1974 2419 se
1999 2365 2241 2427 credere,
2269 2365 2365 2419 scd
2394 2379 2501 2418 non
2525 2372 2582 2417 ut
2604 2364 2732 2418 dicit
2757 2362 3061 2433 Scriptura,
3085 2375 3249 2432 atque
3280 2363 3350 2416 ita
3376 2376 3506 2415 suas

1923 2457 2099 2510 secuti
2156 2439 2285 2511 sunt
2341 2469 2542 2522 sectas,
2583 2456 2771 2525 quales
2809 2465 2936 2510 sunt
2968 2470 3160 2510 omnes
3198 2453 3498 2524 lizeretici).

1915 2551 1984 2602 At
2015 2548 2236 2602 ﬂumina
2267 2550 2407 2604 dixit
2436 2566 2502 2604 ex
2535 2558 2722 2604 ventre
2751 2550 2871 2618 ejus
2903 2548 2996 2618 qui
3027 2562 3152 2603 vere
3193 2547 3368 2602 lidelis
3395 2556 3500 2608 est.

1916 2640 2109 2703 ﬂuere,
2144 2652 2387 2697 ventrem
2405 2641 2623 2711 quidem
2648 2659 2667 2694 ι
2703 2656 2798 2695 cor
2832 2660 2853 2693 ι
2894 2641 3181 2695 nominans
3201 2649 3358 2709 tropo
3391 2637 3502 2694 Πε-

1920 2733 2128 2798 braien,
2162 2735 2307 2788 sicut
2343 2744 2397 2788 et
2426 2733 2591 2788 David
2625 2734 2802 2803 inquit
2836 2751 2850 2790 :
2898 2751 2917 2785 ι
2966 2732 3032 2787 Ει
3061 2732 3235 2803 legem
3269 2743 3415 2787 tuam
3446 2731 3502 2786 iu

1919 2827 2098 2880 medio
2125 2828 2330 2881 ventris
2359 2828 2460 2881 mei
2493 2826 2593 2892 ",3
2624 2825 2725 2881 hoc
2755 2835 2862 2891 est,
2889 2826 3069 2880 cordis
3100 2826 3226 2880 mei.
3255 2824 3504 2880 Flumina
3596 2822 3611 2827 ⁴

1918 2927 2096 2971 autem
2123 2917 2289 2971 liuere
2311 2919 2546 2983 dicebat,
2576 2927 2632 2972 et
2651 2934 2755 2973 non
2779 2917 2976 2973 [lumen
3006 2933 3161 2988 aqua:
3181 2918 3339 2983 vivae,
3371 2916 3501 2985 Spi-

1918 3009 2058 3063 ritus
2115 3009 2391 3064 liberalem
2434 3009 2664 3078 gratiam
2733 3019 2789 3065 et
2830 3009 3136 3079 largitatem
3191 3009 3501 3064 insinuans.

1919 3098 2068 3154 Talis
2094 3103 2238 3154 enim
2263 3111 2347 3156 est
2381 3098 2638 3170 Spiritus,
2671 3110 2729 3154 ut
2764 3100 2817 3154 in
2851 3113 3232 3169 quamcunque
3265 3098 3504 3152 animam

1921 3194 2209 3258 introierit,
2240 3203 2293 3248 et
2327 3193 2379 3246 in
2412 3209 2514 3260 qua
2555 3192 2839 3256 resederit,
2871 3191 3033 3246 faciat
3067 3190 3211 3245 illam
3238 3188 3509 3245 scaturire
3566 3220 3569 3223 ι

1917 3288 2110 3355 quovis
2140 3287 2285 3341 {utne
2321 3288 2560 3341 uberius.
2595 3286 2661 3341 Et
2686 3286 2860 3341 discet
2885 3285 3009 3354 quis
3042 3282 3314 3352 quomodo
3336 3281 3510 3335 ﬂuant

1915 3378 2138 3433 ﬂumina
2168 3394 2233 3435 ex
2277 3389 2465 3433 ventre
2495 3377 2770 3433 credentis
2811 3376 3110 3432 secundum
3144 3372 3505 3442 Scripturam,

1922 3474 1964 3527 si
1993 3472 2209 3541 quidem
2246 3471 2394 3526 Petri
2424 3471 2686 3541 linguam,
2712 3479 2768 3525 et
2803 3468 2955 3523 Pauli
3003 3467 3284 3538 impetum,
3306 3473 3362 3519 et
3387 3463 3510 3519 Ste-

1921 3565 2085 3633 pltutti
2123 3564 2446 3633 sapientiam
2483 3562 2872 3626 consideravit,
2922 3574 3060 3630 quos
3090 3559 3337 3614 dicentes
3370 3555 3511 3610 nihil

1919 3656 2129 3724 elfugit,
2166 3656 2261 3710 sed
2293 3671 2486 3711 omnes
2532 3664 2837 3725 sequuntur
2862 3653 3028 3724 612
3059 3663 3316 3720 tanquam
3351 3663 3381 3703 a
3410 3647 3512 3703 llu-

1927 3749 2160 3803 ntinibus
2187 3749 2507 3819 quibusdam
2541 3748 2743 3816 impetu
2776 3747 3059 3802 ruentibus
3094 3743 3253 3811 rapti.

215 3833 494 3904 γλῶτταν,
544 3838 639 3888 καὶ
690 3835 788 3908 τὴν
828 3837 921 3890 τοῦ
953 3836 1168 3891 Παύλου
1211 3836 1413 3908 ῥύμην,
1463 3838 1557 3891 καὶ
1584 3838 1681 3909 τὴν
1715 3838 1806 3891 τοῦ
1849 3840 2123 3909 Στεφάνου
2157 3840 2348 3909 σοφίαν
2392 3838 2830 3909 κατασκέῲαιτν
2889 3836 2986 3899 οὓς
3040 3836 3192 3890 οὐδὲν
3245 3833 3511 3905 ὑφίστατο

214 3929 505 3997 λέγοντας,
533 3929 669 3981 ἀλλὰ
700 3929 900 3993 πάντες
933 3928 1309 4001 παρεσύροντο
1335 3928 1410 3993 ὥς
1444 3947 1608 3983 τινων
1644 3931 1911 4001 ποταμῶν
1944 3931 2212 4003 ῥεύμασιν
2247 3931 2644 3993 ἁνυποστάτοις
2669 3929 2767 4000 τὴν
2798 3926 2993 3997 φοράν.

301 4045 320 4079 r
360 4025 532 4080 Τοῦτο
570 4024 628 4079 δὲ
668 4019 791 4077 εἶπε
821 4024 1073 4095 περὶτοῦ
1115 4023 1456 4093 Πνεύματος,
1491 4018 1553 4078 οὗ
1591 4023 1820 4094 ἔμελλον

214 4117 533 4189 λαμόάνειν
572 4118 622 4170 οἱ
669 4116 1021 4180 πιστεύοντες
1067 4119 1145 4178 είς
1192 4117 1376 4171 αὐτόν.
1414 4114 1582 4170 Οὔπω
1617 4116 1724 4186 γὰρ
1752 4112 1819 4188 ἦν

216 4211 460 4281 Πνεῦμα
485 4208 663 4278 ἆγιον,
696 4210 780 4262 ὅτι
823 4209 1031 4280 Ἰησοῦς
1060 4210 1273 4264 οὐδέπω
1302 4210 1587 4281 ἐδοξάσθη.
1626 4230 1647 4263 ι
1693 4210 1818 4282 Ἐρ-

219 4301 487 4374 μηνεύων
518 4303 545 4354 6
567 4300 1001 4371 εὐαγγγελιστὴς
1028 4301 1174 4365 τίνες
1206 4302 1346 4355 εἰσὶν
1377 4304 1424 4356 οἱ
1461 4300 1695 4372 ποταμοὶ
1723 4299 1817 4353 τοῦ

211 4394 430 4458 ζῶντος
456 4391 670 4457 ὕδατος,
706 4393 892 4463 φησιν,
928 4392 1011 4446 ὅτι
1058 4411 1077 4444 ι
1115 4392 1289 4447 Τοῦτο
1320 4393 1377 4446 δὲ
1408 4389 1530 4447 εἷπε
1560 4394 1689 4463 περὶ
1721 4394 1815 4447 τοῦ

212 4485 569 4556 Πνεύματος,
621 4477 682 4538 οὗ
738 4484 964 4554 ἔμελλον
1020 4484 1319 4556 λαμϐάνειν
1353 4490 1402 4540 oi
1440 4485 1812 4547 πιστεύοντες.

211 4577 399 4633 Οῦπω
432 4579 541 4651 γὰρ
569 4574 661 4650 ἦν,
690 4580 848 4649 φησι,
876 4578 1102 4649 Πνεῦμα
1137 4580 1314 4648 ἅγιον.
1347 4598 1366 4632 ι
1417 4577 1555 4632 Ἀλλ’
1584 4578 1816 4631 ἐνταῦθα

209 4672 515 4743 ζητήσειεν
549 4671 615 4726 ἄν
646 4688 769 4735 τιςο
821 4672 947 4735 Πῶς
991 4688 1158 4740 φησιν
1190 4672 1217 4723 6
1267 4668 1685 4740 εὐαγγελιστὴς,
1732 4670 1815 4722 ὅτι

208 4761 383 4816 οὔπω
410 4758 477 4832 ἦν
512 4760 739 4832 Πνεῦμα
782 4762 960 4829 ἅγιον,
990 4759 1140 4814 δοθὲν
1179 4760 1456 4830 δηλονότι;
1512 4759 1607 4811 καὶ
1635 4757 1741 4828 μὴν
1763 4757 1815 4810 oi

212 4855 513 4924 προφῆται
533 4851 810 4923 Πνεύματι
835 4852 1090 4918 ὲλάλουν;
1114 4851 1227 4905 Καὶ
1248 4852 1298 4903 οἱ
1319 4849 1610 4904 ἀπόστολοι
1620 4849 1677 4902 δὲ
1699 4849 1817 4912 πῶς

213 4950 342 5018 ἄρα
374 4946 472 5009 τὰς
504 4945 677 5007 ἰάσεις
709 4946 959 5011 ὲτέλουνς
991 4945 1174 5016 Φαμὲν
1200 4942 1314 5011 οὖν,
1350 4944 1513 4998 ὃτι-οἱ
1541 4946 1817 5014 προφῆται

210 5036 518 5107 Πνεύματι
570 5036 793 5091 ἐλάλουν
851 5035 1326 5107 ὁμολογουμένως,
1393 5034 1509 5089 ἀλλ’
1563 5036 1596 5106 ή
1654 5020 1820 5106 χάρις

211 5131 374 5201 αὕτη
430 5129 765 5200 συνεστάλη,
823 5130 920 5184 καὶ
970 5129 1077 5183 ἀπὸ
1132 5131 1234 5199 τῆς
1290 5131 1393 5198 γῆς
1448 5125 1819 5199 ἀνεχώρησεν.

214 5222 406 5276 ’Ὥστε
430 5223 478 5275 εί
507 5224 599 5275 καὶ
632 5224 689 5276 ὲν
719 5224 831 5286 τοῖς
865 5221 1081 5292 χρόνοις
1106 5220 1215 5275 τῶν
1242 5219 1541 5293 προφητῶν
1572 5220 1817 5290 ἐνήργει,

217 5314 380 5367 ἀλλὰ
408 5312 530 5365 τότε
559 5313 647 5367 διὰ
674 5314 734 5367 τὸ
769 5314 990 5381 ἀνάξιον
1019 5311 1115 5366 τοῦ
1145 5312 1297 5378 λαοῦ,
1330 5312 1440 5378 ὅτε,
1486 5311 1651 5383 φημὶ,
1686 5313 1820 5381 Χρι-

212 5405 359 5469 στὸς
393 5407 451 5458 έν
477 5407 641 5475 σαρκὶ
673 5406 1024 5476 περιεπάτει,
1058 5406 1157 5459 οὐκ
1186 5404 1561 5476 ὲπεχωρίαξεν
1592 5405 1627 5475 ἡ
1681 5420 1817 5474 προ-

213 5497 464 5567 φητεία,
503 5498 627 5552 οὐδὲ
652 5498 955 5553 ἐπόπτευεν
986 5497 1166 5553 αὐτῶν
1194 5499 1264 5552 τά
1293 5499 1427 5568 ἆγια
1455 5497 1549 5550 καὶ
1576 5496 1668 5549 τὸν
1689 5496 1817 5550 ναὸν

210 5591 256 5660 ἡ
294 5590 483 5660 χάρις.
532 5592 684 5645 Ἐπεὶ
709 5590 799 5644 οῦν
829 5590 952 5645 τότε
984 5591 1083 5660 μὲν
1126 5591 1227 5645 οὐκ
1259 5585 1327 5662 ἦν
1368 5591 1403 5662 ἡ
1435 5588 1529 5643 τοῦ
1565 5587 1815 5659 Πνεύμα·

211 5697 324 5744 τος
356 5681 630 5754 ἐνέργεια,
679 5682 871 5754 ἔμελλε
909 5683 966 5736 δὲ
1014 5682 1255 5754 δοθῆναι,
1286 5679 1378 5735 διὰ
1419 5679 1580 5735 τοῦτό
1626 5696 1813 5752 φησιν,

307 5866 358 5903 ⁵⁸
398 5867 563 5927 Exod.
595 5881 758 5933 xxxv,
788 5861 841 5918 2.
921 5866 967 5897 ⁸⁵
999 5862 1144 5921 Psal.
1194 5878 1379 5932 xxnx,
1415 5862 1469 5918 9.

2004 4026 2167 4080 \‘eas.
2201 4024 2289 4079 59.
2326 4040 2344 4074 ι
2387 4021 2499 4076 lloc
2532 4031 2711 4076 autem
2742 4022 2881 4077 dixit
2911 4023 2977 4076 de
2995 4008 3200 4087 Spiritu
3233 4030 3392 4086 quem
3419 4029 3512 4072 ac-

1929 4117 2135 4186 cepturi
2195 4124 2354 4169 crant
2405 4114 2690 4169 credentes
2734 4114 2789 4167 in
2850 4113 3047 4183 ipsum.
3079 4109 3328 4165 Nondum
3363 4108 3509 4164 enim

1927 4218 2047 4263 erat
2079 4207 2315 4276 Spiritus
2336 4216 2577 4268 sanctus,
2609 4204 2734 4274 quia
2765 4202 2925 4259 Jesus
2965 4203 3204 4258 nondum
3238 4209 3354 4254 erat
3390 4198 3511 4271 διοσ-

1925 4301 2185 4355 rilieatus.
2232 4317 2249 4350 ι
2302 4297 2674 4366 lulerpretans
2715 4295 3047 4366 evangelista
3091 4307 3216 4364 qua;
3271 4292 3381 4347 sint
3409 4290 3510 4346 llu-

1923 4394 2071 4447 miua
2100 4406 2254 4462 aqua:
2290 4392 2444 4455 vivae,
2476 4390 2610 4446 dicit
2643 4406 2658 4443 :
2698 4408 2718 4442 ‹
2757 4388 2872 4443 Hoc
2901 4397 3081 4443 autem
3114 4386 3255 4440 dixit
3282 4386 3350 4440 de
3387 4383 3513 4455 Spi-.

1923 4486 2055 4553 ritu,
2078 4499 2238 4553 quem
2253 4484 2524 4553 accepturi
2544 4490 2698 4536 erant
2716 4482 3025 4537 credentes.
3051 4496 3072 4532 ι
3095 4477 3349 4533 Nondum
3366 4477 3510 4532 enim

1924 4584 2061 4642 erat,
2092 4577 2287 4646 inquit,
2330 4574 2567 4645 Spiritus
2592 4584 2843 4629 sanctus.
2892 4592 2913 4626 ι
2949 4570 3057 4627 Sed
3087 4572 3190 4626 hoc
3218 4571 3338 4625 loco
3360 4583 3510 4638 qua:-

1921 4668 2113 4725 siverit
2161 4668 2429 4738 quispiam
2503 4684 2518 4726 :
2583 4666 2863 4732 Quomodo
2932 4664 3113 4732 inquit
3181 4660 3510 4730 evangelista

1933 4760 2078 4830 quod
2127 4760 2364 4830 Spiritus
2407 4766 2629 4813 sanctus
2658 4758 2892 4812 nondum
2925 4764 3067 4821 erat,
3092 4754 3281 4818 datus,
3319 4750 3510 4806 videli-

1925 4851 2047 4907 cet?
2092 4850 2286 4905 Annon
2341 4860 2396 4906 et
2454 4850 2731 4922 prephetaa
2763 4847 2969 4918 Spiritu
3017 4845 3181 4901 locuti
3229 4843 3394 4899 sunt?
3447 4841 3509 4897 Et

1925 4946 2156 5015 apostoli
2183 4959 2402 5015 quoque
2430 4944 2701 5014 quomodo
2730 4941 2993 4997 sanitates
3014 4937 3401 5012 perfeceruntg?
3423 4935 3482 4991 Di

1922 5034 2099 5090 cimus
2142 5035 2307 5106 igitur
2352 5035 2496 5103 quod
2546 5034 2823 5103 prophetae
2874 5032 3081 5103 absque
3130 5027 3506 5086 controversia

1924 5125 2133 5195 Spiritu
2154 5125 2318 5181 locuti
2348 5135 2499 5192 sunt,
2524 5124 2618 5181 sed
2645 5126 2844 5179 donum
2879 5123 2983 5179 hoc
3008 5129 3348 5177 contractum
3368 5128 3507 5185 erat,

1924 5228 1979 5273 et
2012 5233 2043 5273 a
2085 5227 2232 5273 terra
2264 5226 2607 5273 secesserat:
2654 5226 2819 5288 atque
2850 5216 2972 5272 ideo
3000 5214 3250 5285 quamvis
3277 5213 3332 5267 in
3371 5221 3507 5267 tem-

1926 5311 2146 5381 poribus
2185 5312 2577 5382 prophetarum
2621 5312 2973 5381 operabatur,
3016 5319 3145 5364 tunc
3172 5316 3354 5362 tamen
3383 5319 3507 5376 pro-

1926 5413 2046 5473 pter
2075 5405 2252 5474 populi
2280 5404 2676 5474 iudignitatem,
2716 5402 2953 5473 quando,
2984 5401 3224 5470 inquam,
3260 5398 3507 5454 Christus

1929 5496 1986 5551 in‘
2014 5510 2181 5550 carne
2224 5496 2557 5562 ambulabat,
2591 5510 2698 5549 non
2731 5493 3015 5548 familiaris
3052 5501 3170 5546 erat
3203 5488 3503 5562 prophetia,

1924 5604 2100 5660 neque
2129 5589 2345 5645 illorum
2369 5597 2554 5643 sancta
2579 5595 2635 5642 et
2662 5586 2917 5656 templum
2951 5583 3276 5655 respiciebat
3302 5578 3498 5648 gratia.

1924 5679 2063 5747 Quia
2086 5680 2248 5751 igitur
2278 5690 2405 5736 tunc
2435 5678 2651 5751 quidem
2681 5692 2788 5734 non
2813 5686 2932 5735 erat
2967 5673 3216 5748 operatio
3249 5669 3503 5742 Spiritus,
