3920 6570
280 447 416 518 l3l5

908 438 1352 504 ENARRA'I‘IO
1395 437 1471 498 ΙΝ
1515 425 2014 500 EVANGELIUM
2048 424 2391 496 JOANNIS.
2416 458 2489 469 *-
2522 434 2685 496 CAP.
2721 433 2852 496 VII.

3372 432 3512 500 1346

178 577 193 585 ‘
272 560 557 632 ἀκρίϐειαν
603 554 765 608 τούτο
813 557 1059 624 λέγοντα.
1109 555 1270 606 Ουτοι
1320 552 1375 604 δὲ
1415 550 1643 622 δολερῶς
1688 547 1843 602 τοῦτό

1956 545 2070 616 quia
2119 560 2221 599 non
2252 560 2314 601 ex
2346 543 2566 599 Galilcea
2600 542 2852 598 Christus
2892 541 3057 598 venit.
3091 538 3350 596 Videntur
3370 545 3514 599 enim

277 671 453 723 φασιν,
491 651 570 704 ὅτι
603 652 703 704 οὐκ
741 652 807 703 ἐκ
831 649 930 719 τῆς
966 646 1251 708 Γαλιλαίας
1275 646 1303 696 ὁ
1332 645 1563 714 Χριστδις
1599 643 1835 711 ἔρχεται.

288 746 523 797 ’ἶῧοὶκασι
560 744 667 813 γὰρ
715 739 1010 810 γινώσκειν
1054 736 1173 807 μὲν,
1205 738 1287 789 ὅτι
1320 738 1383 788 ὲκ
1408 733 1657 804 Βηθλεέμ
1695 733 1840 784 ἐστιν

278 842 301 889 6
336 834 562 905 Ἰησοῦς,
591 835 640 886 εί
675 832 771 885 καὶ
801 833 857 884 ἐν
896 833 962 901 τῇ
1011 828 1274 899 Γαλιλαίᾳ
1318 824 1602 895 ἀνετράφη
1656 824 1719 874 ἐκ
1747 821 1842 890 βας

282 924 502 987 σκανίας
531 923 588 977 δὲ
619 922 695 993 μὴ
722 923 897 976 θέλειν
929 920 1213 992 ὁμολογεῖν
1236 918 1335 988 τὴν
1356 919 1419 970 ἐκ
1441 914 1687 986 Βηθλεὲμ
1718 913 1844 981 γέν-

280 1035 451 1087 νησιν,
493 1016 629 1071 ἀλλὰ
664 1015 946 1070 Γαλιλαῖον
986 1014 1149 1067 αὑτὸν
1178 1009 1627 1082 πρρσονομάζειν.
1662 1006 1845 1058 Ἔστω

274 1111 347 1174 δὲ,
371 1111 450 1162 ὅτι
494 1108 723 1178 ἠγνόουν
776 1107 940 1160 αὐτὸν
971 1106 1037 1159 ὲκ
1068 1104 1320 1174 Βηθλεὲμ
1354 1097 1495 1156 εἶναι
1518 1119 1532 1133 ο
1587 1100 1666 1164 τὸ,
1724 1117 1742 1149 ι
1781 1099 1844 1151 ὲκ

277 1204 583 1274 σπέρματος
631 1200 832 1263 Δαυῒδ,
884 1218 901 1252 ι
943 1199 1060 1263 πῶς
1088 1195 1473 1269 ἀμφέϐαλλονς
1519 1193 1590 1246 Ἦ
1624 1192 1730 1263 γάρ
1779 1191 1842 1244 οὐ

252 1293 552 1365 ,προδήλως
600 1294 664 1346 ἐκ
709 1290 872 1346 Δαυῖδ
905 1293 938 1361 ἡ
972 1292 1162 1361 Μαρία
1215 1283 1366 1343 εἷλκε
1408 1289 1470 1341 τὸ
1515 1286 1703 1355 γένοςς
1749 1285 1844 1338 Ἐκ

274 1382 459 1436 τούτου
504 1382 597 1437 οὐν
652 1383 844 1454 δῆλον,
904 1383 985 1436 ὅτι
1031 1382 1357 1453 κακούργως
1413 1380 1599 1448 ἔλεγον
1648 1376 1840 1432 ταῦτα.

282 1495 297 1524 ι
342 1474 554 1545 Σχίσμα
584 1475 639 1527 δὲ
666 1476 885 1544 ἐγένετο
909 1476 967 1527 ὲν
1005 1479 1082 1544 τῷ
1109 1473 1272 1545 ὄχλῳ,
1316 1493 1334 1525 ι
1367 1473 1468 1526 οὑκ
1502 1474 1559 1524 ἐν
1598 1473 1710 1535 τοῖς
1747 1471 1845 1541 ἄρ-

275 1583 472 1634 χουσιν.
500 1567 563 1620 Οί
595 1568 705 1638 γὰρ
728 1568 1010 1638 ἄρχοντες,
1054 1568 1183 1637 μιᾶς
1209 1563 1433 1636 γνώμης
1459 1559 1622 1634 ἦσαν,
1646 1561 1739 1616 τοῦ
1770 1560 1845 1633 μὴ

276 1658 523 1728 δέχεσθαι
554 1660 717 1712 αὑτὸν
744 1659 817 1722 ώς
844 1658 1102 1729 Χριστόν.
1286 1656 1296 1673 ⁸

348 1770 364 1800 ι
410 1750 567 1814 Τινὲς
597 1750 651 1804 δὲ
681 1751 871 1822 ἤθελον
899 1751 957 1816 ἐξ
1003 1751 1181 1804 αὐτῶν
1231 1751 1422 1804 πιάσαι
1470 1748 1674 1813 αὐτὸν,
1729 1746 1843 1801 ἀλλ’

274 1839 443 1904 οὐδεὶς
475 1840 737 1894 ἐπέϐαλεν
766 1841 851 1895 ἐπ’
884 1842 1046 1895 αὐτὸν
1078 1842 1177 1903 τὰς
1202 1843 1410 1911 χεῖρας.
1441 1834 1646 1892 Ἦλθον
1670 1832 1762 1891 οὖν
1793 1839 1841 1890 oi

274 1933 539 2002 ὑπηρέται
574 1933 712 2005 πρὸς
763 1934 888 1993 τοὺς
927 1934 1206 2005 ἀρχιερεῖς
1239 1934 1332 1985 καὶ
1359 1931 1716 2004 Φαρισαίους’
1750 1931 1844 1984 καὶ

272 2023 421 2079 εἷπον
470 2027 656 2090 αὐτοῖς
696 2028 930 2080 ἐκεῖνοι·
987 2028 1084 2080 Διά
1114 2026 1165 2080 τί
1204 2027 1304 2078 οὐκ
1355 2026 1593 2094 ἠγάγετε
1647 2024 1842 2088 αὑτόν;

284 2118 684 2189 Ἀπεκρίθησαν
710 2121 757 2172 oi
794 2120 1065 2190 ὑπηρέται
1096 2136 1109 2151 ο
1145 2118 1414 2171 Οὐδέποτε
1444 2116 1619 2179 οὐτως
1647 2114 1843 2184 ὲλάλη·

260 2225 364 2263 ίσεν
396 2210 704 2281 ἄνθρωπος,
748 2211 822 2273 ὡς
853 2207 1059 2275 οὗτοςό
1085 2209 1392 2281 ἄνθρωπος.
1441 2228 1458 2259 ι
1498 2208 1563 2261 Οἱ
1605 2206 1705 2277 μὲν
1752 2201 1845 2258 οὖν

262 2300 626 2372 μετριώτεροι
659 2303 715 2356 ἐν
747 2302 937 2374 κακίᾳ,
968 2304 1027 2356 ἐν
1056 2302 1235 2369 λόγοις
1278 2302 1460 2370 μόνοις
1498 2296 1846 2369 ἠναντιοῦντο

270 2394 335 2464 τῇ
366 2392 491 2466 δόξῃ
535 2394 630 2447 τοῦ
679 2393 953 2464 Χριστοῦ’
1008 2394 1059 2446 οἱ
1101 2394 1157 2446 δὲ
1208 2392 1701 2461 ἀναισχυντότεροι,
1752 2388 1847 2442 καὶ

262 2486 458 2556 μχεῑρας
494 2485 684 2555 ἤθελον
716 2486 943 2554 ἐπάγειν
972 2502 985 2517 ο
1017 2486 1131 2539 ἀλλ’
1179 2487 1330 2556 ὅμως
1377 2486 1628 2556 ἀοράτως
1673 2481 1844 2535 πεπέ-

272 2578 451 2647 δηντο,
478 2576 578 2646 τῆς
626 2576 776 2642 θείας
806 2579 1006 2637 αὐτοὺς
1046 2576 1380 2648 κατεχούσης
1411 2577 1726 2644 δυνάμεως·
1755 2574 1847 2628 καὶ

272 2669 390 2720 οὐδὲ
423 2669 527 2721 ὑπὸ
552 2668 739 2722 τούτου
764 2668 857 2722 τοῦ
891 2668 1165 2739 θαύματος
1197 2668 1609 2723 κατενύσσοίτο.
1640 2667 1849 2728 Ὄντως

274 2760 301 2808 6
322 2757 484 2811 Δαυῖό
514 2761 644 2829 περὶ
670 2757 874 2814 τούτων
906 2756 1026 2812 εἷπε
1051 2760 1131 2812 τό·
1170 2776 1188 2810 ι
1225 2758 1637 2829 Διεσχίσθησαν,
1666 2756 1840 2810 καὶού

265 2852 676 2921 κατενύγησαν.
714 2869 735 2905 ι
771 2851 833 2906 Οἱ
858 2850 915 2904 δὲ
946 2851 1218 2922 ὑπηρέται
1256 2851 1305 2903 οἱ
1348 2850 1656 2914 σταλέντες,
1708 2847 1847 2901 ὥστε

274 2943 503 3009 ἀγαγεῖν
538 2942 723 3007 αὐτὸν,
775 2941 976 3012 ἴδωμεν
1010 2942 1062 2995 τί
1090 2941 1482 3015 ἀποκρίνονται
1532 2942 1645 3002 τοῖς
1684 2939 1851 3009 Φαρι-

276 3033 469 3095 σαίοις,
502 3033 577 3097 ώς
607 3032 728 3088 λίαν
762 3031 1124 3103 εὐγνώμονες.
1157 3031 1221 3085 Ol
1265 3032 1363 3102 μὲν
1406 3029 1516 3101 γάρ
1565 3031 1849 3101 Φαρισαῖοι

266 3124 370 3175 -καὶ
401 3123 698 3194 σοφώτεροι
750 3121 1036 3188 δοκοῦντες
1086 3119 1248 3191 εἶναι,
1280 3124 1375 3177 καὶ
1407 3120 1630 3193 Γραφάς
1658 3122 1852 3189 ἀναγι-

274 3214 594 3281 νώσκοντες,
618 3217 712 3271 καὶ
742 3216 1001 3287 θαύματα
1028 3215 1288 3285 ὁρῶντες,
1318 3214 1555 3269 λυττῶσι
1588 3214 1731 3268 κατά
1754 3213 1848 3266 τοῦ
1876 3247 1921 3310 C

263 3309 501 3380 Κυρίου,
524 3312 619 3363 καὶ
650 3309 899 3381 ἐρωτῶσι
943 3310 1252 3382 λῃστρικῶς
1272 3325 1287 3340 θ
1326 3328 1344 3361 ι
1382 3307 1481 3361 Διά
1505 3308 1558 3360 τί
1584 3307 1683 3360 οὐκ
1713 3305 1851 3377 ἠγά-

274 3417 401 3468 γετε
420 3402 582 3455 αὐτόν
605 3418 620 3467 ;
653 3421 671 3452 ι
703 3403 771 3457 Οί
797 3402 853 3456 δὲ
880 3404 973 3456 καὶ
999 3402 1168 3473 χωρὶς
1189 3401 1431 3472 σημείων
1464 3398 1571 3453 ἀπὸ
1598 3398 1852 3457 διδασκα-

273 3494 396 3556 λίας
431 3493 598 3565 μόνης
649 3494 984 3566 ἐπείσθησαν
1009 3509 1023 3524 ·
1077 3492 1251 3556 οὑτως
1288 3488 1429 3563 ἦσαν
1462 3491 1680 3560 εὐφυεῖς
1716 3491 1852 3560 πρὸς

278 3583 341 3636 τὸ
369 3585 595 3651 ἀγαθόν.
644 3585 766 3639 Ὅτι
794 3586 848 3637 δὲ
878 3586 978 3638 οὐκ
1018 3583 1126 3638 ἀπὸ
1160 3583 1422 3655 σημείων,
1472 3581 1588 3634 ἀλλ’
1620 3580 1726 3633 ἀπὸ
1754 3580 1852 3648 τῆς

261 3675 623 3740 ’διδασκαλίας
663 3677 929 3741 ἑάλωσαν,
954 3676 983 3730 ὅ
1016 3676 1200 3747 μεῖζόν
1227 3678 1364 3741 ἐστι,
1392 3673 1547 3745 δῆλον
1580 3670 1849 3725 ἐντεῦθεν.

265 3768 352 3822 Οὐ
384 3769 492 3841 γὰρ
524 3763 697 3835 εἷπον,
729 3771 812 3824 ὅτι
838 3770 1109 3823 Οὐδέποτε
1130 3767 1302 3830 οὓτως
1328 3764 1852 3836 ὲθαυματούργησεν

270 3866 303 3915 6
332 3862 640 3933 ἄνθρωπος,
677 3863 815 3929 ἀλλ’,
854 3882 872 3915 ι
905 3861 1091 3925 Οὐτως
1135 3861 1395 3932 ἐλάλησεν
1420 3876 1432 3889 ’
1466 3878 1485 3911 ι
1514 3858 1688 3919 οὕτως
1711 3854 1853 3929 ἦσαν

278 3958 781 4029 συγκεκροτημένοι
799 3959 894 4012 καὶ
915 3958 1055 4022 ὀξεῖς
1080 3958 1158 4020 είς
1174 3956 1233 4009 τὸ
1252 3953 1658 4025 παραδέξασθαι
1686 3953 1845 4019 λόγον

281 4051 577 4120 σωτηρίας.
606 4052 727 4120 Χρὴ
766 4051 822 4103 δὲ
851 4052 912 4104 οὐ
947 4051 1107 4121 μόνον
1137 4050 1234 4120 τὴν
1266 4047 1480 4101 σύνεσιν
1510 4044 1689 4098 αὐτῶν
1721 4043 1852 4099 θαυ-

269 4145 481 4215 μάσαι,
520 4144 653 4197 ἀλλὰ
685 4145 780 4198 καὶ
805 4144 904 4216 τὴν
928 4143 1263 4216 παρρησίαν.
1294 4141 1370 4195 Οὐ
1396 4142 1503 4211 γὰρ
1534 4139 1853 4207 ὑπέπτηξαν

270 4237 368 4290 τὸν
401 4236 572 4306 θυμὸν
613 4238 721 4291 τῶν
768 4237 1108 4307 Φαρισαίων,
1150 4235 1271 4288 οὐδὲ
1303 4233 1378 4297 ὡς
1411 4232 1680 4301 ὑπηρέται
1724 4230 1856 4283 ὐπε-

279 4329 574 4400 στάλησαν,
612 4328 707 4383 καὶ
728 4328 795 4382 τὰ
822 4328 1029 4399 ἀρεστά
1051 4329 1163 4390 τοῖς
1187 4327 1447 4397 ἄρχουσιν
1469 4322 1648 4377 αὐτῶν
1676 4317 1851 4386 εἷπον,

273 4421 417 4475 ἀλλά
472 4421 806 4492 μαρτυροῦσι
849 4423 917 4491 τῇ
965 4417 1213 4490 ἀληθείᾳ.
1271 4415 1376 4481 Οὓς
1422 4416 1503 4469 δεῖ
1569 4413 1854 4484 μιμεῖσθαι

277 4515 485 4577 πάντας
509 4513 632 4578 τοὺς
659 4515 768 4575 τοῖς
800 4511 1027 4583 ἄρχουσι
1080 4512 1511 4580 παρεπομένους,
1540 4509 1632 4559 καὶ
1657 4507 1731 4577 μὴ
1755 4505 1856 4558 ὑπ-

1947 639 2085 698 scirc
2129 636 2344 703 quidem
2380 636 2519 704 quod
2551 652 2615 690 ex
2646 635 2922 690 Bethleem
2958 634 3030 689 sit
3053 629 3235 701 Jesus,
3280 634 3443 688 etiam
3469 635 3515 690 si

1949 729 2000 784 in
2031 729 2244 785 Galilaea
2276 727 2542 781 enutritus
2576 727 2758 791 fuerit,
2790 740 2898 796 pra:
2925 725 3126 780 invidia
3155 734 3331 778 tamen
3365 724 3518 781 nole-

1946 821 2073 874 bant
2125 818 2280 872 fateri
2314 817 2643 871 nativitatem
2677 831 2743 870 ex
2782 816 3079 880 Bethleem,
3111 814 3205 870 sed
3236 812 3515 869 Galilaeum

1947 907 2316 963 nominabant.
2348 906 2479 961 Esto
2531 915 2709 958 autem
2759 906 2901 974 quod
2939 903 3242 978 ignorarint
3295 918 3416 960 eum
3447 919 3516 961 ex

1946 998 2216 1053 Bethleem
2253 1011 2393 1062 esse,
2429 1006 2484 1052 at
2513 1009 2575 1050 ex
2622 997 2827 1051 semine
2877 996 3042 1051 David
3089 1010 3210 1051 esse
3248 1000 3516 1065 quomodo

1945 1087 2299 1145 dubitarunt?
2341 1094 2530 1143 Annon
2560 1084 2843 1142 manifeste
2864 1102 2929 1141 ex
2960 1087 3122 1143 David
3160 1086 3323 1143 Maria
3351 1088 3518 1142 traxit

1945 1182 2158 1252 genus?
2189 1180 2265 1235 Ex
2298 1182 2399 1236 hoc
2428 1181 2595 1251 igitur
2623 1177 2963 1234 manifestum
3003 1181 3143 1250 quod
3187 1180 3373 1236 dolose
3399 1181 3516 1236 haec

1944 1270 2215 1328 dicebant.
2252 1272 2521 1327 Dissensio
2551 1284 2729 1326 autem
2759 1268 2899 1325 facta
2926 1280 3006 1325 est
3035 1271 3087 1325 in
3119 1270 3296 1335 turba,
3327 1270 3516 1324 nonin

1947 1367 2303 1437 principibus.
2329 1365 2459 1418 Nam
2492 1365 2764 1437 principes
2793 1363 2952 1417 unius
2977 1363 3258 1419 sententiae
3274 1362 3513 1427 fuerunt,

1948 1474 2016 1512 ne
2036 1457 2403 1528 susciperetur
2442 1456 2555 1527 ipse
2587 1465 2644 1510 ut
2673 1456 2945 1512 Christus.

2026 1722 2184 1776 Vnus.
2224 1719 2293 1774 ιιι
2328 1719 2416 1774 46.
2466 1738 2485 1771 ι
2523 1717 2750 1785 Quidam
2791 1729 2970 1772 autem
3007 1733 3074 1773 ex
3108 1717 3238 1787 ipsis
3270 1715 3517 1772 volebant

1949 1812 2349 1883 apprehendere
2371 1826 2514 1874 eum,
2533 1811 2626 1863 sed
2654 1824 2813 1862 nemo
2834 1809 3061 1877 coniecit
3089 1809 3139 1861 in
3158 1824 3277 1861 eum
3302 1823 3514 1861 manus.

1877 1898 1915 1950 Β
1950 1902 2219 1959 Venerunt
2246 1916 2374 1972 ergo
2405 1899 2638 1954 ministri
2672 1898 2738 1952 ad
2771 1899 3057 1969 pontiﬁces
3086 1911 3135 1951 et
3172 1898 3514 1951 Pliar-ismos:

1947 2009 1998 2054 et
2026 2001 2276 2054 dixerunt
2307 1998 2387 2052 eis
2438 1996 2509 2049 illi
2545 1997 2762 2061 :Quare
2815 2008 2920 2046 non
2969 1992 3272 2046 adduxistis
3328 1989 3514 2047 illum?

1947 2091 2360 2158 Responderunt
2390 2087 2643 2149 ministri,
2714 2084 2996 2153 Nunquam
3042 2086 3119 2141 sic
3171 2083 3379 2140 locutus
3438 2098 3523 2140 est

1949 2183 2131 2246 homo,
2187 2181 2328 2234 sicut
2375 2179 2463 2233 hic
2514 2179 2696 2235 homo.
2748 2200 2770 2233 ι
2810 2177 2908 2247 Qui
2948 2198 3049 2233 non
3097 2191 3254 2234 tanta:
3307 2180 3523 2233 malitia:

1947 2285 2122 2338 erant,
2154 2272 2285 2326 solis
2314 2271 2654 2328 sermonibus
2685 2274 2866 2342 gloria:
2913 2272 3112 2327 Christi
3144 2282 3300 2325 erant
3333 2274 3524 2326 adver-

1946 2365 2076 2420 sarii
2113 2383 2126 2419 :
2158 2376 2213 2420 at
2243 2366 2336 2435 qui
2381 2367 2829 2433 impudentiores,
2880 2364 3040 2419 etiam
3076 2379 3264 2417 manus
3302 2363 3359 2418 in
3399 2380 3520 2416 eum

1949 2458 2175 2528 injicere
2226 2458 2481 2513 volebant
2514 2472 2528 2508 :
2564 2457 2876 2525 ligabantur
2924 2467 3103 2510 tamen
3156 2456 3521 2521 invisibiliter,

1948 2551 2234 2605 cohibente
2281 2551 2402 2604 illos
2441 2549 2624 2606 divina
2656 2551 2858 2604 virtute
2888 2568 2902 2604 :
2933 2559 2988 2604 et
3023 2564 3196 2620 neque
3227 2549 3331 2603 hoc
3359 2552 3514 2602 mira-

1949 2646 2067 2699 (ιιιξο
2096 2645 2403 2713 compuncti
2431 2654 2607 2699 erant.
2649 2644 2900 2700 Profecto
2943 2643 3106 2698 David
3138 2645 3205 2699 de
3235 2643 3318 2697 his
3341 2642 3478 2695 dixit
3504 2661 3518 2696 :

1955 2756 1974 2789 ι
2013 2737 2233 2793 Discissi
2287 2749 2435 2804 sunt,
2479 2751 2533 2794 et
2578 2754 2682 2793 non
2741 2738 3047 2804 compuncti
3091 2737 3161 2790 ⁷⁸.
3222 2754 3243 2788 ι
3288 2734 3523 2790 Ministri

1950 2841 2128 2886 autem
2166 2833 2315 2887 missi
2340 2846 2398 2885 ut
2433 2835 2607 2901 ipsum
2653 2830 3004 2897 adducerent,
3058 2830 3336 2885 videamus
3390 2828 3521 2898 quid

1953 2924 2329 2994 responderint
2380 2924 2688 2991 Pharisaeis,
2730 2926 2984 2994 quoniam
3019 2924 3174 2978 valde
3229 2924 3520 2992 sapientes.

1951 3016 2086 3073 Nam
2117 3017 2373 3073 Pharisaei
2412 3017 2501 3086 qui
2535 3027 2587 3071 et
2614 3016 2966 3086 sapientiores
3002 3015 3325 3070 videbantur
3374 3028 3500 3070 esse

1951 3121 2003 3167 et
2029 3111 2336 3182 Scripturas
2385 3110 2642 3179 legentes,
2676 3117 2730 3162 et
2760 3109 3015 3163 miracula
3043 3107 3306 3173 videntes,
3336 3107 3498 3161 saevie

1952 3206 2080 3261 bant
2102 3217 2289 3261 contra
2316 3202 2521 3270 Jesum,
2544 3214 2598 3258 et
2618 3202 3019 3272 interrogabant
3043 3201 3309 3255 latronum
3334 3213 3482 3253 more
3507 3218 3523 3253 :

1959 3318 1978 3352 ι
2016 3297 2200 3365 Quare
2231 3315 2335 3352 non
2362 3295 2661 3351 adduxistis
2683 3295 2873 3350 illum?
2899 3313 2916 3346 ι
2947 3295 3014 3347 At
3041 3292 3293 3347 illietiam
3325 3291 3528 3361 absque

1954 3392 2122 3463 signis
2155 3407 2185 3445 a
2214 3392 2328 3445 sola
2359 3391 2601 3445 doctrina
2649 3388 2891 3458 persuasi
2943 3385 3193 3440 fuerunt:
3228 3384 3300 3437 ita
3329 3385 3395 3437 ad
3427 3384 3526 3438 bo.

1956 3502 2083 3541 num
2110 3494 2266 3539 erant
2306 3483 2505 3538 idonei.
2539 3481 2693 3548 Quod
2747 3491 2926 3535 autem
2960 3493 3067 3533 non
3105 3493 3135 3531 a
3162 3478 3351 3548 sigms,
3379 3477 3470 3530 sed
3495 3493 3526 3529 a

1955 3576 2296 3633 sermonibus
2341 3572 2507 3646 614
2560 3574 2700 3642 capti
2748 3571 2968 3635 fuerint,
3014 3570 3156 3639 quod
3204 3567 3378 3637 majus
3423 3577 3528 3630 est,

1955 3669 2298 3725 manifestum
2326 3680 2410 3723 est
2441 3669 2584 3721 inde.
2614 3664 2728 3719 Non
2758 3666 2899 3719 enim
2933 3663 3184 3718 dixerunt
3210 3679 3223 3715 :
3245 3659 3526 3728 Nunquam

1957 3762 2061 3817 tale
2085 3763 2404 3815 miraculum
2432 3759 2772 3823 fecithomo;
2808 3757 2923 3819 sed,
2964 3774 2983 3807 ι
3013 3754 3103 3808 Sic
3125 3754 3335 3807 lor-ntus
3353 3760 3432 3805 est
3459 3766 3472 3801 :
3500 3769 3519 3800 ι

1957 3854 2028 3909 ita
2060 3851 2347 3920 compositi
2374 3862 2426 3905 et
2458 3851 2662 3904 alacres
2683 3846 2839 3903 erant
2866 3848 2930 3900 ad
2961 3844 3357 3913 suscipiendum
3394 3857 3517 3895 ver-

1956 3948 2082 4000 bum
2121 3944 2379 3999 salutare.
2407 3942 2633 4010 Oportet
2664 3952 2842 3994 autem
2877 3954 2979 3992 non
3007 3939 3177 3992 solum
3207 3935 3526 4004 sapientiam

1958 4037 2172 4092 illorum
2227 4027 2506 4097 admirari,
2555 4032 2647 4085 sed
2682 4042 2734 4085 et
2768 4031 3096 4084 libertatem.
3152 4024 3335 4095 Neque
3384 4025 3526 4078 enim

1956 4137 2289 4182 curaverunt
2324 4141 2459 4178 iram
2485 4123 2901 4185 Pbarismurutu,
2935 4134 3106 4188 neque
3140 4118 3262 4185 quia
3297 4125 3354 4169 ut
3387 4117 3528 4169 servi

1958 4218 2107 4274 missi
2142 4216 2375 4283 fuerant,
2417 4230 2535 4284 quae
2568 4214 2761 4283 placita
2807 4219 2964 4265 erant
3002 4209 3349 4279 principibus,
3382 4209 3530 4261 dixe-

1958 4321 2108 4375 runt,
2158 4310 2251 4365 sed
2295 4309 2651 4374 testabantur
2683 4304 2915 4359 veritati.
2949 4300 3059 4356 llos
3093 4315 3282 4382 omnes
3330 4300 3530 4368 princi-

1960 4420 2086 4475 pum
2117 4402 2397 4457 ministros
2434 4398 2636 4453 imitari
2666 4396 2970 4466 Oportebat,
3002 4405 3055 4449 et
3086 4409 3189 4447 non
3224 4393 3444 4448 obedire
3477 4392 3528 4461 in

1961 4496 2045 4551 his
2070 4509 2187 4565 quae
2214 4496 2322 4549 Deo
2344 4501 2471 4549 sunt
2500 4491 2745 4556 adversa,
2779 4488 2917 4543 sicut
2940 4496 2994 4541 et
3025 4486 3170 4541 Sauli
3195 4500 3299 4540 non
3321 4484 3531 4539 obtem-

268 4606 500 4660 ακούειν
530 4607 711 4667 αὐτοῖς
737 4603 822 4673 ἐφ’
840 4598 920 4666 οἷς
943 4603 1008 4656 ἂν
1031 4601 1231 4664 ἀδίκως
1257 4599 1639 4670 προστάξαιενο
1670 4596 1849 4667 ὥσπερ

1960 4597 2206 4658 peratum
2244 4595 2349 4651 est,
2379 4599 2502 4639 cum
2553 4580 2854 4637 astantibus
2904 4579 3227 4646 imperasset
3256 4586 3313 4631 ut
3343 4586 3530 4630 contra

276 4698 377 4749 καὶ
405 4697 497 4749 ἐπὶ
524 4695 620 4749 τοῦ
652 4695 825 4749 Σαοὺλ
856 4696 1072 4763 γέγονε.
1106 4694 1216 4747 Καὶ
1250 4690 1358 4760 γὰρ
1394 4689 1583 4741 τούτου
1612 4686 1851 4756 προστά-

272 4789 471 4854 ξαντος
498 4789 621 4852 τοὺς
649 4789 815 4859 ἱερεῖς
845 4785 941 4841 τοῦ
971 4783 1462 4856 Θεοῠλπαρανόμως
1479 4777 1852 4850 ἀναιρεθῆναι,

272 4884 327 4934 οἱ
356 4879 705 4951 παρεστῶτες
736 4877 885 4947 αὐτῷ
913 4876 1135 4947 ποιῆσαι
1166 4876 1264 4929 οὐκ
1300 4871 1649 4941 ἐπείσθησαν.

357 4993 378 5025 ι
432 4969 832 5042 Ἀπεκρίθησαν
859 4968 1177 5030 οὐν-αὐτοῖς
1204 4968 1254 5020 οἱ
1277 4969 1592 5038 Φαρισαῖοι·
1634 4964 1727 5035 Μὴ
1762 4962 1853 5017 καὶ

275 5067 441 5135 ὑμεῖς
465 5062 841 5134 πεπλάνησθες
866 5062 956 5132 Μή
984 5078 1067 5124 τις
1088 5062 1152 5114 ἐκ
1177 5059 1285 5113 τῶν
1303 5059 1579 5130 ἀρχόντων
1608 5055 1858 5109 ἐπίστευε

278 5174 377 5211 σεν
423 5158 501 5219 είς
554 5156 736 5217 αὐτὸν,
769 5154 802 5223 ἢ
839 5155 900 5207 ἐκ
934 5153 1042 5205 τῶν
1080 5153 1424 5221 Φαρισαίων;
1466 5148 1606 5205 Ἀλλ’
1642 5152 1669 5203 ὁ
1704 5148 1862 5219 ὄχλος

275 5246 439 5311 οὗτος
469 5251 496 5301 6
527 5248 602 5318 μὴ
630 5246 915 5315 γινώσκων
940 5245 1032 5297 τὸν
1061 5243 1248 5314 νόμον,
1284 5241 1674 5312 ὲπικατάρατοί
1701 5241 1858 5293 εἰσιν.

275 5342 448 5409 Λέγει
475 5339 786 5409 Νικόδημος
815 5335 951 5405 πρὸς
989 5334 1208 5399 αὐτοὺς,
1238 5335 1267 5388 6
1294 5331 1465 5386 ἐλθὼν
1495 5332 1690 5393 νυκτὸς
1725 5330 1864 5400 πρὸς

271 5431 467 5494 αὑτὸν,
488 5425 567 5493 εἷς
585 5429 660 5481 ὢν
683 5428 744 5492 ἐξ
768 5426 948 5481 αὐτῶν
969 5438 986 5455 ⁸
1007 5425 1100 5495 Μὴ
1129 5424 1157 5495 ὁ
1178 5424 1342 5492 νόμος
1372 5421 1531 5493 ἡμῶν
1554 5419 1729 5491 κρίνει
1764 5420 1858 5473 τὸν

274 5522 586 5592 ἁνθρωπον,
615 5519 708 5601 ἑάν
742 5518 817 5588 μὴ
844 5515 1050 5586 ἀκούσῃ
1083 5514 1212 5585 παρ’
1245 5510 1411 5564 αὐτοῦ
1456 5510 1742 5581 πρότερον,
1767 5508 1861 5561 καὶ

276 5615 398 5687 γνῷ
420 5617 472 5668 τί
500 5615 679 5679 ποιεῖ;
725 5631 743 5663 ι
776 5612 933 5675 Τίνος
958 5610 1144 5662 ἕνεκεν
1176 5608 1287 5669 τοῖς
1316 5605 1617 5675 ὑπηρέταις
1641 5602 1741 5655 οὐκ
1764 5603 1856 5672 ὀρ-

274 5709 470 5778 γίλως,
487 5706 623 5760 ἀλλὰ
645 5705 836 5775 πράως
862 5701 1263 5774 προσφέρονται
1288 5698 1337 5751 oi
1353 5697 1658 5778 Φαρισαῖοι,
1681 5694 1857 5763 ἠπίως

356 5889 403 5919 ⁷⁰
432 5887 577 5944 Psal.
612 5904 792 5951 xxxiv,
838 5885 925 5940 16.
1002 5883 1043 5919 ⁷⁸
1076 5882 1095 5937 l
1137 5881 1266 5952 Reg.
1298 5892 1433 5946 xxu,
1468 5874 1549 5929 l6.

1963 4684 2131 4751 legem
2164 4678 2470 4735 sacerdotes
2504 4675 2596 4730 Dei
2627 4673 3067 4729 interimerentur
3091 4670 3158 4724 τ’.

2037 4944 2198 4999 Vens.
2233 4941 2423 4997 47-51.
2465 4957 2485 4991 ι
2525 4937 2938 5007 Responderunt
2962 4949 3089 5004 ergo
3125 4934 3204 4989 eis
3233 4933 3527 4988 Pharisaei:

1963 5040 2099 5095 Num
2132 5050 2187 5092 et
2210 5052 2305 5091 vos
2339 5033 2544 5090 seducti
2574 5031 2706 5086 estis
2729 5030 2751 5082 ’ξ
2778 5028 2912 5083 Νιιιιι
2941 5029 3062 5098 quis
3099 5041 3174 5081 ex.
3196 5024 3531 5095 principibus

1961 5133 2189 5190 credidit
2226 5134 2278 5185 in
2312 5143 2457 5192 eum,
2492 5135 2588 5180 aut
2624 5139 2688 5179 ex
2720 5120 3049 5177 Pbarisaeis‘l
3081 5120 3186 5174 Sed
3235 5118 3389 5172 turba
3420 5121 3532 5173 haec

1959 5241 2079 5298 qua:
2101 5239 2209 5279 non
2235 5223 2382 5276 novit
2410 5220 2605 5290 legem,
2641 5213 3003 5271 exsecrabiles
3033 5219 3179 5266 sunt.
3208 5210 3347 5264 Dicit
3372 5207 3532 5263 Nico-

1959 5320 2151 5376 demus
2185 5315 2250 5370 ad
2294 5328 2410 5379 eos,
2462 5312 2509 5365 is
2542 5309 2633 5379 qui
2684 5315 2845 5362 nocte
2892 5313 3113 5358 venerat
3143 5302 3210 5358 ad
3238 5317 3382 5368 eum,
3439 5302 3531 5371 qui

1961 5424 2101 5465 unus
2129 5416 2246 5462 erat
2274 5405 2340 5461 de
2367 5415 2591 5458 numero
2618 5412 2802 5454 eorum
2835 5415 2848 5450 :
2877 5393 3014 5449 Num
3049 5393 3133 5447 lex
3170 5401 3355 5447 nostra
3382 5391 3531 5459 judi-

1962 5511 2051 5559 cat
2085 5499 2378 5558 hominem,
2410 5493 2511 5548 nisi
2545 5491 2696 5562 prius
2735 5486 2965 5541 audierit
2991 5485 3059 5539 ab
3089 5484 3224 5553 ipso,
3251 5491 3304 5537 et
3329 5493 3530 5549 cogno-

1968 5595 2109 5651 verit
2135 5589 2264 5663 quid
2292 5585 2485 5642 faciat?
2520 5602 2539 5636 ι
2571 5584 2741 5650 Quam
2774 5580 2843 5635 ob
2871 5592 3090 5634 causam
3132 5572 3392 5629 ministris
3426 5584 3530 5623 non

1970 5662 2247 5751 iracunde,
2278 5678 2373 5737 sed
2401 5682 2679 5733 mansuete
2700 5672 2993 5743 loquuntur
3018 5665 3298 5731 Pharisaei,
3324 5662 3533 5735 placide
