4086 6178
337 315 408 367 23
1378 299 1432 355 S.
1479 293 1738 353 ADONIS
1780 286 2217 350 ARCHIEPISC.
2262 283 2698 343 VIENNENSIS.
3667 287 3738 344 ει

339 407 3741 461 W

933 587 1059 702 S.
1161 576 1894 696 ADONIS
1989 568 3160 682 VIENNENSIS

1469 811 2609 957 CHRONICON

1330 1076 1430 1161 ΙΝ
1486 1071 1896 1160 ίΕΤΑΤΕδ
1971 1069 2165 1156 SEX
2231 1065 2647 1152 DIVISUM
2705 1078 2737 1110 ’⁵

1926 1263 2164 1323 ΝΕΜΡΕ

338 1431 386 1492 Ι.
433 1431 531 1494 Ab
571 1431 814 1510 origine
860 1429 1076 1492 mundi
1125 1444 1327 1508 usque
1378 1424 1458 1486 ad
1518 1423 1846 1483 diluvium.
1905 1451 1985 1463 —
2033 1415 2107 1478 II.
2155 1415 2212 1476 Α
2261 1415 2493 1480 diluvio
2537 1415 2615 1476 ad
2659 1413 2999 1478 Abrahami
3046 1419 3454 1482 nativitatem.
3506 1457 3582 1468 --
3631 1424 3737 1490 ΙΙΙ.

417 1529 518 1590 Ab
546 1529 862 1589 Abraham
894 1529 972 1588 ad
1002 1525 1203 1587 David
1232 1540 1466 1602 usque.
1516 1555 1591 1565 --
1638 1519 1746 1581 IV.
1796 1517 1854 1578 Α
1899 1513 2159 1576 Davidis
2196 1531 2392 1591 regno
2437 1512 2516 1574 ad
2559 1513 3174 1593 transmigrationem
3218 1517 3629 1584 Hebraeorum
3675 1524 3737 1585 in

418 1627 849 1706 Babyloniam.
883 1659 962 1670 —
989 1612 1070 1686 V.
1102 1623 1199 1684 Ab
1231 1622 1450 1684 eadem
1501 1613 2046 1696 transmigratione
2095 1612 2174 1673 ad
2218 1609 2536 1674 Christum
2585 1612 2986 1676 Servatorem
3021 1621 3332 1680 nostrum.
3383 1653 3464 1665 —
3524 1618 3632 1682 VI.
3681 1622 3737 1688 Α

419 1725 671 1788 Christo
699 1723 780 1786 ad
807 1723 1022 1786 mundi
1050 1721 1261 1786 finem.

1554 1815 1633 1865 Ex
1663 1810 1797 1862 Bibl.
1835 1807 1974 1860 Patr.
2007 1820 2168 1868 max”
2195 1809 2322 1856 tom.
2357 1806 2510 1869 XVI.)

1702 2064 1984 2152 [ETAS
2047 2061 2363 2146 PRIMA

1294 2257 1378 2320 ΑΒ
1443 2253 1704 2312 ORIGINE
1771 2247 1971 2304 MUNDI
2038 2245 2244 2310 usque
2309 2247 2396 2299 se
2461 2247 2766 2304 mwku

409 2494 626 2548 Breves
657 2497 985 2563 temporum
1011 2503 1114 2560 per
1142 2483 1626 2557 generationeset
1642 2491 1838 2548 regna,
1873 2473 1982 2548 pri—
2008 2471 2064 2532 A
2095 2469 2445 2563 dormientis
2484 2479 2729 2532 matrem
2767 2477 3020 2534 omnium
3055 2479 3373 2538 viventium
3405 2482 3578 2544 Evam
3610 2497 3738 2560 pro-

340 2595 470 2637 mus
511 2594 584 2635 ex
623 2579 848 2636 nostris
886 2576 1075 2634 Julius
1117 2575 1426 2632 Africanus
1473 2571 1583 2628 sub
1630 2568 1985 2639 imperatore

338 2670 422 2724 Ma
433 2683 534 2724 reo
554 2665 790 2724 Aurelio
812 2664 1104 2722 Antonino
1123 2661 1409 2734 simplicis
1429 2657 1694 2716 historiae
1717 2651 1870 2726 style
1889 2649 1986 2706 eli-

340 2755 483 2812 cuit.
519 2754 738 2810 Deinde
775 2751 1066 2809 Eusebius
1107 2747 1508 2817 Cmsariensis,
1550 2750 1724 2816 atque
1765 2745 1986 2800 sanctas

343 2843 639 2900 memoriae
670 2842 1057 2913 Hieronymus
1085 2839 1418 2911 presbyter,
1452 2833 1863 2894 chronicorum
1893 2832 1988 2886 Ca-

341 2943 557 2986 nonum
581 2929 973 3002 multiplicum
997 2927 1310 2984 ediderunt
1337 2923 1666 2992 historiam,
1694 2919 1890 2990 regnis
1918 2918 1990 2975 si-

341 3016 458 3074 mul
472 3031 539 3073 ac
555 3016 920 3090 temporibus
935 3015 1242 3086 digestam.
1262 3014 1404 3068 Post
1423 3013 1532 3067 hos
1550 3009 1650 3066 alii
1672 3013 1848 3079 atque
1861 3005 1982 3076 alii,

345 3106 498 3162 inter
539 3121 688 3176 quos
729 3103 1023 3178 praecipue
1064 3103 1286 3171 Victor,
1316 3097 1670 3156 Turonensis
1706 3095 1988 3152 Ecclesiae

341 3193 685 3265 episeOpus,
717 3191 1031 3252 recensitis
1057 3188 1472 3261 praedictorum
1495 3185 1786 3254 historiis,
1821 3187 1987 3253 gesta

350 3269 721 3351 sequentium
757 3283 996 3335 mtatum
1029 3290 1216 3348 usque
1253 3275 1326 3331 ad
1363 3273 1736 3331 consulatum
1773 3270 1988 3329 Justini

341 3368 596 3442 junioris
627 3366 904 3440 explevit.
940 3367 1154 3424 Horum
1186 3380 1294 3422 nos
1324 3369 1650 3438 temporum
1685 3375 1987 3432 summam,

342 3458 417 3513 ab
445 3457 691 3515 exordio
719 3455 917 3514 mundi
939 3469 1122 3526 usque
1141 3454 1212 3510 ad
1235 3451 1610 3526 imperatoris
1640 3449 1896 3506 Lotharii
1923 3463 1990 3504 ac

345 3544 624 3602 Ludovici
653 3543 853 3603 fratris
887 3544 1035 3614 ejus,
1068 3557 1136 3600 ac
1165 3540 1440 3600 Ludovici
1471 3544 1531 3598 et
1570 3538 1759 3596 Caroli
1791 3550 1990 3608 regum

353 3632 768 3704 principatum,
784 3635 997 3702 quanta
1014 3629 1312 3702 potuimus
1325 3627 1616 3684 brevitate
1636 3625 1988 3694 notavimus,

351 3720 678 3790 adjiccntes
716 3734 748 3776 e
786 3719 972 3775 latere
1022 3716 1473 3776 descendentem
1517 3715 1727 3772 lineam
1777 3719 1995 3785 tempo-

2096 2559 2308 2618 duxit:
2351 2562 2450 2634 qui
2494 2577 2668 2636 nunc,
2712 2569 2990 2636 quantum
3030 2567 3313 2624 credibile
3350 2569 3604 2642 videtur,
3646 2571 3735 2628 de-

2095 2648 2283 2706 cimus
2314 2649 2700 2710 Kalendarum
2731 2653 3015 2726 Aprilium
3045 2654 3172 2713 dies
3201 2657 3550 2729 appellatur.
3576 2661 3735 2718 Unde

2097 2737 2308 2793 merito
2344 2739 2628 2812 creditur,
2663 2741 2712 2797 si
2762 2756 2875 2798 non
2924 2743 3122 2799 verior
3166 2745 3458 2802 sententia
3502 2747 3731 2820 vicerit,

2096 2825 2302 2884 eodem
2331 2826 2558 2884 decimo
2581 2827 2966 2888 Kalendarum
2996 2830 3278 2904 Aprilium
3302 2832 3417 2906 die,
3433 2835 3734 2894 Dominum

2098 2912 2282 2971 fuisse
2301 2916 2666 2974 crucifixum.
2691 2917 2932 2976 Dicebat
2962 2918 3116 2978 enim
3146 2934 3258 2978 una
3284 2921 3600 2993 eademque
3619 2937 3732 2980 non
3787 2945 3808 2953 ~

2097 3000 2287 3058 solum
2326 3003 2728 3076 hebdomadis,
2772 3007 2876 3063 sed
2914 3013 2976 3063 et
3011 3009 3229 3068 mensis
3267 3008 3382 3080 die,
3413 3009 3730 3067 secundum

2099 3088 2279 3144 Adam
2329 3105 2434 3162 pro
2479 3093 2714 3162 generis
2761 3094 2993 3150 humani
3041 3095 3232 3155 salute
3277 3096 3506 3153 vivitlea
3544 3104 3733 3153 morte

2099 3176 2377 3247 sepitum,
2412 3177 2483 3236 de
2511 3179 2818 3252 productis
2851 3195 2884 3238 e
2912 3180 3097 3240 latere
3128 3197 3234 3240 suo
3273 3183 3616 3242 coelestibus
3653 3199 3737 3243 sa-

2098 3264 2417 3326 cramentis
2464 3281 2740 3338 sponsam
2787 3269 2900 3326 sibi
2951 3270 3276 3332 Ecclesiam
3318 3272 3732 3332 sanctiﬁcare:

2099 3367 2214 3423 quo
2254 3352 2532 3410 videlicet
2573 3355 2668 3414 die
2704 3358 2954 3429 primum
2999 3359 3180 3421 Adam
3228 3361 3462 3418 humani
3502 3362 3737 3431 generis

2098 3445 2324 3513 patrem
2377 3442 2503 3515 ipse
2549 3451 2884 3515 creaverat;
2933 3447 3103 3519 eique
3153 3449 3224 3509 de
3284 3449 3469 3506 latere
3511 3454 3737 3506 costam

2100 3530 2337 3606 tollens,
2398 3533 2699 3592 mulierem
2758 3535 3172 3612 mdiﬂcaverat,
3223 3539 3393 3612 cujus
3444 3539 3739 3616 adjutorio

2095 3632 2282 3687 genus
2311 3621 2621 3684 humanum
2652 3631 3023 3697 propagaret.

2177 3709 2263 3780 [Α.
2307 3709 2375 3765 II.
2411 3710 2536 3782 130]
2581 3711 2762 3766 Adam
2793 3726 3076 3771 annorum
3109 3721 3343 3773 centum
3377 3716 3619 3788 triginta
3649 3733 3739 3788 ge-

353 3807 530 3877 rum”,
551 3808 721 3878 cujus
745 3806 962 3862 indicio
977 3819 1196 3862 summa
1219 3803 1503 3876 praeteriti
1527 3801 1728 3860 saeculi
1749 3813 1990 3873 cognos-
2016 3820 2072 3880 Β
2100 3797 2228 3854 nuit
2253 3799 2410 3870 Seth,
2443 3800 2538 3855 cui
2564 3801 2892 3872 supervixit
2921 3802 3088 3859 annis
3119 3805 3499 3874 octingentis.
3526 3807 3737 3866 Verum

348 3899 542 3952 catur.
569 3895 842 3962 Quasdam
865 3895 1041 3950 etiam
1071 3908 1144 3950 ex
1176 3893 1388 3949 divinis
1419 3891 1588 3947 libris
1617 3889 1689 3946 ad
1716 3889 1992 3946 eruditio-

347 3997 479 4038 nem
508 3982 852 4052 legentium,
887 3982 986 4038 ubi
1027 3986 1420 4053 Opportunum
1462 3978 1754 4048 duximus,
1789 3977 1996 4050 subno-

358 4074 576 4138 tantes,
609 4074 674 4125 ut
703 4083 777 4124 ex
807 4068 971 4124 brevi
998 4067 1188 4123 lector
1215 4065 1380 4138 plura
1401 4065 1682 4135 colligere
1711 4063 1919 4136 possit.

421 4158 534 4212 Sex
547 4156 755 4212 diebus
771 4170 965 4212 rerum
977 4159 1310 4212 creaturam
1324 4157 1477 4212 Deus
1491 4153 1781 4210 formavit.
1801 4152 1994 4208 Primo

357 4244 452 4300 die
501 4243 766 4300 condidit
810 4243 1018 4301 lucem.
1065 4244 1352 4314 Secundo,
1390 4243 1813 4298 firmamentum
1859 4239 1994 4296 coeli

355 4331 546 4386 medio
578 4331 834 4387 libravit.
855 4344 1156 4402 aquarum,
1184 4330 1328 4403 ipsis
1360 4330 1528 4401 aquis
1577 4343 1644 4385 ac
1684 4333 1839 4384 terra
1863 4343 1995 4384 cum

351 4419 503 4474 coelo
522 4419 834 4490 superiore
858 4433 926 4476 ac
945 4419 1290 4490 virtutibus,
1307 4433 1434 4490 quze
1453 4418 1510 4473 in
1533 4431 1600 4474 ea
1623 4417 1995 4474 Conditorem

351 4505 682 4576 laudarent,
701 4511 835 4562 ante
860 4507 1066 4563 horum
1081 4521 1184 4563 sex
1199 4505 1422 4562 dierum
1436 4506 1740 4562 exordium
1754 4504 1991 4561 creatis.

350 4593 574 4662 Tertio,
599 4594 976 4662 congregatis
997 4583 1062 4649 in
1093 4608 1261 4650 suum
1282 4592 1474 4650 locum
1497 4594 1686 4665 aquis,
1713 4609 1840 4664 quae
1866 4607 2000 4649 cun-

356 4685 456 4735 cta
496 4683 900 4750 contexerant,
940 4681 1160 4736 aridam
1195 4681 1379 4751 jussit
1415 4695 1717 4754 apparere.
1753 4681 1994 4751 Quarto,

353 4767 550 4823 sidera
599 4767 654 4822 in
696 4767 1058 4824 ﬁrmamento
1094 4768 1227 4824 θα)Ιὶ
1265 4770 1484 4842 posuit,
1520 4769 1617 4840 qui
1649 4784 1800 4836 nunc
1829 4785 1999 4842 quan-

356 4860 478 4910 tum
525 4854 910 4924 conjunctura
953 4855 1290 4926 aequinoctii
1325 4856 1646 4928 colligitur,
1686 4873 1765 4913 xu
1803 4856 2000 4913 Kalen-

363 4941 566 4998 darum
597 4941 882 5014 Aprilium
903 4947 1167 4998 vocatur.
1201 4943 1436 5013 Quinto,
1458 4945 1721 5000 natatilia
1753 4950 1811 5001 et
1847 4946 2000 5001 vola-

362 5027 486 5082 tilia
517 5031 830 5086 animantia
857 5029 1102 5086 crcavit.
1138 5032 1334 5100 Sexto,
1367 5032 1634 5088 animalia
1668 5035 1994 5105 terrestria,

358 5116 418 5167 et
451 5112 637 5184 ipsum
667 5117 958 5174 hominem
987 5116 1166 5174 Adam
1193 5117 1462 5175 formavit
1488 5139 1501 5176 :
1527 5120 1598 5177 de
1623 5123 1792 5194 cujus
1814 5121 1997 5178 latere

425 5321 464 5392 α,
483 5311 628 5392 Ade,
645 5314 1525 5392 Viennensisarchiepiscopus,
1556 5321 1696 5392 vita,
1729 5322 1993 5379 moribus

354 5387 413 5470 et
426 5382 701 5470 doctripa
715 5382 1426 5470 celeberrimus,‘scripsi't
1448 5382 1908 5470 Commentarios
1923 5393 1994 5470 de

357 5466 463 5530 sex
476 5453 671 5508 mundi
687 5454 982 5530 aetatibus,
1001 5473 1102 5514 seu
1119 5453 1444 5530 Chronicon
1459 5462 1532 5515 ab
1553 5461 1778 5530 origine
1799 5463 1992 5517 mundi

357 5522 429 5604 ad
459 5536 563 5577 sua
588 5537 773 5593 usque
806 5528 1091 5604 tempora,
1117 5528 1174 5583 id
1205 5535 1296 5585 est
1327 5522 1678 5604 adgrcgnumv
1697 5531 1991 5604 Ludovici,

358 5593 708 5648 Francorum
756 5593 942 5662 regis,
972 5593 1359 5663 cognomento
1401 5593 1582 5656 Balbi.
1624 5602 1806 5656 Porro
1847 5593 1994 5656 idem

365 5663 488 5742 Ade
519 5663 739 5742 obii_s_se
779 5665 1121 5742 perhibetur
1157 5681 1306 5723 anno
1343 5673 1493 5742 874;
1528 5685 1708 5740 quare
1749 5672 1906 5742 quod
1940 5672 1994 5727 in

361 5732 564 5790 eodem
589 5732 900 5793 .Chronico
931 5736 1169 5794 additur
1196 5752 1380 5811 usque
1411 5740 1482 5797 ad
1513 5732 1724 5798 ahnum
1767 5732 1890 5812 879,
1925 5743 1996 5796 ab

2027 5163 2078 5226 C

2107 3886 2484 3958 Septuaginta
2514 3887 2876 3960 lntcrpretes
2897 3896 3030 3946 ante
3042 3895 3240 3948 natum
3264 3893 3398 3948 Seth
3414 3899 3739 3964 posuerunt

2105 3990 2288 4030 annos
2315 3975 2603 4033 ducentos
2631 3982 2692 4034 et
2729 3979 3001 4049 triginta;
3033 3985 3259 4052 postea,
3305 3980 3730 4052 septingentos.

2107 4063 2244 4118 Seth
2264 4062 3050 4136 interpretaturremrectio,
3065 4067 3199 4136 quia
3223 4067 3278 4122 in
3299 4080 3368 4122 eo
3392 4067 3737 4124 ressuscita-

2105 4157 2228 4209 tum
2250 4157 2346 4209 est
2371 4156 2822 4226 semenjustum,
2839 4154 3099 4225 quodest
3125 4153 3332 4226 stirpis
3345 4152 3734 4227 filiorumDei,

2106 4248 2165 4298 et
2195 4242 2331 4312 quia
2363 4242 2718 4314 signiﬁcavit
2748 4241 3241 4298 resurrectionem
3274 4242 3490 4300 Christi
3522 4256 3554 4298 a
3596 4257 3739 4298 mor-

2108 4329 2265 4385 tuis:
2297 4331 2468 4401 cujus
2511 4335 2756 4386 mortem
2806 4328 3024 4385 illatam
3055 4343 3088 4385 a
3133 4329 3354 4388 Iudaeis
3389 4331 3740 4400 significavit

2108 4415 2272 4487 Abel,
2306 4418 2406 4488 qui
2434 4419 2654 4475 dicitur
2696 4417 2898 4490 luctus,
2929 4432 2961 4474 a
3004 4419 3185 4475 fratre
3216 4419 3350 4475 Cain
3373 4418 3628 4476 occisus.

2186 4504 2329 4575 [235]
2351 4507 2488 4562 Seth
2501 4520 2784 4564 annorum
2807 4511 3039 4564 centum
3057 4505 3311 4576 quinque
3330 4505 3534 4574 genuit
3552 4507 3739 4573 Enos;

2107 4591 2201 4648 cui
2221 4594 2548 4664 supervixit
2569 4595 2738 4651 annis
2754 4593 3110 4662 octingentis
3133 4596 3377 4664 septem.
3403 4593 3588 4650 Porro
3611 4596 3742 4666 Sep-

2109 4680 2369 4751 tuaginta
2402 4687 2535 4738 ante
2565 4687 2760 4737 natum
2783 4681 2935 4735 Enos
2965 4693 3149 4735 annos
3171 4679 3457 4737 ducentos
3485 4681 3741 4752 quinque

2108 4782 2381 4842 posuere,
2413 4773 2638 4840 postea,
2672 4765 3079 4838 septingentos
3111 4773 3356 4839 septem.
3391 4769 3546 4825 Enos
3568 4769 3741 4824 inter-

2109 4859 2376 4926 pretatur
2402 4854 2572 4922 Immo,
2597 4853 2668 4908 de
2691 4866 2805 4922 quo
2829 4851 3216 4910 benedicitur.
3236 4855 3355 4911 Iste
3383 4856 3563 4928 ccepit
3588 4856 3742 4913 invo-

2107 4955 2242 4998 care
2272 4955 2478 4996 nomen
2522 4939 2768 5010 Domini,
2803 4941 2936 5010 quia
2976 4940 3271 4998 hominum
3309 4947 3403 4998 est
3439 4945 3738 5016 proprium

2109 5034 2192 5098 ut,
2227 5044 2347 5085 sua:
2374 5027 2732 5084 conditionis
2763 5042 3070 5100 memores,
3105 5029 3377 5086 invocent
3407 5031 3738 5088 Conditoris

2107 5115 2407 5185 auxilium,
2446 5120 2510 5171 ut
2543 5114 2645 5171 filii
2669 5116 3124 5174 resurrectionis
3151 5132 3286 5175 esse
3319 5117 3609 5176 laetentur.

2104 5321 2301 5392 aliquo
2331 5319 2446 5392 alio
2473 5319 2708 5376 videtur
2734 5319 3093 5392 adjunctum.

2175 5390 2493 5462 Dolendum
2521 5397 2613 5446 est
2644 5397 2838 5447 autem
2865 5391 3020 5462 quod
3052 5391 3210 5448 istud
3245 5393 3570 5450 Chronicon
3602 5391 3742 5448 mul-

2105 5461 2184 5517 tis
2206 5461 2437 5532 mendis
2469 5466 2718 5531 scateat,
2752 5475 2881 5532 qua:
2909 5462 3143 5519 defectu
3175 5477 3282 5519 ms.
3315 5463 3583 5520 codicum
3613 5477 3740 5518 cor-

2108 5531 2217 5602 rigi
2241 5546 2353 5586 non
2371 5536 2706 5602 potuerunt.

2176 5601 2725 5673 bllas’temporum
2780 5607 2972 5673 notas,
3026 5604 3180 5660 inter
3234 5618 3418 5661 uncos
3483 5603 3740 5662 inclusas

2108 5672 2295 5728 textui
2329 5672 2718 5744 prcmiSimus.
2746 5672 2897 5726 Edit.
