4086 6178
366 306 441 357 23
1546 296 1973 355 ΟΠΒΟΝΙΟΟΝ.
2016 330 2021 337 ε

2137 301 2319 355 ETAS
2358 301 2597 356 PRIMA.
3704 316 3772 368 26

449 450 597 522 [ηδ’
624 450 781 505 Enos
809 463 957 503 anno
988 447 1366 518 nonagesimo
1397 448 1599 517 genuit
1631 448 1885 517 minam,
1920 449 2014 503 cui
2044 421 2099 480 A
2130 421 2284 519 vium
2308 423 2521 478 factum
2542 428 2655 522 est,
2676 428 2851 494 atque
2872 424 2951 479 ita
2975 423 3592 522 iitutnongentesimo
3612 447 3772 491 sexa-

367 539 703 610 supervixit
752 552 934 593 annos
968 537 1342 606 octingentos
1388 536 1739 607 quindecim.
1786 539 2020 610 Septua-

363 629 529 695 ginta
562 631 927 705 ante’natum
949 626 1180 681 Cainam
1202 630 1437 681 centum
1465 625 1779 695 nonaginta
1812 639 2015 696 annos,

364 721 578 786 postea
626 714 1033 786 septingentos
1083 714 1360 785 quinque,
1397 727 1681 786 posuere.-
1704 713 1880 786 Cujus
1927 729 2021 775 no-

364 817 499 857 men
537 804 964 874 interpretatur
990 807 1196 858 natura
1216 802 1339 858 Dei.

440 894 595 963 (395)
628 891 858 947 Cainam
896 905 1179 947 annorum
1213 892 1584 963 septuaginta
1624 891 1830 960 genuit
1859 887 2021 946 Mala-

364 980 513 1047 leel;
539 984 677 1052 post
695 980 866 1049 cujus
890 979 1239 1035 ortumvixit
1276 993 1457 1035 annos
1485 979 1860 1047 octingentos
1891 993 2022 1049 qua-

369 1069 660 1139 draginta.
688 1069 1069 1141 Septuaginta
1094 1072 1229 1124 ante
1257 1072 1456 1123 natum
1480 1067 1760 1138 Malaleel,
1786 1073 2020 1123 centum

372 1158 789 1230 septuaginta;
842 1162 1048 1229 postea
1100 1155 1301 1211 dixere
1343 1155 1750 1227 septingentos
1782 1156 2024 1227 quadra-

367 1247 552 1314 ginta.
609 1246 718 1314 Qui
770 1246 1215 1319 interpretatur,
1246 1244 1385 1314 Quis
1418 1250 1499 1301 est
1535 1244 1815 1303 Dominus
1848 1245 2020 1314 Deus,
2071 1287 2091 1300 .

368 1334 466 1391 vel
498 1353 570 1392 ea:
592 1337 707 1391 vita
726 1335 897 1392 Deus.

442 1426 598 1495 (460)
646 1424 905 1480 Malaleel
948 1438 1097 1480 anno
1154 1423 1523 1491 sexagesimo
1567 1423 1771 1495 quinto
1817 1423 2020 1494 genuit

370 1513 578 1582 Jared,
625 1513 717 1569 eui
779 1512 1107 1585 supervixit
1157 1526 1340 1568 annos
1390 1512 1765 1583 octingentos
1820 1512 2027 1582 trigin-

376 1607 461 1659 ta.
511 1602 891 1673 Septuaginta
932 1605 1066 1657 ante
1109 1605 1308 1656 natum
1347 1600 1521 1656 Iared
1562 1616 1748 1657 annos
1786 1605 2023 1656 centum

374 1691 689 1759 sexaginta
727 1690 1005 1762 quinque,
1040 1693 1244 1762 postea
1289 1703 1540 1765 posuere
1580 1693 1893 1746 sexcentos
1933 1688 2025 1744 tri.

2129 510 2353 577 gesimo
2380 525 2534 567 nono
2555 511 2692 568 vita:
2717 527 2836 567 sua:
2859 526 3008 567 anno
3031 514 3349 571 Mathusala
3377 524 3644 576 mortuus
3667 522 3766 590 sit,

2129 612 2198 653 eo
2229 612 2377 654 anno
2406 614 2521 669 quo
2555 600 2733 672 coepit
2761 614 2894 656 esse
2927 600 3227 658 diluvium.
3252 605 3570 661 Mathusala
3602 622 3775 663 anno-

2132 702 2256 742 rum
2286 692 2519 744 centum
2552 688 2850 757 octoginta
2876 694 3100 760 septem
3129 691 3333 760 genuit
3354 694 3594 749 Lamech
3622 714 3632 749 :
3661 697 3768 752 hac

2130 776 2508 845 generatione
2546 776 2815 846 gigantes
2849 779 2969 833 nati
2994 780 3391 849 sunt,hacque
3414 786 3586 837 tetate
3602 784 3769 839 Iuhal

2131 879 2203 920 ex
2231 879 2443 933 genere
2467 867 2603 921 Cain
2625 871 2810 922 artem
2834 868 3115 923 musicam
3137 869 3377 940 reperit,
3408 872 3578 941 cujus
3596 872 3769 928 etiam

2134 953 2315 1009 frater
2339 954 2651 1010 Tubalcain
2695 955 2829 1012 aeris
2862 955 3117 1025 ferrique
3147 956 3418 1013 inventor
3448 958 3579 1015 fuit.

2203 1043 2388 1112 (1056)
2424 1044 2664 1099 Lamech
2709 1057 2991 1100 annorum
3039 1050 3276 1102 centum
3305 1047 3607 1117 octoginta
3640 1049 3773 1107 duo-

2134 1145 2260 1189 rum
2288 1131 2490 1200 genuit
2517 1133 2657 1202 Noe,
2677 1132 2771 1190 cui
2800 1134 3129 1205 supervixit
3150 1148 3334 1193 annos
3366 1137 3775 1209 septingentos

2133 1218 2409 1290 quinque.
2459 1221 2836 1292 Septuaginta
2886 1228 3110 1293 ponunt
3153 1236 3338 1282 annos
3384 1230 3519 1282 ante
3576 1232 3773 1283 natum
3877 1282 3883 1289 .

2132 1309 2273 1379 Noe,
2322 1313 2556 1365 centum
2602 1310 2904 1380 octoginta
2954 1326 3180 1370 novem.
3231 1314 3303 1370 Et
3347 1319 3571 1386 postea,
3617 1316 3776 1385 quin-

2131 1401 2344 1466 gentos
2373 1398 2677 1467 sexaginta
2700 1400 2974 1471 quinque.
3011 1402 3072 1457 In
3102 1402 3210 1458 hac
3239 1402 3364 1460 sola
3394 1404 3773 1472 generatione

2134 1501 2357 1543 summa
2402 1488 2810 1547 universitatis
2841 1489 3161 1562 discrepat,
3190 1494 3326 1562 quia
3374 1492 3613 1561 triginta
3642 1507 3775 1563 qua-

2133 1580 2270 1632 tuor
2300 1577 2466 1633 annis
2511 1577 2642 1648 plus
2685 1578 2907 1637 vixisse
2937 1580 3179 1636 Lamech
3213 1581 3269 1636 in
3310 1581 3572 1638 Hebraeis
3603 1594 3771 1652 quam

2132 1665 2599 1738 ianeptuaginta
2643 1667 3063 1725 translatorum
3092 1668 3399 1725 codicibus
3431 1670 3723 1729 invenitur
3755 1689 3768 1726 :

385 1755 571 1848 ginta.
616 1755 1053 1863 Interpretatur
1084 1755 1304 1836 autem.
1330 1771 1647 1835 descendens
1694 1779 1818 1836 sive
1871 1776 2022 1834 robo-
2048 1772 2103 1833 B
2130 1755 2501 1863 ﬁg‘l‘iflﬂof
3079 1757 3773 1863 éffqueffl‘iptél‘iﬁ‘llor

365 1891 520 1933 rans.

445 1966 796 2037 (622)1ared
829 1980 1111 2024 annorum
1153 1971 1389 2024 centum
1428 1966 1730 2038 sexaginta
1772 1966 2021 2025 duorum

362 2055 573 2126 genuit
597 2055 775 2126 Enoc,
810 2055 905 2111 cui
937 2054 1265 2131 supervixit
1301 2069 1485 2111 annos
1528 2055 1923 2125 octingentos.
1960 2055 2020 2109 In

362 2143 476 2198 hac
508 2144 887 2213 generatione
925 2158 1210 2215 nusquam
1250 2142 1485 2215 utrique
1527 2142 1767 2198 codices
1802 2141 2024 2201 discre-

363 2236 528 2303 pant.
564 2231 760 2287 Enoch
814 2230 1140 2288 translatus
1179 2236 1273 2288 est
1314 2245 1345 2287 a
1386 2232 1546 2287 Deo:
1596 2229 1813 2301 quique
1846 2229 2020 2286 etiam

364 2317 645 2375 nonnulla
684 2319 1025 2392 scripsisse,
1057 2320 1203 2377 Iuda
1241 2319 1515 2392 apostolo
1542 2318 1798 2390 idipsum
1847 2322 2024 2374 attes-

366 2414 554 2478 tante,
589 2408 792 2465 fertur.
833 2407 944 2464 Sed
974 2407 1047 2463 ob
1080 2408 1491 2480 antiquitatem
1535 2412 1829 2478 suspecta)
1862 2406 2017 2477 fidei,

364 2510 394 2549 a
432 2496 711 2551 Patribus
740 2496 994 2551 refutata
1028 2501 1184 2567 sunt,
1210 2500 1274 2551 ut
1298 2500 1435 2551 sunt
1471 2493 1566 2552 illa
1600 2508 1728 2565 qum
1759 2493 1869 2550 sub
1894 2495 2022 2565 ejus

364 2585 603 2639 nomine
649 2584 1030 2657 proferuntur
1072 2584 1142 2639 de
1174 2582 1512 2655 gigantibus
1552 2580 1762 2639 fabula:
1780 2590 1826 2653 α,
1866 2582 2021 2655 quod

365 2686 485 2727 non
516 2672 830 2727 habuerint
862 2672 1127 2739 homines
1163 2678 1382 2745 patres.

441 2760 596 2830 (684)
624 2760 820 2815 Enoch
849 2774 1131 2817 annorum
1176 2760 1481 2831 sexaginta
1520 2759 1776 2831 quinque
1819 2757 2022 2830 genuit

362 2847 776 2918 Mathusalem,
802 2854 935 2921 post
960 2851 1130 2920 cujus
1165 2855 1357 2907 ortum
1396 2849 1717 2907 ambulavit
1747 2863 1877 2905 cum
1908 2850 2021 2903 Deo

364 2936 666 2991 trecentis
711 2938 888 2993 annis.
923 2939 1303 3011 Septuaginta
1336 2944 1471 2994 ante
1507 2944 1708 2994 natum
1741 2938 2023 2993 Mathusa-

364 3020 485 3077 lem
518 3037 767 3094 posuere
792 3030 1025 3082 centum
1066 3025 1489 3098 quinquaginta
1525 3025 1780 3097 quinque
1810 3038 2016 3094 annos,

366 3110 886 3181 postea'ducentos
912 3114 1128 3184 Enoch,
1160 3114 1258 3184 qui
1287 3113 1714 3185 interpretatur
1738 3111 2017 3183 dedicatio,
2051 3117 2101 3182 C.

364 3199 620 3270 septima
660 3202 1036 3269 generatione
1076 3201 1423 3273 translatus,
1458 3201 1762 3256 civitatem
1804 3200 2019 3257 electo-

368 3303 498 3345 rum
533 3289 790 3347 insinuat
818 3305 947 3362 quze
978 3292 1033 3346 in
1067 3295 1230 3346 sexta
1265 3291 1438 3362 hujus
1474 3289 1675 3347 saeculi
1707 3294 1881 3347 aetate
1915 3305 2020 3364 pro

366 3379 489 3433 Deo
533 3376 830 3449 laborans,
863 3379 919 3434 in
968 3378 1218 3450 septima
1267 3377 1496 3433 sabbati
1547 3377 1728 3433 futuri
1774 3378 2019 3449 gloriam

369 3465 762 3523 dedicationis
809 3470 1136 3539 exspectat.
1173 3469 1246 3522 At
1284 3466 1417 3537 quia
1450 3465 1687 3537 reprobi
1722 3466 1846 3522 sola
1882 3482 2021 3539 prae.

371 3554 524 3609 senti
547 3558 685 3612 sunt
715 3553 1000 3611 fidelitate
1032 3554 1317 3624 contenti,
1344 3553 1479 3610 Cain
1516 3554 1815 3609 civitatem
1847 3569 2019 3626 quam

372 3642 581 3698 statuit
609 3655 725 3699 non
756 3642 812 3698 in
847 3642 1093 3715 septima
1138 3642 1537 3713 generatione,
1573 3642 1676 3697 sed
1725 3641 1780 3697 in
1812 3642 2020 3715 primo-

367 3729 569 3798 genito
599 3730 800 3786 Enoch
827 3729 946 3785 filio
974 3735 1305 3786 consecrat.

440 3819 593 3888 (874)
646 3818 1031 3874 Mathusalem
1089 3832 1371 3875 annorum
1422 3824 1656 3875 centum
1716 3821 2016 3889 octoginta

369 3911 598 3978 septem
620 3906 823 3975 genuit
846 3896 1221 3976 Lamech,cui
1245 3907 1570 3978 supervixit
1594 3921 1778 3962 annos
1804 3909 2019 3981 septin-

365 4000 581 4064 gentos
614 3997 915 4065 octoginta
961 3995 1131 4065 duos,
1165 3994 1223 4051 id
1265 4001 1358 4051 est
1390 4009 1574 4067 usque
1604 3997 1675 4052 ad
1708 3995 2012 4054 diluvium.

371 4085 751 4156 Septuaginta
780 4089 914 4139 ante
936 4088 1134 4140 natum
1158 4086 1424 4155 Lamech,
1448 4089 1683 4141 centum
1708 4082 2015 4156 sexaginta

373 4177 597 4243 septem
620 4186 804 4228 annos
828 4175 1051 4242 ponunt
1075 4176 1301 4243 postea,
1328 4172 1699 4240 octingentos
1723 4173 1891 4243 duos,
1917 4174 2014 4245 qui

370 4273 672 4330 numerus,
706 4264 771 4315 ut
802 4259 992 4315 lector
1023 4258 1296 4315 facillime
1330 4259 1571 4329 videbit,
1598 4261 1762 4330 juxta
1788 4261 2017 4316 Hebrai-

368 4361 499 4403 cam
519 4348 831 4403 veritatem
852 4347 1057 4416 viginti
1083 4347 1271 4417 annis,
1283 4347 1446 4417 juxta
1472 4362 1611 4403 vero
1636 4348 2012 4419 Septuaginta

367 4436 809 4506 auctoritatem,
840 4435 1285 4507 quatuordecim
1311 4435 1478 4490 annis
1512 4440 1777 4507 tempora
1807 4434 2011 4493 diluvii
2045 4467 2098 4526 D
2130 4434 2443 4483 ferri.Etin
2457 4434 2791 4497 serpentem
2805 4434 3100 4480 dianomm
3117 4434 3403 4495 protatam
3419 4434 3768 4480 sententiam

371 4523 632 4579 transiit.
660 4525 732 4580 Et
764 4523 1056 4584 quomodo
1087 4526 1409 4579 verum‘est
1436 4524 1591 4584 quod
1619 4529 1754 4580 octo
1789 4529 2013 4581 tantum
2089 4578 2096 4583 _
2129 4514 2183 4569 in
2215 4514 2303 4569 eis
2336 4527 2569 4569 manere
2610 4512 2709 4584 (illi
2741 4513 2869 4583 eius
2910 4512 3155 4568 Ῐθοθνίηι
3191 4511 3585 4583 νοιυηιείθιηί
3623 4518 3684 4569 et
3713 4512 3769 4568 ίῐι

2089 4578 2096 4583 .
2130 4555 2183 4569 Ι..
2215 4555 2303 4569 νου
2337 4555 2569 4569 Ιιιιιιιυιν
2611 4555 2709 4583 ‘1".
2743 4555 2869 4583 vluti
2910 4555 3055 4567 ’νυνι
3071 4555 3155 4568 Ι...
3203 4555 3553 4568 ννιυιινιιυνμι
3571 4555 3585 4583 ,

371 4523 632 4579 transiit.
660 4525 732 4580 Et
764 4523 1056 4595 quomodo
1087 4526 1409 4579 verum'est
1436 4524 1591 4593 quod
1619 4529 1754 4580 octo
1789 4529 2013 4581 tantum

374 4611 587 4667 animus
636 4611 693 4666 in
724 4624 857 4667 arca
890 4610 1067 4668 salva;
1098 4612 1267 4667 factae
1311 4612 1488 4667 sunt?
1528 4612 1637 4667 Sed
1676 4612 1732 4667 in
1764 4613 2031 4670 Hehrzeo-

372 4713 503 4755 rum
536 4703 599 4754 et
646 4699 705 4756 in
749 4699 1249 4756 Samaritanorum
1290 4698 1459 4755 libris
1506 4699 1585 4754 ita
1619 4700 1903 4770 scriptum
1949 4717 2030 4758 re-

371 4788 663 4859 peritur:
721 4778 794 4845 Et
847 4788 995 4844 vixit
1052 4786 1374 4843 Mathusala
1430 4790 1665 4844 centum
1720 4788 2026 4857 octoginta

368 4866 604 4945 septem
633 4875 820 4944 annis,
850 4878 910 4930 et
939 4875 1142 4945 genuit
1189 4874 1468 4941 Lamech;
1514 4880 1576 4930 et
1618 4874 1765 4931 vixit
1812 4877 2028 4932 Mathu—

370 4961 524 5031 sala,
560 4968 870 5034 postquam
907 4962 1108 5032 genuit
1152 4962 1399 5017 Lamech
1452 4962 1847 5033 septingentis
1874 4969 2030 5020 octo-

365 5050 538 5118 ginta
569 5048 719 5106 duos
746 5062 953 5119 annos,
985 5055 1047 5105 et
1075 5049 1279 5118 genuit
1323 5048 1479 5105 filios
1513 5055 1575 5105 et
1617 5050 1786 5109 filias.
1816 5052 1888 5107 Et
1918 5052 2030 5108 fuc-

370 5142 515 5197 runt
534 5136 739 5194 omnes
760 5136 1239 5195 dieslathusalze
1261 5138 1393 5193 anni
1413 5140 1691 5209 nongenti
1720 5141 2025 5212 sexaginta

368 5240 608 5295 novem,
631 5231 693 5283 et
714 5232 982 5284 mortuus
1003 5230 1116 5283 est.
1142 5227 1212 5282 Et
1234 5226 1381 5281 vixit
1405 5228 1653 5284 Lamech
1675 5235 1914 5285 centum
1937 5243 2028 5284 oc-

370 5314 605 5382 toginta
636 5313 788 5370 duos
817 5328 1021 5385 annos,
1053 5318 1114 5370 et
1140 5314 1345 5383 genuit
1376 5316 1513 5371 Noe.
1551 5319 1595 5372 Α
1627 5316 1722 5372 die
1753 5331 1895 5387 ergo
1936 5332 2028 5373 na-

369 5401 631 5457 tivitatis
660 5401 1001 5459 Mathusalae
1026 5416 1213 5473 usque
1235 5402 1308 5457 ad
1340 5403 1490 5459 diem
1517 5409 1687 5460 ortus
1714 5406 1852 5475 Noe,
1886 5412 2024 5463 sunt

372 5489 516 5546 anni
539 5489 794 5546 trecenti
824 5490 1126 5560 sexaginta
1158 5504 1383 5548 novem.
1410 5491 1511 5547 His
1540 5490 1688 5549 adde
1710 5499 2023 5550 sexcentos

375 5592 570 5635 annos
593 5579 712 5635 Noe
734 5578 870 5650 quia
898 5579 955 5637 in
977 5579 1409 5637 sexcentesimo
1429 5580 1567 5639 vita:
1580 5581 1708 5650 ejus
1721 5594 1869 5636 anno
1885 5580 2025 5638 dilu-

2133 1844 2253 1901 tius
2281 1845 2335 1901 ei
2365 1844 2578 1914 linguae
2609 1844 3054 1915 credituriunde
3083 1850 3177 1903 est
3199 1846 3256 1903 in
3278 1845 3448 1904 aliam
3479 1861 3583 1920 per
3605 1846 3773 1904 inter-

2134 1939 2331 2005 pretes
2364 1935 2515 1989 facta
2540 1934 2869 1991 translatio.

2203 2024 2392 2095 (1656)
2421 2026 2558 2092 Noe,
2593 2022 2790 2079 divino
2836 2023 3078 2080 oraculo
3103 2025 3366 2096 jubente,
3399 2038 3549 2081 anno
3577 2024 3771 2085 aetatis

2134 2127 2257 2169 sum
2301 2111 2790 2182 quingentesimo,
2839 2125 3034 2167 arcam
3085 2112 3376 2169 aedificare
3418 2112 3633 2184 coepit;
3668 2113 3770 2168 His

2135 2201 2520 2272 temporibus,
2536 2204 2603 2257 ut
2622 2200 2804 2257 refert
2821 2202 3113 2272 Iosephus
3136 2201 3350 2274 (Antig.
3375 2200 3477 2258 lib.
3504 2202 3571 2271 Ι),
3592 2202 3774 2258 scien-

2135 2294 2225 2344 tes
2255 2288 2341 2345 illi
2374 2289 2640 2345 homines
2672 2289 2828 2360 quod
2856 2293 2959 2345 aut
2980 2289 3149 2360 aquis
3171 2296 3274 2346 aut
3300 2290 3432 2360 igne
3460 2289 3652 2362 perire
3683 2304 3776 2361 po-

2135 2382 2347 2446 terant,
2381 2377 2436 2432 in
2470 2377 2699 2450 duabus
2728 2377 3039 2448 columnis,
3064 2392 3137 2433 ex
3162 2378 3346 2434 latere
3374 2383 3433 2434 et
3457 2377 3646 2449 lapide
3666 2378 3774 2433 fac-

2136 2466 2235 2536 tis,
2270 2465 2465 2522 studia
2494 2479 2599 2523 sua
2643 2466 3259 2538 conscripserunt,'ne
3300 2466 3640 2522 delerentur
3666 2479 3775 2521 me-

2134 2555 2317 2610 moria
2346 2570 2476 2627 quaa
2509 2555 2809 2627 sapienter
2851 2555 3211 2611 invenerant.
3250 2555 3502 2621 Quarum
3542 2554 3769 2625 lapidea

2132 2643 2402 2700 columna
2423 2643 2683 2715 ferturjin
2704 2643 2922 2699 diluvio
2942 2643 3286 2713 durasse,et
3303 2645 3585 2699 hactenus
3604 2643 3661 2698 in
3682 2645 3773 2714 Sy-

2134 2733 2612 2805 ria'permanere.
2641 2734 2759 2788 Noe
2799 2746 2949 2788 anno
2983 2732 3413 2788 sexcentesimo
3443 2732 3603 2788 venit
3633 2732 3773 2787 dilu-

2131 2823 2309 2891 vium,
2344 2835 2542 2877 mense
2570 2820 2850 2891 secundo,
2884 2820 3107 2876 decima
3138 2820 3384 2891 septima
3414 2819 3507 2874 die
3532 2820 3768 2876 mensis.

2133 2912 2311 2981 Cujus
2340 2923 2536 2965 arcam
2565 2910 2856 2980 Iosephus
2905 2908 3135 2964 sedisse
3175 2908 3348 2963 refert
3388 2908 3443 2962 in
3473 2908 3771 2962 montibus

2132 2998 2439 3066 Armeniae,
2464 2998 2563 3067 qui
2584 3001 2871 3054 vocantur
2891 2998 3119 3051 Ararat.
3144 2996 3276 3050 Haec
3302 2994 3483 3064 prima
3505 2999 3649 3049 aetas
3669 2996 3774 3050 Ste-

2132 3087 2271 3158 culi,
2303 3086 2625 3144 secundum
2644 3084 2985 3140 Hebraicam
3018 3081 3484 3152 translationem,
3508 3082 3772 3139 continet

2130 3189 2316 3232 annos
2338 3174 2495 3231 mille
2512 3177 2829 3231 sexcentos
2851 3170 3272 3243 quinquaginta
3295 3184 3418 3226 sex.
3444 3170 3769 3227 Secundum

2130 3264 2503 3336 septuaginta
2523 3262 2861 3332 editionem,
2897 3260 2988 3318 bis
3023 3259 3181 3318 mille
3214 3260 3503 3318 ducentos
3533 3257 3773 3330 quadra-

2127 3353 2291 3423 ginta
2321 3353 2489 3409 duos.

2199 3444 2398 3512 (Osos.
2434 3441 2471 3497 l.
2505 3443 2546 3511 Ι,
2582 3456 2633 3498 c.
2670 3442 2747 3512 3.)
2780 3442 2842 3496 in
2864 3441 2972 3496 hac
2996 3440 3181 3512 prima
3204 3444 3399 3508 aetate,
3425 3438 3775 3496 sacrmlitte

2130 3546 2209 3588 ra:
2233 3531 2534 3589 continent
2558 3535 2773 3602 praeter
2797 3530 3104 3586 veritatem
3127 3530 3469 3586 historicam
3502 3533 3563 3584 et
3583 3530 3772 3584 omnis

2128 3626 2418 3678 creaturae
2446 3620 2863 3689 conditionem,
2889 3620 3045 3690 quod
3066 3619 3285 3676 virtute
3308 3618 3564 3690 Spiritus
3582 3619 3772 3679 sancti

2127 3717 2420 3781 creatura,
2471 3725 2574 3783 per
2614 3709 3070 3766 inobedientiam
3113 3708 3336 3781 peccati
3368 3707 3500 3763 labe
3533 3708 3770 3780 foedata,

2129 3800 2515 3856 sanctiﬁcatis
2562 3799 2730 3869 aquis
2779 3803 2943 3855 esset
2990 3799 3063 3854 ad
3119 3803 3460 3870 perpetuam
3518 3798 3768 3866 gratiam

2128 3888 2451 3955 abluenda;
2482 3889 2685 3959 sicque
2732 3887 2833 3943 lux
2867 3887 3106 3959 pietatis
3136 3900 3169 3942 a
3212 3891 3385 3942 nocte
3426 3886 3768 3957 impietatis,

2127 3977 2497 4036 misericordi
2514 3978 2791 4049 justaque
2814 3975 3125 4045 divisione,
3150 3980 3314 4032 esset
3334 3975 3677 4032 dirimenda.
3700 3978 3769 4032 Et

2127 4070 2185 4125 in
2216 4068 2561 4125 formatione
2592 4067 2794 4138 Adam,
2830 4070 2912 4136 et,
2937 4066 3009 4122 de
3040 4070 3206 4123 costa
3238 4065 3445 4121 lateris
3476 4066 3626 4136 ejus,
3662 4080 3774 4122 mu-

2126 4158 2289 4214 lieris
2317 4160 2470 4229 Evm,
2506 4162 2935 4214 sacramentum
2958 4155 3176 4212 Christi
3205 4159 3264 4211 et
3296 4154 3597 4213 Ecclesiae.
3624 4157 3694 4211 Et
3715 4155 3770 4211 in

2124 4252 2464 4320 contempto
2484 4246 2759 4303 mandato
2780 4244 3050 4302 omnibus
3067 4245 3614 4314 transgressoribus
3636 4260 3782 4318 prea-

2124 4342 2427 4409 ceptorum
2460 4336 2559 4391 Dei
2598 4340 2939 4407 perpetuam
2979 4338 3225 4390 mortem
3252 4335 3415 4406 justo
3442 4335 3665 4405 judicio
3700 4335 3778 4390 in-

2130 4426 2287 4483 ferri.
2304 4426 2374 4480 Et
2388 4425 2443 4480 in
2457 4430 2791 4497 serpentem
2805 4422 3100 4480 diabolum
3117 4423 3403 4495 prolatam
3419 4424 3768 4480 sententiam

2138 4602 2449 4658 maledicto
2493 4601 2776 4670 mulieris,
2805 4598 3091 4670 originale
3132 4605 3436 4670 peccatum
3480 4602 3684 4673 sequi;
3712 4606 3772 4659 et

2137 4700 2644 4762 transgressorum
2666 4688 2820 4744 ﬁlios
2850 4688 2961 4745 sub
2988 4691 3233 4759 peccato
3264 4688 3426 4745 nasci
3450 4695 3543 4756 ;et
3575 4688 3776 4761 prmdi-

2137 4788 2290 4839 ctam
2320 4792 2545 4852 pmnam
2578 4776 2805 4849 peccati
2838 4776 2894 4831 in
2926 4774 3129 4832 labore
3159 4775 3396 4834 sudoris
3426 4782 3487 4832 et
3524 4776 3770 4846 doloris,

2137 4884 2307 4943 quam
2341 4867 2508 4925 radix
2538 4866 2771 4924 humani
2803 4865 3037 4937 generis
3060 4866 3240 4922 Adam
3273 4880 3376 4938 per
3407 4864 3773 4937 propagatio-

2136 4975 2265 5017 nem
2292 4959 2346 5014 in
2380 4972 2574 5013 ramos
2594 4970 2666 5011 ex
2690 4954 2887 5011 radice
2918 4953 3188 5011 damnata
3211 4954 3512 5011 venientes
3537 4951 3767 5010 infudit.

2210 5050 2269 5103 In
2301 5047 2439 5103 Cain
2468 5051 2528 5101 et
2559 5044 2703 5100 Abel
2732 5044 2981 5099 duorum
3015 5042 3361 5115 pepulerum
3394 5039 3656 5110 figuram,
3687 5042 3775 5097 Iu-

2136 5138 2394 5193 dzeorum
2424 5139 2484 5189 et
2514 5132 3000 5201 Christianorum,
3027 5131 3125 5188 ubi
3149 5127 3498 5187 sacrificium
3530 5129 3771 5201 majoris
3882 5156 3889 5165 ο

2137 5224 2456 5297 respuitur,
2488 5227 2548 5277 et
2578 5221 2823 5278 minoris
2855 5220 3132 5293 placitum
3173 5215 3523 5284 assumitur;
3558 5218 3774 5275 electo-

2136 5328 2263 5371 rum
2291 5310 2749 5380 multitudinem,
2792 5309 2863 5365 ad
2905 5319 3097 5365 veram
3134 5308 3194 5359 ct
3228 5307 3508 5361 aeternam
3548 5306 3775 5363 dedica-

2137 5404 2353 5460 tionem
2383 5400 2870 5467 transferendam,
2899 5401 2959 5451 et
2984 5392 3289 5453 homicida:
3322 5393 3622 5463 ﬁlios,viae
3654 5411 3774 5452 sum

2133 5491 2399 5549 ordinem
2430 5490 2898 5558 corrumpentes,
2930 5488 2989 5540 et
3013 5483 3176 5554 justo
3204 5489 3263 5541 et
3294 5484 3603 5540 manifesto
3631 5484 3774 5553 judi-

2133 5581 2226 5638 cio
2254 5576 2677 5652 omnipotentis
2710 5573 2808 5630 Dei
2839 5574 3317 5650 intercipiendos.

445 5778 479 5809 ⁸
507 5770 587 5825 De
620 5770 863 5843 scriptis
894 5770 1112 5841 Enoch,
1143 5769 1274 5827 vide
1306 5770 1451 5826 Sixti
1486 5772 1721 5827 Senens.
1756 5770 2029 5830 Biblioth.
2055 5773 2155 5831 lib.
2190 5789 2247 5830 ιι.
