4086 6178
359 280 426 334 ετ
1410 272 1464 329 s.
1511 270 1768 332 anoms
1807 271 2244 340 ARCHIEPISC.
2288 275 2702 338 VIENNENSIS
3684 303 3754 359 23

359 381 3106 437 ___———L—————.-————-—-———.—~———________.____

1641 553 1927 641 [ΕΤΑὸ
2016 553 2476 643 SECUNDA

1377 739 1420 795 Δ
1455 736 1711 794 DILUV'IO
1759 737 1846 791 AD
1879 737 2211 792 ΛΒΒΑΗΑΜΙ
2247 741 2710 800 ΝΑΤΝΙΤΔΤΕΜ.

1851 873 2268 891 ἡ

425 956 610 1030 (1657)
651 954 911 1014 Secunda
953 951 1155 1012 saculi
1185 956 1379 1024 atate,
1415 951 1600 1026 prima
1638 950 1812 1022 hujus
1851 947 1989 1021 diei,
2019 944 2077 1006 A
2107 948 2287 1039 sicuti
2335 965 2466 1009 cum
2513 967 2626 1012 una
2675 953 2870 1028 lingua
2911 959 2990 1018 sit
3021 961 3243 1036 Latina,
3269 965 3378 1022 sub
3408 980 3519 1024 una
3553 966 3748 1039 lingua

356 1062 486 1120 qua
506 1051 600 1104 est
621 1045 900 1104 vicesima
922 1045 1171 1117 septima
1193 1042 1412 1100 mensis
1434 1040 1698 1112 secundi,
1713 1053 1994 1112 egressus

355 1145 448 1196 est
477 1139 596 1196 Noe
627 1136 698 1195 de
727 1149 884 1208 arca,
921 1135 976 1192 in
1005 1147 1115 1208 qua
1156 1133 1348 1206 pauci,
1379 1131 1436 1189 id
1473 1137 1566 1190 est
1595 1137 1732 1189 octo
1764 1129 1990 1202 anima,

357 1227 534 1284 salva
553 1227 723 1284 facta
745 1229 882 1283 sunt
899 1238 1003 1298 per
1019 1237 1248 1295 aquam.
1273 1221 1439 1291 Quod
1460 1233 1922 1278 commemorans
1937 1219 1992 1276 in
2033 1286 2056 1300 ο

355 1313 620 1388 Epistola
651 1329 756 1372 sua
791 1314 1000 1372 beatus
1030 1314 1242 1370 Petrus
1262 1309 1570 1384 apostolus
1593 1309 1793 1368 statim
1825 1323 1997 1382 expo-

355 1417 494 1461 nere
514 1403 772 1461 curavit:
789 1401 954 1472 Quod
971 1405 1032 1459 et
1050 1415 1158 1458 vos
1174 1415 1328 1458 nunc
1346 1399 1558 1458 similis
1578 1401 1778 1458 forma
1797 1397 1994 1456 salvos

358 1493 497 1549 fecit
527 1492 838 1565 baptisma,
873 1504 988 1548 non
1019 1488 1217 1548 carnis
1244 1487 1540 1562 depositio
1569 1488 1854 1559 sordium,
1888 1486 1994 1544 sed

357 1580 737 1638 conscientia
791 1579 959 1637 bona
1009 1577 1395 1649 interrogatio
1448 1588 1553 1650 per
1604 1577 1784 1634 Deum
1827 1595 1839 1632 :
1891 1589 1997 1648 per

357 1669 850 1726 resurrectionem
871 1669 1009 1725 Jesu
1029 1665 1268 1738 Christi,
1290 1665 1390 1738 qui
1410 1670 1505 1722 est
1523 1665 1579 1722 in
1609 1664 1850 1721 dextera
1871 1664 1992 1736 Dei,

357 1757 412 1813 in
434 1771 582 1828 aqua
603 1755 806 1814 diluvii
825 1755 1180 1828 baptismum
1202 1774 1216 1812 :
1240 1755 1296 1812 in
1329 1767 1464 1812 arca
1491 1758 1552 1811 et
1581 1753 1675 1810 his
1709 1769 1838 1825 qua
1865 1767 1997 1810 con-

357 1845 580 1902 tinebat
605 1843 928 1902 Ecclesiam
955 1848 1016 1900 et
1048 1842 1252 1901 ﬁdeles
1281 1844 1444 1915 ejus;
1467 1843 1524 1899 in
1546 1843 1854 1900 octonario
1883 1841 1997 1898 ani-

355 1947 577 1990 marum
609 1947 871 2003 numero,
903 1931 1245 2004 mysterium
1276 1930 1590 2008 Dominica
1618 1931 1999 1988 resurrectio-

354 2021 468 2092 nis,
494 2021 548 2078 in
581 2022 752 2092 cujus
775 2020 888 2077 fide
909 2019 1296 2092 baptizamur,
1317 2019 1538 2076 docens
1567 2033 1702 2076 esse
1724 2017 1991 2090 ﬁgurata.

426 2112 682 2167 Fuerunt
723 2114 918 2166 autem
960 2109 1082 2165 Noe
1121 2107 1228 2164 filii
1267 2113 1414 2180 tres,
1448 2109 1599 2180 Sem,
1624 2109 1799 2166 Cham
1827 2113 1887 2165 et
1911 2110 2000 2164 Ja-

355 2198 514 2272 phct,
537 2213 609 2256 ex
630 2197 844 2270 quibus
865 2197 1243 2270 suptuaginta
1267 2197 1398 2254 dua
1415 2196 1629 2268 lingua
1650 2203 1809 2268 sunt,
1826 2197 1883 2254 id
1903 2202 1997 2254 est

2103 1037 2357 1130 diversa
2385 1049 2525 1100 sunt
2555 1044 2782 1117 patria,
2815 1047 3174 1123 Brutiorum,
3199 1053 3584 1127 Lucanorum,
3608 1037 3754 1130 A—pu-

2106 1125 2316 1201 lorum,
2367 1130 2766 1206 Calabrorum,
2807 1135 3132 1211 Picentum,
3183 1141 3524 1214 Tuscorum,
3569 1125 3749 1204 iet—si
3865 1161 3868 1166 ‘

2106 1215 2370 1276 dicamus
2399 1219 2490 1278 his
2523 1225 2698 1294 atque
2742 1223 3078 1296 hujusmodi
3111 1227 3344 1288 similia.
3383 1231 3556 1288 Cham
3585 1248 3748 1307 vero,

2105 1307 2402 1396 secundus
2431 1308 2586 1368 illius
2602 1311 2749 1384 Noe,
2770 1327 2801 1370 a
2830 1314 3254 1375 Rhiuocoruris
3281 1333 3466 1392 usque
3485 1322 3746 1396 Gaddila,

2104 1394 2328 1454 habens
2357 1396 2587 1468 linguas
2629 1415 2898 1460 sermone
2931 1405 3152 1464 Punico
3192 1419 3223 1462 a
3253 1413 3420 1480 parte
3449 1394 3750 1470 Garaman-

2106 1487 2260 1553 tum;
2313 1486 2536 1559 Latino,
2569 1501 2600 1544 a
2649 1495 2816 1562 parte
2866 1492 3091 1562 borea;
3143 1494 3476 1569 barbarico,
3504 1511 3536 1554 a
3585 1506 3750 1572 parte

2107 1572 2434 1646 meridiani,
2484 1576 2841 1652 EthiOpum,
2887 1582 3312 1656 Egyptiorum,
3365 1590 3426 1642 et
3478 1585 3748 1644 barbaris

2105 1661 2514 1735 interioribus,
2560 1667 2724 1724 vario
2771 1683 3062 1741 sermone,
3110 1671 3318 1742 viginti
3369 1673 3598 1732 duabus
3642 1675 3748 1732 lin-

2102 1749 2256 1822 guis,
2285 1751 2342 1808 in
2372 1752 2582 1824 patriis
2606 1757 2894 1814 trecentis
2917 1759 3230 1830 nonaginta
3255 1767 3528 1832 quatuor.
3546 1765 3754 1836 Japhet

2103 1844 2320 1912 autem,
2339 1841 2574 1914 tertius,
2589 1857 2620 1900 a
2639 1845 2824 1902 Media
2844 1860 3030 1918 usque
3051 1848 3124 1904 ad
3138 1849 3377 1906 Gaddila
3399 1851 3472 1907 ad
3485 1850 3742 1926 boream.

2105 1927 2293 1985 Habet
2319 1934 2514 1986 autem
2529 1931 2738 2004 Japhet
2771 1935 2982 1992 numen
3013 1935 3324 2008 Tigridem,
3362 1937 3519 2010 quod
3540 1939 3748 1996 dividit

2105 2015 2348 2073 Mediam
2369 2023 2429 2075 et
2446 2019 2841 2092 Babyloniam,
2864 2022 2918 2078 in
2939 2023 3148 2095 patriis
3166 2025 3460 2098 ducentis,
3481 2041 3750 2085 sermone

2105 2105 2268 2162 vario
2298 2105 2354 2164 in
2383 2105 2600 2178 linguis
2627 2109 2835 2179 viginti
2867 2115 3144 2182 quatuor.
3169 2113 3340 2170 Fiunt
3378 2129 3520 2186 ergo
3549 2131 3751 2174 omnes

2107 2192 2280 2251 simul
2303 2193 2517 2266 lingua
2539 2197 2914 2269 septuaginta
2939 2199 3069 2257 dua
3093 2219 3108 2269 ;
3133 2201 3338 2273 patria
3360 2208 3557 2261 autem
3585 2220 3752 2276 gene-

355 2287 428 2343 de
458 2289 587 2344 Sem
617 2285 824 2356 viginti
855 2290 994 2342 octo
1015 2303 1030 2353 ;
1050 2285 1122 2342 de
1152 2286 1346 2358 Cham,
1370 2285 1644 2358 triginta;
1673 2287 1746 2344 de
1761 2287 1992 2360 Japhet,
2024 2293 2078 2355 Β
2109 2283 2402 2344 rationum
2425 2283 2750 2358 mille,qua
2771 2287 2828 2342 in
2852 2287 3154 2360 tripartito
3176 2290 3319 2347 orbe
3343 2293 3503 2363 Asia,
3528 2293 3746 2364 Africa,

355 2373 708 2448 quindecim.

319 2528 326 2538 ,
427 2463 614 2537 (1658)
660 2465 788 2520 Sem
835 2463 1159 2522 centesimo
1207 2477 1358 2522 anno
1407 2463 1612 2534 genuit
1659 2464 1994 2537 Arphaxad,

357 2552 591 2610 biennio
622 2557 758 2626 post
788 2551 1090 2624 diluvium,
1122 2567 1155 2611 a
1191 2567 1306 2626 quo
1349 2551 1622 2610 Chaldai.
1664 2553 1998 2626 Supervixit

359 2645 553 2699 autem
591 2643 720 2698 Sem
776 2646 914 2699 nato
971 2641 1281 2715 Arphaxad
1322 2641 1658 2714 quingentis
1707 2643 1896 2714 anuis,
1939 2642 1997 2700 id

362 2736 456 2787 est
496 2744 685 2803 usque
720 2730 793 2788 ad
834 2729 1380 2804 quinquagesimum
1416 2745 1628 2789 annum
1665 2731 1996 2790 nativitatis

353 2819 554 2877 Jacob.
637 2871 642 2876 .

427 2909 614 2982 (1694)
628 2909 938 2982 Arphaxad
957 2924 1107 2968 anno
1125 2910 1772 2982 centesimoftrigesimo
1791 2909 1997 2982 quinto

358 2997 560 3066 genuit
612 2996 760 3055 Sale.
819 2997 924 3055 Hic
977 2999 1358 3071 Septuaginta
1414 3000 1772 3072 interpretes
1827 3013 1998 3057 unam

355 3087 794 3156 generationem
835 3087 968 3159 plus
1006 3101 1179 3159 quam
1219 3088 1502 3144 Hebraica
1541 3088 1764 3144 veritas
1797 3102 2002 3160 posue-

359 3179 514 3246 runt,
539 3175 804 3232 dicentes
823 3175 980 3247 quod
1001 3176 1333 3248 Arphaxad,
1355 3190 1486 3232 cum
1505 3181 1670 3234 esset
1689 3177 1857 3233 annis
1875 3191 2002 3234 cen-

361 3267 480 3320 tum
497 3263 735 3334 triginta
756 3265 1014 3337 quiuque
1031 3267 1234 3336 genuit
1253 3267 1487 3338 Cainan,
1503 3267 1751 3339 quicum
1764 3271 2000 3336 centum

359 3352 601 3423 triginta
631 3367 914 3412 annorum
950 3355 1146 3426 fuerit,
1171 3355 1300 3428 ipse
1319 3357 1521 3428 genuit
1559 3356 1706 3414 Sale.
1743 3356 2000 3424 Quorum

359 3441 808 3499 translationem
847 3442 1208 3513 evangelista
1245 3445 1431 3502 Lucas
1467 3445 1577 3502 hoc
1603 3443 1736 3503 loco
1767 3445 2003 3502 videtur

357 3543 493 3586 esse
510 3536 772 3588 secutus.
789 3531 1154 3589 Vixitautem
1174 3533 1483 3606 Arphaxad
1503 3539 1637 3606 post
1650 3539 1848 3592 natum
1871 3533 2000 3591 Sale

2107 2371 2337 2444 Europa
2357 2372 2488 2429 sita
2510 2378 2648 2430 sunt
2673 2393 2685 2430 :
2713 2374 3025 2448 habetque,
3049 2382 3114 2434 ut
3135 2376 3625 2453 diximus,Japhet
3655 2383 3751 2438 llu-

2109 2473 2238 2517 men
2257 2460 2570 2534 Tigridem,
2585 2463 2743 2534 quod
2765 2463 2977 2522 dividit
2996 2464 3238 2522 Mediam
3258 2472 3319 2524 et
3333 2467 3706 2541 Babyloniam
3732 2487 3748 2538 ;

2109 2550 2238 2606 Scm
2267 2554 2461 2608 autem
2482 2551 2835 2625 Euphratem
2863 2570 2878 2622 ;
2903 2553 3076 2610 Cham
3099 2568 3240 2612 vero
3261 2556 3442 2628 Geou,
3463 2557 3562 2630 qui
3589 2571 3752 2614 voca-

2106 2642 2206 2696 tur
2237 2637 2418 2697 Nilus.

2177 2727 2390 2786 Phalec
2409 2743 2691 2787 annorum
2710 2731 2949 2801 triginta
2969 2732 3173 2801 genuit
3191 2733 3410 2806 Ragau,
3431 2735 3527 2792 cui
3551 2750 3750 2809 super-

2105 2815 2254 2874 vixit
2277 2819 2444 2874 annis
2465 2817 2738 2876 ducentis
2751 2834 2978 2878 novem.
2996 2822 3378 2894 Septuaginta
3397 2829 3534 2880 ante
3554 2829 3752 2882 natum

2107 2905 2306 2976 Ragau
2329 2913 2565 2964 centum
2580 2909 2819 2980 triginta
2833 2923 3018 2967 annos
3033 2915 3279 2982 ponunt,
3297 2917 3524 2984 postea,
3539 2913 3752 2970 ducen-

2109 2999 2204 3050 tos
2237 2999 2394 3052 octo.
2419 2997 2698 3069 Tempore
2721 2997 2933 3054 Phalec
2956 2998 3140 3054 turris
3161 2998 3443 3056 adiﬁcata
3464 3005 3556 3056 est
3579 3001 3748 3056 facta-

2109 3095 2222 3154 que
2251 3081 2579 3153 linguarum
2611 3083 2844 3141 divisio.
2871 3086 3056 3157 Hujus
3084 3088 3265 3144 turris
3305 3085 3555 3144 altitudo
3585 3088 3751 3159 quin-

2109 3169 2278 3241 quies
2299 3169 2456 3228 mille
2469 3177 2703 3230 centum
2727 3174 3102 3246 septuaginta
3128 3181 3380 3248 quatuor
3409 3177 3628 3234 dicitur
3668 3181 3751 3233 te-

2110 3258 2564 3333 nere'passuum,
2582 3259 2861 3333 paulatim
2875 3261 3188 3321 altioribus
3205 3263 3260 3319 in
3278 3265 3582 3335 angustias
3595 3279 3754 3322 coar-

2110 3348 2310 3420 etatis,
2350 3352 2412 3404 ut
2462 3349 2690 3420 pondus
2737 3350 3044 3408 imminens
3094 3353 3323 3410 facilius
3365 3357 3747 3412 sustentaret.

2109 3435 2463 3494 Descrihunt
2477 3437 2555 3493 ibi
2571 3437 2786 3516 templa
2802 3453 3147 3510 marmorea,
3163 3439 3460 3514 lapidibus
3474 3443 3752 3514 pretiosis

2111 3539 2372 3596 auroque
2421 3525 2722 3599 distincta,
2746 3532 2809 3583 et
2853 3526 3033 3585 multa
3072 3527 3185 3584 alia
3225 3543 3355 3600 qua
3385 3530 3752 3592 videnturin-

362 3617 807 3688 quadringentis
835 3619 1029 3678 tribus
1057 3621 1246 3692 annis,
1269 3621 1366 3678 cui
1396 3626 1588 3679 tamen
1621 3623 2000 3696 Septuaginta
2033 3637 2084 3702 α
2117 3611 2447 3670 ονθάίῦίιίθι
2508 3618 2730 3672 Auctor
2798 3615 2972 3688 huius
3031 3617 3214 3673 Wl‘l'is
3281 3618 3533 3674 Nemmd
3587 3619 3753 3690 35833

360 3709 496 3777 post
525 3711 722 3764 natum
763 3707 994 3764 Cainam
1015 3707 1321 3766 ascribunt
1339 3723 1522 3768 annos
1545 3710 2006 3783 quadringentos

359 3797 622 3868 triginta,
642 3802 704 3854 et
731 3799 964 3856 Cainam
995 3803 1132 3871 post
1165 3803 1364 3856 natum
1396 3799 1546 3871 Sale,
1579 3805 1886 3858 trecentos
1909 3801 2007 3858 tri-

355 3886 516 3956 ginta
546 3890 703 3945 octo.
741 3886 827 3944 Ab
855 3887 1167 3961 Arphaxad
1197 3889 1500 3947 Samarita
1531 3888 1623 3945 vel
1654 3889 1800 3948 Indi.

429 3976 616 4046 (1724)
645 3975 774 4032 Sale
811 3990 1095 4034 annorum
1138 3977 1378 4047 triginta
1421 3977 1624 4047 genuit
1663 3977 1875 4050 Iieber,
1906 3977 2003 4036 cui

357 4063 687 4136 supervixit
715 4065 882 4120 annis
913 4065 1358 4136 quadringentis
1381 4065 1596 4123 tribus.
1624 4070 1772 4124 Ante
1803 4072 2005 4124 natum

357 4151 568 4223 Heber,
602 4153 980 4226 Septuaginta
1025 4161 1350 4227 posuerunt
1399 4169 1584 4213 annos
1630 4161 1866 4214 centum
1908 4156 2007 4212 tri-

359 4241 542 4312 ginta,
591 4246 818 4315 postea,
865 4247 1166 4301 trecentos
1211 4244 1472 4316 triginta.
1528 4244 1614 4303 Ab
1660 4244 1771 4303 hoc
1813 4245 2006 4303 Heber

363 4329 738 4388 Hebraeorum
768 4345 976 4388 nomen
1006 4337 1067 4388 et
1085 4347 1272 4404 genus
1295 4333 1506 4392 oritur.

433 4418 620 4490 (1785)
633 4420 824 4477 Heber
839 4421 1008 4478 annis
1022 4421 1266 4492 triginta
1281 4427 1534 4495 quatuor
1545 4423 1749 4494 genuit
1765 4423 2002 4493 Phalec,

361 4505 459 4565 cui
480 4508 808 4580 supervixit
829 4509 1276 4582 quadringentis
1295 4511 1535 4582 triginta
1559 4512 1746 4570 annis.
1773 4514 2014 4587 Septua-

361 4597 523 4668 ginta
549 4601 684 4654 ante
715 4602 914 4656 natum
944 4597 1157 4656 Phalec
1193 4614 1443 4672 posuere
1479 4615 1611 4660 ann.
1646 4606 1882 4660 centum
1905 4601 2010 4657 tri-

361 4687 524 4757 ginta
547 4691 820 4760 quatuor,
837 4693 1063 4762 postea,
1089 4690 1375 4749 ducentos
1386 4691 1780 4765 septuaginta.
1795 4687 2006 4746 Phalec

367 4775 794 4850 interpretatur
818 4777 1054 4846 divisio;
1077 4778 1173 4838 cui
1201 4785 1510 4854 propterea
1542 4779 1660 4838 tale
1688 4792 1895 4837 nomen
1918 4791 2010 4851 pa-

366 4870 566 4924 rentes
586 4865 1012 4940 imposuerunt,
1027 4868 1160 4941 quia
1184 4874 1448 4943 tempore
1467 4869 1796 4927 nativitatis
1819 4867 2006 4940 ipsius

2116 3704 2368 3760 exstitit.
2396 3703 2504 3771 Qui
2536 3709 2671 3776 post
2683 3705 3095 3762 confusionem
3125 3705 3454 3778 linguarum
3483 3707 3754 3776 migravit

2117 3793 2252 3851 inde
2273 3792 2346 3849 ad
2369 3794 2602 3863 Persas,
2623 3807 2844 3864 eosque
2867 3793 3059 3865 ignem
3081 3793 3280 3852 colere
3291 3795 3512 3852 docuit.
3528 3795 3751 3853 Abhinc

2115 3898 2356 3942 errores
2377 3882 2639 3954 gentium
2669 3889 3005 3955 creverunt,
3040 3883 3254 3957 templa
3293 3889 3658 3956 constructa,
3695 3890 3756 3941 et

2117 3976 2350 4048 quidam
2390 3974 2650 4045 gentium
2695 3973 2995 4048 principes
3025 3978 3298 4046 tanquam
3328 3972 3407 4030 dii
3439 3977 3578 4029 sunt
3617 3973 3754 4030 ado-

2118 4064 2251 4121 rati.

2188 4155 2375 4226 (1820)
2394 4153 2592 4222 Ragau
2613 4165 2895 4209 annorum
2909 4149 3148 4220 triginta
3165 4148 3280 4206 duo
3293 4147 3497 4219 genuit
3515 4149 3752 4222 Seruth,

2117 4241 2558 4316 cuisuperv’ixit
2579 4240 2748 4297 annis
2777 4238 3047 4296 ducentis
3086 4243 3332 4311 septem.
3376 4238 3754 4310 Septuaginta

2118 4337 2254 4390 ante
2275 4336 2472 4389 natum
2502 4330 2734 4400 Seruth,
2760 4333 2995 4386 centum
3017 4327 3259 4398 triginta
3287 4327 3438 4384 duos
3459 4339 3642 4384 annos
3664 4341 3758 4399 po-

2117 4425 2284 4491 nunt,
2336 4425 2542 4494 postea
2601 4419 2890 4476 ducentos
2931 4421 3089 4474 octo.
3133 4416 3478 4488 Scytharum
3517 4428 3754 4486 regnum

2117 4513 2386 4566 exortum
2408 4514 2523 4579 est,
2547 4507 2648 4566 ubi
2671 4507 2896 4581 primus
2919 4503 3182 4576 regnavit
3209 4504 3452 4560 Tanaus.

2188 4598 2375 4670 (t858)
2417 4598 2629 4656 Seruth
2670 4608 2951 4655 annorum
2990 4592 3232 4660 triginta
3269 4593 3471 4664 genuit
3505 4593 3752 4665 Nachor,

2117 4686 2214 4744 cui
2251 4685 2580 4760 supervixit
2620 4697 2804 4740 annos
2859 4681 3166 4737 ducentos.
3225 4680 3604 4754 Septuaginta
3660 4695 3758 4738 na-

2120 4779 2241 4834 tum
2263 4777 2493 4834 Nachor
2513 4775 2735 4845 ponunt
2756 4783 2942 4828 annos
2964 4773 3199 4826 centum
3221 4769 3485 4842 triginta,
3527 4776 3754 4844 postea,

2117 4864 2424 4921 ducentos.
2459 4858 2860 4932 Egyptiorum
2897 4871 3138 4930 regnum
3173 4859 3354 4918 sumit
3383 4858 3752 4933 principium,

304 4997 313 5002 -
367 4957 538 5048 terra
557 4968 662 5048 per
690 4953 1020 5048 linguarum
1040 4957 1446 5048 confusionem
1473 4957 1660 5048 divisa
1691 4962 1804 5048 est.
1829 4956 2006 5027 Cujus
2033 4983 2088 5048 Β
2121 4951 2468 5048 ubiprilntls
2490 4947 2756 5048 regnarit
2788 4949 2955 5007 Zoes.

365 5039 675 5101 divisionis
707 5043 1002 5102 Arnobius
1033 5045 1236 5104 rhetor
1273 5045 1353 5103 ita
1393 5045 1656 5104 meminit
1692 5046 2006 5117 (ABNOBIUS

363 5129 430 5186 in
449 5128 608 5188 Ρεαι.
641 5133 790 5206 CIV):
817 5135 968 5206 Sem,
988 5134 1378 5207 primogenito
1408 5135 1549 5205 Noe,
1571 5148 1708 5206 pars
1735 5135 1887 5192 facta
1909 5140 2005 5192 est

366 5231 397 5274 a
421 5218 662 5276 Persida
686 5226 748 5278 et
767 5222 998 5281 Bactris
1015 5237 1200 5296 usque
1221 5223 1275 5278 in
1295 5221 1515 5279 Indiam
1538 5219 1730 5294 longe,
1743 5227 1805 5280 et
1823 5237 2008 5296 usque

367 5306 804 5368 Rhinocoruras
825 5331 838 5368 :
859 5327 989 5384 qua
1011 5312 1201 5386 spatia
1215 5316 1504 5368 terrarum
1517 5311 1736 5368 habent
1753 5311 2004 5386 linguas,

367 5409 639 5454 sermone
663 5397 996 5472 barbarico,
1021 5399 1230 5472 viginti
1260 5404 1485 5472 septem
1507 5409 1554 5458 α.
1587 5401 1648 5456 In
1677 5401 1891 5473 quibus
1909 5401 2010 5460 lin-

365 5482 500 5552 guis
529 5491 736 5555 gentes
763 5495 902 5546 sunt
931 5489 1254 5562 patriarum
1287 5487 1700 5562 quadringinta
1731 5503 1856 5562 sex,
1891 5503 2006 5548 non

367 5569 732 5632 diversarum
754 5575 1105 5650 linguarum,
1131 5577 1235 5636 sed
1257 5577 1622 5637 diversarum
1643 5578 1962 5652 patriarum
1987 5597 2000 5636 :

2189 5040 2378 5114 (1878)
2399 5039 2630 5097 Nachor
2647 5052 2930 5096 annorum
2952 5037 3160 5109 viginti
3180 5042 3318 5096 octo
3339 5036 3755 5108 genuitThare,

2116 5131 2212 5190 cui
2251 5127 2584 5203 supervixit
2603 5142 2788 5186 annos
2827 5133 3062 5186 centum
3082 5131 3145 5184 et
3171 5125 3593 5184 novemdecim.
3623 5127 3758 5198 Sep-

2119 5219 2381 5292 tuaginta
2417 5222 2552 5276 ante
2570 5223 2770 5276 natum
2799 5217 2983 5274 Thare
3003 5221 3226 5289 ponunt
3260 5215 3630 5289 septuaginta
3661 5228 3760 5270 no-

2117 5324 2266 5380 vem,
2298 5313 2526 5382 postea,
2561 5311 2798 5365 centum
2829 5305 3071 5376 triginta
3109 5317 3336 5362 novem.
3385 5303 3759 5376 Assyriorum

2120 5411 2361 5470 regnum
2379 5404 2442 5454 et
2459 5397 2861 5468 Sicyoniorum
2883 5393 3152 5452 nascitur
3174 5411 3190 5461 ;
3213 5393 3317 5450 sed
3341 5391 3564 5467 primus
3585 5391 3640 5446 in
3663 5394 3762 5447 As-

2117 5488 2296 5562 syriis
2326 5486 2594 5559 regnavit
2624 5483 3005 5557 Belus,quem
3035 5483 3268 5556 quidam
3301 5484 3612 5540 Saturnum
3649 5480 3764 5536 exi-

2118 5577 2361 5635 stimant
2383 5593 2396 5630 :
2423 5575 2481 5631 in
2503 5573 2771 5646 Sicyonia
2789 5571 3103 5644 (Egialeus,
3123 5583 3154 5627 a
3177 5585 3294 5643 quo
3309 5567 3578 5644 Egyalea
3616 5582 3733 5626 nun

435 5756 463 5787 ιι
494 5746 868 5818 Philastrius,
900 5747 1216 5804 Hocreseon
1246 5758 1372 5820 cap.
1406 5751 1549 5818 106;
1582 5747 1849 5823 pluribus
1876 5745 2092 5818 linguis
2121 5743 2384 5804 homines
2417 5745 2550 5800 ante
2581 5738 2756 5796 Babel
2787 5740 3002 5794 asserit
3029 5748 3191 5794 usos.
