4086 6178
333 317 405 374 29
1467 288 1892 371 cuncmcou.
1933 337 2004 354 -
2042 310 2238 370 mas
2276 310 2615 372 saeuum.
3678 322 3747 377 ao

326 443 548 513 cupata
579 443 697 510 est,
740 451 867 510 quae
907 438 1192 494 hactenus
1233 434 1674 511 Peloponnesus
1711 440 1977 495 vocatur.
2010 435 2068 496 Α
2098 436 2591 494 resurrectionem
2635 448 2797 493 suam
2838 434 3426 510 Christus’Spiritum
3472 448 3742 502 sanctum

331 529 540 597 Ninus,
566 540 671 583 rex
706 528 1079 599 Assyriorum
1110 525 1353 599 primus,
1388 525 1775 599 propagandm
1806 525 1988 581 domi-

330 617 594 674 nationis
627 614 891 686 libidine,
926 628 1085 671 arma
1120 615 1277 670 foras
1308 614 1986 685 extulit,cruenlamque

331 707 519 763 vitam
556 704 783 775 magnis
806 717 912 776 per
942 708 1127 760 totam
1159 703 1354 760 Asiam
1388 702 1559 759 bellis
1590 703 1730 774 egit.

402 795 602 867 (1948)
629 793 808 849 Thare
846 805 1129 848 annorum
1162 792 1533 865 septuaginta
1574 792 1776 861 genuit
1807 790 1987 848 Abra~

327 886 494 955 ham,
513 884 611 940 cui
632 880 959 953 supervixit
980 893 1163 937 annos
1184 886 1419 937 centum
1441 879 1681 949 triginta
1706 880 1982 950 quinque.

330 973 451 1030 Sub
478 987 597 1043 quo
620 972 988 1040 Zoroastres,
1015 969 1256 1039 magicae
1286 969 1577 1038 inventor,
1611 981 1642 1024 a
1671 968 1816 1025 Nino
1850 980 1985 1038 rege

333 1061 638 1118 occiditur
662 1078 674 1114 :
701 1058 800 1129 qui
823 1057 1006 1114 Ninus
1030 1058 1179 1131 ipse,
1205 1056 1339 1113 dum
1362 1055 1729 1113 deﬁcientem
1753 1070 1783 1111 a
1808 1070 1871 1113 se
1893 1071 1988 1128 0p—

338 1153 559 1223 pugnat
580 1146 808 1216 urbem,
836 1145 1051 1215 sagitta
1066 1146 1222 1202 ictus
1245 1144 1491 1215 interiit,
1516 1143 1782 1215 murique
1805 1145 1987 1218 Baby-

338 1237 509 1294 loniae
532 1250 562 1292 a
581 1234 962 1292 Semiramide
982 1234 1180 1305 regina
1214 1233 1589 1306 Assyriorum
1619 1233 1987 1291 aediﬁcantur

330 1329 568 1399 (Bsnos.
586 1324 624 1381 l.
649 1324 749 1395 v.).
768 1325 1063 1381 Hactenus
1082 1323 1339 1379 secunda
1365 1321 1567 1379 saaculi
1589 1328 1735 1380 aetas
1756 1327 1987 1394 proten-

330 1415 519 1485 ditur,
565 1413 826 1482 ﬁuntquc
856 1411 990 1469 anni
1020 1425 1051 1468 a
1089 1410 1310 1467 diluvio
1343 1424 1528 1483 usque
1559 1410 1631 1466 ad
1670 1410 1981 1481 Abraham,

330 1502 494 1559 mille
527 1500 900 1575 septuaginta
934 1499 1071 1571 duo,
1102 1499 1423 1557 secundum
1452 1498 1748 1570 vulgatam
1775 1498 1985 1554 editio-

328 1605 485 1660 nem,
532 1589 588 1645 id
627 1594 721 1646 est
765 1590 1144 1661 Septuaginta
1192 1588 1624 1660 interpretum:
1662 1586 1983 1644 secundum

327 1693 474 1735 vero
520 1678 901 1734 Hebraeorum
945 1677 1204 1746 codices,
1250 1675 1423 1746 longe
1467 1674 1777 1748 pauciores
1828 1675 1985 1731 inve-

327 1767 596 1835 niuntur,
631 1766 688 1823 id
721 1770 814 1822 est
846 1765 1116 1822 ducentis
1145 1764 1460 1833 nonaginta
1493 1764 1742 1821 duobus.

405 1857 464 1910 In
479 1855 586 1910 hac
600 1854 860 1910 secunda
873 1859 1047 1910 aetate
1070 1867 1254 1910 sacrae
1267 1852 1482 1909 littera:
1493 1850 1818 1921 continent,
1835 1865 1981 1923 prte-

331 1948 430 2000 ter
446 1944 759 2000 veritatem
783 1942 1147 2013 historicum,
1172 1940 1344 1997 ﬁdem
1371 1945 1430 1996 et
1453 1939 1841 1996 sacramentis
1864 1938 1979 2011 ple-

330 2046 463 2087 nam
484 2034 727 2088 Patrum
750 2030 1164 2087 obedientiam.
1190 2030 1250 2084 lu
1280 2030 1389 2086 hac
1420 2029 1541 2084 Noe
1568 2027 1832 2099 mysticze
1859 2028 1981 2099 jus-

328 2121 557 2177 sioniet
570 2121 808 2177 fabricae
830 2118 1134 2189 obediens,
1150 2131 1345 2173 arcam
1368 2116 1636 2188 ﬁguratis
1648 2115 1908 2172 numeris
1920 2119 1981 2170 et

329 2210 627 2267 mensuris
666 2209 982 2277 fabricans,
1013 2220 1257 2277 eamque
1287 2206 1519 2263 mundis
1551 2203 1980 2273 immundisque

328 2298 706 2363 animalibus,
726 2302 791 2354 ut
807 2297 861 2354 ei
884 2300 1240 2369 praeceptum
1266 2295 1455 2350 fuerat
1490 2292 1758 2365 implens,
1783 2289 1981 2347 Eccle-

330 2388 480 2443 siam
503 2391 768 2443 sanctam
788 2385 960 2441 nobis
983 2383 1339 2456 composuit,
1356 2381 1619 2437 miriﬁcis
1652 2392 1982 2438 sacramen-

330 2477 413 2531 tis
449 2473 1129 2544 redundantem,lignum
1164 2471 1460 2544 passionis
1481 2474 1541 2526 et
1565 2468 1763 2526 crucis
1796 2469 1981 2523 feren-

330 2569 472 2633 tem,
514 2569 704 2619 morte
743 2561 959 2619 Christi
989 2560 1266 2633 baptismi
1300 2558 1548 2629 gratiam
1584 2557 1977 2626 exhibentem,

330 2652 588 2723 pretium
602 2656 868 2707 nostrum
889 2654 1162 2720 tanquam
1177 2663 1281 2721 per
1292 2648 1509 2705 ostium
1531 2646 1736 2703 lateris
1750 2658 1982 2701 manau-

327 2739 758 2812 temzperquod
771 2737 1039 2795 columba
1052 2737 1254 2795 eadem
1268 2737 1396 2810 ipsa
1409 2736 1671 2793 Ecclesia
1688 2740 1852 2791 tanto
1867 2748 1981 2789 mu-

326 2841 480 2883 nere
502 2828 702 2882 dotata
734 2826 1054 2899 processit:
1088 2831 1148 2882 et
1168 2839 1384 2882 corvus
1407 2824 1724 2883 haereticus
1752 2823 1976 2890 exiens,

327 2915 529 2971 tantis
543 2915 917 2971 sacramentis
940 2914 1235 2985 indignus,
1261 2913 1333 2969 ab
1358 2912 1453 2968 illa
1477 2927 1606 2983 quas
1631 2915 1878 2981 texerat,
1902 2909 1981 2965 ni-

327 3004 585 3073 gredine
599 3002 819 3075 peccati
836 3002 1091 3073 illectus,
1110 3001 1481 3058 transvolans
1495 3000 1731 3056 humani
1744 2999 1981 3054 cadave.

331 3094 419 3148 ris
461 3090 788 3164 cupiditate
817 3091 1157 3161 naufragus,
1192 3089 1409 3147 reverti
1449 3088 1793 3146 contemnit.
1829 3089 1976 3143 Area

330 3152 712 3237 construitur
731 3193 762 3236 a
783 3181 902 3236 Noe
925 3180 997 3235 de
1027 3152 1207 3248 lignis
1221 3192 1336 3235 non
1358 3175 1862 3250 putrescentibus,
1877 3175 1981 3229 Ec-
2008 3152 2060 3216 Ο

332 3269 522 3325 etesia
546 3269 920 3326 construitur
939 3283 971 3325 a
994 3266 1228 3324 Christo
1249 3281 1320 3323 ex
1343 3265 1676 3322 hominibus
1701 3263 1758 3320 in
1772 3261 1982 3334 sempi-

336 3366 572 3415 ternum
588 3356 863 3429 victuris,
883 3371 1011 3429 qua:
1033 3368 1186 3414 nunc
1208 3355 1265 3412 in
1297 3354 1575 3412 ﬂuctibus
1587 3355 1761 3427 hujus
1783 3351 1981 3410 mundi

336 3452 521 3503 natat.
949 3448 959 3453 ’
1563 3463 1612 3508 :-
1672 3448 1687 3494 ἱ
1762 3476 1771 3509 ε
1886 3468 1918 3511 :

412 3535 577 3601 Quod
601 3539 798 3590 autem
821 3533 893 3590 de
915 3530 1222 3605 quadratis
1245 3530 1423 3603 lignis
1446 3530 1571 3592 ﬁeri
1586 3529 1847 3602 iubetur,
1864 3536 1986 3585 sta.

338 3622 515 3678 bilem
535 3623 719 3679 vitam
746 3627 1086 3679 sanctorum
1106 3621 1420 3692 signiﬁcat,
1445 3620 1701 3691 undique
1722 3621 1793 3677 ad
1814 3633 1984 3675 omne

335 3726 487 3783 Opus
504 3712 720 3768 bonum
737 3716 998 3783 paratam
1019 3729 1032 3767 :
1055 3724 1404 3782 quocunque
1422 3709 1576 3767 enim
1589 3708 1841 3775 verteris
1853 3706 1987 3780 qua:

336 3798 1092 3870 dratum,ﬁrmiterstabit.
1382 3814 1400 3860 ς
1500 3824 1503 3827 ι
1566 3810 1571 3827 ε
1830 3810 1841 3815 τ

407 3888 578 3954 Quod
597 3887 881 3943 bitumine
899 3885 1268 3956 glutinantur
1280 3899 1431 3944 arcas
1450 3884 1604 3956 ligna
1628 3884 1987 3941 intrinsecus

338 3980 398 4032 et
418 3976 817 4047 extrinsecus,
843 3975 987 4032 utin
1008 3988 1290 4048 compage
1332 3973 1579 4031 unitatis
1622 3972 1990 4042 signiﬁcetur

342 4064 658 4121 tolerantia
676 4064 1012 4136 charitatis,
1053 4078 1126 4120 ue
1166 4063 1463 4121 scandulis
1502 4061 1826 4119 Ecclesiam
1866 4067 1996 4119 ten-

346 4154 631 4223 tantibus,
660 4152 785 4209 sive
806 4152 878 4209 ab
901 4152 995 4209 his
1017 4153 1117 4224 qui
1144 4152 1301 4209 intus
1324 4156 1483 4222 sunt,
1509 4151 1633 4208 sive
1654 4152 1727 4208 ab
1751 4150 1868 4209 illis
1891 4150 1991 4223 qui

344 4240 492 4296 foris
513 4246 670 4312 sunt,
695 4241 869 4297 cedat
891 4240 1149 4297 fraterna
1168 4240 1465 4312 junctura,
1489 4245 1551 4296 et
1578 4239 1772 4296 solvat
1799 4240 1994 4296 vincu-

341 4328 458 4385 lum
481 4330 647 4402 pacis
670 4349 684 4385 :
704 4334 799 4385 est
824 4329 979 4386 enim
1012 4329 1272 4385 bitumen
1289 4328 1786 4386 ferventissimum
1798 4334 1855 4385 et
1878 4328 1996 4384 vio-

340 4418 739 4474 lentissimum
750 4417 976 4489 gluten,
994 4416 1333 4487 signiﬁcans
1347 4416 1684 4474 dilectionis
1698 4418 1991 4488 ardorem,

2095 526 2476 583 credentibus
2490 526 2670 583 misit.
2688 526 2852 594 Quod
2866 531 3059 583 autem
3073 527 3200 597 ejus
3223 528 3473 586 altitudo
3502 532 3743 603 triginta

2096 614 2316 672 cubitis
2339 614 2550 687 surgit,
2576 628 2747 687 quem
2768 628 3069 671 numerum
3103 614 3302 673 decies
3333 617 3509 675 habet
3544 620 3600 676 in
3631 625 3747 677 tre-

2096 703 2286 760 centis
2309 703 2531 760 cubitis
2552 702 2879 773 longitudo,
2917 703 3051 773 quia
3086 702 3355 760 Christus
3376 711 3470 762 est
3491 707 3743 764 altitudo

2097 796 2320 863 nostra,
2347 792 2444 863 qui
2468 793 2710 864 triginta
2735 790 3264 864 annorumﬂaetatem
3279 806 3510 864 gerens,
3535 795 3750 852 doctri-

2097 893 2226 936 nam
2241 880 2636 950 evangelicam
2650 880 3042 951 consecravit,
3058 884 3401 937 contestans
3425 880 3609 952 legem
3630 898 3742 940 non

2097 983 2162 1027 so
2175 969 2410 1026 venisse
2434 968 2683 1040 solvere,
2700 968 3156 1042 sedjadimplere.
3177 969 3341 1036 Quod
3358 970 3553 1027 sexies
3571 970 3741 1041 longa

2097 1059 2169 1115 ad
2193 1057 2559 1115 latitudinem
2583 1063 2843 1128 suam,et
2857 1057 3054 1115 decies
3066 1057 3138 1113 ad
3160 1056 3529 1115 altitudinem
3560 1073 3744 1131 suam,

2094 1145 3109 1218 humanicorporisinstarostendit,
3127 1144 3183 1201 in
3209 1160 3325 1216 quo
3358 1146 3627 1204 Christus
3658 1161 3751 1220 ap-

2097 1235 2290 1307 paruit
2316 1254 2328 1291 :
2354 1233 2625 1307 corporis
2647 1235 2797 1291 enim
2824 1234 3130 1305 longitudo
3152 1248 3182 1290 a
3203 1235 3426 1291 vertice
3456 1249 3643 1306 usque
3675 1236 3747 1293 ad

2095 1323 2429 1394 vestigium,
2455 1322 2649 1381 sexies
2672 1328 2896 1380 tantum
2919 1323 3115 1394 habet,
3152 1326 3431 1394 quantum
3469 1322 3745 1394 latitudo,

2095 1427 2223 1484 quae
2245 1417 2337 1468 est
2359 1412 2430 1467 ab
2452 1426 2564 1469 uno
2589 1411 2773 1469 latere
2795 1413 2866 1467 ad
2891 1411 3141 1468 alterum
3166 1411 3342 1481 latus,
3367 1425 3397 1467 a
3421 1411 3663 1468 dextera
3686 1413 3743 1468 in

2095 1501 2418 1571 sinistram,
2434 1499 2570 1557 vela
2587 1500 2899 1557 sinistrain
2924 1500 3252 1556 dexteram:
3271 1504 3329 1555 et
3352 1498 3552 1556 decies
3572 1514 3744 1571 quam

2093 1589 2301 1646 altusa
2327 1595 2503 1646 terra.
2540 1588 2702 1645 Unde
2744 1589 2894 1645 facta
2938 1593 3030 1645 est
3072 1600 3206 1643 arca
3247 1592 3646 1644 trecentorum
3688 1589 3743 1644 in

2094 1677 2457 1747 longitudine
2496 1677 2851 1747 cubitorum,
2891 1681 2951 1734 et
2989 1675 3407 1748 quinquaginta
3448 1674 3507 1733 in
3548 1674 3746 1734 latitu-

2005 1783 2059 1844 Β
2093 1766 2246 1837 dine,
2271 1770 2332 1822 et
2352 1764 2591 1836 triginta
2618 1765 2673 1820 in
2693 1763 3023 1821 altitudine.

2163 1854 2375 1911 Eadem
2407 1867 2541 1910 arca
2576 1852 2827 1909 collecta
2859 1853 2912 1908 in
2948 1867 3123 1910 unum
3162 1852 3445 1924 cubitum,
3489 1852 3745 1926 desuper

2091 1948 2569 2016 consummatur:
2597 1941 2680 1998 sic
2710 1940 2995 2013 Ecclesia,
3027 1956 3246 2014 corpus
3279 1942 3519 2013 Christi,
3548 1943 3603 1998 in
3627 1942 3744 1999 uni-

2092 2037 2213 2087 tate
2242 2030 2494 2086 collecta
2528 2029 2882 2086 sublimatur
2910 2034 2970 2086 et
3001 2029 3326 2102 perﬁcitur.
3354 2030 3520 2096 Quod
3543 2034 3739 2086 autem

2090 2119 2286 2175 aditus
2308 2119 2361 2173 ei
2395 2119 2474 2173 sit
2504 2132 2534 2173 a
2565 2117 2771 2188 latere,
2805 2131 2973 2173 nemo
3003 2118 3217 2188 quippe
3250 2118 3430 2172 intrat
3468 2117 3525 2172 in
3549 2116 3742 2172 Eccle

2091 2207 2257 2276 siam,
2290 2206 2404 2262 nisi
2437 2220 2541 2278 per
2561 2209 2992 2261 sacramentum
3018 2204 3440 2277 redemptionis
3473 2209 3743 2276 peccato-

2092 2309 2239 2364 rum,
2270 2294 2427 2365 quod
2459 2307 2531 2349 ex
2564 2293 2779 2350 Christi
2813 2288 2998 2350 latere
3028 2297 3232 2364 aperto
3273 2291 3548 2350 manavit.

2162 2382 2326 2450 Quod
2369 2382 2647 2438 inferiora
2687 2394 2839 2438 arcas
2882 2381 3237 2437 bicamerata
3267 2385 3328 2436 et
3362 2379 3740 2437 tricamerata

2091 2475 2540 2541 construuntur,
2574 2470 2661 2528 sic
2687 2485 2761 2527 ex
2783 2469 3056 2526 omnibus
3078 2468 3354 2539 gentibus
3375 2469 3470 2525 vel
3508 2469 3744 2541 biperti-

2090 2563 2208 2616 tam
2241 2558 2677 2616 multitudinem
2704 2562 3029 2628 congregat
3057 2556 3345 2627 Ecelesia,
3372 2560 3618 2630 propter
3639 2557 3744 2614 cii~

2089 2648 2507 2706 cumcisionem
2521 2653 2583 2705 et
2597 2647 2968 2721 praeputium,
2985 2646 3079 2704 vel
3094 2647 3473 2719 tripertitam,
3500 2652 3744 2720 propter

2091 2737 2383 2809 tresjﬁlios
2415 2737 2555 2807 Noe,
2582 2750 2829 2807 quorum
2854 2735 3133 2807 progenie
3155 2735 3418 2808 repletus
3440 2739 3533 2791 est
3553 2734 3738 2791 orbis.

2089 2827 2224 2883 Ideo
2247 2840 2400 2883 arcas
2433 2825 2709 2882 inferiora
2738 2824 2895 2881 dicta
2919 2828 3078 2896 sunt,
3103 2824 3236 2895 quia
3283 2824 3339 2880 in
3371 2824 3476 2880 hac
3513 2828 3740 2880 terrena

2088 2914 2207 2972 vita
2221 2919 2316 2971 est
2337 2913 2654 2971 diversitas
2676 2912 2956 2983 gentium.
2983 2915 3044 2969 In
3067 2926 3289 2969 summa
3314 2916 3507 2968 autem
3539 2925 3740 2968 omnes

2091 3001 2146 3057 in
2177 3016 2351 3059 unum
2383 3014 2860 3056 consummamur
2891 3019 2903 3053 :
2946 3005 3007 3054 et
3048 3013 3163 3054 non
3201 3003 3294 3054 est
3334 2998 3414 3053 ibi
3456 2997 3739 3069 varietas,

2088 3090 2222 3161 quia
2254 3088 2445 3145 omnia
2474 3092 2534 3144 et
2569 3087 2625 3143 in
2656 3086 2927 3143 omnibus
2960 3085 3251 3143 Christus.

2161 3177 2577 3245 Quod'cuncta
2632 3174 2965 3231 animalium
3008 3172 3388 3230 includuntur
3433 3186 3645 3243 genera
3685 3174 3740 3230 in

2087 3279 2246 3336 arca,
2278 3265 2412 3336 quia
2444 3279 2518 3321 ex
2551 3263 2823 3320 omnibus
2856 3261 3133 3332 gentibus
3154 3266 3213 3318 et
3248 3261 3589 3318 nationibus
3611 3276 3743 3318 con-

2092 3354 2357 3424 gregatio
2391 3354 2469 3440 sit
2509 3352 2566 3425 i_n
2596 3351 2860 3440 Ecclesia
2887 3370 2899 3406 :
2930 3350 3085 3421 quod
3117 3348 3292 3405 etiam
3315 3351 3492 3406 Petro
3513 3350 3741 3407 demon-

2070 3445 2319 3508 vstratus
2583 3439 2701 3516 .iile
2742 3438 3056 3509 signiﬁcat,
3100 3438 3256 3509 quod
3295 3436 3505 3494 munda
3547 3443 3605 3495 et
3642 3440 3740 3494 im-

2046 3530 2305 3586 wmnu‘da
2328 3528 2413 3585 ibi
2447 3526 2859 3586 sint-animalia
2883 3525 3154 3596 (Aemi);
3187 3526 3345 3583 sicut
3376 3526 3433 3582 in
3462 3525 3741 3583 Ecclesiae

2096 3618 2503 3688 sacramentis,
2537 3622 2597 3693 et
2630 3617 2764 3696 boni
2796 3620 2856 3672 et
2887 3614 3021 3671 mali
3053 3618 3383 3672 versantur.

2158 3706 2333 3778 Quod
2382 3709 2624 3783 septena
2674 3708 2811 3787 sunt
2858 3703 3090 3775 munda,
3138 3707 3198 3759 et
3245 3702 3377 3758 bina
3425 3701 3740 3773 immunda,

2098 3794 2392 3865 idecquis
2427 3793 2561 3849 boni
2593 3800 2830 3850 servant
2853 3791 3135 3848 unitatem
3158 3790 3405 3863 spiritus
3430 3789 3486 3844 in
3506 3789 3741 3847 vinculo

2099 3882 2285 3955 pacis,
2315 3886 2583 3937 sanctum
2611 3884 2805 3936 autem
2834 3878 3115 3950 Spiritum
3139 3878 3196 3933 in
3229 3877 3423 3933 divina
3439 3878 3740 3947 Scriptura

2100 3970 2157 4026 in
2181 3967 2508 4041 septiformi
2530 3966 2873 4040 operatione
2896 3964 3284 4034 commendat,
3310 3962 3445 4019 mali
3468 3968 3661 4020 autem
3684 3965 3740 4020 in

2102 4057 2332 4116 binario
2369 4069 2611 4113 numero
2656 4054 2975 4112 schismata
3001 4051 3203 4111 faciles
3228 4056 3288 4109 et
3315 4050 3743 4124 quodammodo

2103 4144 2435 4204 divisibiles
2465 4142 2876 4201 ostenduntur.

2174 4234 2338 4303 Quod
2353 4234 2481 4305 ipse
2492 4234 2611 4289 Noe
2624 4246 2755 4289 cum
2773 4231 2900 4288 suis
2912 4234 3160 4287 octavus
3172 4228 3672 4300 numeratur,quia
3688 4230 3743 4286 in

2106 4323 2340 4380 Christo
2354 4335 2493 4394 spes
2507 4319 2964 4377 resurrectionis
2979 4322 3200 4375 nostrae
3215 4318 3505 4390 apparuit,
3536 4318 3635 4389 qui
3657 4332 3747 4373 oc-

2104 4416 2236 4467 tava
2261 4411 2374 4481 die,
2401 4409 2458 4467 id
2471 4414 2565 4467 est
2581 4414 2717 4483 post
2731 4407 2971 4465 Sabbati
2987 4407 3362 4481 septimam,a
3386 4406 3635 4464 mortuis
3660 4420 3745 4463 re-

341 4521 550 4577 magna
574 4506 921 4564 fortitudine
942 4505 1014 4562 ad
1039 4504 1348 4563 tenendam
1372 4504 1718 4562 societatem
1753 4506 1989 4579 spirita-
2016 4500 2070 4562 D
2101 4500 2380 4558 surrexit.

343 4594 454 4651 lem
476 4595 669 4651 omnia
693 4594 1061 4652 tolerantem.

412 4683 585 4751 Quod
604 4683 890 4742 trecentis
912 4683 1133 4741 cubitis
1157 4695 1294 4740 arca
1316 4680 1490 4752 longa
1529 4685 1642 4754 est,
1687 4686 1752 4739 ut
1793 4682 1986 4742 sexies

342 4770 768 4843 quinquaginta
780 4772 1214 4845 compleantur:
1238 4771 1511 4829 sicutsex
1527 4770 1805 4829 aetatibus
1818 4785 1988 4830 omne

343 4860 520 4930 hujus
542 4859 751 4917 saeculi
768 4864 1000 4933 tempus
1020 4858 1377 4931 extenditur,
1396 4859 1453 4916 in
1477 4859 1694 4931 quibus
1716 4859 1988 4917 omnibus

345 4947 621 5004 Christus
638 4960 933 5018 nunquam
958 4946 1191 5005 destitit
1214 4947 1542 5019 praedicari,
1560 4947 1662 5004 sed
1685 4947 1744 5003 in
1770 4952 1991 5005 trecen-

345 5033 427 5090 tis
449 5033 670 5092 cubitis
693 5033 925 5104 signum
946 5034 1089 5105 ligni
1107 5034 1402 5107 passionis
1417 5035 1782 5093 ostenditur:
1802 5035 1990 5108 ipsius

342 5123 497 5178 enim
519 5120 737 5180 litterae
769 5135 1048 5179 numerus
1089 5122 1287 5178 crucis
1329 5123 1697 5179 demonstrat
1735 5123 1987 5195 signum,

344 5224 486 5282 quo,
510 5210 659 5267 socii
689 5209 908 5267 Christi
937 5208 1234 5282 passionis
1262 5209 1462 5267 effecti
1488 5223 1592 5283 per
1612 5210 1988 5284 baptismum,

347 5298 778 5367 longitudinem
798 5297 933 5355 vitae
954 5303 1191 5356 mternaa
1225 5297 1626 5371 adipiscimur.
1665 5299 1830 5367 Quod
1852 5313 1990 5356 vero

2168 4587 2333 4657 Quod
2361 4593 2498 4661 post
2520 4591 2745 4660 septem
2769 4586 2896 4645 dies
2930 4600 3002 4644 ex
3025 4600 3140 4657 quo
3172 4585 3474 4655 ingressus
3503 4589 3598 4644 est
3627 4584 3745 4640 Noe

2100 4678 2157 4734 in
2178 4691 2373 4735 arcam
2396 4678 2616 4743 factum
2638 4681 2732 4732 est
2753 4674 3057 4745 diluvium,
3089 4673 3223 4745 quia
3251 4673 3310 4729 in
3342 4686 3504 4745 spem
3535 4674 3744 4729 futurae

2098 4766 2337 4839 quietis,
2353 4780 2482 4836 quae
2496 4764 2747 4837 septimo
2771 4763 2865 4821 die
2886 4760 3214 4832 signiﬁcata
3228 4766 3340 4832 est,
3359 4760 3742 4833 baptizamur.

2170 4853 2335 4922 Quod
2359 4858 2781 4925 przeterarcam
2798 4851 2990 4908 omnis
3003 4864 3142 4908 caro
3166 4864 3339 4922 quam
3351 4855 3508 4906 terra
3522 4850 3745 4903 susten-

2100 4941 2285 5013 tabat,
2310 4940 2531 4998 diluvio
2560 4946 2909 5013 consumpta
2935 4945 3048 5011 est,
3064 4939 3199 5011 quia
3233 4943 3446 5011 praeter
3464 4933 3743 4992 Ecclesiae

2102 5030 2622 5101 societatem,aqna
2639 5028 2916 5102 baptismi
2932 5027 3197 5101 quamvis
3209 5025 3408 5082 eadem
3423 5022 3642 5093 sit,non
3656 5037 3745 5079 so-
3834 5020 3839 5023 λ

2103 5119 2220 5176 lum
2232 5134 2348 5176 non
2361 5117 2519 5176 valet
2538 5117 2609 5174 ad
2636 5117 3028 5190 salutem,sed
3053 5115 3250 5189 potius
3269 5110 3427 5169 valet
3457 5110 3531 5169 ad
3561 5113 3745 5186 perni-

2101 5222 2338 5364 eligite
2363 5295 2750 5368 quadraginta
2777 5295 2984 5353 diebus
2997 5288 3455 5362 etquadraginta
3468 5289 3745 5348 noctibus

343 5386 569 5443 cubitis
599 5386 1023 5458 quinquaginta
1046 5385 1297 5443 latitudo
1319 5387 1449 5457 ejus
1463 5387 1836 5461 expanditur,
1860 5387 1994 5444 insi-
2105 5384 2274 5459 pluit,
2301 5385 2434 5458 quia
2457 5386 2646 5442 omnis
2673 5391 2870 5442 reatus
2893 5385 3268 5455 peccatorum
3293 5380 3349 5438 in
3370 5381 3570 5439 decem
3602 5393 3746 5452 pra:-

344 5478 489 5530 nuat
509 5474 668 5545 quod
689 5473 872 5531 corda
909 5473 1275 5531 credentium
1317 5474 1572 5547 Spiritus
1611 5476 1799 5533 sancti
1838 5476 1992 5533 dono
2104 5475 2294 5546 ceptis
2316 5473 2464 5545 legis
2487 5473 2819 5529 admittitur
2841 5485 2944 5543 per
2965 5468 3300 5528 universum
3331 5469 3532 5527 orbem
3562 5472 3746 5524 terra-

345 5561 1017 5622 ebaritatedilatantur:
1044 5563 1194 5622 unde
1225 5563 1708 5636 quinquagesimo
1736 5565 1829 5622 die
1860 5570 1995 5638 post
2106 5578 2232 5620 rum
2275 5582 2288 5620 :
2332 5562 2431 5635 qui
2469 5566 2724 5634 quatuor
2763 5560 3028 5633 partibus
3066 5560 3423 5631 continetur,
3476 5556 3599 5614 sive
3648 5552 3745 5609 ille
