4086 6178
351 279 411 335 δι
1409 267 1464 327 S.
1507 265 1764 324 ADONIS
1802 262 2237 326 ARCHIEPISC.
2273 263 2687 341 VIENNENSIS
3681 284 3751 348 33

351 405 571 470 reatus,
597 395 779 470 quiad
801 394 927 452 dies
945 392 1219 466 pertinet,
1241 405 1313 450 ex
1337 404 1530 450 rerum
1554 387 1982 464 prosperitate;
2009 385 2068 457 Α
2097 385 2296 458 vitam,
2321 402 2449 458 quae
2473 389 2528 444 in
2553 389 2663 446 hoc
2686 391 2901 450 mundo
2923 393 3120 463 agitur
3150 395 3463 466 signiﬁcat.
3490 401 3755 477 Denique.

351 487 475 546 sive
489 486 586 558 qui
608 485 680 540 ad
702 488 928 554 noctes,
954 496 1026 539 ex
1047 495 1240 540 rerum
1264 479 1622 538 adversitate
1643 480 1989 536 contractus

351 574 451 646 sit,
477 576 844 630 sacramento
867 570 1145 646 baptismi
1166 568 1445 628 abluitur.

423 661 587 728 Quod
617 663 736 717 Noe
772 661 1220 732 quingentorum
1259 667 1386 716 erat
1419 671 1723 730 annorum,
1767 670 1897 715 cum
1937 655 1989 712 ei

350 750 585 808 locutus
607 754 700 808 est
727 749 1004 806 Dominus
1028 752 1092 806 ut
1113 761 1306 804 arcam
1346 747 1459 806 sibi
1503 748 1740 818 faceret,
1773 749 1832 801 et
1863 759 1992 802 sex-

349 843 556 896 centos
577 837 787 908 agebat
809 851 992 896 annos
1014 851 1146 896 cum
1171 837 1225 894 in
1256 850 1382 892 eam
1417 837 1624 894 fuisset
1659 837 1984 906 ingressus,

351 926 719 996 signiﬁcatur
749 931 913 984 sexta
945 930 1119 984 aetate
1151 925 1206 984 in
1241 925 1712 983 manifestatione
1743 937 1988 996 evange-

351 1015 482 1086 lica,
514 1013 835 1072 Ecclesiam
876 1014 1354 1086 construendum,
1399 1015 1553 1086 quod
1593 1020 1652 1070 et
1693 1013 1990 1072 secundus

347 1103 564 1160 mensis
586 1103 720 1163 anni
743 1103 1176 1174 sexcentesimi,
1201 1118 1314 1175 quo
1339 1104 1520 1160 intrat
1544 1105 1674 1176 ,Noe
1707 1103 1762 1159 in
1795 1117 1988 1158 arcam

349 1191 662 1263 signiﬁcat,
689 1193 802 1252 duo
816 1193 968 1250 enim
991 1206 1221 1250 menses
1245 1193 1476 1252 senario
1499 1207 1738 1254 numero
1761 1191 1992 1254 conclu-

351 1280 568 1338 duntur
599 1299 616 1350 ;
649 1295 679 1338 a
711 1281 943 1338 senario
975 1282 1127 1340 enim
1158 1297 1420 1356 numero,
1453 1287 1512 1340 et
1552 1283 1856 1352 sexaginta
1895 1297 1991 1338 co-

350 1371 781 1442 gnominantur,
805 1375 864 1428 et
887 1371 1148 1428 sexcenti
1174 1375 1233 1428 et
1255 1385 1360 1428 sex
1382 1371 1582 1443 millia,
1606 1376 1666 1428 et
1682 1373 1986 1442 sexaginta

351 1458 552 1530 millia,
581 1463 642 1516 et
670 1465 946 1516 sexcenta
977 1457 1179 1530 millia,
1211 1463 1271 1516 et
1302 1460 1584 1532 quidquid
1625 1461 1901 1534 deinceps
1931 1461 1988 1520 in

350 1547 670 1620 majoribus
692 1547 934 1605 summis
967 1562 1070 1622 per
1107 1547 1370 1606 eumdem
1411 1549 1723 1608 articulum
1763 1551 1989 1608 numeri

353 1635 407 1692 in
432 1634 716 1694 inﬁnitum
741 1637 1065 1708 consurgit.
1091 1639 1162 1694 Et
1183 1638 1338 1710 quod
1359 1639 1677 1710 vigesimus
1702 1640 1989 1715 septimus

2102 479 2238 546 post
2259 481 2483 548 septem
2506 477 2631 536 dies
2652 479 2892 538 dimissa
2917 488 3161 556 propter
3184 483 3341 544 illam
3355 493 3747 560 septenariam

2101 565 2500 636 operationem
2514 568 2860 641 spiritalem,
2877 570 3046 630 olivae
3061 572 3430 634 fructuosum
3444 581 3748 642 surculum

2103 651 2304 710 retulit
2336 673 2348 709 :
2381 669 2495 726 quo
2525 655 2887 726 signiﬁcaret
2917 659 3232 718 nonnullos
3262 663 3438 724 etiam
3461 674 3626 726 extra
3651 673 3748 728 Ec-

2097 739 2338 800 clesiam
2368 743 2722 818 baptizatos,
2747 746 2797 802 si
2823 747 2879 802 in
2910 747 2996 804 eis
3027 749 3320 822 pinguedo
3349 768 3464 812 non
3494 756 3748 818 defuerit

2099 831 2430 906 charitatis,
2455 834 2785 906 posteriore
2809 841 3070 914 tempore
3095 839 3151 898 in
3173 855 3276 898 ore
3308 843 3596 909 columbae
3631 853 3750 910 tan~

2101 934 2268 992 quam
2294 921 2349 976 in
2373 921 2578 978 osculo
2602 924 2786 1013 pacis,
2811 925 2884 980 ad
2909 925 3190 986 unitatem
3228 931 3537 992 societatis
3571 952 3748 1013 posse

2101 1009 2360 1098 perduci.
2378 1011 2543 1079 Quod
2559 1017 2695 1086 post
2715 1012 2864 1070 alios
2879 1020 3102 1088 septem
3117 1017 3243 1080 dies
3265 1021 3466 1096 eadem
3480 1009 3744 1100 dimissa,

2099 1113 2212 1156 non
2235 1103 2327 1156 est
2350 1101 2926 1191 reversa,signiﬁcat
2942 1103 3110 1162 ﬁnem
3133 1108 3356 1180 smculi,
3382 1111 3612 1191 quando
3633 1116 3747 1186 erit

2099 1193 2436 1249 sanctorum
2461 1189 2714 1260 requies,
2741 1205 2854 1248 non
2876 1192 3065 1249 adhuc
3091 1194 3146 1253 in
3185 1189 3555 1259 sacramento
3595 1203 3746 1278 spei,

2099 1291 2214 1348 quo
2239 1277 2294 1336 in
2330 1277 2442 1366 hoc
2482 1282 2745 1352 tempore
2783 1281 3184 1356 consociatur,
3227 1285 3482 1366 quandiu
3526 1289 3750 1350 bibitur

2100 1364 2254 1454 quod
2277 1365 2347 1422 de
2369 1365 2554 1425 latere
2579 1368 2792 1428 Christi
2819 1370 3108 1428 manavit:
3135 1364 3372 1446 sed'jam
3399 1375 3455 1430 in
3480 1375 3604 1450 ipsa
3620 1393 3750 1454 per-

2100 1451 2352 1510 fectione
2376 1455 2586 1514 salutis
2609 1461 2866 1530 aeterna},
2889 1472 3022 1516 cum
3047 1459 3316 1518 tradetur
3352 1477 3592 1533 regnum
3626 1451 3746 1530 Deo

2099 1545 2158 1598 et
2189 1542 2369 1614 Patri,
2404 1548 2468 1600 ut
2499 1545 2810 1618 perspicua
2842 1547 3336 1620 contemplatione
3369 1550 3746 1614 incommuta-

2101 1632 2236 1705 bilis
2257 1631 2548 1706 veritatis,
2573 1633 2752 1692 nullis
2775 1634 3121 1698 ministeriis
3145 1639 3555 1712 corporalibus
3586 1655 3744 1714 egea-

351 1724 477 1780 dies
500 1725 717 1781 mensis
731 1727 1327 1799 commemoratur,ad
1341 1727 1601 1799 ejusdem
1615 1729 1988 1806 quadratum
2017 1734 2074 1806 Β
2103 1739 2252 1780 mus.

351 1812 838 1884 signiﬁcationem
853 1815 1128 1888 pertinet,
1145 1817 1395 1890 qutejam
1411 1817 1466 1874 in
1491 1817 1794 1889 quadratis
1818 1818 1992 1889 lignis

349 1901 618 1974 exposita
641 1907 734 1960 est
757 1921 770 1957 :
797 1903 902 1960 sed
926 1903 1018 1964 hic
1051 1904 1382 1962 evidentius
1414 1907 1548 1978 quia
1579 1921 1688 1963 nos
1721 1908 1793 1966 ad
1824 1922 1994 1964 omne

347 2003 496 2062 epus
510 1990 724 2050 bonum
738 1996 998 2064 paratos,
1015 1993 1178 2052 idest
1193 1995 1996 2068 quodammodoco'nquadra-

345 2081 463 2147 tos,
487 2078 737 2138 Trinitas
760 2079 1010 2153 perﬁcit,
1037 2081 1093 2137 in
1125 2083 1402 2142 memoria
1434 2098 1544 2155 qua
1574 2086 1754 2144 Deum
1789 2085 1997 2142 recoli-

345 2180 494 2236 mus,
521 2167 576 2224 in
600 2167 986 2238 intelligentia
1009 2184 1121 2240 qua
1143 2172 1580 2244 cognoscimus,
1603 2174 1658 2230 in
1691 2174 1994 2234 voluntate

345 2267 454 2323 qua
479 2253 814 2324 diligimus:
843 2257 954 2314 tria
976 2259 1280 2331 enimiter,
1322 2265 1381 2320 et
1421 2261 1530 2322 hoc
1573 2266 1683 2334 ter,
1730 2262 1876 2319 ﬁunt
1913 2263 1996 2321 vi-

345 2340 492 2412 ginti
516 2347 764 2416 septem,
789 2345 887 2416 qui
911 2349 1002 2402 est
1027 2347 1247 2404 numeri
1274 2349 1516 2416 ternarii
1540 2351 1882 2420 quadratus.

417 2429 583 2497 Quod
607 2432 859 2506 septimo
882 2448 1081 2492 mense
1103 2449 1237 2496 arca
1252 2438 1428 2509 sedit,
1451 2439 1562 2496 hoc
1576 2441 1992 2514 estrequievit,

313 2558 326 2570 .
351 2516 595 2576 adillam
609 2521 916 2594 septimam
931 2525 1189 2596 requiem
1211 2526 1568 2596 signiﬁcatio
1593 2531 1993 2602 recurrit,qua

351 2607 596 2680 perfecti
621 2610 1036 2684 requiescunt:
1062 2613 1142 2670 ibi
1165 2629 1396 2688 quoque
1431 2616 1589 2676 illius
1620 2619 1994 2691 quadratum

349 2709 626 2754 numerus
668 2699 936 2773 iteratur,
981 2716 1112 2760 nam
1155 2704 1432 2762 vicesima
1473 2707 1720 2779 septima
1773 2709 1868 2768 die
1907 2723 1996 2767 sc-

347 2784 523 2843 eundi
548 2787 786 2858 mensis,
812 2791 1278 2858 commendatum
1292 2798 1386 2850 est
1408 2795 1518 2851 hoc
1533 2802 1991 2867 sacramentum;

346 2877 406 2929 et
433 2887 640 2936 rursus
663 2877 941 2938 vicesima
973 2881 1221 2952 septima
1255 2883 1350 2945 die
1375 2886 1592 2946 mensis
1614 2888 1870 2958 septimi,
1903 2901 1998 2944 ea-

350 2960 479 3018 dem
501 2967 932 3027 commendatio
955 2969 1295 3030 conﬁrmata
1319 2978 1412 3032 est
1443 2988 1574 3030 cum
1606 2989 1738 3034 arca
1767 2977 1994 3048 requie-

2174 1814 2340 1883 Quod
2362 1814 2793 1874 sexcentesimo
2814 1820 2874 1874 et
2896 1815 3082 1894 primo
3101 1830 3250 1874 anno
3273 1817 3409 1882 vitae
3443 1820 3584 1894 Noe,
3616 1835 3749 1896 ape-

2104 1903 2257 1968 ritur
2286 1917 2438 1965 arca:
2471 1906 2712 1974 tectum,
2743 1903 2875 1978 quia
2909 1903 3070 1962 ﬁnita
3116 1910 3281 1963 sexta
3324 1911 3500 1966 aetate
3544 1909 3744 1975 smculi

2106 1991 2464 2072 revelabitur
2493 1991 2904 2054 absconditum
2937 1998 3366 2056 sacramentum
3393 2001 3570 2068 atque
3616 2013 3747 2072 pro-

2105 2082 2368 2139 missum.
2387 2069 2400 2077 ’

2175 2171 2340 2239 Quod
2371 2171 2652 2230 vicesimo
2685 2171 2936 2244 septimo
2969 2173 3064 2230 die
3094 2173 3335 2242 secundi
3376 2174 3616 2245 mensis,
3664 2174 3747 2232 di-

2103 2260 2261 2318 citur
2299 2259 2457 2319 sicca
2517 2260 2698 2318 fuisse
2755 2265 2934 2334 terra,
2989 2267 3262 2333 tanquam
3310 2261 3470 2318 ﬁnita
3499 2267 3594 2320 est
3651 2263 3748 2320 ba-

2106 2349 2364 2421 ptizandi
2401 2351 2519 2422 jam
2560 2350 2889 2408 necessitas
2935 2350 2991 2406 in
3035 2365 3276 2409 numero
3319 2351 3544 2410 dierum
3591 2351 3748 2422 quin-

2105 2437 2444 2509 quagesimo
2472 2442 2532 2494 et
2587 2437 2838 2512 septimo
2888 2457 2903 2499 ;

2103 2525 2280 2582 eundi
2311 2525 2552 2598 mensis,
2585 2525 2902 2589 vicesimus
2925 2527 3233 2599 septimus,
3257 2527 3354 2600 qui
3377 2541 3654 2590 numerus
3675 2544 3746 2584 ex

2107 2613 2202 2675 illa
2231 2614 2644 2688 conjunctione
2682 2614 2930 2688 spiritus
2973 2620 3032 2674 et
3075 2615 3346 2687 corporis
3392 2615 3614 2690 septies
3654 2631 3749 2672 oc-

2106 2710 2276 2762 toncs
2306 2704 2503 2777 habet,
2552 2719 2668 2762 uno
2710 2704 2912 2769 addito
2961 2709 3204 2782 propter
3251 2704 3498 2766 unitatis
3557 2705 3748 2764 vincu-

2107 2793 2244 2851 lum.

2178 2884 2344 2952 Quod
2366 2885 2436 2941 de
2458 2899 2594 2942 arca
2615 2884 2915 2956 conjuncti
2937 2889 3174 2956 exeunt,
3190 2883 3288 2956 qui
3313 2883 3594 2956 disjuneti
3613 2889 3747 2942 ante

2106 2973 2490 3046 intraverant,
2525 2973 2660 3044 quia
2693 2973 2750 3040 in
2779 2974 2891 3030 hoc
2914 2977 3180 3044 tempore
3208 2985 3347 3030 caro
3377 2970 3744 3044 concupiscit

348 3049 1894 3146 vit_;quodenimpromittiturinspe,hocexhibeturin
1911 3079 1997 3122 re.
2031 3084 2083 3146 α
2111 3061 2397 3120 adversus
2440 3062 2735 3132 spiritum,
2781 3065 2841 3118 et
2882 3060 3130 3134 spiritus
3184 3060 3464 3126 adversus
3508 3073 3744 3116 carnem

417 3140 600 3200 Porro
613 3142 747 3215 quia
763 3142 888 3214 ipsa
916 3145 1164 3216 septima
1189 3149 1568 3219 requiescum
1583 3155 1789 3212 octava
1807 3168 2000 3211 resur-
2037 3140 2082 3154 ’⁷
2111 3149 2264 3223 (Gal,
2294 3150 2386 3221 v);
2417 3149 2790 3222 postmodum
2819 3154 3035 3222 autem,
3067 3150 3125 3208 id
3155 3155 3248 3210 est
3281 3149 3336 3214 in
3383 3149 3493 3214 ﬁne
3521 3149 3744 3222 saeculi,

355 3227 616 3290 rectione
639 3231 1037 3302 coniungitur,
1061 3234 1172 3292 hoc
1207 3235 1263 3291 in
1295 3245 1662 3296 sacramento
1700 3255 2000 3311 regenera-

2108 3239 2168 3294 in
2200 3238 2636 3301 resurrectione
2665 3237 2896 3304 scilicet
2934 3242 3294 3310 sanctorum,
3327 3238 3656 3306 omnimoda
3687 3244 3747 3299 et

355 3313 532 3373 tionis
554 3321 796 3388 nostrae,
826 3319 882 3376 id
905 3321 1598 3396 estinbaptismo,altum
1624 3329 2001 3400 profundum,-
2109 3329 2368 3401 perfecta
2417 3341 2559 3400 pace
2605 3327 2855 3400 spiritus
2899 3329 3138 3403 corpori
3195 3327 3538 3402 adhmrebit,
3589 3329 3745 3386 nulla

345 3415 458 3474 que
481 3405 820 3502 mysterium
843 3413 962 3502 est,
981 3405 1498 3502 quod‘quindccjﬁ:
1529 3411 1762 3496 élibitESE
1797 3425 2002 3502 alii)???

347 3491 566 3556 crescit
589 3507 758 3566 εαυθ.
783 3497 1075 3556 excedens
1106 3497 1475 3563 altitudinem
1491 3491 2003 3570 stantini—inimum;

349 3579 544 3650 itaque
567 3586 627 3636 et
649 3588 872 3655 septem
896 3586 1227 3657 quindecim
1245 3589 1466 3666 faciunt
1483 3611 1496 3648 :
1515 3595 1619 3652 sed
1633 3601 1769 3655 octo
1785 3598 1999 3666 signiﬁ-

342 3673 477 3724 cant
501 3673 1016 3748 resurrectionem,
1051 3683 1277 3750 septem
1313 3665 1593 3768 ξηιῑςιςῐιξ
1616 3677 1996 3768 Effpc'sagra-
2023 3688 2050 3744 ἶ

345 3762 600 3821 mentum
623 3764 1078 3824 resurrectionis
1101 3771 1161 3824 et
1183 3753 1996 3847 ῳιὶθὶῖε-ιίιῖῐεὲθᾘάἰίρόηἱῦθω

265 3891 278 3902 .
343 3847 690 3936 sapientiam
713 3855 1122 3928 superborum,
1148 3859 1228 3916 ita
1253 3865 1316 3918 ut
1339 3861 1503 3918 nullo
1543 3863 1716 3922 modo
1757 3865 1991 3936 possint

341 3935 617 4008 indagare
638 3941 886 4000 scientia
911 3960 1016 4002 sua
1037 3946 1407 4006 altitudinem
1446 3935 1904 4012 resurrectionis
1936 3961 1997 4012 et

343 4027 590 4095 quietis:
607 4034 668 4090 et
689 4033 823 4099 quia
847 4035 1220 4103 septuaginta
1242 4041 1304 4092 et
1326 4043 1574 4109 septem,
1597 4047 1660 4097 et
1691 4043 1993 4112 octoginta

345 4113 417 4166 ab
440 4120 575 4169 octo
599 4115 1059 4190 dinumerantur,
1095 4124 1414 4194 conjuncta
1448 4132 1698 4199 utroque
1729 4146 1991 4204 numero,

345 4205 582 4294 centum
597 4204 1016 4277 quinquaginta
1033 4211 1180 4282 dies,
1197 4215 1412 4286 quibus
1425 4217 1679 4275 exaltata
1705 4225 1800 4276 est
1821 4234 1992 4294 aqua,

346 4290 607 4356 eamdem
637 4298 1046 4356 commendant
1075 4302 1247 4360 nobis
1282 4309 1460 4376 atque
1487 4307 1838 4366 conﬁrmant
1868 4290 1998 4368 alti-

347 4377 606 4443 tudinem
631 4380 907 4454 baptismi
932 4387 987 4444 in
1009 4393 1412 4450 consecrando
1454 4409 1604 4454 novo
1647 4399 1878 4457 homine
1918 4401 1992 4457 ad

345 4468 654 4524 tenendam
677 4473 894 4542 quietis
915 4479 976 4531 et
995 4481 1465 4538 consecrationis
1507 4484 1698 4544 ﬁdem.

414 4555 579 4622 Quod
603 4565 738 4630 post
761 4562 886 4622 dies
909 4565 1294 4638 quadraginta
1318 4571 1573 4630 emissus
1603 4589 1839 4647 corvus,
1873 4593 1987 4638 non

343 4647 436 4705 est
459 4659 753 4720 reversus,
777 4656 880 4711 aut
901 4654 1070 4728 aquis
1103 4656 1306 4727 utique
1337 4658 1721 4734 interceptus,
1755 4667 1855 4722 aut
1885 4667 1988 4725 ali-

338 4747 463 4804 quo
491 4742 912 4806 supernatante
939 4743 1226 4804 cadavere
1259 4746 1512 4822 illectus,
1557 4751 1851 4821 signiﬁcat
1886 4755 1988 4817 ho—

348 4823 531 4919 mines
553 4824 915 4919 imm-unditia
937 4833 1284 4903 cupiditatis
1307 4839 1666 4911 teterrimos,
1688 4847 1748 4900 et
1768 4845 1844 4899 ob
1859 4844 1984 4919 [hoc

346 4912 504 5007 adea
527 4928 654 4986 qua)
672 4915 823 5007 foris
846 4923 983 4976 sunt
1006 4919 1062 4978 in
1085 4921 1195 4978 hoc
1217 4926 1430 4982 mundo
1455 4927 1538 4983 ire
1562 4947 1574 4984 :
1609 4935 1711 4986 aut
1733 4912 1986 5007 rebapti-

347 5001 490 5090 zari,
514 5005 682 5073 quasi
704 5011 806 5064 aut
837 5011 1052 5078 praeter
1081 5023 1297 5082 arcam,
1330 5015 1389 5072 id
1419 5021 1514 5072 est
1544 5025 1759 5090 prtnter
1788 5001 1984 5080 Eccle-

347 5085 514 5166 siam,
541 5091 868 5183 baptismus
892 5098 1102 5169 prosit,
1129 5104 1193 5158 ut
1212 5085 1559 5163 occidantet
1571 5109 1874 5183 seducant,
1891 5111 1986 5168 do-

345 5188 480 5230 cere
501 5182 560 5231 et
592 5185 809 5241 tenere.

415 5264 582 5330 Quod
618 5270 885 5334 columba
925 5277 1160 5350 emissa,
1202 5294 1316 5337 non
1354 5282 1587 5342 inventa
1631 5289 1850 5359 requie,
1895 5304 1982 5346 re-

350 5366 519 5413 versa
542 5361 656 5427 est,
705 5364 964 5422 ostendit
1011 5382 1116 5439 per
1159 5371 1379 5427 Novum
1425 5373 1854 5434 Testamentum
1896 5393 1982 5436 re-

347 5441 538 5536 quiem
561 5447 786 5536 sanctis
808 5448 863 5506 in
888 5451 995 5508 hoc
1019 5459 1232 5516 mundo
1264 5475 1376 5517 non
1414 5475 1548 5519 esse
1591 5465 1975 5536 promissam:

2208 3415 2877 3505 rtaiitatistipdigentia,
2921 3416 3014 3473 vel
3070 3416 3548 3490 concupiscentia
3606 3417 3748 3482 resi-

2059 3499 2073 3506 ν
2123 3493 2187 3530 9“
2298 3493 2568 3527 ~~s.s‘~;

2098 3512 2465 3578 βυωύιξιυε
2549 3540 2568 3556 -

2056 3555 2072 3566 "
2339 3563 2402 3578 νδ
2447 3561 2465 3578 Δ
2547 3568 2566 3578 ρ

2425 3561 2513 3656 eis
2543 3568 2753 3655 cuncta
2784 3595 3053 3664 animalia
3088 3595 3144 3654 iu
3172 3609 3390 3670 escam,
3423 3611 3497 3654 ex
3535 3595 3746 3668 quibus

2085 3684 2740 3766 .mguismgohibetur
2785 3685 3148 3758 manducari,
3192 3699 3264 3743 ne
3305 3685 3425 3744 vita
3472 3686 3720 3759 pristina

2047 3765 2087 3835 ἐ’
2107 3763 2364 3844 ᾳόθέίξέιξ
2375 3771 2898 3848 ίξοθριξνιβμθθιιιι·
2917 3775 2973 3832 in
2995 3775 3381 3846 conscientia,
3405 3774 3512 3838 sed
3533 3775 3745 3835 habeat

2108 3866 2380 3935 tauquam
2408 3863 2753 3926 effusionem
2785 3879 2890 3938 per
2915 3865 3366 3934 confessionem,

2176 3955 2342 4022 Quod
2369 3969 2508 4016 vero
2540 3960 2953 4020 testamentum
2985 3955 3184 4028 posuit
3209 3956 3362 4012 Deus
3395 3953 3550 4010 inter
3575 3967 3640 4012 se
3683 3960 3744 4014 et

2105 4045 2391 4115 homines,
2437 4049 2615 4115 atque
2655 4059 2883 4107 omnem
2929 4045 3176 4112 animam
3231 4042 3441 4112 vivam,
3487 4054 3562 4097 ne
3621 4054 3744 4112 per-
3785 4046 3793 4056 ‘

2105 4132 2271 4190 deret
2295 4147 2420 4194 eam
2455 4133 2697 4206 diluvio,
2726 4149 2924 4193 arcum
2948 4132 3178 4190 scilicet
3196 4131 3294 4203 qui
3311 4134 3557 4202 apparet
3573 4129 3628 4188 in
3647 4145 3744 4191 nu-

2105 4222 2299 4294 bibus,
2331 4224 2429 4294 qui
2461 4239 2752 4296 nunquam
2782 4222 2895 4284 nisi
2924 4221 2995 4281 αθ
3038 4220 3164 4280 sole
3207 4217 3568 4291 resplendet,
3606 4219 3739 4290 quia

2104 4311 2186 4371 illi
2221 4327 2336 4370 non
2365 4318 2613 4386 pereunt
2641 4311 2883 4382 diluvio,
2915 4310 3016 4382 qui
3045 4310 3102 4370 in
3132 4307 3438 4382 prophetis
3471 4312 3533 4367 et
3562 4306 3742 4365 omni-

2104 4401 2214 4459 bus
2235 4402 2448 4462 divinis
2508 4402 2850 4474 Seripturis,
2905 4405 3179 4473 tanquam
3226 4398 3280 4462 in
3335 4396 3438 4458 Dei
3487 4395 3740 4462 nubibus

2015 4501 2072 4563 Β
2100 4497 2428 4561 agnoscunt
2459 4492 2775 4551 Christum.

2169 4581 2230 4635 In
2258 4580 2367 4636 hac
2399 4585 2572 4638 aetate
2603 4579 2858 4637 secunda
2890 4582 3024 4650 post
3056 4575 3340 4637 diluvium
3361 4575 3740 4647 plantavitvi-

2097 4682 2262 4726 neam
2290 4670 2409 4726 Noe
2438 4674 2498 4727 et
2529 4667 2852 4728 inebriatus
2883 4669 3058 4735 atque
3089 4663 3344 4724 nudatus
3363 4665 3537 4722 estin
3567 4665 3736 4722 domo

2097 4771 2225 4828 sua,
2247 4762 2488 4830 portans
2511 4754 2726 4814 Christi
2747 4753 3010 4824 ﬁguram,
3033 4753 3131 4825 qui
3151 4753 3476 4814 inebriatus
3495 4754 3736 4818 estdum

2097 4860 2310 4918 passus
2336 4850 2449 4913 est,
2470 4842 2725 4902 nudatus
2743 4845 2838 4900 est
2861 4841 2998 4902 dum
3019 4842 3340 4909 cruciﬁxus
3368 4847 3462 4902 est
3485 4843 3541 4903 in
3563 4843 3736 4901 domo

2095 4948 2223 5004 sua,
2249 4935 2305 4989 in
2333 4935 2506 5002 gente
2550 4945 2654 4988 sua
2693 4935 2754 4988 et
2792 4931 2852 4990 in
2897 4931 3242 4991 domesticis
3279 4931 3582 5000 sanguinis
3622 4931 3732 4989 sui.

2093 5024 2250 5080 lianc
2273 5021 2618 5092 nuditatem,
2655 5021 2712 5078 id
2749 5026 2844 5078 est
2883 5021 3216 5094 passionem
3255 5019 3495 5090 Christi,
3531 5019 3736 5078 videns

2096 5111 2272 5168 Cham
2293 5111 2630 5168 derisit:et
2662 5110 2849 5169 Judaei
2891 5111 3109 5169 Christi
3149 5113 3398 5167 mortem
3445 5108 3734 5176 videntes,

2093 5201 2548 5262 subsannavere.
2593 5202 2722 5258 Sem
2761 5208 2902 5257 vero
2940 5204 3002 5256 et
3036 5199 3266 5271 Japhet,
3307 5203 3582 5268 tanquam
3622 5195 3738 5252 duo

2094 5289 2392 5362 pepuli,ex
2405 5290 2856 5347 circumcisione
2866 5294 2928 5346 et
2941 5285 3588 5360 praeputio,credentes,
3604 5297 3740 5355 quo-

2092 5378 2400 5435 dammodo
2415 5379 2746 5452 passionem
2761 5377 2977 5434 Christi
2999 5375 3328 5434 velamento
3358 5378 3652 5442 texerunt,
3679 5371 3735 5427 id

2089 5473 2184 5523 est
2222 5472 2591 5524 sacramento
2617 5468 3051 5524 honoraverunt
3084 5485 3098 5520 :
3131 5464 3544 5523 vestimentum
3581 5461 3734 5516 enim

349 5533 886 5606 postquadraginta
909 5541 1062 5600 enim
1085 5533 1978 5626 dissemissaest;quinumerus
2089 5555 2384 5626 signiﬁcat
2422 5561 2872 5628 sacramentum,
2905 5555 3061 5627 quod
3092 5555 3272 5610 dorso
3307 5553 3732 5627 imposuerunt,

2959 2438 3084 2512 ipse
3136 2439 3290 2498 enim
3337 2444 3431 2500 est
3479 2439 3606 2495 dies
3661 2454 3748 2495 se-
3855 2507 3864 2512 _
