4078 6180
379 282 447 336 35
914 343 924 352 .
1419 272 1474 325 S.
1517 267 1775 325 ADONIS
1815 263 2248 324 ARCHIEPISC.
2294 261 2708 322 VIENNENSIS
3711 269 3780 324 36

379 405 609 461 Amram
625 403 847 472 patrem
860 394 1074 467 Moysis
1085 392 1254 450 annis
1265 397 1499 450 centum
1514 391 1754 462 triginta
1770 395 2016 462 septem,
2047 388 2106 450 A
2136 388 2352 445 tefaeto
2370 387 2644 444 Iordanis
2666 385 2855 456 alveo,
2872 385 2930 443 in
2953 389 3170 444 terram
3194 387 3673 461 repromissionis
3696 390 3782 447 in-

385 495 445 546 et
462 489 650 562 ipsum
663 487 915 557 Moysem
927 481 1225 550 octoginta
1243 479 1425 538 fuisse
1437 493 1742 549 annorum,
1763 483 2028 550 tempore

383 573 744 648 egressionis
775 573 848 628 de
862 573 1128 642 .Egypto.
1161 567 1306 636 Quia
1333 568 1605 625 nimirum
1638 567 2030 647 horum_sum-

379 678 528 720 mam
567 673 848 720 annorum
885 661 1123 714 constat
1167 655 1632 728 quadringentos
1677 660 1738 712 et
1783 652 2026 725 triginta

379 751 619 824 implere
631 763 744 805 non
763 760 956 820 posse.
976 743 1401 803 Annuitautem
1426 743 1635 800 horum
1654 741 2028 801 translationi

379 835 773 912 etApostolus
805 849 940 893 cum
963 833 1079 891 ait:
1103 831 1338 891 Abi-aha
1363 832 1518 891 dicte
1543 836 1678 888 sunt
1711 831 2032 904 promissio-

377 943 495 997 nes,
517 931 569 984 et
589 923 796 984 semini
827 923 950 994 ejus
969 937 1082 980 non
1118 921 1283 980 dicit:
1321 922 1401 980 Et
1437 918 1944 992 seminibus,qu
1969 917 2034 974 in

377 1015 594 1084 multis,
622 1012 720 1071 sed
741 1011 906 1086 quasi
930 1012 994 1069 in
1019 1026 1146 1081 uno,
1179 1017 1231 1068 et
1256 1010 1460 1068 semini
1487 1016 1600 1080 tuo,
1627 1008 1728 1082 qui
1755 1013 1838 1066 est
1865 1005 2033 1067 σινε-

378 1111 499 1162 stus
529 1121 546 1160 :
584 1103 680 1162 hoc
712 1108 893 1170 autem
925 1099 1088 1158 dico:
1134 1100 1540 1158 Testamentum
1576 1100 1968 1172 conﬁrmatum
1999 1109 2038 1153 α

379 1195 512 1264 Deo,
548 1208 668 1266 quis
689 1197 812 1265 post
835 1189 1262 1265 quadringentos
1303 1195 1360 1248 et
1403 1188 1653 1262 triginta
1677 1201 1852 1244 annos
1889 1185 2038 1242 facta

375 1289 457 1340 est
483 1283 596 1350 (ea,
633 1297 744 1339 non
768 1281 1002 1338 irritum
1025 1278 1168 1342 facit
1189 1277 1266 1335 ad
1303 1275 1674 1336 eoacuandam
1707 1274 2034 1350 promissio-

380 1388 500 1429 nem
523 1369 778 1444 (Gal.,1v,
811 1375 898 1442 16,
935 1369 1044 1442 17).
1075 1369 1180 1427 His
1203 1367 1594 1441 temporibus,
1631 1363 1830 1423 silicet
1853 1362 2035 1422 servi-

381 1461 528 1519 tutis
549 1459 732 1518 Israel
754 1457 812 1514 in
825 1457 1094 1530 Egypto,
1121 1457 1508 1513 Prometheus
1525 1454 1708 1512 fuisse
1729 1451 2032 1522 scribitur,

382 1564 552 1622 quem
575 1549 760 1618 ﬁgunt
782 1546 992 1604 fabulae
1012 1545 1084 1602 de
1111 1544 1236 1604 luto
1263 1546 1551 1602 formasse
1571 1541 1856 1600 homines.
1879 1542 2037 1598 Tunc

381 1639 557 1696 etiam
582 1638 795 1695 fratres
809 1635 938 1708 ejus
955 1635 1121 1694 Atlas
1142 1648 1390 1706 magnus
1413 1631 1858 1702 estastrologus
1879 1627 2038 1686 habi-

2139 475 2326 532 duxit.
2352 476 2476 543 Quo
2499 473 2776 533 videlicet
2795 489 2967 546 anno,
2993 480 3060 532 ut
3099 475 3157 532 in
3200 477 3505 534 Chronicis
3541 479 3780 536 Eusebii

2141 563 2486 636 reperimus,
2527 555 2878 637 principium
2929 567 3058 620 erat
3097 564 3566 636 quinquagesimi
3608 568 3780 640 primi

2135 651 2356 724 jubiltei
2381 652 2700 710 secundum
2724 651 3024 722 Hebrmos,
3052 651 3222 709 facile
3249 653 3498 710 inveniri
3521 653 3696 727 valet,
3724 655 3786 712 id

2141 745 2235 798 est
2255 739 2386 796 anni
2413 739 2505 796 bis
2545 739 2702 797 mille
2724 738 3024 812 quingenti
3065 740 3138 796 ab
3177 741 3347 798 initio
3378 742 3574 800 mundi
3614 747 3786 801 erant

2141 827 2417 901 completi
2443 847 2456 884 :
2483 827 2732 898 singulis
2751 825 3131 886 Jubilaeorum
3153 829 3464 888 ordinibus
3497 845 3600 903 per
3620 831 3787 902 quin-

2143 931 2444 988 quagenos
2483 930 2668 974 annos
2711 915 3031 990 deputatis.
3075 916 3185 974 Sed
3225 922 3429 976 nostra
3475 918 3784 991 inquisitio

2143 1005 2432 1078 comperit
2471 1005 2752 1062 minorem
2795 1005 3078 1078 temporis
3100 1005 3273 1078 hujus
3303 1020 3438 1064 esse
3460 1023 3781 1066 summam:

2144 1099 2381 1152 constat
2401 1093 2552 1152 enim
2577 1093 2711 1166 quia
2754 1093 2913 1151 mille
2950 1094 3212 1152 sexcenti
3237 1095 3657 1170 quinquaginta
3680 1113 3788 1155 sex

2145 1183 2218 1240 ad
2241 1182 2522 1240 diluvium
2542 1197 2728 1254 usque
2744 1183 2904 1240 fuere
2915 1182 3048 1239 anni
3075 1202 3088 1239 :
3116 1181 3250 1240 inde
3262 1185 3334 1240 ad
3350 1184 3659 1258 Abraham,
3684 1185 3790 1243 du-

2145 1272 2300 1330 centi
2325 1271 2642 1344 nonaginta
2665 1271 2783 1330 duo
2808 1271 2906 1343 qui
2944 1271 3317 1344 septuaginta
3353 1277 3482 1330 erat
3503 1287 3784 1331 annorum

2146 1361 2377 1434 quando
2417 1359 2866 1434 promissionem
2917 1359 3016 1418 Dei
3065 1361 3312 1434 accepit.
3364 1361 3786 1421 Promissionis

2146 1450 2278 1507 anni
2341 1449 2752 1521 quadringenti
2804 1448 3076 1520 triginta;
3119 1450 3369 1508 ducatus
3409 1451 3608 1523 Mosis,
3649 1453 3783 1509 anni

2147 1539 2452 1610 sexaginta
2477 1539 2574 1610 qui
2600 1539 2866 1612 profecto
2889 1553 3166 1598 numerus
3188 1554 3303 1596 non
3327 1539 3418 1597 bis
3441 1540 3599 1597 mille
3621 1543 3788 1612 quin-

2147 1633 2378 1698 gentos,
2404 1627 2508 1684 sed
2532 1632 2756 1700 septem
2785 1625 2999 1698 minus,
3025 1627 3083 1685 id
3104 1633 3197 1685 est
3220 1625 3311 1685 bis
3334 1627 3492 1684 mille
3513 1629 3788 1700 quadrin-

387 1731 512 1785 tus:
539 1725 983 1796 Mercuriusque
1006 1737 1190 1796 nepos
1204 1722 1460 1782 Atlantis
1484 1721 1798 1780 multarum
1820 1719 2032 1776 artium
2062 1737 2117 1799 Β
2148 1720 2358 1788 gentos
2379 1714 2694 1786 nonaginta
2718 1721 2843 1773 tres
2883 1730 3066 1773 annos
3097 1715 3359 1790 implent.
3386 1715 3787 1790 His‘tempori-

385 1814 632 1888 peritus,
659 1819 720 1872 et
742 1813 818 1870 ob
842 1813 953 1870 hoc
975 1816 1112 1886 post
1135 1815 1383 1869 mortem
1415 1824 1566 1868 vano
1587 1822 1790 1868 errore
1810 1807 1868 1866 in
1889 1807 2032 1865 deos

384 1902 728 1961 translatus.

456 1990 638 2064 [2645]
663 1993 781 2048 Hae
817 1988 995 2048 etiam
1017 1992 1192 2048 aetate
1233 1987 1456 2062 primus
1488 1984 1777 2046 Proeidus
1800 1983 2036 2060 quadri-

381 2079 764 2151 gamjunxit:
817 2077 1140 2149 eodemque
1179 2081 1444 2150 tempore
1489 2079 1744 2149 Cecrops
1775 2077 2034 2134 Athenas

381 2166 668 2238 condidit,
685 2170 746 2224 et
765 2180 840 2224 ex
861 2165 1094 2224 nomine
1114 2164 1384 2224 Minervae
1398 2165 1630 2224 Atticos
1645 2163 2034 2222 Athenienses

381 2255 637 2314 vocavit.
663 2257 784 2312 Iste
806 2254 983 2312 etiam
1023 2253 1230 2311 bovem
1253 2253 1581 2326 immolans,
1607 2253 1832 2326 primus
1862 2251 1920 2309 in
1944 2265 2036 2309 sa-

384 2343 610 2401 crificio
632 2344 832 2400 Jovem
847 2341 1080 2399 adorari
1097 2341 1398 2413 praecepit.
1413 2343 1570 2400 Tunc
1586 2340 1755 2414 primi
1770 2339 2035 2399 chorites

386 2431 748 2505 Corybantes
771 2430 1124 2489 modulatam
1140 2430 1198 2488 in
1219 2430 1400 2488 armis
1423 2430 1799 2489 saltationem
1821 2435 1881 2488 et
1899 2445 2037 2488 con-

384 2534 588 2578 sonam
610 2519 974 2578 invenerunt.
998 2519 1155 2578 'I'unc
1189 2518 1365 2576 etiam
1406 2519 1693 2576 scribitur
1716 2518 1773 2574 in
1793 2520 2038 2577 Thessa-

386 2607 464 2665 lia
486 2608 598 2667 sub
639 2607 992 2667 Deucalione
1033 2608 1248 2668 factum
1291 2605 1596 2680 diluvium,
1621 2612 1682 2666 et
1721 2607 2037 2666 Phaetonis

405 2696 734 2756 fabulosum
757 2696 1107 2754 incendium.

471 2783 652 2858 [2669]
695 2787 942 2858 Moyses,
985 2784 1152 2842 annis
1208 2783 1594 2857 quadraginta
1643 2785 1916 2844 eductum
1965 2800 2038 2842 ex

396 2870 646 2947 Egypto
668 2873 944 2947 populum
967 2871 1168 2945 Israel,
1183 2874 1330 2931 etde
1351 2873 1638 2932 servitute
1649 2873 1877 2947 Egypti
1903 2873 2040 2932 libe-

395 2967 585 3020 ratum
613 2963 768 3019 rexit
790 2961 848 3018 in
892 2963 1150 3034 deserto,
1175 2977 1422 3034 quorum
1463 2963 1652 3036 primo
1673 2978 1824 3020 anno
1847 2963 2039 3021 taber-

387 3050 657 3110 naculum
705 3049 949 3108 Domino
998 3051 1312 3122 construit,
1355 3055 1416 3106 et
1465 3056 1688 3123 septem
1729 3051 2030 3122 mensibus

387 3154 537 3211 opus
580 3138 913 3210 perliciens,
939 3153 1137 3195 mense
1177 3138 1366 3210 primo
1397 3139 1528 3194 anni
1555 3139 1819 3210 secundi,
1844 3139 2028 3211 prima

387 3227 482 3284 die
506 3225 724 3284 mensis
744 3225 952 3283 erexit.
969 3227 1082 3283 Per
1100 3227 1364 3284 eumdem
1378 3227 1630 3300 Moysem
1650 3226 1832 3285 Judaei
1857 3227 2031 3285 simul

388 3330 520 3373 cum
542 3313 670 3386 lege
691 3319 751 3372 et
771 3313 1006 3373 litteras
1029 3315 1243 3373 habere
1255 3321 1580 3388 coeperunt.
1610 3317 1874 3388 Quinque
1894 3315 2029 3372 libri

389 3401 626 3476 Moysis,
653 3403 974 3460 secundum
1007 3403 1386 3476 Septuaginta
1418 3403 1716 3462 seniorum
1749 3405 2034 3478 interpre-

389 3489 692 3561 tationem,
733 3491 1040 3548 continent
1069 3495 1235 3562 gcsta
1265 3506 1548 3550 annorum
1579 3493 1758 3551 trium
1788 3493 2033 3550 millium

391 3577 899 3650 septingentorum
945 3579 1208 3652 triginta.
1254 3581 1409 3648 Quot
1459 3596 1599 3639 vero
1639 3595 1823 3639 annos
1862 3581 2035 3654 hujus

392 3665 676 3738 temporis
690 3665 971 3725 IIebraica
986 3668 1207 3726 veritas
1219 3669 1761 3743 contineat,Joseph
1776 3669 1834 3726 in
1848 3671 2036 3743 primo

389 3759 594 3812 contra
620 3755 902 3829 Apionem
925 3758 1374 3816 Crammaticum
1411 3757 1565 3815 libro
1587 3758 1668 3816 ita
1691 3771 2040 3817 commemo-

390 3847 518 3900 rat:
545 3843 742 3916 Neque
763 3843 946 3916 igitur
975 3845 1278 3905 innumera
1311 3845 1466 3920 apud
1499 3861 1607 3904 nos
1629 3845 1922 3906 habentur
1941 3862 2040 3922 vo-

389 3930 605 3990 lumina
628 3933 785 3991 inter
807 3949 872 3992 se
903 3933 1152 3993 invicem
1193 3935 1616 4008 discordantia,
1641 3936 1746 3994 sed
1777 3937 1892 3996 duo
1915 3941 2040 3994 tan-

390 4025 512 4078 tum
534 4023 596 4078 et
615 4021 820 4090 viginti
845 4027 983 4078 sunt
1013 4022 1172 4093 libri,
1197 4023 1294 4093 qui
1319 4025 1574 4080 omnium
1599 4030 1927 4097 temporum
1951 4039 2041 4083 se-

398 4107 545 4164 riem
589 4107 914 4178 continent,
959 4108 1057 4178 qui
1099 4114 1158 4166 et
1195 4109 1354 4181 justo
1398 4111 1720 4170 creduntur
1757 4113 2040 4171 divinitus

391 4193 684 4267 inspirati.
707 4197 791 4253 Ex
811 4196 1026 4268 quibus
1049 4197 1306 4270 quinque
1329 4206 1466 4258 sunt
1487 4201 1725 4275 Moysis,
1740 4203 2043 4261 continen-

393 4287 486 4339 tes
507 4280 669 4353 leges
707 4283 844 4342 vita:
880 4289 940 4342 et
961 4287 1364 4350 successionis
1396 4288 1662 4349 humana:
1683 4291 2038 4364 prosapiam,

395 4384 582 4442 usque
602 4371 674 4428 ad
700 4371 889 4444 ipsius
911 4374 1126 4448 Moysis
1151 4376 1461 4435 terminum
1483 4380 1918 4452 pertendentos,
1943 4379 2042 4452 qui

2145 1805 2256 1863 bus
2274 1807 2472 1876 Josue,
2491 1804 2715 1878 primus
2727 1805 3158 1878 Erychthonius
3182 1805 3620 1864 Atheniensium
3636 1807 3786 1879 prin-

2142 1909 2283 1968 ceps
2323 1893 2626 1968 in;Cr:ecia
2665 1893 3432 1966 quadrigamjunxit.Josue
3460 1900 3693 1953 centum
3723 1900 3786 1953 et

2143 1985 2342 2042 decem
2365 1997 2645 2041 annorum
2670 1983 2938 2040 moritur.

2218 2073 2398 2147 [2757]
2426 2071 2698 2130 Othoniel
2727 2071 2896 2128 annis
2929 2071 3314 2144 quadraginta
3346 2072 3419 2130 de
3449 2073 3609 2132 tribu
3637 2071 3782 2132 Iuda

2144 2162 2368 2236 primus
2399 2160 2602 2234 Israel,
2627 2163 2745 2219 Deo
2781 2161 3044 2234 jubente,
3071 2160 3254 2233 judex
3277 2163 3683 2235 constituitur,
3717 2163 3785 2218 il-

2145 2251 2263 2310 lum
2291 2250 2674 2326 praeﬁgurans
2696 2249 2795 2322 qui
2818 2249 2877 2306 in
2900 2250 3078 2308 tertio
3110 2255 3373 2324 tempore
3401 2251 3600 2309 mundi
3623 2251 3782 2310 tribu

2142 2341 2288 2400 Iuda
2310 2355 2440 2398 cum
2463 2339 2654 2411 gratia
2673 2339 2747 2396 ad
2787 2337 3101 2396 salvandos
3127 2339 3374 2412 populos
3399 2339 3578 2396 venit.
3605 2341 3788 2412 Hujus

2146 2429 2511 2502 temporibus
2534 2427 2722 2501 primo
2746 2427 2848 2484 filii
2870 2426 3054 2485 Israel
3075 2427 3400 2486 servierunt
3431 2429 3660 2486 Chusan
3681 2430 3788 2486 Ra-

2145 2516 2355 2575 sataim
2369 2517 2490 2588 regi
2505 2516 2957 2590 MeSOpotamiae,
2971 2521 3107 2574 octo
3121 2516 3288 2573 annis
3312 2515 3560 2574 Cadmus
3585 2522 3788 2588 regnat

2144 2605 2377 2678 Thebis,
2410 2605 2506 2678 qui
2542 2604 2764 2679 primus
2795 2607 3028 2664 Grzecas
3057 2604 3291 2663 litteras
3323 2605 3642 2664 adinvenit.
3677 2609 3788 2662 Per

2147 2694 2299 2752 idem
2323 2699 2574 2768 tempus,
2593 2694 2762 2768 primi
2785 2696 2960 2754 Linus
2981 2702 3042 2754 et
3065 2695 3352 2768 Amphion
3375 2695 3530 2766 apud
3553 2695 3788 2752 Graecos

2148 2785 2205 2841 in
2228 2783 2449 2842 musica
2489 2789 2618 2842 arte
2649 2783 3008 2856 claruerunt,
3034 2783 3292 2858 Idaeique
3321 2781 3548 2856 Dactyli
3573 2783 3790 2842 ferrum

2147 2873 2495 2932 invenerunt
2516 2889 2588 2932 eo
2611 2879 2892 2947 tempore.
3885 2864 3898 2872 ”

2223 2963 2402 3036 [2797]
2446 2963 2660 3034 Ahoth,
2693 2977 2843 3020 anno
2895 2961 3282 3036 octogesimo,
3308 2960 3462 3018 ﬁlius
3499 2961 3652 3027 Jera,
3681 2955 3784 3013 filii

2147 3051 2392 3122 Gemini,
2433 3051 2530 3122 qui
2575 3057 2825 3124 utraque
2864 3064 3033 3108 manu
3075 3050 3350 3107 utebatur
3389 3061 3494 3120 pro
3518 3047 3782 3103 dextera.
3827 3069 3834 3076 -

2149 3139 2326 3210 Cujus
2349 3139 2658 3212 principiis
2681 3139 2929 3197 servivit
2949 3134 3130 3196 Israel
3151 3135 3333 3208 Eglon
3358 3134 3480 3206 regi
3504 3133 3669 3191 Moab
3692 3147 3792 3189 an-

2142 3242 2251 3286 nos
2282 3227 2482 3285 decem
2507 3231 2568 3286 et
2588 3233 2746 3298 octo,
2771 3227 2956 3286 donec
2999 3222 3476 3300 percussoEglon
3515 3221 3792 3280 liberavit

2142 3315 2344 3374 Israel.
2371 3319 2491 3374 IIoc
2534 3322 2797 3390 tempore
2841 3319 3060 3389 Cyrene
3101 3314 3313 3372 civitas
3355 3311 3594 3371 condita
3615 3310 3790 3369 estin

2145 3405 2340 3479 Libya.
2367 3406 2468 3464 llis
2492 3405 2858 3478 temporibus
2889 3404 3100 3463 fabulae
3132 3403 3284 3460 Ilotae
3316 3405 3454 3460 sunt
3475 3401 3547 3458 de
3567 3398 3793 3471 Tripto-

2145 3493 2318 3566 lemo,
2347 3495 2524 3567 quod,
2544 3494 2786 3567 jubente
2809 3496 3040 3564 Cerere,
3057 3492 3418 3566 serpentium
3443 3487 3648 3563 pennis
3669 3501 3802 3558 ges-

2147 3587 2328 3654 tatus,
2355 3583 2754 3654 indigentibus
2777 3584 3064 3640 frumenta
3085 3581 3337 3639 volando
3359 3579 3697 3647 distribuit;
3720 3579 3792 3636 de

2147 3671 2659 3745 Hippocentauris,
2701 3671 2857 3743 quod
2906 3685 3188 3743 equorum
3230 3669 3642 3739 hominumque
3683 3669 3794 3726 fuc-

2150 3761 2268 3818 rint
2291 3764 2496 3818 natura
2513 3759 2818 3834 permixti;
2841 3761 2914 3818 de
2937 3761 3190 3818 Cerbero
3215 3757 3460 3831 tricipiti
3477 3757 3794 3814 inferorum

2149 3863 2324 3918 cane;
2347 3849 2420 3907 de
2457 3849 2674 3906 Phrixo
2716 3853 2777 3906 et
2815 3847 2979 3906 Ilelle
3018 3861 3225 3906 sorore
3265 3860 3392 3917 sua,
3419 3845 3575 3918 quod
3610 3844 3795 3902 ariete

2149 3937 2306 3995 vecti
2329 3952 2434 4010 per
2453 3951 2646 3995 aerem
2667 3935 2998 3996 volaverint
3022 3953 3038 4003 ;
3067 3935 3140 3992 de
3161 3937 3430 4006 Gorgone
3461 3931 3792 4002 meretrice,

2151 4041 2280 4098 qua:
2309 4025 2522 4082 crinita
2545 4025 2920 4098 serpentibus
2947 4023 3143 4094 fuerit,
3169 4027 3230 4078 et
3268 4021 3630 4094 aspicientes
3661 4035 3798 4079 con-

2151 4114 2422 4172 vertebat
2452 4114 2508 4171 in
2547 4112 2806 4185 lapides;
2829 4112 2901 4168 de
2942 4111 3413 4182 BellerOphonte,
3447 4109 3606 4181 quod
3645 4124 3796 4181 equo

2154 4202 2360 4278 pennis
2399 4200 2620 4260 volanti
2661 4201 2742 4258 sit
2781 4205 3008 4271 vectus,
3041 4199 3114 4256 de
3161 4197 3506 4270 Amphione,
3541 4196 3696 4270 quod
3717 4197 3800 4254 ci-

2155 4293 2340 4350 tharae
2361 4295 2536 4350 cantu
2557 4289 2783 4362 lapides
2813 4293 2874 4346 et
2894 4302 3035 4346 saxa
3057 4287 3464 4346 commoverit.

2231 4381 2411 4455 [287-7]
2435 4380 2684 4451 Debora,
2701 4377 3074 4453 prophetissa
3095 4390 3170 4433 ex
3191 4375 3348 4433 tribu
3369 4371 3637 4446 Ephraim
3659 4385 3794 4429 cum

395 4457 568 4530 paulo
607 4459 852 4519 minusa
896 4461 1089 4521 tribus
1130 4463 1390 4524 millibus
1417 4480 1698 4524 annorum
1737 4469 2042 4526 continen-
2069 4465 2124 4528 D
2155 4471 2338 4528 Barac
2378 4469 2450 4526 dc
2489 4469 2650 4526 tribu
2691 4469 2763 4526 de
2804 4465 3154 4540 Nepthalim,
3179 4462 3345 4521 annis
3384 4459 3793 4532 quadraginta.

395 4546 535 4604 tiam
561 4553 790 4618 gerunt.
836 4551 1051 4623 Moysis
1092 4553 1458 4626 temporibus
1501 4552 1778 4628 templum
1799 4557 2038 4628 Delphis

402 4637 774 4695 construitur
797 4658 810 4695 :
836 4640 1216 4700 Lactedemon
1239 4644 1532 4702 conditur.
1557 4647 1784 4717 Moyses
1805 4650 2037 4703 centum

394 4722 603 4796 viginti
629 4739 910 4784 annorum
933 4729 1202 4789 moritur.
1221 4732 1372 4789 Vitis
1395 4733 1454 4788 in
1477 4733 1697 4792 Graecia
1721 4733 2034 4792 invenitur.

395 4813 498 4872 His
527 4815 893 4887 temporibus
917 4816 1064 4874 adeo
1103 4817 1308 4892 ingens
1329 4826 1390 4880 et
1421 4823 1618 4892 gravis
1640 4827 1822 4881 aestus
1845 4822 2042 4880 incan-

397 4901 544 4975 duit,
571 4907 636 4961 ut
658 4902 747 4961 sol
774 4917 878 4976 per
913 4902 1081 4962 devia
1121 4909 1544 4966 transcendens
1582 4911 1916 4968 universum
1947 4927 2041 4968 or-

396 4984 527 5046 hem
549 5006 666 5050 non
687 4991 885 5050 calore
900 4990 1190 5066 affecisse,
1206 4989 1310 5054 sed
1325 4997 1458 5068 igne
1472 4999 1763 5058 torruisse
1783 4999 2034 5059 dicatur.

395 5075 535 5134 Inde
561 5079 808 5139 ridicula
832 5079 1148 5140 Phaetonis
1171 5084 1393 5142 texitur
1415 5085 1626 5144 fabula.

465 5165 644 5222 Iosue
668 5171 836 5229 annis
878 5170 1086 5242 viginti
1112 5187 1217 5252 sex
1258 5175 1410 5230 rexit
1442 5175 1718 5248 pepulum
1749 5177 1950 5252 Israel,
1975 5185 2041 5238 ut

397 5248 689 5326 Iosephus
710 5256 883 5317 docet
903 5279 918 5329 ;
940 5275 1071 5318 nam
1097 5249 1398 5334 Scriptura
1431 5270 1635 5321 sancta
1657 5273 1802 5337 quot
1824 5248 2040 5326 fuerint

397 5339 530 5398 anni
559 5341 808 5400 ducatus
853 5345 1011 5406 illius
1041 5354 1218 5409 tacet.
1243 5351 1532 5410 Eusebius
1554 5352 1611 5408 in
1633 5354 1936 5414 Chronicis
1957 5357 2042 5414 vi-

402 5428 548 5500 ginti
574 5435 797 5503 septem
822 5435 1040 5504 posuit.
1065 5440 1262 5497 Primo
1285 5445 1477 5498 autem
1501 5439 1591 5498 sui
1615 5440 1864 5502 ducatus
1887 5459 2038 5502 anno

397 5519 596 5590 Josue,
614 5519 800 5592 primo
815 5535 1032 5596 mense,
1049 5525 1270 5588 decima
1295 5518 1390 5587 die
1405 5529 1644 5601 mensis,
1661 5531 1936 5603 populum
1951 5550 2042 5606 pa-

2153 4560 2330 4632 Cujus
2349 4558 2519 4616 initio
2543 4557 2796 4616 ducatus
2819 4552 3286 4629 oppressittilios
3300 4547 3481 4608 Israel
3499 4549 3670 4606 Jabin
3695 4563 3800 4606 rex

2153 4649 2443 4720 Chanaan,
2459 4649 2556 4720 qui
2583 4646 2867 4716 regnabat
2891 4644 2948 4700 in
2969 4647 3122 4700 Asor
3142 4641 3310 4698 annis
3331 4638 3562 4711 viginti,
3587 4638 3690 4696 sed
3712 4653 3802 4696 oc-

2149 4737 2278 4796 ciso
2299 4739 2372 4794 ab
2393 4734 2595 4806 Israel,
2612 4739 2672 4790 et
2696 4747 2726 4790 a
2752 4730 2876 4790 Jael
2890 4746 3072 4790 uxore
3087 4729 3416 4788 Abcrcinei.
3435 4729 3631 4784 Sisara
3646 4727 3804 4800 prin-

2151 4829 2284 4900 cipe
2325 4823 2552 4882 militim
2593 4825 2742 4896 ejus,
2775 4821 3120 4880 humiliatus
3161 4819 3393 4885 tandem
3433 4831 3504 4874 ac
3535 4815 3802 4874 delectus

2150 4920 2262 4974 est.
2289 4916 2410 4971 Hoc
2432 4918 2698 4987 tempore
2720 4911 2954 4970 Miletus
2976 4909 3234 4968 condita.
3260 4909 3373 4966 Per
3393 4906 3548 4964 idem
3570 4911 3803 4978 tempus

2157 5002 2366 5078 Apollo
2389 5003 2694 5061 medicina:
2715 5005 2900 5060 artem
2927 4999 3165 5058 invenit.
3181 4995 3398 5053 Fabula
3411 5010 3645 5068 quoque
3666 4998 3806 5051 tunc
3915 5052 3920 5056 _

2152 5093 2288 5151 ficta
2309 5097 2404 5150 est
2426 5091 2498 5148 de
2529 5091 2694 5148 fabro
2737 5088 2996 5180 Daedalo,
3021 5093 3081 5146 et
3122 5088 3269 5180 ejus
3291 5083 3414 5142 tilio
3437 5085 3623 5180 Icaro,
3648 5079 3804 5180 quod

2151 5182 2446 5255 coaptatis
2483 5181 2594 5238 sibi
2630 5180 2852 5254 pennis,
2878 5177 3188 5237 volaverit.
3223 5177 3344 5231 Ilac
3384 5177 3560 5232 aetate
3581 5177 3805 5243 primus

2153 5276 2360 5342 regnat
2417 5271 2638 5327 Latinis
2697 5269 2895 5340 Picus,
2959 5267 3058 5340 qui
3119 5267 3306 5323 fertur
3365 5259 3596 5319 Saturni
3649 5255 3806 5312 filius

2156 5361 2408 5525 ωἱέῗὶῗϐ]
2454 5449 2685 5508 Cedeon
2728 5446 2897 5505 annis
2948 5443 3338 5518 quadraginta
3386 5455 3460 5500 ex
3497 5435 3656 5495 tribu
3699 5435 3814 5492 Ma-

2152 5553 2346 5598 nasse.
2393 5539 2510 5598 Sub
2549 5553 2664 5612 quo
2705 5537 2892 5596 servit
2930 5534 3115 5594 Israel
3167 5529 3499 5592 Madianitis
3539 5531 3602 5586 et
3647 5527 3816 5584 Amm-
