4086 6178
278 273 350 328 37
1448 274 1874 334 cunemcou.
1920 307 1985 317 -
2022 272 2219 337 mas
2256 279 2525 340 TERTIA.
3260 246 3269 263 “
3631 291 3699 349 38

280 409 520 467 lechitis
558 414 785 483 septem
826 409 1026 478 annis;
1056 410 1160 467 sed
1200 411 1430 470 Gedeon
1474 421 1767 487 pugnante
1797 416 1937 474 libe-

2069 406 2190 457 lunt
2206 403 2414 476 Latini,
2432 406 2529 477 qui
2554 412 2758 480 postea
2781 405 3021 466 Romani
3042 416 3359 485 nuncupat!
3379 420 3536 485 sunt,
3561 432 3698 489 post

279 505 467 555 ratur.
505 498 659 556 Urbs
690 500 871 570 Tyrus
900 499 1159 572 condita,
1196 506 1331 559 ante
1363 502 1643 575 templum
1674 503 1946 562 Hieroso-

279 588 598 660 lymorum,
630 587 798 644 annis
823 587 1095 646 ducentis
1136 593 1196 647 et
1227 590 1632 661 quadraginta.
1677 593 1943 665 Orpheus

278 676 568 733 Thracius
611 676 904 747 Linusque
954 676 1237 748 magister
1274 679 1542 737 Herculis
1581 681 1729 738 artis
1769 682 1945 739 musi-

279 780 370 823 cae
416 765 778 837 inventores,
808 763 953 823 clari
1002 766 1310 826 habentur.
1346 771 1810 841 Argonautarum
1849 785 1945 828 na-

278 854 515 924 vigatio
538 854 839 912 scribitur.

359 943 547 1015 [2955]
583 942 937 1016 Abimelech,
990 944 1159 1003 annis
1210 944 1403 1005 tribus
1456 946 1722 1020 regnavit
1768 947 1824 1006 in
1861 948 1945 1007 Si-

281 1032 477 1089 chem.
506 1032 627 1088 lste
656 1034 1029 1105 septuaginta
1057 1035 1270 1093 fratres
1302 1051 1443 1095 suos
1474 1036 1626 1095 filios
1657 1038 1942 1097 Gedeonis

288 1119 607 1177 interfecit.
639 1121 922 1180 Hercules
953 1121 1119 1181 Ilium
1155 1129 1369 1183 vastat.

374 1207 575 1280 [2938.]
616 1209 817 1281 Thola,
856 1212 1022 1269 annis
1069 1212 1277 1285 viginti
1318 1218 1572 1287 quatuor
1611 1216 1765 1274 illius
1806 1216 1938 1288 Foa,

286 1297 487 1369 patrui
519 1297 876 1370 Abimelech,
910 1300 1000 1356 vir
1026 1300 1097 1359 de
1120 1303 1409 1375 lssachar,
1434 1304 1533 1375 qui
1561 1304 1863 1361 habitabat
1887 1303 1941 1360 in

283 1386 460 1443 Sanir
489 1386 706 1443 montis
750 1388 1009 1460 Ephaim.
1041 1390 1304 1448 Priamus
1345 1392 1400 1449 in
1428 1393 1594 1466 Troja
1638 1398 1772 1467 post
1804 1395 1943 1449 Lao-

285 1474 644 1546 medontem,
680 1476 946 1547 regnavit
994 1492 1177 1536 annos
1216 1481 1516 1538 tredecim.
1552 1483 1764 1540 Fabula
1805 1483 1938 1540 ﬁcta

284 1564 360 1620 de
410 1563 758 1621 Minotauro.
813 1564 1001 1622 bestia
1043 1567 1375 1640 labyrintho
1414 1569 1659 1629 inclusa.
1694 1571 1935 1644 Bellum,

284 1652 666 1724 lmpitharum
688 1656 749 1710 et
772 1655 1215 1727 Centaurorum,
1240 1673 1389 1729 quos
1421 1660 1630 1717 scribit
1651 1660 1940 1734 Palzepha-

2058 490 2295 548 tertium
2318 508 2529 551 annum
2548 496 2913 569 captivitatis
2929 499 3111 570 Trojaa
3140 500 3264 558 sive
3284 504 3452 561 annis
3484 507 3695 566 tribus.

2055 578 2372 651 Postquam
2396 588 2667 642 octavum
2688 586 2956 657 regnavit
2971 589 3200 660 zEneas,
3226 593 3289 646 ut
3306 591 3539 663 quidam
3562 598 3701 653 scri-

2055 670 2220 741 bunt,
2238 671 2525 731 Ascanius
2539 673 2706 731 annis
2738 675 2978 746 triginta
2992 680 3148 734 octo.
3170 680 3317 736 Ante
3344 682 3701 754 Eneam,la-

2053 774 2186 831 nus,
2228 761 2535 835 Saturnus,
2556 762 2751 835 Picus,
2787 765 3037 836 Faunus,
3067 766 3288 826 Latinis
3328 768 3383 826 in
3416 770 3580 829 Italia
3615 789 3701 831 re-

2055 855 2381 919 gnaverunt
2405 866 2509 924 per
2529 866 2712 911 annos
2734 853 2976 912 circiter
3001 860 3234 914 centum
3256 858 3696 931 quinquaginta.

2129 936 2309 1012 [3046]
2350 939 2476 996 Heli
2521 942 2803 1001 sacerdos
2847 944 3014 1001 annis
3061 946 3467 1017 quadraginta.
3500 949 3562 1005 In
3597 951 3701 1007 He-

2054 1028 2345 1086 braeorum
2375 1029 2564 1102 libris,
2598 1031 2730 1088 anni
2764 1033 3148 1104 quadraginta
3174 1054 3187 1091 :
3211 1035 3269 1092 in
3301 1037 3701 1109 Septuaginta,

2054 1117 2186 1175 anni
2217 1116 2425 1190 viginti
2460 1119 2851 1178 inveniuntur.
2889 1124 3036 1180 Arca
3065 1123 3418 1183 Testamenti
3450 1126 3523 1182 ab
3553 1124 3707 1184 Allo-

2054 1205 2247 1279 phylis
2289 1206 2540 1280 capitur.
2587 1209 2845 1280 Regnum
2891 1210 3294 1283 Sicyoniorum
3344 1214 3565 1286 flnitur,
3606 1213 3704 1285 qui

2052 1296 2125 1352 ab
2155 1296 2411 1367 {Egialeo
2444 1312 2630 1370 usque
2657 1297 2730 1355 ad
2759 1298 3109 1373 Zeuzippum
3156 1308 3568 1373 regnaverunt,
3603 1318 3706 1376 per

2052 1397 2237 1441 annos
2260 1390 2588 1457 nongentos
2607 1388 2909 1457 sexaginta
2934 1388 3103 1446 duos.
3124 1391 3394 1447 Hectoris
3416 1390 3518 1447 ﬁlii
3539 1390 3704 1448 Ilium

2058 1479 2427 1547 receperunt,
2472 1474 2736 1547 expulsis
2787 1476 3101 1534 Antenoris
3160 1478 3437 1550 posteris,
3486 1478 3703 1536 Heleno

2048 1560 2170 1633 illis
2203 1562 2533 1620 subsidium
2578 1565 2817 1622 ferente.
2851 1565 3188 1623 Latinorum
3243 1566 3457 1625 tertius
3488 1567 3703 1625 Silvius

2050 1654 2242 1711 Eneze
2278 1651 2456 1723 filius,
2491 1658 2696 1723 regnat
2732 1654 2899 1711 annis
2929 1654 3134 1725 viginti
3182 1670 3388 1714 novem
3419 1657 3516 1730 qui
3547 1658 3703 1730 quod

285 1746 387 1798 tus
422 1741 611 1813 primo
659 1742 732 1799 de
780 1744 1233 1804 lncredibilibus
1282 1745 1456 1819 libro,
1496 1748 1725 1806 nobiles
1762 1750 1945 1809 fuisse

2069 1748 2199 1816 post
2241 1746 2508 1813 mortem,
2542 1742 2727 1815 patris
2764 1743 2981 1816 editus,
3015 1745 3136 1801 ruri
3170 1746 3359 1803 fuerat
3396 1748 3703 1817 educatus,

284 1831 524 1901 equites
552 1831 982 1890 Thessalorum.

357 1919 540 1992 [2081]
577 1921 724 1992 Jair,
754 1921 921 1979 annis
945 1922 1176 1981 duobus
1205 1929 1267 1981 et
1298 1922 1537 1996 triginta
1564 1940 1636 1984 ex
1665 1927 1820 1986 tribu
1843 1930 1947 1986 Ma'

277 2025 478 2067 nasse.
511 2010 623 2067 Per
643 2011 769 2068 hiec
803 2016 1064 2083 tempora
1088 2012 1370 2071 Hercules
1392 2028 1634 2085 agonem
1658 2017 1946 2090 Olympia-

275 2115 416 2156 cnm
453 2099 792 2169 constituit,
832 2104 1007 2172 atque
1048 2101 1106 2157 in
1146 2103 1322 2175 Libya
1363 2106 1626 2163 Antaeum
1664 2108 1885 2165 occidit
1912 2123 1943 2165 a

275 2188 752 2288 quo.usqu.e.ad
803 2189 1045 2288 primam
1099 2190 1497 2288 Olympiaodem
1549 2200 1947 2269 supputantur

276 2277 418 2333 anni
448 2276 862 2348 quadringenti
895 2277 1156 2348 triginta.

355 2365 542 2438 [3004]
591 2366 794 2437 Jeptes
834 2365 1151 2439 Galadites,
1187 2368 1355 2429 annis
1392 2386 1516 2431 sex.
1560 2371 1854 2431 Philistini
1888 2376 1947 2431 et

280 2453 570 2510 Amanita:
604 2452 942 2525 deprimunt
964 2455 1176 2526 Israel;
1209 2473 1280 2516 ex
1302 2461 1517 2532 quibus
1550 2463 1830 2520 Amanitae
1852 2462 1949 2519 de-

283 2541 586 2599 bellantur
626 2557 657 2598 a
687 2544 888 2615 Jepte;
927 2544 1025 2616 qui
1068 2544 1125 2601 in
1166 2545 1319 2605 libro
1355 2551 1625 2608 Iudicum
1666 2551 1738 2608 ab
1774 2556 1949 2610 aetate

280 2630 509 2702 Hoysis
538 2644 727 2702 usque
757 2630 829 2687 ad
860 2633 1261 2707 semetipsum,
1294 2637 1376 2693 ait
1414 2639 1723 2712 supputari
1765 2654 1949 2696 annos

282 2717 750 2788 trecentos,vel,
778 2723 840 2775 ut
860 2720 1095 2790 quidam
1118 2724 1356 2783 codices
1378 2727 1613 2799 habent,
1630 2742 1813 2785 annos
1838 2732 1952 2784 tre.

279 2811 507 2863 centes
539 2806 793 2878 quinque
823 2812 884 2864 et
912 2808 1139 2879 viginti.
1167 2812 1344 2883 Cujus
1380 2819 1640 2887 tempore
1669 2816 1949 2873 Hercules

285 2893 847 2966 quinquagesimum
870 2897 1190 2955 secundum
1213 2914 1424 2959 annum
1446 2917 1646 2974 agens,
1663 2905 1738 2959 ob
1763 2904 1948 2962 morbi

284 2980 561 3038 dolorem
614 2996 745 3039 sese
793 2982 1038 3041 flammis
1087 2985 1306 3057 injecit.
1357 2990 1468 3045 Per
1517 2992 1666 3047 idem
1720 2996 1950 3062 tempus

2055 1837 2116 1890 et
2146 1831 2323 1904 Sylvi,
2353 1838 2413 1890 et
2441 1832 2745 1889 Posthumi
2776 1847 2983 1891 nomen
3011 1834 3261 1909 accepit,
3295 1851 3326 1893 a
3355 1852 3469 1909 quo
3503 1850 3705 1894 omnes

2058 1922 2416 1980 Albanorum
2451 1935 2619 1992 reges
2651 1921 2828 1993 Sylvii
2856 1923 3051 1981 vocati
3082 1928 3240 1981 sunt.

2128 2010 2309 2083 [3085]
2358 2009 2588 2068 Samuel
2634 2014 2694 2067 et
2751 2010 2905 2083 Saul,
2959 2011 3127 2069 annis
3186 2012 3591 2084 quadraginta.
3641 2014 3700 2069 ln

2054 2100 2355 2173 Scriptura
2387 2113 2577 2170 sacra,
2601 2098 2833 2156 ducatis
2863 2099 3146 2157 Samuelis
3170 2087 3501 2171 quotannis
3531 2102 3706 2160 fuerit

2054 2188 2288 2245 minime
2310 2191 2501 2260 patet;
2526 2187 2700 2244 docet
2722 2191 2912 2245 tamen
2931 2189 3222 2261 Iosephus
3236 2189 3517 2246 tredecim
3537 2190 3704 2247 annis

2057 2277 2445 2350 principatum
2469 2275 2628 2333 illius
2650 2275 2983 2334 emicuisse.
3007 2277 3277 2336 Chronici
3295 2293 3455 2349 vero,
3478 2278 3704 2336 Samuel

2054 2370 2115 2424 et
2145 2365 2279 2423 Saul
2309 2365 2484 2423 simul
2512 2365 2679 2423 annis
2708 2365 3092 2438 quadraginta
3115 2367 3422 2439 praefuisse
3450 2367 3702 2437 signant.

2056 2456 2117 2511 ln
2152 2454 2396 2512 Actibus
2426 2453 2832 2528 apostolorum
2873 2453 3181 2527 apostolus
3212 2455 3427 2512 Paulus
3468 2454 3546 2511 ita
3579 2470 3709 2512 cou-

2057 2543 2328 2602 cionatus
2358 2544 2429 2601 ad
2463 2543 2739 2617 populum
2770 2548 2863 2602 est
2887 2563 2900 2600 :
2924 2545 3077 2602 Deus
3112 2543 3301 2617 plebis
3323 2543 3505 2602 lsracl
3530 2545 3709 2616 elegit

2061 2639 2259 2707 patres
2307 2638 2568 2705 nostros,
2618 2636 2679 2691 et
2728 2633 2953 2706 plebem
3000 2632 3303 2705 exaltavit,
3346 2648 3477 2691 cum
3506 2639 3709 2717 essent

2059 2722 2265 2781 incolae
2290 2722 2344 2778 in
2369 2727 2525 2779 terra
2546 2722 2798 2796 .Egypti,
2823 2728 2883 2781 et
2905 2722 2960 2778 in
2983 2722 3227 2780 brachio
3246 2722 3484 2781 excelso
3505 2722 3710 2780 eduxit

2059 2826 2163 2868 eos
2190 2825 2262 2869 ex
2308 2825 2396 2882 ea,
2429 2816 2490 2869 et
2537 2826 2642 2884 per
2689 2810 3073 2883 quadraginta
3121 2825 3404 2870 annorum
3452 2815 3705 2884 tempus,

2061 2916 2254 2957 mores
2294 2915 2497 2958 eorum
2549 2899 2835 2958 sustinuit
2874 2900 2931 2956 in
2976 2900 3251 2968 deserto;
3294 2905 3354 2957 et
3394 2900 3708 2958 destruens

2060 2994 2265 3061 gentes
2294 2994 2519 3060 septem
2565 2988 2622 3043 in
2670 2993 2826 3044 terra
2876 2988 3163 3059 Chanaan,
3197 2992 3361 3046 sorte
3402 2987 3710 3045 distribuit

287 3069 627 3128 Alexander
675 3069 945 3127 Helenam
993 3073 1207 3146 rapuit,
1249 3076 1672 3152 Trojanumque
1730 3077 1945 3136 bellum
1978 3100 2027 3163 α
2060 3079 2147 3136 eis
2172 3082 2385 3135 terram
2408 3075 2816 3147 eorum,quasi
2840 3079 2976 3149 post
2996 3076 3457 3148 quadringentos
3471 3080 3531 3134 et
3551 3076 3713 3148 quin-

287 3158 612 3216 decennale
635 3160 913 3217 surrexit.

363 3248 548 3321 [3010]
581 3248 775 3305 Abesa
809 3248 880 3305 de
930 3249 1288 3326 Bethlehem,
1319 3256 1486 3314 anuis
1519 3262 1762 3330 septem.
1806 3262 1949 3330 Aga-

289 3350 561 3392 memnon
594 3335 845 3408 imperat
875 3336 1127 3408 Mycenis
1158 3342 1414 3415 quinque
1436 3349 1496 3402 et
1516 3344 1743 3417 viginti.
1773 3348 1949 3417 Cujus

290 3439 444 3480 anno
490 3424 866 3497 quindecimo
914 3425 1079 3498 Troja
1107 3431 1359 3502 capitur.
1419 3436 1743 3494 Amazones
1791 3450 1949 3493 arma

291 3519 695 3585 sumpserunt.

373 3601 550 3676 [3017]
589 3606 794 3678 Ajalon
822 3609 1216 3692 Zabulonites,
1241 3612 1408 3670 annis
1440 3612 1661 3670 decem.
1686 3613 1789 3670 llic
1819 3628 1951 3671 cum

290 3691 463 3748 annis
491 3695 619 3752 suis
649 3697 851 3756 decem
887 3691 941 3757 in
973 3702 1352 3775 Septuaginta
1377 3703 1803 3777 lnterpretibus
1838 3718 1952 3761 non

291 3780 567 3854 habetur,
593 3800 841 3856 quorum
865 3788 1076 3849 damno
1098 3791 1641 3864 supplendo,Josue
1664 3793 1782 3850 ﬁlio
1804 3794 1951 3864 Nun,

289 3870 589 3929 Eusebius
621 3876 872 3934 Samueli
903 3883 964 3936 et
986 3879 1140 3937 Sauli
1174 3895 1422 3951 quorum
1445 3895 1629 3938 annos
1651 3882 1953 3955 Scriptura

291 3972 409 4014 non
452 3959 622 4033 dicit,
667 3964 866 4036 plures
907 3981 1091 4025 annos
1130 3983 1302 4040 quam
1340 3969 1395 4025 in
1425 3971 1679 4044 Josepho
1707 3970 1953 4043 legerat,

292 4050 625 4121 annotavit,
656 4058 945 4123 quatenus
983 4057 1055 4113 ab
1102 4072 1347 4128 egressu
1385 4058 1566 4116 Israel
1602 4074 1674 4117 ex
1709 4062 1956 4132 zEgypto

296 4150 492 4205 usque
541 4139 614 4195 ad
659 4141 1106 4201 aediﬁcationem
1155 4146 1355 4220 templi
1397 4147 1954 4219 quadringentorum

293 4224 602 4295 octoginta
634 4242 918 4288 annorum
950 4245 1234 4306 summan,
1267 4248 1439 4306 quam
1470 4235 1772 4308 Scriptura
1812 4251 1958 4309 prie-

294 4310 464 4369 dicat
494 4313 756 4375 haberet.

370 4399 559 4475 [3025]
596 4406 802 4463 Abdon
825 4406 950 4467 sive
979 4409 1212 4469 Labdon
1245 4411 1316 4470 de
1348 4414 1506 4472 tribu
1537 4412 1830 4487 Ephraim,
1863 4427 1959 4470 an-

294 4489 390 4546 nis
423 4496 584 4548 octo.
634 4496 811 4566 Cujus
842 4512 991 4556 anno
1025 4498 1202 4557 tertio
1228 4503 1395 4573 Troja
1424 4507 1596 4575 capta
1626 4508 1752 4570 est;
1792 4507 1852 4560 ct
1872 4503 1961 4559 ΑΞ-

295 4592 444 4636 neas
484 4581 559 4637 ad
590 4582 815 4641 Italiam
844 4585 1020 4643 venit.
1058 4588 1376 4662 Completis
1407 4605 1437 4646 a
1469 4591 1656 4663 primo
1690 4605 1840 4648 anno
1872 4593 1966 4648 Ce-

294 4668 528 4741 cropis,
564 4672 661 4742 qui
694 4672 917 4744 primus
963 4677 1116 4749 apud
1157 4677 1409 4737 Atticam
1452 4681 1738 4752 regnavit,
1782 4694 1965 4738 annos

297 4759 611 4816 trecentos
639 4760 877 4832 triginta
909 4765 1183 4837 quinque.
1219 4772 1263 4825 A
1292 4769 1742 4841 quadragesimo
1772 4775 1964 4827 autem

296 4850 360 4902 et
390 4848 577 4903 tertio
600 4863 751 4907 anno
774 4868 953 4924 regno
975 4856 1104 4912 Nini
1132 4859 1505 4931 Assyriorum
1529 4862 1706 4933 regis,
1731 4875 1968 4935 compu-

298 4938 653 4993 tanturanni
667 4941 987 5012 octingenti
1006 4944 1210 5016 viginti
1224 4948 1496 5021 quinque.
1516 4953 1558 5006 A
1575 4956 1806 5009 mortuo
1828 4950 1969 5007 Lab-

299 5022 420 5079 don
438 5024 687 5083 servivit
707 5028 1222 5093 lsraelPhilistmis
1246 5039 1631 5110 quadraginta
1645 5042 1833 5099 annis.
1849 5044 1966 5098 llac

295 5115 483 5202 aetate
518 5115 847 5175 Carmentis
887 5123 1137 5194 nympha
1179 5125 1412 5184 Latinas
1454 5127 1687 5187 litteras
1724 5130 1960 5202 reperit.

377 5199 565 5273 [302:5]
598 5204 840 5263 Samson
871 5209 942 5266 de
970 5211 1129 5269 tribu
1152 5215 1291 5287 Dan,
1322 5217 1490 5273 annis
1522 5219 1751 5289 viginti.
1791 5199 1965 5274 Asca-

300 5287 673 5379 niuszEnczc
723 5294 875 5354 filius
908 5299 1113 5357 Albam
1155 5304 1439 5363 condidit.
1475 5287 1702 5379 Ulyssis
1733 5318 1966 5377 quoque

303 5375 502 5468 fabula
524 5378 682 5439 ficta.
700 5384 1273 5449 HactenusJudicum
1298 5375 1722 5467 libertempora
1747 5375 1963 5468 sign—at,

302 5462 530 5526 habens
562 5484 750 5530 annos
802 5474 1087 5535 ducentos
1125 5482 1438 5553 nonaginta
1469 5462 1696 5556 novem,
1727 5462 1967 5543 Iudices

304 5558 502 5613 autem
539 5558 892 5633 duodecim;
926 5573 1061 5639 post
1103 5584 1251 5641 quos
1284 5572 1625 5630 sacerdotes
1653 5576 1965 5633 constituti

2058 3166 2335 3238 quaginta
2363 3163 2579 3237 annosi;
2602 3168 2661 3222 et
2683 3164 2955 3237 posthwc
2979 3163 3141 3222 dedit
3163 3165 3412 3237 judices,
3438 3165 3710 3237 usquead

2061 3254 2287 3313 Samuel
2314 3255 2687 3328 prophetam;
2707 3258 2767 3311 et
2786 3253 2996 3312 exinde
3011 3252 3458 3327 postulaverunt
3481 3268 3709 3325 regem;

2061 3349 2120 3402 et
2143 3343 2305 3401 dedit
2334 3342 2451 3399 illis
2498 3344 2651 3401 Deus
2685 3341 2841 3415 Saul,
2874 3340 3054 3400 filium
3093 3342 3209 3414 Cis,
3240 3342 3429 3400 virum
3460 3342 3532 3400 de
3554 3343 3710 3400 tribu

2062 3432 2563 3506 Benjamin,annis
2588 3430 2995 3503 quadraginta.
3034 3431 3119 3488 Ab
3151 3430 3554 3504 hoctempora
3583 3446 3713 3504 pro-

2060 3523 2368 3597 phetarum
2391 3522 2697 3594 incipiunt.
2723 3519 3293 3579 Lacedaemoniorum
3317 3534 3557 3592 regnum
3578 3534 3715 3578 exos

2065 3613 2250 3681 ritur;
2274 3617 2450 3683 atque
2471 3613 2756 3669 Homerus
2782 3609 2965 3668 fuisse
2997 3613 3255 3683 putatur.

2136 3701 2318 3759 lnhac
2341 3701 2515 3758 tertia
2527 3704 2703 3759 rotate
2725 3698 2943 3771 mundi,
2960 3698 3122 3756 salva
3133 3698 3384 3756 veritate
3406 3697 3710 3771 historica,

2065 3791 2401 3864 prmﬁgurat
2432 3791 2487 3846 in
2519 3789 2827 3846 vocatione
2860 3787 3124 3857 Abrahae,
3149 3792 3363 3844 terram
3393 3786 3713 3845 viventium

2067 3879 2281 3938 Christi
2307 3878 2523 3951 pepulo
2552 3879 2827 3948 futuram,
2850 3890 2958 3933 nec
2980 3875 3272 3932 incolatus
3293 3874 3481 3932 nostri
3505 3874 3713 3946 longos

2065 3968 2261 4026 exitus
2295 3966 2715 4037 formidandos,
2747 3969 2807 4022 et
2837 3965 2894 4021 in
2936 3964 3169 4022 Christo
3207 3963 3451 4020 Domino
3483 3978 3716 4036 semper

2067 4056 2440 4129 sperandum,
2476 4070 2580 4128 per
2605 4055 2774 4126 cujus
2802 4053 3048 4126 gratiam
3080 4052 3327 4111 vivendo
3361 4052 3713 4129 sempiterna

2069 4146 2362 4218 potiemur
2381 4142 2757 4211 haereditate;
2779 4142 2909 4201 etin
2933 4143 3153 4200 semine
3166 4142 3426 4214 ejusdem
3447 4141 3713 4212 Abrahae,

2071 4231 2893 4305 utstcllascoelimultiplicari
2908 4230 3184 4305 populum
3208 4229 3632 4298 Christianum;
3655 4232 3720 4286 et
3760 4240 3777 4248 ‘

2070 4323 2125 4399 in
2154 4322 2452 4379 oblatione
2482 4326 2542 4378 et
2573 4321 2906 4379 sacerdotio
2937 4321 3064 4391 ejus
3094 4318 3290 4389 regale
3318 4318 3598 4376 Ecclesia;
3629 4333 3719 4375 sa-

2071 4410 2421 4482 cerdotium,
2451 4414 2512 4467 et
2552 4408 2606 4467 in
2641 4408 3001 4483 pr0prietate
3038 4407 3288 4465 nominis
3322 4407 3530 4480 ipsius,
3562 4406 3717 4479 quod

2071 4503 2234 4557 esset
2264 4499 2320 4555 in
2343 4499 2577 4558 Christo
2601 4503 2766 4572 pater
2784 4496 3095 4556 multarum
3117 4495 3374 4569 gentium
3399 4510 3502 4569 per
3524 4495 3715 4565 fidem,

2077 4603 2208 4647 cum
2240 4588 2413 4648 unius
2443 4593 2667 4646 tantum
2696 4587 2887 4659 gentis
2933 4590 3099 4658 pater
3140 4584 3315 4643 fuerit
3351 4600 3455 4658 per
3484 4597 3720 4656 genera-

2076 4678 2321 4737 tionem:
2375 4684 2435 4737 et
2484 4678 2538 4734 in
2579 4675 3027 4734 circumcisione
3073 4674 3290 4745 carnis,
3337 4673 3495 4747 quod
3540 4670 3720 4730 corde

2076 4766 2586 4826 circumcidendus
2614 4769 2776 4824 esset
2807 4763 3193 4823 Christianus.

2148 4858 2217 4914 Et
2248 4857 2303 4911 in
2325 4857 2489 4913 Isaac
2519 4859 2677 4926 nato,
2702 4854 2799 4926 qui
2830 4855 2986 4912 risus
3015 4853 3253 4926 dicitur,
3279 4851 3434 4925 quod
3461 4846 3720 4922 gentium

2078 4944 2330 5017 populus
2358 4945 2456 5017 qui
2490 4944 2546 5000 in
2588 4943 2882 5001 Christum
2911 4944 2982 5001 de
3015 4942 3111 5000 illa
3152 4942 3305 5001 serie
3336 4940 3392 4996 in
3424 4950 3600 4995 carne
3628 4950 3722 4994 ve-

2076 5032 2331 5091 nientem
2354 5034 2591 5092 irrisum
2612 5047 2643 5089 a
2662 5033 2880 5092 Judzeis
2901 5032 3229 5101 crederent,
3244 5034 3304 5086 et
3332 5029 3723 5098 agnoscerent

2077 5121 2236 5179 illius
2268 5122 2751 5181 contumeliosam
2782 5123 3134 5196 passionem,
3168 5131 3330 5175 suam
3361 5129 3557 5175 veram
3589 5128 3723 5174 esse
3754 5192 3755 5195 η

2078 5210 2503 5271 liberationem.

2146 5301 2217 5359 Et
2246 5302 2301 5358 in
2348 5302 2595 5360 Sodoma
2638 5308 2697 5362 et
2738 5304 3035 5372 Gomorra,
3071 5295 3376 5373 impiarum
3416 5297 3722 5357 civitatum

2078 5391 2484 5466 subversione,
2503 5390 2682 5451 futuri
2704 5391 2910 5465 judicii
2940 5390 3113 5463 diem,
3136 5402 3243 5447 nec
3276 5402 3452 5463 posse
3475 5386 3724 5445 evadere

2078 5485 2300 5539 statuta
2360 5483 2668 5556 snpplicia,
2727 5480 2899 5537 noxia
2954 5480 3304 5540 curiositate
3353 5475 3721 5552 pr0positum

2079 5576 2296 5630 sanctie
2309 5569 2776 5628 conversationis
2798 5574 3260 5640 contemnentes,
3278 5573 3553 5637 retroque
3576 5559 3722 5618 male
