4086 6178
391 255 460 310 39
1441 262 1493 316 S.
1539 259 1796 318 ADONIS
1836 254 2272 314 ARCHIEPISC.
2317 258 2734 314 VIENNENSIS
3721 265 3788 323 4ο

390 374 638 432 vivendo
658 375 1074 448 respicientes;
1096 378 1374 451 solosque
1391 380 1651 450 liberari,
1677 395 1826 451 quos
1843 379 2030 448 gratia
2061 379 2117 439 A
2148 379 2494 451 accipiebat.
2520 383 2642 437 Isto
2666 386 2926 452 tempore
2941 395 3112 436 omne
3142 383 3541 452 magisterium
3561 388 3788 446 Iudaeo-

391 463 605 518 Christi
638 461 997 522 liberaverit.

461 552 526 606 Et
552 549 609 606 in
642 551 1040 612 immolatione
1077 557 1284 616 arietis
1324 574 1431 632 pro
1459 559 1646 628 Isaae,
1671 555 1888 614 Christi
1913 569 2036 627 pas-

386 637 611 696 sionem
641 654 1015 714 expressam;
1045 648 1104 702 et
1132 645 1486 718 injuratione
1515 645 1614 702 Dei
1647 645 1802 716 quod
1837 657 2032 700 semen

385 727 632 786 Abrahae
654 727 712 784 in
735 729 967 788 Christo
988 747 1164 805 supra
1187 749 1489 792 numerum
1512 733 1948 800 extenderetur,
1972 734 2034 788 et

383 829 500 871 non
530 820 755 874 tantum
777 833 850 874 ex
871 820 1090 879 semine
1117 823 1336 893 carnis,
1361 822 1465 882 sed
1494 822 1607 879 ﬁde
1633 819 1836 878 vocari
1861 819 1935 878 ad
1958 819 2035 876 in-

383 901 608 970 ﬁnitum
639 919 942 966 numerum
973 909 1127 968 ﬁlios
1161 912 1469 968 Abraham.

451 993 524 1049 Et
537 1007 612 1050 ex
634 993 852 1054 femore
867 997 1179 1072 Abraham,
1202 1015 1437 1058 carnem
1463 1001 1680 1060 Christi
1701 1004 2029 1071 venturam,

380 1082 613 1153 quando
646 1083 799 1142 idem
845 1086 1134 1144 Abraham
1179 1103 1352 1148 servo
1377 1091 1582 1162 jubet:
1613 1093 1774 1150 Pone
1799 1103 2030 1148 manum

379 1173 540 1227 tuam
572 1173 682 1229 sub
712 1173 932 1232 femore
961 1190 1109 1248 meo,
1135 1183 1194 1234 et
1217 1178 1348 1250 jura
1371 1179 1510 1236 mihi
1541 1194 1645 1252 per
1662 1181 1843 1237 Deum
1863 1177 2028 1244 coeli;

381 1259 758 1333 ostenditque
790 1263 1084 1323 Christum
1112 1265 1210 1337 qui
1239 1271 1332 1324 est
1352 1269 1506 1326 Deus
1527 1267 1682 1338 coeli,
1716 1281 1822 1340 per
1849 1265 2030 1336 Virgi.

379 1361 509 1404 nem
539 1350 773 1407 Mariam
803 1367 876 1410 ex
907 1353 1126 1412 femore
1153 1370 1262 1413 suo
1292 1357 1350 1414 in
1379 1372 1556 1416 carne
1587 1359 1866 1415 futurum.

449 1438 520 1492 Et
541 1438 598 1494 in
621 1441 870 1510 geminis
890 1443 1172 1502 Rebecca;
1193 1445 1342 1502 duos
1363 1445 1634 1518 pepulos,
1661 1445 2026 1504 Christianos

375 1529 436 1582 et
464 1527 720 1602 Iudaeos,
755 1545 1003 1602 quorum
1031 1533 1221 1590 minor
1246 1535 1427 1592 Iacob
1457 1533 1628 1606 lenis,
1659 1535 1718 1590 in
1753 1533 1879 1607 ipsa
1906 1535 2025 1605 jam

376 1618 626 1690 pueritia
658 1633 762 1690 per
789 1625 1092 1692 cocturam
1135 1623 1372 1680 rubram
1400 1623 1716 1696 lenticulae,
1745 1625 2023 1696 majorem

376 1707 614 1764 fratrem
645 1707 798 1766 Esau
825 1709 1120 1782 hiSpidum
1150 1711 1558 1784 supplantans,
1589 1711 1777 1772 lenem
1807 1713 2025 1770 mitem-

2151 482 2298 538 rum,
2329 472 2390 524 et
2419 469 2686 542 mystica,
2723 468 2872 525 unde
2905 469 3124 526 Christi
3168 471 3552 545 vocabantur,
3586 477 3786 533 unctio

2144 555 2269 628 ipsa
2302 556 2617 614 defecerat.
2650 559 2847 629 Neque
2873 557 2948 614 ad
2978 559 3282 630 mysticam
3315 561 3649 620 unctionem
3681 567 3788 622 He-

2145 645 2319 702 rodes
2366 645 2624 718 pertinet
2663 644 3010 716 alienigena,
3041 647 3146 718 qui
3172 647 3483 706 deﬁciente
3521 664 3594 706 ex
3626 650 3785 710 tribu

2137 734 2284 790 Iuda
2315 733 2578 807 principe
2606 735 2790 806 regio,
2821 747 2853 790 a
2889 735 3164 794 Romanis
3215 734 3272 792 in
3317 735 3516 796 Iudma
3543 753 3784 810 regnum

2141 828 2482 894 acceperat;
2507 824 2616 880 sub
2649 823 2818 894 cujus
2865 828 3130 896 tempore
3157 829 3334 888 natus
3371 832 3468 885 est
3491 827 3782 902 Christus,

2140 915 2353 968 unctus
2385 913 2632 968 Sanctus
2674 915 3013 969 sanctorum
3045 910 3176 992 oleo
3215 912 3632 974 exsultationis
3663 934 3784 992 pra:

2139 998 2528 1074 participibus
2551 998 2698 1069 suis,
2723 999 3074 1070 quiveniens
3087 989 3160 1058 ad
3182 1017 3322 1060 oves
3336 1012 3464 1075 Quae
3486 989 3788 1076 perierant
3815 1020 3820 1024 ‘

2139 1087 2346 1145 domus
2366 1085 2568 1158 Israel,
2595 1087 2934 1144 testimonio
2953 1089 3216 1162 Ioannis,
3241 1090 3298 1148 in
3319 1105 3466 1166 aqua
3491 1109 3636 1153 usus
3656 1099 3785 1164 est;

2139 1178 2308 1248 cujus
2355 1176 2599 1247 ﬁguram
2627 1177 2817 1246 gessit
2857 1177 2983 1249 ipse
3007 1177 3211 1250 Iudas,
3243 1194 3377 1238 cum
3406 1181 3519 1240 iret
3555 1183 3629 1239 ad
3662 1189 3786 1242 ton-

2137 1264 2358 1322 dendas
2380 1279 2522 1322 oves
2538 1265 2594 1322 in
2613 1267 2844 1336 Tamna,
2861 1265 3016 1336 quod
3031 1266 3786 1341 interpretaturdeﬁciens;

2131 1354 2250 1426 jam
2279 1355 2436 1411 enim
2465 1354 2762 1412 defecerat
2791 1355 3065 1428 princeps
3087 1371 3161 1414 ex
3177 1357 3346 1430 Iuda,
3371 1364 3548 1430 atque
3575 1361 3782 1418 unctio

2135 1444 2382 1516 mystica
2412 1443 2766 1502 Iudaeorum.
2800 1445 2971 1502 Venit
3009 1449 3204 1504 autem
3232 1461 3366 1504 cum
3397 1459 3506 1504 suo
3539 1453 3784 1521 pastore

2135 1533 2507 1604 Odollamite,
2531 1533 2627 1592 cui
2647 1548 2856 1592 nomen
2886 1538 3015 1590 erat
3045 1535 3200 1603 fras;
3233 1535 3660 1610 interpretatur
3685 1553 3782 1596 au-

2133 1625 2250 1678 tem
2279 1613 2662 1680 Odollamites
2709 1622 3073 1680 testimonium
3098 1623 3163 1680 in
3197 1639 3364 1696 aqua,
3397 1624 3620 1684 habens
3651 1627 3780 1699 qui-

2133 1711 2261 1769 dem
2291 1711 2570 1768 Dominus
2606 1709 3005 1768 testimonium
3043 1711 3228 1783 majus
3257 1715 3499 1786 Joanne,
3533 1721 3778 1788 propter

374 1811 486 1867 que
517 1797 712 1868 signat
733 1781 1010 1872 populum
1045 1781 1460 1872 Christianum,
1474 1781 1572 1873 qui
1591 1816 1696 1873 per
1715 1806 2017 1858 cocturam
2046 1781 2100 1843 Β
2132 1799 2390 1856 inﬁrmas
2439 1802 2628 1856 tamen
2678 1813 2841 1869 oves,
2875 1799 2986 1854 hoc
3036 1781 3374 1858 testimonio
3408 1781 3552 1860 usus
3591 1781 3684 1862 est
3715 1804 3772 1861 in

372 1887 630 1957 rubram,
646 1888 986 1959 Passionem
1009 1888 1241 1946 scilicet
1263 1891 1500 1962 Christi,
1522 1891 1806 1962 sanguine
1819 1892 2020 1948 rubra-

373 1981 510 2048 tam,
539 1977 706 2035 edaci
736 1991 804 2034 ac
836 1979 1100 2036 saevienti
1128 1979 1329 2036 Iudam
1353 1979 1588 2052 populo,
1621 1981 1790 2052 cujus
1817 1994 2016 2037 curam

369 2067 643 2138 gestabat
678 2067 850 2137 Esau,
883 2067 1171 2139 primatus
1201 2067 1546 2138 dignitatem
1584 2067 1686 2126 illo
1729 2070 2018 2128 vendente

373 2155 669 2226 suscepit;
694 2155 792 2212 ille
834 2155 990 2226 quod
1012 2155 1308 2214 nascendo
1343 2157 1548 2214 habuit
1583 2172 1688 2230 per
1716 2158 2017 2230 concupis-

369 2243 622 2300 centiam
646 2243 934 2315 perdidit;
961 2245 1328 2302 Christianus
1357 2260 1462 2318 per
1489 2246 1738 2316 gratiam
1771 2247 1928 2319 quod
1959 2247 2014 2303 in

371 2335 577 2402 natura
594 2345 708 2388 non
721 2331 927 2388 habuit
941 2333 1274 2403 acquisivit.
1293 2334 1392 2390 Cui
1409 2334 1592 2407 pelles
1610 2335 1908 2393 haedorum
1927 2351 2017 2392 su-

369 2433 473 2492 per
495 2419 757 2491 brachia,
780 2425 840 2476 et
861 2421 1148 2478 cervicem
1171 2423 1384 2480 nudam
1413 2427 1599 2480 mater
1625 2424 1868 2496 aptavit,
1894 2439 2015 2482 ves-

325 2580 331 2587 _
368 2511 544 2580 teque
571 2508 945 2581 primogeniti
969 2509 1061 2568 sui
1085 2511 1293 2584 induit,
1316 2516 1590 2584 tanquam
1615 2513 1732 2584 jam
1760 2513 1932 2570 nobis
1956 2514 2014 2569 il-

366 2596 485 2655 lum
507 2597 820 2670 ﬁguratum
842 2599 1162 2658 ostendens
1183 2601 1477 2658 Christum
1499 2601 1598 2672 qui
1634 2601 1882 2673 accepit,
1898 2617 2010 2658 non

363 2700 601 2744 carnem
632 2687 881 2761 peccati,
915 2689 1018 2746 sed
1049 2689 1491 2746 similitudinem
1521 2691 1717 2746 carnis
1760 2693 2009 2764 peccati,

365 2775 671 2848 legemque
703 2777 933 2834 Veteris
960 2778 1314 2836 Testamenti
1343 2782 1616 2850 tanquam
1645 2781 1866 2835 vestem
1899 2781 2012 2852 pri-

361 2865 640 2937 mogeniti
685 2865 1008 2938 excipiens,
1048 2881 1164 2924 non
1207 2867 1472 2939 solverit,
1513 2867 1617 2924 sed
1656 2867 2006 2940 impleverit.

358 2953 508 3024 Post
541 2954 713 3025 cujus
761 2954 1002 3012 odorem
1045 2953 1370 3012 benedictae
1415 2961 1778 3014 concurrunt
1807 2971 2009 3013 omnes

356 3046 564 3111 gentes
603 3057 734 3114 quae
778 3058 882 3115 per
929 3043 1178 3112 gratiam
1218 3043 1437 3100 Iudaeis
1473 3048 1536 3107 et
1574 3044 1907 3117 primatum,
1949 3050 2010 3102 et

2131 1903 2300 1962 aqua,
2335 1902 2466 1944 nam
2497 1891 2557 1946 et
2586 1888 2715 1961 ipse
2760 1889 2908 1958 lras,
2938 1887 3093 1959 quod
3139 1903 3348 1946 nomen
3392 1889 3552 1948 illius
3584 1897 3777 1964 pasto-

2129 1978 2212 2035 ris
2236 1978 2365 2048 fuit,
2383 1975 3034 2048 interpretaturfratris
3052 1977 3161 2033 mei
3177 1977 3339 2034 visio.
3358 1977 3516 2034 Vidit
3536 1980 3771 2038 omnino

2130 2067 2368 2124 fratrem
2394 2080 2565 2123 suum
2593 2066 2790 2122 Iesum
2821 2064 3141 2122 secundum
3167 2079 3366 2122 semen
3396 2067 3664 2139 Abrahae,
3689 2083 3775 2126 se-

2127 2156 2379 2213 cundum
2435 2154 2842 2225 cognationem
2878 2153 3070 2212 Marite
3109 2155 3172 2210 et
3214 2153 3517 2212 Elizabeth
3563 2157 3770 2216 matris

2127 2259 2280 2312 sua};
2309 2241 3032 2313 eumdemque'Dominum
3072 2245 3132 2298 et
3163 2242 3342 2298 Deum
3371 2257 3562 2314 suum,
3597 2259 3769 2315 quem
3848 2299 3855 2304 .

2121 2333 2239 2406 jam
2271 2332 2632 2390 salutaverat
2657 2346 2732 2388 ex
2752 2335 2944 2402 utero,
2968 2330 3208 2400 agnovit
3237 2331 3557 2402 perfectius
3585 2347 3656 2388 ex
3678 2348 3769 2389 co-

2125 2421 2356 2488 lumba;
2385 2426 2444 2477 et
2495 2421 2624 2476 ideo
2677 2424 2950 2492 tanquam
2999 2418 3402 2490 Odollamites,
3436 2434 3571 2477 vere
3601 2421 3768 2478 testi-

2127 2509 2381 2565 monium
2405 2508 2672 2580 perhibet
2694 2507 2748 2564 in
2771 2521 2938 2580 aqua.
2965 2506 3138 2564 Venit
3164 2512 3358 2566 autem
3390 2507 3667 2566 Dominus
3689 2509 3764 2566 ad

2123 2612 2263 2654 oves
2324 2595 2679 2667 tondeudas,
2733 2597 2845 2652 hoc
2894 2599 2987 2652 est
3033 2595 3438 2652 exonerandas
3497 2595 3764 2654 sarcinas

2125 2690 2520 2758 peccatorum.
2575 2685 2713 2740 Inde
2755 2685 2998 2740 Thamar
3047 2683 3308 2739 habitum
3349 2688 3576 2753 mutat;
3615 2697 3764 2742 nam-

2121 2779 2181 2830 et
2245 2780 2582 2831 commutant:
2644 2773 3106 2844 interpretatur;
3168 2775 3355 2828 mutat
3405 2776 3466 2830 et
3527 2787 3759 2844 nomen,

2121 2867 2182 2920 et
2211 2863 2282 2920 de
2317 2865 2616 2936 Synagoga
2644 2860 2707 2916 ﬁt
2739 2860 3020 2930 Ecclesia,
3052 2857 3156 2916 sed
3206 2859 3264 2914 in
3293 2873 3361 2916 ea
3392 2875 3637 2932 prorsus
3667 2875 3763 2917 no-

2121 2967 2250 3008 men
2265 2949 2672 3007 amaritudinis
2686 2952 3007 3021 permanet,
3022 2961 3138 3003 non
3151 2945 3310 3004 illius
3325 2947 3380 3002 in
3395 2962 3502 3017 qua
3515 2946 3756 3002 Domino

2121 3039 2196 3096 fel
2218 3038 2593 3107 ministravit,
2619 3037 2722 3093 sed
2745 3035 2974 3092 illiusin
2997 3049 3107 3106 qua
3131 3037 3339 3091 Petrus
3358 3033 3516 3091 ﬂevit
3539 3047 3754 3106 amare,

360 3130 835 3188 benedictionem
881 3129 1276 3186 abstulerunt.
1321 3131 1503 3186 Iacob
1549 3146 1801 3204 quoque,
1855 3133 2007 3191 ﬁlius

2123 3142 2252 3182 nam
2284 3130 2344 3182 et
2361 3125 2505 3182 Iuda
2533 3122 2829 3180 confessio
2859 3127 2972 3193 est,
2998 3121 3353 3180 confessioni
3385 3137 3525 3192 ergo
3556 3121 3758 3177 amari-

357 3220 542 3289 lsaac,
563 3233 748 3290 nepos
771 3218 1017 3276 Abrahae
1049 3217 1276 3288 fugiens
1317 3219 1518 3274 fratris
1546 3219 1814 3293 insidias,
1845 3221 1900 3276 in
1923 3230 2008 3280 s‘a-

357 3311 657 3366 cramento
689 3306 938 3379 lapidem
971 3321 1142 3378 quem
1169 3307 1240 3362 ad
1270 3310 1449 3380 caput
1475 3307 1678 3366 habuit
1706 3311 2004 3368 dormiens

356 3397 582 3454 eminus
613 3396 846 3466 erigens
877 3410 1124 3467 eumque
1151 3395 1362 3454 liniens
1403 3395 1555 3468 oleo,
1589 3399 1880 3456 Christum
1911 3416 2006 3458 no-

357 3485 448 3542 bis
477 3484 728 3556 lapidem
757 3471 1093 3556 angularem
1112 3487 1501 3544 consecravit.
1526 3489 1597 3544 Et
1619 3487 1769 3546 idem
1794 3490 2000 3560 Iacob,

355 3573 602 3630 claudus
629 3573 877 3632 effectus
909 3574 965 3630 in
987 3573 1298 3646 latitudine
1327 3575 1566 3633 femoris
1593 3576 1869 3650 populum
1899 3579 2002 3635 He-

355 3663 644 3720 braeorum
675 3661 969 3734 signiﬁcat
997 3661 1484 3722 claudicaturum.
1511 3665 1690 3722 Iudas
1720 3665 1874 3724 ﬁlius
1907 3669 2000 3723 Ia-

352 3751 487 3824 cob,
513 3767 646 3810 cum
676 3767 827 3810 nuru
859 3765 964 3810 sua
999 3753 1323 3811 concubuit
1349 3755 1613 3826 Thamar,
1645 3769 1757 3827 qua
1785 3755 1999 3813 intelli-

351 3841 510 3911 gitur
542 3840 709 3913 plebs
735 3841 954 3912 Iudzea,
970 3841 1066 3900 cui
1089 3842 1160 3899 de
1185 3841 1342 3899 tribu
1361 3843 1507 3900 Iuda
1531 3859 1700 3915 reges
1723 3849 1997 3917 tanquam

350 3929 544 3986 mariti
569 3929 1000 3988 adhibebantur
1014 3949 1030 4000 ;
1045 3931 1197 3988 unde
1209 3946 1416 3988 nomen
1439 3933 1566 4003 ejus
1580 3933 1906 3990 amaritudo
1923 3934 1998 3989 in-

354 4020 736 4089 terpretatur,
761 4019 898 4088 quia
931 4019 1057 4090 ipsa
1078 4019 1321 4074 Domino
1346 4019 1500 4075 fellis
1520 4021 1792 4092 poculum
1811 4022 1992 4080 dedit.

418 4105 480 4160 In
508 4105 740 4164 duobus
772 4104 910 4163 ﬁliis
937 4106 1098 4164 Iuda)
1137 4105 1252 4162 duo
1285 4121 1496 4178 genera
1537 4108 1864 4181 principum
1897 4111 1996 4181 qui

347 4208 460 4250 non
511 4197 672 4252 recte
711 4195 1112 4265 cperabantur
1140 4194 1196 4250 in
1230 4195 1418 4267 plebe,
1451 4211 1627 4254 unum
1666 4212 1867 4256 eorum
1895 4201 1993 4271 qui

345 4282 604 4353 oberrat,
638 4281 886 4341 alterum
916 4283 1016 4355 qui
1046 4283 1190 4340 nihil
1215 4284 1522 4356 proderat:
1554 4301 1661 4344 nec
1682 4287 1834 4345 enim
1857 4294 1996 4346 sunt

346 4371 598 4442 amplius
629 4386 800 4444 quam
835 4373 950 4430 duo
981 4387 1192 4444 genera
1225 4373 1519 4430 hominum
1545 4376 1771 4434 inutilia
1794 4377 1994 4448 generi

2119 3215 2262 3271 tudo
2303 3214 2642 3283 misceatur,
2684 3215 2749 3268 ut
2785 3225 2924 3268 vera
2965 3210 3306 3284 poenitentia
3346 3209 3736 3282 praesignetur

2115 3307 2248 3362 llaec
2299 3302 2638 3376 poenitentia
2691 3301 3037 3358 fecundatur
3082 3299 3344 3358 Ecclesia
3393 3300 3451 3355 in
3487 3299 3758 3356 omnibu-:

2115 3393 2420 3467 gentibus;
2452 3407 2582 3448 nam
2621 3395 2682 3447 et
2712 3391 2839 3464 ipse
2882 3390 3120 3446 habitus
3151 3387 3503 3457 meretricis,
3536 3389 3758 3446 confes-

2113 3483 2202 3539 sio
2233 3486 2607 3556 peccatorum
2647 3485 2771 3546 est;
2802 3484 3002 3551 typum
3051 3477 3265 3549 quippe
3297 3475 3578 3534 Ecclesia:
3605 3475 3758 3546 gerit

2107 3573 2350 3628 Thamar
2368 3586 2441 3627 ex
2462 3569 2736 3641 gentibus
2757 3571 3037 3637 evocatze,
3053 3565 3264 3622 sedens
3277 3579 3408 3624 cum
3422 3565 3532 3620 hoc
3555 3563 3756 3620 habitu

2110 3662 2182 3718 ad
2207 3667 2434 3734 portam
2455 3658 2716 3728 Enahim,
2733 3655 2888 3728 quod
2910 3651 3758 3728 interpretatur/bum,currit

2106 3751 2258 3806 enim
2289 3746 2450 3806 velut
2479 3761 2691 3804 cervus
2722 3744 2794 3802 ad
2827 3745 3018 3800 fontes
3047 3757 3324 3814 aquarum
3359 3739 3660 3813 pervenire
3681 3737 3755 3794 ad

2107 3855 2304 3898 semen
2335 3837 2613 3904 Abrahae;
2645 3834 2766 3892 illic
2805 3833 2957 3890 enim
2987 3847 3017 3888 a
3045 3847 3158 3888 non
3185 3833 3580 3900 cognoscente
3616 3828 3756 3883 feta-

2107 3933 2224 4000 tur,
2250 3927 2382 3999 quia
2407 3927 2478 3982 de
2501 3924 2597 3981 illa
2623 3922 2967 3997 prmdictum
2999 3923 3091 3976 cst
3115 3938 3126 3974 :
3161 3915 3418 3990 Pupulus
3446 3930 3612 3986 quem
3637 3930 3750 3969 non

2109 4017 2381 4088 cognovi,
2411 4015 2656 4072 servivit
2686 4013 2843 4069 mihi.
2869 4009 3098 4081 Accipit
3121 4008 3178 4062 in
3200 4005 3434 4061 occulto
3457 4003 3751 4059 annulum-

2110 4105 2344 4178 monile,
2393 4110 2454 4162 et
2499 4103 2754 4175 virgam;
2802 4099 3108 4158 vocatione
3153 4093 3439 4163 signatur,
3471 4089 3752 4164 justiﬁes-

2106 4196 2264 4252 tione
2321 4195 2554 4265 decora,
2613 4187 3037 4262 gloriﬁcationc
3089 4181 3404 4250 cxaltatur,
3464 4179 3572 4237 sed
3627 4178 3750 4236 haec

2106 4286 2295 4342 adhuc
2326 4285 2382 4340 in
2415 4282 2671 4352 occulto,
2707 4279 2804 4337 ubi
2837 4278 2901 4334 ﬁt
2929 4272 3238 4347 conceptio
3267 4275 3489 4329 sancta:
3521 4268 3749 4326 uberta-

2107 4375 2205 4432 tis.
2239 4373 2492 4430 Mittitur
2519 4365 3158 4440 meretricipromissus
3186 4360 3413 4430 haedus,
3436 4355 3750 4430 exprobra-

346 4460 634 4528 humano:
669 4476 844 4518 unum
885 4463 1242 4534 nocentium,
1283 4463 1532 4520 alterum
1572 4445 1856 4536 praestare
1893 4483 1993 4526 no—
2022 4479 2076 4540 D
2107 4462 2190 4518 tio
2246 4460 2484 4518 scilicet
2512 4457 2740 4532 peccati
2771 4471 2875 4530 per
2903 4453 3165 4512 eumdem
3187 4445 3752 4540 Ddollamitenlttan'

347 4547 611 4620 lentium,
644 4553 724 4620 et,
746 4549 797 4607 si
829 4551 968 4622 quid
990 4551 1127 4607 boni
1149 4551 1458 4622 habent,in
1482 4553 1590 4609 hac
1621 4558 1849 4612 terrena
1875 4557 1992 4614 vita

346 4635 734 4710 perdentium,
766 4643 1041 4710 tanquam
1081 4641 1138 4696 in
1173 4644 1388 4697 terram
1424 4641 1818 4710 fundentium;
1841 4645 1992 4702 unde

341 4726 527 4798 major
556 4727 670 4782 Her
701 4727 1124 4800 interpretatur
1143 4729 1449 4802 palliatiue,
1480 4729 1752 4802 qualibus
1776 4733 1992 4791 tunicis

343 4813 529 4872 induti
561 4819 700 4872 sunt
728 4815 898 4888 primi
927 4817 1214 4890 homines,
1249 4819 1306 4876 in
1343 4834 1567 4892 pcenam
1601 4821 1990 4878 damnationis

341 4917 486 4975 suae,
517 4903 745 4962 dimissi
776 4919 851 4960 ex
891 4905 1186 4978 paradiso.
1231 4909 1488 4980 Sequens
1518 4909 1678 4965 Onan
1708 4908 1992 4982 interpre-

345 4993 507 5047 tatur
542 4999 766 5052 Μιδείας
811 5008 1016 5066 eorum,
1041 4993 1098 5050 id
1135 4999 1249 5067 est,
1281 4997 1494 5067 quibus
1529 4996 1673 5054 nihil
1706 4997 1990 5070 prodesse

345 5093 480 5134 cum
512 5081 724 5142 habeat
773 5083 924 5141 unde
972 5083 1256 5157 prodesse
1302 5087 1512 5158 possit.
1545 5087 1607 5142 In
1658 5087 1836 5143 tertio
1868 5087 1987 5144 ﬁlio

343 5165 528 5236 Iudae,
560 5169 687 5224 Sela
716 5173 812 5242 qui
861 5173 1287 5246 interpretatur
1320 5173 1570 5230 dimissz'o
1601 5175 1745 5245 eius,
1775 5174 1991 5245 signiﬁ-

342 5256 514 5309 catur
543 5258 770 5326 tempus
796 5275 869 5318 ex
895 5277 1010 5332 quo
1053 5277 1220 5334 reges
1251 5261 1406 5336 plebi
1436 5263 1770 5322 Iudaeorum
1799 5277 1988 5336 cmpe-

341 5344 478 5405 runt
505 5341 576 5397 de
609 5343 766 5400 tribu
805 5347 948 5404 Iuda
986 5366 1102 5406 non
1132 5351 1290 5418 ﬁeri;
1320 5349 1453 5422 quia
1495 5356 1622 5408 erat
1651 5351 1852 5408 eadem
1886 5352 1988 5406 tri-

340 5427 456 5504 bus
476 5430 644 5500 Iuda,
678 5431 781 5488 sed
823 5433 998 5490 etiam
1029 5438 1086 5494 in
1127 5440 1340 5512 populo
1384 5440 1548 5498 Iuda)
1595 5454 1762 5497 nemo
1793 5455 1990 5510 regna-

337 5518 468 5587 bat;
504 5524 810 5592 propterea
851 5523 1092 5580 Thamar
1140 5527 1318 5585 ﬁlium
1365 5531 1526 5586 Iudze
1559 5529 1830 5586 maritum
1871 5543 1984 5585 non

2108 4565 2280 4622 quam
2313 4549 2708 4620 increpantem
2738 4549 2798 4604 et
2827 4544 3114 4600 dicentem
3139 4556 3152 4592 :
3189 4533 3499 4622 Generatio
3530 4533 3750 4604 vipera-

2104 4654 2264 4708 rum;
2287 4638 2392 4696 sed
2413 4652 2526 4694 non
2541 4650 2664 4692 eam
2678 4631 2898 4687 invenit
2913 4623 3140 4699 peccati
3160 4621 3562 4694 exprobratio,
3577 4634 3746 4708 quam

2103 4705 2352 4785 mutavit
2372 4718 2762 4782 confessionis
2785 4713 3134 4772 amaritudo.
3159 4711 3300 4768 Post
3322 4723 3460 4766 vero
3493 4705 3748 4780 publicis

2107 4817 2296 4888 signis
2328 4809 2546 4880 annuli,
2581 4804 2838 4876 monilis,
2862 4807 2922 4860 et
2938 4802 3118 4872 virgae
3145 4798 3338 4870 arguit
3366 4802 3586 4888 temere
3598 4793 3750 4888 judi-

2102 4883 2306 4963 cantes
2336 4900 2590 4968 Iudaeos,
2625 4909 2872 4969 quorum
2901 4893 3018 4964 jam
3048 4901 3354 4964 personam
3383 4885 3564 4942 Iudas
3598 4883 3746 4955 ipse,

2100 4991 2394 5065 gestabat,
2426 4986 2674 5062 prolatis
2711 4980 3067 5068 certissimis
3108 4973 3626 5068 documentisAsuze
3656 4985 3749 5068 vo-

2101 5057 2388 5151 cationis,
2405 5057 2850 5150 justiﬁcationis
2885 5075 2945 5127 et
2975 5062 3439 5155 gloriﬁcationis.
3476 5057 3748 5155 Ostendit

2099 5170 2322 5242 virgam
2345 5146 2574 5240 signum
2607 5162 2923 5238 passionis,
2957 5162 3016 5214 et
3039 5153 3251 5212 monile
3273 5149 3545 5242 legitima)
3575 5146 3742 5215 legis,

2097 5265 2158 5318 et
2188 5237 2464 5318 annulum
2497 5237 2706 5329 pignus
2730 5245 3212 5314 immortalitatis,
3248 5237 3488 5329 quando
3515 5246 3747 5292 accusa-

2096 5355 2196 5409 tur
2225 5364 2255 5405 a
2285 5325 2513 5405 Iudaeis
2531 5325 2698 5415 quasi
2730 5335 3120 5396 adulteratrix
3149 5331 3318 5423 legis.
3384 5416 3395 5423 _
3474 5325 3534 5423 ’.ι
3595 5409 3606 5423 ⁸

2166 5439 2228 5494 In
2252 5413 2586 5492 actionibus
2601 5444 2832 5502 quoque
2843 5424 3060 5498 Ioseph
3073 5425 3132 5480 et
3145 5416 3460 5491 Benjamin,
3478 5413 3745 5502 Christus

2098 5533 2158 5584 et
2188 5524 2448 5584 Ecclesia
2476 5499 2661 5593 ipsius
2687 5499 2990 5589 ﬁguratur.
3017 5513 3275 5580 Quorum
3306 5521 3456 5566 unus
3475 5499 3692 5575 Ioseph
3713 5513 3744 5556 a
