4078 6180
241 289 295 344 41
989 289 1008 299 ⁸
1320 286 1327 291 ’
1386 284 1812 346 CHRONICON.
1854 316 1924 330 —
1961 286 2157 347 AETAS
2193 286 2465 347 TERTIA.
2914 312 2917 317 ί
3563 295 3636 352 42

244 411 400 480 patre
420 405 664 477 missus,
687 404 881 477 signat
903 405 1193 465 Christum
1235 421 1265 464 a
1299 408 1473 467 Patre
1513 410 1757 469 missum
1797 412 1870 469 ad
1900 413 1957 474 A
1987 426 2347 485 serpensque
2391 409 2574 484 Moysi
2612 407 2842 467 voravit
2873 413 3178 482 serpentes
3209 424 3411 470 eorum
3444 426 3641 484 mago-

243 510 371 552 oves
408 494 757 565 visitandas,
799 511 929 553 cum
971 496 1186 554 fratres
1228 496 1283 553 in
1326 497 1621 571 passione,
1681 500 1877 557 tunica

242 583 623 655 exspoliatum
652 582 936 640 miserunt
969 584 1022 639 in
1055 584 1275 653 lacum;
1323 601 1389 642 ac
1420 591 1640 644 vestem
1672 588 1798 659 ejus
1824 589 1879 644 in

244 671 517 741 sanguine
541 670 689 729 haedi
707 672 1088 743 tinctam,sub
1113 674 1255 731 falsa
1272 675 1610 745 testatione,
1620 677 1770 749 patri
1786 677 1882 733 mi-

246 765 473 827 serunt;
495 760 911 832 venditumque
935 761 1209 831 gentibus
1235 762 1595 821 Salvatorem
1613 765 1882 822 transmi-

248 848 568 917 serunt,cui
586 848 801 905 inemlo
815 849 926 919 sol,
944 848 1114 906 stella
1138 863 1204 907 ac
1230 850 1386 921 luna,
1411 852 1544 908 etin
1569 852 1879 925 manipulis

252 942 414 1007 terra,
441 936 661 992 inferna
693 952 924 1008 quoque
959 938 1217 996 carceris
1270 940 1686 1012 subderentur,
1735 946 1798 999 ut
1826 941 1879 999 ei

253 1039 405 1081 omne
426 1039 575 1094 genu
594 1025 870 1085 ﬂectatur
901 1025 1251 1097 caelestium,
1284 1028 1677 1100 terrestrium,
1709 1034 1769 1086 et
1801 1029 1883 1086 in-

256 1115 549 1170 fernorum.
611 1114 750 1169 Cum
811 1114 1015 1171 eodem
1044 1116 1282 1187 Ioseph,
1330 1116 1402 1172 ad
1449 1123 1879 1175 sacramentum

260 1201 543 1258 Dominicte
566 1201 885 1272 passionis,
911 1202 1026 1259 duo
1040 1204 1153 1258 Pha
1164 1202 1360 1261 raonis
1374 1204 1665 1276 spadones
1688 1205 1742 1260 in
1756 1220 1882 1261 car-

262 1304 430 1346 cerem
451 1289 849 1359 detrusisunt,
876 1295 940 1347 ut
963 1291 1141 1349 trium
1162 1291 1579 1350 cruciﬁxorum
1602 1308 1880 1352 numerus

266 1378 613 1449 suppleretur
638 1396 653 1446 ;
676 1392 709 1434 e
735 1379 950 1449 quibus
970 1394 1148 1438 verus
1166 1381 1382 1454 Ioseph
1406 1381 1694 1452 Christus,
1723 1397 1882 1440 reve-

266 1468 414 1523 lando
436 1468 707 1539 mysteria
734 1483 908 1525 unum
958 1469 1191 1541 puniret
1230 1484 1334 1541 per
1361 1470 1621 1528 debitum
1664 1472 1884 1544 suppli-

268 1558 416 1627 cium,
431 1556 672 1614 alterum
690 1572 794 1628 per
808 1556 1124 1614 indebitam
1140 1558 1387 1627 gratiam
1411 1558 1708 1617 liberaret.
1727 1562 1882 1617 Idem

269 1647 452 1717 Ioseph
478 1651 609 1718 post
630 1646 780 1703 duos
798 1660 982 1703 annos
1001 1646 1225 1704 dierum
1252 1647 1428 1704 tertio
1453 1647 1787 1721 incipiente,
1812 1650 1884 1706 de

272 1748 478 1827 carcere
498 1733 801 1827 educitur;
825 1739 884 1792 et
907 1734 1177 1827 Christus
1210 1735 1303 1827 die
1342 1737 1514 1827 tertia
1560 1750 1589 1791 a
1633 1738 1881 1795 mortuis
1910 1763 1965 1824 Β

276 1823 517 1892 resurgit.
535 1825 936 1881 Praesentatur
948 1825 1237 1881 Pharaoni
1254 1843 1268 1892 ;
1283 1826 1496 1882 mundo
1523 1827 1880 1883 resurrectio

276 1911 595 1968 declaratur.
614 1913 754 1967 Data
771 1913 1089 1985 estIoseph
1107 1917 1370 1984 potestas
1384 1913 1441 1968 in
1454 1916 1699 1986 .Egypto
1716 1932 1730 1983 ;
1746 1915 1880 1971 data

276 2004 350 2054 est
369 1999 588 2056 Christo
611 2001 802 2057 omnis
826 2004 1091 2072 potestas
1114 2001 1171 2057 in
1194 2000 1344 2057 coelo
1359 2002 1488 2058 etin
1504 2006 1678 2058 terra.
1699 2003 1883 2059 Colle-

274 2087 556 2159 gitIoseph
597 2102 701 2158 per
740 2103 881 2145 suos
930 2089 1278 2147 frumentum
1334 2088 1577 2147 multum
1604 2089 1883 2160 ;collegit

274 2176 507 2232 Christus
528 2176 894 2233 credentium
910 2192 1211 2235 numerum
1225 2178 1352 2236 sine
1373 2194 1635 2237 numero.
1656 2178 1882 2236 Consti-

272 2264 586 2337 tuitIoseph
608 2266 819 2322 horrea
847 2281 948 2338 per
971 2271 1153 2323 totam
1194 2269 1499 2339 Egyptum
1526 2286 1540 2336 ;
1580 2282 1886 2325 consecra-

265 2354 334 2408 vit
356 2353 611 2410 Christus
637 2369 740 2426 per
764 2358 951 2412 totum
970 2355 1244 2413 mundum
1276 2355 1592 2413 Ecclesiae.
1638 2357 1884 2429 Aperuit

260 2442 452 2512 Ioseph
490 2442 698 2499 horrea
742 2448 1004 2515 tempore
1049 2443 1237 2514 famis,
1285 2450 1344 2501 et
1388 2442 1745 2501 ministravit
1770 2447 1885 2502 fru-

258 2536 430 2586 menta
455 2531 687 2602 p0pulis
714 2550 728 2599 ;
753 2532 984 2603 aperuit
1002 2530 1271 2590 Christus
1290 2547 1362 2590 ex
1376 2533 1605 2590 horreis
1621 2533 1746 2591 suis
1766 2534 1885 2591 diu-

255 2623 469 2676 turnam
485 2618 862 2692 suicorporis
888 2620 1245 2693 praebiturus
1268 2636 1552 2677 annonam
1575 2621 1886 2679 esurienti-

252 2708 353 2765 bus
366 2713 425 2764 et
441 2708 781 2766 sitientibus
796 2709 1105 2781 justitiam.
1123 2710 1676 2783 AcquisivitIoseph
1698 2716 1883 2768 totam

244 2799 544 2869 .Egyptum
583 2797 912 2866 Pharaoni;
951 2798 1263 2871 acquisivit
1286 2798 1553 2857 Christus
1608 2800 1883 2857 mundum

242 2890 477 2955 pastum
512 2891 569 2940 et
608 2885 1051 2942 reconciliatum
1098 2887 1278 2944 Patri.
1326 2888 1620 2945 Venerunt
1672 2889 1884 2945 fratres

238 2974 475 3044 Ioseph,
500 2971 595 3043 qui
628 2986 759 3029 cum
799 2973 1202 3045 vendiderant,
1262 2974 1409 3031 fame
1453 2975 1763 3047 compulsi,
1812 2976 1885 3031 ad

239 3074 365 3117 eum
394 3078 409 3127 ;
441 3066 727 3117 venerunt
749 3064 809 3117 ct
830 3061 902 3117 ad
929 3062 1223 3119 Christum
1253 3061 1456 3131 Iudaei,
1484 3062 1583 3133 qui
1604 3076 1735 3118 eum
1756 3076 1887 3119 cru-

238 3148 564 3219 cifixerant,
598 3149 807 3221 utejus
860 3150 1063 3207 refecti
1110 3149 1371 3221 cibariis,
1420 3164 1450 3206 a
1502 3149 1648 3206 fame
1681 3150 1885 3208 anima:

238 3235 650 3294 liberarentur.
689 3239 948 3295 Aderant
980 3238 1085 3310 illi,
1130 3239 1376 3296 adorant
1427 3244 1487 3295 et
1519 3236 1618 3295 isti
1644 3257 1656 3294 :
1681 3239 1886 3311 sicque

240 3327 401 3383 niris
434 3326 846 3396 sacramentis,
868 3326 922 3382 in
946 3328 1178 3385 actione
1202 3329 1469 3398 fratrum,
1514 3326 1671 3384 actio
1713 3327 1884 3384 nobis

238 3414 566 3487 apostolica
598 3418 1109 3486 prtemonstratur.

306 3505 366 3558 In
392 3501 693 3573 Benjamin
721 3517 953 3574 quoque
974 3507 1237 3561 extremo
1257 3504 1471 3576 Ioseph
1498 3503 1678 3561 fratre
1707 3508 1766 3560 et
1788 3504 1887 3560 do-

239 3596 366 3646 ctor
380 3596 444 3647 et
467 3590 753 3660 magister
768 3592 1028 3660 gentium
1052 3591 1109 3647 in
1134 3592 1246 3647 ﬁde
1269 3596 1329 3648 et
1363 3592 1633 3662 veritate,
1672 3591 1886 3648 Paulus

241 3680 652 3749 praeﬁguratur
689 3698 701 3733 :
745 3677 840 3735 cui
888 3678 1134 3748 ﬁgurate
1174 3680 1429 3752 scyphus
1479 3684 1793 3749 argenteus
1831 3679 1885 3734 in

242 3782 414 3823 sacco
429 3767 582 3835 legis
606 3766 853 3839 celatur,
869 3771 929 3824 et
944 3769 1190 3826 trecenti
1208 3768 1471 3837 argentei
1485 3783 1615 3826 cum
1632 3768 1887 3839 quinque

242 3854 410 3911 stolis
435 3852 678 3927 optimis
707 3856 939 3912 dantur.

302 3945 395 3999 Et.
434 3942 489 3999 in
542 3943 928 4001 descensione
975 3945 1157 4002 Iacob
1202 3944 1257 4001 in
1297 3947 1623 4017 Egyptum,
1670 3939 1885 4001 Christi

243 4030 552 4088 descensio
570 4031 623 4086 in
640 4032 913 4089 mundum
933 4037 1021 4101 ;ct
1053 4033 1106 4089 in
1141 4033 1628 4106 multiplicatione
1648 4031 1886 4089 seminis

240 4120 360 4187 ejus
391 4119 451 4174 in
474 4121 743 4191 .Egypto,
769 4119 826 4176 in
858 4119 1090 4207 Christo
1125 4136 1227 4193 per
1251 4122 1419 4179 fidem
1442 4126 1647 4192 gentes
1671 4121 1727 4177 in
1759 4123 1885 4177 toto

240 4207 451 4261 mundo
480 4207 965 4278 multiplicandte.
1882 4224 1889 4229 '

261 4301 271 4313 '
307 4293 775 4365 lnMoyseiigura
791 4295 1509 4368 exprimiturMediatoris,
1545 4294 1641 4366 qui
1673 4295 1885 4352 mundo

238 4396 437 4452 pacem
463 4382 753 4453 intulit,ut
767 4385 1302 4457 MoysesEgyptum
1320 4384 1528 4441 sabulo
1552 4384 1883 4454 abscondit,

1991 513 2116 557 rum
2141 520 2153 555 :
2178 501 2339 571 virga
2367 499 2605 571 Christi,
2635 497 2927 567 doctrina,
2953 512 3063 568 qua
3090 499 3344 555 omnium
3389 515 3639 572 pagano-

1992 602 2118 647 rum
2142 589 2670 659 hazreticorumque
2701 587 2973 655 dogmata
3010 592 3454 644 consumuntur.

2063 696 2122 750 In
2144 697 2389 767 rEgypto
2411 696 2610 751 decem
2630 693 2818 766 plagis
2854 692 3102 749 mundus
3136 692 3342 748 feritur
3368 711 3380 747 :
3409 692 3464 749 in
3479 694 3635 751 occi-

1992 782 2156 840 sione
2178 783 2332 854 agni,
2360 782 2573 839 Christi
2600 780 2919 837 immolatio
2957 799 2968 835 :
2996 784 3054 836 et
3085 779 3141 835 in
3173 779 3352 849 figura
3377 782 3635 851 Pascha),

1994 870 2209 927 Christi
2235 871 2522 929 transitus
2547 871 2618 927 ad
2642 872 2893 926 Patrem.
2921 870 2981 924 In
3016 867 3159 924 mari
3191 867 3389 925 Rubro
3421 868 3640 939 baptis-

1993 974 2121 1016 mus
2144 959 2320 1016 Cristi
2344 960 2626 1029 sanguine
2651 959 2948 1015 rubratus.
2975 958 3036 1012 In
3056 970 3283 1026 manna,
3319 955 3486 1028 panis
3527 971 3641 1012 coc-

1992 1046 2181 1104 lestis.
2211 1047 2479 1104 Christus
2500 1061 2819 1119 expressus
2872 1044 2926 1101 in
2974 1044 3319 1102 extensione
3363 1058 3637 1101 manuum

1992 1136 2193 1208 Moysi,
2219 1136 2388 1206 signo
2409 1135 2606 1192 crucis
2637 1133 2957 1206 expugnari
2982 1132 3271 1190 inimicos.
3301 1131 3640 1202 Dataelegcs

1993 1225 2050 1280 in
2080 1230 2295 1295 monte,
2331 1224 2548 1281 Christi
2582 1223 2849 1280 mandata
2880 1221 3103 1279 servari
3139 1222 3194 1278 in
3224 1220 3480 1294 spiritali
3512 1220 3642 1277 alti-

1993 1312 2215 1383 tudine,
2237 1311 2294 1367 in
2322 1311 2722 1381 tabernaculo,
2751 1310 2967 1367 Christi
2988 1309 3331 1368 Ecclesium.

2064 1421 2124 1475 In
2148 1422 2338 1476 Aaron
2371 1417 2727 1487 sacerdotio,
2761 1430 2973 1484 novum
3008 1416 3061 1472 in
3095 1417 3329 1475 Christo
3361 1420 3637 1477 sacerdo‘

1995 1508 2157 1565 tium.
2174 1509 2235 1562 In
2256 1506 2566 1563 sacriﬁciis
2589 1504 2882 1575 omnibus,
2909 1503 3202 1562 Christum
3220 1506 3550 1576 figuratum.
3570 1510 3633 1563 In

1993 1595 2277 1653 varietate
2300 1594 2614 1665 leprarum,
2639 1593 2939 1650 hiereseon
2970 1593 3062 1648 vel
3093 1607 3358 1651 errorum
3389 1596 3640 1651 varieta-

1996 1687 2106 1754 tes,
2124 1681 2178 1738 in
2195 1682 2350 1739 escis
2366 1681 2596 1738 mundis
2610 1685 2668 1736 et
2685 1679 3412 1753 immundis,eleemosynis
3427 1683 3637 1739 munda

2382 1771 2444 1826 In
2463 1756 2691 1841 Egypti
2733 1767 2889 1824 escis
2924 1767 3299 1839 desideratis,
3344 1771 3636 1831 Christum

1993 1873 2194 1915 manna
2238 1858 2560 1927 fastidisse,
2609 1861 2669 1913 et
2706 1855 3110 1928 voluptatibus
3152 1856 3384 1914 illicitis
3423 1874 3639 1914 concu-

1994 1948 2312 2020 piscentias
2342 1945 2713 2018 prmstitisse.
2747 1946 2808 2000 In
2840 1944 3001 2014 virga
3044 1946 3235 2001 Aaron
3276 1947 3638 2014 germinantc

1991 2034 2492 2091 confirmationem
2507 2032 2829 2089 Sacerdotii
2846 2031 3151 2088 Christi.ln
3165 2046 3325 2089 mneo
3340 2039 3634 2105 serpente,

1994 2122 2207 2179 Christi
2234 2127 2421 2177 morte
2446 2120 2659 2190 ubique
2698 2119 2753 2174 in
2778 2133 2879 2174 ore
2918 2118 3134 2175 fielium
3176 2124 3441 2189 sonante,
3479 2120 3638 2176 viru-

1993 2209 2229 2266 lentiam
2252 2209 2511 2265 virorum
2536 2206 2950 2279 perimendam,
2976 2209 3036 2262 et
3058 2220 3089 2261 a
3115 2207 3496 2286 percussione
3517 2208 3639 2265 dia-

1993 2297 2132 2369 boli,
2160 2298 2271 2355 ﬁde
2295 2302 2538 2353 mortem
2562 2294 2779 2353 Christi
2811 2294 3168 2366 aspicientes
3211 2295 3523 2351 sanandos.
3568 2298 3641 2351 Et

1994 2388 2050 2444 in
2075 2388 2165 2445 bis
2186 2401 2464 2460 percussa
2500 2390 2664 2457 petra
2700 2388 3063 2441 sacramenta
3092 2383 3387 2455 passionis
3420 2384 3637 2441 Christi

1994 2476 2244 2533 mirabili
2273 2489 2449 2547 opere
2472 2474 2774 2531 distincta.
2800 2474 2871 2528 Et
2894 2472 2951 2527 in
2973 2485 3151 2528 vacca
3180 2471 3329 2542 rufa,
3358 2472 3528 2542 cujus
3558 2472 3640 2528 ci-

1994 2565 2085 2621 nis
2108 2565 2164 2620 in
2189 2578 2370 2635 aquas
2392 2560 2765 2621 lustrationis
2799 2559 3129 2633 projicitur,
3164 2559 3506 2631 mysterium
3539 2575 3639 2615 nos

1994 2658 2133 2711 strze
2158 2651 2577 2724 redemptionis
2592 2655 2652 2707 et
2674 2649 2886 2708 salutis
2911 2647 3250 2720 plenissime
3264 2662 3632 2720 expressum.

2067 2743 2126 2796 In
2150 2740 2450 2812 sepultura
2487 2738 2665 2811 Moysi
2700 2737 3019 2808 occultata,
3054 2736 3311 2793 litteram
3354 2734 3544 2806 legis;
3576 2740 3639 2793 et

1993 2828 2261 2887 carnales
2284 2828 2730 2886 observationes
2762 2825 3135 2883 occulendas.

2065 2937 2125 2990 In
2146 2936 2283 2992 Iesu
2306 2936 2457 2991 Nave
2477 2933 2807 3006 principatu
2827 2937 3130 3002 sequente,
3150 2928 3453 2986 Dominum
3477 2928 3638 2984 Chri‘
3728 3004 3735 3010 ‘

1995 3027 2149 3079 stum
2165 3023 2220 3077 in
2234 3023 2395 3077 Novo
2408 3022 2776 3076 Testamento
2789 3032 2989 3075 verum
3005 3018 3210 3073 ducem
3232 3017 3293 3072 et
3312 3014 3497 3087 princi
3508 3030 3635 3086 pem

1915 3104 1965 3168 C
1996 3110 2273 3179 futurum,
2298 3107 2652 3165 ct’civitates
2671 3104 2867 3162 mundi
2890 3104 3637 3173 dcstructurum,acaereas

1997 3202 2325 3270 potestates
2341 3195 2788 3265 debellaturum,
2805 3207 2872 3249 ac
2886 3207 3111 3249 omnem
3128 3190 3521 3247 idololatriam
3543 3190 3641 3262 pc-'

1995 3286 2154 3345 nitus
2187 3286 2543 3355 abluturum,
2573 3288 2633 3340 ct
2661 3281 2852 3340 omnis
2880 3280 3113 3353 generis
3157 3279 3300 3337 vitia
3344 3293 3639 3352 expugna-

1996 3380 2210 3433 turum.

2067 3483 2289 3539 Dchora
2308 3481 2363 3537 in
2379 3485 2516 3552 typo
2529 3476 2807 3536 Ecclesiae
2822 3478 3049 3534 hostem
3066 3473 3386 3548 superavit.
3404 3474 3635 3531 cheon

1994 3571 2242 3639 gratiam
2267 3567 2483 3625 Christi
2508 3567 2898 3624 abundantem
2922 3563 3372 3632 commendavit,
3397 3566 3457 3618 et
3482 3563 3636 3633 quod

1996 3657 2129 3728 fide,
2155 3656 2442 3713 trinitatis
2466 3656 2668 3711 hostes
2690 3658 2890 3711 essent
2913 3652 3249 3725 superandi,
3270 3666 3338 3707 ac
3359 3650 3638 3722 martyria

1995 3744 2319 3816 appetenda
2344 3744 2494 3799 actis
2518 3740 2642 3799 suis
2668 3742 2944 3797 insinuat.
2971 3742 3031 3795 In
3059 3738 3393 3796 Abimelech
3423 3753 3639 3794 concu-

1996 3831 2145 3888 bina:
2174 3828 2315 3901 tilio,
2347 3826 2628 3887 haeretici.
2662 3831 2724 3883 In
2752 3830 2959 3899 Iephte
2988 3827 3102 3882 filia
3152 3825 3403 3895 virgine,
3442 3825 3639 3881 carnis

1998 3918 2212 3977 Christi
2254 3916 2576 3973 immolatio
2608 3914 2855 3984 virginis
2883 3919 2943 3970 et
2973 3914 3030 3969 in
3072 3912 3506 3969 resurrectione
3553 3916 3642 3967 to-

1997 4006 2116 4065 tius
2151 4002 2554 4078 corruptionis
2591 4001 2916 4074 ahsorptio.
2959 4002 3019 4056 In
3067 4003 3308 4057 Samson
3356 4000 3637 4071 Nazareo,

1998 4095 2267 4153 Christus
2310 4092 2589 4150 Dominus
2641 4090 2812 4147 fortis
2859 4091 2915 4145 in
2961 4089 3155 4161 capite
3193 4104 3208 4155 ;
3254 4086 3311 4144 in
3359 4087 3640 4158 ligatione

1997 4184 2185 4257 ipsius
2226 4198 2255 4239 a
2310 4180 2622 4239 meretrice
2681 4177 2943 4247 muliere,
3009 4176 3277 4234 Christus
3338 4175 3637 4246 Dominus,

1997 4273 2152 4344 quod
2203 4272 2532 4329 Iudaeorum
2582 4267 2814 4324 vincula
2865 4266 3055 4321 omnia
3108 4263 3510 4336 potentialiter
3558 4264 3643 4319 di-

1999 4364 2316 4431 rumperet.
2342 4361 2400 4414 In
2423 4358 2598 4428 Ruth,
2624 4355 2887 4413 Ecclesia
2910 4369 2981 4410 ex
3004 4353 3300 4424 gentibus,
3332 4352 3552 4410 Iudaais
3576 4352 3642 4406 il-

237 4440 509 4527 Christus
523 4485 595 4526 ex
618 4440 883 4529 obsessis
906 4440 1777 4544 virtutemdiaboliexpellendo
1790 4440 1886 4527 co:
1911 4456 1966 4518 D
1997 4449 2223 4544 19‘1993-
2250 4449 2311 4502 In
2336 4444 2619 4544 Sf‘mucmr
2649 4443 2917 4544 δδῗίῗίηδ
2956 4441 3250 4544 Dominus,
3269 4440 3417 4544 im?"

234 4558 447 4615 hihuit.
475 4559 640 4626 Quod
655 4559 805 4616 idem
828 4561 1054 4632 Moyses
1075 4574 1316 4617 uxorem
1345 4560 1521 4615 ﬁliam
1554 4559 1885 4616 sacerdotis

1995 4536 2102 4593 dos
2124 4540 2182 4593 ct
2206 4535 2511 4607 prepheta,
2538 4532 2881 4589 sacerdotes
2904 4543 3177 4600 arguens,
3200 4532 3258 4585 et
3280 4528 3639 4600 Synagogam

233 4647 461 4703 Madian
482 4616 744 4719 accepit,
770 4616 1235 4705 mediatorcmex
1261 4647 1606 4717 alienigenis
1654 4660 1886 4703 sumere
1993 4630 2250 4719 νθίθνθιῖὶ
2274 4639 2424 4681 ηονο
2450 4620 2787 4719 δέιοονάοιίο
2812 4618 3026 4676 Christi
3054 4618 3109 4672 ίη
3131 4617 3320 4687 gratia
3348 4616 3489 4674 NOVi
3510 4617 3641 4671 Τίθε-

230 4737 548 4806 conjugem
569 4735 864 4804 significat
884 4741 945 4792 et
965 4735 1307 4794 Ecclesiam.
1326 4735 1491 4803 Quod
1516 4734 1667 4790 idem
1684 4740 1888 4805 pastor

232 4823 453 4893 ovium,
471 4824 855 4880 mediatorem
871 4824 1126 4894 signavit
1140 4829 1438 4897 postorem
1462 4824 1675 4880 bonum
1691 4822 1885 4878 ovium

236 4912 291 4967 in
323 4925 511 4969 carne
562 4912 820 4986 futurum
863 4931 876 4967 :
914 4913 1013 4983 qui
1058 4927 1131 4970 ex
1178 4914 1291 4969 hoc
1342 4912 1554 4970 mundo
1601 4910 1766 4981 quasi
1814 4924 1887 4966 ex

225 5001 482 5072 Egypto
506 5013 649 5058 oves
671 5014 812 5057 suas
834 4998 1186 5072 colligendo,
1206 5002 1263 5056 in
1287 5015 1462 5058 unum
1497 4998 1650 5057 ovile
1691 4997 1888 5054 Eccle-

226 5088 330 5147 sia:
366 5092 788 5160 congregaret.
834 5090 1195 5161 Superantur
1234 5096 1530 5160 mag‘orum
1563 5085 1884 5160 priestigia,

554 5762 829 5835 PATROL.
881 5758 1157 5833 CXXIII.

1996 4714 2235 4770 tamenti
2262 4715 2621 4784 permutans.

2068 4818 2370 4877 Clauditur
2405 4818 2527 4874 haec
2566 4814 2741 4871 tertia
2773 4818 2917 4872 aetas
2953 4811 3424 4868 Patriareharum
3464 4804 3636 4875 actis,

1996 4913 2055 4965 et
2076 4907 2223 4977 legis
2246 4904 2652 4974 sacramentis,
2679 4917 2746 4959 ac
2773 4901 3056 4973 judicium
3080 4900 3304 4971 ﬁguris,
3340 4893 3642 4954 venerabi-

1996 4995 2133 5051 liter
2174 4993 2442 5064 insignis,
2484 4993 2543 5047 in
2583 4990 2920 5063 repulsionc
2958 4994 3018 5046 et
3058 4986 3384 5058 abjectione
3425 4979 3637 5053 Saulis,

1997 5084 2305 5140 continens
2335 5096 2517 5138 annos
2550 5084 2880 5151 nongentos
2911 5074 3313 5150 quadraginta.
