4086 6178
260 308 317 367 ιδ
1379 302 1803 366 CHRONIGON.
1845 333 1918 348 --
1954 304 2149 378 ETAS
2187 306 2490 378 QUARTA.

3571 319 3642 375 46

257 430 516 486 bunorum
561 423 677 487 Iuli
724 420 994 498 Caesaris,
1040 425 1270 496 nomina
1321 429 1537 488 castris
1579 429 1870 504 imposue-
1897 429 1954 490 A
1983 431 2280 491 hruarium
2312 433 2513 500 decem
2553 429 2850 494 mensibus
2873 431 3006 491 anni
3033 433 3269 503 adjecit.
3299 434 3515 508 Sibylla
3541 441 3637 496 Sa-

259 521 375 574 runt
409 518 715 585 Crappum,
755 511 1113 586 Eumcdium,
1137 513 1480 590 LSospolum,
1518 518 1876 590 Quiriacum,

258 602 696 676 Pompctiacum.

321 690 490 765 [5076]
517 689 781 760 Azarias,
816 689 912 762 qui
935 693 996 765 et
1017 689 1210 764 Ozias,
1237 691 1393 765 ﬁlius
1417 695 1687 768 Amasize,
1712 698 1880 756 annis

259 778 654 852 quinquaginta
678 782 739 836 et
752 792 886 836 uno.
906 780 1280 852 Assyriorum
1297 782 1634 848 tricesimus
1649 791 1875 860 sextus,

255 865 719 940 'l‘onosconleros,
763 866 861 938 qui
899 873 1149 929 vocatur
1189 871 1386 942 Graece
1426 873 1875 949 Sardanapalus,

259 957 343 1028 qui
363 957 632 1015 Tharsum
655 960 834 1028 atque
873 956 1208 1019 Anchialem
1241 961 1528 1033 condidit,
1552 967 1612 1022 et
1631 964 1701 1036 :in
1734 979 1878 1037 pras-

259 1046 327 1101 lio
349 1045 530 1102 victus
551 1043 625 1102 ab
647 1045 878 1101 Arbace
908 1045 1092 1118 Medo,
1118 1053 1303 1124 semet
1334 1049 1606 1123 inccndio
1639 1068 1878 1112 concre-

261 1133 432 1190 mavit.
449 1133 642 1206 Usque
664 1133 737 1188 ad
762 1132 820 1193 id
844 1137 1075 1206 tempus
1101 1135 1283 1196 fuisse
1307 1151 1476 1210 reges
1501 1140 1875 1212 Assyriorum

261 1222 498 1280 historiae
521 1222 814 1288 referunt;
837 1227 896 1278 et
920 1222 1065 1282 ﬁunt
1093 1223 1266 1284 simul
1287 1225 1422 1282 anni
1451 1241 1482 1284 a
1515 1227 1703 1299 primo
1726 1244 1874 1288 anno

259 1310 366 1366 Nini
388 1309 558 1381 Regis
582 1309 980 1384 Assyriorum,
1017 1309 1173 1381 mille
1202 1317 1435 1375 centum
1466 1319 1526 1374 et
1570 1317 1876 1388 sexaginta

261 1403 508 1472 quatuor.
536 1397 796 1460 Arbaces
817 1398 1039 1470 Medus,
1063 1400 1437 1472 Assyriorum
1478 1402 1724 1476 imperio
1745 1405 1876 1465 des-

262 1491 452 1554 tructo,
478 1499 721 1558 regnum
753 1485 810 1544 in
843 1486 1040 1560 Medos
1077 1489 1398 1556 transtulit.
1425 1491 1642 1550 Deinde
1673 1493 1873 1562 multis

259 1573 450 1644 praeliis
480 1573 741 1644 undique
765 1576 1257 1648 scatescentibus,
1283 1591 1386 1648 per
1407 1579 1604 1650 varios
1627 1587 1872 1642 eventus

256 1661 313 1716 ad
333 1661 571 1733 Scythas
597 1661 1037 1736 Chaldaeosque,
1061 1667 1120 1722 et
1144 1678 1374 1732 rursum
1397 1667 1678 1738 ad_Mcdos
1701 1671 1870 1743 parili

1991 521 2100 577 mia
2129 521 2362 580 claruit.

2059 611 2447 674 Romanorum
2498 609 2732 679 tertius,
2773 608 2971 666 Tullus
3015 610 3323 681 Hostilius,
3369 617 3634 683 regnavit

1990 710 2172 756 annos
2222 698 2463 768 triginta
2513 699 2682 769 duos,
2715 699 2811 770 qui
2851 698 3072 770 primus
3123 713 3324 770 regum
3353 703 3635 759 Romano-

1990 801 2116 844 rum
2152 801 2404 860 purpura
2436 792 2496 844 et
2539 787 2798 844 fascibus
2832 803 2976 846 usus
3004 792 3131 856 est;
3175 788 3406 859 adjecto
3438 798 3634 849 monte

1989 875 2168 931 Coelio
2200 881 2260 932 et
2288 877 2491 932 urbem
2521 875 2840 947 ampliavit.
3329 924 3344 934 .

2061 963 2241 1036 [4203]
2296 967 2498 1035 Amen,
2532 964 2688 1023 ﬁlius
2729 965 3014 1036 Manasse,
3059 965 3226 1023 annis
3275 963 3524 1037 duobus,
3577 968 3633 1024 in

1986 1051 2270 1108 Hebraica
2294 1053 2575 1120 veritate;
2606 1052 2664 1106 in
2695 1053 3074 1123 Septuaginta
3103 1053 3324 1122 legitur
3353 1068 3634 1124 regnasse

1987 1138 2314 1202 duodecim.
2350 1141 2585 1198 Histrus
2615 1140 2828 1200 civitas
2865 1139 2919 1197 in
2954 1143 3142 1200 Ponto
3172 1142 3633 1200 condita.Amon

1986 1240 2016 1280 a
2045 1227 2234 1284 servis
2267 1227 2391 1284 suis
2415 1227 2786 1290 interﬁcitur.
2873 1257 2882 1272 ι

2059 1312 2240 1384 [4205]
2270 1315 2485 1384 Josias,
2518 1314 2676 1373 ﬁlius
2701 1319 2904 1384 Amen,
2937 1330 3122 1374 annos
3162 1317 3402 1388 triginta
3431 1329 3626 1376 unum.

1984 1399 2088 1458 Hic
2120 1401 2392 1458 mundata
2423 1401 2620 1460 Iudaea
2645 1407 2704 1458 et
2727 1402 3089 1460 Hierusalem
3113 1405 3330 1476 templo
3355 1407 3530 1462 etiam
3555 1407 3632 1462 in-

1983 1492 2218 1558 novato,
2268 1494 2404 1560 post
2453 1489 2715 1560 abjectas
2769 1489 3118 1548 idololatriae
3149 1491 3378 1562 sordes,
3412 1495 3629 1564 pascha

1980 1576 2223 1634 Domino
2265 1576 2711 1636 celeberrimum
2769 1578 2909 1636 facit
2954 1577 3180 1637 decimo
3230 1584 3438 1638 octavo
3476 1595 3627 1638 anno

1982 1665 2144 1735 regni
2178 1665 2299 1734 sui;
2339 1671 2398 1724 et
2439 1681 2568 1723 cum
2601 1666 2830 1724 Nechao
2867 1667 3268 1739 zEgyptiorum
3309 1682 3445 1739 rege
3493 1684 3628 1725 con-

255 1749 328 1840 via
351 1750 540 1809 rediit.
567 1751 903 1840 Latinorum
933 1751 1194 1822 decimus
1227 1759 1493 1832 quartus,
1527 1759 1744 1816 Procas
1767 1761 1872 1818 Sil-
1901 1781 1954 1840 B
1987 1767 2250 1824 gressus,
2301 1754 2592 1812 occiditur
2632 1755 2688 1812 in
2740 1770 2944 1828 eampo
2977 1756 3276 1826 Mageddo,
3308 1773 3436 1828 quae
3475 1773 3628 1815 nunc

258 1838 388 1912 vius,
416 1839 686 1898 Aventini
714 1840 1040 1914 superioris
1063 1841 1220 1917 regis
1244 1841 1707 1915 ﬁlius,‘regnavit.
1733 1851 1876 1910 Post
1901 1838 1942 1840 ﬁ
1987 1842 2486 1916 MGXimiaHOPOHS
2525 1848 2789 1902 νοθείαν·
2831 1843 3037 1902 Thales
3076 1844 3355 1915 Μίιθείυεν
3405 1847 3626 1917 Primus

257 1941 398 1998 quem
423 1925 694 1985 Amulius
723 1927 969 2000 Sylvius.
1009 1928 1300 1997 Hesiodus
1327 1937 1498 2004 poeta
1521 1933 1756 2008 claruit,
1790 1945 1876 1996 at-

259 2029 350 2088 que
377 2015 597 2073 Pbidon
643 2016 858 2087 Argius
899 2031 1206 2086 mensuras
1245 2023 1305 2074 et
1343 2021 1599 2093 pondera
1631 2028 1869 2097 reperit.

256 2104 347 2158 Per
374 2104 522 2159 idem
547 2107 782 2176 tempus
803 2103 1089 2178 Olympias
1121 2107 1304 2178 prima
1334 2111 1738 2178 constituitur.
1765 2117 1875 2173 Ma-

255 2191 511 2262 cedonum
557 2205 801 2262 regnum
841 2192 1096 2264 inchoat,
1141 2195 1386 2268 primum
1413 2198 1648 2269 {habens
1679 2217 1870 2274 regem

255 2281 540 2342 Cauanum.
584 2279 1154 2354 Lacaademoniorum
1205 2297 1374 2356 reges
1429 2286 1738 2357 deﬁciunt;
1772 2293 1872 2364 Ly-

254 2366 429 2423 dorum
469 2368 783 2441 incipiunt.
829 2369 998 2440 Osee,
1041 2373 1238 2446 Amos,
1268 2373 1473 2446 lsaias,
1498 2381 1558 2432 et
1603 2379 1780 2436 Jonas
1813 2380 1870 2436 in

251 2455 420 2520 iudica
448 2457 828 2530 prophetant.

305 2545 563 2616 Joathan,
589 2545 746 2612 ﬁlius
787 2545 964 2617 Oziae,
995 2547 1164 2614 annis
1205 2549 1520 2616 sexdecim.
1567 2551 1870 2629 Olympias

255 2631 408 2701 prima
430 2633 502 2702 ab
527 2633 862 2700 Eliensihus
884 2635 1290 2706 constituitur.
1325 2639 1538 2700 Remus
1565 2645 1629 2698 et
1663 2643 1870 2702 Reum-

253 2715 327 2776 lus
353 2726 724 2792 generantur,
749 2727 937 2780 matre
957 2727 1015 2780 et
1043 2722 1160 2797 llia.
1192 2724 1439 2788 Joathan
1470 2727 1624 2784 inter
1654 2737 1868 2788 czetera

252 2805 506 2864 virtutum
549 2809 830 2866 bonarum
877 2825 1076 2882 opera,
1120 2818 1346 2883 portam
1396 2813 1603 2872 domus
1645 2819 1866 2878 Domini

251 2893 706 2957 sublimissimam
735 2898 1069 2972 aediﬁcavit,
1103 2915 1232 2972 quae
1264 2901 1320 2956 in
1342 2902 1587 2962 Actibus
1620 2908 1869 2978 Aposto-

255 2980 417 3040 lorum
441 2984 717 3058 Speciosa
740 2992 1004 3049 vocatur.

311 3070 475 3144 [6.103]
505 3073 722 3148 Achaz,
749 3074 904 3146 ﬁlius
931 3075 1198 3148 Joathan,
1231 3075 1400 3138 annis
1430 3077 1746 3138 sexdecim.
1779 3081 1863 3138 Ab

1987 1931 2265 2002 physicus
2294 1931 2491 1988 clarus
2532 1932 2799 1992 habetur.
2835 1933 3272 2004 Prophetabant
3311 1934 3366 1988 in
3403 1935 3623 2002 Iudaea,

1982 2019 2284 2089 Jercmias,
2318 2019 2514 2089 Oldas,
2545 2025 2605 2079 et
2639 2020 2983 2091 Sophonias.
3034 2022 3423 2078 Romanorum
3456 2036 3626 2090 quar-

1985 2111 2080 2164 tus
2121 2111 2316 2166 Ancus
2345 2109 2606 2178 Martius,
2637 2110 2834 2166 Numze
2867 2123 2938 2163 ex
2970 2107 3085 2165 ﬁlia
3119 2122 3321 2178 nepos,
3357 2109 3624 2177 regnavit

1982 2195 2149 2252 annis
2179 2195 2385 2265 viginti
2413 2196 2624 2264 tribus,
2668 2196 2764 2266 qui
2795 2195 3146 2254 Aventinum
3175 2200 3427 2252 montem
3456 2202 3516 2251 et
3541 2199 3626 2252 Ja-

1981 2283 2237 2348 niculum
2260 2283 2402 2340 Urbi
2423 2283 2674 2354 addidit,
2699 2289 2760 2343 et
2781 2299 2955 2356 supra
2982 2297 3160 2352 mare,
3186 2283 3624 2354 decimoquiuto

1981 2371 2053 2426 ab
2083 2372 2235 2432 Urbe
2265 2371 2516 2431 miliario
2539 2373 2801 2433 Hostiam
2829 2371 3112 2430 condidit.
3139 2373 3282 2428 Post
3303 2386 3472 2442 quem
3493 2373 3626 2428 Tar-

1981 2460 2216 2530 quinius
2273 2461 2534 2531 Priscus,
2567 2461 2734 2524 annis
2785 2460 3026 2530 triginta
3077 2464 3337 2531 septem;
3386 2460 3483 2530 qui
3513 2461 3624 2517 cir-

1979 2563 2110 2604 cum
2133 2549 2328 2605 Romae
2347 2548 2679 2620 aediﬁcavit,
2716 2563 3017 2606 numerum
3060 2553 3397 2606 senatorum
3427 2549 3624 2615 auxit;

1979 2637 2270 2694 Romanos
2306 2636 2476 2694 ludos
2499 2637 2780 2707 instituit,
2807 2651 3006 2696 muros
3034 2641 3093 2692 et
3123 2635 3358 2696 cloacas
3381 2636 3625 2693 aediﬁca-

1979 2723 2081 2781 vit.
2140 2723 2488 2796 Capitolium
2527 2724 2839 2782 exstruxit.
2893 2725 2955 2780 In
3003 2723 3268 2794 Hebraeo,
3309 2723 3516 2793 viginti
3565 2729 3625 2780 et

1980 2827 2095 2870 uno
2129 2814 2296 2873 annis
2348 2828 2625 2884 regnasse
2662 2813 2885 2870 Josias:
2932 2812 2989 2870 in
3022 2812 3401 2883 Septuaginta
3442 2813 3625 2868 luter-

1980 2903 2268 2972 pretibns,
2285 2902 2526 2970 triginta
2550 2902 2740 2957 tribus
2771 2901 3006 2970 legitur.
3028 2901 3138 2954 Sed
3161 2905 3219 2954 ct
3242 2900 3532 2958 Eusebius
3548 2900 3624 2956 in-

1979 2993 2071 3056 ter
2098 3003 2336 3059 regnum
2349 2990 2476 3059 ejus
2489 2993 2547 3054 et
2567 2989 2849 3054 Joachim,
2866 2987 3042 3045 alium
3058 2987 3129 3042 de
3152 3001 3260 3042 suo
3284 2987 3500 3054 adjecit
3521 3002 3620 3042 an-

1978 3089 2134 3146 num,
2153 3080 2392 3147 propter
2405 3087 2635 3133 menses
2649 3073 2740 3131 bis
2755 3079 3023 3130 terrenos
3038 3072 3251 3142 quibus
3262 3073 3514 3128 Joachaz
3526 3074 3618 3130 vel

253 3156 341 3217 hoc
376 3127 722 3228 conductus;
751 3127 1268 3240 Theglatplialasar
1309 3180 1409 3221 rex
1466 3168 1861 3240 Assyriorum,
1895 3127 1944 3191 Ο·
1971 3127 2883 3235 Ιφθοιλῖιιιι’ᾌεηθνθνιιηιΝθιθιὶω
2907 3161 3044 3230 quid
3067 3161 3286 3220 veritas
3307 3161 3622 3217 liabeatJe—

253 3246 398 3308 llasin
421 3263 640 3322 regem,
673 3251 854 3323 Syriae
905 3252 1219 3324 interfecit,
1261 3259 1322 3313 et
1361 3253 1866 3330 habitatorcslna-

254 3337 404 3392 masci
434 3338 745 3395 transtulit
777 3342 1074 3412 Cyrenem.

309 3424 466 3485 Roma
516 3427 854 3484 condita'iu
903 3433 1098 3486 monte
1138 3429 1342 3496 Latino
1389 3430 1696 3490 undecimo
1739 3430 1860 3502 Kal.

253 3509 356 3578 Maii
381 3527 408 3570 a
429 3515 680 3586 geminis
709 3517 888 3578 Remo
915 3521 975 3585 et
1004 3515 1248 3591 Romulo
1271 3517 1407 3578 ﬁliis
1437 3520 1610 3590 Rheae
1635 3519 1862 3591 Sylvize,

253 3611 358 3667 qua:
384 3607 505 3669 erat
542 3601 1014 3687 ﬁlia.Numitoris
1046 3605 1244 3669 fratris
1265 3607 1421 3676 regis
1443 3607 1672 3678 Amulii,
1697 3607 1864 3677 virgo

253 3689 481 3760 vestalis,
509 3690 616 3748 sed
648 3697 1054 3768 constuprata.
1092 3693 1482 3756 Consualibus
1519 3694 1676 3752 ludis
1708 3694 1867 3752 Sabi-

254 3788 321 3830 na:
359 3783 555 3849 raptae,
598 3793 750 3835 anno
790 3780 862 3843 ab
904 3780 1057 3852 Urbe
1087 3781 1322 3840 condita
1358 3781 1554 3844 tertio.
1587 3785 1800 3854 ﬂemus
1833 3796 1864 3838 a

256 3859 398 3920 Fabio
427 3865 660 3924 Romuli
693 3855 842 3924 duce
863 3867 1118 3940 occisus.

313 3949 474 4024 [tua]
501 3953 807 4026 Ezechias,
841 3955 999 4030 illius
1026 3956 1239 4034 Achaz,
1271 3957 1438 4019 annis
1469 3956 1674 4030 viginti
1705 3961 1861 4015 octo.

257 4036 404 4108 llujus
429 4056 582 4100 anno
605 4048 774 4100 sexto
799 4043 1168 4114 Salmanazar
1189 4059 1292 4102 rex
1314 4046 1866 4120 Assyriorum,’cap-

257 4127 300 4180 ta
327 4129 590 4202 Samaria,
627 4131 932 4202 transtulit
969 4133 1149 4192 Israel
1175 4133 1232 4190 in
1257 4134 1553 4206 Assyrios,
1585 4140 1760 4206 atque
1805 4134 1863 4190 in

254 4213 418 4273 Iudaea
464 4221 786 4278 Samaritae
827 4221 1061 4280 accolas
1104 4221 1284 4282 misit.
1341 4223 1516 4294 Cujus
1559 4237 1798 4294 regnum
1831 4237 1882 4278 a.

256 4303 413 4372 primo
430 4307 741 4366 Jeroboam
771 4313 1018 4371 steterat
1039 4311 1206 4368 annis
1229 4311 1511 4368 trecentis
1535 4311 1857 4382 sexaginta.

257 4390 353 4448 lloc
396 4399 660 4474 tempore
697 4397 978 4467 Romulus
1019 4399 1241 4472 primus
1279 4399 1495 4470 milites
1535 4414 1606 4456 ex
1649 4399 1862 4474 pepulo

1977 3252 2187 3308 remias
2204 3251 2427 3325 pandit,
2444 3251 2541 3322 qui
2567 3265 2630 3306 se
2653 3265 2682 3306 a
2707 3250 2932 3306 decimo
2956 3249 3136 3312 tertio
3159 3263 3310 3306 anno
3331 3249 3508 3307 Josia:
3533 3265 3623 3307 us-

1976 3355 2086 3412 que
2109 3341 2181 3401 ad
2203 3355 2416 3398 annum
2429 3337 2994 3410 quartumJoachim,
3013 3337 3220 3407 viginti
3245 3337 3436 3396 tribus
3451 3338 3620 3394 annis

1977 3427 2696 3500 prophetassejperhihet;
2727 3432 2786 3482 et
2827 3425 3368 3484 Nabuchodonosor
3407 3432 3618 3497 quarto

1975 3530 2124 3571 anno
2145 3516 2406 3572 Joachim
2431 3529 2674 3585 regnare
2687 3513 2973 3586 conpissc;
2998 3514 3224 3570 decimo
3248 3529 3409 3573 nono
3425 3519 3618 3572 autem
3657 3582 3682 3593 ‘

1975 3619 2126 3660 anno
2150 3605 2308 3676 regni
2335 3605 2482 3675 ejus,
2499 3602 2859 3661 Hierusalem
2884 3602 3066 3660 fuisse
3089 3602 3469 3660 destructam.

2049 3691 2229 3763 [4259]
2263 3691 2523 3762 Joachim
2548 3690 2704 3748 ﬁlius
2724 3690 2921 3758 Josize,
2947 3689 3116 3746 annis
3150 3690 3439 3748 undecim.
3475 3693 3618 3748 Post

1973 3780 2190 3838 Josiam
2232 3779 2496 3850 regnavit
2533 3780 2787 3834 Joacliaz
2827 3777 3126 3835 mensibus
3181 3777 3402 3844 tribus;
3447 3791 3616 3847 quem

1976 3867 2204 3926 Nechao
2229 3867 2486 3922 vinctum
2510 3866 2730 3920 ducens
2762 3865 2818 3923 in
2849 3867 3177 3934 rEgyptum,
3199 3864 3459 3918 Joachim
3483 3880 3618 3920 con-

1976 3954 2172 4010 stituit
2195 3967 2407 4023 regem.
2445 3953 2626 4022 Hujus
2659 3967 2807 4007 anno
2840 3951 3018 4006 tertio
3051 3951 3612 4021 Nabuchodonosor,

1973 4048 2144 4114 capta
2173 4041 2518 4111 Jerusalem,
2550 4045 2610 4096 et
2651 4040 2919 4113 plurimis
2951 4039 3287 4110 captivatis,
3315 4039 3370 4096 in
3401 4039 3615 4109 quibus

1973 4136 2138 4188 erant
2161 4130 2380 4200 Daniel,
2410 4129 2683 4200 Ananiae,
2723 4128 2986 4198 Azarias,
3021 4127 3240 4198 Misael,
3276 4132 3500 4199 partem
3522 4143 3618 4186 va-

1975 4236 2173 4278 sorum
2209 4219 2411 4291 templi
2453 4218 2824 4290 Babyloniam
2859 4217 3159 4274 transfert.
3189 4219 3232 4272 A
3255 4221 3467 4287 quarto
3488 4219 3618 4277 Joa-

1972 4310 2124 4364 chim
2148 4322 2296 4366 anno
2321 4307 2621 4378 Scriptura
2648 4321 2886 4376 regnum
2903 4302 3442 4362 Nabuchodonosor
3463 4317 3634 4362 com-3

1975 4401 2178 4467 putat:
2204 4395 2335 4466 quia
2369 4408 2440 4450 ex
2471 4409 2540 4450 eo
2573 4409 2685 4450 non
2721 4393 2910 4450 solum
2944 4390 3251 4462 Chaldaeis,
3286 4396 3345 4450 et
3373 4392 3614 4462 Iudaeis,

257 4484 498 4553 sumpsit,
542 4489 891 4556 centumque
923 4499 954 4541 a
1005 4487 1220 4557 populo
1260 4487 1665 4544 nobilissimos
1705 4487 1866 4546 viros
1896 4477 1948 4536 D
1978 4479 3618 4555 scdctAssyriis,IEgyptiis,Moabitis,aliisqueinnume-

257 4564 408 4640 elegit
433 4571 530 4643 qui
564 4573 639 4630 ob
662 4577 915 4650 aetatem,
947 4579 1274 4644 senatores,
1299 4575 1374 4630 ob
1397 4589 1595 4644 curam
1619 4581 1678 4632 ct
1707 4575 1866 4648 solli-

257 4653 546 4718 citudinem
579 4661 937 4734 reipublicae,
973 4667 1171 4736 patres
1205 4661 1396 4720 vocati
1444 4668 1599 4721 sunt.
1640 4665 1882 4734 Mortuo.

257 4740 494 4818 Romulo,
530 4749 628 4819 qui
664 4749 902 4818 triginta
943 4756 1167 4823 septem
1213 4764 1398 4808 annos
1444 4749 1729 4822 regnavit,
1764 4765 1869 4824 per

257 4843 440 4900 quinos
465 4835 594 4896 dies
623 4839 938 4914 Senatores
978 4839 1397 4914 rempublicam
1431 4845 1740 4906 rexerunt;
1784 4843 1869 4908 at-

259 4930 352 4990 que
374 4937 515 4997 unus
537 4924 808 4998 expletus
836 4931 931 4986 est
959 4941 1166 4999 annus.

317 5009 446 5066 Post
473 5027 620 5083 quos
642 5015 818 5071 Numa
843 5014 1186 5094 Pompilius,
1207 5015 1376 5078 annis
1403 5015 1788 5090 quadraginta
1810 5020 1872 5076 et

261 5099 504 5174 numqui
534 5101 881 5178 capitolium
912 5117 942 5159 a
968 5104 1361 5164 fundamentis
1390 5103 1722 5163 aediﬁcavit.

320 5183 487 5271 [tm]
519 5189 834 5271 Manasscs,
858 5192 1026 5258 annis
1069 5193 1486 5266 quinquaginta
1511 5208 1634 5252 sex.
1660 5193 1764 5250 Hic
1797 5192 1872 5250 ob

264 5270 460 5333 scelera
482 5291 582 5334 sua
613 5270 920 5338 catenatus
961 5284 1019 5336 et
1067 5281 1498 5354 compenditus,
1536 5281 1590 5338 in
1633 5279 1874 5352 Babylo-

265 5357 392 5416 niam
423 5355 811 5440 ducitur;sed
851 5369 926 5424 ob
957 5369 1359 5444 pcenitentiam
1399 5374 1458 5430 et
1489 5384 1716 5442 preces,
1755 5384 1874 5424 res-

270 5447 429 5541 luitur
451 5451 505 5510 in
529 5469 784 5534 regnum.
806 5457 987 5526 Numa
1001 5456 1585 5536 Pompilius,primus
1607 5455 1872 5526 Vestales

269 5538 498 5614 Virgines
517 5543 794 5620 instituit,
811 5546 1080 5620 duosque
1091 5561 1343 5628 menses,
1357 5548 1460 5617 ian
1470 5546 1691 5608 uarium
1705 5551 1764 5604 et
1777 5547 1873 5604 ΡΩ·

1977 4573 2059 4630 ris
2079 4573 2353 4644 gentibus
2375 4573 2581 4644 incipit
2605 4585 2866 4642 regnare.

2001 4712 2008 4718 .
2043 4660 2326 4730 Ioachim,
2351 4660 2448 4731 qui
2471 4665 2529 4718 et
2549 4658 2879 4727 Jcchonias,
2909 4657 3062 4714 ﬁlius
3098 4655 3381 4726 Joaebim,
3408 4654 3616 4712 mensi-

1976 4747 2088 4811 bus
2112 4749 2304 4809 tribus
2325 4763 2393 4806 ac
2414 4747 2622 4806 diebus
2644 4747 2864 4804 decem.
2892 4745 2996 4805 Hie
3017 4743 3380 4804 circumdata
3403 4758 3434 4798 a
3459 4741 3616 4803 Chal-

1978 4837 2122 4910 dgeis
2142 4835 2487 4907 Jerusalem,
2511 4835 2656 4893 exiit
2676 4834 2747 4890 ad
2771 4847 2965 4906 regem
2988 4830 3319 4904 Babylonis,
3343 4836 3404 4891 et
3425 4833 3612 4887 mater

1977 4927 2125 4998 ejus,
2149 4931 2210 4982 et
2248 4925 2463 4996 ductus
2502 4929 2594 4982 est
2635 4924 2691 4978 in
2733 4922 3244 4995 Babylonem-cum
3269 4917 3482 4990 populo
3506 4930 3613 4974 suo

1977 5029 2128 5086 anno
2150 5019 2362 5074 octavo
2385 5013 2545 5085 regni
2570 5012 3129 5074 Nabuchodonosor.
3538 5027 3543 5032 ·

2054 5103 2232 5176 [4347]
2269 5103 2601 5173 Sedechias,
2626 5102 2794 5168 annis
2823 5101 3112 5168 undecim,
3147 5096 3242 5166 qui
3273 5099 3332 5152 et
3361 5092 3612 5166 Mathan,

1984 5191 2137 5250 ﬁlius
2157 5192 2352 5250 Josize.
2377 5193 2560 5263 Hujus
2581 5206 2730 5248 anno
2764 5191 3090 5255 undecimo,
3115 5185 3271 5253 regis
3303 5183 3614 5256 Babylonis

1983 5285 2318 5341 novcuario.
2341 5284 2538 5340 Iudaea
2561 5283 2852 5354 captivata
2879 5294 2934 5334 ιη
2967 5275 3357 5346 Babyloniam,
3383 5281 3442 5332 et
3475 5280 3616 5332 tem-

1984 5373 2140 5444 plum
2162 5373 2262 5430 Dei
2286 5372 2606 5439 incensum,
2623 5371 2728 5428 aedi
2740 5367 3029 5424 ﬁcationis
3045 5379 3164 5421 sua:
3187 5379 3336 5423 anno
3350 5364 3616 5434 quadrin—

1983 5461 2296 5530 gintesimo
2347 5460 2666 5516 tricesimo.
2719 5455 2824 5522 Qui
2884 5457 3076 5510 autem
3137 5452 3346 5524 reliqui
3388 5454 3616 5509 fuerant

1981 5549 2187 5620 Judaei,
2220 5550 2659 5617 transfugerunt
2699 5543 2756 5600 in
2788 5544 3093 5617 zEgyptum
3124 5557 3233 5615 qua
3269 5545 3402 5614 post
3431 5551 3613 5597 annos
