4086 6178
329 303 400 358 47
1393 297 1448 352 s.
1493 289 1752 354 “)0le
1791 290 2228 358 ARCHIEPISC.
2259 296 2673 360 VIENNENSIS
3467 285 3475 292 ’
3661 293 3729 350 48

331 420 588 493 quinque
617 427 897 489 percussa
927 427 959 471 a
993 413 1298 489 Chaldaeis,
1334 417 1391 474 in
1427 417 1800 492 Babyloniam
1831 423 1971 478 sunt
1997 421 2054 485 A
2083 437 2206 496 sus,
2233 423 2289 482 in
2321 439 2434 497 quo
2463 422 2752 498 sapientia
2781 416 3074 489 Christus,
3099 415 3342 475 veniens
3363 419 3598 472 mittere
3611 413 3732 485 gla-
3769 401 3778 406 ’

333 513 394 566 ct
417 506 526 580 ipsi
561 502 984 574 transmigrati.
1029 504 1356 562 Secundum
1387 507 1768 580 Septuaginta
1803 507 1982 566 inter-

335 598 534 668 pretes
573 591 704 649 anni
746 594 1179 663 computantur
1201 593 1274 648 ab
1321 593 1713 652 aediﬁcatione
1754 595 1978 668 templi,

336 680 744 756 quadringenti
769 679 1190 752 quinquaginta
1225 685 1496 753 quatuor.
1521 684 1634 740 Per
1650 682 1816 757 {idem
1840 687 1982 740 tem-

338 787 446 844 pus
467 770 656 843 Sapho
679 767 887 826 mulier
909 767 967 824 in
989 768 1224 828 diverso
1247 775 1516 842 poemate
1537 770 1782 840 claruit;
1806 771 1978 828 Solon

337 861 499 930 leges
525 857 979 914 Atheniensibus
1003 857 1184 916 dedit.

407 949 470 1002 In
494 947 602 1003 hac
623 950 832 1018 quarta
861 950 1056 1016 aetate,
1093 946 1149 1003 in
1181 947 1365 1006 David
1405 962 1576 1006 manu
1617 949 1776 1019 forti,
1801 952 2009 1021 parvo‘

340 1036 398 1092 in
423 1035 705 1093 fratribus
727 1041 926 1108 uncto,
953 1036 1110 1108 regis
1150 1037 1340 1096 nostri
1369 1038 1585 1096 Christi
1609 1040 1982 1096 Sacramenta

342 1125 685 1196 ﬁgurantur.
711 1123 820 1192 Qui
863 1130 1068 1196 pastor
1107 1125 1322 1198 ovium,
1349 1131 1562 1184 unctus
1585 1140 1617 1182 a
1649 1127 1766 1184 Deo
1786 1128 1982 1206 Patre,

341 1212 414 1268 de
435 1227 537 1269 ore
558 1211 744 1285 leonis
768 1210 1008 1282 diaboli,
1032 1217 1092 1269 et
1113 1214 1348 1270 Petrum
1371 1217 1702 1285 negantem,
1726 1218 1786 1272 et
1807 1213 1988 1270 latro-

343 1314 472 1357 nem
493 1300 712 1372 eripuit
731 1298 1126 1358 conﬁtentem.
1163 1301 1340 1372 Cujus
1359 1301 1687 1374 .citharam,
1721 1301 1770 1359 si
1803 1300 1987 1374 respi-

343 1388 468 1445 cias
491 1392 884 1458 resonantem,
899 1402 1071 1460 quam
1093 1387 1254 1458 ligno
1274 1389 1471 1447 crucis
1491 1389 1688 1448 carnis
1709 1389 1990 1447 membro.

346 1489 590 1548 rumque
610 1489 852 1533 suorum
873 1475 1112 1533 chordis
1124 1480 1382 1549 aptatam
1399 1476 1626 1550 plectro
1640 1479 1777 1536 dum
1800 1477 1990 1548 tangit

345 1564 535 1621 sancti
559 1563 834 1636 Spiritus,
878 1578 1048 1622 omne
1087 1564 1299 1621 animal
1338 1564 1526 1638 replet
1556 1565 1986 1636 benedictione,

344 1657 408 1710 et
429 1651 725 1709 diabolum
749 1652 822 1709 de
859 1653 1140 1710 cordibus
1173 1653 1336 1724 fugat
1357 1653 1710 1726 iniquorum,
1738 1669 1842 1726 pro
1866 1653 1991 1724 qui-

349 1741 460 1798 bus
485 1741 542 1796 in
563 1754 742 1798 cruce
781 1739 990 1798 oravit.
1019 1741 1128 1809 Qui
1159 1741 1444 1800 adversus
1467 1755 1736 1813 magnum
1759 1742 1988 1799 hostem

348 1844 550 1886 verum
572 1827 802 1886 Goliath
817 1833 1205 1901 pugnaturus,
1221 1829 1566 1902 sapientiam
1581 1830 1754 1901 hujus
1769 1829 1986 1899 mundi,

353 1922 625 1990 tanquam
649 1915 749 1974 illa
790 1930 949 1973 arma
973 1915 1108 1973 Saul
1131 1917 1406 1989 rejiciens
1429 1917 1487 1973 in
1510 1917 1765 1989 quinque
1788 1917 1994 1990 lapidi-

351 2005 484 2076 bus,
526 2003 708 2062 stulta
749 2003 947 2062 mundi
987 2003 1186 2076 elegit,
1229 2010 1295 2062 ut
1333 2005 1652 2062 confundat
1694 2005 1886 2062 fortia.
1911 2006 1994 2062 Ex

352 2092 610 2164 quinque
629 2092 782 2149 enim
819 2092 988 2150 libris
1020 2091 1168 2164 legis
1207 2093 1444 2166 Moysis,
1486 2107 1636 2151 unus
1678 2092 1828 2166 lapis
1853 2107 1996 2165 prte-

354 2179 531 2238 dictis
556 2179 859 2238 fundibulo
882 2181 1078 2238 carnis
1109 2179 1362 2252 locatus,
1387 2195 1557 2239 manu
1592 2179 1730 2238 forti
1761 2195 1998 2254 expres-

355 2283 480 2339 sus,
499 2269 689 2326 totam
712 2268 931 2324 diaboli
955 2269 1290 2341 superbiam
1303 2269 1486 2340 elisit,
1503 2285 1730 2342 suoque
1752 2269 2000 2343 peremit
2028 2317 2036 2322 .

354 2354 575 2427 gladio,
601 2355 737 2413 dum
761 2361 1006 2414 mortem
1028 2370 1102 2414 ex
1121 2361 1310 2415 morte
1329 2358 1570 2416 occidit.
1595 2359 1680 2415 Ex
1700 2359 1869 2430 cujus
1891 2357 2003 2414 vic-

358 2443 510 2500 toria
542 2442 760 2502 inimici
799 2443 981 2502 Iudaei
1023 2443 1300 2502 invidiam
1338 2450 1757 2518 conceperunt,
1795 2451 1857 2504 et
1896 2460 2002 2519 pro

359 2531 679 2589 dilectione
699 2531 899 2589 odium
923 2532 1344 2591 retribuerunt.

431 2619 598 2688 Quod
619 2619 772 2678 idem
793 2620 976 2678 David
997 2634 1101 2693 per
1131 2619 1390 2679 latebras
1421 2621 1725 2694 montium,
1751 2636 1857 2696 per
1876 2637 2005 2696 spe-

361 2709 566 2766 luncas
605 2721 674 2765 ac
713 2707 948 2767 deserta
985 2707 1220 2768 inimico
1262 2715 1652 2784 persequente
1695 2710 2000 2783 discurrit,

364 2796 759 2856 membrorum
783 2811 1022 2857 suorum
1036 2811 1104 2856 ac
1117 2803 1437 2872 martyrum
1451 2799 1896 2872 persecutiones
1909 2814 2008 2860 ex-

284 2931 292 2936 .
365 2885 604 2956 pressit.

434 2973 601 3041 Quod
641 2973 880 3032 inimico
921 2989 1031 3032 suo
1070 2975 1355 3048 pepercit,
1399 2976 1632 3049 pinnam
1681 2976 2007 3050 chlamydis

2089 512 2247 570 dium
2282 513 2338 570 in
2385 519 2626 584 terram,
2669 508 3081 570 haereticorum
3124 505 3384 563 fraudem
3425 516 3731 562 removens

2087 617 2242 660 verae
2281 601 2452 659 matri
2495 597 2810 659 Catholicae
2843 596 2926 656 uti
2963 593 3266 670 parvulum
3304 606 3422 650 non
3455 591 3730 663 divisum,

2089 689 2283 748 vivum
2309 689 2502 747 reddit
2523 691 2774 756 statum;
2797 699 2905 744 nec
2927 681 3054 742 vult
3079 687 3322 756 propter
3339 681 3598 754 jurgium
3621 681 3736 738 Ιιωο

2091 779 2408 835 reticorum
2432 777 2702 835 scindere
2730 779 2791 832 et
2830 772 3138 830 dimidiare
3160 770 3341 828 ﬁlium
3365 769 3463 842 qui
3488 783 3560 825 ex
3584 767 3736 826 vivis

2090 865 2385 938 lapidibus
2425 865 2658 922 domum
2697 866 3073 930 construens,
3117 873 3292 916 unum
3341 873 3412 914 ex
3462 856 3737 913 omnibus

2092 953 2366 1011 ﬁdelibus
2389 951 2666 1025 templum
2691 949 2829 1008 fecit
2855 968 2867 1004 :
2893 949 2966 1005 ad
2988 961 3158 1019 quem
3181 945 3486 1004 visendum
3509 944 3738 1017 sapien-

2093 1042 2350 1112 tiamque
2369 1041 2497 1112 ejus
2517 1037 2887 1107 audiendam,
2913 1036 3111 1106 regina
3135 1035 3304 1104 Saba,
3331 1033 3389 1091 id
3423 1037 3518 1090 est
3540 1033 3739 1090 Eccle-

2093 1129 2202 1199 sia,
2227 1142 2257 1184 a
2283 1127 2496 1185 ﬁnibus
2537 1131 2712 1184 terrae
2750 1124 2930 1182 venit.
2957 1123 3241 1180 Universa
3282 1121 3478 1192 itaque
3515 1136 3644 1192 quae
3667 1120 3740 1176 de

2095 1216 2423 1287 Salomone,
2465 1214 2556 1272 vel
2599 1214 2672 1270 ab
2713 1227 2784 1270 eo
2827 1211 3171 1286 prophetico
3207 1213 3377 1281 gesta
3419 1215 3556 1266 sunt
3581 1214 3742 1265 recte

2097 1303 2330 1362 Christo
2351 1303 2594 1360 Domino
2621 1301 3062 1372 consignantur.
3097 1299 3178 1355 Nc
3205 1297 3336 1370 quis
3359 1302 3551 1354 autem
3575 1301 3743 1368 puta-

2097 1396 2188 1450 ret
2221 1391 2277 1448 in
2300 1389 2606 1448 Salomone
2627 1393 2838 1448 cuncta
2868 1387 3104 1460 impleta
3141 1401 3269 1458 quae
3302 1385 3645 1458 prophetico
3668 1384 3742 1440 dc

2099 1479 2332 1538 Christo
2373 1479 2742 1550 dicebantur,
2784 1477 2842 1533 in
2884 1479 3192 1534 senectute
3231 1473 3608 1546 depravatus,
3650 1487 3743 1529 sa-
3819 1467 3834 1478 “

2101 1567 2376 1641 pientiam
2400 1565 2828 1638 divinojudicio
2852 1563 3070 1635 amisit,
3088 1568 3153 1620 ut
3176 1562 3231 1618 in
3247 1561 3479 1619 Christo
3501 1561 3742 1617 Domino

2101 1655 2291 1712 omnia
2318 1653 2412 1711 illa
2437 1669 2565 1726 quae
2606 1653 2834 1724 signata
2859 1653 3109 1722 fuerant,
3135 1653 3536 1708 servarentur.
3566 1651 3744 1706 Crete-

2017 1767 2072 1828 B
2101 1758 2228 1802 rum
2255 1743 2576 1800 fornicatus
2600 1746 2792 1799 mente
2822 1745 3180 1828 etcorpore,
3213 1736 3456 1828 Domino
3486 1751 3551 1793 sc
3581 1736 3746 1794 dese-

2101 1836 2288 1902 rente,
2339 1829 2488 1887 male
2535 1829 2760 1886 obiisse
2790 1827 3086 1885 videtur:
3135 1824 3506 1884 metuendum
3556 1837 3748 1881 exem-

2103 1919 2260 1993 plum
2290 1918 2548 1992 posteris
2580 1916 2940 1989 relinquens,
2974 1930 3046 1973 ne
3079 1913 3361 1972 felicitate
3405 1912 3578 1985 hujus
3609 1912 3746 1970 vitae

2103 2007 2348 2077 turbati,
2416 2005 2712 2064 Christum
2771 2002 3288 2074 deserant;_quod
3345 2005 3440 2059 est
3505 2015 3746 2059 suorum

2105 2101 2323 2155 aeterna
2358 2095 2630 2153 felicitas.

2176 2186 2239 2242 In
2269 2183 2560 2242 divisione
2593 2181 2778 2254 regni,
2812 2195 2881 2239 ac
2923 2180 3108 2238 totius
3157 2177 3356 2252 populi
3391 2192 3538 2252 pene
3565 2179 3750 2236 Israe-

2107 2273 2256 2330 litici
2290 2287 2322 2328 a
2353 2272 2524 2328 domo
2574 2269 2777 2342 David,
2811 2268 3224 2328 haereticorum
3255 2272 3315 2326 et
3345 2266 3751 2325 schismatico-

2111 2375 2238 2420 rum
2269 2360 2606 2418 ostenditur
2634 2357 2840 2430 ﬁgura.

2181 2451 2243 2505 In
2273 2449 2396 2506 Elia
2429 2447 2730 2516 Christus;
2753 2446 2852 2518 qui
2882 2460 2986 2520 per
3011 2444 3252 2517 ﬁguram
3271 2457 3519 2518 veSpere
3547 2443 3746 2502 saeculi

2111 2542 2177 2596 ut
2205 2536 2430 2594 vitulus
2477 2533 2832 2606 immolatus,
2883 2533 3228 2592 sacerdotes
3267 2547 3470 2590 omnes
3511 2529 3754 2588 idolola-

2111 2625 2243 2683 trire
2270 2639 2402 2682 cum
2433 2624 2563 2696 ipso
2593 2635 2798 2680 errore
2830 2621 3001 2680 simul
3035 2621 3340 2691 exstinxit,
3377 2619 3606 2693 replens
3639 2623 3755 2676 ter-

2115 2727 2237 2770 ram
2267 2712 2474 2784 gratiae
2507 2711 2724 2784 pluvia,
2750 2724 2862 2783 qua
2893 2710 3074 2768 fames
3107 2708 3300 2766 ﬁdelis
3331 2707 3535 2766 animae
3567 2707 3755 2780 repel-

2114 2801 2291 2859 latur.

2186 2888 2350 2958 Quod
2383 2887 2572 2946 eidem
2605 2887 2746 2946 Elite
2776 2887 2834 2944 in
2861 2901 3057 2944 eremo
3089 2885 3418 2944 constituto
3449 2883 3610 2942 corvi
3659 2897 3756 2955 pa-

2115 2993 2246 3036 nem
2279 2992 2445 3034 mane
2475 2982 2537 3034 et
2565 2991 2774 3040 carnes
2804 2989 3052 3048 vespere
3073 2973 3430 3043 ministrant,
3465 2972 3648 3043 ﬁgura
3670 2976 3758 3028 to-

363 3060 492 3132 ejus
531 3060 907 3133 abscindens,
948 3061 1167 3132 ﬁguras
1207 3063 1364 3134 quod
1403 3063 1678 3122 hostibus
1713 3063 1840 3122 suis
1871 3064 2008 3121 dum
2041 3114 2088 3138 η
2119 3066 2239 3124 tius
2269 3063 2794 3138 corporis.Domini
2826 3066 3191 3129 monstratur
3221 3080 3234 3117 :
3269 3059 3403 3132 quia
3428 3059 3674 3133 primum
3698 3058 3756 3114 in

363 3114 840 3207 absciditvitium
863 3114 1130 3218 magnum
1154 3114 1446 3222 superbiae
1469 3151 1680 3222 parcit,
1705 3165 1777 3208 ne
1797 3150 2012 3209 dentur
2040 3114 2091 3180 Ο
2120 3114 2416 3227 precepti‘s
2448 3165 2674 3224 panem,
2709 3155 2911 3224 postea
2941 3126 3175 3208 carnem
3197 3114 3514 3206 Dolninicze
3537 3147 3760 3221 passio-

365 3240 602 3294 aetcrnze
623 3235 930 3294 occisioni.

439 3323 607 3390 Quod
655 3321 955 3381 declinans
1001 3323 1402 3396 persecutoris
1455 3324 1722 3398 insidias,
1765 3326 1914 3398 fugit
1954 3327 2011 3384 in

370 3413 548 3479 Gcth;
584 3411 672 3469 sic
694 3411 964 3470 Christus
1003 3412 1385 3472 saevientibus
1414 3415 1631 3474 Iudaeis
1655 3415 2010 3475 subtrahens

371 3515 436 3558 se
455 3499 732 3571 gentibus
753 3499 935 3560 dedit.

294 3587 302 3590 ’
443 3587 827 3661 Arreptitium
852 3589 1001 3646 idem
1023 3603 1088 3647 se
1118 3589 1422 3663 simulans,
1448 3592 1584 3650 dum
1621 3591 1822 3652 salivae
1853 3592 2012 3651 illius

374 3676 430 3732 in
463 3677 700 3733 barbam
732 3677 1072 3750 decurrunt,
1099 3677 1315 3736 Christi
1348 3680 1684 3738 ﬁrmitatem
1724 3682 2012 3754 sapientia

372 3764 690 3837 conditam,
713 3771 774 3824 et
795 3765 1262 3824 sacratissimum
1275 3769 1696 3843 corpusipsius
1720 3769 1775 3826 in
1799 3769 2016 3828 sancti-

374 3853 548 3910 ﬁcato
572 3867 718 3927 pane
740 3859 1034 3926 gestatum
1059 3853 1326 3916 manibus
1349 3858 1476 3916 suis
1501 3857 1832 3932 presbyteri
1865 3873 2017 3932 myso

373 3941 526 3999 terio
547 3941 718 4000 nobis
741 3942 1018 4002 insinuat.

447 4029 603 4086 idem
632 4029 814 4087 David
851 4031 1014 4088 dolet
1049 4035 1314 4093 occisum
1355 4033 1652 4091 inimicum
1685 4034 1820 4093 Saul
1844 4053 1858 4090 :
1883 4035 2019 4107 quia

375 4121 438 4175 et
459 4116 729 4174 Christus
751 4131 892 4175 suos
915 4119 1227 4191 plurimum
1251 4120 1458 4180 dilexit
1477 4119 1766 4180 inimicos.

451 4204 538 4261 Ad
557 4203 738 4262 David
761 4208 1000 4263 unctum
1014 4211 1179 4268 totus
1193 4209 1498 4279 colligitur
1510 4209 1692 4267 Israel
1709 4210 1820 4278 ;'ad
1835 4211 2022 4270 Chris-

379 4296 502 4349 tum
526 4297 590 4349 ut
613 4293 966 4366 promissum
987 4301 1258 4356 esttotus
1279 4297 1582 4369 colligitur
1602 4299 1872 4358 mundus.

453 4380 516 4435 ln
536 4379 715 4436 David
739 4381 1007 4441 Christus
1039 4383 1136 4442 ille
1175 4384 1511 4442 desirabilis
1541 4386 1813 4445 omnibus
1833 4386 2022 4458 genti-

2119 3241 2212 3299 nis
2237 3255 2310 3298 ex
2339 3239 2499 3310 ligno
2547 3239 2744 3298 crucis
2793 3237 3096 3297 decoctam
3143 3236 3326 3295 Iudaei
3378 3237 3516 3294 tetri
3560 3235 3761 3294 colore

2119 3329 2396 3402 gentibus
2427 3327 2856 3386 ministrarunt.

2189 3418 2400 3476 Tribus
2431 3415 2796 3490 temporibus
2827 3415 3002 3474 etiam
3033 3419 3094 3472 et
3123 3414 3367 3472 dimidio
3389 3411 3672 3486 temporis
3703 3411 3760 3468 in

2122 3507 2316 3564 tribus
2345 3506 2514 3564 annis
2545 3511 2606 3564 et
2635 3519 2740 3564 sex
2789 3504 3088 3563 mensibus
3128 3502 3394 3561 caelestis
3435 3501 3629 3575 pluvia
3661 3499 3758 3556 Dei

2122 3595 2242 3653 alto
2270 3595 2495 3668 judicio
2543 3599 2793 3666 negatur
2828 3595 2938 3666 eis,
2971 3593 3070 3665 qui
3101 3607 3338 3650 carnem
3366 3591 3494 3664 ejus
3521 3605 3635 3646 non
3666 3604 3762 3646 co-

2123 3683 2423 3742 medentes
2445 3696 2634 3755 neque
2654 3683 2782 3754 ejus
2805 3681 3145 3752 sanguinem
3171 3681 3462 3752 bibentes,
3477 3675 3760 3750 redempti

2123 3773 2196 3831 ab
2226 3773 2354 3845 ejus
2384 3785 2635 3846 corpore
2666 3771 3036 3830 invenientur
3064 3770 3260 3828 alieni.

2195 3863 2351 3920 Elias
2401 3866 2606 3936 pastus
2669 3875 2701 3918 a
2766 3861 2964 3932 vidua,
3015 3861 3284 3919 Christus
3343 3856 3766 3916 misericordiae

2125 3965 2302 4024 opera
2353 3949 2707 4024 suscipiens,
2755 3954 2817 4007 et
2872 3961 3324 4021 recompensans
3372 3947 3430 4002 in
3479 3944 3763 4013 Ecclesia,

2126 4052 2254 4111 quae
2284 4038 2474 4096 adhuc
2520 4037 2696 4096 vidua
2727 4035 2785 4094 in
2824 4050 2966 4108 agro
2997 4048 3295 4094 sacrarum
3329 4032 3766 4106 Scripturarum

2128 4139 2232 4200 per
2261 4126 2375 4184 duo
2405 4125 2562 4198 ligna
2593 4125 2812 4198 crucis,
2847 4126 2964 4184 duo
2985 4128 3259 4198 precepta
3281 4120 3531 4192 colligit,
3558 4124 3624 4177 ut
3651 4118 3764 4176 sibi

2128 4214 2384 4286 ﬁliisque
2415 4215 2471 4272 in
2502 4219 2764 4288 tempore
2797 4214 2965 4271 famis
2995 4210 3284 4270 consulat.

2199 4305 2261 4360 lu
2293 4303 2502 4361 Elisan
2534 4303 2710 4360 etiam
2743 4302 2958 4376 duplex
2999 4301 3247 4374 spiritus
3278 4297 3418 4356 Elite
3449 4295 3766 4369 discipulo-

2132 4404 2256 4447 rum
2304 4391 2521 4448 chorus
2553 4389 2794 4462 Christi,
2827 4389 3106 4464 Spiritum
3142 4391 3407 4445 sanctum
3443 4383 3620 4457 duplo
3650 4397 3772 4442 mu-

382 4467 494 4524 bus
515 4467 679 4538 quasi
705 4467 762 4525 in
783 4469 1059 4530 solatium
1099 4472 1500 4544 deambulans,
1526 4474 1660 4545 quia
1684 4473 1740 4532 in
1781 4475 1907 4533 sole
1929 4491 2026 4548 po-
2049 4459 2102 4523 Ῑ)
2134 4493 2273 4536 nere
2303 4479 2621 4552 accipiens.

385 4553 507 4611 suit
527 4554 966 4616 tabernaculum
981 4575 1172 4632 suum,
1187 4561 1480 4619 adamavit
1499 4560 1821 4618 Ecclesiam
1844 4577 2024 4635 super

385 4645 606 4700 tectum
627 4656 692 4700 se
723 4643 1032 4720 lavantem,
1070 4648 1125 4705 id
1163 4653 1277 4720 est,
1301 4648 1708 4706 emundant‘em
1740 4663 1806 4706 se
1833 4663 1865 4705 a
1897 4665 2024 4707 sor-

387 4730 561 4789 dibus
583 4731 806 4803 saeculi,
821 4738 882 4790 et
903 4734 1137 4793 domum
1161 4735 1374 4794 luteam
1399 4736 1652 4810 spiritali
1674 4737 2028 4807 contemplau

386 4818 547 4876 tione
567 4820 1078 4880 transcendentem
1099 4829 1274 4895 atque
1285 4824 1608 4882 calcantem
1633 4844 1646 4880 :
1671 4829 1731 4882 et
1753 4825 2022 4884 inchoata

387 4921 520 4964 cum
542 4907 640 4964 illa
663 4907 865 4982 primae
905 4912 1315 4970 conventionis
1354 4913 1590 4984 notitia,
1623 4917 1826 4985 postea
1857 4913 1930 4970 ab
1955 4927 2023 4972 ea

389 4995 624 5065 penitus
655 5003 989 5070 separatum
1031 4999 1325 5058 diabolum
1365 5001 1606 5073 occidit,
1638 5015 1882 5076 eamque
1909 5001 2022 5060 sibi

389 5088 675 5154 perpetuo
695 5087 990 5145 connubio
1019 5087 1339 5162 ecpulavit.

459 5169 641 5226 David
680 5174 851 5232 senili
889 5180 1066 5235 aetate
1103 5177 1374 5234 confecto
1414 5177 1629 5236 Abisac
1667 5179 1854 5251 virgo,
1897 5193 2026 5252 qua)

391 5268 522 5313 eum
543 5255 912 5344 calefaceret,
943 5264 1308 5339 applicatur:
1335 5265 1499 5322 senio
1521 5272 1766 5338 urgente
1788 5267 2023 5339 mundo,

391 5345 788 5407 verus‘Md
829 5351 1096 5412 Christus
1137 5352 1250 5412 sibi
1290 5353 1574 5426 virginem
1605 5354 1892 5415 calentem
1913 5355 2026 5414 ﬁde

390 5429 1014 5504 applicat'Icclesiam.

463 5521 526 5576 In
549 5520 853 5581 Salomone
874 5538 988 5596 pax
1008 5535 1230 5603 nostra,
1255 5533 1352 5604 qui
1375 5535 1468 5592 est
1491 5531 1760 5592 Christus
1791 5547 2028 5606 expres-

2203 4567 2264 4622 In
2295 4571 2528 4624 mortuo
2559 4565 2872 4634 suscitato,
2895 4576 3079 4634 genus
3100 4561 3412 4619 humanum
3445 4572 3548 4632 per
3579 4557 3772 4616 Chris-

2131 4657 2254 4710 tum
2285 4653 2482 4712 aﬂlatu
2499 4654 2708 4724 gratim
2729 4649 3102 4720 suscitatum,
3129 4661 3298 4720 quem
3319 4661 3392 4706 ex
3417 4645 3579 4705 nullo
3599 4643 3771 4702 modo

2131 4747 2426 4800 suscitare
2455 4741 2659 4797 valuit.

2201 4830 2510 4886 Iordanem
2541 4826 2789 4884 Eliszeus
2819 4824 3024 4883 eodem
3056 4824 3271 4898 spiritu
3302 4827 3584 4896 operante
3619 4825 3775 4878 tran-

2132 4915 2242 4984 sit;
2273 4930 2390 4988 quo
2435 4920 2640 4972 noster
2685 4913 2965 4972 Dominus
3011 4914 3184 4972 Iesus
3227 4912 3492 4970 eumdem
3535 4909 3770 4969 fluvium

2131 5017 2240 5062 suo
2271 5003 2329 5061 in
2361 5003 2660 5076 Baptismo
2689 5002 3084 5062 consecravit.

2203 5091 2494 5150 lnsultant
2508 5091 2669 5164 pueri
2694 5091 2928 5163 Elisaeo,
2944 5095 3006 5148 et
3035 5103 3066 5146 a
3099 5087 3309 5147 bestiis
3341 5091 3479 5146 sunt
3500 5083 3772 5145 lacerati:

2135 5179 2422 5237 insultant
2448 5179 2632 5238 Iudaei
2658 5178 2914 5250 Christo,
2939 5183 3000 5236 et
3021 5193 3052 5234 a
3074 5176 3352 5234 Romanis
3379 5175 3472 5234 vel
3505 5172 3776 5244 malignis

2135 5269 2448 5344 spiritibus
2469 5273 2607 5327 sunt
2630 5268 2881 5342 pervasi.
2903 5268 3156 5324 Naaman
3177 5266 3428 5324 EliSIBlls
3450 5264 3673 5336 septies
3697 5259 3780 5316 la-

2134 5357 2282 5429 vari,
2315 5361 2379 5415 ut
2407 5362 2760 5430 purgaretur
2788 5371 2819 5412 a
2847 5355 3030 5428 lepra,
3058 5355 3115 5412 in
3135 5353 3386 5411 Iordane
3411 5351 3581 5423 jubet
3615 5362 3780 5418 :sep-

2137 5445 2391 5503 tiformis
2432 5445 2638 5516 gratiae
2677 5445 2894 5518 spiritu
2933 5442 3196 5502 mundari
3239 5456 3269 5497 a
3309 5436 3473 5496 vitiis
3504 5436 3776 5504 animam,

2135 5536 2350 5606 quibus
2372 5535 2622 5593 interior
2640 5533 3016 5605 exteriorque
3037 5533 3210 5588 homo
3225 5527 3530 5600 polluitur,
3548 5525 3772 5594 signat:
