4078 6180
326 219 395 274 to
1220 295 1231 305 .
1485 216 1910 279 cnnomcou.
1950 244 2021 260 —
2057 214 2255 282 mas
2292 223 2572 294 eumn.
3664 270 3735 323 ω

321 340 672 445 quodetiam
690 353 841 441 aqua
865 340 990 445 ipsa
1005 340 1370 445 demonstrat
1514 342 1968 445 tingunturcon-
1997 340 2052 402 A
2091 439 2100 445 Δ
2153 344 2213 401 In
2224 346 2401 410 Iosia
2422 355 2955 430 actibus,Christus
2976 379 3176 428 verum
3190 375 3408 445 pascha
3426 380 3596 441 nobis
3616 386 3733 445 fac-

286 480 301 493 .
323 430 569 500 secrati,
597 430 655 485 in
679 428 913 486 nomine
932 430 1127 486 Patris
1147 434 1208 486 et
1233 429 1357 486 Filii
1379 435 1433 487 et
1469 431 1723 503 Spiritus
1760 428 1970 486 sancti.

392 516 555 574 Ciczi
582 532 732 588 puer
755 517 1055 589 propheta
1091 531 1328 574 munera
1366 520 1617 574 Naaman
1654 516 1971 588 accipiens,

319 611 378 661 et
402 618 508 676 per
531 604 647 660 hoc
670 603 917 660 maculis
957 604 1134 676 lepra
1167 619 1499 677 respersus,
1538 604 1850 661 hareticos
1880 618 1974 660 os-

320 692 533 761 tendit,
560 692 661 763 qui
693 691 1066 748 vcnditantes
1102 692 1262 749 velut
1301 692 1668 764 expiationes
1706 696 1972 763 peccato-

321 796 470 850 rum,
487 780 591 851 qui
608 794 844 852 quoque
860 778 1127 851 maculis,
1145 780 1358 851 quibus
1374 780 1487 853 ipsi
1504 781 1731 837 fuerant
1744 779 1974 852 aspersi

320 867 698 941 supplentur.

390 958 450 1013 In
474 956 747 1014 Ezechia
766 956 923 1027 regis
947 956 1116 1026 signo
1140 956 1356 1013 Christi
1381 955 1723 1025 descensus,
1759 953 1855 1026 qui
1878 959 1971 1010 cst

324 1044 687 1117 Soljustitia
709 1062 724 1113 ;
748 1049 809 1101 et
830 1047 1004 1102 etiam
1043 1044 1264 1101 inferna
1301 1044 1767 1101 misericorditer
1802 1056 1970 1115 pcne-

325 1134 534 1191 trantis
569 1133 756 1203 ﬁgura
780 1133 1175 1206 prasignatur
1199 1152 1211 1188 :
1238 1132 1336 1206 qui
1358 1132 1535 1191 etiam
1569 1132 1742 1191 docet
1766 1144 1873 1188 nos
1913 1130 1967 1189 in

327 1223 472 1278 bono
496 1222 793 1293 nunquam
818 1221 1183 1295 prosperatis
1215 1221 1430 1281 cti‘erri.

2087 439 2183 491 tus
2215 445 2417 509 aperte
2445 456 2766 516 expressus
2796 451 3117 513 Ecclesiam
3158 439 3320 520 suam
3359 439 3731 533 inundansﬂet

2084 536 2440 622 expurgans,
2466 548 2571 603 pro
2594 550 2705 607 qua
2731 544 2998 599 mortuus
3019 550 3132 602 est.
3162 550 3337 621 Cujus
3370 556 3471 613 lilii
3509 561 3584 616 ob
3621 578 3731 621 me-

2086 617 2497 714 ritumﬂculpa
2548 622 2605 679 in
2651 628 3053 698 captivitatem
3102 617 3285 709 ducti,
3335 617 3726 714 qui‘gratiam

2326 705 2659 809 in‘vacuum
2683 714 2924 809 ducunt,
2966 701 3313 809 designant:
3338 701 3397 785 et

2084 790 2301 887 Christi
2325 795 2494 887 velut
2513 800 2777 860 Ieremia
2814 807 2977 877 parvi
3011 790 3353 887 pendentes,
3377 790 3617 880 diabolo
3628 790 3727 883 ve:

2082 874 2169 969 lut
2184 879 2759 969 Nabuchodonosorﬁ
2772 874 2990 966 captivi
3011 874 3185 957 vvitiis
3216 874 3727 969 traduntu'rv._Con-

2080 964 2343 1025 cluditur
2380 978 2572 1031 autem
2612 976 2736 1036 hac
2775 964 2920 1039 atas
2960 992 3168 1056 quarta
3218 993 3415 1048 mundi
3473 1010 3504 1051 a

2082 1068 2268 1124 usque
2290 1057 2361 1115 ad
2401 1064 2974 1154 transmigrationem
3013 1073 3068 1129 in
3105 1076 3725 1154 Babyloniamhconti-

2080 1154 2223 1200 nens
2246 1158 2430 1206 annos
2454 1152 2875 1226 quadragintos
2910 1164 3303 1235 septuaginta.

1380 1456 1387 1459 ’
1653 1474 1939 1560 AETAS
2012 1474 2388 1575 QUINTA

826 1687 912 1742 ΑΒ
960 1686 1181 1741 EADEM
1230 1684 1831 1739 TRANSMIGRATIONE
1880 1684 1970 1736 AD
2016 1683 2340 1739 CHRISTUM
2389 1688 2813 1748 SALVATOBEM
2861 1697 3184 1756 NOSTRUM.

389 1949 564 2021 [4271]
588 1948 806 2017 Quinta
838 1947 1035 2005 mundi
1070 1952 1215 2006 atas
1236 1945 1415 2019 capit
1455 1945 1527 2002 ab
1563 1950 1824 2003 extremo
1861 1958 1956 2001 ex-
1987 1941 2044 2004 Β
2075 1943 2352 2004 daorum.
2379 1949 2497 2020 Ego
2518 1950 2717 2010 Daniel
2739 1953 3000 2014 intellexi
3025 1958 3081 2016 in
3104 1958 3273 2019 libris
3294 1977 3594 2024 numerum
3616 1982 3714 2026 an-

322 2039 467 2095 cidio
492 2036 660 2106 regni
680 2035 933 2106 Iudaici,
958 2035 1114 2107 quod
1120 2036 1287 2106 juxta
1312 2033 1676 2106 prophetiam
1696 2032 1961 2089 Ieremia

320 2125 685 2198 septuaginta
709 2124 879 2181 annis
904 2124 1243 2196 permansit,
1277 2137 1426 2179 anno
1464 2122 1689 2180 decimo
1725 2126 1957 2192 quarto,

321 2219 621 2286 postquam
654 2226 938 2284 percussa
977 2218 1070 2268 est
1106 2211 1338 2282 civitas,
1379 2210 1476 2281 qui
1514 2215 1606 2267 est
1642 2209 1960 2268 vicesimus

316 2304 550 2374 quintus
571 2314 759 2358 annus
784 2299 1322 2369 transmigrationis
1344 2299 1500 2367 regis
1519 2298 1802 2368 Ioachim,
1826 2313 1957 2355 cum

315 2405 421 2462 quo
440 2388 716 2448 Ezechiel
737 2390 1073 2461 captivatus
1095 2392 1187 2444 cst
1213 2408 1225 2443 :
1254 2388 1379 2459 ipse
1400 2386 1666 2445 Ezechiel
1694 2387 1749 2443 in
1781 2387 1959 2444 visio-

315 2480 479 2537 nibus
498 2478 603 2536 Dei
627 2477 922 2535 adductus
947 2477 1003 2533 in
1027 2480 1241 2534 terram
1262 2475 1445 2534 Israel
1467 2475 1613 2534 vidit
1629 2476 1957 2533 renovatio-

315 2582 435 2625 nem
473 2567 742 2624 civitatis
780 2580 848 2624 ac
890 2563 1112 2638 templi,
1155 2565 1748 2638 caremoniarumque
1802 2565 1950 2637 ejus.

312 2658 546 2713 Vastata
564 2653 766 2713 Iudas
789 2652 1041 2712 Chaldai
1072 2668 1186 2710 non
1208 2659 1272 2711 ut
1295 2654 1521 2726 Assyrii
1546 2654 1600 2710 in
1638 2653 1952 2710 Samariam

308 2744 458 2802 alios
479 2745 761 2801 miserere
782 2741 1048 2815 colonos,
1073 2742 1177 2801 sed
1200 2742 1492 2801 desertam
1516 2741 1806 2813 reliquere
1824 2747 1954 2813 ,ter—

312 2847 455 2903 ram,
480 2832 663 2889 donec
686 2836 822 2904 post
842 2845 1026 2890 annos
1039 2831 1410 2904 septuaginta
1434 2830 1490 2886 in
1511 2844 1637 2887 eam
1656 2829 1839 2887 Iudaei
1864 2843 1952 2887 re-

312 2922 525 2978 dirent.
551 2923 597 2978 Α
610 2919 1026 2977 sacerdotibus
1039 2920 1191 2989 ignis
1204 2920 1277 2976 ab
1295 2918 1467 2976 altari
1480 2918 1950 2975 holocaustoma-

309 3010 383 3067 tis
403 3007 680 3067 sublatus
692 3013 752 3067 et
763 3008 1149 3066 absconditus
1172 3006 1227 3064 in
1241 3011 1418 3079 puteo
1432 3010 1567 3079 post
1584 3005 1949 3078 septuagesi-

307 3114 455 3155 mum
470 3095 868 3167 regrcssionis
884 3110 1091 3153 annum
1106 3096 1448 3165 assumitur,
1467 3095 1740 3152 inventus
1752 3094 1940 3152 vivus.

304 3187 695 3243 Romanorum
716 3188 922 3242 sextus
945 3184 1182 3242 Servius
1204 3183 1469 3255 regnavit
1491 3196 1675 3240 annos
1696 3182 1944 3255 quadra-

2073 2048 2300 2108 norum,
2343 2038 2415 2095 de
2451 2053 2566 2111 quo
2606 2041 2795 2099 factus
2830 2050 2925 2101 est
2957 2060 3151 2104 sermo
3187 2050 3413 2108 Domini
3449 2054 3521 2110 ad
3554 2057 3712 2114 Iere-

2072 2122 2243 2179 miam
2269 2126 2633 2199 prophetam,
2660 2133 2723 2186 ut
2743 2131 3181 2204 complerentur
3210 2136 3594 2199 desolationis
3627 2146 3713 2201 Ie.

2071 2210 2330 2302 rusalem
2348 2216 2719 2286 septuaginta
2743 2219 2929 2277 annis.
2956 2222 3245 2281 Eusebius
3276 2226 3332 2281 in
3368 2227 3709 2302 Temporum

2069 2298 2239 2390 libris
2262 2301 2502 2373 triginta
2526 2317 2709 2362 annos
2731 2306 2803 2362 ab
2824 2308 3131 2367 eversione
3165 2298 3711 2390 Ierusalem-usque

2067 2387 2139 2444 ad
2163 2389 2391 2447 initium
2415 2393 2544 2464 Cyri
2570 2394 2725 2464 regis
2747 2396 3300 2465 Persarum;Iulius
3332 2408 3524 2462 autem
3562 2387 3712 2464 Al‘ri-
3740 2420 3749 2423 λ

2066 2490 2249 2536 canus
2270 2481 2642 2553 septuaginta
2665 2488 2985 2556 computat.
3012 2487 3195 2544 Porro
3227 2489 3611 2561 Hieronymus
3651 2496 3708 2553 in

2065 2565 2445 2639 Expositione
2482 2570 2783 2643 propheta
2814 2572 3070 2632 Danielis
3120 2575 3202 2633 ita
3240 2577 3386 2637 dicit
3417 2598 3431 2637 :
3471 2580 3710 2640 tradunt

2064 2655 2291 2715 Hebraei
2330 2656 2663 2729 hujusmodi
2701 2659 2953 2718 fabulam
2999 2676 3186 2734 usque
3234 2665 3308 2722 ad
3342 2671 3707 2740 septuagesi-

2062 2758 2215 2801 mum
2238 2757 2470 2817 annum,
2495 2760 2610 2817 quo
2628 2748 2911 2807 Ieremias
2940 2750 3342 2823 captivitatem
3370 2754 3704 2815 Iudaeorum

2060 2830 2289 2888 dixerat
2311 2846 2446 2890 esse
2468 2832 2827 2905 solvendam,
2853 2835 2925 2893 de
2947 2851 3062 2907 quo
3083 2843 3143 2895 et
3162 2839 3471 2898 Zacharias
3486 2843 3542 2900 in
3557 2845 3706 2915 prin-

2057 2919 2214 2991 cipio
2236 2919 2550 2978 voluminis
2572 2923 2663 2979 sui
2688 2922 2969 2993 loquitur,
2997 2924 3222 2980 irritam
3239 2932 3451 2997 putans
3464 2931 3564 2988 Dei
3581 2931 3703 3003 pol-

2057 3003 2442 3064 licitationem
2471 3005 2798 3078 Balthasar,
2834 3008 3159 3081 falsumque
3190 3014 3544 3084 promissum
3574 3032 3703 3075 ver-

2055 3105 2158 3149 sus
2188 3093 2245 3148 in
2285 3093 2581 3165 gaudium,
2613 3095 2754 3153 fecit
2782 3095 3002 3166 grande
3029 3098 3362 3158 convivium
3409 3102 3702 3163 insultans

2053 3179 2480 3251 quodammodo
2513 3181 2638 3255 spei
2667 3182 3022 3255 Iudaorum,
3055 3190 3116 3243 et
3145 3186 3305 3245 vasis
3339 3189 3573 3262 templi;
3595 3193 3700 3250 sed

304 3276 457 3345 ginta
480 3279 759 3346 quatuor,
784 3272 883 3345 qui
906 3277 1029 3330 tres
1050 3278 1278 3330 montes
1300 3271 1438 3329 Urbi
1461 3271 1688 3330 addidit
1713 3291 1727 3328 :
1754 3270 1945 3340 Quiri-
1973 3281 2024 3346 ο
2055 3268 2257 3325 statim
2279 3267 2425 3326 ultio
2449 3275 2768 3328 consecuta
2791 3275 2904 3329 est.
2929 3271 3186 3331 Danielis
3225 3275 3416 3333 omnis
3453 3279 3701 3351 prophe-

300 3363 506 3434 nalem,
530 3361 923 3434 Esquinilum,
949 3360 1325 3429 Viminalem;
1351 3360 1544 3417 fossas
1564 3360 1785 3419 circum
1824 3376 1945 3419 mu-

305 3468 399 3509 ros
418 3452 610 3510 duxit.
633 3453 777 3508 Post
797 3449 1355 3520 Nabuchodonosor,
1372 3450 1492 3521 qui,
1509 3454 1663 3507 teste
1685 3448 1946 3522 Scriptu-

306 3555 576 3611 rasacra,
616 3539 826 3609 viginti
857 3538 1114 3611 quinque
1151 3543 1286 3611 post
1320 3552 1584 3596 eversam
1618 3538 1943 3596 Ierusalem

305 3629 441 3687 vixit
461 3628 657 3699 annis,
681 3627 1125 3685 Evilmerodach
1149 3626 1304 3685 Illius
1325 3628 1455 3699 ejus
1479 3627 1744 3698 regnavit
1774 3627 1943 3684 annis

303 3716 495 3775 decem
517 3724 581 3775 et
601 3722 771 3783 octo;
795 3722 930 3788 post
949 3730 1119 3789 quem
1142 3717 1361 3787 Egesar
1404 3715 1560 3773 illius
1591 3716 1740 3787 ejus,
1775 3714 1943 3772 annis

301 3806 706 3876 quadraginta.
732 3805 833 3862 Cui
849 3806 1141 3863 successit
1157 3806 1338 3862 frater
1357 3805 1484 3876 ejus
1506 3804 1939 3875 Laborsodach,

302 3895 599 3953 mensibus
619 3907 847 3951 novem.
872 3895 993 3951 Hoc
1015 3894 1290 3951 defuncto
1313 3892 1385 3950 ad
1409 3892 1715 3950 Balthasar
1726 3893 1822 3963 qui
1837 3894 1944 3949 Na-

302 3983 438 4040 boan
460 3987 862 4055 nuncupatur,
888 3982 1127 4039 transiit
1151 3981 1477 4054 imperium.
1515 3980 1624 4049 Qui
1661 3992 1795 4038 cum
1823 3980 1942 4052 jam

299 4071 716 4144 septemdecim
730 4075 1004 4141 regnaret
1014 4084 1219 4141 annos,
1235 4074 1407 4143 capta
1420 4074 1513 4127 est
1530 4081 1561 4125 a
1579 4070 1726 4141 Cyro
1739 4070 1944 4126 Persa-

301 4174 417 4216 rum
453 4166 515 4216 et
556 4158 734 4217 Dario
774 4158 1068 4216 Medorum
1091 4172 1228 4229 rege
1249 4156 1943 4231 Babylonia,discedente

298 4248 515 4305 Arbaca
539 4248 823 4321 prafecto
840 4247 896 4304 in
919 4247 1136 4319 Medos,
1161 4261 1193 4304 a
1216 4261 1330 4319 quo
1353 4246 1602 4320 primum
1626 4244 1941 4319 Babylonia

298 4337 651 4395 dehonorata
679 4336 888 4396 fuerat.
914 4338 1145 4415 Partem
1170 4335 1334 4406 regni
1358 4348 1536 4408 penes
1558 4348 1624 4393 se
1646 4334 1942 4393 retinuere

300 4425 565 4499 Chaldai,
590 4425 690 4497 qui
718 4424 1091 4498 Babyloniam
1114 4425 1227 4482 sibi
1251 4424 1561 4482 adversum
1594 4424 1789 4481 Medos
1820 4424 1943 4481 vin-

297 4513 655 4585 dicaverunt,
707 4512 862 4572 unde
895 4514 1111 4572 factum
1146 4518 1240 4572 est
1278 4517 1343 4570 ut
1378 4510 1939 4582 Nabuchodonosor,

2056 3354 2137 3412 tia
2162 3356 2460 3428 mysteriis
2491 3356 2631 3415 licet
2672 3359 2752 3415 sit
2792 3358 2984 3431 plena,
3024 3359 3288 3431 quadam
3330 3367 3521 3421 tamen
3561 3380 3699 3438 pars

2055 3443 2184 3514 ejus
2225 3443 2305 3501 ita
2345 3442 2618 3502 claritate
2656 3444 2872 3516 elucet,
2917 3451 2981 3503 ut
3019 3447 3194 3504 etiam
3233 3452 3465 3523 tempus
3505 3452 3699 3523 signet

2054 3531 2285 3602 quando
2298 3537 2581 3591 venturus
2592 3539 2755 3592 esset
2769 3534 2894 3608 ipse
2908 3533 3699 3615 SalvatoretDominus.Sep-

2054 3620 2316 3690 tuaginta
2331 3620 2727 3680 hebdomadas
2740 3622 3037 3681 breviatas
3048 3625 3698 3698 esse,Gabrielangelus

2054 3707 2112 3764 in
2136 3708 2350 3782 populo
2374 3711 2502 3782 ejus
2523 3710 2713 3768 eidem
2736 3711 2957 3769 Danieli
2981 3712 3286 3784 revelavit,
3303 3718 3368 3771 ut
3380 3715 3698 3774 adducere-

2054 3800 2152 3853 tur
2167 3797 2403 3868 justitia
2427 3799 2803 3870 sempiterna,
2827 3804 2888 3855 et
2909 3799 3254 3871 impleretur
3275 3802 3602 3874 prephetia,
3635 3810 3696 3862 et

2054 3888 2373 3954 ungeretur
2394 3886 2642 3943 Sanctus
2665 3891 3024 3944 sanctorum.
3058 3889 3273 3945 Beatus
3309 3888 3693 3962 Hieronymus

2053 3970 2254 4030 labore
2274 3972 2624 4046 ingenioque
2646 3987 2855 4045 magno
2893 3987 2998 4047 per
3034 3975 3484 4048 supputationes
3520 3991 3695 4036 anno-

2055 4076 2180 4118 rum
2203 4075 2403 4132 regum
2418 4061 2771 4135 Babylonia,
2786 4056 3159 4136 septuaginta
3182 4063 3577 4124 hebdomadas
3600 4082 3696 4125 us-

2053 4163 2166 4222 que
2178 4150 2251 4206 ad
2271 4150 2459 4207 nostri
2477 4151 2869 4223 redemptoris
2891 4151 3265 4212 nativitatem
3274 4152 3442 4211 annis
3455 4155 3697 4226 quadra-

2052 4237 2245 4309 gentis
2268 4239 2582 4310 nonaginta
2607 4238 2903 4311 perduxit,
2920 4240 3235 4311 sejungeus
3259 4247 3483 4315 septem
3509 4244 3564 4300 in
3580 4259 3695 4303 res-

2053 4326 2445 4384 taurationem
2476 4326 2676 4400 templi
2701 4327 3099 4387 hebdomadas
3123 4329 3543 4402 quinquaginta
3565 4348 3694 4407 sep-

2054 4422 2169 4473 tem
2194 4429 2380 4488 usque
2399 4414 2471 4472 ad
2493 4416 2722 4473 Domini
2752 4415 3119 4474 nativitatem
3148 4421 3209 4474 et
3244 4418 3577 4490 passionem
3611 4421 3692 4494 ip-

2053 4505 2200 4576 sius,
2216 4509 2275 4563 et
2300 4518 2470 4562 unam
2492 4504 2846 4562 vastationis
2871 4519 2999 4579 qua
3014 4505 3165 4564 facta
3177 4510 3315 4564 esta
3332 4507 3690 4581 Vespasiano

298 4602 609 4694 caterique
630 4605 769 4673 post
788 4615 1128 4694 eumusque
1149 4601 1222 4658 ad
1245 4602 1474 4674 Cyrum,
1512 4612 1703 4694 reges,
1743 4611 1943 4694 quam-
1968 4628 2026 4694 Β
2055 4594 2212 4694 ὁρας).
2232 4606 2370 4694 cum
2396 4593 2524 4694 'l‘ito
2558 4593 2677 4694 tilio
2706 4594 3198 4694 ejus._Duodecim
3227 4601 3533 4694 sanesunt
3560 4612 3691 4694 pro-

297 4687 377 4744 vis
400 4687 807 4746 Chaldaorum
829 4688 1054 4746 viribus
1078 4693 1371 4762 potentes,
1396 4693 1457 4746 et
1478 4685 1810 4758 Babylonia
1840 4700 1941 4743 no-
1968 4682 2021 4694 “’
2054 4682 2303 4757 phetiea
2315 4682 2575 4741 visiones
2587 4683 2851 4754 ejusdem
2862 4682 3139 4755 Danielis,
3156 4683 3260 4741 sed
3274 4684 3329 4742 in
3344 4684 3588 4742 Hebrao
3600 4684 3693 4740 de-

298 4776 440 4834 mine
462 4776 607 4834 clari
631 4776 925 4848 lcgantur,
949 4778 1007 4835 in
1030 4791 1273 4835 numero
1295 4782 1487 4835 tamen
1509 4781 1569 4834 et
1590 4774 1831 4833 cardine
1854 4789 1941 4831 re-

297 4877 419 4933 gum
442 4879 560 4921 non
581 4864 878 4922 habentur
898 4865 1238 4924 illustrium.
1263 4865 1473 4923 Darius
1501 4869 1695 4923 autem
1714 4930 1719 4935 _
1735 4866 1940 4936 Astya-

293 4953 375 5022 gis
390 4951 571 5024 ﬁlius,
588 4954 686 5025 qui
704 4953 1078 5026 Babyloniam
1093 4955 1411 5025 destruxit,
1428 4968 1560 5012 cum
1573 4956 1720 5027 Cyro
1735 4965 1946 5024 cogna'

296 5046 347 5097 to
367 5056 477 5099 suo
500 5042 939 5113 agebatannum
954 5043 1385 5113 sexagesimum
1400 5042 1742 5114 secundum,
1760 5056 1939 5114 quan-

293 5129 358 5185 do
378 5128 700 5202 Babylonia
737 5130 847 5187 fuit
865 5131 1086 5188 invasa.
1113 5130 1339 5202 Quique
1359 5115 1650 5187 Daniele'm
1693 5132 1938 5203 prophe-

293 5222 398 5275 tam
421 5232 689 5289 sumens,
729 5218 801 5274 ad
840 5219 981 5275 sein
1014 5218 1254 5276 Mediam
1289 5219 1476 5288 duxit,
1513 5223 1573 5276 et
1607 5218 1762 5275 omni
1806 5233 1935 5276 eum

294 5305 502 5364 honore
523 5306 877 5364 celebravit.
903 5308 1085 5378 Hujus
1106 5307 1260 5363 Darii
1284 5306 1484 5363 Daniel
1498 5308 1624 5379 ipse
1648 5307 1727 5363 ita
1742 5306 1937 5363 memi-

300 5393 391 5464 nit,
414 5395 627 5452 dicens
652 5413 667 5450 :
694 5395 752 5450 in
776 5407 925 5450 anno
948 5395 1133 5466 primo
1155 5395 1310 5451 Darii
1336 5393 1437 5451 lilii
1462 5395 1704 5452 Assueri
1738 5395 1808 5451 de
1847 5408 1935 5450 se-

301 5483 433 5542 mine
454 5483 788 5553 Medorum,
813 5482 910 5556 qui
943 5483 1248 5558 imperavit
1280 5497 1459 5559 super
1494 5496 1735 5556 regnum
1773 5481 1934 5540 Chal-

2051 4787 2177 4831 cem
2207 4776 2431 4830 tantum
2456 4772 2846 4844 reperiuntur.
2873 4772 3236 4844 Pythagoras
3259 4787 3364 4847 per
3380 4773 3530 4830 idem
3549 4777 3689 4829 tem-

2053 4877 2184 4934 pus,
2219 4860 2606 4934 philosophus
2656 4865 2715 4919 et
2759 4860 3162 4921 Arithmetica
3195 4862 3463 4920 inventor
3489 4859 3688 4920 clarus

2049 4954 2318 5012 habetur.

2125 5041 2304 5115 [4292]
2332 5042 2643 5100 Persarum
2669 5042 2893 5115 primus
2906 5046 3089 5117 Cyrus
3102 5038 3364 5111 regnavit
3385 5050 3570 5097 annos
3584 5041 3687 5098 tri-

2046 5131 2432 5204 ginta.Hic,ut
2444 5131 3090 5205 complereturverbum
3102 5127 3325 5188 Domini
3339 5141 3412 5186 ex
3423 5130 3687 5187 oreIere-

2047 5221 2196 5292 mia,
2221 5220 2409 5294 primo
2423 5221 2515 5280 sui
2529 5222 2691 5293 regni
2705 5235 2875 5291 anno,
2899 5220 3090 5277 laxata
3104 5216 3478 5276 Hebraorum
3501 5219 3686 5292 capti-

2044 5309 2248 5381 vitate,
2273 5310 2693 5382 quinquaginta
2710 5312 2886 5368 ferme
2916 5306 3210 5365 hominum
3242 5307 3422 5365 millia
3454 5306 3682 5378 regredi

2050 5398 2187 5455 fecit
2203 5398 2258 5455 in
2269 5401 2297 5455 I
2304 5400 2524 5457 udaam
2540 5399 2860 5455 restituens
2873 5395 2960 5452 eis
2973 5408 3113 5453 vasa
3128 5397 3329 5470 templi
3346 5394 3569 5452 Domini
3584 5409 3682 5450 au-

2045 5501 2141 5547 rea
2156 5492 2505 5562 etargentea
2518 5487 2774 5561 quinque
2787 5484 2966 5546 millia
2988 5486 3395 5562 quadraginta.
3420 5482 3526 5552 Qui
3545 5495 3680 5540 con-
