4078 6180
387 327 447 380 vi
1445 316 1500 370 s.
1544 304 1800 368 Anoms
1839 288 2272 362 ARCHIEPISC.
2315 287 2727 362 VIENNENSIS
3721 315 3792 369 52

368 445 609 517 'gregati
644 444 698 499 in
729 427 1072 509 Jerusalem,
1099 435 1294 495 mense
1310 435 1559 508 septimo
1589 431 2027 517 acditicaverunt
2055 425 2112 486 A
2140 425 2466 517 Egyptum,
2503 431 2630 517 quae
2664 439 2694 484 a
2732 414 2904 484 Dario
2943 427 3323 498 discesserat,
3367 430 3547 502 capit,
3591 432 3650 488 et
3691 431 3794 488 ad-

387 516 590 602 altarc,
617 537 676 588 et
707 546 737 587 a
772 530 956 602 primo
989 527 1082 584 die
1098 525 1314 582 mensis
1329 523 1590 595 ejusdem
1614 523 1918 592 cmperunt
1947 516 2030 572 of-

368 637 374 642 '
391 624 540 678 ferre
552 619 959 676 holocaustum
975 614 1408 671 Domino.Anno
1424 616 1616 668 autem
1633 608 1911 677 secundo,
1935 605 2032 662 ad-

385 713 596 765 ventus
611 707 722 777 sui,
744 719 940 762 mense
955 703 1234 772 secundo,
1264 699 1462 772 templi
1481 698 1651 756 funda
1661 701 1850 752 menta
1879 696 2031 766 jeee-

389 801 524 856 runt
540 815 554 864 ;
569 810 718 852 anno
733 793 1088 851 incensionis
1101 789 1417 863 ejus,juxta
1434 787 2032 870 Africanum,scptua-

388 886 609 953 gesimo
625 881 882 941 secundo
899 901 912 950 ;
923 883 1087 954 juxta
1109 882 1300 937 autem
1319 875 1601 936 Chronica
1634 873 1892 942 Eusebii,
1928 871 2032 928 tri-

371 973 609 1042 'gesimo
625 973 914 1038 secundo;
935 966 1506 1042 sedimpcdientihus
1522 961 1921 1032 Samaritanis,
1949 961 2032 1016 in-

419 1063 722 1118 armissum
739 1065 830 1117 est
843 1075 991 1133 epus
1007 1073 1190 1129 usque
1205 1058 1277 1114 ad
1291 1069 1502 1114 annum
1515 1053 1670 1110 Darii
1687 1050 2028 1120 secundum,

371 1151 485 1216 "iui
501 1151 672 1206 etiam
691 1148 744 1206 in
761 1164 938 1219 regno
955 1147 1196 1205 Assueri
1211 1149 1269 1204 et
1291 1143 1633 1204 Artaxerxis
1661 1140 2032 1212 scripserunt

388 1239 820 1296 accusationem
840 1237 1148 1294 adversum
1165 1236 1399 1292 Iudaeos
1421 1251 1435 1300 ;
1461 1236 1520 1289 et
1543 1225 1852 1300 rescripsit
1873 1229 2034 1284 Arta-

387 1342 683 1384 xerxesne
695 1323 1481 1385 aediﬁcareturllierusalem.
1498 1322 1890 1376 Romanorum
1911 1329 2034 1386 sep-

392 1416 569 1472 timus
603 1415 926 1486 Tarquinus
963 1413 1226 1482 regnavit
1262 1411 1428 1466 annis
1469 1408 1709 1478 triginta
1744 1404 2029 1476 quinque;

392 1504 488 1578 qui
511 1517 685 1560 causa
706 1502 999 1572 Tarquinii
1018 1500 1270 1572 junioris
1293 1499 1382 1556 sui
1423 1496 1525 1552 ﬁlii
1564 1495 1662 1567 qui
1704 1492 2031 1552 Lucretiam

391 1597 756 1663 corruperat,
783 1604 961 1659 regno
983 1589 1265 1661 expulsus
1287 1592 1400 1643 est.

468 1681 646 1752 [4322]
665 1679 998 1750 Cambyses,
1017 1677 1145 1748 Cyri
1164 1675 1339 1746 illius,
1357 1674 1522 1730 annis
1539 1677 1695 1729 octo.
1722 1671 1825 1726 Hic
1841 1668 2034 1726 devic-

2137 527 2348 570 versus
2380 515 2658 572 Graeciam
2692 520 3077 588 pugnaturus,
3105 517 3478 589 septuaginta
3501 517 3682 576 millia
3707 533 3794 577 ar-

2141 605 2450 672 matorum,
2483 607 2542 660 et
2565 605 2827 660 trecenta
2867 601 2938 661 de
2970 603 3229 676 auxiliis,
3264 607 3557 664 rostratas
3589 612 3786 664 autem

2139 703 2317 746 naves
2347 689 2504 747 mille
2537 693 2856 760 ducentas;
2888 693 3190 750 enerarias
3224 695 3419 750 autem
3453 695 3566 750 tria
3601 697 3788 754 millia

2142 793 2382 835 numero
2423 779 2700 836 habuisse
2745 783 3054 848 narratur;
3101 785 3160 837 et
3205 783 3397 838 tamen
3447 783 3664 854 victus,
3715 786 3791 842 ad

2143 867 2389 937 patriam
2420 867 2652 938 refugit.
2688 867 2997 939 Pindarus,
3032 867 3350 940 Sophocles
3381 874 3440 926 et
3475 871 3790 943 Euripides

2141 956 2558 1024 tragoediarum
2575 956 2921 1028 scriptores,
2937 956 3610 1027 eelebranturinsignes.
3631 953 3793 1018 inter

2141 1043 2408 1099 eruditos
2423 1057 2652 1115 quoque
2665 1037 3045 1101 historiarum
3062 1044 3408 1117 scriptores,
3425 1045 3788 1120 Herodotus,

2142 1132 2422 1188 etZeusis
2447 1131 2640 1204 pictor
2675 1133 3034 1202 agnoscitur.
3075 1130 3432 1206 Arrabanus,
3484 1137 3792 1194 mensibus

2143 1223 2390 1292 septem,
2425 1221 2696 1278 Socrates
2729 1221 3011 1277 nascitur.

2218 1309 2698 1380 Artaxerxes,qui
2715 1313 2774 1366 et
2788 1307 3178 1379 Longimanus
3192 1311 3360 1367 annis
3377 1310 3790 1382 quadraginta.

2144 1396 2326 1468 Ilujus
2341 1411 2491 1453 anno
2508 1398 2780 1468 septimo,
2800 1398 2982 1470 prima
3001 1397 3096 1454 die
3115 1399 3334 1456 mensis
3353 1399 3548 1472 primi,
3569 1401 3792 1458 Esdras

2145 1485 2426 1542 sacerdos
2454 1491 2513 1542 et
2548 1486 2742 1542 scriba
2774 1485 2922 1556 legis
2951 1487 3048 1542 Dei
3083 1486 3350 1544 ascendit
3381 1487 3452 1544 de
3496 1489 3794 1562 Babylone

2143 1586 2275 1630 cum
2303 1573 2554 1646 epistola
2577 1574 2754 1644 regis,
2779 1575 2920 1630 etin
2943 1573 3126 1646 prima
3163 1575 3382 1632 mensis
3405 1576 3592 1647 quinti
3628 1579 3793 1634 venit

2143 1663 2202 1718 in
2226 1661 2590 1718 Hierusalem
2603 1677 2732 1719 cum
2757 1662 2902 1718 viris
2925 1661 3082 1718 mille
3105 1663 3516 1735 septingentis.
3543 1665 3612 1720 Et
3633 1665 3795 1722 inter

393 1774 450 1826 ta
463 1747 708 1839 rtlgy'pto
721 1747 992 1824 cunctam
1007 1747 1134 1836 ejus
1161 1763 1500 1832 religionem
1515 1759 2032 1828 abominatus,cze-
2061 1753 2116 1828 Β
2147 1748 2258 1808 alia
2283 1753 2522 1809 strenue
2545 1755 2709 1820 gesta
2733 1750 3050 1820 castigavit
3069 1747 3223 1808 filios
3246 1753 3792 1824 transmigrationis

393 1857 684 1912 remonias
724 1856 850 1925 ejus
889 1859 949 1909 et
989 1852 1203 1924 templa
1257 1849 1565 1922 deposuitf;
1607 1845 2030 1918 Babylonemin

389 1947 636 2015 Egypto
655 1942 1158 2000 aadiiicavitJIunc
1173 1940 1336 1996 aiunt
1351 1937 1578 1996 Hebraei
1593 1934 1913 1994 secundum
1929 1935 2034 1990 Na-

395 2029 850 2089 buchodonosor
879 2027 1099 2099 Vocari,
1127 2027 1236 2086 sub
1252 2039 1364 2099 quo
1385 2022 1866 2098 Judithyhistoria
1891 2023 2034 2080 scri-

376 2118 568 2178 'bitur.

463 2209 698 2264 Fratres
721 2205 893 2276 magi,
922 2203 1222 2262 mensibus
1257 2207 1500 2275 septem.
1541 2203 1712 2258 Jesus
1755 2200 2034 2257 sacerdos

391 2305 636 2364 magnus
658 2297 717 2350 et
741 2295 1015 2364 princeps
1039 2291 1230 2362 gentis
1255 2287 1624 2360 :Zorobabel,
1665 2289 1724 2346 et
1762 2291 2031 2357 Aggzeus,

391 2383 722 2452 Zacharias,
757 2385 815 2438 et
847 2377 1159 2436 Malachias
1192 2380 1490 2451 prophetae
1534 2377 1677 2434 clari
1724 2376 2030 2432 habentur.

468 2469 646 2544 [4330]
701 2467 909 2526 Darius
953 2461 1135 2523 annos
1159 2466 1386 2535 triginti
1421 2481 1542 2522 sex.
1596 2465 1754 2520 Inter
1801 2464 2034 2519 Darium

392 2565 452 2616 et
484 2557 821 2629 Cambysem
857 2553 1524 2625 regnasseduosl‘ratres
1559 2565 1760 2622 magos
1792 2549 2035 2607 inlibris

395 2648 812 2704 Chronieorum
844 2645 1202 2717 reperimus;
1233 2655 1434 2700 verum
1464 2643 1523 2698 Β.
1560 2641 1945 2712 Hieronymus
1979 2639 2034 2695 in

393 2735 764 2808 expositione
779 2731 1034 2790 Danielis
1056 2733 1288 2802 scribit,
1307 2735 1440 2804 post
1464 2727 1825 2802 Cambyscm,
1853 2729 2038 2784 Smcr-

383 2825 523 2882 'dem
557 2837 786 2893 magum
822 2835 1122 2894 regnasse,
1157 2822 1252 2893 qui
1287 2817 1631 2892 Pantaptem
1665 2817 1839 2874 tiliam
1879 2819 2037 2873 Cam-

392 2902 556 2986 bysis
571 2914 738 2970 duxit
755 2921 1014 2970 Uxorem.
1043 2912 1148 2979 Qui
1173 2925 1304 2967 cum
1328 2925 1358 2965 a
1387 2911 1610 2982 septem
1627 2908 1812 2977 magis
1827 2907 2038 2964 fuisset

381 3004 650 3072 occisus,
679 3005 738 3058 et
763 3002 820 3057 in
859 2995 990 3055 loco
1033 2999 1158 3070 ejus
1201 2999 1410 3054 Darius
1449 2997 1817 3068 suscepisset
1861 2997 2038 3066 impe-

395 3091 772 3162 rium,eadem
803 3081 1088 3160 Pantapte
1112 3087 1312 3158 nupsit
1329 3085 1590 3166 Dario,et
1609 3100 1681 3140 cx
1703 3095 1771 3139 eo
1789 3085 2033 3140 Xerxem

396 3169 574 3234 illium
599 3177 820 3245 genuit.
849 3175 1112 3231 Secundo
1161 3177 1310 3228 'anno
1331 3173 1512 3242 Darii,
1563 3171 2034 3244 septuagesimus

392 3264 760 3337 captivitatis
775 3261 1136 3319 Hierusalem
1151 3257 1717 3332 annusimpletur,ut
1732 3247 2038 3316 vultEuse-

395 3353 550 3423 hius,
574 3350 782 3408 testem
811 3349 1095 3406 adhibens
1127 3340 1459 3406 Zachariam
1491 3347 1856 3420 prophetam,
1883 3345 2037 3418 apud

395 3455 564 3511 quem
597 3437 854 3496 secundo
877 3437 1032 3494 Darii
1054 3453 1202 3494 anno
1221 3436 1485 3507 loquitur
1501 3431 1744 3506 angelus
1767 3455 1778 3491 :
1803 3435 2040 3492 Dom-ine

389 3528 753 3597 exercitum»,
770 3537 1046 3600 aequaeuo
1075 3532 1136 3582 tu
1156 3540 1264 3580 non
1289 3523 1634 3580 misereberis
1662 3520 2034 3592 Hierusalem,

389 3611 441 3674 et
468 3615 692 3672 urbium
736 3615 883 3672 facta
923 3613 1120 3687 quibus
1149 3613 1332 3670 iratus
1352 3611 1446 3669 es?
1466 3611 1580 3669 Isle
1615 3613 2040 3685 regatuagesimzts

388 3709 574 3762 aeneus
595 3711 675 3762 est
725 3703 906 3778 (Ζαοῆ.
957 3719 996 3770 ι,
1049 3703 1159 3774 12).
1213 3693 1387 3759 Sexto
1437 3701 1592 3757 Darii
1640 3699 1788 3757 anno
1835 3700 2037 3774 templi

383 3792 703 3854 'mdiiicatio
727 3781 1074 3866 completur,
1091 3792 1184 3849 die
1210 3791 1380 3848 tertia
1397 3791 1614 3848 mensis
1630 3789 1803 3862 Adar,
1829 3791 1923 3862 qui
1946 3795 2038 3848 est

389 3883 872 3956 quadragesimus
898 3883 1102 3939 sextus
1125 3895 1311 3938 annus
1333 3885 1404 3936 ex
1428 3892 1542 3951 quo
1581 3880 1708 3950 ejus
1729 3875 1857 3936 's‘ub
1891 3882 2036 3951 Cyro

387 3971 586 4043 templi
625 3969 996 4027 fundamenta
1044 3973 1181 4024 sunt
1220 3969 1417 4040 jacta;
1453 3967 1603 4024 unde
1634 3968 1692 4023 in
1723 3966 2036 4036 Evangelio

389 4057 592 4114 dicunt
629 4053 813 4113 ιιι(ιέθί
841 4075 853 4110 :
913 4055 1296 4125 Quadraginta
1323 4059 1374 4110 et
1402 4068 1500 4110 sea:
1525 4055 1692 4110 arietis
1711 4053 2040 4126 aediﬁcatum

387 4151 468 4201 est
501 4141 754 4214 templum
783 4142 880 4198 hoc
901 4142 1092 4214 (Joan.
1135 4151 1195 4211 il,
1223 4143 1334 4214 2ο).
1363 4145 1674 4214 Coeperunt
1697 4137 1888 4198 autem
1908 4141 2042 4200 aedi-

383 4223 566 4286 ilcare
589 4234 738 4284 anno
755 4229 1012 4286 secundo
1027 4229 1206 4300 Darii,
1229 4244 1426 4286 mense
1441 4231 1630 4301 sexto,
1647 4229 2034 4300 dievigesima

389 4321 594 4390 quarta
618 4334 632 4384 ;
655 4320 713 4374 et
737 4319 886 4372 anno
911 4323 1100 4389 sexto,
1127 4322 1190 4374 ut
1215 4317 1434 4374 dictum
1457 4323 1570 4390 est,
1588 4319 1648 4378 et
1669 4331 1866 4378 mense
1897 4307 2037 4375 duo-

389 4395 817 4476 decimo,tertia
833 4403 1488 4478 die‘complever‘unt,Ex
1503 4417 1616 4478 quo
1630 4421 1659 4463 a
1668 4404 1872 4480 pparet
1887 4419 2033 4479 opus

389 4491 586 4564 templi
613 4493 669 4550 'et
694 4497 862 4551 antea
895 4502 1008 4552 non
1034 4501 1207 4568 parva
1232 4507 1302 4552 ex
1327 4497 1492 4568 parte
1518 4499 1818 4568 peractum
1850 4509 2034 4553 annos

386 4582 580 4640 autem
609 4581 979 4657 septuaginta
1013 4587 1042 4640 a
1082 4582 1486 4640 destructione
1514 4575 1673 4640 illius
1713 4585 1898 4656 usque
1953 4581 2024 4642 “ad

385 4673 703 4746 perfectam
719 4669 1087 4730 restaurandi
1113 4671 1554 4730 licenti'atnesse
1575 4674 2020 4745 computandos.

455 4755 650 4818 Pulsis
674 4753 818 4818 urbe
841 4750 1098 4832 regibus,
1133 4762 1229 4832 qui
1264 4761 1694 4835 imperavera‘ut
1725 4761 1892 4819 annis
1923 4759 2024 4819 du-

383 4849 574 4908 centis
607 4849 991 4923 quadraginta
1015 4848 1288 4923 quatuor,
1313 4851 1410 4908 vix
1433 4865 1616 4922 usque
1638 4851 1709 4907 ad
1751 4847 2024 4908 duodeci-

385 4953 536 4996 mum
559 4937 810 5013 lapidem
832 4933 1010 4994 Roma
1035 4939 1272 4996 tenebat
1293 4939 1622 5012 imperium.
1653 4941 1848 4996 Romae
1889 4940 2022 5012 post

385 5033 624 5085 exactos
649 5043 816 5108 reges
843 5027 1089 5100 primum
1112 5028 1387 5086 consules
1411 5043 1438 5084 a
1466 5031 1644 5085 Bruto
1666 5043 1800 5086 esse
1835 5036 2022 5104 coepe-

388 5113 520 5194 runt
543 5130 558 5176 ;
579 5114 788 5194 deinde
804 5114 1022 5176 tribuni
1052 5115 1240 5190 plebis
1261 5131 1330 5174 ac
1353 5115 1694 5190 dictatores,
1711 5122 1770 5174 et
1789 5130 2020 5174 rursum

385 5189 660 5256 consules
684 5215 912 5280 semper
933 5189 1336 5276 obtinuerunt,
1363 5221 1466 5278 per
1485 5219 1668 5262 annos
1692 5207 1870 5264 ferme
1893 5221 2023 5278 qua-

386 5283 731 5353 dringentos
755 5299 1054 5367 sexaginta
1079 5301 1334 5369 quatuor
1355 5309 1540 5366 usque
1561 5290 1632 5352 ad
1652 5294 1866 5354 Julium
1907 5298 2022 5353 Ca3-

389 5385 600 5444 sarem,
645 5375 739 5445 qui
791 5381 1007 5446 primus
1050 5385 1348 5456 singulare
1393 5385 1645 5456 arripuit
1690 5385 2018 5458 imperium,

388 5460 728 5534 Olympiade
757 5468 1070 5526 centesima
1098 5475 1456 5545 octogesima
1488 5477 1714 5545 quarta,

469 5549 647 5624 [4360]
698 5551 936 5624 Xerxes,
985 5549 1138 5616 ﬁlius
1193 5565 1370 5636 Darii,
1424 5563 1590 5624 annis
1636 5562 1864 5636 Viginti.
1917 5562 2019 5625 mc

2145 1842 2217 1898 ab
2250 1840 2532 1897 uxoribus
2562 1839 2925 1909 alienigenis.
2967 1839 3238 1911 Ejusdem
3286 1855 3437 1898 anno
3482 1841 3790 1914 vicesimo,

2149 1929 2414 1985 Neemias
2431 1928 2703 2000 pincerna
2719 1928 2788 1984 de
2803 1928 2967 1984 Susis
2984 1932 3182 1984 castro
3197 1929 3534 2000 adveniens,
3561 1945 3790 1987 murum

2142 2015 2464 2074 Jerusalem
2489 2015 2911 2088 quinquaginta
2935 2004 3166 2074 duobus
3189 2016 3397 2074 diebus
3421 2011 3706 2090 restituit,
3729 2023 3794 2076 et

2147 2105 2420 2162 ducatum
2451 2104 2609 2174 genti
2644 2103 2950 2160 duodecim
2983 2104 3150 2160 anuis
3185 2105 3455 2177 praebuit.

2217 2191 2722 2263 Hujusquedivina
2739 2192 3040 2263 Scriptura
3064 2195 3391 2264 temporum
3417 2195 3626 2252 seriem
3659 2209 3796 2252 con-

2146 2282 2313 2338 tinet.
2332 2281 2468 2348 Qua:
2483 2293 2621 2336 vero
2637 2279 2898 2350 posthaec
2924 2279 3077 2351 apud
3107 2280 3340 2338 Iudaeos
3364 2284 3793 2354 suntgesta,de

2149 2369 2318 2426 libris
2361 2369 2840 2439 Machabmorum,
2891 2369 2952 2424 et
2997 2370 3256 2442 Iosephi,
3307 2375 3482 2442 atque
3531 2374 3790 2430 Africani

2151 2457 2394 2529 scriptis
2417 2457 2788 2527 exhibentur,
2815 2456 2909 2528 qui
2935 2456 3212 2530 deinceps
3242 2459 3573 2516 universam
3607 2459 3795 2519 histe-

2149 2545 2293 2601 riam
2319 2559 2504 2616 usque
2527 2545 2599 2601 ad
2625 2545 2880 2602 Romana
2912 2549 3173 2618 tempera
3207 2540 3500 2618 persecuti
3531 2553 3686 2608 sunt;
3720 2551 3794 2607 Et

2149 2633 2381 2705 quidem
2415 2633 2724 2690 Africanus
2755 2633 2813 2690 in
2845 2635 3050 2704 quinto
3088 2635 3429 2706 Temporum
3473 2627 3792 2710 volumine,

2147 2720 2324 2793 hujus
2345 2722 2630 2793 temporis
2664 2721 2742 2778 ita
2776 2723 3074 2790 meminit;
3106 2721 3324 2780 mansit
3351 2724 3550 2796 itaque
3579 2725 3797 2798 imper-

2149 2809 2365 2868 feetum
2389 2813 2538 2881 opus
2562 2821 2748 2881 usque
2769 2809 2840 2866 ad
2863 2810 3600 2882 Neemiam,etvige91mum
3624 2815 3796 2884 quin-

2148 2901 2271 2957 tum
2311 2904 2520 2954 annum
2553 2897 2710 2967 regis
2744 2898 3105 2956 Artaiierxis:
3156 2899 3281 2966 Quo
3325 2903 3586 2972 tempore
3627 2905 3790 2972 regni

2135 2988 2734 3056 ‘Persarum,centum
2767 2985 3180 3056 etqulndecim
3227 2987 3361 3044 anni
3401 2988 3629 3046 fuerant
3657 3003 3796 3046 evo-

2149 3073 2256 3130 luti
2267 3117 2278 3130 .
2309 3077 2379 3129 Ca
2389 3071 2683 3140 ptivitatis
2696 3075 2888 3130 autem
2909 3073 3230 3130 Jerusalem
3254 3077 3613 3134 centesimus
3631 3078 3794 3148 quin-

2144 3163 2526 3234 quagesimus
2551 3165 2610 3217 et
2633 3162 2874 3233 quintus
2896 3175 3083 3220 annus
3105 3169 3234 3222 erat
3261 3183 3276 3232 ;
3300 3167 3361 3222 et
3383 3167 3520 3223 tunc
3543 3167 3793 3240 primum

2149 3251 2506 3308 Artaxerxes
2541 3250 2722 3322 jussit
2759 3262 2958 3308 muros
2997 3253 3189 3309 extrui
3229 3253 3584 3322 Jerusalem;
3624 3257 3792 3329 aperi

2147 3339 2384 3412 praefuit
2406 3339 2692 3409 Neemias,
2715 3341 2776 3396 et
2795 3339 3080 3396 aedificata
3103 3345 3196 3398 est
3215 3341 3501 3414 platea,et
3515 3344 3662 3400 muri
3685 3345 3796 3401 cir-

2137 3426 2405 3486 cumdati
2427 3427 2992 3501 ;etexillotempore
3005 3429 3052 3486 si
3069 3441 3378 3488 numerare
3401 3430 3570 3504 velis,
3595 3437 3795 3505 septu-

2150 3515 2346 3586 aginta
2363 3528 2643 3574 annorum
2667 3516 3063 3575 hebdomadas
3087 3525 3272 3599 usque
3289 3519 3363 3576 ad
3385 3513 3679 3579 Christum
3699 3529 3797 3595 po-
3877 3589 3895 3599 _

2143 3605 2297 3662 teris
2317 3605 2836 3662 invenlre.Xerxes
2859 3617 3088 3664 menses
3107 3596 3278 3679 duos,
3313 3613 3622 3680 postquam
3655 3612 3796 3681 Sog-

2151 3693 2606 3750 dianusmenses
2621 3697 2864 3766 septem.
2883 3695 3270 3767 Hippocrates
3303 3697 3566 3755 medicus
3593 3695 3794 3756 clarus

2150 3779 2420 3852 habetur,
2465 3787 2524 3838 et
2553 3783 2922 3840 Democritus
2953 3783 3312 3853 agnoscitur.
3351 3785 3474 3852 Quo
3528 3787 3795 3858 tempore

2150 3870 2294 3926 Galli
2343 3872 2600 3928 Senones
2649 3874 2709 3928 et
2757 3871 3137 3943 Viennenses,
3180 3873 3380 3930 Martis
3419 3877 3479 3930 et
3515 3874 3796 3932 Victoria:

2149 3959 2427 4031 templum
2471 3959 2542 4017 ad
2583 3959 2865 4016 orientem
2906 3960 3070 4017 urbis
3118 3959 3352 4020 Viennael
3397 3962 3792 4020 constituunt.

2224 4048 2404 4120 [4428]
2431 4047 2638 4105 Darius
2659 4053 3051 4118 cognomento
3077 4049 3324 4122 Nothus,
3363 4051 3532 4108 annis
3579 4051 3793 4120 viginti

2147 4140 2206 4194 et
2229 4141 2384 4192 octo.
2405 4137 2686 4208 Egyptus
2711 4137 2962 4193 recessit
2983 4151 3012 4192 a
3035 4138 3254 4195 Persis.
3281 4139 3556 4196 Reversis
3580 4139 3651 4196 de
3663 4148 3799 4212 cap-

2149 4223 2381 4282 tivitate
2401 4225 2640 4297 Iudaeis,
2664 4234 2778 4281 non
2817 4232 3008 4296 reges,
3053 4227 3156 4282 sed
3197 4227 3507 4299 pontiﬁces
3549 4228 3797 4300 praefue-

2148 4317 2284 4370 runt
2305 4323 2489 4384 usque
2510 4313 2582 4369 ad
2603 4312 3028 4380 Aristobulum,
3045 4315 3287 4386 quicum
3305 4315 3590 4386 dignitate
3610 4315 3797 4388 ponti-

2135 4399 2282 4458 ‘llci‘s
2304 4393 2479 4458 etiam
2503 4401 2698 4472 regale
2719 4402 2834 4460 sibi
2874 4403 3056 4476 coepit
3093 4405 3380 4476 usurpare
3417 4404 3790 4464 vocabulum.

2137 4488 2319 4547 'Pl'ato
2349 4491 2633 4549 nascitur.

2213 4567 2392 4653 [4448]
2424 4581 2777 4638 Artaxerxes
2800 4579 2897 4653 qui
2919 4582 3370 4651 cognominatus
3394 4580 3787 4654 estnnamon;

2135 4669 2290 4726 Darii
2341 4675 2401 4727 et
2441 4670 2729 4728 Parisatis‘
2783 4668 2939 4726 illius
2979 4671 3148 4726 anuis
3208 4669 3614 4742 quadraginta.
3671 4667 3791 4728 sub

2135 4758 2246 4815 hoc
2297 4761 2432 4830 rege
2474 4755 2710 4816 Videtur
2747 4757 2998 4814 histeria
3039 4758 3252 4816 Esther
3292 4759 3616 4832 cempleta:
3659 4759 3790 4832 ipse

2135 4848 2351 4920 quippe
2365 4852 2458 4903 est
2475 4845 2569 4920 qiii
2589 4845 2660 4902 an
2676 4836 2938 4905 Hebrteis
2957 4847 3251 4906 Assuerus
3271 4853 3301 4904 a
3329 4848 3704 4920 septuaginta
3728 4848 3787 4907 in

2135 4935 2498 5018 terpretibus
2532 4933 2888 5018 artaxerxes
2915 4939 3180 4996 'voeat'ur.
3228 4937 3624 4994 Athenienses
3650 4941 3792 5010 qua-

2129 5015 2563 5094 tuoretviginti
2595 5022 2828 5082 litteras
2855 5015 3071 5084 habere
3101 5027 3438 5098 coeperunt;
3469 5027 3603 5084 aute
3633 5025 3788 5084 enim

2133 5109 2359 5172 tantum
2377 5110 2670 5171 sexdecim
2686 5111 3150 5172 habebant.Gaili
3170 5115 3605 5186 Senones,duc'e
3619 5115 3791 5173 Bren-

2132 5209 2228 5274 no,
2253 5201 2517 5260 exercitu
2531 5201 2774 5274 cepioso
2805 5201 3044 5260 Romam
3075 5196 3378 5283 invadunt,
3403 5202 3463 5260 et
3487 5203 3786 5262 incensam

2133 5293 2237 5350 Sex
2269 5291 2569 5349 mensibus
2600 5290 2999 5350 vastaverunt.
3041 5291 3782 5366 universamjuventutem,

2133 5395 2303 5453 quam
2319 5381 2554 5438 constat
2567 5381 2667 5438 vix
2679 5378 2837 5438 mille
2851 5380 3146 5439 hominum
3179 5387 3316 5439 tunc
3332 5382 3537 5454 fuisse,
3575 5381 3631 5438 In
3648 5389 3785 5439 arce

2133 5471 2442 5549 Capitolini
2461 5473 2698 5545 montis,
2716 5471 3045 5529 latitantem
3059 5470 3370 5531 obsidione
3383 5471 3742 5530 concludunt
3765 5487 3783 5539 ;

2129 5559 2608 5634 ibiqueinfelices
2627 5557 2908 5636 reliquias
2941 5559 3110 5634 fame,
3133 5563 3320 5634 peste,
3342 5559 3777 5634 desperatione,
