4078 6180
368 329 438 383 ιςδ
1421 299 1478 356 S.
1521 292 1780 356 ADONIS
1821 285 2261 348 ARCHIEPISC.
2303 281 2719 345 VIENNENSIS
2933 282 2948 298 '
3705 280 3776 334 56

367 448 571 519 juncto
605 437 715 496 sibi
739 431 1139 492 Thebanorum
1162 421 1412 519 auxilio,
1447 419 1662 519 amissa
1686 418 1841 518 furto
1863 390 2019 519 bello
2047 417 2104 480 Α
2135 407 2419 519 subdidit.
2451 406 2785 519 Philippus“
2800 404 3012 519 fratres
3051 415 3208 519 saga.
3233 399 3491 519 pati-Lex
3519 413 3776 519 pover‘ca

376 488 1106 604 repetunt-.mA—i'chedainus
1145 515 1263 570 dux
1310 488 1900 572 Laccdzeinoniornm,
1940 501 2020 556 ibi
2129 499 2364 569 genitos
2397 494 2728 553 interﬁcere
2758 506 3096 564 aggressus,
3121 488 3421 545 Oliuthum
3447 488 3651 544 urbem
3676 489 3781 544 ﬁo-

1506 597 1542 604 ..
1644 595 1654 604 .
1856 592 1883 604 n
2150 583 2523 604 ,-4.:__2___.._--
2588 581 2864 604 -..μηηξκη
2900 579 3118 604 ..Α-,ΙΛιη
3181 577 3390 604 Αηζιυιη
3424 577 3760 604 ιιηηηεηέιιηη

373 592 732 679 vulneratur.
778 606 1030 666 Thebani
1081 605 1218 660 dato
1269 597 1544 672 parcendi
1609 595 1798 665 signo,
1852 592 2022 679 ﬁnem

375 677 589 764 dedere
617 695 944 758 certamini.
977 689 1251 760 Thebani,
1281 681 1739 766 Lacedgemoniis
1789 679 1860 735 ad
1911 677 2023 734 alia

375 794 527 851 bella
549 785 874 854 conversis,
890 782 1072 838 tacito
1095 779 1445 848 intempesta
1470 777 1643 828 nocte
1663 767 2026 854 Lacedzeinof

378 897 507 938 nem
537 877 810 941 veniunt;
844 853 1204 944 prrecognito
1237 864 1491 920 adventu
1515 858 1794 928 hostium,
1817 853 2026 910 armati

381 982 574 1038 senes,
627 978 750 1021 :evo
799 942 1075 1026 confecti,
1125 955 1414 1010 adversus
1465 946 1798 1020 quindecim
1847 942 2028 998 millia

382 1035 653 1122 militum,
684 1051 780 1108 vix
809 1051 1040 1104 centum
1066 1043 1330 1100 homines
1365 1039 1418 1094 in
1456 1037 1603 1109 ipsis
1635 1049 1698 1091 se
1729 1035 2030 1106 portarum

383 1120 678 1212 angustiis
708 1137 997 1206 objecerc.
1035 1128 1490 1202 Supervienente
1527 1124 1833 1212 iuventute
1864 1120 2034 1212 Lace-

386 1205 826 1292 daemoniorum,
888 1223 1094 1292 aperto
1153 1214 1378 1288 prmlio,
1423 1207 1852 1284 Epaminondas
1916 1205 2035 1261 dux

383 1316 806 1380 Thebanorum,
842 1305 1136 1364 incautius
1168 1301 1476 1369 dimicans,
1507 1295 2032 1380 vulneratur.7Cum

388 1403 460 1460 de
473 1399 720 1459 victoria
737 1379 975 1453 suorum
989 1389 1638 1462 comperisset,scutum
1654 1379 2035 1440 exosculatus

391 1492 611 1546 remota
635 1499 804 1542 manu
828 1495 938 1552 qua
970 1479 1181 1537 vulnus
1203 1474 1556 1540 occluserat,
1583 1483 1885 1542 egressum
1908 1481 2039 1523 san-

389 1577 608 1646 guinis,
631 1588 698 1630 ac
721 1570 929 1628 mortis
961 1565 1238 1640 patefecit
1269 1561 1593 1620 introitum.
1626 1561 1839 1646 lterum
1867 1554 2038 1646 terrif

393 1641 531 1722 bilis
553 1641 846 1717 Gallorum
871 1654 1176 1713 inundatio
1193 1652 1358 1723 juxta
1392 1649 1664 1705 Anienem
1696 1641 1956 1712 ﬂuvium,
1979 1645 2040 1697 et

2134 583 2550 653 rentissimam,
2586 581 2866 651 sanguine
2900 579 3145 651 repleta,
3179 577 3392 650 Opibus
3424 577 3783 633 hominibus-

2135 689 2248 748 que
2269 671 2636 740 vacuavit,ct
2659 670 2997 726 abstractos
3012 667 3145 724 inde
3165 667 3384 722 fratres
3403 664 3698 736 supplicio
3719 669 3783 720 et

2135 763 2264 820 neci
2295 760 2477 818 dedit.
2505 758 2747 816 Auraria
2771 756 2903 812 loco
2929 757 2984 812 in
3007 755 3304 812 Thessalia
3333 759 3394 810 et
3417 753 3641 822 argenti
3669 767 3782 808 me-

2138 850 2279 908 talla
2313 849 2371 904 in
2400 847 2641 903 Thracia
2671 845 2907 902 invasit.
2933 842 3240 914 Philippus
3271 841 3579 910 angustias
3609 841 3788 897 Ther-

2138 935 2498 1009 mOpylarum
2517 933 2828 990 instructis
2841 931 3032 1004 copiis
3047 930 3394 1000 ingreditur,
3407 942 3627 1000 easque
3642 944 3790 1000 prae-

2139 1025 2310 1082 sidiis
2333 1022 2576 1092 emunit,
2611 1021 3021 1090 Athenienses,
3046 1019 3400 1089 Phocenses,
3417 1021 3594 1088 atque
3614 1019 3791 1073 Thes-

2140 1111 2300 1170 salos
2315 1109 2673 1183 perdomuit.
2691 1109 3029 1182 Byzantium
3045 1121 3073 1162 a
3089 1107 3375 1164 Pausania
3399 1120 3538 1175 rege
3555 1107 3793 1176 Sparta-

2140 1214 2346 1257 norum
2378 1198 2696 1270 conditam,
2735 1197 3045 1254 obsidione
3074 1195 3278 1252 cinxit.
3316 1193 3650 1266 Scythicum
3672 1193 3796 1249 bel-

2142 1288 2260 1346 lum
2293 1287 2438 1344 totis
2464 1287 2692 1344 viribus
2723 1285 3082 1356 aggreditur.
3108 1283 3323 1354 Viginti
3368 1281 3550 1338 millia
3583 1295 3796 1354 puero-

2145 1389 2271 1434 rum
2294 1389 2362 1432 ac
2386 1375 2747 1431 foeminarum
2769 1373 3057 1446 Scythicae
3078 1371 3274 1443 gentis
3295 1375 3487 1442 capta.
3507 1371 3796 1426 Pccorum

2145 1477 2346 1534 magna
2381 1462 2548 1534 cepia
2585 1461 2858 1532 abducta,
2882 1461 3008 1519 auri
3041 1459 3388 1530 argentique
3417 1457 3565 1514 nihil
3599 1471 3800 1530 reper-

2147 1550 2291 1608 tumi
2306 1549 2523 1619 Viginti
2541 1549 2721 1605 millia
2736 1549 3018 1606 nobilium
3031 1562 3316 1620 equorum
3333 1545 3685 1604 sufﬁciendo
3697 1559 3802 1616 ge-

2145 1637 2270 1696 neri
2287 1637 2678 1695 Macedoniam
2693 1636 3048 1694 missi.Bello
3058 1635 3371 1692 Triballico
3392 1635 3474 1691 ita
3487 1633 3800 1707 Philippus

394 1754 665 1822 quartum
707 1747 777 1803 ab
819 1745 962 1802 urbe
993 1741 1244 1813 lapidem
1275 1735 1564 1828 consedit.
1597 1727 2040 1828 Ubiatrocissi-
2067 1765 2123 1828 Β
2154 1727 2211 1826 in
2232 1727 2452 1828 femore
2480 1725 2824 1784 vulneratus
2863 1730 2954 1783 est
2979 1730 3045 1783 ut
3067 1739 3172 1798 per
3201 1738 3420 1796 corpus
3451 1723 3581 1795 ejus
3609 1737 3802 1794 equus

396 1816 544 1895 mam
591 1848 840 1909 pugnam
889 1829 1133 1888 Manlius
1170 1829 1500 1896 Torquatus
1526 1819 1920 1894 {singulariter
1959 1816 2042 1872 in-

395 1907 651 1984 choavit.
683 1923 847 1978 Titus
877 1918 1128 1986 Quintus
1169 1914 1428 1970 dictator
1457 1907 1869 1967 cruentissima
1909 1918 2046 1961 con-

396 2012 704 2082 gressione
725 2007 1001 2066 confecit.
1026 2006 1242 2061 Iterum
1264 2001 1321 2056 in
1346 1997 1560 2056 bellum
1586 2000 1822 2054 ruentes
1845 1991 1988 2049 Galli
2013 2005 2044 2046 a

400 2101 536 2157 Caio
579 2097 830 2169 Sulpitio
878 2095 1170 2150 dictatore
1217 2087 1476 2160 superati
1528 2089 1684 2142 sunt.
1727 2085 1942 2139 lterum
1982 2093 2047 2135 se

400 2187 546 2243 Galli
596 2199 700 2258 per
748 2181 1038 2240 maritima
1092 2178 1220 2234 loca
1269 2173 1649 2242 diffuderunt,
1698 2175 1759 2226 et
1787 2183 1818 2224 a
1856 2170 2046 2258 Marco

399 2257 631 2332 Valerio
665 2271 914 2328 Corvino
945 2267 1145 2325 occiso
1171 2267 1557 2338 provocatore
1587 2258 1750 2316 Gallo
1790 2257 2049 2328 graviter

403 2360 682 2419 trucidati
738 2362 894 2415 sunt.
945 2359 1323 2422 Artaxerxes,
1385 2351 1480 2421 qui
1531 2354 1592 2405 et
1639 2347 1856 2415 Ochus,
1915 2347 2051 2417 post

404 2451 766 2506 transactum
815 2445 873 2500 in
916 2442 1165 2515 Egypto
1222 2438 1534 2496 maximum
1593 2435 2051 2503 diuturnumque

404 2536 643 2605 bellum,
659 2532 944 2607 plurimos
963 2531 1198 2588 Iudaeos
1221 2528 1277 2584 in
1301 2521 1875 2594 transmigrationem
1905 2521 2048 2590 egit,

404 2629 581 2695 atque
612 2623 671 2678 in
703 2619 972 2688 Hircania
1004 2617 1076 2674 ad
1110 2615 1381 2688 Caspium
1413 2626 1571 2668 mare
1601 2609 1869 2667 habitare
1909 2623 2052 2681 pra:-

403 2711 582 2783 cepit.
609 2709 785 2780 Cujus
815 2707 990 2763 etaim
1025 2703 1159 2761 belli
1195 2705 1547 2774 tempestate
1568 2704 1968 2766 transurrens,
1993 2699 2053 2752 et

408 2798 687 2856 Sillodam
717 2792 1222 2868 opulentissimam
1259 2788 1566 2846 Phoenices
1605 2784 1920 2859 provinciae
1960 2797 2054 2840 ur-

410 2887 538 2943 bem
553 2884 792 2952 delevit,
807 2881 1184 2953 etIEgyptum
1199 2877 1465 2950 quamvis
1495 2875 1660 2949 prius
1679 2871 2052 2945 victus,jtunc

409 2980 603 3031 tamen
635 2973 938 3036 subactam
971 2967 1502 3036 comminutamque
1534 2963 1710 3034 ferro,
1741 2964 2052 3018 Persarum

406 3061 661 3132 subjecit
692 3057 956 3130 imperio.
990 3054 1411 3111 Demosthenes
1450 3056 1654 3108 orator
1685 3048 2050 3120 agnoscitur.

412 3108 1579 3216 Aristotelesphilosophuspraedicatur.
1595 3108 1762 3194 Plato
1786 3135 2054 3192 moritur.
2089 3108 2140 3172 Ο

489 3232 669 3306 [4512]
705 3235 907 3298 Arses,
950 3227 1090 3284 Ochi
1126 3225 1302 3296 ﬁlius,
1337 3239 1522 3281 annos
1556 3229 1698 3282 tres.
1732 3223 2064 3280 Iudaeorum

416 3321 679 3395 pontifex
701 3317 987 3375 maximus
1006 3315 1228 3371 Jaddns
1249 3312 1447 3371 clarus
1469 3312 1740 3382 habetur,
1764 3311 1933 3382 cujus
1957 3310 2068 3366 fra-

414 3415 506 3466 ter
527 3410 824 3464 Manasses
857 3402 1134 3476 templum
1159 3403 1215 3458 in
1248 3404 1444 3458 monte
1473 3400 1723 3456 Garizim
1755 3397 2062 3456 constiuit.

415 3495 778 3569 Speusippus
795 3492 1068 3563 moritur,
1091 3490 1183 3548 cui
1211 3489 1480 3554 succedit
1495 3487 1951 3558 Xenocrates.§ln
1973 3485 2066 3541 his

416 3584 625 3642 diebus
640 3579 966 3638 Alexander
979 3593 1242 3649 magnus,
1257 3577 1669 3634 atrocissimus
1685 3575 1857 3632 turbo
1883 3573 1988 3630 toti
1999 3588 2066 3630 us

417 3671 686 3740 orientis,
719 3667 1004 3726 nascitur.
1047 3669 1210 3733 Anno
1249 3665 1321 3722 ab
1363 3665 1507 3722 urbe
1551 3663 1791 3720 condita
1822 3662 2070 3734 quadra-

418 3758 744 3829 gentesimo
794 3755 1075 3826 secundo,
1135 3753 1464 3811 Alexander
1523 3766 1624 3809 rex
1672 3751 2065 3824 Epirotarum,

420 3845 732 3904 Alexandri
775 3843 964 3914 magni
1026 3841 1371 3914 avunculus,
1423 3841 1690 3912 trajectis
1740 3839 1798 3895 in
1843 3837 2067 3896 Italiam

419 3935 610 4007 copiis
628 3933 879 3989 maxime
899 3931 1054 3988 bello
1074 3931 1133 3986 in
1153 3931 1402 3988 Lucania
1420 3930 1616 3987 victus
1635 3933 1810 4000 atque
1835 3927 2069 3984 occisus

421 4027 534 4078 est.
570 4025 732 4077 Anno
763 4020 834 4076 ab
867 4019 1012 4074 urbe
1041 4018 1274 4074 condita
1315 4015 1912 4085 quadringentesimo,
1942 4012 2073 4069 Phl-

423 4107 620 4178 lippus
660 4105 962 4176 Amynthae
1003 4103 1180 4174 ﬁlius,
1238 4102 1549 4159 Alexandri
1600 4106 1788 4172 pater,
1832 4115 2071 4170 regnum

424 4192 800 4252 Macedonum
832 4191 1102 4263 adeptus,
1127 4189 1332 4259 viginti
1355 4188 1610 4260 quinque
1633 4188 1800 4245 annis
1833 4188 2020 4244 tenuit
2053 4206 2068 4244 :

427 4280 642 4352 quibus
663 4280 772 4338 hos
794 4291 996 4335 omnes
1017 4278 1404 4334 acerbitatum
1430 4291 1696 4347 acervos,
1712 4281 2074 4346 cunctasque

427 4367 710 4426 malorum
733 4366 917 4422 moles
931 4367 1170 4423 struxit.
1190 4365 1293 4423 Hic
1317 4365 1493 4423 obses
1519 4365 1767 4438 primum
1787 4365 2074 4422 Thebanis

2153 1813 2606 1872 interﬁceretur.
2633 1815 2738 1872 Hic
2767 1814 3138 1887 postmodum
3161 1813 3256 1870 die
3277 1813 3614 1885 nuptiarum
3636 1811 3804 1868 Cleo-

2153 1908 2336 1975 patrie
2355 1901 2488 1966 ﬁliae
2515 1917 2658 1973 suae,
2682 1917 2814 1960 cum
2837 1903 2992 1960 inter
3023 1903 3172 1959 duos
3204 1900 3589 1969 Alexandros,
3617 1899 3802 1955 ﬁlium

2151 2004 2567 2062 generumque,
2593 1990 2996 2062 contenderet,
3031 2005 3062 2046 a
3093 1988 3381 2047 Pausania
3413 1987 3598 2044 nobili
3619 1989 3806 2044 Mace-

2156 2076 2370 2133 donum
2393 2076 2770 2136 adolescente
2796 2079 2853 2134 in
2876 2078 3169 2148 angustiis
3183 2077 3310 2134 sine
3323 2075 3558 2134 custodi
3569 2075 3676 2132 bus
3689 2075 3807 2131 cir-

2156 2169 2504 2222 cumventus
2525 2167 2838 2247 occiditur.
2864 2165 3102 2223 Romani
3127 2165 3343 2222 bellum
3367 2164 3591 2221 Latinis
3615 2162 3807 2220 rebel-

2158 2249 2420 2310 lantibus
2442 2252 2788 2324 intulerunt,
2811 2253 3020 2310 Manlio
3043 2255 3335 2324 Torquato
3358 2257 3418 2310 et
3446 2252 3624 2308 Decio
3645 2253 3807 2308 Mure

2157 2352 2314 2396 cess.
2350 2340 2408 2395 in
2439 2355 2553 2412 quo
2587 2341 2740 2400 bello
2771 2342 2983 2400 Decius
3011 2341 3289 2399 occubuit
3315 2358 3330 2409 ;
3354 2339 3600 2398 Manlius
3623 2339 3807 2396 ﬁlium

2161 2440 2330 2484 suum
2381 2427 2652 2498 juvenem
2711 2431 2996 2488 victorem
3051 2429 3290 2486 occidit.
3353 2427 3592 2487 Minutia
3637 2429 3808 2498 virgo

2158 2513 2414 2572 Vestalis
2465 2517 2542 2573 ob
2577 2518 2898 2576 admissum
2947 2519 3260 2589 incestum,
3324 2517 3454 2574 viva
3503 2517 3716 2573 obruta
3749 2517 3810 2571 in

2159 2615 2365 2675 campo
2396 2605 2494 2675 qui
2527 2620 2679 2664 nunc
2706 2606 3043 2664 Sceleratus
3066 2610 3330 2664 vocatur.
3354 2607 3651 2663 Trecenta:
3679 2619 3813 2676 scp-

2161 2690 2426 2761 tuaginta
2450 2699 2729 2754 matronae
2751 2695 3058 2766 damnatae,
3075 2710 3203 2767 quae
3225 2694 3568 2767 propinasse
3586 2707 3812 2752 venena

2160 2777 2307 2834 viris
2339 2781 2464 2839 suis
2494 2787 2556 2840 et
2584 2783 2833 2842 sceleris
2863 2783 3120 2842 consciae
3152 2787 3402 2855 repertae
3433 2785 3590 2840 sunt.

2237 2867 2418 2941 [4525]
2452 2871 2682 2942 Darius,
2716 2871 2944 2930 Arsami
2976 2871 3154 2942 ﬁlius,
3185 2871 3352 2927 annis
3385 2884 3522 2936 sex;
3565 2869 3815 2927 Alexan-

2164 2953 2270 3010 der
2296 2957 2548 3032 Philippi
2581 2965 2643 3016 et
2673 2959 3033 3032 Olympiadis
3062 2959 3217 3016 ﬁlius
3248 2959 3455 3028 viginti
3491 2957 3684 3015 aetatis
3715 2971 3819 3014 an-

2164 3055 2274 3099 nos
2307 3059 2540 3117 gerens,
2561 3048 2975 3104 Macedonibus
2995 3061 3239 3118 regnare
3264 3047 3464 3120 coepit.
3501 3045 3677 3103 Fabio
3697 3060 3819 3102 ma-

2169 3129 2362 3198 gistro
2406 3134 2665 3205 equitum
2703 3137 3092 3192 Romanorum
3138 3151 3387 3208 pugnam
3429 3140 3802 3206 conserente,

2173 3220 2382 3289 viginti
2441 3222 2620 3279 millia
2679 3225 2997 3282 Samnitum
3055 3225 3416 3282 ceciderunt.
3467 3223 3710 3282 Veturio
3755 3229 3821 3280 et

2174 3308 2519 3366 Posthumio
2565 3311 2933 3384 consulibus,
2979 3312 3132 3384 apud
3193 3312 3482 3370 Caudinas
3531 3311 3815 3381 furculas,

2176 3396 2464 3456 Samnites
2489 3399 2740 3457 victoria
2774 3401 2968 3472 potiti,
2989 3401 3327 3458 universum
3360 3401 3685 3459 exercitum
3707 3401 3820 3456 Ro-

2177 3499 2476 3544 manorum
2507 3488 2762 3560 turpiter
2786 3493 3042 3562 captum,
3077 3489 3257 3547 armis
3287 3489 3465 3547 etiam
3506 3489 3821 3558 vestimen-

2179 3573 2374 3646 tisque
2417 3577 2696 3634 nudatum
2743 3579 2854 3635 sub
2898 3579 3100 3650 jugum
3159 3577 3470 3650 miserunt,
3518 3578 3819 3636 sexcentis

2177 3663 2478 3734 equitibus
2507 3664 2782 3723 Romanis
2814 3665 2872 3722 in
2902 3665 3235 3724 obsidatum
3269 3665 3546 3738 receptis.
3581 3665 3819 3737 Papirio

2177 3750 2440 3822 consule,
2474 3753 2762 3812 Samnites
2791 3753 2934 3812 victi
2967 3758 3123 3812 sunt.
3158 3755 3320 3812 Hunc
3336 3753 3632 3827 Papirium
3664 3752 3822 3809 inter

2179 3843 2430 3896 caeteros
2460 3839 2642 3897 duces
2674 3845 2812 3900 tunc
2843 3841 2901 3899 in
2930 3840 3250 3913 Republica
3271 3855 3376 3899 sua
3395 3841 3674 3914 optimos,
3707 3841 3824 3896 Ro-

2181 3926 2331 3982 mani
2351 3925 2714 4000 delegerunt,
2730 3929 2828 4002 qui
2844 3928 3156 3987 Alexandri
3174 3929 3453 4002 impetum
3472 3929 3818 3987 sustineret.

2178 4015 2598 4074 Demosthenes
2627 4022 2830 4073 orator
2856 4030 3000 4074 auro
3021 4019 3330 4074 Persarum
3375 4023 3713 4090 corruptus,
3755 4022 3826 4074 ut

2183 4101 2364 4158 δι’ωοὶ
2415 4103 2488 4158 ab
2530 4102 2776 4175 imperio
2823 4103 3197 4161 Macedonum
3239 4103 3577 4175 deﬁcerent,
3615 4110 3828 4162 auctor

2183 4187 2434 4246 exstitit.
2453 4188 2780 4248 Alexander
2793 4192 3179 4248 Athenienses
3193 4196 3351 4250 metu
3366 4191 3599 4250 mulctze
3612 4192 3825 4262 solvit;

2181 4276 2484 4334 Thebanos
2527 4292 2659 4335 cum
2704 4279 2899 4336 diruta
2955 4279 3198 4338 civitate
3257 4279 3513 4350 delevit;
3563 4279 3827 4352 reliquos

2187 4365 2296 4420 sub
2341 4379 2556 4422 corona
2603 4365 2904 4437 vendidit;
2963 4373 3211 4426 caeteras
3267 4369 3444 4427 urbes
3490 4369 3720 4426 Achaiae
3765 4375 3830 4426 et

428 4456 602 4514 datus
633 4468 664 4510 a
705 4459 890 4527 patre,
933 4468 1037 4526 per
1083 4453 1398 4510 triennium
1429 4453 1583 4525 apud
1620 4451 2074 4525 Epaminondam
2103 4451 2158 4512 D
2185 4451 2498 4510 Thessaliae
2517 4454 2839 4526 vectigales
2860 4456 3031 4524 fecit;
3051 4455 3284 4528 Illyrios
3309 4461 3370 4515 et
3397 4457 3649 4514 Thracas
3672 4455 3829 4513 bello

430 4544 842 4615 imperatorem
865 4546 924 4599 et
957 4540 1390 4614 philosOphum,
1416 4541 1689 4598 eruditus
1709 4546 1822 4598 est.
1848 4543 1952 4598 Hic
1977 4556 2078 4599 rex

430 4634 672 4688 sanctus
694 4644 825 4686 cum
847 4630 1092 4687 Athenis
1125 4629 1338 4687 bellum
1376 4630 1565 4700 gessit
1596 4632 1656 4685 et
1685 4628 1860 4696 vicit;
1893 4629 2082 4686 Laris-

432 4733 555 4777 sam
587 4717 790 4775 urbem
818 4717 1249 4774 nobilissimam
1295 4719 1485 4790 cepit;
1515 4715 1870 4776 Thessaliam
1901 4717 2082 4774 ambi-

433 4807 593 4864 tione
614 4804 1013 4863 habendorum
1038 4805 1300 4876 equitum
1333 4806 1569 4878 invasit,
1593 4811 1654 4864 et
1675 4805 1939 4863 exercitu
1971 4819 2080 4862 suo

433 4893 766 4952 admiscuit.
811 4893 948 4950 Cum
999 4893 1192 4950 Aruba
1235 4893 1620 4953 Molossorum
1673 4908 1810 4966 rege
1849 4897 2077 4966 pactus,

435 4996 698 5039 sororem
718 4982 844 5054 ejus
867 4979 1264 5053 Olympiadem
1289 4997 1530 5040 uxorem
1554 4983 1741 5040 duxit.
1767 4982 1874 5050 Qui
1899 4981 2080 5038 arnba

437 5067 572 5122 dum
606 5069 911 5142 imperium
936 5083 1104 5126 suum
1129 5069 1504 5127 Macedonum
1535 5070 1816 5128 affinitate
1847 5083 1910 5127 se
1940 5069 2083 5125 dila-

439 5157 695 5210 taturum
711 5162 897 5228 putat,
915 5171 1016 5229 per
1032 5157 1142 5213 hoc
1155 5157 1440 5228 deceptus
1454 5159 1652 5215 amisit
1669 5177 1684 5227 ;
1701 5159 2082 5232 privatusque

440 5240 497 5295 in
513 5239 1066 5303 cxsilioconsennit.
1091 5244 1398 5317 Philippus
1411 5247 1564 5318 apud
1579 5249 1863 5304 Matonam
1878 5247 2082 5304 urbem

442 5327 564 5382 ictu
588 5328 820 5395 sagittae
851 5333 1082 5390 oculum
1116 5331 1391 5406 perdidit,
1415 5339 1474 5391 et
1505 5350 1686 5408 prope
1719 5341 1900 5392 totam
1932 5335 2084 5391 Grae-

441 5415 590 5471 ciam
619 5415 888 5472 consiliis
919 5427 1292 5493 przeventam,
1317 5423 1544 5480 viribus
1575 5423 1836 5490 domuit;
1867 5424 2085 5493 Cappa-

443 5502 690 5574 dociam,
710 5508 883 5576 capto
906 5517 1009 5578 per
1037 5508 1234 5569 dolum
1277 5526 1432 5585 rege,
1458 5512 1702 5587 imperio
1734 5509 2081 5570 Macedoniae

2188 4540 2430 4598 domuit.
2466 4543 2846 4602 Profecturus
2892 4545 2966 4601 ad
3009 4543 3310 4601 Persicum
3353 4543 3589 4616 bellum,
3623 4559 3830 4601 omnes

2188 4635 2474 4700 cognatos
2505 4645 2572 4690 ac
2606 4633 2904 4706 proximos
2935 4645 3077 4690 suos
3110 4631 3424 4690 interfecit.
3459 4633 3521 4688 ln
3561 4633 3828 4690 exercitu

2189 4717 2316 4789 ejus
2351 4719 2586 4778 fuerunt
2616 4719 2874 4792 peditum
2908 4717 3149 4790 triginta
3182 4719 3298 4777 dno
3327 4719 3530 4792 millia,
3564 4720 3828 4792 equitum

2189 4810 2443 4878 quatuor
2471 4805 2675 4877 millia,
2724 4819 2902 4864 naves
2945 4812 3180 4866 centum
3234 4813 3294 4866 et
3329 4808 3648 4878 octoginta.
3691 4809 3828 4864 Tam

2191 4907 2366 4966 parva
2413 4908 2583 4951 manu
2631 4893 2968 4953 universum
3019 4899 3307 4953 terrarum
3350 4896 3550 4953 orbem
3585 4895 3826 4966 aggredi

2191 4995 2372 5038 ausus
2404 4987 2516 5040 est.
2550 4982 2746 5039 Primo
2776 4983 2903 5054 ejus
2933 4999 3064 5042 cum
3095 4984 3268 5041 Dario
3301 4997 3438 5056 rege
3475 4998 3826 5054 congressu,

2192 5075 2466 5128 sexcenta
2512 5069 2692 5128 millia
2739 5072 3050 5130 Persarum
3095 5073 3151 5128 in
3189 5072 3315 5130 acie
3347 5072 3526 5130 fuere.
3561 5073 3829 5130 Secundo

2190 5159 2344 5214 Darii
2366 5158 2619 5216 adventu
2638 5159 2850 5217 timens
2864 5159 3191 5218 Alexander
3213 5161 3519 5231 angustias
3538 5159 3826 5233 locorum,

2172 5247 2437 5304 -Taurum
2451 5252 2704 5304 montem
2719 5248 2792 5304 mi
2803 5262 2863 5304 ra
2876 5248 3052 5305 celeri
3063 5253 3182 5306 tate
3197 5250 3584 5320 transcendit,
3598 5255 3658 5306 et
3669 5250 3832 5321 quin-

2190 5335 2385 5404 gentis
2398 5335 2610 5392 stadiis
2624 5337 2735 5393 sub
2749 5349 2860 5393 una
2874 5336 2968 5392 die
2981 5351 3160 5395 cursu
3177 5338 3567 5408 transmissis,
3585 5339 3826 5394 Tarsum

2191 5422 2368 5480 venit.
2405 5423 2774 5494 Ibique,cum
2804 5425 3023 5482 sudans
3054 5425 3112 5482 in
3154 5425 3393 5484 Cidnum
3423 5425 3824 5498 praefrigidum

2191 5525 2413 5570 amnem
2444 5512 2872 5585 descendisset,
2897 5513 3158 5585 obriguit
3187 5533 3200 5570 :
3240 5517 3666 5588 contractaque
3700 5528 3828 5570 ner-
