4086 6178
285 283 353 336 5.,
860 299 867 307 .
1098 296 1103 299 -
1166 258 1175 263 ’
1450 276 1878 338 crmomcou.
1921 304 1989 317 --
2026 273 2224 336 mas
2262 279 2540 350 QUINTA.
3627 306 3696 360 δε

288 420 493 495 verum
527 404 832 495 proximus
855 403 1028 460 morti
1056 402 1200 460 fuit:
1226 403 1457 495 Darium
1488 418 1619 460 cum
1649 402 1932 495 trecentis
1963 399 2020 463 A
2051 405 2236 463 (ἓνωοί
2270 410 2651 484 aestimantes,
2687 426 2758 471 ne
2787 412 3022 472 exsules
3054 422 3288 490 recepta
3318 418 3613 495 libertate,
3630 430 3695 483 ut

289 494 552 551 millibus
586 492 869 565 peditum,
905 495 965 548 et
992 495 1228 547 centum
1262 492 1524 549 millibus
1562 492 1846 563 equitum,
1880 490 1937 546 in

288 584 471 639 aciem
504 581 793 654 procedit.
830 580 1170 649 lugentibus
1195 580 1471 651 utrinque
1503 580 1713 636 animis
1748 592 1937 651 pugna

289 671 715 737 committitur;
746 668 804 724 in
835 682 946 739 qua
981 668 1151 723 ambo
1194 681 1385 738 reges,
1419 673 1479 724 et
1525 667 1851 724 Alexander
1880 673 1939 724 et

289 758 929 830 Darius,vulnerantur.
947 758 1255 814 Persarum
1270 756 1352 812 ibi
1369 760 1506 813 tunc
1521 755 1771 812 militum
1784 760 1941 811 octo-

291 848 451 917 ginta
486 846 691 916 millia,
716 845 978 917 equitum
1018 845 1217 902 decem
1247 844 1429 902 millia
1461 844 1622 916 czesi,
1655 844 1808 917 capti
1842 858 1940 900 an-

294 943 407 992 tem
428 933 819 1006 quadraginta
843 932 1021 989 millia
1047 934 1225 990 fuere.
1253 935 1337 989 Ex
1356 933 1769 990 Macedonibus
1790 932 1940 988 ceci-

293 1025 430 1081 dere
453 1023 687 1095 pedites
708 1026 942 1078 centum
973 1026 1032 1077 et
1065 1020 1330 1091 triginta,
1364 1022 1598 1092 equites
1626 1024 1859 1077 centum
1881 1024 1940 1075 et

293 1111 701 1184 quadraginta.
726 1110 789 1165 In
802 1109 1020 1167 castris
1034 1112 1345 1167 Persarum
1360 1109 1605 1166 multum
1628 1108 1754 1165 auri
1772 1112 1942 1165 caete-

296 1212 611 1270 rarumque
641 1212 816 1270 opum
850 1201 1167 1270 repertum.
1204 1199 1363 1255 Inter
1410 1197 1679 1268 captivos
1718 1200 1943 1251 castro-

297 1303 443 1358 rum,
476 1292 669 1343 mater
686 1292 748 1343 et
775 1301 924 1343 uxor
939 1286 1165 1357 eadem,
1189 1300 1362 1343 soror
1389 1291 1450 1343 et
1474 1285 1607 1341 tiliae
1637 1284 1767 1341 duae
1784 1283 1940 1339 Darii

300 1378 479 1433 fuere.
496 1376 753 1444 Quarum
768 1375 1227 1448 redemptionem
1241 1374 1450 1432 Darius
1463 1373 1658 1430 oblata
1673 1374 1847 1429 etiam
1866 1386 1945 1429 re-

296 1465 389 1535 gni
415 1464 662 1521 dimidia
686 1469 874 1536 parte,
898 1478 1011 1519 non
1042 1463 1398 1536 impetravit.
1423 1462 1631 1519 Darius
1653 1476 1757 1534 spe
1779 1461 1942 1535 pacis

297 1553 517 1609 amissa
531 1552 919 1623 quadraginta
933 1555 1188 1622 quatuor
1209 1550 1388 1607 millia
1414 1549 1696 1622 peditum,
1720 1554 1780 1606 et
1814 1563 1945 1605 cen-

299 1647 418 1698 tum
451 1640 641 1697 millia
674 1639 1304 1711 equitum,Alexandro
1337 1638 1491 1711 apud
1519 1639 1758 1694 Tarsum
1791 1637 1943 1693 bello

2051 496 2378 555 Alexander
2410 513 2512 571 per
2559 501 2870 573 epistolam
2895 503 3175 573 jusserat,
3200 506 3422 565 ultione
3454 513 3694 570 medita-

2049 592 2274 657 rentur,
2294 602 2325 643 a
2349 602 2527 658 regno
2547 590 2918 647 Macedonum
2947 591 3286 650 defecerunt
3309 615 3322 650 :
3346 598 3695 671 bellumque

2050 676 2380 746 Antipatro,
2402 677 2493 733 cui
2525 677 2744 734 Graecia
2774 684 2936 735 sorte
2971 686 3232 750 venerat,
3255 682 3545 753 ingerunt.
3572 688 3694 745 Bel-

2050 762 2167 818 lum
2188 763 2342 820 inter
2355 766 2705 835 Antigonum
2726 771 2785 822 et
2800 768 3158 840 Perdiccam,
3174 771 3268 826 cui
3306 773 3487 828 Media
3507 776 3695 831 minor

2051 857 2214 908 sorte
2253 852 2592 922 obvenerat,
2634 854 3046 923 gravissimum
3086 858 3294 915 oritur.
3342 860 3695 919 Ptolommus

2050 940 2278 1011 ngypti
2303 940 2527 997 viribus
2548 943 2909 1014 Perdiccam,
2931 946 3318 1002 acerbissimo
3342 946 3495 1005 bello
3508 963 3697 1018 agres-

2052 1042 2175 1098 sus,
2211 1028 2527 1085 interfecit.
2563 1028 2881 1102 Olympias,
2918 1038 3104 1089 mater
3123 1032 3695 1108 Alexandri,captaa

2055 1116 2385 1172 Cassandro
2408 1117 2590 1175 Cariae
2610 1118 2758 1175 duce
2778 1121 3101 1188 occiditur;
3121 1121 3476 1181 Ptolommus
3495 1129 3555 1181 et
3573 1127 3701 1181 Cas-

2054 1203 2269 1260 sander
2298 1203 2441 1260 inita
2474 1220 2605 1261 cum
2638 1207 2981 1278 Lysimacho
3012 1215 3072 1266 et
3114 1209 3355 1267 Seleuco
3388 1211 3696 1283 societate,

2056 1290 2271 1347 bellum
2304 1297 2460 1348 terra
2496 1293 2758 1364 marique
2804 1300 3007 1352 contra
3053 1298 3429 1369 Antigonum,
3463 1300 3560 1369 qui
3595 1314 3699 1371 spe

2055 1380 2387 1437 dominandi
2414 1380 2740 1453 Herculem,
2758 1382 3069 1441 Alexandri
3107 1384 3309 1457 illium,
3335 1385 3589 1444 liberare
3623 1388 3700 1443 si-

2056 1467 2334 1539 mulabat,
2368 1469 2688 1527 instruunt.
2724 1471 2805 1527 Eo
2854 1470 3008 1528 bello
3052 1473 3382 1543 Antigonus
3414 1489 3544 1532 cum
3578 1474 3698 1530 lilio

2055 1556 2347 1613 Demetrio
2380 1557 2655 1615 vincitur.
2693 1559 3020 1616 Cassander
3060 1559 3379 1618 Ptolomaeo
3421 1562 3476 1617 in
3516 1561 3701 1619 victo-

2058 1642 2141 1699 ria
2175 1644 2473 1717 particeps
2504 1645 2808 1704 llerculem
2853 1646 3167 1704 Alexandri
3201 1647 3401 1720 filium,
3422 1653 3700 1721 quatuor-

297 1729 565 1803 opponit.
603 1729 665 1784 In
700 1728 915 1785 ferrum
957 1732 1133 1785 ruunt
1165 1726 1530 1796 Macedones,
1556 1739 1805 1796 raroque
1828 1724 1945 1782 ullo
1978 1745 2031 1805 B
2063 1730 2250 1787 decim
2276 1732 2393 1802 jam
2424 1746 2729 1804 annorum,
2751 1749 2882 1791 cum
2902 1740 3088 1791 matre
3109 1736 3491 1794 occidendum
3509 1742 3696 1795 curat.

300 1819 505 1893 praelio
535 1822 764 1874 tantum
787 1816 1298 1886 sanguinisfusum
1325 1814 1451 1888 (est.
1481 1814 1691 1871 Darius
1733 1813 1946 1883 victus,

300 1920 591 1981 persuasu
606 1919 847 1962 suorum
865 1906 1064 1974 fugere
1076 1902 1727 1976 compulsus,totusque
1741 1901 1949 1961 Oriens

301 1998 356 2053 in
390 2000 750 2069 potestatem
779 1992 1099 2051 Macedonii
1126 1993 1313 2049 cessit
1344 1991 1597 2064 imperii.
1624 1990 1953 2048 Alexander

297 2090 558 2156 quatuor
568 2088 631 2141 et
646 2083 886 2152 triginta
901 2082 1200 2139 continuis
1215 2081 1445 2151 diebus,
1461 2086 1793 2138 castrorum
1809 2094 1953 2151 pra}-

297 2175 429 2230 dam
462 2171 827 2245 percensuit.
845 2171 1193 2242 Persipolim
1207 2175 1384 2243 caput
1398 2168 1616 2227 Persici
1632 2168 1791 2238 regni
1816 2182 1953 2224 con-

299 2261 688 2318 fertissimam
703 2258 917 2330 opibus
937 2258 1126 2315 totius
1141 2259 1306 2315 orbis
1321 2257 1556 2314 invasit.
1574 2256 1704 2312 Dari
1717 2271 1807 2312 um
1820 2270 1950 2312 cum

300 2350 658 2423 prepinquis
689 2348 818 2404 suis
851 2348 1112 2405 vinctum
1137 2347 1523 2419 compedibus
1545 2345 1741 2402 aureis
1765 2344 1949 2401 teneri

297 2438 718 2511 comperisset,
733 2451 864 2493 cum
880 2451 983 2494 sex
996 2435 1258 2494 millibus
1271 2435 1532 2507 equitum
1550 2433 1819 2506 persequi
1837 2435 1954 2489 sta-

298 2527 417 2583 tuit
439 2525 935 2596 inventumquein
950 2525 1164 2582 itinere
1186 2523 1388 2581 multis
1400 2522 1738 2579 confossum
1755 2520 1954 2578 vulne-

300 2615 494 2685 ribus,
520 2629 591 2671 ac
625 2618 942 2686 mortuum,
976 2613 1213 2687 sepeliri
1248 2614 1306 2669 in
1337 2611 1640 2684 sepultura
1672 2610 1952 2681 majorum

301 2704 611 2776 pnecepit.
627 2704 837 2760 Tribus
852 2702 1072 2775 praeliis
1086 2701 1449 2772 totidemque
1461 2700 1629 2756 annis
1642 2698 1953 2769 quinquies

298 2791 510 2847 decies
522 2796 770 2847 centena
784 2791 965 2848 millia
979 2789 1239 2862 peditum
1253 2788 1633 2859 equitumque
1646 2800 1955 2857 consump-

302 2884 455 2949 tam,
482 2878 807 2936 Alexander
822 2879 996 2936 etiam
1008 2880 1037 2934 Ι
1045 2877 1171 2935 udae
1193 2876 1620 2946 amingressus,
1647 2872 1949 2931 favorabili

303 2972 524 3038 terque
535 2972 838 3039 exceptus,
854 2969 971 3024 Deo
984 2966 1257 3023 victimas
1271 2963 1532 3019 immolat
1547 2968 1607 3019 et
1620 2962 1953 3033 pontificem

303 3054 772 3128 templiJaddum
786 3053 1112 3111 honoribus
1136 3051 1404 3125 plurimis
1428 3048 1825 3122 prosequitur.
1852 3050 1957 3104 An-

303 3144 632 3201 dromacho
655 3143 918 3200 locorum
945 3139 1194 3199 custode
1224 3139 1489 3197 dimisso.
1507 3137 1624 3194 Sub
1644 3138 1954 3193 Persarum

306 3233 554 3303 regibus
584 3231 896 3305 pontiﬁces
924 3230 1132 3288 summi
1167 3230 1421 3298 fuerunt,
1450 3228 1648 3295 Josue,
1670 3224 1951 3295 Joachim,

304 3320 596 3393 Eliasipb,
637 3320 863 3391 Joiada,
902 3318 1209 3389 Jonatban,
1240 3315 1479 3374 Jaddus.
1522 3313 1732 3372 Mansit
1762 3317 1955 3371 autem

304 3411 626 3466 Persarum
658 3421 922 3479 regnum,
957 3406 1113 3479 quod
1144 3405 1455 3462 interfecto
1485 3402 1661 3461 Dario
1692 3402 1958 3461 destruc-

308 3504 430 3553 tum
463 3502 582 3569 est,
612 3511 799 3554 annos
823 3496 1110 3553 ducentos
1134 3493 1377 3563 triginta
1400 3505 1596 3549 unum.
1632 3489 1959 3548 Alexander

308 3592 448 3658 post
478 3591 732 3643 mortem
764 3585 945 3655 Darii,
977 3582 1416 3653 annisquinque
1431 3579 1715 3651 regnavit.
1738 3578 1957 3635 Indiam

313 3675 645 3745 ingressus,
663 3674 858 3732 Nisam
874 3672 1075 3730 urbem
1089 3671 1255 3728 adiit.
1275 3669 1688 3727 Callisthenem
1703 3665 1959 3739 philoso-

308 3763 487 3834 phum
501 3762 739 3834 sibique
750 3762 903 3834 apud
920 3758 1297 3819 Aristotelem
1319 3754 1810 3829 condiscipulum,
1827 3768 1957 3811 cum

309 3850 588 3922 plurimis
618 3850 753 3906 aliis
786 3848 1175 3922 principibus,
1207 3845 1363 3918 quod
1394 3860 1523 3903 eum
1566 3843 1838 3915 deposito
1872 3855 1961 3898 sa-

310 3937 536 3995 lutandi
573 3952 736 3994 more
767 3942 831 3995 ut
859 3939 1036 3994 Deum
1066 3950 1181 3992 non
1213 3934 1509 4001 adoraret,
1543 3929 1784 3987 occidit.
1820 3932 1959 3987 Cum

310 4028 461 4083 Poro
475 4026 754 4083 Indorum
768 4039 904 4095 rege
916 4023 1394 4082 cruentissimum
1409 4019 1625 4077 bellum
1646 4018 1963 4088 gessit.Po-

314 4130 412 4172 rus
435 4115 645 4173 multis
675 4114 1019 4172 vulneribus
1040 4112 1376 4181 confossus,
1401 4115 1460 4167 et
1489 4113 1720 4181 captus,
1745 4106 1821 4163 ob
1848 4119 1962 4163 me-

313 4204 559 4259 moriam
594 4203 858 4274 virtutis,
892 4202 950 4258 in
991 4214 1232 4271 regnum
1275 4199 1590 4255 restitutus
1620 4201 1732 4267 est,
1764 4193 1961 4251 multa:

310 4298 519 4360 gentes
571 4292 833 4349 subactae
880 4286 1405 4362 periculosissimis
1466 4283 1706 4358 prmliis.
1759 4282 1961 4340 Indum

312 4380 525 4436 llumen
558 4380 889 4449 ingressus,
922 4377 1271 4450 Babylonem
1312 4373 1587 4432 celeriter
1627 4370 1821 4442 rediit,
1857 4370 1954 4428 ubi

311 4483 442 4525 cum
475 4468 893 4525 exterritarum
924 4467 1112 4523 totius
1143 4464 1306 4521 orbis
1339 4461 1772 4536 provinciarum
1804 4458 1957 4529 lega-

313 4558 398 4613 tio
428 4555 840 4629 cperiebatur:
868 4552 1433 4624 Carthaginensium,
1451 4550 1637 4607 totius
1659 4549 1962 4606 Africaaci-

314 4647 590 4715 vitatum,
615 4645 1027 4717 Hispanorum,
1054 4642 1371 4711 Gallorum,
1396 4637 1630 4707 Sicilire,
1648 4635 1957 4694 Sardinia):

315 4734 586 4807 plurimae
600 4737 885 4806 praeterea
900 4737 1101 4805 partes
1118 4730 1299 4788 Italiae
1316 4745 1331 4797 ;
1351 4727 1550 4799 ibique
1564 4723 1867 4782 tricesimo
1883 4738 1964 4781 se-

314 4823 510 4880 cundo
540 4823 706 4893 vitae,
742 4822 904 4893 regni
936 4826 1130 4878 autem
1163 4819 1253 4877 sui
1287 4816 1634 4875 duodecimo
1666 4826 1838 4884 anno,
1869 4814 1967 4870 mi-

316 4911 486 4967 sistri
510 4910 748 4967 insidiis
766 4910 970 4967 veneni
995 4911 1211 4967 haustu
1235 4906 1428 4980 periit.
1450 4907 1595 4962 Post
1615 4917 1784 4975 quem
1810 4905 1966 4958 tran-

317 4996 440 5055 lato
472 4998 531 5053 in
555 4998 774 5056 multos
798 4998 1044 5070 imperio
1072 4999 1379 5069 Egyptum
1401 4992 1778 5063 Ptolomaeus,
1804 4990 1966 5061 Lagi-

321 5086 502 5157 filius,
524 5088 747 5154 tenuit;
770 5086 1114 5144 Macedonas
1136 5084 1465 5156 Philippus,
1500 5082 1598 5153 qui
1623 5084 1683 5137 et
1708 5080 1965 5137 Artheus

321 5175 507 5231 frater
522 5175 839 5232 Alexandri
859 5192 875 5242 ;
898 5174 1119 5247 Syriam
1142 5178 1202 5231 et
1223 5171 1593 5243 Babylonem,
1608 5174 1667 5227 et
1679 5169 1869 5225 omnia
1886 5182 1968 5223 re-

317 5276 428 5330 gna
451 5263 714 5320 Orientis
734 5262 1014 5321 Seleucus
1032 5264 1315 5328 Nicanor;
1339 5260 1492 5317 Asiae
1517 5258 1783 5329 regnavit
1808 5256 1966 5313 Anti-

321 5366 527 5419 gonus.
550 5352 656 5420 Qui
675 5352 831 5425 apud
852 5351 1143 5409 Danielem
1158 5366 1262 5424 per
1274 5347 1687 5422 quatuorhirci
1702 5345 1798 5418 qui
1823 5345 1967 5401 arie-

327 5445 436 5496 tem
458 5441 717 5498 conterit
748 5454 967 5498 cornua
999 5441 1400 5512 designantur.

397 5529 575 5604 [4537]
601 5530 978 5604 Ptolomaeus,
1012 5530 1144 5603 Lagi
1172 5529 1349 5603 illius,
1381 5528 1549 5587 annis
1579 5527 1961 5602 quadraginta

2061 1817 2416 1877 Ptolomaeus
2437 1835 2568 1877 cum
2588 1821 2878 1878 Demetrio
2894 1822 3081 1879 navali
3100 1822 3703 1895 prmlioconﬂixitvic-

2063 1911 2277 1977 tusque
2295 1906 2354 1963 in
2371 1909 2678 1979 Egyptum
2703 1910 2936 1980 refugit.
2958 1912 3076 1967 Hac
3097 1912 3344 1968 victoria
3374 1914 3700 1982 Antigonus

2062 1993 2274 2065 elatus,
2299 2009 2492 2065 regem
2526 2010 2724 2053 secum
2743 1998 3036 2055 Demetrio
3065 1999 3185 2056 lllio
3215 2000 3695 2073 appellarijubet.

2133 2082 2299 2149 Quod
2329 2082 2657 2155 exemplum
2697 2099 2897 2142 omnes
2943 2088 3153 2157 secuti,
3204 2101 3401 2157 regum
3447 2087 3557 2142 sibi
3599 2101 3699 2143 no-

2063 2184 2191 2226 men
2211 2170 2672 2242 dignitatemque
2690 2179 3086 2245 sumpserunt.
3108 2174 3464 2232 Ptolomaeus
3488 2181 3549 2231 et
3566 2178 3701 2232 Cas-

2063 2258 2296 2328 sander,
2331 2259 2650 2331 caaterique
2682 2258 2925 2317 alterius
2967 2262 3242 2319 factionis
3272 2262 3474 2332 duces,
3509 2262 3701 2319 Seleu-

2062 2360 2169 2402 cus
2200 2361 2431 2418 quoque
2462 2362 2535 2405 ex
2579 2348 2715 2405 Asia
2765 2349 2984 2420 majore
3027 2349 3298 2422 epistolis
3344 2364 3409 2407 se
3452 2351 3698 2407 invicem

2061 2432 2476 2493 conflrmantes
2509 2435 2723 2494 bellum
2757 2438 3041 2496 adversus
3064 2438 3417 2509 Antigonum
3448 2453 3699 2496 commu-

2063 2522 2236 2579 nibus
2263 2524 2491 2581 viribus
2527 2529 2783 2584 struunt.

2135 2612 2215 2668 Eo
2248 2612 2403 2669 bello
2423 2614 2752 2685 Antigonus
2768 2615 3005 2673 occisus
3036 2620 3146 2673 est.
3179 2615 3449 2673 Victores
3477 2629 3608 2674 cum
3630 2615 3701 2673 de

2065 2702 2261 2773 praada
2290 2717 2403 2759 non
2435 2704 2836 2775 convenirent,
2860 2705 2916 2761 in
2938 2705 3083 2762 duas
3104 2705 3391 2761 factiones
3422 2704 3703 2762 diducun-

2065 2794 2181 2860 tur,
2216 2789 2494 2848 Seleucus
2540 2792 2854 2863 Demetrio,
2887 2792 3243 2851 Ptolomteus
3272 2792 3614 2865 Lysimacho
3642 2797 3703 2850 et

2066 2880 2394 2935 Cassandro
2420 2880 2706 2950 jungitur.

2137 2966 2465 3022 Cassandro
2509 2967 2806 3037 defuncto,
2856 2967 3162 3038 Philippus
3210 2966 3367 3023 filius
3411 2967 3697 3025 succedit.

2067 3052 2373 3125 Antipater
2396 3051 2865 3111 Thessalonicem
2896 3058 3139 3111 matrem
3170 3068 3356 3126 suam,
3390 3054 3699 3112 Cassandri

2065 3154 2326 3211 uxorem,
2359 3154 2530 3198 manu
2561 3155 2665 3198 sua
2698 3143 3156 3200 transverberat.
3181 3141 3508 3200 Alexander
3524 3144 3705 3199 frater

2065 3231 2215 3301 ejus,
2233 3231 2309 3286 ob
2337 3228 2618 3287 ultionem
2656 3231 2884 3302 matris,
2908 3230 3123 3288 bellum
3156 3230 3443 3288 adversus
3464 3232 3703 3289 fratrem

2062 3318 2330 3389 instruit,
2350 3323 2411 3375 et
2432 3333 2462 3374 a
2484 3318 2800 3390 Demetrio,
2816 3320 2985 3391 cujus
3003 3318 3282 3377 auxilium
3304 3319 3573 3391 petierat,
3594 3320 3705 3377 cir-

2062 3411 2411 3465 cumventus
2431 3407 2743 3465 occiditur.
2769 3406 3127 3465 Ptolomaeus
3146 3411 3206 3465 et
3236 3406 3515 3465 Seleucus
3533 3413 3593 3465 et
3606 3410 3705 3481 Ly-

2067 3496 2385 3566 simachus,
2420 3496 2633 3553 iterum
2664 3497 2954 3553 societate
2973 3502 3163 3569 pacta,
3189 3495 3403 3553 bellum
3422 3496 3707 3553 adversus

2068 3584 2420 3642 Demetrium
2441 3585 2822 3642 transferunt.
2846 3586 2948 3641 llis
2966 3584 3239 3642 comitem
3256 3589 3318 3642 et
3330 3583 3467 3641 belli
3483 3586 3707 3642 socium

2068 3686 2131 3730 se
2143 3672 2402 3744 Pyrrhus
2417 3685 2519 3729 rex
2530 3673 2691 3744 Epiri
2719 3674 2931 3745 jungit,
2947 3674 3358 3744 Demetrioque
3376 3675 3707 3731 Macedonia

2069 3760 2262 3832 pulso,
2278 3775 2517 3831 regnum
2547 3762 2896 3819 Macedoniae
2918 3762 3177 3833 Pyrrhus
3198 3762 3434 3817 invasit.
3458 3761 3707 3833 Lysima-

2067 3849 2215 3905 chus
2228 3862 2503 3918 generum
2522 3863 2693 3905 suum
2713 3848 3082 3920 Antipatrum
3102 3848 3476 3904 insidiantem
3491 3849 3604 3904 sibi
3626 3848 3709 3904 in-

2070 3935 2324 4005 terfecit,
2347 3934 2647 4007 filiumque
2680 3950 2848 3993 suum
2884 3933 3260 4005 Agathoclem
3285 3949 3534 4006 perosus
3555 3936 3710 3992 occi-

2069 4023 2175 4080 dit.
2199 4021 2476 4081 Seleucus
2498 4023 2726 4080 decimo
2746 4022 2925 4080 tertio
2946 4021 3247 4080 Ptolomaei
3262 4036 3412 4079 anno
3425 4022 3606 4095 Syriae
3624 4037 3710 4079 re-

2069 4125 2248 4182 gnare
2274 4112 2456 4184 coepit
2487 4131 2501 4168 :
2538 4110 2912 4184 Babyloniam
2943 4111 3336 4184 expugnavit:
3367 4111 3710 4167 Bactrianos

2071 4201 2239 4257 novis
2257 4201 2517 4258 motibus
2529 4206 2911 4271 assurgentes
2932 4200 3295 4272 perdomuit:
3323 4200 3634 4257 transitum
3652 4201 3705 4255 in

2071 4289 2291 4345 Indiam
2326 4290 2465 4347 fecit
2500 4304 2629 4361 quae
2660 4296 2797 4362 post
2836 4294 3081 4346 mortem
3112 4287 3425 4345 Alexandri
3454 4302 3708 4346 excusso

2072 4377 2406 4434 cervicibus
2423 4378 2563 4449 jugo
2585 4378 2899 4450 praefectos
2917 4378 3044 4448 ejus
3073 4376 3394 4435 occiderat.
3429 4379 3565 4435 Cum
3600 4379 3712 4434 An-

2076 4466 2362 4534 dragatho
2378 4467 2526 4523 duce
2543 4464 2724 4523 multa
2738 4467 3010 4537 etgravia
3026 4464 3227 4537 praelia
3241 4467 3449 4536 gessit,
3466 4466 3711 4522 firmatis
3790 4518 3795 4523 .

2073 4568 2185 4625 que
2204 4554 2648 4612 conditionibus
2668 4559 2837 4626 pacta
2864 4567 3007 4626 pace
3029 4553 3316 4610 discessit
3337 4572 3350 4609 :
3371 4567 3401 4609 a
3425 4568 3540 4625 quo
3573 4559 3714 4610 tem-

2073 4657 2215 4715 pore
2239 4642 2433 4700 Macha
2443 4643 2699 4700 baaorum
2715 4642 2955 4699 Hebrma
2970 4642 3221 4699 historia
3237 4642 3572 4700 Graecorum
3586 4655 3713 4710 sup-

2074 4736 2243 4804 putat
2274 4745 2533 4802 regnum.
2556 4734 2602 4788 A
2633 4745 2748 4803 quo
2770 4736 2831 4787 et
2849 4731 3119 4787 Edisseni
3140 4744 3245 4788 sua
3280 4726 3545 4804 tempora
3559 4742 3713 4784 com-

2076 4825 2300 4892 putant.
2338 4819 2728 4890 Antiochiam,
2776 4819 3142 4891 Laodiceam,
3187 4818 3529 4887 Seleuciam,
3566 4819 3714 4888 Apa-

2075 4910 2269 4980 miam,
2303 4907 2605 4980 Edessam,
2639 4910 2938 4978 Beroeam,
2972 4913 3032 4966 et
3062 4906 3279 4966 Pellam
3310 4907 3487 4964 urbes
3514 4904 3714 4961 condi-

2074 4997 2207 5054 dit:
2256 4997 2314 5053 in
2361 5010 2577 5069 easque
2623 4997 2802 5055 urbes
2847 5011 2993 5069 quas
3036 4998 3433 5064 exstruxerat,
3477 4992 3713 5050 Iudaeos

2077 5086 2380 5157 transfert,
2407 5086 2505 5158 jus
2535 5086 2623 5144 eis
2651 5087 2867 5144 civium
2897 5091 2957 5144 et
2985 5080 3393 5155 municipalem
3424 5082 3712 5153 ordinem,

2075 5189 2205 5233 cum
2237 5175 2457 5232 Graecis
2508 5175 2715 5247 aequali
2751 5176 2974 5233 honore
3006 5171 3356 5230 concedens.
3387 5172 3715 5229 Exstinctis

2069 5264 2435 5335 jamtriginta
2450 5270 2704 5336 quatuor
2716 5262 3027 5322 Alexandri
3046 5259 3319 5330 ducibus,
3335 5260 3715 5333 Lysimachus

2074 5367 2259 5410 annos
2272 5358 2446 5410 natus
2461 5353 2830 5425 septuaginta
2845 5353 3184 5420 quatuor,et
3196 5347 3476 5406 Seleucus
3491 5352 3718 5420 septua-

2072 5442 2234 5512 ginta
2255 5447 2479 5514 septem
2495 5440 2707 5497 bellum
2723 5440 2876 5494 inter
2889 5450 2952 5493 se
2969 5437 3297 5495 conferunt.
3314 5436 3592 5494 Ultimum
3605 5436 3714 5490 hoc

2073 5529 2288 5589 bellum
2315 5527 2624 5589 Alexandri
2663 5524 3125 5588 commilitonum
3161 5527 3288 5587 fuit.
3337 5524 3715 5598 Lysimachus
