4086 6178
375 247 442 297 59
1427 243 1480 297 S.
1527 237 1782 297 ADONIS
1821 230 2254 292 ARCHIEPISC;
2299 231 2712 290 VIENNENSIS
3695 239 3766 292 uo

373 365 467 425 vel
497 364 730 422 amissis
761 361 852 421 vel
902 362 1228 420 interfectis
1274 367 1408 418 ante
1439 361 1770 433 quindecim
1804 357 2008 416 liberis
2037 353 2096 418 Α
2121 353 2386 412 Emilius
2409 355 2646 428 Paulus,
2678 362 2738 413 et
2774 357 2836 412 P.
2886 356 3190 412 Terentius
3230 357 3414 413 Varro
3462 358 3760 430 consules,

376 459 706 528 postremus
738 451 973 510 occisus
991 455 1102 508 est;
1125 449 1402 508 Seleucus
1424 450 1816 522 postmodum,
1839 448 2014 505 insis-

375 547 532 601 tente
554 540 892 608 Ptolomaeo,
913 539 1080 610 cujus
1100 553 1364 596 sororem
1389 538 1772 610 Lysimachus
1799 537 2012 593 habue-

375 635 484 700 rat,
518 627 749 686 insidiis
779 627 1234 697 circumventus,
1269 626 1504 683 occisus
1523 630 1634 682 cst.
1657 623 2010 682 Ptolomzeus

375 715 793 788 Hierosolymis
823 720 884 772 et
909 715 1106 772 Iudaea
1128 715 1183 770 in
1204 714 1484 770 ditionem
1512 726 1673 770 snam
1695 711 1828 769 dolo
1849 711 2012 768 reda-

374 807 510 876 ctis,
559 803 842 878 plurimos
891 803 1256 878 captivorum
1298 802 1355 860 in
1402 804 1707 875 :Egyptum
1755 805 2012 858 transtu-

376 893 462 952 Ιὶιε

441 981 772 1039 Iudaeorum
805 980 1067 1053 pontifex
1097 980 1404 1050 maximus,
1425 978 1601 1035 Onias
1630 977 1797 1034 Jaddi
1831 975 2007 1048 illius,

373 1069 569 1126 clarus
598 1069 864 1126 habetur.
886 1071 1029 1125 Post
1059 1082 1228 1139 quem
1261 1066 1750 1136 religiosissimus
1782 1080 1849 1124 ac
1871 1065 2010 1139 piis-

374 1159 558 1216 simus
592 1157 852 1230 pontifex
882 1157 1076 1214 Simon
1110 1157 1270 1212 Onize
1300 1154 1475 1212 illius.

442 1249 584 1304 Post
615 1262 784 1320 quem
813 1245 1148 1316 Eleazarus,
1171 1247 1352 1302 frater
1380 1244 1530 1316 ejus,
1565 1243 1686 1300 filio
1705 1244 1834 1315 ejus
1866 1243 2006 1300 Onia

373 1352 552 1410 parvo
570 1336 878 1394 admodum
924 1335 1228 1394 derelicto.
1261 1337 1381 1391 Hoc
1411 1339 1672 1406 tempere
1693 1335 1842 1390 Zeno
1861 1333 2010 1391 Stoi-

371 1439 497 1497 cus,
518 1430 578 1482 et
621 1424 928 1483 Menander
957 1425 1240 1494 comicus,
1269 1427 1330 1480 et
1357 1422 1794 1494 TheOpbrastus
1825 1420 2010 1494 philo-

372 1515 595 1586 sophus
627 1513 984 1571 claruerunt.
1019 1513 1277 1584 Pyrrhus
1297 1525 1400 1568 rex
1421 1510 1792 1583 Epirotarum
1823 1511 2010 1566 etMa-

371 1602 632 1660 cedoniaa
652 1601 980 1658 Tarentinis
1005 1601 1266 1672 junctus,
1289 1599 1387 1671 qui
1413 1597 1662 1656 classem
1694 1599 2007 1668 Romanam

2121 449 2327 500 contra
2361 443 2662 502 Anibalem
2695 445 2858 501 missi
2911 457 3114 501 omnes
3145 459 3289 517 pcne
3321 445 3591 504 Romanae
3635 449 3760 520 spei

2121 532 2279 589 vires
2312 533 2730 604 perdiderunt:
2766 533 3153 604 quadraginta
3208 539 3269 590 et
3300 539 3552 604 quatuor
3581 535 3762 592 millia

2118 622 2508 678 Romanorum
2541 621 2858 678 interfecti.
2893 622 3105 678 Consul
3127 621 3394 679 rEmilius
3426 623 3645 680 Paulus
3665 638 3762 680 oc-

2120 710 2315 778 cisus;
2355 711 2538 766 Varro
2577 709 2787 768 consul
2833 725 2965 767 cum
3007 711 3430 782 quinquaginta
3460 713 3762 784 equitibus

2122 799 2302 869 fugit;
2331 798 2676 856 consulares
2699 805 2760 856 et
2783 799 3044 872 prtetorii
3069 799 3181 857 viri
3201 801 3410 870 viginti
3431 801 3762 869 interfecti;

2121 892 2426 944 senatores
2443 889 2600 960 capti
2631 887 2722 945 Vel
2745 889 2928 945 occisi
2953 888 3191 959 triginta
3219 907 3233 956 ;
3260 889 3490 947 nobiles
3511 891 3622 948 viri
3649 896 3765 948 tre-

2120 976 2298 1048 centi,
2319 977 2678 1048 pedestrium
2703 975 2952 1032 militum
2973 977 3358 1047 quadraginta
3381 978 3586 1052 millia,
3606 983 3764 1052 equi-

2122 1070 2240 1122 tum
2293 1065 2383 1123 ter
2417 1066 2576 1123 mille
2607 1067 2928 1138 quingenti;
2965 1069 3163 1138 Usque
3200 1067 3346 1125 adeo
3389 1069 3590 1126 ultima
3633 1071 3764 1128 des-

2119 1155 2348 1229 peratio
2381 1155 2744 1228 Reipublicae
2777 1157 2931 1228 apud
2947 1155 3522 1215 residuosRomanns
3537 1160 3664 1230 fuit,
3701 1167 3764 1217 ut

2119 1249 2427 1303 senatores
2443 1245 2958 1316 derelinquendam
2972 1247 3182 1302 Urbem
3197 1248 3490 1319 putarent,
3506 1249 3618 1306 nisi
3635 1251 3767 1306 Cor-

2117 1335 2308 1392 nelius
2338 1335 2532 1407 Scipio
2569 1335 2842 1392 tribunus
2875 1338 3014 1392 tunc
3043 1333 3312 1406 militum,
3347 1335 3498 1392 idem
3531 1338 3628 1408 qui
3663 1349 3765 1412 po-

2117 1429 2244 1480 stea
2270 1423 2596 1494 Africanus,
2622 1422 2898 1480 districto
2920 1422 3116 1494 gladio
3138 1423 3549 1498 deterruisset,
3573 1435 3640 1483 ac
3663 1443 3765 1500 po-

2119 1512 2238 1568 tius
2286 1527 2391 1584 pro
2436 1512 2641 1585 patriae
2687 1510 3027 1568 defensione
3073 1512 3128 1568 in
3179 1523 3284 1570 sua
3335 1515 3517 1579 verba
3561 1518 3764 1586 jurare

2114 1601 2432 1672 coegisset,
2469 1597 2745 1657 Claudius
2766 1600 3072 1658 Marcellus
3107 1601 3410 1658 Annibalis
3433 1603 3761 1662 exercitum

373 1695 826 1763 praetereuntem
859 1690 1216 1759 invaserant,
1235 1703 1366 1746 cum
1388 1688 1652 1745 exercitu
1670 1688 1928 1743 Romano
1948 1691 2006 1742 et
2034 1697 2089 1760 Β
2119 1687 2321 1761 praelia
2351 1688 2518 1745 fudit.
2555 1689 2870 1746 Centenius
2919 1687 3135 1746 Penula
3177 1690 3448 1747 centurio
3479 1691 3554 1748 ab
3587 1693 3763 1750 Anni-

371 1780 586 1836 Levino
617 1777 860 1837 consule
889 1791 1136 1850 pugnam
1169 1777 1328 1832 iniit:
1365 1777 1461 1847 qui
1495 1775 1700 1845 viginti
1739 1773 2010 1846 elephan-

373 1873 466 1924 tos
499 1876 685 1939 usque
715 1867 786 1923 ad
833 1866 890 1922 id
939 1871 1168 1939 tempus
1215 1864 1490 1924 Romanis
1520 1863 1765 1936 invisos,
1807 1863 1862 1920 in
1899 1865 2010 1920 ita-

368 1958 502 2014 liam
534 1956 758 2028 primus
790 1955 1029 2012 invexit;

443 2045 624 2116 [4570]
674 2042 1030 2100 Ptolomaeus
1067 2041 1504 2114 Philadelphus,
1549 2041 1716 2098 annis
1768 2041 2008 2111 triginta

371 2138 525 2190 octo.
563 2135 868 2190 Sostratus
901 2132 1144 2204 pilarum
1181 2131 1237 2188 in
1287 2129 1636 2188 Alexandria
1685 2131 2004 2186 contruxit.

369 2221 726 2279 Ptolomaeus
771 2221 1007 2278 Iudaeos
1053 2219 1149 2290 qui
1196 2219 1254 2275 in
1284 2221 1528 2291 ASgypto
1566 2222 1754 2288 erant,
1789 2216 2009 2275 liberos

369 2325 504 2368 esse
545 2308 834 2382 permisit,
875 2313 938 2365 et
985 2306 1262 2364 Eleazaro
1308 2306 1568 2378 pontifici
1617 2320 1756 2363 vasa
1807 2311 2008 2362 sancta

371 2397 908 2468 restituens,multa
929 2395 1170 2453 donaria
1191 2396 1246 2452 in
1278 2393 1554 2468 templum
1585 2393 2006 2468 Hierosolymis

374 2487 722 2544 transmisit.
791 2485 1168 2558 Septuaginta
1235 2485 1590 2556 interpretes
1659 2483 1850 2554 petiit,
1907 2483 2004 2554 qui

371 2577 732 2648 Scripturam
751 2579 1011 2632 sanctam
1027 2575 1082 2630 in
1098 2574 1360 2630 Graecum
1378 2571 1672 2643 eloquium
1687 2575 2002 2630 verterent.

368 2666 562 2722 Tantis
592 2668 784 2722 autem
818 2663 1094 2736 potentiae
1128 2663 1257 2734 fuit,
1291 2666 1357 2719 ut
1378 2660 1758 2718 Ptolomaeum
1783 2667 2005 2733 patrem

368 2753 651 2811 vinceret.
678 2752 894 2810 Habuit
923 2753 1074 2809 enim
1095 2751 1354 2823 peditum
1378 2749 1602 2806 infinita
1625 2747 1827 2819 millia,
1847 2749 2008 2820 equi-

369 2847 489 2898 tum
507 2841 714 2910 viginti
735 2840 938 2910 millia,
964 2853 1242 2897 curruum
1275 2839 1388 2894 duo
1421 2836 1626 2907 millia,
1661 2835 2006 2908 elephantos

365 2935 516 3000 quos
549 2929 771 3000 primus
811 2927 1057 2983 Adduxit
1099 2941 1173 2982 ex
1202 2925 1492 2998 IEthiopia
1521 2923 2002 2996 quadringentos.

363 3016 694 3074 Iudaeorum
715 3015 1119 3105 pontificatum
1143 3019 1278 3086 post
1307 3012 1646 3105 Eleazarum
1678 3013 2004 3105 avunculus
2035 3041 2085 3105 ρ

361 3105 489 3175 ejus
519 3106 814 3160 Manassen
846 3103 1097 3174 accepit.
1135 3105 1350 3158 Aratus
1372 3100 1710 3170 astrologus
1739 3101 2006 3171 agnosci-

362 3197 461 3248 tur
485 3209 497 3246 :
521 3195 697 3262 atque
726 3189 984 3260 argentei
1019 3187 1235 3245 nummi
1283 3188 1530 3260 primum
1563 3190 1756 3246 nenias
1789 3189 2009 3246 consti-

363 3282 627 3348 tuuntur,
655 3277 927 3349 Amilcar,
953 3278 1070 3335 dux
1097 3277 1665 3347 Carthaginensium,
1699 3277 1771 3333 ab
1803 3277 2010 3347 Hispa.

359 3369 450 3424 nis
482 3367 540 3424 in
574 3365 727 3423 bello
749 3366 984 3424 occisus
1002 3372 1114 3424 est.
1137 3365 1432 3438 lllyricum
1463 3364 1676 3422 bellum
1699 3365 2008 3422 atrocissi-

359 3469 513 3512 mum
527 3469 660 3512 cum
671 3455 946 3512 Romanis
959 3459 1210 3524 gestum.
1235 3453 1528 3526 Cisalpina
1553 3452 1733 3508 Gallia
1749 3467 1780 3509 a
1801 3455 2006 3511 Roma-

361 3544 455 3601 nis
474 3543 707 3611 defecit.
732 3543 1172 3613 Commissoque
1191 3541 1395 3614 przelio
1415 3541 1569 3614 apud
1600 3543 1861 3600 Aretium
1883 3541 2006 3600 Ati-

363 3631 400 3687 li
411 3645 478 3688 us
491 3631 698 3688 consul
711 3631 946 3688 occisus
959 3636 1070 3688 est.
1089 3631 1302 3688 Eodem
1317 3642 1465 3686 anno
1480 3630 1608 3686 tliro
1623 3631 1894 3688 miseram
1908 3633 2005 3688 Ur-

362 3721 490 3778 bem
509 3725 774 3777 terruere
794 3720 1079 3792 prodigia.
1098 3720 1352 3790 Namque
1371 3719 1425 3774 in
1446 3717 1662 3777 Piceno
1676 3720 1851 3777 fluvio
1871 3735 2000 3777 san-

361 3809 494 3879 guis
511 3809 760 3880 efiiuxit,
787 3811 847 3866 et
864 3809 1017 3881 apud
1047 3809 1310 3866 Thuscos
1328 3807 1538 3866 coelum
1561 3809 1768 3866 ardere
1786 3810 1997 3880 visum,

357 3901 419 3953 et
438 3897 678 3954 Arimini
699 3902 872 3954 nocte
890 3896 1128 3954 multam
1147 3897 1336 3954 lucem
1355 3895 1570 3954 claram
1591 3897 1910 3954 obfulsisse
1932 3911 1999 3954 ac

359 3991 480 4042 tros
501 3983 670 4042 lunas
687 3986 1047 4041 distantibus
1065 3983 1198 4040 coeli
1219 3984 1558 4054 regionibus
1571 3990 1809 4042 exortae
1828 3996 2001 4056 appa-

357 4073 570 4128 ruisse.
598 4071 912 4128 Flaminius
930 4071 1158 4141 consul,
1184 4071 1540 4142 contemptis
1558 4073 1843 4142 auguriis,
1868 4085 1998 4128 cum

356 4158 536 4216 Gallis
555 4159 1135 4216 etconﬂixitetvicit.
1161 4158 1733 4216 Annibalenorum
1755 4160 2001 4232 impera-

364 4253 458 4304 tor
476 4247 625 4318 patri
649 4246 944 4319 Amilcari,
967 4261 1097 4304 cum
1120 4252 1282 4304 esset
1305 4261 1509 4305 novem
1528 4248 1696 4318 annis
1715 4249 2001 4320 natus,ju-

357 4335 510 4390 ravit
529 4349 592 4392 se
635 4335 909 4392 Romanis
929 4337 1219 4406 nunquam
1237 4335 1486 4392 amicum
1519 4337 1797 4394 futuam.
1822 4335 1996 4410 Pyre-

356 4437 517 4480 naeos
537 4429 767 4480 montes
783 4427 1193 4494 transgressus
1216 4423 1369 4480 inter
1387 4423 1634 4480 ferociss
1647 4437 1704 4483 ,ιι
1719 4427 1785 4482 as
1807 4423 1996 4482 Gallo-

358 4523 484 4566 rum
503 4515 708 4580 gentes
730 4512 884 4569 ierro
902 4512 1054 4569 viam
1073 4511 1332 4584 aperuit:
1352 4515 1412 4568 ct
1433 4524 1584 4567 nono
1604 4511 1832 4568 domum
1852 4513 1946 4570 die
1964 4527 1994 4570 a

354 4600 637 4672 Pyrenaeo
659 4599 732 4655 ad
757 4599 932 4672 Alpes
956 4601 1240 4672 pervenit,
1266 4602 1442 4671 atque
1464 4599 1652 4656 invias
1677 4603 1852 4672 rupes
1877 4601 1994 4670 igni

243 4727 251 4732 -
357 4687 631 4760 ferroque
650 4688 913 4758 rescidit,
931 4689 1252 4760 quintoque
1275 4688 1510 4746 discum
1527 4689 1776 4745 maxime
1797 4688 1996 4747 labore

356 4777 428 4833 ad
461 4775 629 4849 plana
659 4777 952 4849 pervenit:
988 4780 1120 4833 cum
1157 4777 1427 4850 Scipione
1455 4776 1700 4834 consule
1732 4776 1995 4849 praelium

355 4865 668 4923 commisit,
689 4865 1026 4938 ipseScipio
1042 4866 1122 4922 ibi
1136 4867 1296 4936 gravi
1307 4864 1748 4924 tervulneratus
1763 4879 1866 4938 per
1879 4867 1997 4922 Sci-

357 4953 585 5026 pionem
601 4955 782 5014 filium
797 4954 1103 5012 admodum
1125 4959 1556 5027 praetextatum,
1577 4957 1672 5028 qui
1697 4969 1802 5028 pos
1849 4957 1996 5013 Afri-

357 5054 538 5098 canus
556 5043 752 5102 dictus
765 5044 957 5115 est,ab
971 5045 1095 5116 ipsa
1112 5043 1600 5104 morteliberatus
1613 5043 1804 5102 evasit
1840 5047 1995 5103 Sem-

358 5128 600 5200 pronius
635 5133 842 5191 consul
876 5131 1150 5190 similiter
1187 5144 1317 5190 cum
1339 5146 1408 5190 eo
1444 5145 1822 5205 congressus,
1848 5146 1992 5207 pene

357 5215 522 5273 solus
535 5220 895 5278 evasit.Anni
905 5220 999 5280 bal
1013 5221 1289 5280 violentia
1306 5222 1564 5294 frigoris,
1579 5221 1910 5293 vigiliarum
1925 5236 1992 5281 ac

357 5304 840 5378 laboris,oculum
853 5313 1071 5370 amisit.
1090 5313 1175 5370 Ad
1187 5312 1636 5384 Tbrasymenum
1650 5311 1860 5384 lacum,
1877 5312 1994 5368 Fla-

357 5395 536 5452 minio
565 5397 808 5454 consule
841 5399 1062 5472 occiso,
1094 5405 1387 5462 Romanus
1406 5403 1706 5460 exercitus
1731 5403 1992 5461 funditus

360 5484 690 5546 trucidatus
719 5485 831 5548 est.
853 5485 1021 5564 Apud
1043 5492 1268 5554 Cannas
1290 5492 1555 5568 Appulite
1571 5492 1764 5555 vicum
1781 5493 1992 5554 Lucius

2023 4385 2077 4448 D

2119 1776 2248 1834 balc
2275 1786 2407 1833 cum
2438 1781 2574 1834 octo
2605 1774 2864 1833 millibus
2889 1773 3131 1834 millium
3162 1789 3372 1835 etesus.
3402 1779 3610 1837 Cneius
3631 1781 3763 1838 Ful-

2116 1865 2248 1922 vius
2272 1870 2491 1936 prietor
2509 1865 2720 1922 victus;
2743 1864 2990 1921 Annibal
3013 1865 3084 1920 ad
3104 1867 3378 1923 Anienem
3401 1867 3638 1924 fluvium
3658 1870 3763 1926 tri-

2120 1954 2230 2010 bus
2259 1951 2518 2010 millibus
2549 1953 2622 2009 ab
2652 1953 2826 2023 Urbe,
2859 1964 2990 2010 cum
3036 1955 3134 2011 Cn.
3183 1953 3387 2012 Fulvio
3417 1957 3479 2012 et
3509 1955 3760 2029 Sulpitio

2118 2041 2463 2099 consulibus
2493 2053 2741 2114 pugnam
2773 2043 3219 2114 commissurus,
3246 2043 3444 2100 subito
3486 2044 3670 2102 imbre
3697 2051 3760 2102 et

2115 2131 2400 2202 grandine
2431 2129 2622 2188 mistai
2662 2132 2916 2188 nubibus
2946 2130 3154 2202 eii‘uso,
3187 2131 3432 2190 territus
3473 2133 3530 2190 in
3562 2139 3758 2192 castra

2119 2220 2640 2292 refugit.Tuncque
2671 2217 2893 2276 dixisse
2917 2219 3104 2276 fertur
3135 2234 3150 2276 ε
3184 2220 3482 2292 potiundae
3505 2222 3620 2280 sibi
3649 2223 3761 2280 Ro-

2117 2318 2225 2365 mae
2257 2308 2430 2364 modo
2459 2301 2818 2365 voluntatem
2851 2321 2963 2364 non
2996 2307 3144 2378 dari,
3176 2308 3349 2365 modo
3381 2313 3754 2381 potestatem.

2120 2395 2423 2468 Scipiones
2437 2395 2554 2453 duo
2569 2396 2782 2452 fratres
2797 2396 2852 2452 in
2869 2391 3144 2468 Hispania
3159 2395 3543 2454 Asdrubalem
3556 2400 3761 2455 Poeno-

2117 2497 2243 2543 rum
2281 2485 2695 2558 imperatorem
2724 2485 3076 2556 gravissimo
3117 2485 3270 2542 bello
3311 2491 3754 2558 oppresserunt.

2116 2575 2272 2632 idem
2286 2573 2375 2630 Sci
2385 2575 2590 2646 pioncs
2601 2574 2772 2630 ambo
2789 2585 2822 2630 e
2843 2574 3024 2630 fratre
3039 2571 3384 2630 Asdrubalis
3407 2573 3460 2630 in
3482 2574 3758 2646 Hispania

2117 2661 2410 2721 interfecti
2432 2667 2572 2720 sunt
2591 2679 2607 2730 ;
2628 2675 2658 2718 a
2681 2662 2789 2730 Qu,
2811 2657 3012 2718 Fulvio
3033 2660 3224 2733 Capua
3237 2663 3406 2734 capta
3426 2665 3537 2718 est;
3560 2663 3760 2734 Scipio

2117 2763 2301 2808 annos
2322 2756 2495 2808 natus
2512 2751 2719 2821 viginti
2752 2755 3025 2822 quatuor,
3052 2750 3360 2822 imperium
3391 2749 3448 2805 in
3477 2750 3755 2822 Hispania

2119 2837 2540 2913 proconsulare
2571 2839 2822 2902 sortitus
2870 2843 2982 2910 est,
3018 2851 3125 2910 pro
3157 2843 3324 2910 patre
3341 2842 3401 2895 et
3432 2833 3641 2910 patruo
3673 2839 3751 2894 ibi

2117 2927 2354 2985 occisis;
2389 2929 2686 2998 Magonem
2721 2928 2958 2983 fratrem
2997 2923 3300 2983 Annibalis
3347 2930 3582 2998 captum
3623 2937 3752 2983 cum

2119 3016 2353 3072 caeteris
2383 3016 2620 3072 Romam
2644 3015 2824 3072 misit,
2861 3011 3056 3086 Scipio
3090 3015 3399 3070 Pcenorum
3423 3013 3628 3071 ducem
3649 3016 3754 3070 As-

2119 3103 2420 3160 drubalem
2451 3103 2615 3174 vicit,
2647 3107 2708 3160 et
2736 3102 2952 3160 castris
2983 3102 3164 3158 exuit,
3191 3101 3533 3158 Universum
3555 3103 3756 3174 Hispa-

2117 3193 2270 3248 niain
2319 3198 2350 3248 a
2380 3193 2656 3264 Pyrenaeo
2688 3199 2874 3262 usque
2903 3190 2975 3246 ad
2999 3191 3287 3247 Oceanum
3315 3189 3372 3245 in
3397 3190 3753 3262 provinciam

2117 3275 2362 3352 redegit,
2419 3281 2634 3338 Consul
2671 3280 2802 3338 cum
2852 3279 3072 3338 Licinia
3132 3277 3344 3336 Crasso
3393 3283 3649 3352 creatus,
3695 3279 3751 3337 in

2117 3369 2368 3427 Africam
2400 3369 2656 3426 transiit,
2749 3389 2762 3397 ·
2851 3449 2854 3451 Α
3691 3433 3708 3451 .

2187 3461 2483 3516 Annonem
2499 3457 2807 3516 Amilcaris
2827 3449 3008 3514 filium
3027 3458 3231 3514 ducem
3251 3459 3560 3514 Ptenorum
3576 3449 3754 3512 inter-

2116 3547 2271 3604 fecit.
2321 3547 2612 3605 Asdrubal
2659 3548 2978 3619 imperator
3025 3547 3429 3617 Carthaginem
3469 3544 3753 3618 profugus

2110 3636 2290 3694 venit;
2328 3633 2576 3694 Annibal
2606 3636 2660 3692 in
2694 3635 2858 3692 italia
2891 3629 3150 3694 Flavium
3181 3633 3590 3708 proconsulem
3619 3641 3750 3689 cum

2113 3725 2382 3784 undecim
2415 3725 2670 3782 tribunis
2703 3719 3016 3783 interfecit.
3040 3723 3348 3795 Mdrcellus
3379 3721 3588 3779 consul
3619 3725 3751 3778 cum

2111 3813 2395 3872 Annibale
2419 3814 2614 3871 triduo
2637 3814 2916 3871 continuo
2938 3812 3257 3870 dimicavit.
3274 3811 3468 3868 Primo
3491 3809 3607 3882 die,
3625 3811 3748 3882 pari

2112 3907 2302 3978 pugna
2327 3901 2654 3960 discessum
2684 3906 2808 3970 est;
2841 3901 3132 3972 sequenti,
3152 3901 3348 3958 victus
3376 3897 3612 3966 consul;
3637 3903 3752 3954 ter-

2111 3993 2215 4062 tio,
2241 3991 2436 4048 victor
2453 3991 2790 4047 Annibalem
2814 3991 3012 4060 fugere
3033 3991 3091 4045 in
3113 3994 3308 4048 eastra
3331 3981 3634 4060 compulit.
3651 3987 3752 4042 Fa-

2111 4079 2242 4136 bius
2277 4079 2558 4135 Masimus
2597 4077 2826 4148 consul,
2863 4079 3170 4134 Tarentum
3221 4080 3348 4148 quae
3395 4089 3426 4132 a
3474 4073 3750 4132 Romanis

2111 4167 2464 4239 desciverat,
2483 4167 2640 4239 ’cepit
2663 4169 2676 4222 ξ
2704 4167 2902 4237 ibique
2925 4166 3192 4234 ingentes
3205 4165 3407 4237 copias
3422 4161 3746 4232 Annibalis,

2110 4270 2240 4313 cum
2271 4245 2401 4328 ipso
2448 4255 2594 4312 duce
2622 4255 2749 4326 ejus‘
2797 4253 3145 4311 carthalone
3185 4253 3438 4320 delevit;
3471 4250 3748 4308 Claudius

2109 4339 2416 4402 Marcellus
2447 4342 2653 4401 consul
2676 4343 2749 4400 ab
2774 4341 3056 4400 Annibale
3077 4349 3208 4400 cum
3229 4341 3494 4400 exercitu
3511 4339 3748 4398 occisus

2107 4437 2218 4492 est.
2239 4430 2484 4490 Annibal
2508 4433 2818 4504 utrumque
2843 4428 3487 4489 consulemuarceilum
3517 4431 3578 4485 et
3597 4427 3750 4486 Cris-

2107 4525 2273 4596 spum
2291 4519 2526 4579 ins‘idiis
2539 4521 2973 4579 circumventos
2989 4515 3286 4576 interfecit
3300 4523 3316 4585 ξ
3331 4515 3623 4575 Asdrubal
3637 4516 3748 4572 fra-

2108 4615 2200 4668 ter
2221 4607 2522 4668 Anhibaiis
2551 4617 2583 4666 a
2612 4601 2803 4667 Marco
2836 4605 2995 4664 Livio
3017 4609 3077 4663 et
3099 4605 3339 4664 Claudio
3361 4601 3586 4663 Nerone
3611 4613 3748 4661 cons

2107 4697 2338 4757 sulib'us
2371 4699 2726 4772 praeventus,
2750 4701 2882 4754 cum
2901 4695 3054 4752 omni
3079 4693 3344 4752 exercitu
3367 4701 3476 4752 suo
3499 4694 3556 4749 in
3580 4687 3746 4750 italia

2107 4772 2456 4845 interfectus
2469 4789 2580 4844 est.
2600 4777 2869 4842 Annibali
2883 4789 3060 4857 caput
3073 4784 3274 4841 fratris
3289 4783 3379 4840 sui
3397 4779 3746 4840 Asdrubalis

2106 4877 2239 4934 ante
2283 4879 2477 4932 castra
2511 4875 2699 4947 ipsius
2749 4875 3094 4946 projectum.
3130 4871 3508 4946 sempronius
3537 4868 3745 4927 consul

2103 4970 2234 5024 cum
2267 4961 2549 5022 Annibale
2578 4970 2957 5035 ceng‘ressus,
2990 4966 3050 5020 et
3075 4963 3292 5034 Victus,
3325 4963 3562 5018 Romam
3594 4959 3746 5016 refu-

2105 5055 2208 5125 git.
2237 5050 2483 5110 Annibal
2507 5052 2642 5125 post
2661 5051 2942 5110 tredecim
2966 5059 3150 5108 annos
3173 5047 3366 5107 redire
3388 5050 3445 5106 in
3467 5047 3741 5117 Africam,

2099 5143 2302 5216 jussus
2333 5142 2600 5199 obsessis
2635 5139 3194 5212 Carthaginiensibus
3227 5139 3562 5208 subvenire,
3597 5133 3743 5193 tiens

2104 5227 2344 5303 reliquit
2373 5228 2621 5302 Italiam,
2655 5229 2925 5286 omnibus
2967 5226 3156 5284 Italici
3187 5227 3421 5298 generis
3454 5223 3744 5282 militibus

2102 5319 2198 5392 qui
2240 5319 2403 5392 Sequi
2478 5318 2701 5376 uellent
2747 5317 3100 5389 interfectis,
3134 5317 3505 5386 Cathaginem
3556 5313 3740 5382 venit,

2103 5408 2460 5480 colloquium
2479 5408 2771 5480 Scipionis
2799 5408 2948 5480 petit
2971 5413 2984 5462 ἑ
3011 5406 3108 5464 ubi
3133 5409 3263 5462 cum
3283 5411 3347 5460 se
3368 5401 3468 5458 diu
3499 5398 3740 5455 attoniti

2103 5498 2488 5559 admiratione
2520 5500 2717 5558 mutua
2749 5496 3177 5572 suspexissent,
3203 5493 3418 5550 infecte
3453 5488 3615 5564 pacis
3644 5489 3742 5547 nc-
