4078 6180
315 252 374 303 ci
1476 238 1898 333 canonicos.
1943 260 2010 290 —-
2047 242 2242 305 mss
2273 242 2549 318 QUINTA.
2624 254 2627 261 ε
2902 216 2915 228 ’
3645 258 3714 312 aa

311 367 490 437 gotio,
537 367 805 437 praelium
846 374 1180 426 consertum
1212 377 1322 427 est.
1373 372 1509 430 inde
1541 369 1785 429 Annibal
1817 386 1946 428 cum
1979 370 2037 432 A
2066 374 2362 431 Gracchus
2383 372 2650 429 Tiberius
2692 372 3090 443 Sempronius,
3132 371 3284 444 apud
3322 372 3597 431 Viennam
3624 389 3715 431 ur-

313 455 512 528 pan'cis
536 456 696 511 inter
714 457 1024 514 tumultum
1038 456 1123 513 eia
1135 473 1296 530 psus,
1318 461 1604 518 Adrumen
1617 465 1733 517 tum
1753 460 1953 516 confu-

309 546 411 613 git.
439 536 1007 612 Carthaginiensibus
1034 560 1142 617 pax
1166 561 1269 618 per
1291 549 1621 621 Scipionem
1644 560 1948 619 concessa,

309 638 483 689 navos
508 631 821 703 plusquam
845 633 1175 704 quingenta:
1199 637 1471 694 incensae.
1517 636 1712 709 Scipio
1751 638 1955 695 trium-

308 721 491 793 phans
514 722 732 777 Urbem
758 721 1083 791 ingreSsus,
1110 733 1345 795 quam,8
1362 726 1668 783 Terentius
1690 727 1951 783 comicus

302 824 375 865 ex
422 808 730 864 nubilibus
781 811 1323 879 Carthaginensium
1374 814 1626 885 captivis
1677 813 1949 886 pileatus,

303 897 459 967 quod
482 897 720 966 insigne
743 896 980 953 incultae
1002 899 1114 955 sibi
1143 899 1438 958 libertatis
1465 902 1573 958 fuit
1598 902 1954 974 triumphan-

302 991 416 1041 tem
434 990 574 1057 pest
586 996 829 1041 currum
844 990 1083 1043 secutus
1098 991 1207 1044 est;
1226 990 1505 1045 Punicum
1523 988 1734 1046 bellum
1750 1004 1954 1047 secun-

302 1073 436 1129 dum
464 1072 719 1143 finitum,
754 1074 910 1144 quod
932 1070 1160 1143 gestum
1184 1082 1278 1132 est
1299 1078 1467 1132 annis
1490 1078 1805 1135 sexdecim.

375 1160 558 1232 [4588]
578 1160 935 1218 Ptolomaeus
950 1163 1267 1232 Evergetes
1294 1164 1475 1220 frater
1506 1167 1832 1237 superioris
1866 1176 1952 1224 re-

299 1250 391 1318 gis
409 1249 585 1305 anuis
597 1250 809 1318 viginti
829 1258 952 1320 sex,
969 1251 1064 1321 qui
1084 1250 1217 1307 inde
1230 1253 1547 1321 Evergetes
1560 1254 1634 1309 ab
1665 1255 1950 1326 Egyptiis

298 1342 389 1393 est
412 1341 690 1406 vocatus,
717 1338 852 1407 quia
895 1344 1063 1410 capta
1106 1341 1267 1410 Syria
1311 1348 1340 1396 a
1384 1339 1606 1411 Cilicia,
1649 1348 1709 1398 et
1749 1350 1953 1415 prope-

297 1426 539 1482 modum
564 1424 839 1483 uni‘versa
863 1426 1021 1497 Asia,
1048 1427 1201 1484 inter
1223 1429 1521 1486 innumera
1547 1431 1771 1499 argenti
1815 1441 1953 1502 pon-

298 1514 436 1571 dera
460 1526 534 1570 ac
558 1514 698 1570 vasa
725 1514 1006 1585 pretiosa,
1031 1516 1206 1572 etiam
1231 1516 1374 1573 deos
1397 1526 1598 1575 eorum
1623 1530 1770 1589 quos
1794 1522 1953 1575 Cam-

298 1602 498 1673 byses,
524 1608 697 1674 capta
722 1604 987 1674 .Egypte,
1014 1603 1069 1660 in
1095 1605 1305 1661 Persas
1346 1610 1702 1677 portaverat,
1750 1603 1952 1665 retulit

2063 466 2191 523 hem
2238 461 2458 530 Galliae,
2502 461 2557 516 in
2608 454 2941 532 Hispaniam
3000 459 3336 516 ulteriorem
3391 462 3708 533 transiens,

2059 552 2379 610 Platomam
2404 550 2550 605 miro
2573 560 2752 620 opere
2782 546 3139 617 construxit,
3175 552 3234 604 et
3259 554 3491 619 pontem
3532 554 3712 621 super

2059 641 2401 699 Rhodanum
2444 640 2517 693 ab
2547 643 2798 708 utroque
2837 636 3042 693 littore
3082 637 3300 693 castris
3346 638 3489 691 miro
3531 653 3708 709 opere

2063 729 2321 787 fundatis
2362 726 2729 799 superduxit.
2771 727 2832 781 P.
2876 725 3096 781 Licinio
3136 726 3370 793 Crasso,
3410 728 3467 781 C.
3504 727 3706 782 Cassio

2062 818 2320 887 Longino
2343 829 2500 872 coss.
2529 814 2960 871 Macedonicum
2986 812 3199 870 bellum
3237 818 3466 883 gestum
3493 831 3507 867 ε
3534 815 3591 869 in
3611 827 3710 869 au-

2061 906 2205 963 xilio
2227 907 2616 962 Romanorum
2641 908 2763 959 tota
2788 903 3035 974 primum
3060 901 3247 972 Italia,
3286 902 3496 958 deinde
3517 897 3711 957 Ptolo-

2063 1000 2244 1051 maeus
2275 1004 2375 1050 rex
2390 991 2638 1063 rEgypti,
2665 996 2726 1047 et
2749 991 3066 1047 Ararathes
3090 989 3493 1061 Cappaddcize,
3509 990 3711 1046 Eume-

2062 1094 2166 1141 nes
2209 1083 2383 1150 Asiae,
2427 1081 2767 1138 Massinissa
2808 1079 3091 1135 Numidiae
3135 1078 3707 1135 fuerunt:Perseum

2060 1172 2335 1229 Demetrii
2362 1169 2613 1242 Philippi
2642 1168 2843 1238 ﬁliuni,
2869 1173 2929 1224 et
2951 1160 3294 1225 Macedones
3319 1169 3505 1225 secuti
3532 1173 3670 1225 sunt
3692 1188 3704 1224 :

2058 1262 2309 1317 Thraces
2341 1274 2471 1315 cum
2498 1268 2631 1329 rege
2655 1258 2823 1314 Chesi
2848 1261 2907 1314 et
2931 1257 3187 1314 universi
3214 1256 3529 1328 lllyriicum
3574 1270 3709 1326 rege

2062 1350 2269 1405 Gentio
2303 1347 2620 1405 commisso
2655 1345 2857 1417 przelio
2890 1346 3030 1402 Victi
3075 1338 3274 1414 fugere
3310 1346 3572 1402 Romani.
3614 1346 3708 1401 Se-

2062 1440 2275 1509 quente
2300 1449 2509 1508 pugna,
2538 1442 2682 1506 pene
2705 1435 2827 1506 pari
2853 1428 3089 1491 cladein
3106 1433 3348 1490 hiberna
3374 1433 3705 1490 discessum

2060 1531 2171 1582 est.
2198 1524 2414 1581 Deinde
2433 1525 2683 1580 Perseus
2704 1521 2905 1578 multis
2929 1514 3089 1594 praeli
3099 1521 3149 1577 is
3162 1522 3426 1578 exercitu
3445 1523 3706 1577 Romano

2062 1613 2395 1686 proﬂigato,
2422 1612 2477 1667 in
2505 1610 2797 1683 Illyricum
2824 1610 3079 1667 transiit.
3122 1609 3467 1666 Praesidium
3504 1604 3707 1665 Roma-

290 1689 639 1746 .indreoi'um
663 1691 925 1762 pontifex
948 1691 1145 1763 Onias,
1181 1692 1433 1749 Simonis
1451 1693 1597 1765 justi
1634 1686 1811 1765 illius,
1836 1695 1952 1751 cla-
1978 1704 2033 1777 Β
2060 1706 2263 1758 norum
2291 1700 2684 1773 expugnavit:
2712 1699 2807 1755 ubi
2835 1706 3098 1767 magnam
3123 1697 3556 1755 multitudinem
3598 1700 3707 1755 Ro-

295 1792 394 1834 rus
430 1778 708 1834 habetur;
754 1779 931 1849 Cujus
971 1779 1107 1837 item
1151 1779 1308 1838 illius
1349 1781 1544 1837 Simon
1586 1784 1696 1837 non
1738 1783 1949 1839 minori

290 1864 484 1935 gloria
512 1863 718 1936 fulget;
746 1864 863 1922 Sub
885 1878 999 1938 quo
1019 1870 1189 1925 Iesus
1214 1866 1369 1939 illius
1405 1869 1605 1925 Sirach
1639 1868 1950 1942 Sapientia)

291 1950 514 2010 librum
538 1956 922 2026 cdmponens,
948 1968 1115 2027 quem
1150 1959 1496 2014 Panaretum
1538 1962 1711 2015 vocat
1736 1966 1748 2014 ‘:
1773 1958 1948 2016 etiam

288 2043 555 2098 Simonis
580 2043 732 2099 ineo
776 2043 915 2100 fecit
958 2045 1327 2101 mentionem.
1366 2045 1680 2103 Flaminius
1705 2060 1950 2119 procon-

287 2129 408 2201 sul,
436 2127 774 2203 Philippum
798 2144 992 2201 regem
1040 2132 1101 2189 et
1147 2134 1277 2190 cuin
1325 2146 1396 2191 eo
1442 2134 1715 2206 Thracas,
1770 2138 1949 2193 Mace-

288 2233 423 2289 nes,
464 2216 724 2291 Illyrios,
768 2219 1101 2291 multasque
1140 2227 1421 2293 praeterea
1461 2220 1688 2293 gentes,
1730 2238 1858 2295 quae
1890 2225 1946 2281 in

287 2307 585 2364 auxilium
619 2308 747 2378 ejus
790 2314 1090 2378 venerant,
1128 2308 1280 2366 bello
1322 2311 1575 2379 subegit.
1625 2312 1948 2369 Antiochus

287 2406 395 2451 rex
451 2396 639 2467 Syriae
689 2394 903 2452 bellum
941 2402 1146 2453 contra
1189 2396 1464 2469 pupulum
1497 2400 1814 2457 Romanum
1866 2402 1948 2457 in-

289 2486 566 2553 struens,
593 2483 648 2539 in
664 2484 953 2555 EurOpam
976 2485 1252 2541 transivit
1272 2499 1343 2542 ex
1357 2486 1513 2543 Asia.
1534 2487 1780 2544 Annibal
1795 2488 1948 2545 exhi-

290 2570 422 2628 beri
455 2573 699 2628 Romam
730 2586 761 2627 a
797 2573 1242 2643 senatujussus,
1262 2572 1410 2631 clam
1429 2588 1503 2631 ex
1533 2574 1726 2632 Africa
1759 2577 1948 2647 profe-

288 2667 450 2729 ctus,
507 2659 581 2716 ad
625 2659 974 2717 Antiochum
1017 2661 1291 2731 migravit
1347 2681 1360 2717 :
1405 2676 1573 2733 quem
1622 2678 1751 2719 cum
1792 2665 1945 2736 apud

288 2749 595 2819 Ephesum
611 2748 934 2805 invenisset
954 2752 1347 2821 cunctantem,
1373 2764 1507 2806 mox
1529 2751 1585 2806 in
1612 2750 1824 2808 bellum
1845 2752 1947 2809 im-

288 2835 472 2908 pulit.
499 2835 691 2908 Scipio
714 2836 1022 2893 Africanus
1046 2837 1199 2893 inter
1219 2843 1470 2895 caeteros
1493 2839 1720 2909 legatos
1742 2840 1813 2896 ad
1834 2843 1946 2899 An-

291 2925 567 2980 tiochum
608 2922 847 2994 r‘nissus,
882 2923 1057 2980 etiam
1094 2938 1224 2981 cum
1263 2926 1545 2982 Annibale
1584 2927 1943 2998 colloquium

293 3009 591 3068 familiare
615 3012 818 3092 habuit
843 3030 856 3067 :
884 3012 986 3070 sed
1011 3012 1228 3070 infecto
1254 3014 1415 3085 pacis
1438 3015 1694 3085 negotio,
1739 3016 1810 3071 ab
1835 3018 1945 3073 An-

294 3100 501 3157 tiocho
513 3098 816 3157 discessit.
837 3101 1277 3172 Commissoque
1300 3100 1476 3173 bello,
1502 3116 1533 3158 a
1555 3101 1799 3160 consule
1818 3104 1945 3161 Gla-

291 3188 505 3245 brione
528 3194 846 3260 superatus
870 3189 1195 3246 Antiochus
1236 3190 1333 3245 vix
1373 3204 1502 3247 cum
1546 3190 1748 3262 paucis
1794 3192 1945 3263 fugit

289 3276 802 3348 epraelitherum
826 3277 1021 3349 Scipio
1053 3278 1361 3335 Africanus
1383 3279 1602 3335 habens
1635 3280 1692 3336 in
1724 3280 1942 3337 auxilio

290 3367 611 3425 Eumenem
645 3366 823 3424 Attali
859 3365 1060 3437 illium,
1113 3366 1398 3424 adversus
1438 3367 1800 3439 Annibalem,
1844 3370 1941 3440 qui

293 3458 427 3512 tunc
454 3453 737 3512 Antiochi
760 3454 938 3512 classi
964 3461 1235 3527 praeerat,
1262 3454 1475 3513 bellum
1498 3455 1701 3514 navale
1730 3459 1938 3527 gessit.

291 3544 648 3615 Antiochus,
674 3544 832 3602 victo
855 3544 1137 3601 Annibale
1159 3549 1333 3616 atque
1364 3545 1421 3600 in
1447 3546 1637 3616 fugam
1678 3551 1831 3619 acto,
1866 3547 1943 3604 si-

293 3631 536 3704 mulque
567 3634 723 3689 omni
766 3634 1029 3691 exercitu
1071 3633 1311 3705 amisso,
1347 3647 1546 3706 pacem
1587 3636 1837 3707 rogavit,
1880 3636 1944 3692 fl-

287 3720 550 3792 linmque
594 3722 851 3779 Africani
894 3723 1203 3794 (incertum
1244 3725 1476 3795 quando
1504 3726 1752 3796 ceperit)
1784 3724 1939 3783 ultro

287 3802 538 3868 remisit.
588 3811 838 3869 Annibal
877 3813 1030 3885 apud
1081 3814 1346 3870 Prusiam
1398 3814 1695 3887 Bythynize
1746 3829 1938 3886 regem

284 3912 409 3956 cum
434 3912 471 3955 a
496 3898 779 3957 Romanis
806 3906 1238 3972 reposceretur,
1280 3914 1503 3960 veneno
1535 3916 1667 3959 sese
1687 3906 1933 3960 necavit.

347 3986 669 4061 Philippus
692 3998 815 4059 rex,
843 3989 937 4060 qui
964 3988 1191 4059 legatos
1216 3989 1413 4062 populi
1437 3991 1677 4047 Romani
1704 3991 1939 4050 interfe-

285 4078 472 4146 cerat,
491 4078 1024 4148 pr0pterDemetrii
1051 4077 1150 4134 filii
1169 4079 1281 4149 sui,
1307 4092 1474 4150 quem
1491 4079 1743 4149 legatum
1769 4080 1939 4137 mise-

286 4168 391 4237 rat,
418 4166 966 4224 verecundissimus
992 4174 1218 4240 preces,
1244 4170 1471 4225 veniam
1503 4169 1753 4227 meruit:
1780 4185 1937 4227 eum-

284 4254 407 4311 dem
432 4252 795 4312 Demetrium
837 4256 1121 4312 continuo
1154 4256 1314 4313 velut
1344 4259 1619 4314 Romanis
1660 4258 1931 4330 amicum,

281 4343 869 4414 fratremqueipsius,
890 4354 1111 4401 veneno
1136 4346 1383 4402 necavit.
1412 4347 1605 4418 Scipio
1622 4347 1930 4405 Africanus

281 4431 349 4487 ab
371 4432 612 4500 ingrata
637 4432 750 4488 sibi
775 4434 929 4489 Urbe
952 4433 1051 4489 diu
1073 4432 1373 4503 exsulans,
1399 4434 1550 4505 apud
1568 4434 1928 4492 Amiternum

279 4519 563 4591 Oppidum
578 4521 784 4577 morbo
808 4521 1002 4593 periit.
1031 4521 1245 4594 Lepido
1267 4526 1327 4578 et
1348 4522 1534 4578 lucio
1557 4521 1925 4595 consulibus,

281 4607 701 4666 Basternarum
717 4614 859 4678 gens
884 4610 1270 4680 ferocissima,
1297 4612 1540 4667 auctore
1561 4610 1778 4667 Perseo
1801 4612 1931 4667 Phi-

279 4694 419 4769 lippi
448 4696 594 4765 filio,
622 4697 950 4769 praedarum
973 4710 1078 4770 spe
1100 4698 1442 4770 sollicitata,
1484 4703 1544 4755 et
1589 4700 1928 4756 transeundi

284 4784 467 4841 ilistri
492 4786 752 4843 fluminis
778 4786 1077 4857 facultate,
1102 4786 1230 4845 sine
1253 4786 1368 4845 ulla
1395 4794 1585 4859 pugna
1610 4782 1703 4843 vel
1733 4786 1929 4859 aliquo

283 4870 456 4930 hoste
478 4872 673 4932 deleta
695 4878 806 4933 est;
835 4876 972 4932 Nam
1016 4878 1153 4932 tunc
1176 4877 1345 4933 forte
1382 4866 1703 4948 Danubius,
1746 4877 1841 4948 qui
1872 4881 1934 4934 et

282 4960 502 5032 ilister,
536 4963 739 5021 cras‘sa
783 4963 971 5034 glacie
1012 4968 1347 5037 superatus,
1392 4964 1723 5037 pedestrem
1764 4965 1933 5023 facile

282 5051 599 5107 transitum
645 5052 999 5124 patiebatur,
1043 5054 1392 5110 enormitate
1434 5054 1616 5123 igitur
1656 5055 1932 5125 ponderis

279 5146 335 5193 et
384 5141 784 5197 concusSione
825 5140 1205 5210 gladientium
1246 5146 1639 5214 cencrepante
1678 5141 1834 5214 gelu,
1870 5152 1933 5200 se

285 5225 553 5295 glacialis
573 5231 778 5287 crusta
803 5229 1098 5302 dissolvit,
1124 5231 1579 5301 universumque
1621 5231 1677 5287 in
1723 5230 1931 5289 mediis

283 5317 616 5388 gurgitibus
640 5318 798 5375 victa
821 5322 882 5375 et
903 5318 1255 5377 comminuta
1271 5319 1563 5377 destituit.
1593 5318 1833 5378 Vulcani
1849 5321 1933 5377 in-

288 5404 433 5477 sula,
454 5421 585 5479 quae
606 5410 747 5465 uate
769 5420 885 5465 non
910 5408 1118 5479 fuerat,
1146 5412 1384 5482 repente
1408 5409 1465 5465 in
1492 5409 1633 5466 mari
1663 5414 1791 5467 orta
1815 5411 1926 5467 est.

1975 3058 2025 3124 C

2061 1796 2362 1847 manorum
2388 1789 2597 1860 partim
2623 1786 2863 1856 occidit,
2890 1787 3100 1858 partim
3125 1780 3235 1844 sub
3257 1794 3473 1843 cerona
3508 1786 3706 1844 vendi-

2061 1878 2168 1949 dit,
2197 1877 2406 1949 partim
2431 1882 2628 1932 secum
2654 1874 2709 1930 in
2732 1874 3124 1931 Macedoniam
3150 1874 3336 1931 duxit.
3366 1874 3475 1930 Sed
3498 1880 3702 1945 postea

2058 1974 2089 2021 a
2114 1966 2170 2023 L.
2214 1962 2441 2021 silmilia
2483 1961 2663 2020 Paulo
2703 1963 2898 2019 victus
2938 1966 2998 2019 et
3036 1968 3266 2033 captus,
3310 1963 3366 2017 in
3410 1960 3702 2033 triumpho

2056 2062 2188 2111 cum
2212 2046 2349 2108 filiis
2372 2057 2507 2108 ante
2531 2050 2767 2108 currum
2790 2055 2980 2119 actus,
3006 2049 3158 2120 apud
3184 2048 3383 2106 Albam
3408 2049 3464 2103 in
3504 2055 3701 2104 custo-

2058 2142 2151 2199 dia
2176 2141 2409 2197 defecit.
2436 2139 2617 2196 Filius
2640 2139 2766 2209 ejus
2792 2138 2992 2209 junior
3016 2138 3295 2194 fabricam
3327 2137 3593 2193 aerariam
3625 2134 3702 2192 ob

2058 2211 2418 2286 tolerandam
2444 2227 2695 2300 inopiam
2720 2227 2915 2284 Romae
2937 2225 3149 2283 didicit
3172 2244 3185 2283 ε
3212 2225 3411 2297 ibique
3432 2236 3702 2282 consum-

2100 2324 2194 2375 tus
2221 2322 2332 2374 68in

2058 2332 2684 2479 ριξέϐῗῗῖΡιοὶοωωυε
2698 2388 3065 2475 Philopator,
3085 2398 3241 2459 illius
3255 2400 3579 2471 Evergetis,
3605 2414 3702 2457 an-

2057 2494 2148 2552 nis
2163 2495 2362 2551 decem
2376 2492 2804 2565 etseptem.Hic
2821 2491 3023 2563 praelio
3040 2492 3254 2549 victisJ
3262 2490 3447 2547 udaais
3460 2502 3701 2545 numero

2057 2583 2361 2652 sexaginta
2381 2585 2738 2638 armatorum
2763 2578 3029 2650 millium,
3052 2576 3265 2636 bellum
3289 2578 3574 2635 adversus
3593 2576 3702 2633 An-

2057 2670 2315 2727 tiochum
2352 2680 2543 2739 regem
2586 2669 2764 2741 Syriie
2797 2669 3012 2725 sumit:
3038 2672 3098 2724 et
3131 2667 3289 2724 victo
3326 2664 3701 2737 Philopatore

2053 2758 2309 2815 Iudaeam
2352 2758 2465 2815 sibi
2507 2757 2776 2814 sociavit.
2814 2755 3146 2813 Iudaeorum
3212 2752 3475 2827 pontifex
3497 2754 3696 2822 Onias,

2055 2846 2212 2903 illius
2236 2845 2508 2915 Simonis,
2546 2844 2795 2913 insignis
2818 2844 3086 2913 habetur,
3127 2843 3199 2898 ad
3236 2854 3405 2912 quem
3442 2841 3701 2898 Lacedae-

2054 2934 2381 2989 moniorum
2408 2942 2511 2989 rex
2532 2932 2738 2988 Arrius
2761 2931 2988 2999 legatos
3011 2931 3194 2985 mittit
3218 2948 3231 2983 :
3259 2927 3536 2985 Claudius
3558 2930 3699 2985 Mar-

2054 3019 2241 3078 cellus
2271 3021 2589 3092 Syracusas
2621 3017 3097 3074 florentissimam
3126 3016 3327 3073 urbem
3361 3014 3574 3073 Siciliae
3605 3030 3699 3089 ce:

2056 3109 2158 3181 pit.
2196 3108 2389 3180 Scipio
2422 3106 2573 3163 alter
2602 3105 2911 3163 Africanus
2944 3103 3099 3161 ultro
3133 3118 3198 3160 se
3227 3103 3612 3160 militaturum
3638 3104 3695 3159 in

2052 3193 2588 3268 Hispaniaohtulit:
2607 3193 3025 3266 profectusque
3047 3200 3286 3262 magnas
3310 3196 3541 3261 strages
3560 3202 3698 3260 gen-

2054 3285 2197 3342 tium
2222 3284 2402 3341 dedit.
2423 3282 2679 3339 Tertium
2701 3282 2983 3339 Punicum
3008 3279 3222 3338 bellum
3244 3285 3534 3335 exortum.
3561 3281 3698 3334 Pro-

2053 3373 2329 3431 consules
2355 3370 3115 3445 profectiinAfricam,cum
3143 3368 3260 3440 jam
3292 3372 3535 3424 senatus
3568 3370 3699 3423 Car-

2054 3461 2348 3530 thaginem
2417 3456 2721 3517 delendam
2790 3458 3144 3528 censuisset,
3207 3456 3700 3526 Carthaginenses

2046 3550 2221 3622 Jussi,
2239 3552 2469 3606 armaet
2482 3560 2660 3605 naves
2676 3546 3064 3605 tradiderunt.
3098 3544 3476 3603 Postmodum
3494 3542 3700 3617 procul

2051 3651 2082 3694 a
2097 3638 2238 3694 mari
2268 3637 2619 3707 residentes,
2636 3632 2898 3693 dolorem
2914 3635 2985 3692 ad
2999 3633 3469 3707 desperationem
3493 3634 3699 3689 contu-

2052 3726 2265 3797 lerunt,
2312 3726 2578 3795 duosque
2615 3725 2795 3781 duces
2839 3722 3200 3781 Asdrubales
3231 3723 3689 3778 creaveruntzet

2050 3816 2292 3886 propter
2315 3813 2569 3884 inepiam
2591 3811 2751 3881 ferri,
2777 3822 2933 3867 arma
2959 3810 3224 3879 aggressi
3241 3807 3690 3877 facere,auriar-

2046 3901 2325 3971 gentique
2357 3899 2612 3957 metallis
2645 3898 3084 3971 suppleverunt.
3123 3895 3492 3965 Carthaginis
3534 3895 3687 3950 situs

2049 3991 2233 4048 fuisse
2247 3989 2576 4062 hujusmodi
2594 3988 2814 4046 dicitur
2827 3988 3063 4057 :Viginti
3079 3987 3195 4044 duo
3215 3984 3393 4042 millia
3410 3998 3687 4056 passuum

2047 4094 2213 4137 muro
2237 4079 2522 4152 amplexa,
2551 4084 2672 4135 tota
2707 4092 2852 4151 pene
2875 4078 3015 4134 mari
3058 4077 3425 4147 cingebatur,
3466 4076 3688 4146 absque

2049 4169 2316 4226 faucibus
2340 4182 2469 4239 quas
2491 4168 2683 4225 tribus
2719 4167 2955 4224 milibus
2991 4166 3424 4237 aperiebantur.
3443 4165 3498 4220 is
3519 4164 3687 4220 locus

2046 4268 2273 4315 murum
2296 4257 2502 4326 viginti
2520 4258 2699 4328 pedes
2722 4256 2901 4313 latum
2923 4256 3130 4313 habuit
3151 4266 3294 4312 saxo
3319 4254 3606 4324 quadrato
3628 4254 3686 4310 in

2045 4344 2145 4402 alti
2158 4346 2412 4402 tudinem
2426 4345 2762 4402 cubitorum
2788 4343 3340 4416 quadraginta.Arci
3365 4343 3527 4399 urbis
3551 4344 3688 4415 Byr-

1961 4406 2013 4467 Ῑ)
2045 4448 2125 4491 ste
2158 4442 2365 4490 nomen
2389 4438 2545 4491 erat:
2566 4433 2736 4506 paulo
2760 4406 3201 4505 ai-npliuquuam
3226 4431 3340 4489 duo
3361 4429 3540 4487 millia
3566 4406 3690 4503 pas-

2044 4524 2214 4580 suum
2234 4518 2485 4580 tenebat.
2504 4524 2586 4578 Ex
2608 4530 2718 4580 una
2736 4525 2899 4594 parte
2917 4526 3118 4578 murus
3150 4520 3476 4577 communis
3488 4523 3687 4577 estur-

2044 4611 2440 4683 bisetByrste,
2465 4612 2772 4668 imminens
2792 4610 2955 4667 mari.
2975 4599 3229 4667 Primum
3253 4608 3326 4665 ab
3354 4610 3686 4667 naccousu-

2043 4700 2129 4758 les
2143 4700 2363 4772 repulsi
2400 4704 2413 4757 ξ
2450 4699 2660 4757 deinde
2680 4701 2752 4757 ab
2773 4699 3043 4771 Scipione
3066 4688 3219 4755 intra
3251 4702 3450 4755 muros
3482 4698 3684 4752 hostes

2044 4787 2285 4861 repulsi.
2303 4788 2595 4845 Asdrubal
2610 4787 3315 4860 imperator,Massinisste
3330 4786 3486 4853 regis
3499 4783 3686 4839 Numi-

2043 4876 2155 4932 ἀίω
2187 4882 2368 4950 nepos
2401 4875 2818 4933 subselliorum
2852 4876 3192 4947 fragmentis
3224 4876 3281 4930 in
3312 4872 3523 4928 curiae
3557 4870 3683 4927 suis

2044 4970 2288 5038 propter
2300 4965 2696 5037 suspicionem
2714 4965 3067 5038 proditionis
3094 4963 3330 5020 occisus
3347 4963 3457 5015 est.
3485 4952 3682 5031 Beipie

2044 5064 2316 5126 suprema
2349 5059 2511 5112 sorte
2544 5050 2951 5126 carthaginem
2983 5053 3179 5111 delere
3218 5048 3458 5107 molitus
3495 5056 3507 5106 ἑ
3547 5050 3682 5108 dum

2043 5145 2340 5202 continuis
2356 5158 2460 5202 sex
2478 5136 2686 5203 diebus
2707 5147 3096 5215 noctibusque
3133 5144 3443 5215 pugnatur,
3480 5140 3682 5203 ultima

2045 5232 2534 5305 Carthaginienses
2563 5236 3032 5307 desperationem
3049 5231 3248 5302 traxit,
3267 5234 3369 5288 rex
3392 5230 3682 5291 Asdrubal

2042 5320 2195 5380 alter
2223 5336 2286 5380 se
2317 5316 2473 5381 ultro
2498 5322 3018 5390 dedit.Transfugze
3051 5320 3147 5393 qui
3181 5314 3496 5395 Esculapil
3545 5324 3684 5379 tem-

2042 5410 2199 5486 plum
2213 5416 2665 5486 occupaverant,
2690 5409 3024 5469 Voluntaria
3046 5411 3375 5487 praecipitio
3398 5410 3541 5484 dati,
3564 5408 3678 5483 igni

353 5563 382 5594 ι
412 5556 487 5618 De
508 5559 785 5621 Terentio
820 5558 1073 5623 Culeone
1103 5559 1219 5623 ista
1260 5559 1639 5636 intelligenda
1675 5560 2004 5636 docuimus,
2038 5577 2165 5638 cap.
2200 5569 2288 5636 19,
2324 5562 2423 5624 lib.
2458 5577 2517 5625 ιγ
2539 5562 2707 5624 Oros.
2741 5566 2791 5621 3.
