4086 6178
407 292 476 348 63
1467 285 1522 341 S.
1567 284 1824 342 ADONIS
1860 281 2294 342 ARCHIEPISC.
2338 283 2750 342 VIENNENSIS
3741 289 3812 347 65

407 409 738 482 consumpti
780 414 945 466 sunt.
979 409 1138 465 Uxor
1182 405 1529 465 Asdrubalis
1575 421 1639 465 se
1686 407 1952 478 duosque
1993 405 2051 462 Ιί-
2078 403 2136 466 Α
2165 405 2376 463 fuisset
2409 421 2634 465 eversa.
2668 408 2945 466 Tbiresus
2968 407 3293 480 respondit,
3317 409 3632 468 concordia
3665 410 3808 469 invi-

409 499 521 556 lios
534 511 732 555 secum
748 498 803 554 in
818 496 1068 556 medium
1077 495 1566 568 jecitincendium
1585 515 1598 552 :
1618 495 1882 553 eumdem
1899 508 2052 552 nunc

407 585 615 642 mortis
645 586 864 642 exitum
895 584 1116 642 faciens
1155 584 1474 641 novissima
1515 584 1714 654 regina
1755 582 2054 652 Carthagi-

407 673 521 744 nis,
545 687 712 745 quem
751 673 934 744 prima
959 671 1196 729 fecerat.
1225 673 1353 744 Ipsa
1385 672 1598 729 civitas
1633 670 2052 744 septemdecim

406 762 703 819 continuis
734 762 942 819 diebus
955 762 1124 832 arsit,
1148 761 1303 818 omni
1321 760 1526 818 murali
1552 761 1747 842 lapide
1774 763 1829 817 in
1856 759 2054 834 pulve-

412 863 532 906 rem
569 850 950 920 communito,
990 849 1514 922 septingentesimo
1539 855 1674 922 post
1693 863 1844 905 anno
1881 861 2052 920 quam

410 938 644 994 concita
673 943 785 994 est.

479 1023 658 1096 [4631]
685 1024 1039 1083 Ptolomaeus
1062 1024 1416 1098 Epiphanes,
1440 1023 1596 1083 illius
1629 1024 2048 1099 Philopatoris,

407 1126 590 1170 annos
601 1113 809 1183 viginti
824 1118 1096 1184 quatuor.
1117 1114 1301 1186 Hujus
1317 1119 1578 1186 tempore
1591 1120 1758 1184 gesta
1773 1120 2053 1186 suntquw

410 1201 650 1258 secundi
674 1200 808 1258 libri
830 1201 1291 1258 Machabzeorum
1305 1201 1855 1260 continethistoria.
1876 1203 2054 1260 Onias

408 1288 687 1346 sacerdos
709 1289 1032 1362 assumptis
1080 1288 1416 1347 Iudaeorum
1459 1288 1750 1362 plurimis,
1806 1291 1956 1362 fugit
1997 1291 2054 1347 in

407 1381 728 1450 Egyptem,
755 1383 814 1435 et
834 1393 864 1435 a
887 1377 1208 1436 Ptolomaeo
1229 1377 1551 1435 honorifice
1591 1385 1926 1454 susceptus,
1963 1394 2058 1438 ac-

409 1470 578 1538 cepta
597 1479 663 1523 ea
691 1467 1070 1538 rcgioncquae
1089 1465 1464 1539 Heliopoleos
1486 1467 1830 1538 vocabatur,
1851 1473 1912 1524 et
1927 1484 2058 1527 eon-

411 1554 657 1610 cedente
680 1569 836 1626 rege,
864 1554 1142 1628 templum
1179 1555 1552 1614 exstruxitin
1581 1553 1833 1630 Egypto
1865 1556 2058 1616 simile

411 1643 627 1716 templo
647 1643 1002 1716 Iudaeorum,
1027 1643 1183 1716 quod
1208 1643 1534 1717 permansit
1559 1659 1746 1717 usque
1768 1646 1841 1702 ad
1883 1647 2059 1720 impe-

2161 498 2276 566 cta,
2297 495 2594 552 discordia
2615 497 2798 553 exitio
2820 496 2946 553 fuit.
2983 495 3339 554 Ptolomaeus
3358 511 3621 556 sororem
3645 514 3809 557 suam
3887 547 3893 552 .

2161 588 2369 655 stupro
2383 584 2700 654 cognitam,
2721 598 2788 641 ac
2809 583 3018 641 deinde
3055 584 3112 643 in
3145 585 3577 644 matrimonium
3610 602 3809 660 recep-

2165 676 2301 742 tam,
2323 672 2643 730 novissimc
2684 673 2915 746 turpius
2937 686 3108 744 quam
3145 672 3315 731 duxit
3349 674 3584 745 abjecit.
3625 676 3811 733 Privi-

2161 774 2330 831 gnam
2351 775 2536 832 suam,
2556 761 2667 818 hoc
2687 765 2782 818 est
2799 761 2974 820 filiam
2989 761 3216 819 sororis
3234 766 3296 819 et
3309 763 3602 835 conjugis,
3617 766 3811 836 conju-

2161 862 2290 919 gem
2308 849 2540 907 ascivit.
2566 849 2774 907 Filium
2797 865 2965 908 suum
2987 864 3156 920 quem
3194 863 3268 906 ex
3304 864 3512 908 sorore
3543 843 3822 925 suscech

2163 941 2274 1004 rat,
2291 951 2517 994 necnon
2534 942 2594 995 et
2612 937 2792 995 filium
2815 937 3017 994 fratris
3029 936 3269 994 occidit.
3292 938 3680 1006 Quamobrem
3695 945 3814 997 tan—

2163 1025 2242 1084 tis
2271 1025 2516 1083 incestis
2554 1024 3006 1098 parricidiisque
3036 1025 3444 1097 exsecrabilis,
3475 1029 3549 1084 ab
3569 1026 3811 1087 Alexan-

2162 1113 2350 1171 drinis
2383 1128 2562 1184 regno
2601 1113 2808 1186 pulsus
2839 1118 2951 1171 est.
2984 1113 3309 1171 Antiochus
3340 1128 3453 1171 non
3494 1121 3809 1175 contentus

2163 1201 2478 1275 Babylonia
2499 1208 2675 1282 atque
2693 1203 3007 1272 Ecbatana,
3029 1206 3272 1274 totoque
3305 1203 3506 1260 Mediae
3543 1203 3807 1276 imperio,

2163 1292 2451 1348 adversus
2473 1292 2850 1348 Pharaartem
2869 1291 3218 1348 Parthorum
3240 1305 3433 1361 regem
3450 1306 3810 1362 congressus

2163 1386 2224 1440 et
2242 1381 2436 1439 victus
2454 1385 2566 1438 est.
2587 1381 2804 1438 Habuit
2833 1379 2986 1438 enim
3024 1381 3080 1436 in
3117 1381 3383 1438 exercitu
3427 1396 3537 1439 suo
3574 1387 3808 1442 centum

2165 1468 2343 1526 millia
2359 1469 2995 1540 armatorum,ducenta
3010 1467 3190 1529 millia
3203 1468 3808 1542 etampliusealonum

2166 1557 2625 1629 atquelixarum,
2649 1557 2899 1614 immista
2919 1557 3138 1615 scortis
3160 1563 3220 1615 et
3238 1557 3648 1618 histrionibus.
3674 1561 3809 1618 Par-

2167 1647 2399 1704 thorum
2424 1645 2606 1716 igitur
2624 1645 2851 1704 viribus
2862 1659 3185 1718 Oppressus
3203 1645 3448 1706 interiit.

411 1731 560 1788 rium
582 1731 944 1804 Vespasiani,
989 1732 1157 1790 annis
1197 1731 1468 1791 ducentis
1509 1738 1569 1791 et
1609 1733 2050 1806 quinquaginta.
2084 1749 2140 1812 Β
2246 1733 2424 1806 [4056]
2489 1733 2844 1792 Ptolomaeus
2890 1733 3272 1806 Philometor,
3337 1735 3506 1792 annis
3567 1736 3807 1806 triginta

411 1821 529 1876 Sub
545 1820 860 1878 occasione
879 1820 1062 1890 igitur
1084 1820 1243 1879 Onias
1259 1821 2063 1894 pontificis,inﬁnita1udaao-
2171 1823 2444 1894 quinque.
2469 1820 2846 1880 Aristobulus
2865 1821 3102 1880 natione
3119 1821 3354 1881 Iudaeus
3386 1823 3808 1898 peripateticus

413 1923 538 1964 rum
562 1908 828 1965 examina
853 1909 910 1965 in
949 1907 1258 1982 Egyptum
1299 1909 1708 1980 confugerunt.
1753 1911 1878 1980 Quo
1921 1917 2062 1970 tem-
2171 1911 3809 1984 philosophusjcognosciturﬂuietiamPhilometoriPto-

411 2010 552 2068 pore
574 2000 635 2052 et
657 1998 877 2070 Cyrene
898 2010 1098 2054 eorum
1123 1996 1498 2056 multitudine
1540 1997 1762 2072 repleta
1802 2005 1916 2071 est,
1960 2017 2062 2074 pu-
2169 1998 2375 2058 lomzeo
2389 1999 3808 2074 explanationuminMoysemcommentariosscri-

409 2084 728 2152 gnantibus
765 2090 974 2141 contra
1016 2099 1080 2144 se
1121 2100 1330 2156 magno
1370 2087 1659 2144 Antiocho
1709 2093 1770 2144 et
1808 2088 2060 2147 ducibus
2171 2089 2308 2161 psit.
2330 2087 2587 2160 Attalus,
2609 2089 2847 2146 Eumeni
2870 2088 3047 2160 illius,
3065 2089 3689 2148 morienstestamento
3709 2106 3808 2164 po-

409 2171 736 2243 Ptolomaai,
755 2172 948 2245 posita
973 2173 1028 2230 in
1053 2173 1452 2232 medioJudzea
1478 2174 1534 2232 in
1548 2177 1846 2232 contraria
1862 2177 2059 2234 studia
2169 2177 2365 2250 pulum
2385 2179 2704 2235 Romanum
2719 2178 2965 2250 imperio
2985 2178 3139 2236 Asiae
3167 2177 3488 2236 succedere
3519 2179 3807 2237 heredem

410 2259 811 2331 scindebatur,
845 2260 978 2320 aliis
1012 2262 1320 2332 Antiocho,
1353 2262 1487 2320 aliis
1509 2263 1828 2322 Ptolomaeo
1869 2265 2061 2322 faven-
2162 2265 2364 2336 jussit.
2391 2265 2647 2325 Licinius
2681 2267 2932 2323 Crassus
2962 2265 3170 2324 consul
3198 2265 3486 2324 adversus
3523 2266 3810 2325 Aristoni-

412 2347 590 2404 tibus.
617 2349 750 2405 Haec
773 2354 965 2406 autem
996 2349 1088 2404 vel
1132 2348 1291 2408 Onias
1314 2349 1407 2407 vel
1450 2353 1687 2410 caeteris
1731 2353 1841 2413 fuit
1881 2367 2058 2411 causa
2168 2367 2301 2411 cum
2333 2353 2513 2412 Attali
2549 2355 2810 2425 fratrem,
2841 2354 2938 2426 qui
2972 2354 3248 2412 traditam
3271 2368 3376 2426 per
3397 2359 3809 2414 testamentum

408 2433 716 2510 Egyptum
733 2436 990 2508 petendi.
1011 2436 1262 2495 Consule
1273 2439 1540 2496 Mummio
1566 2441 2054 2513 Corinthus,urbs
2169 2442 2445 2500 Romanis
2459 2443 2656 2500 Asiam
2676 2447 3176 2516 pcrvaserat,cum
3195 2443 3656 2500 instructissimo
3680 2443 3814 2500 mis-

411 2522 880 2596 opulentissima,
903 2525 1119 2598 quippe
1137 2541 1265 2598 quae
1283 2525 1683 2585 velntoﬂicina
1701 2529 1958 2588 omnium
1971 2544 2057 2588 ar-
2163 2545 2267 2588 sus
2283 2532 2584 2590 exercitu:
2609 2537 2893 2604 praeterea
2907 2545 2939 2587 a
2957 2531 3183 2602 magnis
3198 2531 3458 2602 regibus,
3472 2531 3583 2588 hoc
3595 2537 3708 2601 est,
3723 2532 3816 2588 Ni-

415 2611 633 2671 tiiieum
657 2618 717 2670 et
734 2613 1139 2686 artiﬁciorum,
1163 2619 1224 2672 et
1244 2616 1566 2688 emporium
1580 2631 1886 2676 commune
1900 2620 2054 2678 Asiae
2163 2618 2404 2676 comede
2423 2619 3066 2692 Bithynizc,Mithridate
3078 2618 3814 2691 PontietArmenize,Aria-

415 2705 591 2770 atque
620 2702 870 2774 EurOpae
905 2702 1100 2773 fuerit,
1143 2709 1474 2776 expugnata
1515 2711 1574 2762 et
1615 2707 1898 2765 subversa
1939 2713 2051 2766 est.
2167 2708 2332 2764 rathe
2351 2707 2754 2780 Cappadociae,
2776 2707 3108 2765 Philemcne
3126 2706 3553 2780 Paphlagoniae,
3575 2721 3811 2766 corum-

411 2787 665 2846 Plurima
689 2789 886 2862 itaque
909 2797 1074 2864 parte
1097 2791 1294 2864 p0puli
1321 2793 1476 2850 ferro
1518 2794 1882 2867 flammisque
1919 2811 2058 2854 con-
2165 2809 2278 2867 que
2307 2795 2575 2854 maximis
2604 2795 2795 2870 c0piis
2825 2796 3084 2868 adjut‘us,
3116 2799 3392 2853 conserto
3425 2793 3578 2853 bello
3607 2795 3806 2854 victus

413 2883 666 2949 sumpta,
686 2877 909 2950 reliqua
925 2881 1036 2940 sub
1049 2893 1266 2936 corona
1281 2881 1516 2938 vendita
1530 2885 1778 2940 esturbs
1795 2883 2054 2956 incensa,
2165 2887 2260 2940 est
2274 2903 2287 2940 :
2303 2883 2810 2942 ctcircumventus
2841 2885 2913 2940 ab
2930 2883 3204 2941 hostibus
3225 2895 3368 2956 pene
3388 2888 3600 2956 captus
3619 2889 3800 2954 esset,

411 2965 556 3022 muri
608 2966 870 3025 funditus
920 2967 1100 3024 diruti
1137 2987 1148 3024 :
1183 2968 1428 3026 muralis
1461 2969 1611 3042 lapis
1657 2971 1712 3028 in
1759 2972 2056 3045 pulverem
2166 2971 2279 3029 nisi
2300 2973 2546 3043 virgam,
2579 2985 2690 3044 qua
2721 2975 2850 3029 crat
2886 2986 3030 3029 usus
3081 2971 3153 3028 ad
3185 2985 3420 3042 equum,
3467 2970 3525 3026 in
3569 2970 3800 3028 oculum

413 3053 932 3156 redactusapraeda
956 3055 1162 3124 ingens
1199 3061 1400 3156 erepta
1450 3063 1563 3129 est,
1591 3059 1736 3117 Sane
1775 3077 1904 3118 cum
1928 3077 2059 3134 pro-
2091 3091 2141 3156 ο
2166 3059 2405 3116 Thracis
2438 3059 2800 3132 impegisset.
2852 3059 3144 3156 Earbarus
3193 3073 3331 3156 cum.
3371 3057 3458 3156 ira
3500 3063 3562 3115 et
3599 3057 3802 3115 dolore

413 3147 546 3213 pter
567 3141 1002 3200 multitudinem
1025 3148 1085 3200 et
1107 3144 1453 3201 varietatem
1477 3151 1804 3204 statuarum
1829 3149 2059 3206 simula-
2086 3141 2141 3189 -ν
2167 3147 2510 3219 exarsisset,
2537 3153 2849 3220 propterea
2873 3146 3027 3204 latus
3059 3146 3254 3204 Crassi
3278 3145 3473 3218 gladio
3513 3151 3804 3204 transver-

409 3243 760 3300 crorumque
797 3229 852 3286 in
894 3229 996 3286 illo
1034 3230 1297 3288 civitatis
1341 3231 1634 3304 incendio,
1677 3235 1957 3306 permista
1998 3237 2056 3294 in
2168 3235 2527 3294 beravitzita
2550 3235 2888 3305 excogitato
2911 3249 3122 3306 genere
3147 3235 3377 3306 mortis,
3399 3233 3686 3306 eil‘ugitet
3705 3234 3804 3290 de-

411 3332 584 3375 unum
633 3319 782 3388 auri,
816 3319 1064 3390 argenti,
1117 3325 1292 3392 atque
1341 3321 1476 3378 aeris
1527 3323 1835 3395 omniaque
1881 3325 2054 3383 simul
2165 3338 2270 3382 cus
2291 3330 2351 3382 et
2374 3324 2740 3382 servitutem.
2768 3325 3026 3396 Perpena
3051 3323 3258 3381 consul
3297 3323 3694 3385 Aristonicum
3719 3337 3808 3380 re-

409 3405 642 3463 mctalla
666 3407 996 3478 auxissent,
1020 3423 1231 3466 novum
1255 3423 1439 3479 genus
1452 3410 1668 3468 metalli
1696 3413 1913 3470 factum
1939 3420 2050 3473 est.
2163 3413 2318 3470 centi
2355 3412 2606 3470 victoria
2655 3411 2946 3483 feriatum,
2984 3412 3306 3484 improviso
3325 3410 3501 3482 bello,
3536 3412 3594 3468 in
3612 3411 3803 3481 fugam

407 3495 568 3552 Unde
591 3509 776 3567 usque
797 3495 970 3554 hodie
991 3497 1117 3554 sive
1137 3512 1209 3554 ex
1232 3498 1383 3570 ipso,
1431 3499 1556 3556 sive
1590 3513 1663 3556 ex
1701 3500 2050 3575 imitatione,

405 3582 596 3654 ipsius
617 3597 699 3640 res
722 3584 1086 3642 Corinthium
1117 3589 1178 3642 et
1219 3587 1517 3644 Corinthia
1570 3601 1709 3646 vasa
1752 3589 2048 3649 dicuntur.

407 3670 667 3728 Viriatus
689 3672 747 3728 in
771 3671 1070 3744 Hispania,
1106 3687 1319 3744 genere
1351 3675 1687 3748 Lusitanus,
1722 3677 1894 3736 homo
1924 3694 2053 3752 pas-

407 3759 615 3816 toralis
635 3764 697 3816 et
716 3759 890 3830 latro,
916 3760 1162 3832 primum
1203 3762 1533 3821 infestando
1574 3765 1722 3836 vias,
1762 3769 2049 3826 vastando

407 3847 761 3918 provincias,
815 3849 1066 3906 maximo
1097 3850 1309 3906 terrori
1361 3852 1638 3910 Romanis
1669 3855 1779 3912 fuit
1811 3875 1824 3912 :
1856 3856 2052 3913 Venti-

405 3934 561 3992 dium
586 3941 897 4007 praetorem
921 3951 1052 3994 cum
1075 3939 1229 3994 omni
1269 3941 1534 3998 exercitu
1570 3942 1826 4012 fugavit:
1851 3945 2049 4001 Caium

404 4022 680 4080 similiter
725 4024 926 4081 multis
977 4025 1198 4096 procliis
1251 4027 1535 4095 fractum;
1568 4029 1869 4087 Claudium
1919 4047 2050 4088 cum

403 4125 608 4181 magna
626 4113 992 4170 instructura
1019 4111 1154 4170 belli
1174 4113 1424 4186 pepulit:
1445 4117 1702 4187 trabeas,
1726 4117 2053 4189 fasces,c:e-

404 4204 644 4272 teraquc
675 4200 928 4271 insignia
961 4202 1215 4258 Romana
1250 4201 1306 4257 in
1339 4203 1638 4261 montibus
1669 4205 1796 4262 suis
1831 4209 2050 4278 tropma

400 4289 728 4360 suspendit.
751 4289 844 4346 Sic
870 4302 972 4360 per
989 4289 1435 4362 quatuordecim
1460 4305 1667 4364 annos,
1697 4308 1830 4352 eum
1853 4295 2053 4352 Roma-

406 4391 514 4434 nos
545 4376 726 4434 duces
757 4381 934 4448 atque
978 4377 1276 4434 exercitus
1322 4381 1768 4453 prostravisset,
1815 4383 2048 4440 insidiis

2163 3501 2364 3571 vertit,
2389 3505 2451 3557 ct
2472 3501 2674 3557 urbem
2696 3499 2768 3557 ad
2792 3513 2961 3571 quam
2981 3499 3328 3570 confugerat
3348 3499 3659 3557 obsidione
3681 3499 3802 3554 cin-

2162 3595 2314 3647 ctam
2329 3588 2402 3644 ad
2424 3587 2780 3646 deditionem
2793 3587 3007 3659 coegit.
3026 3587 3399 3645 Aristonicus
3421 3589 3618 3644 Romae
3631 3587 3803 3658 jussu

2160 3681 2402 3735 senatus
2417 3675 2822 3751 strangulatus
2834 3674 3228 3733 est.Seleucus
3241 3673 3790 3744 cognomentoPhilo

2162 3771 2370 3836 metor,
2387 3764 2655 3822 undecim
2669 3765 2839 3822 annis
2854 3764 3120 3835 regnavit
3141 3764 3199 3820 in
3221 3764 3404 3836 Syria.
3422 3762 3647 3821 Seleuci
3663 3768 3805 3819 tem-

2162 3853 2404 3926 poribus
2428 3853 2780 3910 Heliodorus
2801 3853 3020 3910 missus
3050 3865 3081 3908 a
3106 3866 3242 3922 rege
3262 3852 3334 3908 ad
3357 3849 3802 3924 exspoliandum

2161 3943 2431 3999 aerarium
2447 3941 2672 4014 templi,
2700 3941 2984 3998 divinitus
3009 3939 3338 4009 flagellatus
3353 3937 3676 4012 repellitur.
3699 3939 3800 3995 Cui

2161 4031 2432 4089 succedit
2446 4031 2789 4102 Antiochus,
2805 4032 2902 4103 qui
2921 4027 3256 4102 appellatus
3269 4031 3571 4087 estSoter:
3593 4026 3803 4084 deinde

2161 4118 2506 4188 Antiochus,
2541 4119 2637 4190 qui
2670 4117 3000 4190 appellatus
3033 4121 3128 4173 est
3158 4118 3366 4188 Theos,
3388 4117 3447 4174 id
3485 4120 3578 4173 est
3607 4116 3798 4172 Deus:

2161 4205 2371 4262 deinde
2388 4205 2713 4262 Antiochus
2727 4206 3076 4278 Epiphanes.
3096 4205 3200 4262 Hic
3215 4205 3520 4276 ingressus
3537 4208 3632 4261 est
3644 4202 3804 4274 IEgy—

2163 4299 2346 4366 ptum,
2379 4298 2440 4350 et
2469 4293 2787 4351 constituit
2818 4293 3032 4350 bellum
3064 4293 3375 4350 adversum
3423 4291 3800 4348 Ptolommum

2165 4395 2360 4454 regem
2374 4381 2625 4454 Egypti.
2647 4381 2752 4439 Hic
2773 4381 3106 4439 Iudaeorum
3127 4381 3314 4450 legem
3345 4380 3646 4452 impugnat
3683 4392 3804 4433 om-

406 4479 647 4522 suorum
678 4437 1026 4521 interfectus
1048 4469 1160 4522 est.
1203 4437 1590 4540 And'rogynus
1626 4437 1822 4528 Romae
1857 4471 2043 4543 visus,
2079 4437 2132 4499 D
2165 4437 2375 4542 nisque
2415 4437 2692 4528 sordibus
2715 4469 3006 4526 idolorum
3028 4437 3350 4541 complens,
3378 4437 3442 4524 in
3460 4437 3676 4540 templo
3699 4466 3798 4522 Dei

401 4551 572 4622 jussu
587 4551 923 4622 aruspicum
940 4553 996 4608 in
1016 4567 1174 4610 mare
1187 4567 1417 4612 mersus
1437 4561 1548 4613 est.
1570 4557 1915 4615 Pestilentia
1933 4565 2050 4616 tan-

407 4644 462 4694 ta
483 4643 710 4709 exorta,
739 4639 1066 4698 utministri
1085 4641 1484 4701 faciendorum
1509 4645 1775 4702 funerum
1799 4645 2047 4720 primum

406 4739 520 4782 non
543 4725 898 4799 sufﬁcerent,
925 4727 1134 4787 deinde
1149 4744 1263 4788 non
1299 4737 1522 4805 essent,
1562 4747 1784 4804 magna:
1815 4733 2044 4807 domus,

407 4828 608 4873 vacuae
619 4815 772 4874 vivis
784 4814 970 4889 plena:
983 4820 1234 4878 mortuis
1249 4827 1681 4880 remanserunt:
1697 4821 2048 4894 largissimae

407 4903 729 4962 introrsum
762 4905 1162 4978 hereditates,
1195 4914 1257 4966 et
1304 4909 1445 4967 nulli
1498 4911 1732 4982 penitus
1761 4911 2046 4970 haeredes.

407 4993 561 5050 Puer
576 4995 859 5052 Romaecx
889 4994 1098 5052 ancilla
1131 5001 1304 5055 natus
1337 4998 1690 5071 quadrupes,
1721 4999 2051 5071 quadrima-

407 5093 539 5150 nus,
555 5083 747 5142 oculis
767 5085 1294 5156 quatuor,auribus
1316 5086 1794 5158 totidem,natura
1817 5089 1925 5146 viri
1947 5089 2050 5146 du-

409 5165 562 5238 plex.
590 5171 860 5244 Scipione
901 5173 1175 5232 Africano
1193 5173 1458 5244 consule,
1489 5176 1796 5234 Numantia
1826 5177 1883 5233 in
1907 5178 2050 5234 cite-

410 5255 566 5312 riore
597 5258 894 5332 Hispania,
937 5262 1270 5321 Numantini
1304 5276 1537 5334 quoque
1573 5265 1769 5322 cuncti
1829 5267 2051 5338 pariter

409 5344 564 5399 ferro
585 5359 807 5402 veneno
826 5353 1002 5420 atque
1026 5352 1157 5420 igne
1175 5351 1506 5424 consumpti
1528 5358 1683 5410 sunt.
1711 5355 1906 5426 Scipio
1922 5355 2050 5412 Thi-

409 5444 603 5489 resum
627 5434 930 5506 quemdam
953 5438 1239 5497 Celticum
1260 5439 1581 5512 principem
1600 5442 2047 5510 consuluit.Qna

407 5533 519 5592 Ope
541 5521 868 5594 Numantia,
888 5529 990 5582 aut
1013 5525 1176 5600 prius
1196 5527 1415 5590 invicta
1436 5526 1773 5606 claruisset,
1794 5535 1896 5590 aut
1915 5536 2051 5604 post

2154 4559 2319 4616 Jovis
2338 4557 2587 4632 Olympii
2612 4557 2988 4616 simulacrum
3025 4556 3208 4629 ponit.
3251 4554 3362 4612 Sed
3381 4555 3521 4613 etin
3544 4554 3808 4611 Samaria

2158 4663 2338 4720 super
2357 4648 2638 4705 verticem
2662 4645 2880 4702 montis
2904 4644 3154 4715 Garizia,
3183 4643 3344 4702 Iovis
3380 4643 3680 4714 Peregrini
3706 4642 3802 4698 de-

2157 4737 2390 4795 lubrum
2423 4735 2694 4804 aedificat,
2719 4733 2868 4806 ipsis
2907 4733 3309 4805 Samaritanis,
3353 4738 3418 4791 ut
3457 4733 3515 4790 id
3555 4732 3798 4800 faceret,

2159 4825 2557 4898 precantibus.
2583 4823 2793 4878 Verum
2815 4821 3164 4878 Mathathias
3187 4820 3468 4878 sacerdos
3506 4820 3666 4890 leges
3705 4832 3802 4890 pa-

2161 4912 2306 4969 trias
2330 4911 2608 4980 vindicat,
2625 4908 2912 4967 adversus
2936 4908 3208 4966 Antiochi
3233 4909 3415 4966 duces
3435 4921 3595 4964 arma
3617 4905 3803 4970 corri-

2161 5000 2328 5074 piens
2356 5016 2372 5067 ;
2404 4998 2556 5056 unde
2585 5002 2780 5054 ortum
2813 4996 3156 5070 martyrium
3190 5000 3529 5054 sanctorum
3579 4996 3802 5052 Macha-

2163 5091 2420 5146 baeorum
2443 5092 2667 5160 septem
2692 5087 2936 5144 fratrum
2973 5085 3148 5142 nimis
3169 5085 3528 5157 venerabile,
3571 5086 3628 5142 in
3661 5098 3803 5156 quo-

2157 5193 2283 5236 rum
2305 5178 2526 5234 honore
2548 5175 2895 5233 Viennensis
2925 5173 3188 5232 Ecclesia
3214 5174 3454 5232 fundata
3477 5179 3591 5231 est.

2229 5265 2406 5322 Onias
2427 5279 2688 5322 summus
2711 5263 2976 5336 pontifex
2999 5263 3270 5334 habetur,
3299 5263 3468 5334 cujus
3507 5263 3688 5319 frater
3716 5262 3803 5317 Ja-

2156 5370 2286 5426 son,
2303 5353 2650 5426 praeripiens
2663 5365 2950 5410 summum
2969 5351 3388 5421 sacerdotium,
3423 5349 3802 5421 permittente

2159 5443 2468 5512 Antiocho,
2521 5440 2780 5510 legitima
2811 5440 3026 5498 civium
3070 5441 3198 5512 jura
3255 5438 3626 5503 destitucns;
3684 5439 3798 5494 sub

2158 5532 2285 5610 ipsa
2335 5544 2470 5590 arce
2519 5529 2882 5607 gymnasium
2931 5527 3264 5598 constituit,
3330 5530 3392 5584 ct
3455 5525 3794 5602 Ephosbiam
