4078 6180
275 280 349 334 65
1430 290 1855 352 CHRONICON.
1898 327 1968 338 --
2004 289 2202 359 ams
2241 268 2519 374 Quium.
3450 338 3453 349 ι
3607 338 3676 394 οδ

273 397 718 471 Hierosolymis.
755 402 882 470 Quo
915 409 1049 476 post
1086 393 1319 466 triennii
1355 417 1585 487 tempus
1616 416 1673 473 in
1706 422 1931 476 Amma-

270 488 448 544 nitem
490 489 789 559 regionem
822 493 1088 566 expulso,
1131 498 1422 558 Menelaus
1456 503 1638 562 frater
1667 506 1918 566 Simonis

269 578 344 633 de
388 576 546 634 tribu
597 578 893 650 Benjamin
945 582 1335 658 principatum
1388 593 1706 650 sacerdotii
1769 597 1919 653 obti-

263 665 410 721 nuit.
455 666 863 756 Cujusiimpia
914 670 1189 745 factione,
1245 677 1378 748 pius
1429 680 1607 739 Onias
1650 685 1917 756 pontifex

266 768 371 825 per
399 755 801 846 Andronicum
853 766 1192 833 peremptus
1232 770 1344 823 est.
1383 768 1562 836 Quem
1602 755 1912 846 prepterea

265 857 368 897 rex
400 842 730 901 Antiochus
763 861 1019 919 purpura
1051 856 1289 910 exutum
1312 856 1517 915 eodem
1541 842 1692 932 loco,
1715 842 1834 934 quo
1859 865 1915 925 in

263 930 469 987 Oniam
494 931 859 1005 impietatem
885 938 1279 1015 commiserat,
1299 943 1484 1015 jussit
1513 948 1632 1005 vita
1670 930 1909 1023 privari.

261 1018 583 1076 Menelaum
598 1034 739 1078 vero
759 1023 1084 1083 Antiochus
1107 1029 1386 1103 Eupator,
1404 1018 1779 1105 postmodum
1806 1045 1915 1099 An-

260 1106 441 1162 tiochi
469 1106 628 1165 filius
650 1110 722 1166 de
745 1111 892 1167 turri
926 1114 1348 1187 quinquaginta
1371 1123 1713 1184 cubitorum
1739 1128 1914 1201 dejici

252 1195 438 1265 jussit
469 1216 483 1251 :
513 1197 735 1269 talique
757 1206 946 1257 morte
968 1203 1302 1274 justissime
1325 1209 1636 1271 damnatus
1662 1222 1774 1273 est.
1804 1195 1915 1275 Ma-

255 1283 483 1339 thathia
509 1286 825 1343 sacerdote
849 1288 1189 1363 defuncto,J
1197 1296 1341 1353 udas
1355 1299 1720 1361 Machabaeus
1739 1305 1913 1365 duca-

260 1376 377 1427 tum
400 1373 743 1432 Judzeorum
768 1379 1001 1451 suscepi
1012 1384 1218 1450 t,anno
1240 1388 1564 1445 centesimo
1587 1396 1910 1465 etquadra-

253 1460 481 1529 gesimo
516 1467 689 1518 sexto
721 1467 882 1535 regni
917 1468 1269 1529 Griecorum.
1303 1474 1410 1540 Qui
1454 1491 1587 1534 mox
1630 1460 1905 1541 Antiochi

255 1548 435 1605 duces
468 1549 545 1606 de
562 1552 763 1608 Iudaea
786 1555 1106 1628 expellens,
1131 1563 1191 1615 et
1216 1563 1492 1635 templum
1517 1568 1590 1624 ab
1613 1570 1903 1632 idolorum

254 1637 615 1706 imaginibus
635 1643 976 1715 emundans,
996 1647 1218 1717 patrias
1242 1648 1402 1721 leges
1426 1661 1564 1725 post
1585 1658 1900 1718 triennium

1963 422 2013 484 A
2042 428 2134 481 tos
2154 428 2440 503 viderent,
2474 435 2693 494 occisis
2715 439 2946 513 conjugi
2957 441 3063 501 bus
3104 459 3171 503 ac
3192 447 3417 523 liberis,
3436 454 3491 510 in
3514 446 3672 514 flam-

2029 527 2152 612 mas
2193 530 2326 575 sese
2366 521 2758 593 projecerunt.
2793 527 2900 594 Qui
2943 544 3085 588 vero
3116 521 3683 612 prmoceupantibus'

2026 601 2325 697 Romanis,
2359 613 2701 681 peragendae
2748 617 2958 676 mortis
2990 601 3131 679 sute-
3161 601 3404 697 copiam'
3426 644 3539 687 non
3572 632 3670 687 ha-

2028 689 2300 765 buerunt,
2317 694 2414 751 alii
2433 698 2608 771 ferro,
2624 701 2722 758 alii
2739 707 3081 779 suspendio,
3096 709 3197 766 alii
3223 689 3509 786 abnegato
3533 719 3667 777 cibo

2026 792 2159 876 sese
2180 794 2676 858 consumpserunt
2710 808 2723 846 :
2760 792 3073 867 nullusque
3095 799 3330 857 omnino
3352 803 3444 860 vel
3470 820 3669 876 parvu-

2026 864 2118 966 lus
2140 872 2453 966 superfuit,
2488 875 2584 945 qui
2610 879 2921 938 servitutis
2949 864 3347 946 conditionem
3372 864 3664 966 tolerarit,

2023 955 2330 1049 lugurtha,
2346 961 2603 1049 Micipsa;
2617 966 2991 1027 Numidarum
3008 974 3166 1043 regis
3179 976 3493 1049 adoptivus
3510 955 3666 1040 illius

2025 1040 2332 1138 baeresque
2356 1048 2510 1138 inter
2531 1054 2829 1111 naturales
2852 1057 2979 1128 ejus
3003 1040 3158 1117 filios
3181 1040 3393 1138 factus,
3411 1069 3669 1127 cohaere-

2028 1130 2132 1187 des
2164 1147 2304 1191 suos
2338 1137 2685 1198 Hiemsalem
2714 1144 2955 1215 occidit,
2990 1130 3553 1213 Adherbalem'bello
3585 1159 3669 1215 vi-

2024 1222 2182 1276 ctum
2214 1222 2408 1280 Africa
2441 1228 2684 1298 expulit.
2730 1229 3101 1303 Calpurnium
3130 1239 3433 1298 consulem
3463 1244 3666 1301 adver-

2021 1319 2149 1363 sum
2171 1322 2236 1366 se
2258 1310 2501 1369 missum
2522 1316 2767 1386 pecunia
2802 1321 3089 1392 corrupit,
3115 1329 3175 1380 et
3195 1325 3268 1382 ad
3295 1332 3498 1401 turpes
3529 1347 3667 1409 cpn-

2021 1392 2276 1452 ditiones
2300 1399 2462 1468 pacis
2482 1402 2745 1460 adduxit.
2768 1406 3005 1463 Romam
3029 1409 3179 1481 idem
3204 1392 3465 1487 veniens,
3482 1392 3664 1476 omni-

2020 1480 2128 1537 bus
2144 1486 2388 1555 pecunia
2409 1493 2511 1545 aut
2528 1492 2849 1563 corruptis,
2865 1499 2967 1550 aut
2984 1499 3315 1571 attentatis,
3332 1480 3659 1564 seditiones

2016 1568 2539 1646 dissensionesque
2572 1579 2935 1648 permiscuit.
2961 1583 3142 1650 Quam
3162 1568 3308 1643 cum
3328 1588 3659 1661 ingredere-

2017 1661 2129 1728 tur,
2152 1658 2347 1716 infami
2365 1663 2511 1720 satis
2536 1667 2986 1741 notavitelogio,
3005 1671 3207 1729 dicens
3225 1695 3237 1729 :
3254 1658 3466 1733 Urbem
3489 1695 3658 1738 vena-

251 1725 371 1781 suis
389 1726 633 1785 civibus
652 1730 927 1788 reddidit.
957 1734 1280 1794 Antiochus
1299 1741 1630 1814 Persipolin
1655 1750 1893 1807 nobilis-

2013 1725 2125 1800 lem
2154 1753 2215 1802 et
2255 1754 2482 1807 mature
2524 1753 2864 1826 perituram,
2898 1757 2946 1812 si
2986 1765 3310 1831 emptorem
3342 1765 3650 1825 invenerit.

248 1813 455 1869 simam
516 1820 578 1871 et
617 1819 1092 1889 copiosissimam
1144 1824 1443 1886 civitatem
1477 1813 1754 1904 ispoliare
1802 1855 1903 1898 cu-

250 1902 439 1973 piens,
475 1904 856 1965 multitudine
886 1909 957 1965 ad
988 1925 1145 1969 arma
1177 1902 1589 1991 concurrente,
1615 1923 1670 1980 in
1706 1926 1898 1998 fugam

246 2004 458 2047 versus
480 1998 579 2049 est
603 2011 617 2049 :
642 1999 703 2050 et
723 1996 949 2053 caelesti
975 2000 1347 2072 eum‘judicio
1372 2018 1747 2085 perurgente,
1763 1996 1897 2075 dum

244 2079 618 2137 acceleraret
649 2082 783 2153 iter,
829 2090 893 2141 ut
940 2088 1401 2163 Hierosolymam
1444 2079 1777 2168 congeriem
1810 2120 1899 2162 sc-

245 2167 433 2238 pulcri
467 2169 807 2261 Iudaeorum
842 2174 1078 2247 faceret,
1116 2178 1424 2239 insanabili
1461 2167 1628 2257 plaga
1663 2206 1899 2261 percus-

242 2271 358 2327 sus,
392 2257 693 2316 homicida
725 2264 786 2317 et
816 2261 1191 2335 blasphemus
1223 2270 1544 2330 miserabili
1577 2257 1744 2336 obitu
1777 2283 1895 2339 vita

242 2346 483 2402 functus
514 2352 628 2403 est.
651 2348 753 2405 Cui
786 2352 1081 2409 successit
1112 2356 1437 2419 Antiochus
1476 2364 1738 2437 Eupator
1766 2371 1895 2442 ejus

239 2432 397 2490 filius
421 2453 434 2488 :
462 2439 527 2491 et
550 2441 690 2507 post
711 2438 860 2495 duos
882 2453 1087 2513 annos,
1104 2442 1161 2499 id
1184 2451 1278 2503 est
1307 2463 1456 2506 anno
1490 2432 1816 2515 centesimo
1835 2465 1897 2517 et

238 2522 736 2593 quinquagesimo
809 2542 921 2584 uno
982 2533 1142 2601 regni
1205 2536 1560 2612 Grmcorum,
1630 2549 1897 2615 regnavit

240 2610 581 2668 Demetrius
613 2613 838 2672 Seleuci
873 2617 1049 2675 illius.
1084 2621 1188 2678 Hic
1219 2610 1891 2693 constituit'Alch‘imum

238 2697 486 2795 impium
520 2699 580 2756 in
612 2703 969 2776 sacerdotio,
994 2707 1139 2795 Iuda
1162 2712 1565 2774 Machabzeoin
1599 2720 1753 2778 bello
1787 2740 1892 2795 pro

241 2784 485 2854 legibus
518 2790 728 2860 patriis
759 2797 819 2847 et
850 2794 1065 2866 populo
1088 2798 1186 2853 Dei
1222 2809 1516 2871 pugnante
1547 2809 1748 2866 occiso
1784 2784 1801 2866 ξ
1832 2818 1893 2870 et

238 2888 390 2930 anno
426 2880 756 2936 centesimo
787 2887 848 2938 et
874 2884 1357 2957 quinquagesimo
1390 2900 1600 2962 quarto
1626 2897 1890 2957 Alchimo

240 2963 670 3023 miserabiliter
727 2975 981 3042 mortuo,
1042 2975 1298 3031 omnium
1359 2979 1577 3049 favore,
1626 2986 1889 3045 Jonatlize

242 3053 618 3126 principatus
646 3062 710 3114 et
740 3060 1137 3118 sacerdotium
1171 3064 1527 3125 decernitur.

304 3143 499 3215 [4690]
534 3144 887 3205 Ptolemzeus
916 3150 1233 3221 Evergetes
1262 3155 1429 3213 annis
1458 3162 1593 3214 octo
1624 3165 1684 3215 et
1713 3162 1885 3231 vigino

242 3231 297 3286 ti.
318 3232 986 3303 Jonathas,1udmorum
1010 3236 1127 3295 dux
1149 3245 1210 3296 et
1226 3243 1510 3315 pontifex,
1527 3262 1655 3304 cum
1690 3250 1895 3309 Roma-

241 3320 399 3376 niset
415 3321 1046 3392 Spartiatisamicitias
1069 3327 1227 3385 facit.
1244 3330 1348 3387 Hic
1362 3347 1582 3391 summa
1600 3335 1889 3397 industria

239 3408 585 3465 sacerdotio
608 3410 1020 3471 administrate
1043 3417 1371 3475 octodecim
1389 3423 1577 3493 annis,
1602 3425 1889 3498 Triphone

237 3498 562 3567 occiditur,
592 3499 888 3570 fraterque
909 3501 1035 3571 ejus
1060 3503 1254 3561 Simon
1279 3506 1333 3562 in
1369 3511 1765 3570 sacerdotium
1798 3531 1888 3573 as-

236 3587 512 3655 sumitur,
529 3600 684 3642 anno
709 3601 887 3657 regno
908 3589 1213 3661 Evergetis
1233 3595 1503 3666 septimo.
1523 3599 1718 3672 Scipio
1741 3604 1887 3659 Afri-

233 3687 407 3731 canus
432 3675 801 3731 cxanimisin
814 3677 1088 3734 cubiculo
1103 3695 1210 3736 suo
1226 3688 1517 3754 repertus,
1536 3688 1737 3745 uxoris
1763 3706 1884 3749 sua)

234 3763 595 3835 Sempronia:
609 3764 1004 3821 Gracchorum
1020 3767 1246 3825 sororis
1262 3770 1396 3827 dolo
1421 3780 1686 3832 necatus.
1707 3779 1882 3849 Cujus

233 3851 390 3920 vigor
412 3856 484 3907 ct
513 3851 805 3908 modestia
830 3853 887 3909 in
920 3855 1064 3912 urbe
1095 3858 1350 3915 Romana
1375 3861 1462 3919 sic
1493 3863 1699 3936 valuit,
1727 3871 1791 3922 ut
1812 3882 1882 3924 eo

232 3938 352 3995 vivo
385 3954 589 4010 neque
620 3939 843 3997 sociale
874 3957 1060 4014 neque
1091 3946 1266 4003 civile
1307 3948 1519 4007 bellum
1556 3967 1732 4023 posse
1763 3955 1882 4010 exi-

234 4032 381 4085 slerc
425 4028 800 4087 crederetur.
845 4031 903 4088 L.
962 4033 1152 4090 Czecili
1193 4037 1445 4111 Metello,
1488 4045 1549 4096 et
1590 4042 1695 4109 Qu.
1729 4044 1881 4101 Titio

233 4116 511 4173 Flaminio
563 4117 932 4191 consulibus,
965 4122 1254 4192 Carthago
1306 4125 1361 4182 in
1415 4128 1609 4185 Africa
1644 4132 1877 4189 restitui

224 4204 374 4274 jussa
404 4204 767 4263 duodecimo
800 4207 1029 4265 demum
1055 4223 1205 4267 anno
1235 4227 1405 4283 quam
1442 4215 1630 4272 fuerat
1650 4232 1877 4291 eversa,

227 4298 279 4347 et
298 4294 581 4351 deductis
597 4294 816 4352 civium
831 4297 1218 4355 Romanorum
1235 4300 1472 4359 familiis
1498 4319 1626 4374 quae.
1648 4320 1772 4363 eam
1798 4307 1881 4363 in-

228 4381 511 4455 colerent,
530 4383 811 4441 restituta
834 4389 896 4440 et
916 4385 1136 4457 repleta
1162 4392 1275 4459 est,
1304 4391 1481 4447 Fabio
1500 4394 1762 4451 consule.
1790 4396 1881 4451 Bi-

232 4470 368 4527 toito
390 4470 520 4541 regi
537 4473 933 4529 Arvernorum
956 4473 1155 4533 Galliae
1173 4477 1438 4534 civitatis
1460 4479 1675 4537 bellum
1706 4484 1880 4539 maxi-

231 4572 314 4613 mo
336 4559 647 4616 instructu
663 4562 1050 4634 comparanti,
1078 4564 1346 4635 paucitas
1369 4567 1757 4626 Romanorum
1783 4586 1879 4628 oc-
1918 4569 1923 4575 ’

231 4648 438 4718 currit,
464 4652 532 4705 ut
560 4648 662 4704 vix
682 4649 753 4704 ad
775 4664 970 4707 escam
993 4653 1239 4710 canibus
1261 4668 1409 4725 quos
1433 4650 1490 4710 in
1524 4657 1750 4725 agmine
1781 4660 1879 4715 ha-

233 4733 421 4807 bebat,
440 4736 713 4792 sufﬁcere
729 4751 904 4808 posse
921 4739 1457 4811 Bitoitusjactaret.
1476 4743 1581 4810 Qui
1605 4759 1735 4800 cum
1760 4746 1885 4825 sibi

230 4823 295 4878 ad
317 4824 766 4881 transferendas
788 4827 991 4898 cepias
1024 4842 1198 4885 unum
1234 4836 1468 4902 pontem
1494 4832 1754 4889 Rhodani
1782 4849 1877 4907 pa-

233 4924 346 4967 rum
361 4912 897 4985 esseintelligeret,
923 4914 1098 4972 alium
1119 4919 1448 4990 compactis
1481 4920 1759 4980 lintribus
1783 4938 1877 4980 ca—

234 5001 499 5072 tenisque
511 5015 840 5058 connexum
855 5017 1034 5076 super
1046 5006 1253 5064 stratis
1266 5008 1631 5081 confixisque
1657 5011 1873 5070 tabulis

232 5084 533 5145 instruxit.
570 5091 852 5146 Conserta
885 5106 1096 5162 pugna,
1129 5093 1269 5150 victi
1309 5095 1478 5168 Galli,
1511 5098 1782 5156 conversi
1815 5099 1871 5156 in

235 5174 439 5247 fugam,
464 5178 839 5234 coacervatis
870 5178 1206 5239 inconsulte
1236 5181 1595 5257 hominibus,
1621 5201 1878 5259 praepro-

237 5275 363 5331 pero
389 5264 650 5321 transitu
685 5266 881 5337 pontis
903 5267 1135 5326 vincula
1169 5277 1473 5343 ruperunt,
1500 5287 1567 5329 ac
1590 5288 1722 5330 mox
1744 5289 1874 5331 cum

236 5346 371 5433 ipsis
393 5350 685 5409 lintribus
708 5355 883 5411 mersi
909 5360 1065 5413 sunt.
1093 5357 1198 5425 Qu.
1225 5360 1465 5417 Martius
1495 5360 1724 5433 consul,
1750 5361 1877 5418 Gal-

238 5431 411 5494 lorum
443 5444 682 5510 gentem
714 5441 824 5499 sub
857 5442 1054 5502 radice
1095 5446 1324 5518 Alpium
1366 5448 1538 5505 sitam
1580 5431 1734 5505 bello
1779 5464 1875 5519 ag-

235 5535 467 5589 gressus
493 5532 615 5586 est.
640 5529 747 5596 Qui
769 5545 899 5588 eum
919 5546 983 5589 se
1013 5534 1286 5592 Romanis
1308 5536 1498 5609 cepiis
1520 5537 1874 5608 circumsep-

2016 1833 2171 1889 ldem
2205 1837 2435 1894 tandem
2464 1841 2727 1898 cruentis
2760 1843 2931 1902 bellis
2955 1858 2985 1900 a
3010 1847 3286 1907 Romanis
3318 1860 3653 1925 superatus,

2014 1921 2244 1978 Boccho
2276 1925 2603 1983 Maurorum
2638 1929 2758 1999 regi
2792 1945 2857 1988 se
2888 1933 3141 1992 sociavit
3174 1955 3187 1992 :
3219 1921 3653 2012 commissaque

2014 2023 2202 2079 pugna
2219 2025 2328 2067 una
2351 2028 2482 2069 cum
2506 2015 2801 2087 Romanis,
2817 2020 2996 2076 Mario
3010 2024 3275 2094 consule,
3303 2027 3569 2085 Bocchus
3591 2034 3653 2085 et

2008 2096 2292 2166 Jugurtha
2325 2100 2628 2170 fugerunt;
2661 2104 2795 2160 inde
2838 2109 3154 2178 nonaginta
3194 2111 3372 2168 millia
3404 2120 3649 2171 armato-

2011 2198 2136 2239 rum
2167 2186 2540 2245 vincentibus
2560 2190 2838 2249 Romanis
2868 2208 3055 2265 usque
3078 2196 3150 2252 ad
3183 2197 3641 2259 internecionem

2007 2285 2179 2327 czesa.
2199 2275 2465 2331 Bocchus
2480 2277 2536 2331 in
2552 2279 2804 2349 pretium
2820 2282 2982 2352 pacis
2999 2285 3343 2353 Iugurtham
3359 2287 3496 2343 dolo
3519 2304 3653 2362 cap-

2009 2364 2150 2430 tum,
2184 2363 2527 2435 catenisque
2572 2366 2946 2441 obstrictum,
2993 2385 3096 2443 per
3136 2372 3349 2444 Syllam
3393 2374 3648 2446 legatum

2005 2449 2167 2505 misit
2183 2451 2255 2507 ad
2278 2453 2550 2511 Marium:
2578 2457 2673 2527 qui
2698 2457 2755 2513 in
2784 2459 3076 2531 triumpho
3099 2468 3232 2519 ante
3253 2477 3490 2521 currum
3517 2481 3648 2523 cum

2005 2537 2235 2596 duobus
2267 2540 2405 2598 filiis
2428 2543 2553 2600 suis
2585 2550 2777 2617 actus,
2802 2552 2862 2605 et
2884 2561 3018 2604 mox
3038 2548 3096 2605 in
3117 2564 3357 2608 carcere
3380 2557 3650 2625 strangu-

2004 2624 2158 2683 latus
2207 2632 2318 2685 cst.
2363 2630 2726 2691 Mithridates
2776 2649 2880 2691 rex
2915 2637 3284 2710 Parthorum,
3329 2646 3533 2698 sextus
3562 2624 3648 2699 ab

2002 2717 2241 2785 Arsace,
2259 2716 2414 2774 victo
2429 2719 2702 2776 Demetrii
2727 2723 3028 2794 przefecto,
3047 2725 3418 2797 Babyloniam
3444 2730 3645 2786 urbem

2003 2802 2261 2874 finesque
2287 2805 2414 2874 ejus
2438 2808 2746 2866 universos
2770 2810 2963 2868 victor
2983 2812 3216 2870 invasit.
3255 2814 3468 2872 Omnes
3504 2831 3649 2888 pra)-

2003 2895 2161 2947 terea
2184 2897 2411 2964 gentes,
2429 2909 2557 2965 qua:
2574 2895 2727 2951 inter
2739 2897 3067 2969 Hydaspem
3090 2900 3326 2959 fluvium
3351 2908 3411 2959 et
3444 2904 3643 2960 Indum

1994 2978 2211 3048 jacent,
2274 2982 2509 3051 subegit
2559 3002 2572 3036 :
2627 2983 2698 3039 ad
2765 2985 2983 3040 Indiam
3050 3000 3281 3057 quoque
3338 2995 3641 3047 cruentum

1998 3064 2264 3121 extendit
2321 3065 2645 3138 imperium.
2711 3071 3065 3129 Demetrium
3134 3075 3323 3145 ipsum
3384 3077 3642 3135 secundo

2001 3152 2113 3208 sibi
2144 3153 2297 3209 bello
2331 3161 2737 3213 occurrentem
2776 3158 2918 3215 vicit
2955 3165 3016 3215 et
3054 3162 3229 3233 cepit.
3280 3164 3404 3230 Quo
3444 3172 3640 3237 capto,

1998 3240 2295 3298 Deodatus
2318 3241 2551 3313 quidam
2574 3259 2705 3301 cum
2738 3245 3071 3305 Alexandro
3102 3249 3220 3307 lilio
3244 3266 3483 3322 regnum
3514 3254 3642 3324 ejus

1998 3334 2059 3385 et
2098 3329 2319 3398 regium
2360 3345 2567 3389 nomen
2631 3336 2939 3406 usurpavit
3020 3337 3125 3403 Qui
3187 3344 3392 3410 postea
3450 3340 3640 3412 ipsum
3744 3378 3749 3381 ‹

1999 3416 2388 3475 Alexandrum
2422 3418 2623 3491 filium,
2666 3435 2836 3491 quem
2889 3424 3232 3497 participem
3286 3427 3529 3497 periculi
3583 3429 3639 3486 in

1998 3505 2368 3576 pervadendo
2396 3522 2573 3577 regno
2604 3509 2908 3582 habuerat,
2954 3526 3025 3570 ne
3050 3512 3105 3568 in
3147 3513 3465 3572 obtinendo
3505 3534 3642 3574 con-

1995 3599 2214 3650 sortem
2237 3594 2501 3666 haberet,
2535 3596 2773 3654 occidit.
2801 3599 3011 3656 Lucius
3034 3600 3242 3659 consul
3275 3601 3329 3658 in
3355 3602 3534 3661 Gallia
3555 3605 3641 3661 Ti-

1995 3682 2200 3739 burtes
2226 3698 2410 3754 usque
2434 3685 2723 3742 Oceanum
2749 3693 3120 3762 persecutus,
3138 3689 3366 3748 insidiis
3390 3691 3639 3749 circum-

1991 3776 2201 3828 ventus
2243 3772 2553 3829 occiditur.
2604 3777 2649 3831 A
2692 3775 2956 3846 scipione
2995 3776 3237 3834 consule
3277 3783 3447 3849 capta
3491 3781 3636 3836 urbe

1993 3856 2284 3915 Gallorum
2307 3858 2511 3917 Tolosa
2536 3865 2769 3917 centum
2810 3862 2988 3918 millia
3030 3864 3223 3935 pondo
3266 3864 3392 3920 auri
3453 3871 3515 3921 et
3553 3880 3638 3921 ar-

1989 3946 2148 4018 genti
2164 3952 2396 4004 centnm
2420 3946 2620 4004 decem
2638 3946 2813 4005 millia
2837 3962 2868 4005 e
2894 3950 3110 4022 templo
3132 3950 3418 4023 Apollinis
3442 3968 3636 4010 susce-

1994 4035 2096 4107 pit.
2125 4035 2263 4103 Quze
2287 4050 2419 4093 cum
2443 4035 2513 4092 ad
2536 4036 2849 4094 Massiliam
2872 4037 3112 4095 amicam
3139 4038 3353 4112 populo
3375 4040 3633 4098 Romano

1991 4124 2191 4180 urbem
2209 4123 2645 4182 mississctcum
2673 4124 2986 4197 praesidiis,
3012 4125 3339 4185 interfectis
3362 4128 3510 4186 clam
3533 4144 3632 4186 cu.

1991 4210 2262 4267 stodibus
2280 4216 2491 4268 cuncta
2523 4228 2626 4283 per
2649 4212 2843 4270 scelus
2869 4213 3056 4270 furata
3082 4214 3263 4272 fuisse
3296 4220 3626 4273 narrantur.

1989 4298 2232 4355 Manlius
2263 4303 2323 4359 et
2346 4300 2410 4366 Q.
2439 4299 2631 4371 Caepio
2652 4316 2810 4358 coss.
2843 4300 3127 4360 adversus
3153 4303 3420 4360 Cimbros
3435 4305 3627 4361 etTeu

1991 4391 2159 4443 tonas
2182 4392 2241 4442 et
2262 4387 2620 4457 Teugurinos
2645 4394 2705 4445 et
2727 4390 3051 4446 Ambranos
3066 4390 3376 4448 Galliarum
3400 4393 3631 4449 Germa-

1906 4451 1959 4511 D
1989 4471 2328 4545 niarumque
2354 4451 2560 4545 gentes
2594 4475 2778 4548 missi,
2822 4477 3151 4547 provincias
3194 4479 3304 4536 sibi
3348 4480 3627 4537 Rhodano

1987 4561 2163 4619 ﬂuvio
2187 4562 2376 4621 medio
2400 4564 2746 4623 diviserunt.
2775 4565 2881 4622 Ubi
2908 4565 3061 4622 inter
3083 4582 3147 4624 se
3174 4568 3522 4639 gravissima
3546 4568 3635 4624 in«

1986 4650 2139 4708 vidia
2161 4657 2221 4708 et
2242 4653 2618 4710 contentione
2633 4653 3006 4710 decertantes
3020 4668 3151 4713 cum
3166 4670 3370 4726 magna
3392 4655 3627 4725 ignomi-

1986 4738 2079 4794 nia
2110 4744 2170 4795 et
2195 4739 2454 4811 periculo
2477 4741 2714 4796 Romani
2740 4741 2990 4799 nominis
3012 4742 3150 4799 victi
3175 4748 3330 4801 sunt.
3359 4745 3443 4799 lta
3467 4746 3531 4798 ut
3550 4756 3624 4796 ex

1985 4825 2138 4881 omni
2164 4827 2395 4897 penitus
2417 4828 2680 4885 exercitu
2717 4828 2918 4886 decem
2953 4835 3176 4888 tantum
3206 4830 3488 4897 homines,
3523 4825 3620 4896 qui

1985 4912 2260 4971 miserum
2284 4916 2546 4973 nuntium
2572 4923 2965 4991 reportarent,
2990 4918 3353 4992 superfuisse
3376 4914 3623 4970 referan-

1985 5005 2097 5059 tur.
2126 5004 2339 5060 Hostcs
2363 5000 2579 5074 ingenti
2596 5005 2790 5076 praeda
2814 5006 3007 5079 potiti,
3026 5022 3170 5065 nova
3186 5003 3430 5077 quadam
3444 5006 3619 5073 atque

1984 5091 2218 5149 insolita
2232 5092 2659 5166 exsecratione,
2676 5100 2886 5154 cuncta
2910 5110 3038 5166 qua:
3059 5096 3337 5166 ceperant
3360 5105 3620 5163 pessum-

1986 5178 2291 5237 dederunt.
2319 5181 2495 5238 Mario
2527 5187 2737 5253 quarto
2768 5181 3011 5241 consule
3051 5195 3181 5239 cum
3222 5179 3279 5235 in
3320 5179 3618 5252 provincia

1984 5267 2293 5327 Viennensi
2323 5271 2489 5342 juxta
2522 5270 2720 5329 [sarias
2752 5269 3130 5339 Rhodanique
3152 5267 3407 5341 ﬂumina,
3432 5268 3529 5327 ubi
3563 5269 3618 5326 in

1985 5370 2118 5414 sese
2158 5357 2690 5430 confluunt,castra
2722 5356 3364 5430 posuisset,Teutones,
3383 5356 3616 5415 Cimbrii

1982 5446 2287 5518 Teugurini
2302 5463 2431 5505 cum
2448 5448 2636 5505 tribus
2651 5444 2976 5516 agminibus
2989 5443 3212 5504 Italiam
3228 5452 3427 5520 petere
3440 5445 3618 5501 desti-

1984 5540 2244 5605 nassent,
2292 5533 2792 5606 periculosissimo
2833 5532 3034 5606 praelio
3075 5552 3106 5594 a
3146 5534 3420 5594 Romanis
3477 5530 3613 5590 victi
