4078 6180
363 339 431 394 67
573 317 577 322 ⁷
1416 320 1468 374 s.
1517 311 1772 374 suetus
1812 271 2246 368 ancnmrisc.
2291 300 2704 363 vmnnnssrs
3696 294 3768 352 οδ

363 464 516 516 sunt.
535 441 1536 512 Romam.Malleolns‘anniteutibus
1560 437 2006 496 servismatrem
2039 433 2090 492 A
2125 428 2308 498 finito,
2343 427 2538 483 nonne
2573 421 2757 494 primo
2789 417 3004 482 bellum
3019 417 3206 516 civile
3237 422 3594 514 commotum
3643 423 3760 474 est.

362 559 523 602 suam
575 537 888 598 interfecit.
940 538 1256 593 Damnatus
1309 526 1604 603 parricidii
1649 525 1996 591 insutusquc

363 635 415 689 in
440 631 692 698 culeum,
715 626 855 683 etin
878 639 1035 682 mare
1067 621 1366 696 projectus
1389 623 1482 677 est
1504 635 1518 671 :
1544 615 1600 672 in
1627 616 1905 682 tantoque
1929 608 2001 664 fa-

360 720 558 778 cinore
571 715 812 777 Romani
827 711 1178 786 supplicium
1193 705 1488 778 singulare
1504 699 2002 786 sanxerunt.Sex—

363 813 422 865 to
444 803 755 870 consulatu
780 806 838 861 C.
865 785 1023 859 Harii
1047 793 1489 858 statusRomani
1512 788 1740 863 imperii
1757 787 1836 846 ita
1851 785 2002 846 labe-

363 898 616 954 factatus
663 895 776 962 est,
813 904 958 962 pene
1007 900 1193 958 usque
1243 883 1314 942 ad
1355 887 1680 939 extremum
1721 873 2000 962 intestina

360 981 528 1041 clade
542 961 888 1038 conciderit.
908 974 1174 1034 Metellus
1187 970 1546 1040 Numidicus,
1563 965 1651 1024 vir
1665 961 1998 1038 primarius,

313 1070 617 1134 ,factione
683 1067 842 1124 Marii
896 1081 927 1122 a
989 1062 1225 1120 Glaucia
1288 1062 1559 1132 praetore-
1601 1070 1632 1112 a
1689 1049 2002 1110 Saturnino

361 1158 600 1214 tribuno
643 1155 920 1212 innocens
967 1151 1295 1219 damnatus,
1331 1147 1385 1202 in
1417 1142 1688 1202 exsilium
1738 1153 1870 1198 cum
1921 1143 2006 1196 ιο-

365 1244 482 1302 tius
523 1243 686 1302 urbis
730 1239 934 1298 dolore
983 1235 1280 1295 discessit.
1332 1230 1711 1303 Postmodum
1760 1224 2014 1285 Saturni-

365 1347 475 1389 nus
507 1335 568 1388 et
599 1329 865 1390 Saufeius
897 1332 957 1384 et
986 1324 1295 1394 Labienus,
1328 1337 1459 1378 cum
1495 1320 1611 1390 jam
1653 1315 1916 1391 praelium
1955 1313 2012 1372 in

367 1421 492 1476 fore
513 1417 968 1485 commisissent,
985 1416 1234 1482 cogente
1257 1410 1433 1467 Mario
1469 1409 1522 1464 in
1549 1405 1770 1464 curiam
1819 1402 2015 1460 confu-

364 1511 596 1578 gerunt,
657 1504 852 1576 ibique
923 1517 1027 1574 per
1093 1499 1322 1571 equites
1378 1499 1690 1564 Romanos,
1751 1489 2012 1578 effractis

369 1577 614 1663 foribus,
640 1591 822 1650 occisi
847 1596 1002 1648 sunt.
1041 1588 1278 1648 Glaucia
1300 1590 1361 1643 et
1386 1582 1685 1642 Dolabella
1717 1577 2013 1638 Saturnini

370 1683 549 1738 frater
570 1679 884 1738 interfecti.
911 1677 1166 1735 Rutilius
1191 1689 1424 1746 quoque
1456 1673 1544 1730 vir
1575 1668 2008 1740 integerrimus,

367 1769 462 1841 qui
479 1769 624 1826 adeo
651 1767 972 1838 iideiatque
997 1764 1347 1822 innocentiae
1369 1760 1700 1820 constantia
1717 1773 1866 1816 usus
1890 1761 2003 1825 est,
2037 1773 2092 1836 Β

370 1864 436 1915 ιιι
467 1858 560 1915 die
592 1857 703 1914 sibi
735 1858 806 1914 ab
839 1853 1286 1913 accusatoribus
1309 1851 1488 1919 dicta,
1511 1862 1698 1920 usque
1721 1846 1794 1904 ad
1817 1845 2010 1915 cogni-

371 1945 586 2006 tionem
620 1960 806 2016 neque
837 1941 1114 2016 capillum
1148 1941 1503 2010 barbamque
1535 1935 1896 2008 deposuerit,
1924 1948 2015 1989 ne-

371 2049 484 2105 que
509 2033 746 2090 sordida
793 2037 958 2090 veste
1012 2027 1288 2086 humilivc
1335 2026 1537 2084 habitu
1592 2023 2011 2093 suifragatores

371 2119 722 2190 conciliarit,
757 2118 1024 2175 inimicos
1059 2113 1452 2189 permulserit,
1473 2111 1702 2184 judices
1737 2115 2015 2180 tempera-

372 2209 470 2282 rit,
505 2223 637 2266 cum
669 2205 924 2264 evidenti
953 2207 1394 2278 oppugnaretur
1426 2199 1734 2268 calumnia,
1755 2195 2011 2270 perjurio

331 2323 336 2328 -
365 2297 624 2368 judieum
650 2295 1095 2363 condemnatus,
1123 2293 1421 2364 Smyrnam
1451 2287 1843 2358 commigrans
1866 2285 2016 2340 litte-

374 2400 566 2443 rarum
597 2383 812 2442 studiis
845 2383 1108 2442 intentus
1140 2378 1468 2438 consenuit.
1506 2380 1680 2434 Sexto
1720 2374 1872 2432 Iulio
1905 2375 2016 2429 Cre-

371 2488 506 2532 sare
537 2478 598 2530 et
626 2471 800 2529 Lucio
833 2470 1037 2528 Martio
1077 2467 1444 2538 consulibus,
1473 2462 1768 2523 intestinis
1792 2461 2010 2530 causis,

372 2559 598 2619 Sociale
621 2559 836 2618 bellum
863 2564 1044 2616 totam
1069 2554 1386 2614 commovit
1417 2553 1638 2610 Italiam
1673 2557 1807 2624 post
1837 2549 2016 2607 Simo-

371 2664 501 2706 nem
527 2647 1326 2717 fratremJonathanoannes
1349 2641 1504 2699 filius
1517 2641 1644 2712 ejus
1661 2640 1715 2696 in
1727 2653 2013 2704 summum

371 2735 768 2794 sacerdotium
802 2734 1205 2792 constituitur.
1243 2731 1349 2788 Hic
1393 2731 1701 2788 adversum
1731 2723 2014 2784 llircano's

372 2825 589 2882 bellum
629 2837 864 2895 gerens,
905 2822 1137 2880 Hircani
1179 2834 1386 2877 nomen
1428 2817 1677 2891 accepit,
1721 2822 1781 2873 et
1828 2831 1860 2872 a
1907 2816 2017 2871 Ro-

371 2912 558 2969 manis
585 2913 682 2983 jus
714 2910 986 2968 amicitiae
1029 2907 1357 2981 postulans,
1392 2906 1632 2970 decreto
1662 2909 1902 2962 senatus
1935 2903 2016 2958 in-

375 3006 464 3058 ter
488 2999 710 3060 amicos
733 2998 954 3055 relatus
977 3003 1087 3054 est.
1129 2996 1466 3066 Samariam,
1494 3009 1621 3066 qua:
1643 3000 1850 3051 nostro
1878 2998 2017 3050 tem-

375 3103 515 3162 pore
548 3088 792 3144 Sebaste
821 3091 1086 3155 vocatur,
1120 3085 1192 3141 ad
1216 3099 1386 3154 quam
1408 3081 1763 3138 Ptolomaeus
1795 3080 1891 3151 qui
1925 3095 2014 3152 pa-

374 3179 522 3232 trem
554 3173 681 3243 ejus
710 3172 845 3227 dolo
879 3175 1226 3243 peremerat,
1260 3174 1321 3224 ct
1343 3173 1588 3224 matrem
1612 3167 1738 3236 ejus
1761 3166 2012 3224 vinculis

371 3261 829 3330 constrinxerat,
877 3259 1214 3330 confugium
1266 3255 1504 3328 fecerat,
1557 3255 1863 3313 obsidione
1921 3269 2016 3311 ca-

375 3355 530 3421 ptam
555 3349 684 3405 solo
697 3346 1024 3418 coaequavit
1049 3367 1062 3403 :
1089 3360 1259 3418 quam
1286 3349 1491 3417 postea
1515 3343 1777 3401 Herodes
1804 3343 2016 3400 instau-

375 3451 531 3508 rans,
567 3438 851 3494 Scbasten
901 3433 956 3492 in
991 3435 1270 3492 honorem
1323 3433 1570 3504 Augusti
1605 3429 1887 3504 appellari
1919 3445 2016 3488 vo-

374 3522 499 3582 luit.

445 3611 799 3669 Ptolomzeus
821 3608 1094 3686 Phiscen,
1121 3612 1220 3686 qui
1241 3617 1302 3670 et
1333 3613 1523 3682 Soter,
1558 3623 1742 3667 annos
1772 3612 2019 3680 septem-

375 3701 582 3760 decim.
621 3701 826 3759 Ciccro
860 3701 1058 3774 Arpini
1093 3701 1377 3772 nascitur,
1409 3705 1595 3758 matre
1625 3697 1886 3767 Helvina,
1923 3711 2018 3769 pa-

377 3796 465 3847 tre
495 3789 789 3863 equestris
823 3788 1047 3848 ordinis
1080 3805 1152 3848 cx
1185 3788 1344 3860 regio
1376 3787 1743 3847 Wolscorum
1774 3799 2008 3858 genere.

374 3877 645 3951 Prodigia
679 3878 803 3937 dira
829 3878 1163 3954 apparendo
1185 3877 1497 3936 Romanam
1522 3877 1722 3936 urbem
1747 3880 2014 3934 moestam

376 3967 586 4024 Sociali
612 3967 764 4026 bello
792 3973 1147 4025 terruerunt.
1171 3968 1310 4022 Nam
1344 3967 1454 4023 sub
1478 3972 1611 4024 ortu
1637 3964 1782 4022 solis
1803 3963 2015 4036 globus

376 4051 526 4122 ignis
564 4066 595 4109 a
650 4053 886 4122 regione
931 4051 1354 4125 septentrionis
1403 4067 1533 4109 cum
1585 4051 1832 4108 maxime
1883 4049 2015 4106 cmli

375 4137 604 4210 fragore
637 4136 893 4198 emicuit.
922 4139 1086 4213 Apud
1107 4141 1404 4199 Attatinos
1425 4155 1556 4198 cum
1584 4154 1760 4214 panes
1791 4139 2018 4208 frange-

377 4231 784 4300 rentur,cruor
811 4244 843 4286 e
874 4229 1080 4288 mediis
1105 4231 1372 4306 panibus,
1402 4229 1568 4304 quasi
1597 4244 1628 4287 c
1650 4227 2012 4298 vulneribus,

375 4313 560 4373 fluxit.
587 4315 700 4373 Per
728 4322 954 4390 septem
985 4318 1110 4376 dies
1138 4321 1451 4378 continuos
1480 4317 1704 4390 grando
1735 4315 2014 4388 lapidum,

377 4402 648 4462 immistis
679 4405 854 4462 etiam
890 4411 1171 4464 testarum
1207 4407 1568 4479 fragmentis,
1605 4411 1818 4464 terram
1851 4403 2014 4462 latis-

375 4490 520 4548 sime
550 4493 900 4551 verberavit.
935 4494 1104 4553 Hiatu
1131 4500 1302 4552 terra)
1327 4495 1552 4552 flamma
1577 4509 1750 4566 proru
1761 4493 1864 4566 pit,
1883 4507 2010 4566 quae

374 4593 562 4650 usque
585 4579 654 4637 ad
679 4581 890 4638 coelum
921 4583 1157 4639 extendi
1179 4582 1303 4640 visa
1325 4587 1437 4639 est.
1466 4581 1678 4639 Cneins
1701 4582 2014 4655 Pompeius

379 4673 598 4741 praeter
627 4684 757 4726 cum
779 4669 1117 4727 Picentibus
1143 4670 1312 4742 jussu
1349 4675 1612 4741 senatus,
1648 4668 1862 4726 bellum
1891 4684 2018 4740 ges-

375 4757 475 4830 sit,
509 4763 569 4814 et
599 4757 790 4832 victus
821 4762 932 4815 est.
967 4757 1246 4815 Similiter
1267 4757 1454 4818 Julius
1481 4761 1674 4816 Cresar
1697 4759 2012 4818 Samnitum

378 4861 568 4920 pugna
597 4845 810 4916 victus,
835 4860 992 4904 caeso
1026 4845 1174 4917 fugit
1204 4845 1718 4905 exercitu.Postca
1749 4852 2016 4905 contrac-

376 4935 492 4992 ctis
517 4933 768 5016 undique
791 4933 1000 5008 copiis,
1017 4933 1198 5012 multa
1220 4932 1476 4992 hostium
1495 4933 1672 4993 millia
1697 4934 2014 4994 Samnitum

376 5027 438 5076 et
461 5023 819 5081 Lucanorum
849 5021 1162 5081 interfecit.
1183 5022 1436 5094 Cumque
1459 5023 1530 5080 ab
1552 5023 1814 5082 exercitu
1839 5021 2017 5098 impe-

379 5113 542 5164 rator
571 5112 902 5184 appellatus
927 5116 1040 5183 est,
1075 5116 1315 5168 senatus
1341 5125 1500 5182 saga,
1525 5111 1636 5168 hoc
1659 5119 1752 5170 est
1774 5117 2016 5171 vestem-

379 5197 643 5254 mreroris
674 5215 841 5272 quam
866 5206 1072 5259 exorto
1105 5199 1317 5258 Sociali
1358 5199 1511 5256 bello
1561 5205 1914 5275 sumpserat,
1949 5216 2016 5259 ac

380 5296 484 5356 spe
518 5283 810 5343 arridente
837 5290 1131 5374 deposuit,
1159 5295 1332 5360 atque
1355 5289 1654 5361 antiquum
1680 5295 1830 5360 toga)
1853 5289 2019 5347 deco-

381 5383 502 5426 rem
526 5376 1359 5457 recuperavit.Cn.Pompeius
1391 5379 1662 5436 Picentes
1695 5379 1854 5450 gravi
1882 5393 2020 5450 prm-

381 5457 458 5514 lie
484 5457 650 5532 fudit,
686 5475 796 5532 qua
829 5463 1076 5525 victoria
1109 5472 1349 5528 senatus
1387 5465 1680 5526 laticlavia
1711 5473 1772 5524 et
1800 5470 2015 5524 cratera

379 5544 681 5618 dignitatis
714 5549 960 5622 insignia
1009 5556 1250 5628 recepit.
1305 5557 1514 5618 Sociali
1565 5555 1718 5615 bello
1769 5555 2015 5614 necdum

2109 516 2439 585 Eodemque
2458 527 2607 570 anno
2627 511 2698 568 ab
2719 510 2870 570 Urbe
2884 507 3118 572 condita
3135 505 3572 566 sexcentesimo
3597 520 3768 564 sexa-

2107 602 2331 673 gesimo
2353 599 2633 668 secundo,
2649 595 3100 658 Mithridaticum
3117 593 3334 655 bellum
3356 597 3613 663 emptum
3645 599 3764 662 est,

2109 690 2265 762 quod
2288 688 2522 758 triginta
2557 685 2744 764 annis,
2766 683 2880 758 vel,
2901 683 3057 742 sicut
3087 681 3264 752 aliqui
3301 679 3593 749 scribunt,
3625 695 3769 750 qua-

2050 789 2058 801 '
2111 777 2378 848 draginta
2419 781 2650 846 gestum
2689 777 2802 834 est.
2841 771 3203 832 Mithridates
3238 769 3418 838 igitur
3448 783 3552 827 rex
3591 768 3765 824 Ponti

2111 872 2286 937 atque
2309 863 2594 930 Armenia:
2613 859 2813 928 multis
2831 859 3049 932 praeliis
3070 873 3100 918 a
3119 856 3396 921 Romanis
3427 862 3770 928 superatus-

2112 953 2432 1016 novissime
2453 965 2584 1010 cum
2599 952 2807 1012 Castor
2823 949 2950 1019 ejus
2972 945 3308 1018 praefectus,
3326 944 3422 1016 qui
3441 944 3767 1014 Fanagorio

2115 1047 2384 1115 praeerat,
2402 1039 2730 1100 interfectis
2757 1035 2958 1095 amicis
2974 1035 3156 1105 regis,
3172 1048 3366 1095 arcem
3382 1037 3764 1104 occupasset,

2121 1135 2520 1203 quartuorquc
2552 1126 2704 1186 filios
2735 1125 2861 1195 ejus
2891 1123 2962 1190 ad
2999 1121 3268 1194 prmsidia
3298 1121 3555 1184 Romana
3577 1125 3771 1178 trans-

2121 1219 2438 1288 mississct,
2455 1231 2739 1282 accensus
2757 1214 2860 1283 ira,
2877 1213 2930 1270 in
2949 1211 3176 1276 scelera
3191 1209 3424 1282 tandem
3439 1209 3684 1278 exarsit,
3703 1215 3772 1266 ut

2122 1307 2176 1364 in
2214 1306 2412 1379 plures
2443 1305 2663 1370 amicos
2695 1319 2858 1372 suos,
2891 1308 2952 1358 et
2982 1298 3336 1372 Exipodram
3369 1298 3547 1362 tilium
3570 1314 3768 1368 suum,

2123 1394 2416 1464 aliumque
2445 1394 2726 1452 Macareu]
2760 1389 3138 1448 interficeret.
3190 1387 3546 1456 Pharnaces,
3578 1401 3772 1444 exem-

2125 1480 2220 1555 plo
2255 1481 2497 1546 fratrum
2531 1479 2796 1548 territus,
2829 1476 3153 1534 exercitum
3187 1474 3260 1540 ad
3293 1473 3768 1546 persequendum

2099 1583 2186 1626 'se
2207 1567 2448 1630 missum
2473 1567 2585 1629 sibi
2606 1564 2962 1636 conciliavit,
2979 1569 3040 1620 et
3071 1578 3206 1621 mox
3223 1561 3511 1620 adversus
3539 1566 3770 1633 patrem

2123 1656 2308 1714 duxit.
2331 1654 2694 1715 Mithridates
2715 1652 2812 1710 diu
2844 1667 2917 1710 ex
2948 1651 3239 1708 altissimo
3261 1665 3426 1708 muro
3450 1649 3630 1706 filium
3652 1650 3772 1708 fru-

2123 1751 2246 1802 stra
2291 1749 2586 1818 precatus,
2621 1741 2718 1802 ubi
2763 1739 3179 1810 inexorabilem
3224 1738 3392 1808 vidit,
3443 1737 3770 1804 moriturus

2121 1832 2486 1896 exclamasse
2542 1832 2726 1898 fertur
2766 1849 2779 1886 :
2817 1827 3098 1896 Quoniam
3153 1826 3506 1896 Pharnaces,
3554 1824 3770 1896 inquit,

2121 1921 2267 1978 mori
2292 1921 2482 1992 jubet,
2516 1934 2644 1988 vos,
2677 1916 2725 1978 si
2746 1915 2914 1986 estis,
2947 1915 3024 1972 dii
3052 1913 3245 1986 patrii,
3278 1919 3774 1986 precorutquan-

2123 2009 2313 2082 doque
2332 2013 2393 2064 et
2411 2007 2538 2080 ipse
2572 2007 2720 2064 hanc
2738 2017 2941 2062 vocem
2962 2019 2992 2062 a
3027 2002 3228 2060 liberis
3249 2002 3373 2060 suis
3394 2001 3610 2060 audiat.
3643 2004 3773 2060 Sta-

2123 2097 2342 2167 timque
2355 2093 2721 2154 descendens
2737 2092 2807 2150 ad
2826 2105 3060 2160 uxores,
3089 2088 3331 2162 pollices
3349 2105 3416 2146 ac
3431 2089 3581 2154 filias
3604 2105 3768 2160 suas,

2120 2199 2404 2243 venenum
2438 2182 2707 2241 omnibus
2738 2179 2918 2244 dedit.
2972 2177 3137 2246 Quod
3177 2193 3308 2238 cum
3351 2177 3478 2249 ipse
3525 2177 3773 2237 novissi-

2123 2289 2252 2338 mus
2273 2271 2592 2342 hausisset,
2607 2285 2714 2340 nec
2751 2275 2942 2328 tamen
2991 2271 3232 2340 propter
3252 2265 3526 2336 remedia,
3553 2266 3771 2337 quibus

2122 2361 2322 2420 vitalia
2346 2377 2450 2420 sua
2481 2359 2766 2422 adversus
2796 2357 3004 2416 noxios
3032 2370 3245 2415 succos
3276 2369 3432 2426 saepe
3463 2355 3775 2414 obstruxe-

2127 2456 2236 2521 rat,
2260 2465 2479 2518 veneno
2503 2447 2710 2512 confici
2746 2450 2968 2519 posset,
3001 2445 3334 2514 frustraque
3381 2441 3769 2514 spatiaretur,

2125 2538 2174 2594 si
2206 2553 2320 2610 quo
2356 2535 2587 2609 tandem
2617 2534 2788 2592 modo
2820 2533 3011 2594 infuso
3052 2531 3236 2605 pestis
3253 2545 3355 2602 per
3382 2545 3561 2594 venas
3589 2529 3772 2600 agita-

2126 2626 2286 2682 tione
2316 2623 2585 2699 corporis
2617 2627 2744 2686 acta
2777 2619 3413 2690 discurreret,Gallum,
3457 2618 3770 2690 quemdam

2125 2713 2389 2784 militem,
2401 2713 2516 2784 jam
2531 2713 2717 2768 fracto
2731 2725 2896 2782 muro
2911 2709 3362 2780 discurrentem,
3379 2705 3667 2776 invitavit,
3683 2705 3772 2762 ei-

2126 2817 2236 2876 que
2252 2801 2516 2875 jugulum
2537 2798 2814 2873 praebuit:
2835 2811 3134 2870 annosque
3148 2801 3320 2855 natus
3335 2795 3450 2852 duo
3463 2798 3524 2855 et
3537 2799 3774 2866 septua-

2125 2890 2284 2959 ginta
2306 2891 2458 2948 hunc
2489 2889 2707 2946 exitum
2757 2886 2892 2944 vita:
2925 2886 3145 2948 habuit.
3194 2882 3377 2942 Tullio
3408 2883 3686 2940 Cicerone
3702 2889 3772 2940 et

2127 2978 2262 3035 Caio
2294 2977 2544 3036 Antonio
2575 2975 2942 3046 consulibus,
2963 2971 3294 3046 Pompeius,
3330 2971 3510 3030 occisi
3546 2971 3768 3039 Mithri-

2127 3065 2281 3122 datis
2298 3065 2500 3121 nuntio
2516 3067 2781 3135 accepto,
2801 3059 3253 3134 Syriamcmlem,
3269 3064 3329 3116 et
3341 3059 3590 3118 Felicem
3604 3058 3766 3116 bello

2124 3167 2463 3228 aggressus,
2478 3153 2703 3222 ltureos
2721 3151 3057 3220 Arabasque
3073 3148 3422 3222 perdomuit,
3438 3149 3766 3220 urbemque

2123 3255 2346 3312 eorum,
2379 3255 2548 3312 quam
2580 3241 2810 3296 Petram
2843 3237 3162 3308 nominant,
3195 3236 3372 3309 ccpit.
3403 3234 3546 3302 llinc
3567 3235 3640 3291 ad
3665 3236 3768 3291 Ju-

2124 3328 2284 3400 dmos
2317 3333 2490 3400 atque
2521 3327 2592 3386 ad
2625 3325 3085 3401 Hierosolymam
3121 3327 3321 3390 urbem
3351 3339 3553 3384 eorum
3594 3323 3767 3382 Cabi-

2124 3416 2280 3474 nium
2311 3431 2441 3473 cum
2468 3415 2730 3482 exercitu
2752 3413 2950 3472 mittit.
2975 3413 3198 3481 Quibus
3217 3417 3354 3471 tunc
3382 3412 3764 3473 Aristobulus

2123 3503 2372 3578 expulso
2406 3505 2584 3561 fratre
2616 3504 2866 3574 Ilircano
2899 3502 3120 3574 primus
3153 3517 3225 3560 ex
3259 3501 3574 3560 sacerdote
3608 3516 3764 3558 anxio

2126 3609 2240 3651 uno
2256 3607 2359 3649 rex
2373 3593 2790 3664 pi°aae1'at.Post
2804 3589 3381 3662 quadringentesimo
3397 3590 3763 3661 octogesimo

2127 3682 2302 3738 tertio
2323 3695 2472 3752 anno
2493 3679 2820 3751 Babyloniae
2834 3678 3216 3752 captivitatis,
3244 3683 3551 3750 postquam
3567 3693 3766 3750 regna-

2124 3769 2442 3840 vitJancus
2488 3773 2874 3849 cognomento
2923 3765 3272 3836 Alexander,
3315 3770 3541 3838 septem
3571 3770 3630 3822 ct
3664 3765 3768 3822 tri-

2125 3859 2282 3932 ginta
2318 3857 2506 3930 annis,
2529 3857 2624 3929 qui
2647 3857 3048 3930 pontiﬁcatum
3071 3869 3302 3927 quoque
3321 3854 3762 3926 administrans,

2124 3945 2533 4008 crudelissime
2547 3945 2774 4012 civibus
2789 3943 3038 4017 praefuit.
3057 3945 3077 3999 Ι
3087 3957 3188 4016 pse
3205 3954 3434 4014 quoque
3449 3940 3766 4014 Pompeius

2124 4035 2403 4104 continuo
2439 4039 2574 4106 post
2597 4033 2896 4094 Gabinium
2931 4031 3309 4102 subsecutus,
3342 4035 3403 4088 et
3430 4046 3461 4103 ξι
3495 4029 3766 4104 patribus

2126 4123 2270 4180 urbe
2295 4127 2632 4194 susceptas,
2659 4121 2761 4180 sed
2793 4137 2824 4180 a
2857 4119 3024 4194 plebe
3047 4134 3212 4179 muro
3241 4119 3440 4192 templi
3465 4117 3762 4190 repulsus,

2127 4211 2182 4285 in
2213 4211 2700 4283 expugnationem
2734 4209 2860 4281 ejus
2893 4208 3143 4268 intendit
3173 4227 3186 4265 :
3219 4206 3276 4266 id
3299 4223 3412 4264 non
3445 4207 3633 4280 solum
3667 4222 3768 4265 ua-

2129 4306 2258 4359 tura
2291 4299 2426 4372 loci,
2459 4315 2658 4360 verum
2691 4299 2863 4368 etiam
2896 4298 3230 4370 ingentibus
3276 4297 3458 4365 muris
3488 4298 3767 4368 fossaque

2127 4387 2372 4448 maxima
2405 4387 2710 4460 munitum,
2743 4403 2875 4460 cum
2916 4387 3061 4450 alias
3103 4386 3233 4448 aliis
3264 4385 3594 4457 legionibus
3635 4383 3766 4444 dies

2041 4465 2097 4530 D
2126 4483 2450 4550 noctesque
2470 4477 2789 4538 succedere
2807 4477 2932 4546 sine
2955 4475 3156 4548 requie
3184 4479 3445 4548 cogeret,
3468 4473 3562 4532 vix
3585 4471 3770 4542 tertio

2124 4581 2322 4629 mense
2353 4567 2727 4640 expugnavit.
2761 4565 3058 4628 Tredecim
3093 4561 3271 4622 millia
3318 4562 3396 4619 ibi
3427 4559 3766 4634 Iudaeorum

2124 4670 2276 4718 caasa
2309 4661 2638 4718 narrantur.
2675 4657 2896 4712 Caetera
2929 4651 3241 4723 multitudo
3285 4651 3340 4708 in
3374 4649 3545 4725 fidem
3579 4648 3760 4709 venit.

2123 4744 2436 4818 Pompeius
2486 4757 2685 4800 muros
2729 4739 2989 4800 civitatis
3019 4739 3225 4809 everti,
3267 4737 3601 4810 aequarique
3631 4736 3764 4799 solo

2125 4829 2452 4904 imperavit,
2487 4827 2820 4902 aliquantus
2867 4829 3162 4902 principes
3191 4827 3524 4895 Iudaeorum
3564 4824 3761 4884 securi

2127 4918 2449 4992 percussit:
2466 4919 2716 4978 Hircano
2738 4916 3133 4981 sacerdotium
3149 4915 3429 4979 restituit.
3459 4915 3766 4981 Aristobu-

2123 5006 2242 5068 lum
2269 5005 2562 5078 captivum
2590 5007 2830 5074 Romam
2859 5006 3045 5064 duxit.
3079 5005 3402 5078 Mansitque
3433 5005 3488 5062 in
3533 5003 3764 5078 pontifi-

2124 5101 2260 5154 catu
2281 5093 2564 5153 Hircanus
2590 5101 2725 5168 post
2747 5100 2992 5162 mortem
3017 5093 3359 5165 Alexandrea
3383 5093 3608 5164 matris,
3633 5107 3764 5163 qua:

2129 5188 2264 5257 post
2293 5181 2685 5245 Alexandrum
2713 5184 3021 5256 conjugem
3056 5188 3403 5255 regnaverat
3431 5183 3487 5240 in
3516 5180 3760 5251 Iudaeis,

2127 5271 2290 5338 annis
2323 5270 2564 5340 circiter
2601 5273 2840 5344 triginta
2871 5277 2930 5332 et
2961 5278 3229 5344 quatuor.
3265 5272 3516 5330 Ilireano
3547 5270 3763 5338 etenim

2126 5359 2182 5424 in
2217 5356 2559 5432 pontificatu
2581 5359 2874 5424 successit
2895 5359 3268 5428 Aristobulus
3289 5375 3438 5426 anno
3465 5373 3599 5429 uno,
3627 5364 3765 5430 pust

2127 5461 2296 5522 quem
2323 5447 2557 5522 laneus,
2589 5455 2976 5520 cognomento
3011 5449 3356 5518 Alexander.
3383 5450 3609 5529 Mortuo
3641 5444 3766 5515 Alc-

2125 5537 2643 5610 xaudro,regnavit
2671 5539 3003 5602 Alexandra
3041 5553 3188 5600 uxor
3226 5539 3374 5611 eius.
3409 5541 3554 5605 Post
3593 5535 3763 5608 cujus
