4086 6178
258 308 324 361 69
1418 300 1843 363 CHRONICON.
1885 332 1955 344 -—
1993 298 2189 362 AETAS
2228 309 2506 377 QUINTA.
3588 334 3659 389 70
3734 382 3743 391 ,

259 435 505 528 mortem
540 428 919 528 {tris-tobulus
949 434 1008 486 et
1040 429 1322 528 iiircanus
1354 428 1456 485 ﬁlii
1487 430 1614 528 ejus
1657 430 1808 528 inter
1837 440 1900 483 se
1930 427 1986 487 A
2015 442 2136 528 rem
2171 431 2692 528 virtutisafl‘erret,
2726 437 2996 500 similiter
3016 446 3345 506 habuerunt
3375 452 3655 528 quinqua-

258 518 325 574 de
349 519 600 591 imperio
614 519 980 589 dimicantes,
997 520 1364 576 occasionem
1383 519 1685 592 praebuere
1700 519 1902 575 Roma-

258 607 343 663 nis
369 613 433 663 ut
461 607 724 664 Judzeam
758 607 1116 665 invaderent.
1152 609 1227 664 Ut
1259 608 1531 678 diximus,
1566 607 1898 679 Pompeius,

257 695 662 768 Hierosolyma
685 701 856 767 capta
881 697 1023 753 urbe
1053 702 1114 752 et
1149 696 1364 768 templo
1395 703 1680 767 reserato,
1715 711 1902 768 usque

255 784 323 840 ad
362 784 580 841 Sancta
628 790 964 842 sanctorum
1002 786 1251 856 accedit,
1294 785 1627 857 victumque
1679 786 1901 843 Aristo-

257 871 455 930 bulum
480 887 681 931 secum
704 873 963 945 abducit,
997 874 1398 946 pontificatum
1422 874 1669 937 Hircano
1693 873 1901 935 conﬁr-

254 967 371 1018 mat
391 981 406 1016 :
426 977 600 1032 quem
619 962 824 1033 tenuit,
839 968 905 1019 ut
920 963 1192 1033 diximus,
1214 964 1449 1033 triginta
1463 968 1789 1035 etquatuor
1802 978 1899 1020 an-

254 1051 687 1123 nis.Pompeius
705 1052 1074 1122 Antipatrum
1088 1046 1334 1109 Herodis
1350 1051 1702 1109 Ascalonitm
1717 1050 1896 1108 filium

256 1144 700 1211 procuratorem
748 1140 1058 1197 Palestinze
1108 1141 1266 1197 facit.
1314 1142 1625 1213 Pompeius
1677 1140 1891 1197 bellum

253 1227 536 1299 Orientis,
566 1245 697 1285 cum
722 1229 924 1298 viginti
948 1236 1007 1285 et
1030 1229 1259 1286 duobus
1284 1229 1519 1299 regibus
1547 1246 1609 1287 se
1631 1231 1894 1299 gessisse

254 1331 356 1387 pro
377 1315 669 1373 concione
692 1317 967 1374 narravit.
994 1318 1094 1373 His
1130 1317 1335 1373 diebus
1376 1318 1703 1389 conjuratio
1746 1318 1895 1375 Cati-

251 1403 381 1460 lina:
411 1404 700 1463 adversus
728 1407 971 1478 patriam
996 1407 1051 1462 in
1075 1408 1219 1463 urbe
1242 1407 1460 1477 habita,
1504 1422 1570 1463 ac
1614 1407 1843 1480 prodita
1877 1426 1891 1462 :

252 1508 420 1563 quam
460 1492 771 1551 historiam
813 1500 1020 1565 agente
1073 1496 1349 1552 Cicerone
1391 1494 1703 1553 Sallustius
1772 1495 1897 1552 des-

253 1582 446 1638 cribit.
496 1582 776 1653 Virgilius
818 1586 971 1640 Maro
1005 1584 1059 1642 in
1094 1599 1243 1656 pago
1275 1584 1369 1659 qui
1412 1584 1605 1640 Andes
1655 1582 1891 1654 dicitur,

252 1668 399 1725 haud
449 1670 658 1742 procul
699 1687 730 1729 a
772 1673 1021 1744 Mantua,
1074 1674 1354 1730 nascitur.
1426 1675 1604 1730 Poeta
1663 1686 1894 1743 quoque

2010 517 2171 609 ginta
2188 519 2384 609 millia.
2406 526 2718 585 Atrebates
2733 532 2793 584 et
2809 532 3090 605 Ambiani,
3109 536 3306 594 decem
3324 517 3499 599 millia
3519 517 3654 609 ς’Μο-

2014 605 2120 701 riui
2147 608 2348 701 viginti
2375 613 2627 685 quinque
2674 616 2884 686 millia;
2916 621 3179 694 Menapii,
3215 642 3415 685 novem
3441 605 3649 701 millia;

2014 693 2193 790 Caleti
2209 697 2407 790 decem
2423 701 2599 759 millia
2618 722 2631 770 ;
2647 704 3065 766 Velocasseset
3079 693 3443 788 Veromandi,
3487 693 3649 790 reque
3732 756 3739 759 η

2013 781 2211 875 decem
2229 786 2760 865 millia;Aduatuci,
2798 795 2997 875 decem
3024 804 3085 856 et
3115 805 3251 858 octo
3284 781 3651 875 millia;Con-

2012 870 2233 945 dursci,
2252 877 2569 951 Ebcrones,
2598 884 2848 954 Cemani,
2875 885 2970 957 qui
2988 872 3108 945 uno
3134 872 3361 948 nomine
3385 870 3648 952 Germani

2011 968 2317 1036 vocantur,
2344 968 2726 1039 quadraginta
2752 971 2950 1030 millia.
2988 977 3069 1033 Ita
3104 978 3437 1037 referuntur
3468 983 3648 1041 fuisse

2009 1051 2258 1113 ducenta
2284 1057 2654 1127 septuaginta
2682 1059 2796 1116 duo
2821 1061 2997 1119 millia
3023 1070 3375 1124 armatorum
3399 1068 3651 1129 lectissi-

2004 1156 2111 1197 ma.
2140 1142 2238 1199 llis
2263 1150 2501 1215 repente
2524 1145 2669 1204 silva
2685 1150 3125 1223 erumpentibus
3140 1157 3435 1213 exercitus
3464 1161 3649 1216 CiDSﬂ-

2005 1229 2084 1287 ris
2109 1245 2443 1304 aggressus,
2462 1235 2695 1293 hortatu
2712 1237 2878 1295 ducis
2895 1239 2971 1296 ita
2989 1242 3227 1313 restitit,
3246 1244 3551 1318 victosque
3576 1249 3647 1310 ad

2005 1319 2457 1377 internecionem
2477 1339 2617 1393 pcnc
2632 1324 3257 1389 delevit.CresarGalba
3274 1349 3403 1389 cum
3419 1333 3647 1405 legione

2006 1406 2346 1465 duodecima
2369 1408 2439 1464 ad
2464 1412 2747 1481 Bcragros
2772 1414 3150 1488 Sedunosque
3174 1420 3349 1493 misit,
3383 1423 3478 1494 qui
3512 1440 3640 1481 cum

2008 1494 2295 1552 hiemandi
2319 1513 2493 1555 causa
2520 1498 2574 1553 in
2597 1499 2728 1557 vico
2751 1503 3155 1581 Beragrorum,
3182 1509 3274 1565 cui
3299 1524 3502 1566 nomen
3518 1517 3646 1568 erat

2009 1582 2361 1655 Octodorus,
2387 1588 2779 1660 consedisset,
2813 1592 3285 1667 circumseptusa
3320 1597 3497 1655 Gallis
3528 1605 3639 1657 est.

2006 1671 2198 1759 Quiex
2230 1675 2525 1732 montibus
2559 1675 2749 1749 effusi,
2785 1684 2979 1759 castra
3005 1681 3342 1755 imperfecta
3368 1687 3642 1759 saxisque

253 1757 560 1816 Lucretius
594 1760 857 1818 nascitur
899 1763 993 1834 qui
1037 1768 1241 1834 postea
1284 1775 1417 1820 sese
1449 1762 1642 1819 furore
1675 1764 1894 1819 amato-
1921 1772 1974 1832 Β
2011 1758 2262 1831 telisque
2287 1770 2550 1820 onerant.
2570 1765 2678 1821 Sed
2693 1757 2966 1825 Romanis
2993 1772 3179 1841 portis
3201 1757 3641 1845 erumpentibus

252 1845 333 1902 rio
363 1845 685 1904 interfecit.

322 1935 507 2007 [5735]
540 1924 919 2008 Ptolomaeus,
934 1939 1644 2011 quietAlexander,annis
1669 1937 1888 1997 decem.

252 2024 429 2095 ilujus
472 2038 626 2080 anno
667 2026 918 2098 septimo
959 2027 1119 2099 Syria
1163 2028 1216 2084 in
1259 2029 1569 2085 Romanam
1612 2028 1891 2083 ditionem

254 2110 452 2181 cessit,
487 2118 665 2184 capto
696 2102 965 2187 Philippo
997 2130 1025 2172 a
1059 2116 1320 2173 Gabinio.

320 2198 505 2272 μηδ]
540 2201 837 2275 Expulsus
878 2218 1056 2276 regno
1103 2204 1456 2262 Ptolomzeus
1496 2204 1745 2261 Phiscon
1791 2218 1893 2276 per

255 2296 491 2348 matrem
527 2291 915 2364 Cleopatram,
942 2293 996 2349 in
1022 2296 1270 2366 Cyprum
1293 2292 1536 2350 secedit:
1564 2296 1889 2363 Regressus

254 2381 318 2438 de
348 2381 483 2451 fuga
510 2395 749 2451 regnum
773 2381 1028 2439 obtinuit
1049 2382 1213 2439 annis
1239 2396 1463 2461 novem,
1489 2382 1620 2453 quia
1648 2381 1892 2437 Alexan-

254 2469 437 2539 drum,
465 2470 562 2542 qui
588 2475 721 2526 ante
744 2485 875 2527 cum
910 2472 1117 2543 fuerat,
1162 2472 1236 2528 ob
1268 2470 1732 2528 interfectionem
1775 2483 1890 2525 ma-

255 2559 352 2615 tris
384 2557 550 2615 cives
602 2558 963 2631 pepulerant.

319 2646 503 2720 [£745]
532 2647 889 2722 Ptolomzeus
912 2648 1243 2721 Dionysius,
1261 2648 1425 2706 annis
1444 2649 1697 2719 triginta.
1719 2644 1890 2718 Apol-

255 2730 519 2807 lodorus,
550 2743 879 2809 praeceptor
902 2738 1272 2810 postmodum
1298 2738 1564 2809 Augusti,
1589 2736 1889 2809 clarus;lia-

252 2826 439 2881 betur.
472 2828 615 2897 Lege
672 2827 899 2883 Vatinia
938 2827 1148 2884 Czesari
1196 2826 1349 2883 Iulio
1401 2830 1521 2884 tres
1574 2825 1886 2898 provincia:

250 2928 372 2970 cum
400 2912 729 2983 legionibus
754 2920 979 2987 septem
1004 2915 1059 2970 in
1082 2914 1702 2986 quinquenniumfdatte
1724 2918 1883 2985 sunt,

250 3001 425 3058 Gallia
444 3002 844 3076 Transalpina,
861 3002 1244 3074 ctCisalpina,
1261 3007 1321 3059 et
1342 3001 1627 3077 Illyricas.
1646 3001 1884 3057 Galliam

2009 1848 2257 1919 amplius
2299 1865 2469 1922 quam
2515 1854 2750 1924 triginta
2779 1856 2957 1914 millia
2997 1859 3375 1919 barbarorum
3417 1864 3643 1921 cecide-

2006 1942 2160 1994 runt.
2178 1940 2982 2014 Veneti'cmteriqucconflnes
2998 1948 3197 2019 sevios
3214 1950 3323 2006 sibi
3340 1951 3410 2007 ad
3427 1951 3638 2008 bellum

2006 2027 2325 2099 asciscant,
2353 2030 2637 2102 Osismos,
2664 2033 2952 2104 Lixovias,
2979 2037 3307 2115 Namnetes,
3326 2040 3641 2095 Ambibari-

2006 2120 2120 2207 tos,
2139 2117 2740 2207 Morinos,Diablintes
2753 2126 2813 2177 et
2827 2121 3119 2207 Menapios
3135 2122 3347 2182 auxilia
3364 2140 3594 2197 quoque
3608 2143 3639 2184 a

2004 2204 2297 2261 Britannia
2314 2212 2641 2264 arcessunt.
2662 2210 2872 2266 Contra
2888 2204 3003 2267 hos
3021 2213 3214 2268 Czesar
3236 2229 3410 2272 naves
3436 2213 3640 2286 longas

2002 2293 2278 2350 aedificari
2303 2294 2358 2350 in
2399 2295 2599 2366 Ligcre
2641 2297 2815 2354 fluvio
2849 2298 3037 2370 jubet,
3067 2316 3170 2372 per
3194 2317 3362 2372 quem
3396 2303 3450 2359 in
3477 2302 3629 2361 Ocea

2003 2395 2135 2437 num
2158 2381 2486 2459 deducitur.
2513 2385 2709 2441 Navali
2735 2380 2936 2459 praelio
2960 2380 3256 2461 conSerto,
3275 2390 3527 2448 incensae
3551 2408 3640 2448 na-

2002 2484 2102 2526 ves
2128 2471 2405 2551 hostium,
2434 2472 2758 2531 interfectis
2784 2475 2854 2532 iis
2877 2476 2973 2547 qui
3010 2485 3408 2549 pugnaverant
3439 2466 3640 2554 Gallis,

2001 2557 2209 2629 reliqui
2236 2560 2436 2640 omnes
2462 2575 2592 2619 sese
2618 2561 2986 2621 dediderunt.
3024 2566 3132 2623 Sed
3170 2569 3365 2624 Cresar
3397 2569 3643 2625 maxime

2000 2647 2074 2702 ob
2098 2646 2365 2718 injuriam
2391 2649 2713 2725 legatorum
2739 2668 3000 2723 suorum,
3029 2655 3259 2711 cunctis
3281 2654 3641 2729 principibus

2002 2750 2103 2806 per
2132 2740 2419 2794 tormenta
2446 2736 2497 2795 in
2510 2740 2791 2813 terfectis,
2819 2740 3076 2814 reliquos
3093 2744 3201 2799 sub
3218 2759 3430 2803 corona
3448 2744 3643 2800 vendi-

1998 2823 2101 2881 dit.
2131 2826 2293 2883 Titus
2316 2828 2489 2884 etiam
2516 2828 2783 2886 Sabinius
2808 2829 3112 2907 Aulercos,
3138 2832 3517 2907 Eburonices,
3545 2836 3642 2889 Lu-

1996 2914 2342 2984 xoviosque,
2370 2917 2465 2986 qui
2492 2916 2769 2987 primates
2792 2932 2954 2987 suos,
2992 2919 3143 2987 quod
3187 2924 3458 2976 auctores
3503 2920 3638 2975 belli

1998 3001 2289 3059 sucitandi
2305 3018 2436 3059 esse
2452 3002 2693 3077 nollent,
2712 3004 3147 3077 interfecerant,
3163 3007 3470 3079 eruptione
3488 3008 3636 3079 facta

251 3094 544 3148 Comatam
574 3092 777 3164 postea
811 3097 1050 3149 senatus
1075 3092 1306 3165 adjecit.
1343 3089 1737 3179 Helvetiorum
1770 3088 1888 3179 ani:
1918 3116 1968 3179 Ο
2000 3088 2327 3146 incredibili
2370 3090 2528 3147 crede
2575 3089 2810 3148 delevit.
2867 3091 3151 3165 Oppidum
3201 3095 3531 3169 Sauciatum
3583 3097 3637 3171 in

247 3197 387 3250 mos,
417 3178 761 3251 fortissima:
804 3178 1097 3238 Gallorum
1140 3180 1393 3236 omnium
1433 3178 1648 3250 gentis,
1690 3193 1755 3234 ea
1797 3174 1888 3234 vel

245 3270 490 3327 maxime
516 3285 698 3327 causa
724 3269 879 3341 quod
906 3274 1188 3344 perpetuo
1232 3284 1375 3341 pene
1417 3283 1547 3326 cum
1589 3268 1887 3325 Germanis

244 3356 398 3415 bello
424 3358 937 3429 altercabantur,a
961 3358 1172 3429 quibus
1186 3356 1385 3414 Rheno
1411 3362 1632 3415 tantum
1658 3356 1888 3413 flumine

247 3449 622 3517 dirimuntur,
649 3448 861 3519 Orgeta
889 3462 1009 3518 rex,
1037 3446 1307 3519 princeps
1329 3444 1543 3517 gentis,
1587 3460 1691 3517 spe
1734 3448 1889 3500 totas

245 3534 556 3594 invadendi
582 3536 819 3608 Gallias,
847 3536 899 3592 in
927 3551 1083 3611 arma
1115 3534 1481 3594 accenderat.
1527 3534 1651 3601 Quo
1691 3530 1887 3588 ctetcri

243 3627 560 3699 optimates
586 3632 863 3699 correpto
894 3629 953 3682 et
986 3626 1057 3683 ad
1089 3630 1331 3682 mortem
1364 3612 1592 3692 coacto,
1628 3621 1891 3692 coniura-

246 3714 397 3771 tione
414 3715 568 3773 facta
595 3716 825 3772 exustis
869 3714 1094 3791 vicisac
1135 3714 1403 3770 domibus
1436 3711 1580 3781 suis,
1607 3725 1710 3787 nec
1734 3709 1887 3782 quod

243 3803 601 3861 desiderium
616 3820 688 3861 ex
704 3820 808 3877 spe
826 3802 1153 3861 revertendi
1171 3803 1340 3872 foret,
1361 3798 1604 3874 profecti
1622 3804 1776 3855 sunt.
1788 3797 1890 3855 llo-

243 3909 364 3950 rum
380 3895 510 3969 fuit,
528 3910 660 3951 cum
678 3894 923 3965 primum
943 3907 1250 3964 progressa
1265 3894 1358 3965 est
1372 3889 1557 3946 omnis
1574 3887 1886 3957 multitudo

243 3980 1100 4054 Helvetiorum,Tulingiorum,
1146 3981 1521 4052 Latobagum,
1562 3978 1885 4035 Raucarum

244 4075 301 4125 et
332 4071 648 4141 Bogiorum
674 4070 982 4140 utriusque
1006 4084 1203 4145 sexus,
1230 4069 1301 4125 ad
1341 4073 1573 4126 centum
1615 4066 1888 4139 quinqua-

243 4159 402 4229 ginta
428 4166 659 4233 septem
685 4158 862 4215 millia
886 4159 1200 4215 hominum.
1230 4159 1386 4225 Quos
1410 4173 1538 4215 cum
1563 4155 1713 4228 apud
1736 4156 1887 4211 Rho-

245 4247 454 4305 danum
482 4249 720 4323 fluvium
736 4248 941 4305 obvios
959 4250 1152 4305 Cmsar
1173 4247 1496 4319 habuisset,
1523 4260 1728 4316 magno
1744 4244 1886 4299 ditii-

242 4336 456 4408 cilique
484 4335 640 4394 bello
666 4337 756 4393 bis
781 4336 937 4394 vicit.
963 4338 1047 4393 Ex
1071 4337 1140 4394 iis
1164 4335 1545 4408 quadraginta
1577 4340 1636 4392 et
1658 4340 1883 4407 septem

240 4425 417 4497 millia
443 4425 498 4482 in
533 4424 690 4482 bello
723 4425 1084 4496 ceciderunt,
1127 4430 1375 4482 caeteros
1418 4425 1488 4481 ad
1530 4423 1881 4481 deditionem

237 4514 451 4586 coegit.
481 4515 696 4571 lterum
721 4516 915 4570 Caesar
937 4512 1309 4587 incredibiles
1342 4513 1753 4568 Germanorum
1787 4528 1882 4568 co-

240 4603 386 4675 pias,
413 4603 629 4679 quibus
654 4600 904 4676 prmerat
927 4600 1257 4677 Ariovistus
1281 4614 1404 4671 rex,
1430 4598 1581 4671 apud
1608 4599 1881 4669 Sequani-

238 4708 338 4748 cos
365 4691 527 4767 vicit.
557 4692 812 4748 Fuerunt
835 4695 1027 4746 autem
1052 4688 1105 4744 in
1143 4688 1404 4746 exercitu
1430 4685 1703 4743 Ariovisti
1738 4688 1881 4743 Aru-

238 4781 363 4853 des,
390 4782 817 4858 Marcumuues,
838 4778 1104 4849 Tributii,
1121 4777 1469 4847 Vangiones,
1486 4775 1773 4849 Nemetes,
1793 4777 1881 4831 Se-

239 4868 419 4943 duces
442 4873 504 4925 ct
537 4867 728 4925 Sucvi.
760 4867 977 4924 Iterum
1011 4864 1314 4940 Belgarum
1345 4880 1509 4936 gens,
1544 4879 1671 4937 qua:
1705 4863 1876 4921 tertia

239 4972 374 5027 pars
399 4956 717 5014 Galliarum
740 4962 854 5033 est,
872 4956 1155 5013 adversus
1172 4957 1456 5025 Caesarem
1480 4954 1719 5010 exarsit.
1739 4955 1881 5021 Qua:

240 5061 360 5119 rum
389 5046 755 5113 distributim
808 5046 974 5120 copia
1001 5045 1125 5111 fuit.
1162 5043 1593 5123 Bellovaci,qui
1646 5043 1877 5119 caeteris

237 5148 473 5191 numero
497 5142 557 5192 et
582 5135 799 5211 virtute
826 5140 1105 5208 przestare
1118 5134 1477 5213 viderentur,
1493 5131 1878 5205 habuerelec-

240 5222 457 5280 tissima
484 5224 794 5294 sexaginta
819 5222 995 5293 millia
1029 5227 1401 5297 armatorum.
1431 5221 1776 5279 Suessiones
1808 5235 1881 5295 ex

239 5298 539 5369 duodecim
566 5312 805 5387 oppidis
830 5312 1245 5389 quinquaginta
1271 5308 1480 5375 millia;
1504 5310 1715 5381 Nervii,
1742 5325 1882 5381 quo‘

244 5411 362 5454 rum
393 5400 539 5469 adeo
579 5390 864 5477 indomita
900 5400 1099 5471 feritas
1130 5403 1277 5471 erat,
1314 5403 1377 5455 ut
1417 5412 1706 5468 nunquam
1738 5398 1793 5453 in
1827 5395 1881 5451 id

242 5489 513 5559 temporis
538 5495 906 5567 mercatores
931 5488 1000 5559 ad
1018 5486 1612 5589 sepcrmiscrintvina
1647 5489 1884 5543 caetera-

238 5586 345 5641 que
366 5578 586 5635 veniala
602 5578 1077 5650 defcrre,quibus
1092 5575 1673 5649 inductajucunditas
1689 5578 1884 5645 torpo-

2002 3179 2308 3249 Aquitania
2332 3184 2744 3252 expugnatum.
2772 3182 2855 3236 Ex
2878 3181 3203 3252 Aquitaniis
3227 3188 3286 3240 et
3310 3185 3635 3260 Cantabris,~

1999 3266 2416 3339 quinquaginta
2447 3267 2624 3325 millia
2676 3285 2847 3327 czesa.
2897 3269 3183 3351 Germani,
3233 3271 3327 3345 qui
3379 3272 3638 3351 Rhenum

1997 3371 2126 3413 cum
2144 3354 2439 3415 immensis
2472 3357 2658 3431 copiis
2685 3346 3152 3437 transmiserant,
3174 3346 3446 3435 usquead
3464 3346 3640 3439 inter-

2000 3444 2298 3503 necionem
2323 3445 2518 3503 deleti.
2549 3448 2800 3519 Quorum
2828 3462 3102 3506 numerus
3128 3448 3233 3505 fuit
3265 3449 3335 3505 ad
3368 3449 3639 3528 quadrin-

1997 3540 2171 3603 genta
2221 3539 2280 3591 et
2312 3532 2697 3606 quadraginta
2737 3535 2934 3593 millia.
2990 3536 3127 3597 Inde
3177 3540 3369 3596 Ctesar
3410 3538 3464 3595 in
3505 3540 3641 3605 Ger-

1999 3621 2243 3680 maniam
2278 3625 2431 3681 facto
2472 3630 2646 3696 ponte
2699 3626 3147 3695 transgreditur.
3202 3625 3532 3685 Sicambros
3580 3632 3641 3684 et
3722 3672 3729 3679 .

1999 3714 2178 3771 Ubios
2203 3712 2509 3770 obsidione
2532 3714 2761 3771 liberat.
2810 3714 3029 3771 Suevos
3070 3714 3372 3787 maximam
3414 3720 3474 3789 et
3499 3717 3638 3773 fero-

2000 3801 2293 3859 cissimam
2319 3808 2571 3875 gentem,
2589 3816 2832 3872 quorum
2857 3817 2989 3858 esse
3012 3808 3243 3859 centum
3270 3818 3450 3876 pagos
3473 3808 3531 3873 et
3549 3819 3640 3875 po-

1999 3888 2168 3961 pulos
2185 3889 2347 3957 multi
2367 3889 2699 3962 prodidere,
2726 3894 3023 3961 totamque
3046 3890 3403 3961 Germaniam
3428 3890 3638 3963 adven-

1999 3981 2182 4035 tusuo
2200 3977 2615 4034 terret.Moxin
2635 3975 2873 4033 Galliam
2910 3979 3100 4049 reciso
3136 3984 3309 4053 ponte
3343 3978 3632 4049 concedit.

1998 4067 2135 4124 Inde
2151 4068 2219 4124 ad
2236 4068 2487 4125 Morinos
2512 4066 2689 4139 venit,
2715 4063 2866 4124 unde
2882 4063 2934 4122 in
2960 4064 3311 4143 Britanniam
3338 4067 3635 4140 proximus

1994 4163 2055 4214 et
2075 4156 2456 4231 brevissimus
2472 4157 2757 4213 transitus
2774 4161 2885 4211 est.
2906 4155 3158 4214 Navibus
3181 4153 3417 4213 circiter
3439 4168 3615 4213 onera

1996 4245 2098 4302 riis
2117 4252 2291 4317 atque
2308 4244 2586 4321 actuariis
2601 4244 2898 4327 octoginta
2928 4243 3292 4319 praeparatis,
3328 4244 3382 4301 in
3415 4243 3639 4327 gritan-

1995 4336 2144 4392 niam
2164 4334 2583 4407 transvehitur,
2604 4333 2701 4391 ubi
2728 4322 2937 4407 acerba
2966 4350 3152 4407 pugna
3179 4322 3472 4405 fatigatur.
3498 4332 3636 4405 ludo

1999 4424 2242 4497 adversa
2262 4428 2610 4499 tempestate
2624 4421 3492 4496 correptus,plurimamclassis
3507 4421 3639 4499 auii-

1999 4511 2077 4569 sit
2094 4517 2335 4585 partem.
2353 4509 2680 4585 Regressus
2697 4509 2750 4565 in
2767 4507 3026 4585 Galliam,
3044 4515 3426 4583 sexcentenas
3459 4526 3636 4575 naves

1993 4598 2300 4672 utriusque
2332 4598 2619 4671 commodi
2655 4596 2776 4655 fieri
2822 4594 3147 4675 imperavit,
3173 4596 3383 4671 quibus
3426 4597 3634 4673 iterum

1994 4688 2049 4743 in
2076 4687 2428 4751 Britanniam
2457 4683 2642 4763 primo
2665 4700 2801 4759 vere
2845 4688 3215 4759 transvectus
3256 4690 3366 4757 est.
3410 4686 3639 4743 Triden-

1992 4782 2135 4848 tum,
2162 4774 2548 4847 firmissimam
2600 4775 2918 4847 civitatem,
2943 4773 3095 4839 datis
3120 4772 3502 4849 quadraginta
3533 4773 3634 4851 eb-

1991 4866 2218 4947 sidibus
2241 4871 2300 4923 et
2323 4863 2746 4941 Cassobellum,
2764 4865 3038 4947 oppidum
3056 4852 3365 4925 interduas
3391 4861 3632 4936 paludes

1991 4944 2190 5028 situm,
2222 4954 2452 5027 tandem
2476 4954 2635 5031 gravi
2660 4944 2857 5029 pugna
2872 4954 3048 5028 cepit.
3071 4956 3129 5012 In
3148 4954 3278 5032 dedi
3289 4953 3499 5025 tionem
3514 4950 3634 5025 Bri-

1992 5032 2200 5117 tannos
2243 5038 2556 5117 accipiens,
2596 5043 2652 5099 in
2686 5033 2939 5115 'Galliam
2994 5042 3325 5113 revertitur.
3378 5040 3631 5119 Treveri,

1991 5130 2627 5209 Eburonati,Aduatici
2679 5138 2738 5207 et
2790 5132 2978 5197 Nervii
3024 5127 3335 5207 multitude
3378 5126 3431 5186 in
3475 5144 3633 5197 arma

1990 5224 2495 5295 conspiraverunt,
2523 5237 2649 5294 qua:
2683 5238 2754 5279 ex
2785 5223 2894 5295 hoc
2925 5218 3118 5288 colligi
3156 5215 3398 5293 plurima
3451 5218 3631 5283 fuisse

1993 5317 2209 5384 potest,
2238 5310 2367 5384 quia
2393 5328 2521 5379 eum
2546 5310 2928 5370 instrumenta
2954 5304 3166 5373 ruralia
3192 5322 3302 5381 non
3326 5306 3628 5385 haberent,

1990 5399 2202 5472 gladiis
2235 5400 2600 5471 concidendo
2637 5406 2871 5473 terram,
2903 5402 2962 5461 et
2990 5394 3210 5471 sagulis
3242 5395 3628 5475 CXpQI‘tailQO,

1990 5490 2088 5545 vix
2114 5489 2302 5548 tribus
2331 5488 2491 5563 horis
2514 5486 2725 5559 vallum
2752 5486 2959 5559 pedum
2984 5484 3182 5565 decem
3206 5490 3266 5553 et
3299 5484 3514 5559 fossam
3540 5499 3632 5558 pc-

1999 5578 2133 5637 dum
2158 5576 2486 5651 quindecim
2513 5589 2615 5648 per
2638 5573 2816 5634 millia
2853 5590 3149 5648 passuum,
3197 5573 3523 5646 quindecim
3573 5570 3628 5625 in
