4078 6180
367 322 431 382 ’71
1093 279 1101 285 ’
1419 311 1474 367 s.
1517 305 1774 368 ADONlS
1821 299 2258 365 ARCIIIEPISC.
2302 297 2717 357 VIENNENSIS
2894 301 2922 326 ο
3703 293 3780 348 72

369 443 615 502 circuitu
654 438 1360 512 perfecerunt;praeterea
1393 438 1626 491 centum
1661 431 1864 503 viginti
1899 435 2013 487 tur-
2038 427 2096 489 A
2125 423 2636 496 condita,exussit.
2665 415 3211 512 lterumcommisso
3229 409 3429 487 praelio
3443 425 3576 471 cum
3591 412 3782 512 Achil-

373 547 466 590 res
484 501 998 586 mirae-altitudinis
1029 501 1471 581 exstruxerunt.
1511 525 1628 580 Hos
1663 501 1860 579 Caesar
1896 533 2020 576 vas-
2128 515 2203 586 la,
2230 517 2423 573 Caesar
2445 513 2498 571 vi
2522 508 2918 569 insistentium
2940 503 3198 562 hostium
3214 516 3478 576 pressus,
3496 501 3780 574 scapham

374 619 596 676 tissima
619 615 778 674 caede
792 611 1483 683 confccit.Labienus,qui
1502 608 1834 681 legionibus
1851 621 2023 680 praee-
2130 603 2413 661 ascendit.
2441 603 2562 670 Qua
2584 615 2718 657 mox
2745 597 2998 671 pondere
3023 591 3509 683 subsequentium
3535 593 3782 659 gravata

373 714 482 778 rat,
503 721 704 764 omnes
716 707 1098 761 Treverorum
1115 700 1317 774 copias
1332 699 1648 770 interfecit,
1666 703 1728 756 et
1743 697 2020 756 continuo

374 797 558 868 ipsam
579 794 880 853 civitatem
899 790 1078 863 capit.
1105 792 1301 848 Caesar
1318 789 1622 845 Eburones
1643 792 1951 860 postquam
1967 784 2022 840 in

375 883 742 941 Arduennam
763 879 968 937 silvam
989 877 1278 948 refugisse
1296 875 1604 947 comperit,
1628 889 1756 946 quae
1776 872 1924 931 silva
1945 876 2026 928 to-

379 973 494 1028 tius
514 969 711 1027 Galliae
729 967 976 1026 maxima
996 971 1110 1036 est,
1133 970 1308 1036 atque
1329 979 1360 1021 a
1395 963 1538 1036 ripis
1569 961 1758 1020 Rheni
1789 961 2027 1017 finibus-

377 1075 489 1132 que
519 1061 900 1115 Treverorum
936 1053 1006 1112 ad
1041 1053 1284 1110 Nervios
1318 1067 1504 1125 usque
1548 1050 1848 1124 pertingit,
1883 1054 1946 1106 et
1970 1047 2026 1104 in

381 1146 743 1217 longitudine
780 1144 1088 1218 plusquam
1121 1139 1540 1214 quinquaginta
1590 1137 1847 1196 millibus
1898 1153 2022 1210 pas-

383 1250 550 1291 suum
575 1239 753 1306 patet,
773 1247 998 1289 omnem
1018 1229 1258 1287 Galliam
1293 1243 1396 1301 per
1428 1227 1664 1286 nuntios
1701 1226 1927 1296 invitat,
1957 1229 2024 1282 ut

381 1323 593 1394 quique
612 1319 930 1400 secundum
951 1317 1228 1392 placitum
1263 1331 1431 1374 suum
1478 1314 1811 1372 reconditas
1846 1313 1900 1369 in
1922 1316 2024 1370 Ar-

384 1411 607 1467 duenna
623 1407 769 1465 silva
785 1407 1011 1480 praedas
1025 1410 1291 1478 quaerant
1303 1401 2024 1476 diripiantque.Quo:facto

2131 709 2198 751 ac
2220 707 2432 763 mersa,
2452 689 2883 764 'per,ducentos
2908 698 3117 757 passus
3133 681 3205 738 ad
3238 695 3442 738 navem
3470 693 3579 735 una
3605 693 3782 734 manu

2131 780 2378 851 elevata,
2406 793 2516 850 qua
2538 778 2774 836 chartas
2798 773 3056 842 tenebat,
3082 768 3273 826 nando
3317 765 3602 840 pervenit.
3649 766 3786 822 Mox

2133 868 2322 928 navali
2348 865 2688 940 praelioipse
2709 862 2962 921 classem
2985 859 3204 930 regiam
3229 860 3330 913 aut
3354 854 3656 928 depressit
3680 859 3788 910 aut

2132 957 2310 1030 cepit.
2340 951 2747 1012 Alexandrinis
2772 949 3108 1023 petentibus
3146 960 3364 1016 regem,
3399 943 3786 1030 Ptolomaeum

2157 1029 2413 1103 nfantem
2436 1039 2712 1111 reddidit,
2736 1037 2833 1110 qui
2857 1036 3037 1106 illico,
3057 1040 3124 1093 ut
3142 1035 3290 1090 liber
3315 1032 3444 1102 fuit,
3473 1029 3688 1088 bellum
3705 1029 3790 1086 in-

2128 1131 2398 1204 tulit,sed
2414 1129 2693 1188 continuo
2707 1127 2834 1199 ipse
2847 1139 2978 1184 cum
2996 1129 3124 1180 toto
3145 1121 3410 1179 exercitu
3427 1134 3536 1176 suo
3551 1117 3790 1175 deletus
3816 1155 3824 1161 .

2129 1228 2242 1282 est.
2271 1223 2410 1278 Nam
2431 1217 2636 1288 viginti
2681 1214 2861 1273 millia
2901 1212 3196 1272 hominum
3238 1209 3294 1266 in
3333 1225 3404 1266 co
3441 1207 3596 1265 bello
3631 1221 3792 1264 caesa

2131 1315 2290 1381 sunt,
2316 1305 2624 1365 duodecim
2645 1301 2826 1360 millia
2843 1315 2976 1359 cum
2995 1297 3369 1372 septuaginta
3401 1295 3594 1365 longis
3630 1294 3795 1352 navi-

2133 1401 2244 1458 bus
2265 1396 2482 1455 dcdita.
2510 1397 2632 1451 Rex
2654 1393 2780 1464 ipse
2803 1389 3151 1447 adolescens
3172 1385 3390 1457 scapha
3412 1388 3700 1455 exceptus
3729 1387 3800 1438 ut

388 1497 565 1554 Gallis
586 1475 856 1568 utrinque
875 1475 1281 1565 morientibus,
1322 1475 1602 1550 maximas
1635 1493 2026 1548 Romanorum
2136 1489 2382 1557 fugeret,
2408 1481 2607 1539 multis
2629 1477 3027 1568 insilientibus
3055 1488 3286 1568 mer-sus
3312 1485 3646 1568 necatisque
3667 1475 3792 1568 est.

389 1586 652 1657 injurias,
676 1584 800 1642 sine
819 1583 1120 1654 cujusdam
1139 1580 1380 1639 Romani
1401 1578 1759 1651 discrimine,
1773 1577 2028 1636 vindica-

391 1673 492 1730 vit.
518 1676 710 1730 Caesar
729 1671 928 1729 multis
950 1669 1166 1743 praeliis
1187 1667 1402 1726 Gallias
1438 1666 1787 1740 perdomuit.
1825 1668 2031 1722 Roma-

2212 1572 2391 1647 [4784]
2420 1573 2616 1627 Caesar
2637 1581 2877 1638 regnum
2890 1563 3119 1637 Egypti
3135 1563 3460 1634 Cleopatrae
3484 1559 3794 1615 Ptolomaei

2139 1661 2330 1720 sorori
2352 1658 2535 1728 dedit,
2561 1655 2718 1728 quod
2740 1653 2928 1712 tenuit
2947 1651 3115 1710 annis
3139 1649 3344 1721 viginti
3377 1648 3628 1706 duobus.
3676 1649 3802 1704 Cae-

394 1777 527 1818 num
569 1760 894 1833 imperium,
943 1733 1074 1816 cum
1119 1755 1394 1815 Lucullus
1439 1733 1657 1825 Asiam,
1719 1753 2032 1826 Pompeius
2065 1766 2118 1825 Β
2149 1765 2266 1820 sar,
2292 1747 2510 1822 Syriam
2537 1748 2910 1818 pervagatus,
2933 1742 3292 1833 Pharnacem
3315 1737 3583 1833 i‘n_Ponto
3629 1733 3796 1833 vicit.

394 1848 749 1920 Ilispaniam,
771 1849 965 1905 Caesar
984 1845 1224 1903 Galliam
1248 1842 1598 1916 perdomuit,
1624 1855 1810 1914 usque
1837 1841 1908 1897 ad
1939 1855 2036 1897 ex-

292 1997 300 2002 ,
400 1942 617 1992 tremes
653 1935 1074 2008 prepemodum
1109 1939 1283 1990 terrae
1330 1930 1612 1988 terminos
1657 1931 2040 2003 prepagatum

2021 2045 2045 2057 -
2156 2015 2296 2070 Cato
2320 2025 2453 2068 sese
2476 2009 2630 2082 apud
2651 2006 2875 2064 Uticam
2901 2002 3137 2060 occidit.
3168 2001 3314 2059 Juba
3344 1997 3680 2073 percussori
3712 1997 3808 2067 ju-

397 2029 510 2080 est.
562 2023 774 2079 Caesari
821 2021 1033 2079 victori
1079 2013 1153 2078 ex
1198 2019 1399 2077 Galliis
1460 2017 1802 2088 revertenti,

401 2115 522 2167 tum
574 2124 604 2166 a
651 2115 860 2166 senatu
909 2113 1005 2164 est
1045 2111 1111 2164 ut
1153 2107 1210 2164 in
1254 2108 1468 2164 Urbem
1521 2121 1634 2162 non
1681 2104 1793 2160 nisi
1849 2103 2046 2160 dimis-

401 2213 469 2254 so
527 2197 790 2254 exercitu
847 2194 1112 2262 veniret;
1173 2193 1278 2252 sed
1340 2196 1536 2250 Caesar
1596 2193 1926 2249 Ravennam
1981 2204 2046 2248 se

401 2284 670 2343 contulit.
694 2282 1004 2354 Pompeius
1027 2288 1202 2353 atque
1223 2295 1425 2338 omnes
1444 2285 1772 2350 senatores,
1787 2292 2050 2336 crescen-

405 2371 562 2429 tibus
583 2371 829 2430 Caesaris
846 2369 1071 2426 viribus
1087 2367 1784 2442 trepidi,tanquam§ltalia
1799 2366 1974 2439 pulsi,
1992 2365 2048 2422 in

406 2459 682 2516 Graeciam
703 2457 1426 2529 transvecti,Dyrrachium
1443 2455 1837 2528 gerendibelli
1851 2455 2050 2513 sedem

407 2547 770 2618 delegerunt.
795 2547 989 2602 Caesar
1010 2547 1247 2602 Romam
1280 2544 1462 2615 venit,
1511 2549 1895 2615 negatamque
1939 2539 2051 2599 sibi

407 2650 482 2692 ex
497 2632 706 2691 aerario
729 2632 1031 2705 pecuniam
1054 2631 1254 2688 fratris
1281 2631 1504 2691 foribus
1523 2631 1758 2703 invasit,
1785 2629 2056 2702 protulit-

409 2737 521 2796 que
562 2736 636 2778 ex
675 2734 746 2778 eo
793 2718 985 2792 pondo
1021 2724 1276 2790 quatuor
1309 2718 1488 2775 millia
1536 2725 1769 2777 centum
1817 2718 2056 2788 triginta

410 2809 663 2880 quinque
689 2807 882 2880 [auri],
907 2806 1132 2878 argenti
1160 2805 1352 2879 pondo
1379 2821 1560 2880 prope
1603 2805 1900 2876 octoginta
1934 2803 2058 2861 mil-

411 2896 506 2954 lia.
537 2898 666 2952 Mox
691 2910 821 2952 cum
851 2893 1180 2964 legionibus
1211 2893 1388 2966 Alpes
1428 2899 1822 2964 transvectus,
1860 2891 2060 2950 Massi-

411 2983 546 3040 liam
559 2982 903 3040 venit.lianc
917 2981 1226 3038 obsidione
1241 2982 1517 3039 domitam
1536 2983 1746 3040 liberta
1757 2987 1812 3039 te
1825 2996 2062 3040 conces-

413 3071 758 3167 sa,-eaeteris
787 3070 964 3167 rebus
991 3070 1238 3167 abrasit.
1277 3070 1442 3142 Apud
1476 3071 1854 3167 Dyrrachium
1889 3069 2058 3127 multi
2085 3104 2138 3167 Ο

416 3157 673 3215 Orientis
699 3172 866 3226 reges
890 3156 962 3212 ad
991 3157 1331 3228 Pompeium
1353 3172 1485 3213 cum
1511 3157 1746 3214 auxiliis
1773 3172 2059 3215 convene-

419 3251 568 3302 rant.
587 3248 784 3314 Pugna
800 3243 1134 3313 commissa,
1151 3242 1371 3299 milites
1387 3245 1633 3301 Caesaris
1651 3245 1943 3316 fugerunt,
1959 3259 2066 3302 cae-

421 3332 505 3390 sis
519 3339 772 3404 quatuor
784 3329 1042 3388 millibus
1054 3346 1126 3388 ex
1149 3330 1275 3400 ejus
1297 3331 1582 3389 exercitu.
1611 3331 1749 3389 Inde
1773 3335 1966 3390 Caesar
1985 3333 2065 3389 ci-

425 3427 547 3478 tato
561 3421 787 3491 agmine
804 3419 1153 3492 perEpirum
1169 3417 1223 3475 in
1243 3418 1595 3476 Thessaliam
1615 3419 2067 3492 perrexit.Pom-

427 3509 591 3583 peius
605 3523 734 3566 cum
750 3507 974 3579 magnis
989 3521 1058 3564 eo
1067 3507 1177 3580 piis
1193 3509 1546 3566 subsecutus
1559 3515 1672 3566 est.
1692 3510 1946 3566 Fuerunt
1968 3524 2066 3566 au-

427 3603 541 3654 tem
554 3595 830 3668 Pompeio
843 3594 1144 3666 octogiuta
1159 3596 1435 3653 cohortes
1453 3596 1668 3669 triplici
1691 3597 1895 3654 ordine
1913 3597 2067 3653 loca-

428 3690 522 3754 tae,
559 3683 816 3756 peditum
843 3682 1227 3755 quadraginta
1261 3683 1463 3754 millia,
1489 3685 1718 3756 equites
1742 3685 1797 3740 in
1822 3685 2066 3742 sinistro

426 3788 608 3831 cornu
635 3771 921 3843 sexcenti,
939 3769 995 3827 in
1010 3771 1220 3828 dextro
1235 3771 1534 3844 quingenti
1553 3790 1567 3840 ;
1594 3777 1874 3845 praeterea
1898 3787 2067 3844 reges

428 3860 616 3919 multi.
646 3860 859 3918 Caesari
887 3859 1158 3919 similiter
1187 3861 1466 3918 cohortes
1496 3859 1816 3932 octoginta,
1851 3859 2066 3934 triplici

431 3951 637 4007 ordine
665 3949 994 4022 dispositae,
1022 3949 1210 4006 minus
1233 3963 1401 4019 quam
1429 3948 1665 4019 triginta
1698 3949 1876 4008 millia
1915 3949 2072 4021 pedi-

429 4044 574 4107 tum,
597 4035 830 4106 equites
847 4035 1024 4090 mille.
1043 4035 1366 4093 Commissa
1391 4050 1602 4108 pugna,
1625 4050 1756 4094 cum
1779 4037 1876 4094 diu
1897 4037 2074 4095 utrin-

427 4138 539 4194 que
556 4121 731 4180 dubia
749 4126 912 4178 sorte
925 4121 1315 4194 caederentur,
1333 4123 1564 4181 tandem
1587 4123 1896 4183 universus
1909 4127 2074 4182 Pom-

432 4209 544 4282 peii
575 4207 722 4280 fugit
747 4209 1066 4280 exercitus,
1092 4214 1404 4283 castraque
1428 4211 1694 4286 dispersa
1717 4218 1874 4272 sunt.
1917 4214 2077 4269 Pom-

434 4296 599 4369 peius
624 4295 872 4368 fugiens,
900 4297 1227 4355 onerariam
1269 4313 1472 4358 navem
1511 4306 1740 4373 nactus,
1785 4301 1840 4358 in
1881 4300 2074 4358 Asiam

433 4384 686 4442 transiit.
713 4385 850 4442 lude
875 4400 978 4458 per
1000 4389 1248 4459 Cyprum
1275 4386 1329 4444 in
1352 4390 1659 4462 Egyptum
1681 4389 1860 4462 venit,
1879 4388 2071 4460 ibique

431 4489 564 4530 mox
577 4477 642 4530 ut
654 4470 822 4530 littus
839 4445 1238 4544 attigitﬁussu
1253 4445 1556 4533 Ptolomaei
1574 4445 1997 4548 adolescentis,
2099 4445 2154 4506 D

428 4560 674 4632 gratiam
692 4560 939 4618 Caesaris
953 4560 1220 4634 victoris,
1248 4563 1485 4620 occisus
1509 4570 1621 4620 est.
1647 4565 1905 4636 Pompeii
1929 4579 2076 4621 uxor

432 4648 649 4720 ﬁliique
664 4650 960 4720 fugerunt,
977 4649 1310 4721 classisque
1325 4650 1674 4723 Pompeiana
1701 4650 1950 4724 direpta.
1969 4655 2082 4710 Cac-

430 4753 548 4808 sar,
583 4735 932 4808 compositis
965 4737 1120 4809 apud
1141 4738 1554 4797 Thessalianos
1597 4739 1792 4810 rebus,
1837 4739 2082 4797 Alexan-

430 4823 616 4882 driam
636 4823 815 4894 venit,
845 4823 1189 4896 perlatoque
1214 4826 1284 4882 ad
1301 4842 1365 4884 se
1385 4831 1446 4884 et
1469 4828 1594 4884 viso
1629 4828 1866 4901 Pompei
1889 4828 2082 4901 capite

432 4914 782 4986 annuloque,
800 4913 976 4970 ﬂevit.
999 4911 1180 4986 [4755]
1201 4915 1484 4986 Achillas,
1506 4911 1624 4974 dux
1649 4918 1867 4989 regius,
1903 4917 2084 4974 imbu-

435 5004 530 5056 tus
553 5001 736 5060 semel
758 5000 998 5073 Pompei
1025 5002 1332 5074 sanguine,
1359 5004 1610 5062 Caesaris
1633 5019 1864 5076 quoque
1887 5020 2085 5063 necem

435 5085 846 5148 meditabatur.
885 5091 1022 5147 Nam
1060 5089 1265 5160 jussus
1288 5091 1612 5149 exercitum
1647 5091 1965 5165 dimittere,
1989 5087 2085 5152 cui

435 5181 706 5247 praeerat,
766 5178 971 5250 viginti
1012 5176 1256 5236 millium
1303 5184 1683 5253 armatorum,
1743 5197 1854 5239 non
1906 5181 2078 5242 modo

435 5261 659 5332 sprevit
681 5261 1006 5340 imperium,
1043 5282 1243 5327 verum
1283 5273 1345 5326 et
1373 5267 1557 5325 aciem
1583 5268 1818 5328 direxit.
1856 5272 1916 5326 In
1949 5271 2078 5343 ipso

385 5419 392 5436 ι
439 5347 637 5419 praelia
661 5351 819 5422 regia
839 5355 1053 5416 classis
1079 5358 1228 5416 forte
1253 5355 1544 5416 subducta
1565 5358 1808 5430 jubetur
1825 5359 2075 5416 incendi.

435 5437 511 5492 Ea
544 5437 768 5496 flamma
807 5453 938 5498 cum
988 5452 1208 5514 partem
1259 5459 1488 5520 quoque
1531 5446 1698 5505 urbis
1739 5447 2076 5518 invasisset,

435 5525 816 5597 quadraginta
832 5528 1622 5608 millialibrorum,proximis
1659 5538 1808 5594 forte
1842 5535 2070 5594 aedibus

2150 1839 2345 1894 Romae
2360 1835 2616 1891 dictator
2628 1829 3180 1897 etconsulcreatus,
3198 1825 3253 1882 in
3271 1824 3521 1882 Africam
3539 1821 3798 1879 transiit.

2153 1923 2321 1996 Apud
2333 1924 2579 1994 Tapsum
2592 1918 2880 1976 cumJuba
2893 1921 2954 1972 et
2968 1914 3237 1986 Scipione
3253 1910 3608 1985 pugnavitet
3630 1908 3799 1966 vicit.

2156 2099 2355 2172 gulum
2383 2097 2571 2170 pretio
2587 2095 2724 2152 dato
2740 2093 3008 2166 praebuit.
3025 2089 3294 2148 Petreius
3307 2087 3516 2145 eodem
3527 2101 3592 2144 se
3605 2085 3806 2157 gladio

2160 2186 2434 2260 perfodit.
2461 2183 2653 2256 Scipio
2679 2183 2734 2238 in
2769 2180 2958 2238 navim
2996 2193 3108 2250 qua
3127 2177 3197 2234 ad
3221 2175 3527 2248 Hispanias
3553 2175 3805 2245 fugeret,

2159 2273 2586 2342 conscendens,
2603 2275 2777 2330 vento
2792 2273 3038 2326 coactus
3061 2266 3117 2323 in
3139 2265 3391 2323 Africam
3415 2263 3692 2332 redierat,
3720 2277 3812 2318 sc-

2161 2363 2297 2420 meti
2307 2377 2473 2434 psum
2486 2358 2794 2432 iugulavit.
2820 2359 2881 2414 ln
2905 2356 3106 2414 eadem
3126 2353 3256 2412 navi
3279 2353 3454 2410 etiam
3475 2352 3638 2410 Titus
3670 2353 3812 2407 Tor-

2163 2458 2378 2524 quatus
2399 2449 2636 2508 occisus
2656 2453 2768 2506 est.
2794 2449 2988 2505 Caesar
3011 2443 3246 2516 Pompei
3265 2442 3454 2514 magni
3478 2446 3724 2514 nepotes
3747 2445 3814 2496 et

2165 2539 2338 2597 tiliam
2357 2539 2484 2610 ejus
2507 2535 2840 2608 Pompeiam
2853 2533 3034 2605 jussit
3055 2531 3264 2590 occidi.
3282 2529 3558 2588 Ultimum
3591 2528 3812 2585 bellum

2165 2627 2316 2701 apud
2331 2626 2595 2684 Mundam
2609 2625 2817 2682 ﬂumen
2833 2627 3062 2694 gestum
3076 2624 3171 2676 est
3189 2619 3474 2676 adversus
3496 2615 3812 2688 Pompeios

2167 2717 2315 2774 duos
2337 2722 2397 2773 et
2418 2713 2730 2771 Labienum
2749 2718 2924 2784 atque
2949 2710 3175 2768 Aetium
3199 2710 3431 2766 Varum.
3476 2708 3668 2763 Caesar
3706 2705 3816 2760 Ro-

2167 2821 2315 2862 mam
2347 2804 2601 2874 rediens,
2633 2801 2730 2859 ubi
2760 2801 2896 2858 dum
2936 2798 3295 2871 Reipublicae
3343 2800 3562 2854 statum
3602 2799 3812 2851 contra

2167 2892 2430 2966 exempla
2481 2890 2765 2948 malorum
2812 2889 3134 2946 clementer
3190 2887 3500 2956 instaurat,
3559 2881 3818 2940 auctori-

2169 2982 2278 3039 bus
2295 2983 2546 3038 Brutoet
2570 2977 2792 3048 Cassio,
2827 2977 3002 3034 etiam
3033 2974 3280 3047 plurimo
3313 2978 3544 3043 senatu,
3564 2970 3619 3027 in
3650 2969 3815 3027 curia

2169 3070 2360 3126 tribus
2373 3067 2647 3138 etviginti
2661 3064 3001 3123 vulneribus
3013 3063 3348 3133 confossus,
3366 3059 3678 3117 interiit.ln
3700 3073 3817 3129 qua

2171 3156 2576 3227 conjuratione
2594 3151 3039 3227 fuissefamplius
3053 3149 3435 3222 quadraginta
3457 3147 3732 3206 conscios
3748 3149 3822 3204 fe'

2174 3249 2328 3302 runt.
2354 3247 2578 3316 Corpus
2591 3243 2718 3315 ejus
2741 3246 2970 3314 raptum
2987 3239 3260 3313 populus,
3277 3238 3479 3296 dolore
3502 3234 3823 3295 instimula-

2175 3339 2291 3401 tus,
2317 3333 2373 3389 in
2397 3333 2522 3388 foro
2549 3330 2888 3402 fragmentis
2905 3327 3281 3388 tribunalium
3305 3341 3373 3385 ac
3395 3325 3817 3385 subselliorum

2173 3421 2613 3492 cremavitpost
2631 3435 2814 3478 annos
2856 3425 2978 3478 tres
2995 3424 3056 3476 et
3103 3431 3337 3475 menses
3378 3430 3483 3474 sex
3522 3427 3693 3486 quam
3731 3426 3823 3468 rc-

2173 3524 2352 3581 gnare
2379 3514 2698 3582 coeperant.
2734 3510 2872 3566 Nam
2905 3512 3157 3580 quatuor
3186 3505 3353 3564 annis
3396 3508 3532 3576 post
3570 3505 3822 3558 mortem

2175 3597 2364 3667 magni
2389 3600 2487 3654 Cn.
2513 3597 2748 3669 Pompei
2775 3595 2990 3653 bellum
3003 3595 3175 3652 civile
3189 3597 3315 3672 toto
3329 3589 3826 3650 orbeindesinen-

2177 3691 2268 3742 ter
2281 3685 2489 3742 tonuit.
2520 3685 2818 3755 Regnaute
2849 3685 3002 3757 apud
3031 3681 3457 3741 Alexandrinos
3488 3679 3823 3750 CleOpatra,

2177 3779 2386 3846 quarto
2401 3773 2528 3844 ejus
2547 3789 2697 3830 anno
2713 3773 3137 3843 finito,CaesarJ
3145 3771 3219 3829 uli
3228 3786 3296 3828 us
3311 3769 3532 3842 primus
3546 3769 3830 3823 Romano-

2178 3877 2303 3920 rum
2333 3861 2686 3933 singularem
2718 3860 2974 3919 obtinuit
3001 3859 3409 3932 principatum.
3445 3859 3620 3928 Aquo
3647 3853 3829 3911 etiam

2180 3945 2440 4008 Caesares
2454 3951 2729 4023 appellati
2746 3954 2901 4008 sunt.
2927 3948 3163 4007 Cassius
3184 3947 3436 4019 interim,
3464 3944 3662 4004 Iudaea
3691 3958 3832 4015 cap-

2181 4042 2260 4109 ta,
2278 4039 2555 4112 templum
2570 4039 2805 4112 spoliat.
2824 4038 3047 4095 Abhinc
3071 4037 3487 4110 imperatorum
3506 4047 3736 4090 nomen.

2252 4125 2606 4183 Octavianus
2636 4127 2831 4182 Caesar
2859 4128 3160 4194 Augustus
3197 4123 3585 4179 Romanorum
3621 4133 3832 4176 secun-

2183 4211 2314 4284 dus,
2352 4213 2616 4285 regnavit
2649 4228 2830 4271 annos
2865 4211 3284 4284 quinquaginta
3326 4224 3431 4267 sex
3479 4214 3540 4264 ct
3591 4221 3830 4264 menses

2183 4317 2376 4358 scx:a
2421 4317 2536 4373 quo
2583 4301 2827 4372 Augusti
2876 4299 3151 4374 appellati
3211 4314 3380 4371 reges
3410 4301 3825 4355 Romanorum.

2186 4389 2441 4456 Quorum
2461 4389 2814 4462 quindecim,
2834 4389 3067 4448 vivente
3085 4388 3414 4460 Cleopatra,
3439 4385 3828 4458 quadraginta

2184 4483 2434 4536 etunum
2458 4485 2662 4553 postea
2679 4479 2844 4538 vixit.
2871 4478 3116 4550 Augusti
3144 4475 3450 4535 undecimo
3485 4489 3654 4547 anno,
3687 4474 3834 4530 defi-

2185 4568 2376 4627 ciente
2396 4571 2448 4626 in
2469 4570 2666 4629 Iudaea
2695 4567 3033 4642 pontificum
3070 4566 3422 4639 principatu,
3457 4563 3834 4636 complentur

2185 4656 2565 4716 hebdomadae
2585 4655 2955 4729 septuaginta
2977 4654 3032 4710 in
3051 4652 3285 4710 Daniele
3299 4651 3558 4724 scriptae.
3577 4653 3741 4706 Anno
3755 4651 3834 4706 ab

2188 4747 2343 4804 Urbe
2362 4747 2596 4804 condita
2616 4743 3139 4816 septingentesimo
3153 4742 3399 4812 decimo,
3418 4740 3729 4798 interfecto
3740 4741 3834 4796 Ju-

2192 4834 2271 4891 lio
2291 4836 2538 4904 Caesare,
2556 4830 2930 4903 Octavianus,
2951 4831 3048 4902 qui
3065 4834 3416 4888 testamento
3427 4831 3454 4884 Ι
3461 4827 3560 4885 ulii
3582 4825 3834 4884 Caasaris

2195 4920 2462 4977 avunculi
2482 4925 2542 4976 et
2557 4917 2959 4976 haereditatem
2987 4924 3047 4975 et
3068 4932 3272 4975 nomen
3303 4919 3729 4988 assumpserat,
3766 4920 3836 4970 ut

2197 5009 2432 5064 Romam
2465 5005 2810 5064 adolescens
2845 5006 3152 5064 admodum
3189 5003 3350 5062 venit
3380 5003 3633 5061 indolem
3665 5015 3834 5058 suam

2199 5095 2370 5154 bellis
2388 5091 2660 5153 civilibus
2676 5093 2836 5153 vicit.
2859 5097 2935 5154 Ut
2953 5094 3103 5152 enim
3126 5093 3384 5150 breviter
3399 5091 3686 5164 eXplicem
3716 5087 3842 5146 bel-

2189 5183 2242 5242 la
2261 5182 2453 5242 civilia
2481 5199 2609 5256 quae
2642 5183 2770 5256 ipse
2803 5183 3009 5256 gessit,
3052 5182 3397 5253 Mutinense,
3432 5179 3838 5252 Philippense,

2189 5271 2518 5342 Perusium,
2553 5270 2830 5343 Siculum,
2869 5270 3189 5329 Actiacum.
3225 5272 3268 5327 E
3301 5269 3515 5343 quibus
3551 5268 3688 5340 duo,
3723 5269 3839 5326 hoc

2195 5366 2290 5420 est
2321 5361 2566 5434 primum
2600 5375 2668 5418 ac
2701 5359 3101 5431 novissimum,
3137 5359 3421 5418 adversus
3457 5359 3709 5415 Marcum
3730 5359 3841 5412 An-

2193 5447 2809 5520 tonium;sccundum,
2835 5448 3121 5507 adversus
3158 5450 3400 5506 Brutum
3431 5451 3492 5504 et
3525 5443 3794 5504 Cassium
3826 5464 3841 5510 ;

2193 5539 2450 5608 tertium,
2477 5537 2761 5596 adversus
2781 5537 3014 5596 Lucium
3038 5535 3348 5594 Antonium
3370 5554 3385 5604 ;
3406 5539 3699 5608 quartum,
3741 5531 3845 5589 ad-
