4078 6180
331 172 397 222 73
1486 174 1912 234 CHRONICON.
1946 203 2016 212 —
2053 171 2250 228 ETAS
2289 173 2566 240 QUINTA.
3654 189 3726 242 74

328 303 531 347 versus
583 292 822 350 Sextum
854 295 1210 368 Pompeium,
1245 296 1402 354 Cneii
1451 300 1708 372 Pompeii
1760 298 1961 368 filium,
1995 297 2052 357 A
2083 296 2230 352 idem
2257 297 2540 354 Antonius
2557 312 2683 355 sese
2716 298 2868 356 ferro
2899 298 3382 357 transveberavit.
3417 302 3723 377 Cleopatra

327 392 494 449 quem
510 395 619 437 con
632 382 990 440 fecit.Czesar
1012 384 1081 441 ad
1108 384 1276 442 ﬁdem
1290 389 1614 446 conciliata:
1634 389 1838 460 gratiae
1862 404 1972 460 qua

325 469 641 526 Antonium
670 479 997 544 receperat,
1015 473 1188 531 filiam
1204 476 1329 546 ejus
1343 477 1707 535 matrimonio
1731 479 1974 536 sortitus

319 562 427 612 est.
464 560 751 631 Herodes,
785 567 1051 619 cessante
1086 579 1264 634 regno
1295 581 1360 622 ac
1390 567 1718 624 sacerdotio
1755 569 1976 624 Iudaeo-

322 661 472 717 rum,
498 647 647 703 nihil
671 651 742 705 ad
765 665 890 706 eam
913 655 1144 720 gentem
1170 654 1488 726 pertinens,
1518 661 1720 727 utpote
1743 657 1974 728 Antipa-

319 734 396 789 tri
426 736 783 794 Ascalonitze
814 743 871 794 et
907 741 1112 797 matris
1143 743 1407 814 Cypridis
1437 745 1698 801 Arabicae
1731 745 1904 816 illius,
1939 759 1968 801 a

318 822 596 881 Romanis
617 825 952 883 Judzeorum
976 830 1235 900 suscepit
1259 831 1667 904 principatum,
1694 849 1861 905 quem
1887 840 1970 890 te-

315 910 442 966 nuit
477 926 663 976 annos
695 914 936 985 triginta
969 932 1089 972 sex.
1125 919 1231 984 Qui
1263 933 1332 975 ne
1367 919 1637 990 ignobilis
1669 923 1819 978 forte
1849 927 1907 978 et
1937 939 1966 980 a

311 1000 652 1058 Iudaeorum
669 1004 888 1060 semine
918 1012 1268 1076 argueretur
1288 1013 1623 1081 extraneus,
1647 1012 1965 1068 combussit

314 1087 499 1146 libros
520 1106 726 1148 omnes
749 1093 961 1164 quibus
990 1095 1467 1166 nobilitasgentis
1495 1099 1709 1155 Judzeze
1742 1100 1796 1154 in
1830 1105 1966 1156 tem-

312 1177 412 1249 plo
433 1181 788 1237 servabatur
809 1183 1083 1254 ascripta,
1110 1188 1170 1240 ut
1196 1185 1608 1244 deficientibus
1626 1189 1965 1260 probamen-

312 1266 409 1336 tis,
445 1272 507 1324 et
539 1269 664 1340 ipse
696 1271 766 1326 ad
800 1271 946 1329 hanc
989 1273 1284 1343 pertinere
1336 1281 1646 1347 putaretur
1679 1297 1692 1333 :
1725 1277 1962 1348 insuper

307 1357 490 1412 etiam
529 1363 592 1414 ut
615 1375 778 1416 suam
817 1361 1074 1418 sobolem
1099 1363 1260 1433 regio
1303 1363 1534 1421 illorum
1574 1366 1774 1435 generi
1811 1383 1964 1423 cum-

308 1445 614 1517 misceret,
676 1449 934 1520 projecta
990 1451 1230 1508 Dosside
1292 1453 1501 1509 femina
1561 1454 1962 1526 Hierosolymi-

304 1538 466 1605 tana,
496 1551 672 1606 quam
707 1539 973 1609 privatus
1003 1546 1310 1612 acceperat
1346 1558 1606 1614 uxorem,
1631 1549 1690 1600 et
1722 1549 1858 1600 nato
1886 1560 1958 1601 ex

2087 389 2390 457 postquam
2416 401 2476 443 se
2497 387 2784 443 reservari
2809 387 2878 442 ad
2902 387 3257 458 triumphum
3283 389 3594 465 intellexit,
3628 411 3724 454 vo-

2089 473 2396 530 luntariam
2450 479 2691 532 mortem
2742 479 2966 548 petens,
3001 476 3312 547 serpentis,
3354 483 3414 534 ut
3458 485 3719 556 putatur,

2083 578 2296 633 morsu,
2332 563 2385 618 in
2419 563 2656 620 sinistro
2693 569 2845 621 tacta
2883 563 3138 634 brachio,
3174 565 3454 624 exanimis
3485 569 3720 629 inventa

2079 656 2190 721 est,
2229 652 2440 708 frustra
2477 655 2701 708 Cmsare
2733 653 2906 708 ctiam
2949 651 3173 724 Psyllos
3212 653 3576 728 admovente,
3619 659 3718 730 qui

2080 754 2302 795 venena
2330 747 2666 812 serpentum
2690 756 2720 797 e
2740 741 3082 798 vulneribus
3103 741 3395 799 hominum
3413 743 3622 803 haustu
3637 762 3720 803 re-

2080 843 2286 883 vocare
2307 834 2480 899 atque
2503 845 2790 900 exsugere
2814 830 3021 887 solent.

2150 919 2339 974 Caesar
2363 917 2708 974 Alexandria
2735 920 2899 988 urbe,
2925 919 3176 974 omnium
3202 917 3369 988 longe
3399 920 3718 992 opulentis-

2075 1004 2216 1061 sima
2248 1013 2304 1062 et
2341 1006 2605 1077 maxima,
2647 1007 2833 1064 victor
2874 1008 3094 1078 potitus
3134 1012 3242 1063 est.
3288 1010 3580 1067 Hactenus
3619 1012 3716 1082 qui

2074 1095 2435 1151 vocabantur
2468 1095 2694 1164 Lagidze
2726 1097 2798 1151 ab
2830 1095 3146 1152 Ptolomzeo
3179 1096 3384 1168 primo,
3410 1099 3542 1168 Lagi
3575 1099 3714 1171 filio,

2073 1181 2128 1236 in
2160 1182 2406 1254 :Egypto
2439 1189 2830 1253 regnaverunt
2875 1184 3039 1240 annis
3089 1185 3357 1242 ducentis
3404 1187 3715 1257 nonaginta

2073 1271 2346 1342 quinque.
2383 1275 2574 1328 Cmsar
2606 1273 2794 1328 victor
2825 1274 2896 1329 ab
2920 1272 3158 1328 Oriente
3191 1274 3486 1343 vcndicns,
3511 1279 3718 1333 octavo

2072 1360 2205 1415 ldus
2233 1361 2536 1417 Januarias
2575 1363 2784 1416 Urbem
2827 1360 3043 1431 triplici
3093 1361 3388 1432 triumpho
3420 1362 3717 1432 ingressus

2069 1453 2176 1504 est.
2223 1450 2339 1504 Iloc
2378 1449 2470 1504 die
2513 1449 2759 1520 primum
2803 1452 3100 1518 Augustus
3147 1449 3552 1507 consalutatus
3600 1458 3712 1524 est,

2069 1541 2242 1608 atque
2265 1553 2338 1593 ex
2359 1538 2560 1594 eadem
2583 1537 2673 1593 die
2693 1552 2912 1594 summa
2939 1552 3132 1610 rerum
3155 1553 3219 1594 ac
3242 1543 3504 1610 potestas
3533 1555 3713 1611 penes

302 1637 368 1678 ea
404 1622 533 1680 ﬁlio
579 1625 910 1698 Antipatro,
959 1629 1202 1686 sociavit
1249 1631 1358 1687 sibi
1407 1633 1755 1688 Mariannem
1781 1633 1955 1692 ﬁliam
1983 1657 2035 1716 Β
2069 1641 2238 1683 unum
2260 1641 2386 1683 esse
2405 1626 2583 1697 coepit
2608 1631 2666 1681 et
2691 1627 2920 1716 mansit,
2949 1627 3101 1698 quod
3125 1627 3710 1687 Grmcimonarchiam

303 1711 654 1784 Alexandri,
693 1720 926 1786 neptem
961 1718 1280 1775 Aristobuli
1320 1720 1518 1777 fratris
1557 1722 1810 1794 Hircani,
1857 1724 1954 1794 qui

299 1805 442 1855 ante
475 1815 610 1858 eum
638 1809 871 1860 rexerat
892 1805 1222 1863 Iudaeorum
1253 1812 1505 1878 gentem.
1538 1811 1668 1867 Haec
1699 1811 1952 1882 quinque

283 1887 458 1944 lilios
477 1889 532 1944 ei
552 1891 778 1961 genuit,
822 1907 1066 1963 quorum
1103 1894 1268 1967 duos,
1307 1895 1698 1954 Alexandrum
1739 1903 1796 1955 et
1835 1900 1954 1956 Ari-

296 1976 632 2048 stobulum,
659 1978 780 2050 ipse
807 1982 1052 2051 peremit
1073 1983 1128 2038 in
1153 1984 1428 2042 Samaria.
1465 1987 1577 2042 Nec
1606 2001 1786 2058 mora,
1821 1992 1951 2060 post

295 2065 483 2121 etiam
522 2065 755 2124 illorum
803 2073 1069 2142 matrem,
1114 2087 1224 2143 qua
1273 2073 1353 2130 nil
1407 2075 1642 2132 charius
1687 2081 1948 2148 noverat,

295 2153 479 2209 simili
503 2153 730 2212 scelere
753 2159 1019 2230 peremit.
1052 2162 1095 2216 E
1133 2162 1344 2232 quibus
1379 2164 1750 2222 Aristobulus
1785 2168 1953 2224 IIero-

293 2240 433 2297 dem
455 2257 533 2298 ex
557 2244 834 2301 Berenice
866 2250 1450 2322 susceperatjllium,
1493 2266 1662 2323 quem
1702 2253 1757 2308 in
1798 2255 1951 2310 Acti-

293 2329 412 2386 bus
460 2331 862 2402 apostolorum
911 2337 983 2391 ab
1033 2337 1240 2407 angelo
1291 2353 1628 2410 percussum
1685 2341 1946 2412 legimus.

291 2419 592 2476 Antonius
657 2423 1032 2494 Artabanem,
1102 2426 1388 2483 Armenia)
1460 2443 1678 2500 regem,
1759 2431 1950 2501 prodi-

288 2506 458 2562 tione
488 2511 550 2562 et
571 2507 706 2565 dolo
726 2511 903 2581 cepit.
937 2513 1116 2580 Quem
1137 2519 1411 2584 argentea
1433 2521 1638 2574 catena
1666 2518 1946 2590 vinctum,

289 2594 356 2651 ad
382 2595 817 2653 confessionem
837 2600 1244 2658 thesaurorum
1266 2604 1557 2673 regiorum
1579 2607 1766 2677 coegit
1805 2627 1817 2662 :
1851 2623 1949 2664 ex-

289 2692 680 2758 pugnatoque
699 2688 912 2759 oppido
935 2689 989 2744 in
1014 2705 1127 2762 quo
1145 2692 1412 2749 conditos
1433 2710 1560 2751 esse
1584 2696 1943 2768 prodiderat,

289 2790 571 2845 magnam
602 2777 712 2831 vim
745 2776 874 2834 auri
909 2779 1253 2851 argentique
1295 2782 1556 2839 abstulit.
1602 2785 1723 2850 Qua
1755 2785 1948 2844 elatus

291 2864 551 2935 pecunia
577 2864 937 2921 denuntiavit
972 2865 1185 2922 bellum
1220 2870 1452 2939 Czesari,
1483 2875 1657 2942 atque
1691 2873 1945 2930 Octaviae

291 2952 522 3009 sororis
553 2954 817 3024 Cwsaris,
850 2955 1048 3012 uxoris
1077 2971 1217 3028 suae,
1253 2958 1558 3029 repudium
1602 2961 1810 3016 indixit
1837 2980 1852 3029 ;
1885 2967 1942 3018 et

2066 1720 2294 1772 vocant.
2318 1717 2498 1772 Porro
2530 1719 2722 1772 autem
2757 1714 2908 1771 hunc
2941 1730 3068 1771 esse
3100 1716 3364 1773 eumdem
3395 1716 3566 1788 diem,
3601 1717 3709 1774 hoc

2066 1809 2435 1861 estoctavum
2461 1804 2595 1861 ldus
2614 1803 2892 1874 Januarii,
2920 1819 3032 1874 quo
3056 1819 3160 1861 nos
3180 1804 3576 1877 Epiphaniam,
3602 1806 3708 1864 hoc

2065 1899 2154 1950 est
2178 1893 2599 1965 apparitioncm
2624 1893 2743 1950 sive
2769 1893 3292 1949 manifestationem
3314 1894 3591 1951 Dominici
3622 1910 3709 1951 sa-

2064 1982 2344 2040 cramenti
2368 1983 2766 2051 observamus,
2801 1997 2968 2037 nemo
2989 1982 3352 2039 credentium
3382 1982 3500 2039 sive
3530 1983 3704 2039 etiam

2066 2071 2195 2128 fidei
2227 2070 2774 2140 contradicentium,
2806 2069 3009 2126 nescit.

2134 2162 2244 2215 Per
2286 2158 2474 2215 omnia
2517 2158 2695 2227 igitur
2738 2157 2965 2214 venturi
3013 2156 3223 2214 Christi
3265 2158 3451 2227 gratia
3490 2173 3704 2231 praepa-

2064 2254 2252 2305 ratum
2288 2246 2528 2304 Caesaris
2559 2246 2863 2318 imperium
2905 2246 3320 2317 comprobatur
3353 2266 3365 2301 :
3402 2259 3530 2302 nam
3571 2262 3702 2304 cum

2061 2337 2308 2408 primum
2349 2336 2482 2392 Caio
2523 2337 2748 2391 Czesare
2789 2334 3072 2392 avuncula
3115 2349 3221 2391 suo
3269 2334 3592 2412 interfecto.
3629 2351 3704 2393 ex

2063 2425 2360 2497 Apollonia
2389 2423 3288 2494 rediensUrbemingrederetur,
3307 2423 3445 2479 hora
3461 2424 3701 2482 circiter

2059 2515 2257 2584 tertia,
2292 2519 2532 2586 repente
2566 2513 2785 2584 liquido
2816 2528 2881 2569 ac
2914 2517 3054 2584 puto
3086 2527 3292 2568 sereno
3331 2512 3590 2570 circulus
3629 2515 3701 2571 ad

2059 2603 2311 2674 speciem
2351 2601 2610 2659 caelestis
2649 2617 2820 2658 arcus
2853 2603 3051 2657 orbem
3091 2601 3231 2657 solis
3282 2601 3504 2671 ambiit,
3556 2617 3701 2673 quas

2057 2708 2187 2750 eum
2222 2708 2396 2750 unum
2429 2707 2494 2748 ac
2529 2691 2887 2762 potissimum
2921 2689 2975 2744 in
3009 2690 3116 2746 hoc
3148 2689 3360 2747 mundo
3398 2689 3700 2762 solumque

2057 2782 2443 2839 clarissimum
2485 2780 2539 2834 in
2580 2781 2720 2836 orbc
2771 2782 3125 2834 monstraret
3168 2797 3180 2832 :
3221 2779 3388 2848 cujus
3437 2783 3698 2850 tempore

2056 2875 2339 2926 venturus
2360 2873 2515 2924 esset
2537 2867 2634 2938 qui
2659 2867 2843 2937 ipsum
2867 2866 3068 2936 solem,
3094 2867 3485 2936 mundumque
3512 2871 3697 2924 totum

2054 2964 2114 3014 et
2136 2959 2368 3013 fecisset
2392 2961 2449 3010 et
2475 2958 2726 3024 regeret.
2754 2953 2970 3009 Deinde
2992 2967 3122 3010 cum
3144 2953 3400 3009 secundo
3423 2953 3476 3008 in
3502 2954 3696 3012 Sicilia

293 3041 670 3113 Cleopatram
694 3011 889 3099 sibi’ex
912 3011 1942 3121 Alexandria
1979 3011 2028 3074 Ο
2055 3046 2310 3118 receptis
2341 3059 2372 3100 a
2404 3011 2674 3114 Pompeio
2712 3045 2768 3098 et
2813 3041 3027 3112 Lepido
3067 3040 3413 3111 legionibus,
3453 3042 3692 3112 triginta

294 3135 477 3199 atque
503 3144 744 3186 uxorem
769 3131 954 3187 duxit.
981 3134 1108 3204 Ipse
1143 3135 1391 3206 Actium,
1418 3135 1516 3191 ubi
1545 3135 1788 3194 classem
1819 3153 1946 3195 con-

293 3217 599 3287 stituerat,
624 3219 943 3290 profectus,
969 3236 1100 3276 cum
1134 3237 1312 3293 prope
1333 3223 1566 3279 tertiam
1593 3231 1814 3295 partem
1857 3241 1945 3283 re-

291 3306 509 3378 migum
546 3306 696 3363 fame
729 3309 1091 3380 absumptam
1123 3309 1481 3382 offendisset,
1517 3312 1672 3384 nihil]
1704 3319 1893 3371 motus
1925 3335 1938 3370 :

292 3395 477 3465 Remi,
512 3395 728 3466 inquit,
763 3397 930 3454 modo
957 3397 1099 3454 salvi
1143 3403 1276 3455 sunt
1312 3419 1324 3454 :
1361 3415 1488 3456 nam
1536 3401 1786 3472 remiges
1831 3419 1941 3460 non

292 3484 544 3540 deerunt
568 3486 762 3556 quoad
777 3486 993 3543 Graecia
1011 3487 1269 3544 homines
1287 3489 1577 3545 habuerit.
1595 3492 1868 3549 Ducentze
1882 3498 1942 3548 et

291 3573 530 3643 triginta
549 3578 826 3631 rostratae
842 3575 1002 3631 fuere
1019 3577 1262 3633 Caesaris
1275 3592 1469 3648 naves,
1487 3584 1545 3634 et
1563 3579 1803 3649 triginta
1817 3580 1941 3637 sine

290 3662 517 3718 rostris.
539 3661 834 3719 Triremes
867 3664 1174 3721 velocitate
1210 3666 1534 3724 Liburnicis
1569 3683 1759 3740 pares,
1809 3673 1942 3726 octo
2006 3666 2011 3672 ’

292 3750 550 3821 legiones
563 3752 738 3809 classi
754 3755 1159 3825 superpositas,
1181 3758 1399 3828 absque
1421 3757 1762 3815 cohortibus
1785 3759 1944 3830 quin-

291 3852 395 3908 que
420 3839 744 3912 przetoriis.
775 3841 984 3899 Classis
1014 3844 1266 3915 Antonii,
1303 3849 1536 3902 centum
1569 3847 1938 3918 septuaginta

292 3928 521 3986 navium
557 3929 690 4000 fuit,
726 3935 1004 4000 quantum
1038 3947 1277 3990 numero
1305 3935 1541 4005 cedens,
1575 3939 1801 3991 tantum
1834 3951 1944 3992 ma-

290 4017 599 4086 gnitudine
620 4017 966 4088 praecellens
983 4035 1140 4086 ;nam
1157 4020 1356 4079 decem
1394 4023 1605 4094 pedum
1631 4023 1940 4082 altitudine

292 4119 320 4160 a
342 4105 489 4161 mari
511 4106 781 4162 aberant.
811 4106 1030 4164 Bellum
1051 4110 1122 4165 ab
1145 4110 1284 4167 hora
1315 4111 1514 4183 quinta
1548 4128 1733 4184 usque
1767 4113 1821 4168 in
1850 4113 1942 4170 ho-

292 4207 408 4249 ram
429 4194 744 4266 septimam
765 4195 987 4253 incerta
1007 4198 1271 4255 vincendi
1294 4215 1394 4272 spe
1419 4200 1941 4274 protractum/gra-

292 4280 543 4339 vissimae
579 4281 853 4354 utrinque
882 4285 1074 4342 caedes
1104 4290 1250 4343 actae
1284 4305 1298 4342 :
1333 4288 1622 4360 reliquum
1665 4287 1777 4347 diei
1809 4304 1940 4347 cum

2055 3135 2232 3191 millia
2257 3147 2555 3191 servorum
2581 3129 2827 3187 dominis
2858 3129 3234 3199 restituisset,
3267 3134 3325 3184 et
3359 3143 3462 3186 sex
3490 3130 3687 3202 millia,

2055 3239 2299 3295 quorum
2333 3221 2545 3278 domini
2579 3235 2689 3275 non
2730 3220 3040 3275 exstabant
3082 3218 3135 3273 in
3179 3232 3412 3275 crucem
3455 3218 3690 3290 egisset,

2054 3312 2394 3383 ingentique
2423 3309 2624 3383 ;animo
2666 3307 2869 3379 viginti
2913 3307 3088 3363 millia
3133 3307 3378 3363 militum
3428 3312 3698 3365 exaucto-

2054 3402 2320 3470 ravisset,
2355 3404 2529 3470 atque
2561 3396 2946 3469 quadraginta
2979 3400 3231 3467 quatuor
3255 3395 3514 3466 legiones
3535 3395 3695 3454 solus

2054 3489 2294 3561 imperio
2327 3486 2532 3558 suofad
2567 3490 2824 3542 tutamen
2858 3485 3017 3542 orbis
3058 3490 3232 3541 terrae
3274 3484 3692 3557 distribuisset,

2051 3592 2345 3648 ovansque
2395 3577 2608 3633 Urbem
2660 3574 2977 3645 ingressus,
3030 3573 3217 3630 omnia
3261 3573 3564 3644 superiora
3604 3588 3696 3646 po-

2053 3668 2173 3740 puli
2196 3665 2434 3722 Romani
2468 3665 2663 3722 debita
2697 3663 2982 3733 donanda,
3020 3662 3348 3719 litterarum
3371 3661 3546 3718 etiam
3578 3677 3695 3720 mo-

2053 3755 2345 3813 numentis
2383 3751 2616 3810 abolitis
2654 3749 2998 3820 censuisset,
3045 3750 3098 3804 in
3141 3750 3348 3806 diebus
3386 3748 3529 3820 ipsis
3569 3751 3696 3809 fons

2050 3845 2162 3902 olei
2191 3841 2564 3916 largissimus
2604 3839 2674 3897 de
2714 3839 2956 3894 taberna
2999 3837 3317 3907 meritoria,
3361 3850 3464 3909 per
3505 3841 3691 3894 totum

2051 3933 2203 3990 diem
2236 3929 2439 3997 fluxit;
2471 3944 2586 4000 quo
2624 3927 2786 3998 signo
2825 3925 2963 3998 quid
3004 3924 3332 3983 evidentius
3371 3940 3542 3997 quam
3582 3927 3690 3984 sub

2053 4021 2382 4095 principatu
2415 4017 2658 4075 Caesaris
2687 4016 3056 4086 Romanoque
3089 4014 3330 4086 imperio
3363 4028 3465 4088 per
3507 4017 3694 4073 totum

2052 4111 2224 4181 diem,
2267 4108 2375 4166 hoc
2419 4110 2510 4164 est
2548 4120 2651 4178 per
2690 4119 2856 4162 omne
2895 4102 3133 4160 Romani
3176 4108 3404 4176 tempus
3443 4102 3717 4176 imperii,

2053 4198 2364 4266 Christum,
2400 4200 2575 4266 atque
2609 4208 2681 4250 ex
2711 4207 2780 4249 eo
2815 4191 3192 4263 Christianos,
3228 4191 3284 4248 id
3324 4197 3416 4250 est
3455 4195 3696 4251 unctum

2053 4292 2227 4358 atque
2277 4301 2350 4340 ex
2399 4297 2468 4341 eo
2520 4287 2745 4354 unctos,
2797 4281 2869 4339 de
2921 4280 3219 4338 meritoria
3267 4282 3536 4352 taberna,
3586 4281 3698 4340 hoc

291 4371 692 4441 subsequente
723 4371 972 4428 noctein
999 4374 1300 4431 victoriam
1325 4377 1568 4434 Caesaris
1600 4378 1937 4436 declinavit.
1970 4365 2024 4426 D
2054 4379 2146 4432 est
2175 4375 2246 4431 de
2279 4372 2506 4445 hospita
2539 4371 2816 4444 largaque
2845 4369 3125 4440 Ecclesia,
3171 4368 3481 4426 afﬂuenter
3521 4373 3698 4442 atque

287 4457 456 4516 Prior
487 4459 691 4530 regina
723 4459 1026 4533 Cleopatra
1058 4479 1188 4520 cum
1220 4464 1523 4534 sexaginta
1560 4465 1946 4523 velocissimis

287 4548 539 4606 navibus
563 4548 728 4620 fugit.
756 4551 1040 4609 Antonius
1063 4568 1194 4610 mox
1219 4553 1536 4624 fugientem
1556 4570 1796 4613 uxorem
1819 4555 1950 4612 sub-

290 4641 535 4695 secutus
555 4641 665 4694 est.
686 4639 770 4694 Ex
801 4640 970 4698 victis
1001 4641 1308 4700 duodecim
1335 4642 1513 4700 millia
1545 4643 1828 4702 cecidisse
1858 4659 1948 4701 re-

293 4725 588 4798 feruntur,
609 4743 713 4784 sex
739 4729 919 4786 millia
950 4730 1258 4788 vulnerata
1288 4737 1445 4804 sunt,
1479 4748 1510 4790 e
1543 4733 1754 4805 quibus
1786 4729 1944 4790 mille

295 4813 450 4872 inter
471 4818 797 4875 curandum
821 4818 1183 4877 defecerunt.
1212 4823 1402 4880 Ciesar
1431 4827 1598 4879 sexto
1631 4822 1949 4894 imperator

297 4904 654 4976 appellatus,
677 4912 736 4962 et
757 4914 970 4979 quarto
993 4909 1115 4981 ipse
1137 4927 1268 4967 cum
1291 4913 1480 4969 Marco
1504 4912 1718 4968 Licinio
1741 4915 1947 4970 Crasso

297 4992 503 5048 consul
526 4995 914 5052 Brundusium
939 4999 1117 5054 venit.
1146 4999 1228 5054 Ibi
1249 5002 1408 5058 orbis
1429 5005 1719 5058 terrarum
1755 5005 1950 5074 praesi-

297 5080 411 5151 dia,
463 5081 670 5140 divisis
709 5083 1036 5155 legionibus
1074 5091 1420 5160 composuit.
1464 5089 1779 5147 Novissime
1820 5107 1950 5150 cum

302 5170 490 5225 navali
534 5172 738 5244 praelia
779 5176 1064 5233 Antonius
1113 5177 1418 5236 decertare
1460 5185 1714 5251 pararet,
1758 5183 1953 5238 subito

305 5258 595 5316 universae
618 5277 796 5318 naves
815 5265 1152 5322 Antonianae
1179 5267 1362 5338 partis
1385 5270 1455 5325 ad
1471 5272 1753 5326 Caesarem
1773 5274 1956 5328 trans-

305 5343 518 5404 ierunt.
545 5351 834 5422 Trepidus
857 5354 1142 5412 Antonius
1163 5371 1294 5412 cum
1329 5358 1526 5428 paucis
1557 5373 1616 5415 se
1646 5359 1699 5414 in
1735 5359 1952 5430 regiam

303 5436 544 5510 recepit.
565 5438 789 5499 Deinde
814 5440 1671 5521 imminente,C;esare,turbata
1690 5446 1952 5520 civitate,

623 5747 882 5816 Parnm“
932 5751 1212 5847 CXXIII:

2055 4461 2484 4520 incessabiliter
2506 4475 2902 4534 processuros,
2929 4457 3440 4529 restituendosque
3455 4472 3559 4530 per
3582 4460 3698 4517 Cae-

2057 4567 2245 4612 sarem
2277 4566 2477 4609 omnes
2506 4564 2725 4620 servos,
2769 4548 2866 4620 qui
2907 4551 3102 4604 tamen
3139 4553 3559 4618 cognoscerent
3602 4547 3701 4605 do-

2057 4643 2273 4700 minum
2307 4657 2495 4712 suum,
2528 4643 2892 4708 caeterosque
2925 4636 3023 4710 qui
3054 4636 3176 4694 sine
3219 4636 3450 4694 domino
3489 4635 3702 4692 inveni.

2057 4737 2226 4788 rentu
2237 4729 2465 4803 r,morti
2480 4725 2882 4800 supplicioque
2897 4725 3214 4798 dedendos,
3232 4725 3700 4794 remittendaque

2058 4821 2168 4878 sub
2183 4823 2407 4877 Cazsare
2422 4817 2617 4875 debita
2634 4821 3009 4888 peccatorum
3024 4815 3080 4872 in
3095 4829 3162 4872 ea
3179 4817 3323 4889 urbe
3339 4815 3392 4870 in
3408 4825 3518 4884 qua
3537 4826 3704 4883 spon-

2059 4913 2293 4965 taneum
2326 4906 2588 4964 fluxisset
2619 4905 2845 4962 oleum?
2871 4904 3064 4962 Tertio
3094 4908 3288 4962 autem
3319 4916 3449 4960 cum
3487 4899 3702 4957 Urbem

2059 4997 2425 5069 triumphans
2457 4995 2659 5066 quinto
2691 4993 2892 5052 consul
2917 4993 3214 5066 ingressus
3235 4996 3345 5060 est,
3371 4992 3580 5046 octavo
3602 4988 3707 5047 sci-

2062 5086 2200 5144 licet
2233 5087 2368 5144 ldus
2395 5083 2719 5156 Ianuarias,
2750 5100 2882 5142 cum
2913 5088 2971 5139 et
3001 5085 3203 5138 Janum
3244 5081 3374 5151 post
3417 5079 3706 5137 ducentos

2061 5190 2241 5234 annos
2270 5175 2517 5248 primum
2542 5174 2662 5246 ipse
2683 5172 2914 5243 clausit,
2939 5177 2999 5226 et
3019 5168 3401 5227 clarissimum
3425 5168 3570 5226 illud
3594 5172 3707 5226 Au-

2062 5266 2215 5335 gusti
2242 5279 2446 5322 nomen
2471 5263 2801 5334 assumpsit.
2828 5259 2976 5326 Quid
3002 5255 3231 5316 fidelius
3252 5274 3318 5317 ac
3333 5257 3704 5317 veriuscredi

2063 5359 2276 5427 potest,
2293 5369 2463 5427 quam
2477 5353 2710 5410 occulto
2723 5353 3018 5420 gestorum
3041 5347 3244 5406 ordine
3268 5349 3337 5406 ad
3363 5347 3704 5420 obsequium

2062 5441 2505 5518 praeparationis
2536 5439 2662 5511 ejus
2682 5435 3161 5510 praedestinatum
3186 5438 3361 5498 fuisse
3382 5436 3481 5511 qui
3503 5435 3702 5495 eodem
