4078 6180
362 269 434 325 75
1437 253 1492 308 S.
1538 247 1796 308 ADONIS
1835 241 2275 304 ARCHIEPISC.
2315 236 2734 300 VIENNENSIS
3706 226 3780 280 76

367 391 461 448 die
483 403 596 461 quo
624 384 722 442 ille
739 374 1394 441 manifestandusmulto
1409 379 1538 449 post
1553 371 1849 447 paululum
1864 373 2013 442 erat,
2045 374 2099 436 Α
2127 372 2284 424 esset
2311 365 2368 422 in
2393 365 2599 420 mimo:
2629 361 2674 416 Ο
2705 355 2997 415 dominum
3027 364 3256 422 aequum
3287 353 3348 405 et
3380 347 3628 415 bonum;
3659 348 3783 403 uni-

2260 454 2271 461 ι
2560 451 2571 461 .
2615 451 2628 461 .
2691 449 2701 459 .
2848 445 2887 461 ..
3270 437 3749 461 ____-L__,.,_“,

366 482 426 538 et
457 437 616 550 pacis
642 473 869 546 signum
919 471 1246 544 praeferret,
1287 471 1346 523 et
1381 437 1904 538 p-otestatisnomen
1931 437 2016 517 as;
2121 454 2390 526 versique
2411 451 2574 525 quasi
2597 451 2668 506 de
2689 449 2813 520 ipso
2833 445 3052 502 dictum
3075 445 3251 512 esset,
3269 437 3780 511 approbavissent,

1904 549 1909 550 ,
2162 548 2169 550 _
2240 548 2245 550 _
2300 543 2336 550 ..
2498 540 2550 550 ..
2946 525 3755 550 a‘,_._,_-:___1---_.---J.-I-4:-

642 525 1190 636 (ita—annotabvurbe
1231 525 1465 615 condita
1496 549 2012 624 septingentesimo
2119 548 2178 601 et
2199 525 2397 601 statim
2417 540 2648 613 quidem
2671 551 2841 636 manu
2866 533 3148 636 vultuque
3165 529 3474 628 indecoras
3493 525 3788 625 adulatio-

367 614 728 724 sexagesimo
765 637 966 720 tertio,
1008 646 1224 706 clausis
1260 644 1384 701 Jani
1419 641 1623 716 portis,
1658 655 1789 697 cum
1823 640 2014 695 Caesar
2123 647 2226 690 nes
2275 629 2576 703 repressit,
2608 631 2668 683 et
2699 625 2756 682 in
2788 620 3056 696 sequenti
3089 619 3184 676 die
3214 617 3558 688 gravissimo
3602 614 3790 673 corri-

369 705 1201 815 A'ugust—us—fini‘toCantabrico
1215 705 1736 804 bello,pacatisque
1751 727 2018 784 omnibus
2125 721 2253 794 puit
2269 721 2484 815 edicto,
2505 715 2916 784 dominumque
2948 707 3284 815 seuposthac
3313 705 3622 815 appellari,
3640 719 3716 761 ne
3751 719 3785 815 εξ

369 791 664 904 gestibus,
698 831 770 887 ab
799 828 1025 886 oriente
1055 826 1110 881 in
1142 791 1528 892 occidentem,
1555 834 1586 876 a
1617 791 2018 889 septentrione
2126 791 2330 868 liberis
2358 807 2591 880 quidem
2633 807 2733 863 aut
2765 818 2794 860 a
2825 800 3136 875 nepotibus
3175 797 3317 868 suis,
3359 794 3452 853 vel
3493 795 3647 852 serio
3686 791 3784 852 vel

371 899 443 979 ad
475 899 796 989 meridiem,
829 933 898 976 ac
929 931 1034 990 per
1055 918 1242 972 totum
1261 909 1476 968 Oceani
1497 907 1783 966 circulum
1805 903 2020 961 Urbem
2123 899 2254 972 joco
2285 911 2491 972 passus
2517 900 2627 953 est.

375 1010 692 1080 ingressus,
733 1021 864 1064 cum
894 1007 1201 1078 spectante
1241 1015 1310 1058 eo
1351 997 1540 1070 ludos,
1583 991 2022 1070 pronuntiatum

372 1130 3778 1182 ___________________________—_—————

1731 1277 2004 1364 IETAS
2075 1273 2392 1359 SEXTA

1579 1492 1624 1543 Α
1654 1489 1927 1542 CHRISTO
1976 1487 2063 1538 AD
2116 1484 2316 1537 MUNDI
2367 1481 2586 1533 FINEM.

1863 1621 2278 1636 ——_

457 1707 636 1784 [4832]
670 1705 856 1779 Igitur
883 1719 955 1762 eo
994 1707 1280 1775 tempore,
1325 1715 1474 1757 anno
1519 1697 1745 1756 scilicet
1789 1695 2032 1784 Caesaris
2059 1697 2112 1756 B
2145 1695 2356 1764 fuerat,
2389 1686 2767 1762 triumphavit
2795 1704 2810 1755 ;
2843 1685 2966 1758 ipse
2997 1686 3190 1741 autem
3228 1680 3494 1738 Tiberius
3534 1679 3786 1753 plurima

384 1770 636 1870 Augusti
651 1770 1096 1868 quadragesimo
1118 1770 1400 1859 secundo,
1433 1803 1464 1844 a
1496 1792 1682 1845 morte
1708 1800 1850 1844 vero
1881 1783 2034 1840 Cleo.
2143 1780 2368 1854 imperii
2395 1783 2581 1852 parte,
2614 1791 2744 1834 cum
2777 1788 2980 1844 magna
3009 1777 3068 1829 et
3102 1771 3263 1842 gravi
3286 1770 3568 1829 modestia
3591 1770 3789 1842 reipu-

385 1860 566 1960 patraa
585 1891 644 1944 et
667 1860 923 1954 Antonii,
945 1879 1176 1954 quando
1197 1883 1258 1936 et
1282 1877 1564 1950 Egyptus
1585 1876 1642 1932 in
1673 1873 2029 1948 provinciam
2145 1871 2312 1928 blicaa
2331 1867 2558 1942 prmfuit
2575 1888 2588 1923 :
2606 1867 2751 1923 adeo
2765 1869 2825 1921 ut
2843 1863 3186 1934 quibusdam
3215 1860 3795 1932 praesidibusaugen-

385 1991 550 2033 versa
571 1979 683 2045 est,
710 1987 859 2031 anno
883 1970 1161 2041 vigesimo
1179 1967 1448 2039 septimo,
1471 1963 1818 2037 Olympiadis
1846 1966 2035 2018 cente-

382 2064 541 2122 simae
565 2062 755 2120 tertiae
777 2074 926 2116 anno
948 2057 1148 2128 tertio,
1171 2057 1244 2112 ab
1264 2056 1418 2112 Urbe
1441 2053 1675 2111 condita
1707 2051 2038 2122 septingen-

387 2153 592 2210 tesimo
623 2146 1102 2222 quinquagesimo
1133 2143 1412 2214 secundo,
1448 2141 1505 2198 id
1537 2145 1626 2199 est
1659 2155 1729 2196 eo
1751 2153 1900 2195 anno
1920 2153 2034 2209 quo

385 2239 740 2313 compressis
766 2241 1110 2294 cunctarum
1141 2233 1489 2290 orbisterrae
1505 2229 1764 2301 gentium
1781 2227 2035 2284 motibus

387 2327 772 2386 ﬁrmissimam
791 2323 1270 2392 verissimamque
1302 2315 1902 2392 pacem'ordinatione
1933 2314 2032 2371 Dei

293 2443 297 2447 ·
388 2419 580 2477 Caesar
609 2413 955 2488 composuit,
985 2414 1155 2468 Jesus
1172 2409 1436 2467 Christus
1464 2405 1640 2464 Filius
1663 2405 1784 2474 Dei,
1810 2409 2032 2462 sextam

389 2506 588 2564 mundi
611 2509 843 2564 aetatem
865 2516 968 2558 suo
987 2497 1354 2558 consecravit
1372 2496 1646 2553 adventu.
1673 2495 1836 2550 Anno
1859 2491 1931 2548 im
1939 2507 2034 2564 pe-

389 2595 458 2652 rii
495 2592 742 2664 Augusti
768 2587 1213 2664 quadragesimo
1233 2590 1462 2656 octavo,
1487 2581 1748 2639 Herodes
1768 2584 2034 2653 patrator

386 2683 698 2754 scelerum,
740 2685 799 2736 et
839 2679 1184 2735 interfector
1225 2689 1331 2746 pro
1371 2672 1600 2730 Christo
1639 2669 2031 2727 innocentium

389 2771 787 2846 parvulorum,
813 2769 1015 2825 morbo
1047 2763 1356 2821 intercutis
1387 2775 1552 2832 aquae
1583 2762 1640 2816 et
1671 2757 2034 2816 scatentibus

389 2865 517 2918 toto
535 2871 784 2931 corpore
806 2855 1123 2926 vermibus,
1147 2849 1561 2908 miserabiliter
1579 2847 1751 2918 digne
1764 2846 2029 2904 moritur.

388 2950 502 3007 Pro
521 2962 637 3020 quo
650 2945 1008 3004 substitutus
1020 2943 1091 2998 ab
1106 2943 1366 3010 Augusto
1382 2935 1672 3008 filiusejus
1693 2935 2031 3008 Archelaus,

2143 1961 2214 2019 da
2233 1957 2776 2032 provinciistributa
2790 1953 3171 2011 suadentibus
3183 1950 3650 2023 scripserit,boni
3666 1966 3794 2022 pas-

2143 2051 2290 2108 toris
2301 2064 2430 2108 esse
2446 2047 2688 2104 tondere
2706 2059 2904 2117 pecus,
2923 2057 3032 2099 non
3049 2041 3415 2111 deglahrare.
3435 2040 3616 2110 Hujus
3636 2053 3790 2095 anno

2144 2139 2488 2198 duodecimo
2501 2137 2760 2194 PilatusJ
2768 2135 2948 2192 udzete
2965 2134 3314 2204 procurator
3327 2129 3399 2185 ab
3419 2129 3627 2185 eodem
3649 2126 3793 2182 diri-

2143 2229 2320 2300 gitur.
2339 2226 2598 2284 Herodes
2611 2221 3379 2294 tetrarcha,quiJudzeorum
3396 2215 3790 2289 principatum

2143 2315 2800 2385 tenuitannisvigintiet
2817 2316 3089 2384 quatuor,
3115 2310 3168 2365 in
3195 2309 3471 2364 honorem
3492 2305 3706 2362 Tiberii
3731 2309 3793 2362 et

2146 2407 2347 2464 matris
2360 2407 2486 2484 ejus
2508 2405 2700 2474 Liviae,
2723 2399 3083 2458 Tiberiadem
3105 2397 3366 2456 condidit
3388 2399 3448 2452 et
3470 2395 3788 2452 Liviadem.

2146 2500 2310 2554 Anno
2341 2495 2565 2552 decimo
2597 2492 2800 2564 quinto
2830 2488 3056 2560 imperii
3085 2485 3318 2556 Tiberii,
3351 2484 3626 2542 Dominus
3659 2490 3793 2556 post

2146 2581 2676 2657 baptismum,quod
2693 2573 3534 2653 praedicavitJoannes,mundo
3547 2587 3791 2642 regnum

2143 2673 2422 2732 caelorum
2438 2667 3069 2741 annuntiat,peractisa
3085 2663 3280 2722 mundi
3299 2661 3580 2736 principio
3591 2675 3796 2718 secun-

2145 2764 2280 2820 dum
2299 2763 2593 2831 Hebraeos,
2612 2758 2797 2828 annis,
2827 2760 2889 2814 ut
2911 2756 3084 2812 etiam
3107 2751 3393 2811 Eusebius
3412 2751 3466 2806 in
3491 2749 3798 2808 Chronicis

2145 2851 2265 2909 suis
2287 2850 2501 2920 signat,
2523 2851 2773 2919 quatuor
2796 2844 3027 2914 milbus,
3043 2841 3375 2899 annotando
3391 2840 3542 2911 quod
3566 2839 3796 2896 decimo

2145 2944 2312 2998 sexto
2337 2954 2486 2995 anno
2505 2937 2717 2994 Tiberii
2742 2933 3086 3008 principium
3103 2931 3277 2987 fuerit
3291 2928 3670 2998 octuagcsimi
3685 2928 3798 3000 pri—

389 3037 655 3108 regnavit
696 3049 878 3092 annos
912 3045 1139 3100 novem,
1175 3028 1231 3084 id
1272 3030 1362 3084 est
1399 3041 1583 3098 usque
1623 3025 1696 3082 ad
1735 3024 1887 3096 ipius
1924 3027 2036 3082 Au-
2065 3039 2116 3103 ο
2146 3029 2220 3086 mi
2249 3027 2478 3084 Jubilzei
2509 3025 2825 3083 secundum
2859 3023 3134 3078 Hebrzeos
3165 3039 3178 3075 :
3211 3022 3409 3076 nostra
3433 3021 3626 3074 autem
3660 3033 3798 3088 sup-

389 3125 548 3196 gusti
579 3125 750 3180 finem
779 3141 794 3188 ;
826 3125 967 3177 tunc
1006 3118 1159 3174 enim
1199 3130 1312 3172 non
1354 3113 1680 3171 ferentibus
1721 3113 1896 3183 ultra,
1939 3116 2040 3172 sed

391 3211 807 3270 accusantibus
837 3205 1202 3264 ferocitatem
1231 3201 1358 3272 ejus
1385 3201 1539 3274 apud
1584 3202 1908 3269 Augustum
1947 3202 2044 3258 Ju-

388 3301 550 3372 daais,
587 3298 644 3356 in
673 3298 950 3356 Viennam
973 3295 1176 3351 urbem
1199 3289 1396 3348 Galliae
1440 3286 1856 3345 nobilissimam
1905 3289 2044 3346 rele—

387 3393 584 3462 gatur,
629 3391 690 3444 et
732 3385 803 3442 ad
843 3382 1211 3440 minuendam
1251 3376 1477 3436 Judaici
1522 3375 1685 3446 regni
1725 3375 2042 3447 potentiam

389 3476 877 3546 insolentiamque
901 3470 1265 3539 domandam,
1291 3470 1546 3538 quatuor
1570 3465 1784 3521 fratres
1797 3464 1924 3535 ejus
1938 3481 2042 3538 pro

387 3583 458 3625 co
478 3571 614 3625 sunt
637 3561 952 3622 tetrarchae
974 3559 1182 3631 creati,
1203 3556 1484 3626 Herodes,
1504 3553 1832 3626 Antipater,
1850 3554 2042 3626 Lysias

387 3661 445 3714 et
487 3655 836 3728 Philippus;
878 3664 1122 3722 quorum
1168 3645 1473 3718 Philippus
1507 3650 1568 3700 et
1615 3643 1892 3714 Herodes,
1943 3641 2041 3714 qui

389 3745 634 3819 Antipas
663 3742 825 3818 prius
853 3737 1326 3812 nuncupabatur,
1359 3734 1534 3792 etiam
1567 3731 1802 3790 vivente
1833 3733 2044 3789 Arche.

387 3835 501 3908 lao,
515 3833 831 3892 tetrarchie
847 3831 1076 3889 fuerant
1089 3824 1364 3886 ordinati.
1381 3825 1564 3883 Natus
1577 3822 1756 3894 igitur
1780 3821 2043 3880 Christus

386 3939 564 3984 verus
585 3923 858 3980 Dominus
881 3919 1066 3976 totius
1085 3916 1320 3988 generis
1341 3912 1596 3984 humani,
1615 3911 1769 3968 inter
1782 3911 2042 3968 homines

387 4015 645 4068 Romano
676 4009 876 4066 censui
900 4006 1096 4062 statim
1118 4003 1413 4074 ascriptus
1431 4005 1544 4072 est,
1578 3999 1676 4056 illa
1710 4001 1892 4072 prima
1925 3999 2042 4057 cla-

389 4099 734 4168 rissimeque
759 4092 1118 4166 professione
1151 4104 1261 4161 qua
1287 4091 1476 4146 Cmsar
1507 4101 1569 4144 se
1601 4088 1852 4143 omnium
1888 4087 2042 4158 prin-

387 4185 598 4258 cipem,
623 4186 1025 4252 Romanosque
1049 4193 1246 4236 rerum
1267 4176 1534 4235 dominos
1553 4173 1890 4245 singillatim
1907 4189 2042 4232 cun-

386 4279 616 4332 ctorum
637 4271 930 4330 hominum
952 4269 1110 4326 edita
1137 4266 1495 4338 ascriptione
1522 4263 1790 4335 signavit.
1820 4265 2037 4334 (0ros.,

388 4363 426 4420 l.
451 4363 572 4436 vn).
597 4361 1087 4419 Natusestautem
1103 4361 1310 4413 octavo
1322 4353 1444 4444 Kal.
1467 4352 1724 4444 Januarii
1749 4351 2032 4418 Christus,
2062 4383 2116 4444 D

387 4467 516 4511 cum
544 4450 790 4526 primum
821 4447 1178 4506 incrementa
1219 4443 1408 4500 omnia
1441 4443 1572 4499 a-nni
1615 4442 1861 4500 virentis
1896 4441 2032 4498 inci-

389 4542 574 4616 piunt.
610 4543 799 4599 Caesar
830 4537 1026 4595 Caium
1057 4537 1329 4607 nepotem
1359 4547 1526 4589 suum
1565 4531 1635 4586 ad
1674 4531 2027 4588 ordinandas

385 4631 615 4705 Egypti
650 4628 826 4702 Syriae
859 4623 1188 4699 provincias
1219 4621 1394 4678 misit.
1429 4620 1537 4688 Qui
1581 4619 1924 4692 praeteriens
1954 4620 2026 4675 ab

385 4721 654 4795 Egypto,
697 4715 840 4774 fines
883 4711 1190 4770 Palestina;
1241 4711 1393 4782 apud
1441 4705 1915 4781 Hierosolymam,
1969 4706 2024 4762 in

388 4809 608 4884 templo
638 4805 737 4864 Dei
768 4809 907 4861 tunc
937 4803 1142 4859 sancto
1169 4804 1228 4856 et
1259 4798 1480 4857 celebri
1511 4797 1756 4856 adorare
1776 4799 2030 4853 contem-

391 4883 525 4971 psit,
559 4897 708 4958 sicut
742 4890 1054 4952 Suetonius
1080 4886 1450 4960 Tranquillus
1480 4887 1682 4944 refert.
1727 4883 1889 4952 Quod
1923 4887 2030 4942 Au-

385 4993 596 5056 gustus
613 4987 711 5046 ubi
733 4979 1040 5056 comperit,
1076 4992 1252 5052 pravo
1284 4973 1682 5048 ususjudicio,
1709 4973 2028 5048 prudenter

387 5073 592 5134 fecisse
623 5073 902 5134 laudavit.

461 5163 572 5235 [17]
611 5164 875 5221 Tiberius
914 5157 1216 5235 privignus
1255 5153 1524 5226 Augusti,
1573 5151 1681 5210 hoc
1721 5155 1811 5208 est
1857 5151 2028 5210 Liviae

389 5251 591 5310 uxoris
617 5251 744 5320 ejus
773 5251 947 5324 filius,
987 5245 1250 5321 regnavit
1293 5258 1474 5302 annos
1509 5240 1748 5310 triginta
1788 5243 1847 5296 et
1889 5239 2023 5296 duo.

388 5339 490 5399 Hic
523 5353 627 5414 per
656 5339 1031 5411 semetipsum
1059 5336 1216 5397 nulla
1239 5333 1392 5394 bella
1413 5329 1612 5403 gessit.
1639 5330 1786 5385 Sane
1817 5331 2028 5399 quarto

385 5429 612 5506 imperii
641 5427 769 5503 ejus
807 5441 976 5499 anno,
1019 5425 1284 5485 Germani
1324 5420 1493 5481 Drusi
1535 5417 1708 5490 ﬁlius,
1753 5414 2028 5486 Caligulae

387 5501 552 5598 pater
573 5515 648 5583 de
669 5501 985 5588 Germanis,
1009 5514 1081 5575 ad
1101 5529 1246 5590 quos
1268 5513 1340 5576 ab
1361 5510 1624 5586 Augusto
1645 5519 1784 5570 sene
1820 5501 2032 5567 missus

2153 3116 2377 3190 putatio
2398 3111 2759 3184 undeviginti
2783 3110 2970 3166 minus
2995 3109 3291 3181 ponendos
3323 3123 3450 3164 esse
3473 3107 3792 3163 existimat.

2147 3208 2320 3262 Juxta
2353 3218 2492 3260 vero
2524 3199 2802 3260 Chronica
2833 3199 3034 3255 eadem
3067 3213 3196 3270 quae
3239 3197 3360 3268 ipse
3399 3195 3682 3253 Eusebius
3720 3195 3798 3252 de

2152 3297 2401 3364 utraque
2425 3290 2707 3360 editione,
2729 3291 2791 3346 ut
2816 3287 2924 3344 sibi
2949 3287 3277 3357 videbatur,
3294 3283 3795 3358 composuit,anni

2149 3383 2548 3452 supputantur
2578 3377 2833 3449 quinque
2865 3375 3041 3431 millia
3065 3375 3302 3432 ducenti
3325 3379 3383 3431 et
3406 3373 3608 3444 viginti
3631 3376 3794 3430 octo.

2147 3473 2398 3528 Joannes
2429 3468 2688 3540 Baptista
2723 3467 2794 3522 ab
2825 3465 3052 3521 Herode
3081 3464 3135 3519 in
3167 3478 3404 3521 carcere
3438 3462 3662 3534 positus
3686 3477 3795 3534 pro

2148 3559 2400 3618 veritate
2422 3557 2615 3628 capite
2641 3557 2966 3612 truncatur.
2987 3556 3147 3610 Anno
3161 3552 3385 3609 decimo
3399 3555 3608 3608 octavo
3623 3551 3800 3623 impe-

2151 3648 2220 3705 rii
2241 3647 2473 3717 Tiberii,
2497 3644 2772 3700 Dominus
2802 3657 2902 3700 sua
2938 3641 3200 3715 passione
3232 3641 3504 3698 mundum
3535 3640 3793 3697 redimit.

2148 3742 2208 3795 et
2241 3733 2613 3810 praedicaturi
2650 3747 2752 3804 per
2779 3731 2994 3788 Judaaa:
3025 3730 3293 3800 regiones
3321 3729 3592 3802 apostoli,
3629 3732 3801 3786 Jaco-

2149 3827 2284 3884 bum
2319 3826 2556 3882 fratrem
2585 3820 2808 3878 Domini
2834 3819 3249 3890 Hierosolymis
3281 3817 3554 3874 ordinant
3575 3819 3800 3892 episco-

2150 3932 2317 3990 pum;
2341 3915 2613 3972 ordinant
2637 3913 2695 3968 et
2720 3912 2943 3982 septem
2973 3908 3270 3978 diaconos,
3299 3923 3543 3978 quorum
3577 3922 3693 3964 uno
3721 3907 3800 3964 la-

2151 4006 2351 4078 pidato
2373 4003 2404 4058 a
2434 4000 2650 4058 Judaeis
2673 3998 2988 4070 Stephano,
3012 3996 3266 4053 Ecclesia
3294 4010 3397 4068 per
3418 3995 3801 4066 regionesJu-

2149 4095 2289 4151 daeae
2319 4095 2379 4148 et
2410 4088 2682 4148 Samariaa
2713 4085 3090 4157 dispergitur.
3126 4084 3412 4142 Praelatus
3444 4099 3662 4156 praases
3696 4087 3800 4142 Pa-

2147 4181 2388 4239 laestinae
2413 4175 2726 4251 provinciae
2749 4175 2820 4232 ad
2841 4172 3129 4230 Tiberium
3154 4173 3588 4246 imperatorem,
3613 4177 3795 4246 atque

2147 4271 2218 4327 ad
2257 4272 2520 4326 senatum
2557 4263 2761 4321 retulit
2803 4262 2876 4319 de
2925 4261 3190 4334 passione
3241 4277 3306 4320 ac
3355 4263 3795 4320 resurrectione

2150 4357 2384 4428 Christi,
2419 4352 2919 4425 consequentibus
2948 4351 3268 4408 virtutibus
3295 4365 3423 4422 quae
3464 4366 3568 4424 per
3600 4351 3794 4424 ipsum

2141 4447 2330 4524 palam
2355 4446 2522 4502 facta:
2547 4443 2798 4513 fuerant,
2823 4439 2912 4498 vel
2940 4455 3042 4514 per
3066 4439 3386 4512 discipulos
3417 4441 3602 4512 ipsius
3624 4440 3680 4496 in
3696 4457 3797 4498 no.

2137 4537 2290 4594 mine
2311 4533 2439 4604 ejus
2459 4532 2697 4603 fiebant,
2720 4535 2779 4587 et
2803 4530 2874 4586 de
2898 4544 2968 4586 eo
2995 4528 3148 4598 quod
3179 4529 3452 4585 certatim
3483 4535 3792 4588 crescente

2141 4623 2517 4700 plurimorum
2541 4621 2654 4677 fide
2676 4622 2828 4675 Deus
2849 4616 3214 4674 crederetur.
3239 4618 3504 4676 Tiberius
3527 4619 3795 4677 cumsuf-

2127 4713 2323 4784 'fragio
2345 4709 2533 4780 magni
2559 4706 2774 4765 favoris
2790 4704 3004 4762 retulit
3027 4704 3098 4762 ad
3122 4710 3408 4778 senatum,
3435 4711 3497 4764 ut
3523 4707 3794 4766 Christus

2140 4803 2294 4858 Deus
2323 4801 2662 4855 haberetur.
2697 4797 2946 4852 Senatus
2983 4794 3380 4866 indignatione
3423 4801 3637 4868 motus,
3679 4812 3792 4854 cur

2136 4903 2248 4945 non
2274 4887 2383 4944 sibi
2414 4883 2732 4942 secundum
2755 4898 2974 4940 morem
2997 4883 3255 4941 delatum
3285 4889 3461 4957 esset,
3496 4890 3558 4944 ut
3592 4887 3662 4943 de
3695 4903 3790 4944 su-

2137 4973 2439 5047 scipiendo
2470 4971 2634 5029 cultu
2668 4971 2828 5044 prius
2854 4973 2976 5045 ipse
2998 4973 3365 5045 decerneret,
3390 4975 3792 5032 consecratio-

2138 5078 2266 5121 nem
2291 5060 2503 5118 Christi
2528 5061 2842 5136 recusavit,
2859 5061 3172 5132 edictoque
3189 5063 3789 5120 constituitextermi-

2137 5149 2362 5208 nandos
2377 5163 2504 5204 esse
2525 5149 2679 5204 Urbe
2703 5149 3080 5220 Christianos,
3117 5151 3409 5222 praecipue
3439 5167 3570 5208 cum
3602 5156 3660 5210 et
3697 5155 3791 5209 Se-

2131 5239 2304 5310 janus
2327 5235 2639 5308 prafectus
2663 5237 2873 5294 Tiberii
2896 5237 3281 5309 suscipiendae
3300 5238 3570 5310 religioni
3602 5241 3789 5298 obsti-

2137 5323 2434 5382 natissime
2455 5325 2890 5382 contradiceret
2921 5325 3225 5393 Tiberius;
3251 5331 3444 5384 tamen
3468 5328 3665 5386 edicto
3699 5344 3790 5387 ac-

2137 5411 2510 5472 cusatoribus
2525 5413 2981 5472 Christianorum
2996 5419 3243 5470 mortem
3255 5417 3644 5474 comminatus
3665 5423 3778 5476 est.

2136 5502 2340 5578 Itaque
2373 5499 2650 5575 paulatim
2681 5503 2984 5561 immutata
3015 5507 3104 5561 est
3141 5502 3240 5561 illa
3278 5504 3491 5563 Tiberii
3529 5501 3787 5569 Caesaris
