4078 6180
328 348 405 399 77
1509 334 1933 393 CllRONlCON.
1976 368 2046 378 —-
2083 335 2281 393 AETAS
2320 340 2558 397 SEXTA.
3662 353 3732 406 78

326 462 731 520 laudatissima
756 461 1057 532 modestia,
1084 460 1139 516 in
1169 474 1394 533 pcenam
1415 459 1866 516 contradictoris
1887 473 1973 515 se-
2000 459 2055 520 A
2087 460 2195 516 bus
2224 462 2589 533 approbavit,
2625 461 2819 534 ibique
2850 462 3054 533 viginti
3083 470 3141 521 et
3174 466 3428 538 quinque
3459 471 3623 528 annis
3643 486 3733 528 ca-

326 557 519 610 natus.
554 554 697 608 Nam
730 551 1010 623 plurimos
1039 555 1373 606 senatorum
1421 549 1783 620 proscripsit,
1817 553 1874 603 et
1908 547 1978 604 ad

323 646 575 697 mortem
602 641 815 710 coegit.
853 639 1065 709 Viginti
1099 639 1208 695 sibi
1252 639 1527 711 patricios
1566 637 1721 694 viros
1751 637 1975 693 consilii

319 745 499 787 causa
524 730 1068 800 selegerat;bornm
1095 727 1349 785 vixduos
1372 728 1689 784 incolumes
1714 724 1973 797 reliquit,

317 825 578 876 caeteros
591 819 838 875 diversis
857 818 1051 875 causis
1071 816 1329 884 necavit;
1354 816 1618 887 Sejanum
1636 817 1973 888 przefectum

316 923 492 964 suum
546 923 642 964 res
690 923 868 965 novas
914 906 1244 964 molientem
1296 906 1620 973 interfecit;
1665 905 1813 961 ﬁlios
1841 920 1975 962 suos

318 998 573 1054 Drusum
605 999 663 1053 ct
698 996 1120 1067 Germanicum,
1148 1011 1392 1066 quorum
1416 997 1635 1052 Drusus
1666 994 1969 1065 naturalis,

316 1085 703 1142 Germanicus
751 1085 1061 1157 adoptivus
1108 1088 1256 1154 erat,
1311 1084 1632 1140 manifestis
1664 1083 1867 1140 veneni
1901 1083 1972 1140 si-

313 1173 449 1243 gnis
480 1173 762 1245 perdidit,
797 1172 945 1230 ﬁlios
975 1171 1294 1230 Germanici
1329 1172 1428 1228 ﬁlii
1461 1173 1549 1229 sui
1583 1171 1894 1228 interfecit.

388 1263 652 1335 Agrippa
693 1266 1079 1331 cognomento
1127 1261 1405 1332 Herodes,
1451 1261 1598 1317 ﬁlios
1650 1259 1967 1317 Aristobuli

315 1350 418 1406 ﬁlii
471 1352 722 1410 Herodis
774 1352 948 1423 regis,
1001 1355 1305 1409 accusator
1356 1350 1598 1407 Herodis
1630 1351 1964 1423 tetrarehze,

310 1441 559 1498 Romam
593 1442 911 1514 profectus,
943 1441 973 1497 ὸ
1020 1441 1248 1497 Tiberio
1288 1440 1342 1496 in
1375 1439 1602 1497 vincula
1632 1439 1963 1511 conjicitur,

313 1530 410 1586 ubi
445 1530 674 1602 primos
723 1530 834 1587 sibi
883 1530 1126 1587 adscivit
1159 1529 1229 1586 ad
1262 1528 1594 1599 amicitiam,
1628 1534 1688 1586 et
1720 1530 1965 1586 maxime

309 1619 647 1676 Germanici
681 1619 863 1677 ﬁlium
895 1619 1110 1676 Caium.

380 1707 501 1780 [40]
554 1709 729 1765 Caius
757 1711 1140 1779 cognomento
1172 1706 1451 1779 Caligula,
1488 1706 1753 1777 regnavit
1785 1722 1964 1765 annos

309 1802 452 1867 tres,
482 1812 718 1855 menses
738 1798 960 1868 decem,
984 1797 1108 1854 dies
1137 1802 1270 1855 octo
1295 1818 1306 1853 :
1355 1797 1523 1853 homo
1544 1796 1795 1854 omnium
1830 1802 1963 1855 ante
1989 1816 2044 1879 Β

307 1900 366 1942 se
427 1886 949 1957 ﬂagitiosissimus,
1002 1892 1061 1943 et
1116 1887 1212 1958 qui
1254 1901 1390 1944 vere
1429 1886 1639 1958 dignus
1695 1888 1966 1946 Romanis

307 1973 885 2048 blasphemantibus,
935 1982 995 2033 et
1029 1977 1247 2034 Iudaeis
1278 1977 1754 2049 persecutoribus
1801 1978 1964 2049 puni-

307 2068 399 2121 tor
433 2064 746 2122 adhibitus
780 2066 1096 2123 videretur.

370 2153 484 2210 Hic
513 2153 873 2211 exclamasse
898 2155 1084 2211 fertur
1109 2174 1120 2210 :
1146 2155 1374 2212 Utinam
1398 2155 1647 2228 populus
1670 2159 1960 2214 Romanus

301 2257 482 2299 unam
517 2243 808 2300 cervicem
832 2243 1114 2300 haberet!
1148 2244 1330 2301 Judaei
1364 2245 1515 2316 apud
1552 2245 1959 2304 Alexandriam

300 2331 604 2388 seditione
636 2332 891 2389 excitata
919 2333 1209 2404 proﬂigati
1241 2334 1378 2390 sede
1400 2339 1576 2405 atque
1609 2337 1752 2391 urbe
1786 2335 1957 2407 pulsi,

298 2422 841 2494 expromendarum
864 2422 1232 2494 querelarum
1245 2439 1308 2480 ca
1319 2439 1439 2495 usa,
1456 2424 1752 2481 Philonem
1772 2440 1963 2496 quem-

292 2496 460 2581 ‘dam,
500 2512 691 2568 virum
740 2527 877 2569 sane
924 2512 1208 2584 imprimis
1251 2513 1567 2585 eruditum,
1601 2514 1853 2584 legatum
1888 2515 1957 2571 ad

300 2601 603 2656 Caesarem
638 2600 910 2670 mittunt;
944 2603 1045 2658 sed
1097 2602 1353 2672 Caligula
1400 2603 1618 2660 Judzeis
1666 2604 1960 2660 infestissi-

300 2704 455 2760 mus,
494 2693 696 2761 spreta
747 2689 1035 2760 legatione
1084 2691 1359 2762 Philonis,
1393 2707 1591 2749 omnes
1627 2693 1957 2749 Iudaeorum

298 2792 515 2834 sacras
542 2779 717 2849 aedes,
743 2784 919 2850 atque
942 2781 1241 2850 antiquum
1274 2780 1415 2837 illud
1455 2781 1840 2853 Hierosolymi
1872 2798 1959 2839 sa-

297 2866 574 2922 crarium
607 2869 897 2939 profanari
931 2868 1232 2927 sacriﬁciis
1265 2869 1592 2941 gentilium,
1636 2886 1700 2926 ac
1742 2870 1956 2942 repleri

298 2957 529 3014 statuis
552 2958 992 3030 simulacrisque
1016 2960 1341 3031 imperavit.
1369 2962 1438 3015 Et
1458 2965 1651 3016 statua
1673 2961 1831 3017 lovis
1862 2977 1959 3032 po-

299 3046 436 3118 sita,
455 3060 522 3103 se
546 3047 623 3103 ibi
643 3052 701 3103 ut
718 3047 889 3104 deum
903 3049 1013 3104 coli
1035 3049 1318 3121 praecipit.
1338 3049 1440 3105 Hic
1456 3049 1739 3105 Herodem
1755 3050 1958 3121 Agrip-

300 3150 432 3206 pam
460 3136 710 3193 amicum
725 3153 891 3194 suum
916 3138 1161 3194 vinculis
1184 3138 1956 3209 liberatum,regem.ludzeze
1985 3172 2036 3237 Ο

302 3223 439 3281 fecit
469 3243 485 3292 ;
518 3226 617 3296 qui
644 3227 854 3283 mansit
882 3227 938 3282 in
970 3242 1148 3296 regno
1169 3241 1348 3283 annos
1370 3234 1613 3299 septem,
1640 3228 1695 3284 id
1728 3234 1838 3299 est,
1866 3245 1956 3286 us-

300 3327 410 3384 que
435 3313 512 3369 ad
538 3320 814 3385 quartum
839 3315 1062 3373 Claudii
1085 3330 1314 3371 annum.
1341 3316 1465 3384 Quo
1487 3318 1559 3373 ab
1592 3317 1812 3387 Angelo
1834 3333 1955 3391 per-

298 3416 476 3457 cusso
506 3405 795 3460 successit
825 3404 879 3459 in
923 3420 1163 3474 regnum
1207 3404 1359 3461 ﬁlius
1388 3404 1513 3475 ejus
1545 3406 1821 3478 Agrippa,
1855 3407 1951 3477 qui

302 3504 491 3561 usque
529 3492 604 3547 ad
654 3493 1066 3549 exterminium
1104 3494 1458 3565 Judzeorum,
1494 3494 1696 3564 viginti
1725 3499 1783 3550 ct
1816 3510 1954 3565 qua-

302 3584 435 3635 tuor
468 3581 638 3637 annis
670 3582 1086 3653 perseveravit.
1122 3581 1379 3639 Herodes
1417 3583 1710 3639 tetrarcba
1741 3588 1801 3639 et
1830 3584 1952 3655 ipse

302 3669 415 3724 Caii
454 3670 775 3726 amicitiam
812 3674 1035 3742 petens,
1059 3676 1304 3740 cogente
1337 3671 1683 3743 Herodiadc,
1717 3674 1952 3729 Romam

300 3758 483 3827 venit,
519 3760 623 3815 sed
651 3765 960 3816 accusatus
981 3761 1053 3815 ab
1077 3760 1353 3832 Agrippa,
1378 3761 1551 3816 etiam
1576 3761 1951 3818 tetrarchiam

302 3845 597 3916 perdidit;
632 3846 1049 3919 rclcgatusque
1071 3847 1320 3919 exisilio,
1345 3849 1496 3919 apud
1528 3849 1801 3905 Viennam
1826 3849 1952 3906 Gal-

301 3931 512 3991 liarum
548 3936 752 3991 urbem
784 3942 917 4007 post
946 3942 1189 3993 mortem
1217 3937 1355 4008 Caii,
1384 3937 1516 3994 inde
1541 3938 1596 3994 in
1621 3939 1950 4010 Hispaniam

299 4037 430 4080 cum
446 4023 803 4096 Ilerodiade,
830 4026 1073 4097 fugiens,
1097 4041 1344 4083 maerore
1360 4027 1553 4099 periit.
1587 4027 1828 4100 Pilatus,
1853 4030 1951 4100 qui

302 4114 658 4170 sententiam
682 4114 1071 4172 damnationis
1092 4115 1147 4170 in
1167 4116 1456 4173 Christum
1480 4116 1730 4189 dixerat,
1746 4122 1805 4174 et
1828 4118 1951 4191 ipse

303 4208 593 4275 perpetuo
623 4202 831 4260 exsilio
871 4203 1104 4261 Vienna:
1149 4204 1503 4275 recluditur;
1536 4207 1833 4279 tantisque
1873 4207 1948 4264 ibi

302 4290 603 4363 irrogante
639 4291 775 4349 Caio
798 4292 1175 4363 languoribus
1194 4300 1530 4354 coarctatus
1549 4302 1659 4367 est,
1687 4302 1749 4354 ut
1772 4312 1873 4354 sua
1888 4311 1950 4355 se

303 4382 795 4439 transverberans
817 4396 988 4439 manu
1012 4381 1292 4441 malorum
1317 4386 1721 4457 compendium
1747 4388 1951 4444 mortis

300 4469 610 4527 celeritate
624 4470 944 4542 quaesierit.
963 4474 1267 4531 Mattbaeus
1286 4476 1658 4545 Evangelium
1681 4477 1737 4532 in
1750 4479 1778 4532 J
1786 4477 1947 4535 udzea

302 4560 654 4631 praedicans,
671 4561 1201 4620 Hebraicislitteris
1223 4563 1456 4635 scripsit
1474 4582 1489 4631 ;
1505 4565 1673 4622 Caius
1694 4566 1951 4637 Caligula

302 4649 470 4707 asuis
482 4651 925 4722 protectoribus
936 4652 1163 4710 occisus
1174 4657 1282 4710 est.
1300 4654 1424 4710 Duo
1437 4653 1618 4710 libelli
1635 4654 1690 4710 in
1715 4654 1958 4712 secretis

301 4738 427 4809 ejus
440 4739 666 4812 reperti
683 4754 927 4811 quorum
943 4740 1113 4799 alteri
1128 4741 1753 4814 pugio,’alterigladius
1766 4758 1871 4814 pro
1885 4744 1966 4801 si-

301 4844 414 4900 gno
439 4829 693 4887 nominis
715 4830 1047 4904 adscriptas
1066 4836 1216 4903 erat,
1232 4831 1677 4890 lectissimorum
1700 4832 1955 4890 virorum

303 4918 535 4976 nomina
549 4924 611 4977 et
626 4924 795 4978 notas
816 4921 989 4978 morti
1011 4922 1434 4979 destinatorum
1456 4922 1854 4990 continentes;
1881 4922 1959 4979 in-

302 5014 599 5081 ventaque
625 5010 703 5066 ibi
735 5016 830 5067 est
854 5025 987 5069 arca
1020 5012 1242 5083 ingens,
1266 5012 1559 5069 variorum
1578 5026 1952 5084 venenorum,

305 5098 521 5169 quibus
535 5115 670 5157 mox
685 5100 781 5158 Cla
792 5101 924 5158 udio
939 5104 1095 5160 Caesa
1104 5116 1165 5159 re
1173 5101 1193 5172 j
1204 5102 1417 5159 ubente
1431 5101 1715 5159 demersis
1742 5102 1953 5160 infecta

308 5188 485 5245 maria
533 5189 871 5261 traduntur,
914 5203 1024 5247 non
1065 5190 1188 5248 sine
1232 5204 1438 5262 magno
1477 5190 1718 5262 piscium
1750 5190 1948 5247 exitio.

379 5275 489 5350 [45]
519 5276 798 5335 Claudius
817 5280 1083 5350 regnavit
1113 5279 1279 5337 annis
1300 5279 1759 5351 quatuordecim.
1778 5280 1955 5336 Exor-

311 5364 402 5422 dio
448 5367 613 5437 regni
672 5367 802 5438 ejus
848 5369 1058 5427 Petrus
1103 5369 1173 5426 ad
1225 5368 1615 5441 superandum
1668 5369 1951 5425 Simonem

314 5466 557 5527 magum,
580 5471 713 5530 cum
748 5456 912 5529 prius
966 5458 1381 5515 Antiochenam
1414 5458 1714 5515 fundasset
1761 5455 1954 5513 Eccle-

314 5541 471 5616 siam,
485 5546 724 5603 Romam
742 5546 924 5618 venit,
939 5551 998 5604 et
1011 5547 1327 5605 salutarem
1339 5547 1565 5605 cunctis
1575 5544 1953 5604 credentibus

315 5628 479 5691 ﬁdem
509 5633 668 5692 ﬁdeli
698 5636 881 5696 verbo
904 5636 1133 5707 docuit;
1159 5636 1692 5709 potentissimisque
1721 5633 1953 5691 virtuti-

2094 548 2356 606 thedram
2403 552 2589 608 tenuit
2628 552 3038 624 episcOpalem,
3082 553 3135 609 id
3179 559 3267 612 est
3310 571 3489 628 usque
3518 559 3588 615 ad
3620 559 3727 616 ulti

2089 652 2241 693 mum
2276 640 2517 695 Neronis
2557 656 2786 697 annum.
2831 643 3055 700 Marcus
3093 644 3448 715 evangelista
3479 648 3729 718 Evange-

2090 722 2249 796 lium,
2267 728 2418 798 quod
2435 731 2626 786 Roma)
2640 730 3159 802 scripserat,Petro
3173 733 3461 805 mittente,
3479 736 3723 806 primum

2087 815 2368 886 Aquileizn
2394 819 2755 889 praedicavit.
2778 820 2977 891 Ibique
3007 822 3276 878 ordinato
3300 825 3646 894 Hermagora
3666 827 3722 882 di

2085 902 2308 974 scipulo
2321 908 2523 976 suo,ad
2537 906 2844 979 Egyptum
2862 911 3157 981 pervenit;
3181 912 3634 985 constitutisque
3648 920 3726 971 at-

2086 1005 2195 1061 quc
2226 994 2584 1053 conﬁrmatis
2606 996 2878 1055 Ecclesiis
2900 1013 3003 1070 per
3024 999 3279 1073 Libyam,
3305 1001 3720 1075 Marmoricam,

2084 1082 2528 1156 Ammoniacam,
2597 1087 2977 1158 Pentapolim,
3050 1088 3481 1162 Alexandriam,
3546 1096 3723 1163 atque

2078 1167 2386 1241 Egyptum
2412 1174 2759 1246 universam,
2788 1177 2858 1231 ad
2885 1176 3148 1234 ultimum
3175 1183 3404 1251 tempus
3422 1195 3452 1236 a
3484 1181 3725 1252 paganis

2081 1257 2449 1317 Alexandriae
2474 1266 2812 1336 martyrium
2837 1281 3002 1322 suum
3025 1266 3355 1339 complevit.
3383 1268 3591 1326 Furius
3622 1272 3723 1327 Ca-

2080 1346 2273 1403 millus
2328 1351 2737 1410 Scribonianus
2785 1354 3083 1412 Dalmatiae
3116 1354 3363 1428 legatus,
3400 1357 3615 1415 bellum
3643 1359 3723 1416 ci-

2079 1434 2190 1491 vile
2223 1437 2476 1509 molitus,
2505 1436 2764 1509 legiones
2794 1442 3007 1499 multas
3047 1445 3508 1517 fortissimasque
3540 1447 3611 1505 ad
3633 1463 3721 1506 sa-

2075 1527 2356 1581 cramenti
2384 1529 2761 1586 mutationem
2785 1531 3126 1602 pellexerat.
3155 1535 3355 1605 Itaque
3379 1535 3471 1591 die
3495 1536 3632 1594 dato
3656 1541 3722 1594 ut

2077 1612 2129 1668 in
2166 1629 2339 1671 unum
2376 1618 2628 1688 undique
2663 1620 2733 1675 ad
2769 1635 2976 1677 novum
3011 1621 3418 1693 imperatorem
3449 1626 3717 1682 conveni-

2077 1705 2260 1773 retur,
2276 1719 2462 1777 ncque
2477 1706 2685 1777 aquilae
2708 1709 2986 1780 ordinari,
3005 1725 3191 1783 neque
3212 1713 3460 1770 convelli
3485 1730 3717 1787 quoquo

2076 1792 2243 1849 modo
2274 1793 2433 1865 signa
2460 1797 2754 1854 moverive
2784 1803 3105 1869 potuerunt
3126 1801 3451 1872 exercitus;
3483 1804 3631 1861 tanti
3655 1809 3717 1861 et

2077 1881 2263 1939 minus
2296 1883 2493 1941 usitati
2542 1885 2802 1943 miraculi
2837 1887 2949 1944 ﬁde
2973 1894 3182 1961 motus,
3218 1895 3278 1947 et
3306 1906 3625 1951 conversus
3656 1893 3713 1951 in

2076 1971 2496 2043 paenitentiam,
2535 1975 2974 2033 Scribonianum
3008 1977 3207 2049 quinta
3241 1981 3436 2037 statim
3469 1981 3562 2039 die
3594 1982 3715 2040 des-

2075 2060 2314 2117 titutum
2364 2062 2678 2134 interfecit,
2720 2079 2965 2137 seseque
3006 2065 3062 2121 in
3100 2073 3462 2125 sacramento
3500 2070 3714 2142 prioris

2074 2148 2293 2206 militiae
2321 2151 2628 2207 continuit.
2664 2151 2823 2218 Quod
2859 2153 2981 2210 sine
3013 2155 3190 2211 dubio
3222 2161 3461 2228 propter
3501 2158 3714 2216 adven-

2074 2241 2192 2293 tum
2218 2239 2462 2310 apostoli
2479 2240 2633 2295 Petri
2651 2244 2710 2297 et
2728 2246 2924 2299 tenera
2950 2242 3405 2302 Christianorum
3427 2248 3713 2324 germina,

2073 2326 2178 2383 hoc
2216 2327 2385 2383 civile
2416 2329 2630 2386 bellum
2664 2330 2945 2388 divinitus
2973 2338 3063 2388 est
3092 2348 3507 2405 compressum.
3551 2338 3713 2396 Tibe-

2074 2416 2195 2473 rius
2244 2416 2519 2475 Claudius
2570 2420 2922 2476 Britanniam
2957 2421 3176 2491 adiens,
3212 2439 3339 2494 quae
3370 2425 3623 2484 excitata
3654 2427 3709 2485 in

2073 2505 2384 2563 tumultum
2407 2522 2535 2565 esse
2560 2508 2890 2580 videbatur,
2923 2525 3091 2580 quam
3116 2525 3302 2582 neque
3334 2518 3467 2569 ante
3496 2515 3711 2577 Iulium

2073 2597 2377 2667 Cecsarem,
2412 2612 2598 2669 neque
2640 2604 2771 2669 post
2800 2614 2931 2655 eum
2958 2600 3262 2671 quisquam
3294 2604 3583 2675 attingere
3615 2621 3712 2663 au-

2071 2698 2169 2741 sus
2200 2686 2411 2757 fuerat,
2448 2686 2570 2742 sine
2602 2686 2721 2743 ullo
2753 2688 2954 2759 przelio
2983 2703 3047 2745 ac
3084 2690 3361 2759 sanguine
3386 2692 3537 2750 intra
3573 2710 3712 2766 pau-

2068 2773 2331 2831 cissimos
2360 2775 2484 2831 dies
2526 2775 2830 2848 plurimam
2874 2776 3076 2834 insulae
3121 2783 3343 2849 partem
3378 2780 3433 2836 in
3465 2782 3712 2841 deditio-

2070 2877 2199 2918 nem
2232 2864 2470 2936 recepit.
2505 2865 2761 2922 Orcadas
2782 2868 2955 2923 etiam
2982 2867 3198 2924 insulas
3220 2869 3473 2926 Romano
3496 2871 3709 2942 adjecit

2070 2952 2141 3006 im
2152 2952 2403 3023 perio,ac
2419 2959 2587 3010 sexto
2604 2969 2771 3025 quam
2788 2956 3086 3025 profectus
3108 2961 3237 3011 erat
3251 2960 3707 3028 mense,Romam
3812 2956 3819 2961 ’

2069 3039 2260 3097 rediit.
2296 3042 2375 3096 Eo
2401 3056 2550 3097 anno
2582 3046 2791 3112 quarto
2812 3042 3087 3101 videlicet
3110 3043 3336 3116 imperii
3359 3046 3504 3118 ejus,
3531 3048 3710 3108 fames

2067 3128 2405 3197 gravissima
2456 3144 2559 3202 per
2610 3131 2851 3203 Syriam,
2883 3133 3051 3203 cujus
3083 3133 3264 3190 Lucas
3307 3135 3481 3192 etiam
3514 3140 3709 3195 memi-

2065 3217 2171 3287 nit,
2224 3217 2370 3274 facta
2428 3223 2536 3276 est.
2591 3220 2701 3275 Sed
2735 3219 3194 3278 Christianorum
3236 3224 3705 3301 necessitatibus,

2066 3306 2219 3377 apud
2252 3306 2702 3381 Hierosolymam
2733 3309 3030 3366 convectis
3066 3311 3138 3367 ab
3172 3310 3419 3384 Egypto
3460 3314 3703 3373 frumen-

2068 3396 2160 3467 tis,
2198 3395 2409 3453 Helena
2458 3399 2862 3467 Agabenorum
2897 3398 3094 3469 regina
3122 3415 3401 3459 conversa
3430 3403 3502 3460 ad
3537 3403 3705 3462 ﬁdem

2067 3483 2301 3555 Christi,
2346 3485 2670 3556 largissime
2703 3486 3074 3544 ministravit.
3121 3488 3335 3555 Quinto
3375 3491 3501 3561 ejus
3532 3493 3707 3565 impe«

2065 3573 2133 3629 rii
2156 3588 2305 3630 anno
2332 3574 2484 3630 inter
2513 3574 2753 3632 Theram
2776 3581 2836 3631 et
2866 3576 3217 3649 Therasiam,
3252 3579 3438 3637 insula
3474 3581 3546 3639 de
3579 3597 3707 3653 pro-

2064 3661 2237 3719 fondo
2273 3664 2511 3721 emicuit
2558 3664 2794 3734 triginta
2844 3665 3165 3724 stadiorum
3205 3668 3395 3739 spatio
3444 3675 3703 3729 extenta.

2064 3752 2322 3823 Septimo
2352 3752 2577 3824 imperii
2609 3753 2736 3822 ejus
2762 3768 2911 3810 anno
2940 3757 3049 3812 sub
3080 3762 3462 3827 procuratore
3488 3760 3707 3819 Iudaeas

2065 3843 2337 3911 Cumano,
2393 3842 2449 3897 in
2498 3841 2911 3914 Hierosolymis
2959 3848 3117 3900 tanta
3159 3844 3370 3902 seditio
3412 3847 3467 3903 in
3499 3847 3707 3907 diebus

2063 3943 2392 4001 azymorum
2422 3934 2624 3985 exorta
2654 3934 2764 4001 est,
2790 3935 2853 3987 ut
2886 3930 2941 3985 in
2972 3935 3271 4002 portarum
3301 3934 3464 3991 exitu
3487 3938 3704 4010 populo

2060 4021 2381 4089 coarctato,
2406 4017 2643 4089 triginta
2671 4016 2848 4075 millia
2872 4020 3203 4078 Iudaeorum
3225 4023 3384 4080 caede
3408 4030 3700 4096 prostrata

2061 4111 2122 4162 et
2140 4106 2570 4178 compressione
2583 4104 2860 4164 suﬁ‘ocata
2886 4108 3235 4167 referantur.
3256 4110 3532 4171 Claudius
3552 4128 3703 4173 nono

2062 4193 2224 4253 anno
2261 4195 2487 4269 imperii
2555 4197 2664 4266 sui,
2711 4196 2948 4254 Judoeos
3015 4198 3457 4273 tumultuantes,
3526 4203 3705 4261 Roma

2059 4283 2303 4357 expulit.
2361 4284 2671 4342 Suetonius
2720 4284 2826 4342 hoc
2876 4286 3043 4342 modo
3084 4286 3217 4346 inde
3270 4290 3501 4347 refert:
3548 4292 3708 4352 Clau-

2061 4375 2191 4430 dius
2255 4372 2485 4430 Iudaeos
2544 4373 2857 4445 impulsore
2928 4374 3176 4447 Christo,
3220 4378 3452 4435 assidue
3495 4380 3707 4440 tumul-

2064 4466 2316 4531 tuantes,
2343 4463 2519 4518 Roma
2551 4462 2795 4534 expulit.
2822 4465 2899 4518 De
2922 4464 3123 4520 eadem
3153 4465 3495 4537 expulsione
3524 4469 3708 4530 Lucas

1980 4534 2121 4607 Din
2171 4550 2415 4608 Actibus
2459 4550 2854 4623 apostolorum
2904 4553 3102 4609 refert.
3156 4534 3563 4616 Verumtamen
3618 4574 3706 4617 se-

2069 4640 2269 4711 quenti
2301 4655 2449 4697 anno
2482 4644 2640 4696 tanta
2674 4640 2851 4697 fames
2880 4642 3071 4698 Romae
3102 4643 3230 4715 fuit,
3266 4650 3331 4701 ut
3360 4647 3552 4704 medio
3581 4648 3704 4705 foro

2068 4730 2384 4801 imperator
2411 4733 2720 4801 correptus
2750 4744 2781 4785 a
2810 4729 3048 4801 papulo,
3078 4733 3357 4791 conviciis
3383 4739 3441 4790 et
3475 4735 3703 4805 fragmi-

2066 4819 2237 4875 nibus
2276 4817 2439 4889 panis
2491 4817 2823 4890 turpissime
2856 4817 3183 4893 infestatus,
3217 4836 3373 4893 aegre
3401 4836 3505 4894 per
3524 4824 3702 4880 Pseu-

2065 4908 2333 4979 dotyrum
2366 4906 2422 4962 in
2453 4906 2729 4979 palatium
2754 4907 3055 4978 refugerit.
3084 4908 3356 4968 Claudius
3379 4909 3699 4970 manifestis

2064 4995 2302 5053 venenis
2327 4999 2415 5054 est
2459 5000 2740 5054 mortuus.

2138 5084 2246 5158 [59]
2280 5086 2429 5141 Nero
2470 5100 2649 5142 annos
2687 5085 2990 5156 tredecim,
3028 5098 3258 5141 menses
3297 5089 3541 5158 septem,
3576 5088 3702 5148 dies

2062 5178 2217 5245 octo,
2253 5174 2370 5231 Caii
2417 5173 2689 5245 Caligula;
2734 5174 3001 5232 avunculi
3041 5173 3128 5230 sui
3170 5187 3307 5242 erga
3339 5174 3527 5233 omnia
3560 5178 3700 5236 vitia

2063 5277 2128 5320 ac
2168 5262 2388 5322 scelera
2432 5268 2708 5334 sectator,
2742 5263 2855 5319 imo
2897 5268 3316 5329 transgressor.
3349 5264 3450 5322 Hic
3482 5266 3704 5338 primus

2064 5354 2195 5424 post
2238 5352 2427 5409 omnia
2480 5356 2766 5410 attentata
2808 5349 3060 5407 facinora
3108 5349 3303 5410 Romae
3344 5353 3704 5412 Christianos

2061 5440 2364 5513 suppliciis
2394 5445 2453 5498 et
2488 5440 2772 5497 mortibus
2795 5435 3007 5508 affecit,
3023 5451 3088 5495 ac
3114 5454 3217 5512 per
3248 5457 3446 5499 omnes
3475 5440 3703 5513 provin-

2059 5527 2180 5587 cias
2211 5530 2335 5603 pari
2372 5526 2777 5601 persecutione
2807 5527 3132 5585 excruciari
3157 5529 3481 5603 imperavit.
3518 5526 3701 5593 Hujus

2059 5620 2317 5677 secundo
2348 5632 2518 5689 anno,
2553 5616 2757 5673 Festus
2793 5615 3008 5676 Iudaeae
3047 5623 3392 5693 procurator
3423 5609 3700 5673 successit

3646 5828 3683 5859 ί
