4078 6180
352 287 425 340 7⁵9
1414 278 1468 333 8.
1515 276 1772 333 ADONIS
1810 273 2200 331 ARHIEPISC.
2244 275 2675 332 VIENNENSIS.
3676 280 3751 333 80

357 402 546 462 Felici.
580 404 624 459 A
647 416 760 472 quo
806 397 1022 457 Paulus
1066 400 1303 456 Romam
1341 399 1570 459 vinctus
1609 399 1882 469 mittitur,
1925 401 1985 453 et
2012 395 2070 457 A
2100 394 2249 453 diem
2283 398 2492 456 festum
2521 404 2926 470 congregatos,
2958 398 3280 456 obsidionis
3297 398 3630 473 clausisset,
3653 417 3751 460 co-

357 492 625 551 biennum
666 489 722 544 in
761 488 944 546 libera
986 502 1222 546 manens
1258 489 1543 559 custodia,
1588 492 1714 561 post
1755 487 1877 544 haec
1918 486 1989 543 ad

358 577 788 656 praedicandum
827 577 1162 649 dimittitur,
1204 577 1449 636 necdum
1485 579 1710 634 Nerone
1764 577 1819 633 in
1867 580 1994 633 tan-

358 673 473 723 tam
505 666 902 740 percutionem
933 666 1384 724 Christianorem
1416 671 1781 739 erumpente,
1817 679 1995 737 quan-

356 759 474 813 tam
504 755 576 813 de
606 769 675 813 eo
706 758 942 812 narrant
975 754 1252 813 historiae.
1280 755 1404 823 Quo
1433 759 1698 827 tempore
1729 754 1995 812 creditur

358 843 574 902 Paulus
621 844 693 901 ad
741 843 1045 917 Hispanias
1093 843 1447 917 pervenisse,
1479 847 1538 900 et
1580 842 1834 901 Arelataa.
1862 844 1998 899 Tro-

363 932 639 1005 phimum,
690 932 923 989 Viennm
964 934 1332 991 Crescentem
1382 930 1700 1005 discipulos
1742 946 1879 989 suos
1925 930 1999 988 ad

365 1021 796 1095 prasdicandum
842 1021 1169 1095 reliquisse.
1225 1022 1475 1080 Iacobus
1531 1021 1713 1079 frater
1751 1020 1996 1093 Domini,

361 1125 493 1167 cum
523 1110 764 1181 triginta
795 1111 961 1169 annis
978 1111 1503 1186 Hierosolymorum
1526 1111 1777 1168 rexisset
1808 1109 2000 1168 Eccle-

363 1199 528 1271 siam,
544 1199 790 1272 septimo
817 1199 1060 1258 Neronis
1080 1215 1229 1258 anno
1252 1200 1558 1273 perimitur
1584 1216 1615 1258 a
1643 1199 1860 1258 Judmis
1882 1199 2004 1257 vin-

366 1287 697 1345 dicantibus
726 1288 782 1345 in
832 1287 934 1347 illo
980 1289 1134 1361 Quod
1161 1289 1404 1347 Paulum
1445 1289 1779 1348 interﬁcere
1803 1287 2002 1360 nequi-

364 1381 590 1434 verant.
642 1379 813 1435 Festo
861 1377 917 1433 in
966 1378 1312 1448 magistratu
1362 1378 1693 1437 Iudaeorum
1742 1376 2003 1436 succedit

369 1464 630 1536 Albinus,
664 1464 873 1525 Albino
920 1466 1154 1536 Florus;
1184 1466 1353 1537 cujus
1398 1466 1688 1524 luxuriam
1729 1470 1786 1522 et
1821 1465 2006 1523 avari-

365 1552 507 1609 tiam
544 1556 875 1626 caeteraque
909 1554 1127 1625 ﬂagitia
1158 1570 1271 1612 non
1302 1556 1560 1613 ferentes
1585 1554 1768 1612 ιιι]ᾶωὶ
1799 1559 2005 1611 contra

368 1642 656 1700 Romanos
693 1642 1148 1715 rebellaverant,
1178 1644 1485 1702 adversum
1537 1659 1681 1715 quos
1706 1642 2008 1715 Vespasia-

2099 487 2259 557 gnita
2292 488 2535 544 Neronis
2557 493 2763 558 morte,
2780 487 3016 545 hortatu
3052 487 3431 560 plurimorum
3464 504 3666 561 regum
3689 496 3752 547 et

2101 576 2311 633 ducum
2343 576 2647 649 imperium
2681 578 2951 649 adeptus,
2969 577 3176 635 relicto
3199 577 3482 635 incastris
3512 580 3583 637 ad
3622 595 3755 651 pro-

2101 665 2462 722 curationem
2508 663 2827 724 obsidionis
2867 665 3395 737 Hierosolymorum
3434 667 3561 724 Tito
3606 668 3752 739 filio,

2103 754 2333 825 cognita
2373 754 2548 811 etiam
2574 755 2986 813 interfectione
3019 753 3260 825 Vitellii,
3287 754 3585 828 paulisper
3621 757 3759 814 Ale-

2104 844 2364 902 xandriae
2410 843 2694 901 substitit.
2739 844 2900 902 Titus
2943 858 3082 901 vero
3114 857 3320 914 magna
3364 857 3431 901 ac
3472 843 3755 902 diuturna

2106 932 2407 991 obsidione
2450 932 2686 990 Iudaeos
2750 946 3040 1005 premens,
3088 930 3367 990 machinis
3406 932 3759 1005 cunctisque

2109 1020 2335 1080 bellicis
2364 1020 2601 1079 molitus
2630 1035 2740 1078 non
2794 1021 2919 1079 sine
2951 1020 3135 1077 multo
3176 1035 3412 1078 suorum
3445 1021 3756 1094 sanguine,

2107 1110 2345 1169 tandem
2375 1125 2572 1168 muros
2599 1109 2860 1168 civitatis
2895 1109 3129 1182 irrupit.
3166 1109 3276 1167 Sed
3316 1109 3388 1167 ad
3419 1125 3762 1182 expugnan-

2110 1201 2241 1259 dam
2272 1198 2610 1257 interiorem
2653 1198 2860 1271 templi
2894 1198 3274 1257 munitionem
3324 1214 3495 1272 quam
3524 1198 3761 1258 reclusa

2112 1288 2426 1346 multitudo
2458 1289 2823 1346 sacerdotum
2851 1302 2917 1346 ac
2952 1287 3277 1361 principum
3307 1290 3608 1361 tuebatur,
3643 1304 3766 1345 ma-

2107 1376 2235 1449 jore
2265 1381 2325 1435 et
2356 1377 2410 1434 vi
2440 1382 2499 1433 et
2532 1392 2689 1434 mora
2730 1392 2878 1450 opus
2916 1377 3044 1434 fuit.
3081 1378 3284 1449 Itaque
3321 1377 3483 1435 Titus
3512 1377 3764 1451 impera-

2111 1471 2206 1523 tor
2238 1467 2309 1523 ab
2354 1465 2615 1523 exercitu
2653 1465 3086 1539 pronuntiatus,
3121 1464 3403 1538 templum
3435 1466 3768 1539 Hierosoly-

2115 1554 2587 1628 mymisincendit
2610 1570 2677 1612 ac
2698 1554 2911 1623 diruit;
2936 1554 3087 1626 quod
3112 1570 3141 1611 a
3167 1554 3260 1611 die
3273 1553 3627 1612 conditionis
3644 1555 3765 1628 pri-

2116 1660 2222 1703 mae
2272 1660 2454 1716 usque
2503 1644 2576 1701 ad
2624 1644 2776 1701 diem
2824 1643 3147 1704 eversionis
3194 1644 3416 1703 ultimae
3467 1649 3797 1723 manserat,

370 1745 480 1788 nus
507 1731 782 1802 magister
812 1730 1034 1789 militiae
1063 1731 1460 1803 transmissus,
1497 1731 1774 1805 plurimas
1791 1733 1818 1787 ⁴1
1828 1731 2006 1789 udaaaa
2036 1749 2093 1812 Β
2121 1751 2303 1793 annos
2331 1733 2488 1790 mille
2527 1733 2823 1804 octoginta
2862 1748 3088 1804 novem,
3120 1733 3211 1791 vel
3253 1733 3404 1792 sicut
3434 1749 3464 1791 a
3496 1734 3768 1806 pluribus

370 1820 547 1877 urbes
575 1819 753 1892 cepit,
775 1820 963 1877 Titum
987 1820 1166 1877 filium
1190 1836 1355 1878 suum
1384 1820 1658 1891 majorem
1681 1820 1834 1876 inter
1856 1819 2011 1890 lega-

370 1911 465 1964 tos
492 1906 730 1965 habens.
756 1910 907 1966 Nero
929 1908 983 1965 in
1008 1923 1071 1965 re
1122 1908 1358 1966 militari
1381 1908 1523 1965 nihil
1551 1908 1782 1965 omnino
1813 1923 2008 1980 ausus,

372 1995 727 2052 Britanniam
760 2011 906 2069 pene
927 1997 1140 2069 amisit,
1175 1997 1479 2070 ipsumque
1502 2012 1706 2054 nomen
1738 1997 2013 2054 Christia-

373 2097 508 2140 num
536 2083 836 2156 extirpare
880 2089 1145 2156 conatus,
1188 2085 1556 2143 beatissimos
1597 2085 1808 2143 Christi
1849 2100 2014 2158 apos-

375 2170 527 2228 tolos
546 2173 782 2230 Petrum
803 2187 999 2245 cruce,
1014 2172 1255 2232 Paulum
1268 2173 1462 2244 gladio
1475 2174 1705 2232 occidit.
1724 2176 1851 2232 Mox
1862 2189 2018 2232 acer-

367 2259 554 2316 vatim
578 2259 844 2317 miseram
874 2260 1001 2332 ejus
1030 2262 1207 2320 vitam
1229 2263 1451 2321 obortae
1494 2262 1747 2335 undique
1776 2277 2017 2336 oppres-

378 2359 508 2403 sere
536 2345 752 2405 clades.
788 2351 904 2407 Hac
940 2354 1292 2422 tempestate
1323 2352 1558 2420 Persius
1590 2355 1760 2424 poeta
1791 2352 2014 2420 oritur;

378 2432 643 2494 Lucanus
664 2451 893 2509 quoque
916 2453 981 2496 ac
1004 2440 1219 2496 Seneca
1244 2444 1521 2512 precepto
1540 2440 1782 2498 Neronis
1803 2439 2020 2497 interfi-

378 2522 634 2581 ciuntur.
667 2526 818 2582 Nero
847 2533 1154 2599 postquam
1182 2528 1418 2584 Galbam
1451 2528 1506 2583 in
1534 2528 1806 2601 Hispania
1839 2529 2019 2601 impe-

381 2616 635 2669 ratorem
665 2619 927 2671 creatum
950 2615 1022 2671 ab
1044 2615 1307 2673 exercitu
1329 2617 1620 2688 cognovit,
1645 2606 1808 2675 totus
1828 2617 2018 2675 animo

381 2713 447 2758 ac
477 2715 579 2773 spe
606 2702 891 2772 concidit;
924 2696 1288 2776 postmodum
1310 2720 1441 2763 cum
1473 2705 1837 2763 incredibilia
1869 2705 2015 2764 mala

380 2788 686 2846 subruenti
734 2791 1073 2864 reipublicae
1122 2792 1447 2864 moliretur,
1498 2794 1683 2852 hostis
1740 2810 1770 2850 a
1812 2798 2016 2852 senatu

382 2877 812 2950 pronuntiatus,
839 2879 1379 2951 ignominiosissime
1403 2882 1630 2953 fugiens
1650 2882 1722 2939 ad
1746 2888 2017 2955 quartum

381 2964 454 3020 ab
485 2965 639 3022 Urbe
666 2964 939 3040 lapidem,
973 2984 1101 3027 sese
1141 2970 1265 3042 ipse
1306 2971 1621 3043 interfecit,
1656 2978 1833 3044 atque
1862 2972 1916 3029 in
1949 2986 2019 3029 eo

383 3053 673 3111 Caesarum
704 3055 892 3113 omnis
921 3056 1135 3114 familia
1161 3062 1504 3131 consumpta
1534 3063 1643 3117 est.

452 3140 677 3196 Mortuo
707 3143 1147 3213 Nerone,Galba
1169 3147 1404 3201 Romam
1432 3145 1612 3216 venit,
1636 3147 2018 3218 Pisonemque

381 3226 492 3283 sibi
516 3226 766 3284 nobilem
789 3229 1257 3302 industriumque
1272 3233 1545 3302 juvenem
1569 3233 1625 3289 in
1642 3233 1821 3292 ﬁlium
1843 3239 2021 3307 atque

384 3315 441 3370 in
472 3328 714 3385 regnum
734 3316 1056 3390 adoptavit,
1074 3319 1438 3393 septimoque
1460 3335 1657 3381 mense
1680 3323 1909 3397 imperii
1929 3324 2019 3383 sui

384 3403 458 3460 ab
487 3403 713 3461 Othone
739 3404 1043 3476 jugulatus
1071 3414 1180 3465 est.

454 3491 606 3548 Otho
628 3507 760 3549 mox
783 3497 844 3551 ut
865 3500 1125 3553 creatum
1155 3496 1564 3569 imperatorem
1597 3499 1654 3556 in
1684 3498 1899 3558 Gallias
1921 3515 2025 3574 per

384 3580 754 3639 Germanicas
783 3580 1041 3653 legiones
1065 3584 1361 3644 Vitellium
1381 3587 1688 3661 comperit,
1714 3589 1931 3648 bellum
1953 3591 2026 3649 ci-

385 3667 498 3727 vile
512 3668 974 3742 molitus,tribus
1002 3673 1249 3747 primum
1283 3674 1512 3734 levibus
1540 3677 1780 3751 praeliis,
1802 3678 1911 3738 hoc
1933 3684 2020 3737 est

386 3772 501 3815 uno
521 3758 671 3832 apud
689 3760 885 3834 Alpes,
902 3761 1088 3821 altero
1108 3765 1262 3823 circa
1276 3764 1653 3839 Placentiam,
1667 3768 1849 3826 tertio
1867 3769 2022 3828 circa

386 3846 573 3906 locum
604 3864 773 3922 quem
806 3852 1075 3911 Castores
1100 3859 1309 3913 vocant
1336 3861 1542 3915 contra
1572 3856 1917 3917 Vitellianos
1930 3858 2028 3917 du-

379 3950 480 3994 ces
507 3952 874 4013 congressus,
906 3942 1094 4000 victor
1113 3944 1374 4014 exstitit;
1408 3951 1619 4019 quarto
1642 3952 1836 4005 autem
1868 3948 2024 4022 apud

380 4025 711 4082 Vetriacum
743 4028 944 4098 praelio
972 4029 1440 4090 animadvertens
1459 4049 1595 4091 suos
1625 4036 1798 4107 vinci,
1825 4051 2022 4095 mense

375 4110 558 4167 tertio
586 4126 757 4182 quam
788 4112 1106 4186 imperator
1142 4124 1426 4192 coeperat,
1456 4135 1585 4177 sese
1626 4121 1944 4181 interfecit.

446 4198 717 4258 Vitellius
729 4200 915 4259 victor
937 4206 1172 4262 Romam
1199 4207 1378 4280 venit,
1405 4208 1503 4266 ubi
1528 4224 1658 4267 cum
1676 4210 1857 4268 multa
1889 4227 2022 4270 cru-

376 4285 589 4344 deliter
610 4303 675 4347 ac
696 4290 967 4362 nequiter
988 4298 1209 4367 ageret,
1228 4300 1532 4369 postquam
1556 4297 1627 4356 de
1659 4300 2019 4372 Vespasiano

373 4376 679 4449 comperit,
697 4377 943 4451 primum
966 4380 1258 4455 deponere
1280 4384 1516 4444 molitus
1536 4387 1863 4461 imperium,
1882 4394 2011 4462 post

2117 1824 2417 1893 colligitur
2430 1822 2585 1879 mille
2604 1827 2838 1879 centum
2851 1829 2909 1880 et
2925 1822 3057 1880 duo.
3074 1824 3266 1880 Muros
3287 1822 3450 1879 urbis
3462 1823 3771 1880 universos

2121 1913 2244 1972 solo
2275 1911 2623 1982 adaequavit.
2659 1913 2913 1969 Sexcena
2940 1911 3117 1968 millia
3152 1912 3484 1969 Iudaeorum
3515 1926 3585 1967 eo
3609 1911 3770 1968 bello

2120 2001 2428 2058 interfecta
2454 2000 2823 2058 Corneliuset
2843 1999 3154 2057 Suetonius
3174 2000 3456 2056 referunt.
3480 1999 3771 2072 Iosephus

2120 2104 2261 2148 vero
2279 2088 2516 2146 Iudaeus
2538 2087 2636 2160 qui
2657 2087 2709 2144 ei
2732 2093 2871 2145 tunc
2895 2087 3050 2144 bello
3076 2088 3328 2160 praefuit,
3353 2093 3412 2144 et
3450 2088 3605 2160 apud
3628 2090 3770 2145 Ves-

2125 2179 2422 2253 pasianum
2448 2182 2686 2250 propter
2706 2178 3045 2250 praedictum
3063 2177 3366 2251 imperium
3390 2177 3615 2234 veniam
3637 2192 3771 2248 gra-

2122 2269 2380 2339 tiamque
2428 2270 2744 2338 meruerat,
2777 2266 2980 2324 scribit
3006 2266 3281 2324 undecies
3306 2272 3552 2323 centena
3584 2265 3766 2323 millia

2122 2355 2319 2427 gladio
2350 2359 2409 2412 et
2450 2355 2597 2411 fame
2622 2354 2900 2427 periisse;
2932 2354 3033 2412 sed
3064 2359 3124 2411 et
3159 2359 3374 2428 praeter
3405 2354 3508 2411 hos
3532 2358 3771 2412 centum

2126 2444 2303 2502 millia
2356 2442 2586 2515 publice
2637 2444 2988 2513 venundata,
3019 2448 3267 2515 totoque
3307 2444 3450 2500 orbe
3481 2442 3771 2516 dispersa.

2200 2535 2666 2591 Consummatum
2716 2536 2805 2588 est
2846 2533 2952 2589 hoc
3000 2532 3214 2590 bellum
3259 2532 3425 2590 annis
3478 2540 3769 2604 quatuor:

2127 2622 2357 2679 duobus
2385 2620 2639 2692 quidem,
2692 2623 2918 2678 Nerone
2970 2621 3224 2693 vivente,
3266 2627 3325 2678 et
3375 2622 3603 2679 duobus
3640 2620 3776 2677 aliis

2129 2715 2350 2782 postea.
2383 2709 2771 2781 Vespasianus
2811 2710 2967 2766 inter
3008 2709 3119 2767 alia
3153 2724 3494 2781 magnorum
3524 2724 3771 2782 cperum

2128 2798 2185 2854 in
2223 2798 2446 2871 privata
2479 2798 2667 2855 adhuc
2713 2798 2856 2871 vita,
2891 2799 2945 2855 in
2987 2799 3346 2855 Germaniam
3380 2815 3446 2856 ac
3477 2797 3688 2856 deinde
3711 2798 3769 2853 in

2130 2887 2485 2944 Britanniam
2534 2902 2564 2944 a
2616 2887 2856 2946 Claudio
2906 2888 3134 2959 missus,
3183 2888 3388 2945 tricies
3426 2893 3485 2945 et
3520 2888 3608 2944 bis
3637 2902 3772 2943 cum

2129 2977 2295 3033 hoste
2343 2976 2623 3034 conﬂixit.
2660 2978 2813 3034 Duas
2860 2975 3246 3033 validissimas
3288 2981 3514 3048 gentes,
3546 2974 3771 3046 .viginti

2130 3065 2364 3139 oppida,
2397 3064 2642 3121 insulam
2686 3066 2921 3122 Vectam
2954 3064 3267 3122 Britanniae
3289 3065 3632 3137 proximam,
3664 3065 3777 3120 Ho-

2134 3168 2302 3209 mano
2334 3152 2544 3223 adjecit
2579 3151 2841 3224 imperio.
2870 3152 3137 3210 Colossus
3160 3153 3409 3224 erigitur
3438 3154 3652 3224 Roma,
3674 3153 3776 3208 ha-

2136 3241 2279 3297 bens
2308 3240 2635 3298 altitudinis
2663 3240 2840 3313 pedes
2859 3245 3092 3298 centum
3123 3247 3180 3296 et
3216 3257 3441 3299 novem.
3476 3239 3779 3313 Vespasia-

2134 3343 2244 3386 nus
2272 3328 2330 3385 in
2361 3327 2495 3386 villa
2527 3329 2763 3401 propria
2793 3329 2949 3387 circa
2981 3330 3241 3400 Sabinos,
3266 3345 3417 3386 nono
3447 3343 3597 3386 anno
3620 3328 3779 3401 prin-

2132 3417 2364 3490 cipatus
2392 3417 2501 3489 sui,
2536 3419 2818 3489 proﬂuvio
2848 3419 3071 3476 ventris
3100 3424 3187 3475 est
3220 3423 3504 3476 mortuus.

2209 3505 2317 3578 [82]
2349 3506 2511 3563 Titus
2554 3522 2733 3564 annos
2761 3507 3050 3579 undecim,
3082 3522 3308 3565 menses
3350 3506 3638 3564 undecim.
3674 3504 3778 3561 Vir

2134 3595 2387 3652 omnium
2418 3595 2701 3652 virtutum
2748 3611 2962 3667 genere
3003 3596 3306 3664 mirabilis,
3340 3596 3485 3653 adeo
3518 3599 3581 3651 ut
3615 3608 3779 3650 amor

2134 3688 2193 3741 et
2227 3683 2451 3742 delicia:
2478 3685 2711 3741 humani
2735 3685 2968 3755 generis
2989 3684 3305 3742 diceretur.
3333 3684 3432 3741 Hic
3455 3682 3779 3755 amphitea-

2136 3777 2292 3831 trum
2306 3774 2501 3830 Romae
2524 3773 2795 3844 aedificat,
2815 3777 2871 3830 et
2899 3774 2954 3829 in
2979 3773 3345 3830 dedicatione
3367 3772 3492 3843 ejus
3517 3772 3774 3844 quinque

2136 3861 2314 3919 millia
2335 3863 2585 3920 ferarum
2608 3862 2842 3919 occidit.
2878 3864 2992 3920 Iste
3024 3866 3251 3919 tantum
3285 3860 3568 3918 facundus
3596 3858 3778 3916 exsti-

2136 3951 2230 4021 tit,
2268 3955 2326 4008 ut
2358 3966 2564 4010 causas
2592 3951 2794 4008 Latino
2825 3954 3022 4021 ageret
3047 3953 3334 4022 poemate,
3366 3954 3425 4006 et
3454 3947 3780 4019 tragcedias

2136 4040 2333 4097 Graece
2376 4045 2770 4112 componeret.
2821 4041 3061 4096 Tantum
3102 4043 3296 4096 autem
3339 4037 3673 4109 bellicosus,
3708 4040 3775 4093 ut

2135 4126 2191 4183 in
2222 4128 2652 4199 expugnatione
2700 4127 3228 4201 Hierosolymorum
3280 4128 3387 4184 sub
3429 4130 3596 4199 patre
3627 4123 3777 4181 mili-

2133 4218 2284 4287 tans,
2329 4215 2711 4288 quadraginta
2752 4231 2926 4273 unum
2953 4220 3419 4288 propugnatores
3465 4212 3773 4272 duodecim

2134 4302 2479 4374 sagittarum
2525 4304 2851 4362 confoderit
2902 4304 3135 4362 ictibus.
3189 4306 3371 4361 Porro
3418 4303 3477 4360 in
3527 4300 3773 4375 imperio

2132 4394 2314 4449 tanta
2363 4392 2640 4450 bonitatis
2686 4394 2815 4466 fuit,
2859 4398 2923 4451 ut
2968 4393 3191 4451 nullum
3238 4392 3471 4450 omnino
3512 4389 3768 4464 puniret,

373 4476 405 4520 a
462 4462 805 4553 quibusdam
855 4470 1143 4530 animatus
1199 4473 1409 4531 Sabino
1447 4441 1783 4548 Vesparsiani
1831 4441 2013 4538 fratre
2044 4441 2099 4504 Β
2132 4479 2234 4538 sed
2264 4480 2567 4540 convictos
2598 4441 2905 4542 adversum
2955 4497 3017 4541 se
3059 4480 3483 4553 conjurationis
3512 4441 3773 4536 dimitte:

372 4551 562 4610 occiso
589 4569 983 4630 succensoque
1011 4560 1251 4634 templo,
1274 4565 1334 4619 et
1381 4562 1550 4621 mista
1578 4564 1749 4622 simul
1782 4566 2008 4625 ﬂamma

375 4640 679 4715 ruinaque,
695 4659 893 4703 omnes
912 4646 968 4704 in
992 4663 1166 4707 unum
1182 4651 1403 4723 pariter
1424 4651 1727 4711 interitum
1741 4669 1806 4713 ac
1820 4657 2012 4714 tumu-

370 4728 488 4788 lum
502 4730 682 4789 dedit.
706 4733 841 4791 Post
856 4734 1163 4795 deficiente
1177 4738 1234 4796 in
1256 4740 1591 4813 Vespasiani
1616 4756 1821 4800 nomen
1841 4757 2008 4801 exer-

369 4818 490 4878 citu
504 4835 628 4894 suo,
642 4821 896 4893 cumjam
911 4822 1231 4885 destitutus
1247 4828 1515 4901 trepidus
1534 4844 1596 4888 se
1619 4830 1674 4886 in
1700 4833 2006 4902 quamdam

371 4909 690 4993 proximam
712 4910 928 4984 palatio
948 4911 1220 4972 cellulam
1231 4917 1638 4991 contrusisset,
1665 4919 2005 4993 turpissime

366 4992 501 5052 inde
531 5004 883 5074 protractus,
916 5000 972 5057 in
1014 5002 1201 5059 forum
1241 5003 1548 5078 deductus,
1583 4992 1790 5067 octavo
1834 5024 2004 5082 quam

367 5091 607 5166 regnum
630 5094 1077 5164 praesumpserat
1098 5105 1315 5165 mense,
1329 5094 1484 5166 apud
1505 5096 1869 5157 Gemmonias
1883 5114 2005 5158 sca-

363 5165 453 5226 las
463 5171 1209 5259 minutissimorumictuum
1220 5165 1445 5241 crebris
1455 5199 1579 5242 com
1589 5187 2001 5259 punctionibus

360 5258 827 5337 excarnificatus,
861 5274 1037 5344 atque
1069 5269 1201 5329 inde
1231 5270 1400 5330 unico
1431 5276 1627 5333 tractu
1656 5275 1712 5333 in
1744 5276 1999 5336 Tiberim

361 5358 587 5405 mersus
611 5349 787 5408 etiam
815 5359 1102 5417 communi
1131 5360 1317 5419 caruit
1352 5361 1679 5434 sepultura.

334 5522 346 5532 .
365 5457 414 5533 ξ
431 5434 817 5533 Vespasianus
844 5440 1040 5516 itaque
1059 5465 1190 5507 cum
1208 5450 1657 5511 Judaeosmultis
1673 5467 1874 5512 eorum
1898 5468 1999 5528 0p-

360 5520 510 5596 pidis
535 5524 745 5601 captis,
775 5526 833 5586 in
862 5532 1007 5591 urbe
1038 5536 1565 5613 Hierosolymorum
1595 5541 1889 5618 praecipue
1918 5520 1994 5603 ob

2122 4574 2212 4627 ret
2245 4574 2422 4643 atque
2477 4570 2534 4628 in
2564 4571 2765 4630 eadem
2796 4570 3192 4629 familiaritate
3224 4585 3336 4644 qua
3377 4573 3512 4626 ante
3554 4568 3771 4625 habue-

2123 4664 2235 4733 rat,
2268 4661 2570 4719 retineret.
2606 4661 2789 4730 Hujus
2834 4660 3010 4716 etiam
3061 4659 3217 4717 inter
3252 4659 3441 4718 omnia
3476 4657 3583 4715 fuit
3616 4655 3761 4714 illud

2118 4747 2353 4807 celebre
2376 4750 2632 4807 dictum:
2664 4747 2997 4806 Perdidisse
3022 4748 3195 4821 diem,
3221 4749 3277 4805 in
3324 4762 3436 4820 qua
3460 4745 3602 4803 nihil
3624 4743 3761 4802 boni

2120 4836 2345 4894 fecerit.
2379 4837 2480 4894 Hic
2526 4851 2658 4893 cum
2708 4836 2928 4908 ingenti
2973 4837 3226 4895 omnium
3274 4836 3436 4895 luctu
3468 4835 3526 4891 in
3556 4833 3759 4892 eadem

2118 4923 2255 4983 villa
2287 4940 2399 4997 qua
2425 4928 2591 4997 pater
2618 4924 2764 4996 ejus,
2799 4926 3000 4983 morbo
3031 4928 3364 4999 assumptus
3392 4929 3504 4982 est.

2192 5012 2301 5085 [84]
2335 5012 2713 5086 Domitianus,
2749 5014 2931 5072 frater
2974 5014 3084 5072 Titi
3128 5014 3347 5086 junior,
3381 5027 3565 5071 annos
3593 5010 3758 5083 quin-

2116 5100 2324 5173 decim,
2376 5116 2603 5160 menses
2650 5103 2925 5176 quinque.
2978 5105 3032 5161 Is
3080 5103 3136 5160 in
3166 5107 3390 5161 tantam
3421 5100 3755 5175 superbiam

2117 5188 2422 5263 prolapsus
2468 5194 2580 5263 est,
2614 5195 2677 5249 ut
2729 5192 2899 5250 deum
2946 5206 3074 5251 sese
3104 5208 3171 5250 ac
3203 5192 3497 5250 dominum
3539 5187 3750 5259 vocari,

2115 5277 2312 5350 scribi,
2344 5278 2574 5351 colique
2590 5280 2861 5351 jusserit;
2884 5281 3291 5354 secundusque
3314 5284 3441 5353 post
3466 5271 3773 5336 Neronem

2113 5367 2470 5426 Christianos
2482 5365 3750 5442 persequitur.Conﬁrmatissimamtotoorbe

2109 5455 2424 5516 Ecclesiam
2446 5457 2680 5530 Christi,
2699 5457 2853 5516 datis
2872 5458 3292 5518 crudelissimae
3325 5452 3755 5533 persecutionis

2108 5544 2337 5619 edictis,
2395 5546 2727 5608 convellere
2777 5551 3055 5620 conatur;
3103 5549 3211 5608 sub
3271 5561 3388 5622 quo
3447 5544 3752 5622 apostolus

3606 5830 3635 5838 ου
3652 5820 3697 5840 ’.ν-ι
