4078 6180
291 331 350 385 81
1485 321 1892 380 CHRONICON
1928 321 2126 382 ETAS
2164 324 2400 384 SEXTA.
2617 367 2627 380 .
3617 328 3688 383 82

284 451 540 507 Joannes
571 447 630 505 in
661 445 966 505 Pathmum
998 445 1241 504 insulam
1270 444 1570 518 relegatus
1597 451 1708 517 est,
1733 450 1792 503 et
1815 445 1937 503 Fla-
1967 453 2022 514 Α
2053 449 2288 522 scriptis
2308 447 2463 508 illico
2487 445 2806 506 lenioribus
2824 444 3171 519 temperavit
3193 443 3448 503 edictum
3493 445 3686 505 Romae

289 539 380 596 via
412 536 734 608 Domitilla,
767 537 940 593 Flavii
976 535 1287 594 Clementis
1332 535 1589 593 consulis
1632 551 1704 592 ex
1736 549 1936 592 sorore

287 627 413 698 ejus
444 627 666 699 neptis,
692 626 746 682 in
769 625 1012 683 insulam
1034 626 1371 682 Pontianam
1403 627 1476 682 ob
1510 624 1641 682 ﬁdei
1679 625 1938 682 testimo-

289 717 448 774 nium
479 715 735 773 exsulat.
761 717 966 771 Fertur
987 720 1181 770 autem
1203 714 1352 770 idem
1378 714 1500 786 ipse
1525 715 1757 770 beatum
1775 716 1938 770 Joan-

291 821 420 862 nem
452 805 512 860 in
549 805 831 861 ferventis
859 803 971 860 olei
1004 803 1219 860 dolium
1252 803 1525 860 mississe.
1561 805 1643 859 Ex
1677 818 1790 874 quo
1821 806 1937 860 tam

291 895 567 951 immunis
597 893 738 950 exiit
771 909 800 950 a
834 893 1038 966 poenis,
1071 907 1241 964 quam
1274 908 1303 948 a
1334 891 1716 964 corruptione
1746 891 1941 948 carnis

289 987 588 1040 manserat
650 997 883 1054 semper
950 982 1237 1038 immunis.
1287 980 1650 1037 Domitianus
1710 980 1992 1037 Judaos,

290 1087 525 1144 quoque
558 1071 886 1128 acerbitate
931 1074 1356 1127 tormentorum
1406 1073 1711 1140 genuscjue
1759 1068 1939 1125 David

292 1160 544 1217 interfici
571 1161 873 1232 praecepit,
898 1159 1059 1231 quasi
1081 1158 1268 1215 adhuc
1307 1158 1540 1214 futurus
1573 1162 1728 1215 esset
1757 1171 1830 1213 ex
1861 1172 1944 1214 se-

293 1250 443 1311 mine
476 1249 576 1321 qui
611 1264 855 1320 regnum
889 1251 1083 1320 posset
1107 1246 1368 1319 adipisci.
1395 1247 1496 1303 Hic
1527 1246 1856 1303 crudeliter
1885 1246 1939 1301 in

294 1338 512 1411 palatio
546 1353 577 1394 a
611 1337 731 1394 suis
763 1337 1111 1393 interfectus
1137 1339 1258 1402 est;
1288 1335 1456 1405 cujus
1484 1335 1736 1392 cadaver
1770 1349 1944 1407 popu-

293 1427 397 1483 lari
430 1426 737 1498 sandapila
773 1441 876 1498 per
921 1423 1272 1496 vespiliones
1319 1428 1715 1496 exportatum,
1765 1427 1942 1495 atque

295 1515 680 1586 ignominiose
712 1514 1007 1586 sepultum
1037 1517 1146 1570 est.

272 1661 278 1665 .
365 1603 478 1676 [99]
512 1605 701 1659 Nerva
733 1603 1042 1659 admodum
1075 1616 1253 1658 senex
1293 1617 1323 1658 a
1357 1601 1630 1657 Petronio
1663 1600 1940 1672 prafecto

292 1697 348 1748 et
381 1692 704 1749 Parthenio
735 1691 989 1763 spadone
1018 1690 1324 1746 Domitiani
1361 1690 1738 1745 interfectore
1770 1689 1944 1759 impe-

2050 554 2224 597 aurea
2258 538 2463 597 domus
2483 554 2513 596 a
2534 540 2761 595 Nerone
2790 535 3025 593 condita
3049 535 3354 608 repentino
3375 536 3690 608 conflagra-

2049 629 2132 687 vit
2179 628 2476 695 incendio;
2507 627 2828 685 Pantheum
2878 627 3093 697 Roma,
3129 625 3280 696 quod
3330 625 3690 682 Domitianus

2052 719 2291 789 fecerat,
2330 717 2565 775 fulmine
2595 718 3028 774 concrematum
3059 717 3168 771 est.
3194 713 3560 770 Terramotis
3579 716 3689 770 An-

2051 807 2320 864 tiochiam
2342 806 2638 863 civitatem
2666 820 2811 879 pene
2835 809 3016 861 totam
3040 802 3294 872 subruit,
3328 805 3386 858 et
3420 801 3560 859 alias
3584 817 3688 874 per

2050 896 2209 953 orbis
2240 900 2437 968 partes
2466 895 2756 966 civitates,
2799 892 3143 950 incredibile
3194 890 3374 948 dictu.
3411 891 3528 947 Sub
3576 906 3689 948 uno

2050 988 2313 1057 tempore
2334 984 2517 1041 Judai
2542 983 2704 1055 quasi
2730 982 2890 1039 rabie
2921 980 3146 1039 efferati
3179 995 3283 1052 per
3302 979 3564 1037 diversas
3581 984 3692 1036 ter-

2053 1089 2245 1132 rarum
2280 1079 2478 1146 partes
2498 1076 2866 1144 exarserunt,
2893 1070 3162 1142 bellaque
3183 1068 3543 1126 atrocissima
3565 1083 3691 1140 ges-

2051 1167 2275 1233 serunt,
2310 1163 2491 1219 donec
2522 1161 2693 1233 digna
2717 1161 2875 1218 cade
2891 1159 3055 1231 jussu
3080 1157 3457 1232 Imperatoris
3477 1161 3692 1215 sterne-

2052 1257 2275 1308 rentur.
2298 1251 2594 1322 Trajanus,
2619 1255 2678 1307 ut
2699 1250 2928 1322 quidam
2950 1249 3164 1320 ferunt,
3186 1247 3339 1321 apud
3373 1246 3692 1304 Seleuciam

2053 1341 2287 1399 Isauria
2329 1342 2553 1410 urbem,
2607 1334 2892 1412 profluvio
2940 1336 3164 1394 ventris
3209 1336 3536 1394 exstinctus
3581 1339 3690 1394 est.

2051 1433 2238 1487 Verus
2269 1428 2612 1486 Viennensis
2641 1428 2970 1500 episcopus,
2993 1426 3090 1498 qui
3123 1441 3270 1483 unus
3293 1426 3398 1482 fuit
3431 1426 3501 1482 de
3527 1424 3697 1482 disci-

2052 1520 2205 1592 pulis
2234 1524 2292 1576 et
2329 1518 2699 1575 auditoribus
2731 1513 3391 1588 apostolorum,Trajani
3424 1513 3699 1586 tempori-

2055 1611 2182 1678 bus,
2220 1608 2483 1666 doctrina
2515 1611 2574 1663 et
2605 1605 2968 1663 confessione
3001 1603 3135 1661 fidei
3168 1602 3383 1660 floruit.
3412 1601 3533 1660 [llis
3561 1607 3659 1659 ten

2055 1697 2294 1770 poribus
2328 1697 2479 1768 apud
2512 1697 2758 1752 Pontum
2801 1691 3044 1766 Synopis
3087 1691 3343 1749 civitatis
3390 1691 3700 1764 episcopus

296 1789 457 1839 rator
489 1786 750 1852 creatus,
786 1795 996 1836 annum
1032 1795 1228 1849 unum,
1251 1793 1477 1834 menses
1510 1783 1782 1849 quatuor,
1818 1778 1944 1834 dies

2066 1787 2278 1843 Phocas
2301 1783 2715 1856 gloriosissime
2740 1782 3082 1854 martyrium
3103 1780 3302 1850 duxit;
3323 1780 3490 1852 cujus
3511 1795 3701 1838 sacra-

295 1876 460 1937 octo;
487 1871 586 1941 qui
609 1870 914 1940 Trajanum
938 1869 992 1924 in
1018 1883 1257 1938 regnum
1291 1867 1611 1938 adoptavit.
1637 1867 1735 1923 Hic
1758 1866 1942 1938 primo

295 1961 492 2018 edicto
515 1975 642 2028 suo,
662 1962 907 2015 cunctos
923 1957 1156 2014 exsules
1178 1956 1495 2026 revocavit,
1519 1971 1664 2026 quos
1681 1955 1947 2012 Domitia-

297 2065 402 2107 nus
449 2049 857 2118 relegaverat;
892 2046 1042 2102 unde
1089 2050 1149 2101 et
1195 2048 1445 2101 Joannes
1490 2043 1792 2115 apostolus
1839 2044 1946 2100 hac

294 2136 559 2209 generali
591 2134 955 2205 indulgentia
988 2133 1292 2204 liberatus,
1326 2133 1613 2204 Ephesum
1647 2131 1854 2199 rediit;
1885 2134 1945 2187 et

298 2227 430 2298 quia
464 2239 808 2281 concussam
842 2237 902 2279 se
935 2224 1176 2279 absente
1199 2237 1302 2293 per
1333 2220 1642 2278 hareticos
1672 2220 1817 2277 vidit
1846 2221 1949 2276 Ec-

297 2315 496 2373 clesia
530 2313 724 2383 fidem,
758 2311 1064 2368 confestim
1096 2311 1242 2367 hanc
1287 2310 1582 2380 descripta
1634 2308 1948 2378 Evangelio

298 2419 400 2460 suo
431 2401 599 2459 verbi
627 2401 726 2457 Dei
772 2400 1106 2457 aternitate
1155 2398 1460 2455 stabilivit.
1494 2400 1681 2474 Nerva
1713 2412 1949 2454 emenso

297 2492 430 2564 plus
463 2491 656 2546 minus
682 2503 830 2545 anno
861 2487 1087 2560 imperii
1112 2487 1198 2544 sui
1230 2487 1534 2543 confectus
1565 2487 1766 2542 morbo
1797 2485 1947 2542 diem

297 2580 466 2637 obiit.

373 2667 522 2740 [101]
556 2665 838 2735 Trajanus
867 2679 1083 2735 genere
1116 2663 1423 2735 Hispanus,
1459 2662 1621 2733 regni
1665 2663 1952 2733 guberna-

294 2756 435 2813 cula
469 2758 652 2812 Nerva
685 2755 960 2810 tradente
993 2753 1272 2824 suscepit,
1306 2767 1485 2808 annos
1535 2750 1950 2820 novemdecim,

299 2858 540 2901 menses
569 2859 687 2914 sex,
722 2842 850 2899 dies
882 2841 1230 2913 quindecim.
1259 2841 1359 2897 Hic
1392 2839 1544 2911 apud
1579 2839 1951 2910 Agrippinam

298 2932 514 2990 Gallia
539 2933 732 2988 urbem
757 2931 1003 3000 insignia
1025 2929 1281 3000 suscepit
1306 2928 1552 2999 imperii.
1575 2930 1701 2984 Mox
1723 2929 1953 2983 Germa-

300 3023 461 3080 niam
496 3024 660 3076 trans
690 3020 952 3076 Rhenum
987 3019 1043 3074 in
1074 3017 1380 3090 pristinum
1429 3020 1646 3072 statum
1681 3015 1948 3082 reduxit;

298 3116 472 3168 trans
515 3108 840 3165 Danubium
891 3107 1106 3164 multas
1147 3109 1354 3177 gentes
1399 3103 1651 3174 subegit,
1684 3103 1952 3173 regiones

2057 1875 2298 1932 tissima
2332 1873 2592 1945 reliquia
2624 1871 2926 1930 translata
2955 1875 3088 1928 sunt
3121 1871 3174 1927 in
3205 1870 3466 1942 Galliam,
3489 1870 3542 1926 in
3570 1867 3703 1927 civi-

2055 1969 2236 2020 tatem
2267 1964 2564 2032 Viennam,
2600 1961 2796 2032 ibique
2828 1960 2884 2017 in
2917 1959 3163 2017 ecclesia
3196 1964 3528 2017 sanctorum
3567 1973 3702 2032 apo-

2057 2053 2336 2110 stolorum
2367 2050 2660 2123 reposita.

2133 2140 2276 2214 [120]
2316 2139 2605 2196 Adrianus
2631 2137 2994 2196 consobrina
3038 2135 3263 2207 Trajani
3317 2134 3488 2207 filius,
3523 2148 3698 2192 unum

2057 2234 2115 2286 et
2160 2228 2365 2299 viginti
2419 2242 2600 2284 annos
2644 2226 2970 2299 imperavit.
3026 2225 3128 2282 Hic
3179 2239 3284 2298 per
3341 2225 3700 2292 Quadratum

2059 2317 2407 2389 discipulum
2441 2315 2839 2388 apostolorum
2871 2319 2930 2371 et
2951 2313 3265 2372 Aristidem
3292 2313 3704 2370 Atheniensem

2057 2407 2267 2477 virum,
2303 2406 2415 2462 fide
2455 2404 2858 2476 sapientiaque
2908 2403 3163 2476 plenum,
3197 2406 3256 2457 et
3291 2416 3396 2474 per
3428 2403 3706 2458 Serenum

2060 2495 2329 2552 Gravium
2380 2494 2657 2564 legatum,
2708 2493 2873 2549 libris
2922 2493 2993 2549 de
3037 2490 3361 2548 Christiana
3427 2490 3708 2561 religione

2059 2583 2399 2656 compositis
2428 2583 2753 2639 instructus
2773 2586 2948 2652 atque
2971 2579 3258 2651 eruditus,
3288 2579 3571 2652 pracepit
3605 2593 3710 2652 per

2060 2672 2366 2746 epistolam
2418 2671 2489 2728 ad
2547 2670 2847 2728 Minutium
2895 2669 3253 2726 Fundanium
3301 2668 3707 2741 proconsulem

2065 2763 2213 2820 Asia
2245 2761 2460 2831 datam,
2496 2763 2559 2817 ut
2589 2759 2802 2816 nemini
2834 2758 3039 2816 liceret
3071 2757 3429 2814 Christianos
3462 2757 3585 2814 sine
3617 2757 3711 2813 ob-

2057 2851 2216 2920 jectu
2248 2849 2507 2907 criminis
2535 2852 2636 2906 aut
2677 2847 3021 2920 probatione
3067 2847 3362 2903 damnare.
3419 2845 3711 2902 Adrianus

2056 2935 3065 3009 justissimislegibusrempublicam
3081 2933 3405 3000 ordinavit;
3436 2933 3707 3003 idemque

2064 3031 2232 3098 pater
2251 3026 2455 3098 patria
2479 3025 2532 3080 in
2554 3028 2761 3082 senatu
2786 3022 2938 3080 ultra
2965 3037 3180 3079 morem
3206 3021 3485 3091 majorum
3507 3020 3708 3092 appel-

2065 3115 2219 3172 latus
2239 3119 2350 3184 est,
2375 3118 2434 3170 et
2459 3129 2604 3170 uxor
2631 3112 2756 3182 ejus
2786 3115 3064 3182 Augusta.
3092 3111 3248 3168 Idem
3271 3109 3704 3167 eruditissimus

301 3157 471 3168 η--η
515 3157 840 3165 --ο-κ---κ-
891 3157 1105 3164 η---η
1147 3157 1350 3177 ον--τη
1400 3157 1651 3174 "me-
1685 3157 1698 3159 ~
1725 3157 1835 3173 -υκκ
1873 3157 1907 3158 η
1930 3157 1946 3159 -
2065 3157 2219 3172 um...
2240 3157 2350 3184 νυν,
2376 3157 2434 3170 ν.
2462 3157 2593 3170 μην.
2632 3157 2756 3182 ww
2786 3157 3064 3182 .-μνη-μ.
3093 3157 3248 3168 ην--.
3273 3157 3704 3167 -._...-...---.--

300 3205 470 3256 "305
499 3198 919 3270 Euphratem“
949 3196 1159 3266 Tigrim
1206 3194 1369 3264 δίιεεν
1403 3192 1731 3266 Ρνονιηοίθε
1780 3192 1952 3260 feeit;
1983 3157 2033 3219 Ο
2065 3204 2120 3260 in
2154 3202 2619 3274 utraqueilingua
2645 3200 3055 3257 bibliothecam
3082 3199 3322 3256 Athenis
3354 3197 3482 3253 miri
3511 3198 3708 3269 cperis

298 3287 629 3345 Seleuciam
661 3290 721 3342 et
745 3285 1179 3357 Ctesiphontem
1218 3298 1282 3339 ac
1314 3281 1684 3354 Babyloniam
1716 3296 1956 3352 occupa-

301 3378 407 3444 vit,
429 3381 610 3448 atque
633 3389 817 3446 usque
839 3374 1015 3430 India
1036 3373 1180 3430 fines
1199 3375 1327 3444 post
1349 3370 1741 3427 Alexandrum
1765 3384 1956 3426 acces-

300 3466 594 3536 sit.Hujus
607 3468 819 3536 quarto
837 3477 986 3519 anno
1009 3461 1275 3519 Clemens
1291 3459 1614 3530 discipulus
1626 3459 1783 3515 Petri
1798 3473 1958 3530 apes

304 3556 462 3625 stoli,
480 3557 754 3610 Romana
776 3550 1047 3609 Ecclesia
1070 3550 1398 3622 episcopus,
1419 3548 1698 3620 martyrio
1723 3563 1958 3605 corona-

309 3652 426 3716 tur,
451 3648 513 3701 et
545 3642 738 3698 Flavia
761 3639 1052 3697 Domitilla
1074 3654 1179 3712 pro
1213 3638 1442 3696 Christo
1463 3652 1594 3694 cum
1625 3625 1954 3709 aliispluri-

309 3736 418 3792 mis
450 3735 506 3789 in
543 3731 791 3789 insulam
823 3728 1084 3786 Pontiam
1115 3727 1321 3784 exsilio
1353 3728 1684 3800 deportata.
1705 3727 1958 3784 Joannes

306 3821 634 3897 apostolus,
669 3818 1028 3890 sexagesimo
1055 3821 1261 3874 octavo
1293 3831 1441 3873 anno
1474 3820 1602 3888 post
1632 3814 1955 3886 passionem

310 3911 550 3982 Christi,
569 3909 968 3967 atatisautem
984 3922 1102 3964 sua
1116 3906 1486 3977 nonagesimo
1503 3908 1730 3974 octavo,
1746 3903 1958 3976 Ephesi

311 4001 539 4076 placida
558 4005 745 4055 morte
761 3998 1000 4070 quievit.
1016 3996 1256 4067 Trajano
1279 3995 1585 4053 adversum
1602 3993 1958 4051 Christianos

311 4089 782 4164 persecutionem
809 4091 1096 4157 movente,
1121 4085 1345 4141 Simeon
1367 4083 1463 4156 qui
1487 4087 1546 4140 et
1571 4083 1786 4153 Simon,
1808 4081 1960 4138 filius

314 4178 607 4251 CleOpha,
632 4175 1155 4248 Hierosolymorum
1175 4174 1484 4246 episcopus
1499 4171 1884 4243 crucifigitur,
1899 4175 1959 4227 ct

313 4269 577 4341 lgnatius
606 4265 926 4323 Antiochia
973 4263 1283 4336 episcopus
1331 4265 1564 4319 Romam
1616 4261 1994 4334 perductus,,

315 4358 522 4415 bestiis
563 4355 840 4412 traditur.
891 4353 1220 4410 Alexander
1267 4365 1496 4423 quoque
1546 4352 1814 4407 Romana
1860 4351 1962 4406 Ec-

2063 3291 2376 3349 exstruxit.
2392 3293 2419 3347 Ι
2427 3289 2636 3348 udaos'
2647 3287 3005 3346 rebellantes
3023 3287 3460 3345 etPalastinam
3478 3286 3708 3358 provin~

2063 3381 2209 3438 ciam
2227 3380 2518 3452 quondam
2544 3394 2703 3437 suam
2727 3377 3152 3450 depopulantcs
3186 3375 3386 3434 ultima
3407 3375 3567 3433 cade
3582 3389 3711 3446 per-

2065 3470 2309 3540 domuit,
2340 3469 2616 3540 ultusque
2639 3471 2728 3524 est
2759 3466 3115 3524 Christianos
3137 3480 3282 3536 quos
3312 3463 3417 3535 illi,
3445 3463 3707 3522 Cocheba

2066 3560 2233 3630 duce,
2267 3557 2563 3630 quodﬁsibi
2601 3557 2909 3614 adversum
2956 3557 3242 3612 Romanos
3289 3568 3402 3610 non
3453 3556 3711 3610 assenta-

2066 3652 2292 3718 rentur,
2309 3647 2746 3704 excruciabant.
2765 3645 3167 3716 Pracepitque
3181 3642 3355 3699 necui
3378 3641 3708 3698 Judaorum

2067 3736 2400 3794 introeundi
2421 3733 2873 3806 Hierosolymam
2896 3737 3051 3789 esset
3087 3731 3342 3801 licentia,
3367 3728 3709 3787 Christianis

2067 3830 2294 3882 tantum
2323 3823 2562 3881 civitate
2594 3822 2904 3894 permissa;
2939 3835 3107 3891 quam
3155 3820 3277 3891 ipse
3326 3819 3381 3874 in
3426 3817 3707 3888 optimum

2067 3918 2284 3970 statum
2314 3925 2610 3968 murorum
2638 3905 3386 3979 exstructionereparavit,
3411 3909 3470 3960 et
3502 3902 3706 3959 IEliam

2067 4001 2261 4060 vocari
2287 4001 2358 4058 de
2378 3998 2731 4073 pranomine
2749 4013 2855 4054 suo
2875 3995 3161 4069 pracipit.
3193 3995 3422 4051 Primus
3437 4007 3510 4050 ex
3521 3991 3709 4063 genti-

2071 4093 2177 4149 bus
2193 4089 2600 4161 l-lierosolyma
2614 4089 2838 4144 Marcus
2849 4085 3158 4158 episcopus
3169 4080 3573 4152 constituitur,
3586 4093 3710 4137 ces-

2069 4180 2334 4238 santibus
2364 4179 2454 4236 his
2481 4177 2576 4249 qui
2611 4177 2840 4234 fuerant
2864 4189 2937 4231 ex
2956 4173 3172 4231 Judais
3198 4186 3440 4229 numero
3469 4169 3712 4241 quinde-

2068 4270 2202 4340 cim,
2227 4273 2286 4324 et
2307 4266 2662 4340 prafuerant
2687 4279 2716 4320 a
2741 4263 3003 4336 pas~ione
3025 4261 3246 4318 Domini
3269 4274 3373 4332 per
3395 4273 3576 4315 annos
3591 4257 3711 4313 fere

2070 4363 2304 4414 centum
2337 4359 2395 4411 et
2428 4357 2670 4426 septem.
2708 4355 2820 4408 Per
2853 4352 3003 4408 idem
3035 4353 3268 4422 tempus
3296 4347 3500 4418 Aquila
3534 4345 3718 4418 ponti-

313 4447 510 4505 clesia
541 4444 872 4517 episcopus,
909 4442 1186 4515 martyrio
1231 4445 1568 4511 coronatur,
1619 4443 1678 4496 et
1712 4438 1964 4512 septimo
1992 4512 2034 4517 _
2072 4461 2176 4503 cus
2199 4445 2491 4516 interpres
2509 4441 2817 4511 secundus,
2850 4443 2979 4512 post
3011 4437 3389 4509 Septuaginta
3417 4434 3628 4503 oritur,
3653 4435 3713 4488 et

317 4539 387 4594 ab
431 4512 596 4593 Urbe
642 4512 935 4603 milliariO,
989 4512 1078 4590 via
1128 4532 1504 4600 Nomentana,
1562 4529 1659 4586 ubi
1714 4527 1964 4585 decolla-
1992 4512 2046 4572 D
2081 4512 2772 4591 Basilides'haresiarcha
2805 4527 3158 4598 agnoscitur.
3196 4527 3310 4581 Hoc
3340 4523 3541 4579 itidem
3572 4525 3716 4576 tem-

320 4631 414 4683 tus
445 4629 558 4695 est,
578 4621 887 4694 sepelitur.
911 4622 1026 4678 Sub
1050 4635 1162 4692 quo
1184 4620 1358 4675 etiam
1382 4617 1732 4690 imperatore
1753 4615 1966 4687 glorio-

319 4714 586 4771 sissimus
615 4726 793 4768 senex
824 4710 1145 4780 Zacharias,
1170 4706 1512 4765 Viennensis
1549 4704 1822 4762 Ecclesia
1854 4703 1968 4776 epi-

318 4818 553 4876 scopus,
589 4799 869 4874 martyrio
898 4804 1230 4856 coronatur.
1268 4799 1404 4853 Nam
1438 4795 1659 4870 primus
1690 4795 1970 4851 Crescens

279 4917 283 4921 -
324 4891 648 4965 discipulus
677 4888 1073 4962 apostolorum
1105 4888 1339 4944 Vienna
1359 4885 1578 4958 aliquot
1610 4898 1790 4941 annos
1817 4896 1970 4939 rese-

323 4982 406 5039 dit
424 5001 440 5050 ;
456 4996 572 5054 quo
586 4980 658 5037 ad
674 4978 956 5036 Galatiam
972 4981 1293 5048 reverso,tc
1303 4975 1451 5033 rtius
1464 4973 1970 5047 Martinusepisco-

325 5087 431 5144 pus
451 5075 512 5127 et
536 5068 862 5142 discipulus
892 5067 1284 5140 apostolorum
1307 5065 1540 5123 Vienna
1569 5063 1820 5131 resedit;
1867 5061 1969 5120 sed

325 5160 697 5234 postmodum
729 5157 898 5214 Plinii
931 5156 1170 5215 secundi
1192 5155 1446 5213 oratoris
1475 5160 1535 5212 et
1566 5153 1850 5224 historici,
1873 5151 1970 5224 qui

326 5252 478 5308 inter
496 5247 997 5318 coeterosjudices
1020 5249 1360 5318 persecutor
1388 5245 1580 5303 dictus
1609 5249 1756 5314 erat,
1782 5241 1972 5299 relatu

327 5341 664 5399 admonitus
675 5353 780 5396 eos
790 5337 1052 5394 homines
1065 5339 1279 5408 prater
1300 5334 1720 5393 confessionem
1735 5330 1970 5401 Christi,

330 5429 569 5489 honesta
591 5425 1024 5496 conventicula,
1046 5424 1187 5480 nihil
1217 5423 1573 5482 contrarium
1597 5421 1866 5480 Romanis
1895 5419 1976 5477 le-
2024 5431 2028 5434 ·

328 5519 494 5590 gibus
529 5519 750 5588 facere,
786 5514 995 5572 fiducia
1035 5527 1174 5571 sane
1223 5511 1547 5569 innocentis
1597 5507 1977 5568 eonfessionis

329 5608 541 5668 nemini
575 5608 828 5665 mortem
844 5616 1080 5676 gravem
1110 5617 1177 5660 ac
1204 5599 1631 5660 formidolosam
1658 5596 1866 5668 videri,
1888 5610 1978 5654 re-

2075 4639 2216 4696 pore
2247 4626 2304 4678 et
2336 4623 2538 4677 Justus
2565 4617 2907 4674 Viennensis
2936 4613 3209 4672 Ecclesia
3239 4613 3568 4684 episcopus,
3594 4607 3716 4664 illu-

2073 4711 2396 4769 strissimus
2410 4709 2464 4765 in
2477 4705 2837 4765 confessione
2851 4703 3098 4761 exstitit.
3116 4701 3450 4769 Quadratus
3461 4709 3710 4768 quoque,

2073 4801 2242 4871 cujus
2286 4812 2462 4870 supra
2512 4793 2897 4864 meminimus,
2947 4791 3153 4848 Publio
3199 4790 3553 4846 Athenarum
3595 4782 3715 4871 epi-

2076 4869 2251 4962 scopo
2274 4869 2668 4960 apostolorum
2688 4881 2994 4954 discipulo,
3009 4881 3083 4936 ob
3104 4877 3413 4936 Christium
3436 4869 3716 4962 martyrio

2076 4957 2374 5047 coronato,
2411 4975 2464 5030 in
2498 4973 2686 5030 locum
2719 4971 2845 5043 ejus
2880 4968 3281 5034 substituitur,
3313 4968 3370 5019 et
3403 4957 3714 5017 Ecclesiam

2077 5067 2282 5139 grandi
2332 5070 2561 5120 terrore
2606 5061 2949 5134 dispersam,
3001 5058 3112 5114 fide
3159 5059 3218 5111 et
3274 5047 3559 5106 industria
3613 5062 3716 5106 sua

2077 5158 2415 5226 congregat.

2157 5241 2300 5316 [141]
2349 5239 2694 5309 Antoninus,
2751 5237 3132 5308 cognomento
3191 5229 3348 5299 Pius,
3405 5227 3723 5299 imperator

2082 5337 2339 5402 creatus,
2374 5329 2541 5387 annis
2566 5327 2771 5399 viginti
2819 5329 2878 5380 et
2909 5336 3017 5378 non
3053 5317 3239 5390 plenis
3268 5317 3461 5374 tribus
3501 5328 3724 5402 rempu-

2086 5422 2294 5480 blicam
2323 5400 2675 5491 gubernavit
2706 5428 2835 5471 cum
2869 5410 3002 5466 filiis
3033 5407 3154 5466 suis
3172 5407 3409 5465 Aurelio
3437 5407 3496 5460 et
3529 5400 3722 5491 Lucio,

2085 5524 2314 5569 menses
2329 5489 2477 5578 tres,
2500 5505 2597 5577 qui
2623 5504 2680 5559 in
2705 5500 2856 5558 omni
2881 5512 3061 5570 regno
3085 5498 3342 5556 Romano
3358 5489 3728 5551 cautionibus

2089 5598 2344 5659 incensis
2361 5598 2703 5655 cunctorum
2729 5589 2926 5649 debita
2946 5587 3254 5658 relaxavit,
3274 5583 3540 5654 adeoque
3568 5579 3724 5633 tran-
