4078 6180
349 307 420 370 83
1387 293 1439 352 S.
1487 290 1744 350 ADONIS
1780 282 2197 348 ARCHIEPISC
2237 276 2653 370 VIENNENSIS
3680 252 3752 328 εξ

355 428 534 506 quilla
565 424 710 488 vixit
740 428 802 484 ut
835 419 1044 482 merito
1071 416 1210 480 Pius
1237 422 1297 480 et
1327 419 1502 478 Pater
1533 415 1738 493 patriae
1783 414 1855 474 sit
1887 429 1984 488 ap-
2012 417 2067 476 A
2097 425 2296 472 manos
2315 402 2736 506 largissime‘ac.
2751 395 2874 459 sine
2905 377 3756 506 imluriahrefeeerit,Euergetas

354 521 623 595 pellatus.
645 513 909 575 Justinus
941 511 1320 587 phiIOSOpbus
1343 511 1552 568 librum
1585 509 1656 567 de
1688 506 1986 579 Religione

355 609 678 669 Christiana
721 603 1104 677 compositum
1159 600 1449 658 Antonino
1504 597 1770 668 tradidit,
1831 596 1988 652 beni-

352 711 645 772 gnumque
675 711 806 755 eum
836 709 974 766 erga
1013 690 1372 750 Christianos
1399 687 1660 746 homines
1691 686 1854 744 fecit:
1890 685 1988 756 qui

354 803 466 846 non
497 788 667 858 longe
717 789 848 857 post
891 781 1171 840 suscitata
1223 777 1652 852 persecutione,
1705 775 1990 848 prodente

358 879 668 936 Crescente
697 874 918 947 cynico,
953 888 1057 945 pro
1081 868 1309 928 Christo
1331 867 1668 938 sanguinem
1699 865 1991 922 fudit.Va-

359 967 712 1025 lentinianus
760 967 818 1021 et
874 962 1122 1021 Marcion
1180 958 1585 1019 haeresiarchas
1641 955 1990 1028 produntur,

358 1062 534 1130 atque
591 1055 838 1113 Galenus
885 1052 1143 1110 medicus
1189 1053 1468 1120 Pergamo
1518 1047 1770 1119 genitus,
1802 1046 1994 1102 Romae

359 1147 556 1206 clarus
583 1147 852 1202 habetur.
878 1143 1015 1200 Pius
1041 1143 1350 1214 episcOpus
1369 1140 1564 1196 Romae
1593 1137 1864 1206 habetur,
1888 1135 1996 1191 sub

361 1253 477 1308 quo
499 1239 738 1294 Hermes
759 1233 971 1292 librum
995 1231 1250 1303 scripsit,
1278 1229 1374 1302 qui
1397 1227 1657 1286 Pastoris
1679 1225 1914 1296 dicitur,
1940 1225 1996 1279 in

363 1343 477 1399 quo
507 1329 863 1398 praeceptum
893 1321 1152 1380 continet
1187 1318 1398 1392 angeli,
1423 1321 1486 1376 ut
1518 1317 1737 1374 Pascha
1770 1329 1999 1387 semper

365 1415 458 1473 die
485 1414 778 1472 Dominico
804 1412 1160 1470 celebretur.
1193 1409 1550 1481 Polycarpus
1579 1405 1812 1462 auditor
1843 1403 2000 1460 beati

361 1505 600 1562 Joannis
643 1504 878 1560 Romam
917 1499 1158 1559 veniens
1195 1497 1408 1556 multos
1447 1497 1520 1553 ab
1559 1493 1832 1552 haeretica
1871 1491 2001 1548 labe

365 1593 694 1664 castigavit,
727 1591 824 1664 qui
854 1588 1143 1647 Valentini
1166 1592 1228 1645 et
1258 1585 1534 1644 Cerdonis
1566 1585 1794 1641 fuerant
1818 1596 2004 1653 nuper

367 1682 632 1740 doctrina
677 1679 960 1752 corrupti.
1002 1677 1410 1736 Viennensium
1451 1673 1760 1746 episcopus
1805 1673 2007 1727 Justus

367 1772 556 1829 adhuc
577 1769 772 1830 clarus
791 1763 1555 1836 habetur;Lugdunensium
1579 1759 2008 1829 Photinus.fAn-
2036 1765 2090 1826 Β
2123 1773 2321 1816 manos
2349 1754 2565 1812 bellum

373 1860 562 1918 tonius
613 1859 684 1916 ad
737 1856 1143 1915 duodecimum
1193 1855 1265 1912 ab
1314 1854 1467 1910 Urbe
1502 1850 1751 1922 lapidem
1807 1849 2005 1905 morbo

368 1952 680 2020 correptus
710 1946 952 2002 interiit.
990 1945 1266 2001 Anicetus
1292 1944 1486 1998 Romae
1518 1940 1844 2012 epiSCOpus.

446 2035 588 2110 [161]
623 2038 848 2093 Marcus
888 2033 1214 2091 Antoninus
1241 2034 1426 2088 Verus
1461 2044 1591 2086 cum
1627 2030 1806 2084 fratre
1839 2025 2009 2083 Lucio

373 2125 610 2183 Aurelio
633 2124 942 2182 Commodo
966 2121 1274 2191 Antonino,
1301 2120 1466 2192 annis
1487 2121 1686 2176 decem
1718 2121 1775 2172 et
1808 2130 2009 2172 novem

373 2229 570 2270 mense
601 2229 715 2270 uno
745 2211 1050 2286 imperium
1083 2209 1292 2267 tenuit.
1319 2210 1360 2265 Ii
1395 2203 1562 2282 primi
1594 2204 2010 2279 rempublicam

375 2318 543 2373 aequo
567 2301 699 2372 jure
728 2301 906 2358 tutati
947 2303 1103 2370 sunt,
1134 2314 1265 2356 cum
1297 2314 1479 2370 usque
1517 2297 1588 2354 ad
1630 2297 1734 2352 hoc
1783 2299 2016 2365 tempus

377 2391 590 2462 singuli
621 2389 868 2460 Augusti
901 2388 1136 2445 fuerint.
1171 2388 1393 2444 Bellum
1429 2387 1636 2444 deinde
1657 2388 1861 2442 contra
1880 2386 2016 2440 Par-

379 2481 511 2538 thos
540 2477 866 2537 admirabili
905 2477 1126 2534 virtute
1173 2481 1229 2533 et
1265 2476 1543 2532 felicitate
1592 2477 1918 2545 gesserunt.
1955 2473 2017 2528 In

366 2571 588 2627 .diebus
615 2567 871 2625 Parthici
903 2565 1040 2624 belli
1083 2565 1520 2638 persecutiones
1561 2562 2017 2620 Christianorum

381 2661 587 2731 quarta
613 2657 730 2729 jam
763 2661 892 2729 post
920 2658 1204 2712 Neronem
1235 2655 1380 2725 vice,
1416 2653 1472 2710 in
1504 2653 1633 2710 Asia
1667 2657 1725 2709 et
1759 2653 1815 2709 in
1838 2651 2020 2709 Gallia

377 2763 590 2820 graves
635 2746 1009 2804 exstiterunt.
1043 2745 1398 2816 Polycarpus
1441 2747 1499 2798 et
1549 2741 1784 2799 Pionius
1831 2743 2020 2798 fecere

383 2837 724 2910 martyrium
752 2836 808 2892 in
840 2835 1006 2903 Asia;
1040 2834 1096 2890 in
1130 2833 1329 2890 Galliis
1376 2846 1606 2904 quoque
1639 2831 1870 2904 plurimi
1901 2830 2023 2901 glo-

383 2927 534 2984 riose
567 2941 673 2998 pro
697 2924 925 2982 Christo
947 2923 1284 2994 sanguinem
1313 2921 1652 2978 fuderuntJ
1660 2925 1826 2978 ustus
1858 2920 2024 2976 Vien-

384 3015 580 3074 nensis
608 3013 937 3086 episcopus,
969 3011 1140 3082 longo
1162 3015 1425 3083 tempore
1445 3009 1651 3067 exsilio
1673 3013 2020 3080 maceratus,

385 3108 607 3176 martyr
643 3103 934 3174 gloriosus
970 3101 1237 3157 efficitur.
1276 3102 1431 3156 Tunc
1472 3099 1754 3156 Photinus
1785 3113 2026 3155 venera-

389 3193 521 3250 bilis
533 3195 1010 3261 senex,temporc
1035 3188 1381 3260 interposito
1402 3203 1532 3245 cum
1558 3187 1943 3258 quadraginta
1967 3191 2025 3243 et

387 3285 518 3339 octo
557 3295 630 3337 ex
659 3278 1024 3349 Lugdunensi
1075 3282 1132 3334 et
1166 3277 1476 3334 Viennensi
1509 3277 1652 3333 urbe
1683 3276 2025 3348 martyrium

391 3384 558 3428 suum
605 3367 886 3440 implevit.
922 3368 1034 3424 Nec
1083 3365 1266 3423 multo
1299 3370 1448 3438 post,
1481 3365 1695 3422 vindex
1743 3365 2027 3422 scelerum

393 3459 520 3518 lues
557 3457 772 3515 multas
807 3456 924 3513 late
967 3455 1310 3528 provincias,
1358 3454 1582 3511 Italiam
1621 3453 1888 3524 maxime,
1923 3455 2032 3510 Ro-

393 3560 659 3618 mamque
691 3545 960 3603 vastavit.
988 3544 1316 3616 Severinus,
1350 3542 1676 3616 Exuperius
1705 3546 1763 3598 et
1797 3541 2030 3599 Felicia-

392 3652 502 3695 nus
525 3651 702 3710 parvo
723 3640 987 3708 tempore
1010 3637 1144 3691 ante
1168 3633 1320 3706 apud
1343 3632 1914 3704 Viennammartyrio
1937 3647 2032 3689 co-

391 3727 601 3785 ronati.
637 3725 980 3783 Commodus
1020 3725 1154 3782 dum
1185 3739 1314 3782 cum
1349 3723 1530 3780 fratre
1561 3721 1617 3778 in
1647 3721 1916 3779 vehiculo
1944 3735 2032 3780 se-

392 3817 512 3890 det,
562 3832 700 3876 casu
749 3815 933 3874 morbi
985 3830 1155 3888 quem
1189 3813 1554 3888 ap0plexiam
1585 3811 1768 3872 Graeci
1799 3815 2027 3882 vocant,

391 3906 708 3966 suffocatus
738 3905 980 3964 interiit.
1014 3907 1094 3962 Eo
1124 3905 1419 3976 defuncto,
1453 3906 1678 3961 Marcus
1707 3903 2032 3960 Antoninus

392 3995 986 4067 solusaliquantulum
1003 3993 1339 4065 reipublicae
1355 3993 1618 4066 praefuit;
1639 3999 1766 4064 post
1783 3995 2032 4050 Commo-

394 4083 530 4140 dum
555 4083 734 4139 filium
766 4097 933 4139 suum
983 4081 1290 4152 assumpsit
1342 4081 1396 4136 in
1448 4095 1708 4150 regnum.
1743 4081 2031 4137 Antonino

391 4169 768 4242 imperatore,
800 4169 994 4226 Melite
1034 4169 1279 4227 Asianus
1309 4168 1668 4226 Sardicensis
1697 4167 2026 4241 episcopus,

395 4258 819 4332 apologetieum
855 4273 958 4332 pro
988 4258 1329 4317 Christianis
1368 4259 1629 4317 tradidit.
1675 4257 1881 4317 Lucius
1913 4259 2033 4314 Bri-

393 4352 702 4406 tannorum
733 4363 858 4420 rex,
875 4348 1044 4406 missa
1071 4348 1140 4406 ad
1163 4348 1560 4406 Eleutherium
1591 4350 1782 4406 Romae
1812 4347 2033 4420 episco-

2321 469 2548 559 crevbris
2579 489 2880 552 fulminum
2921 483 3135 542 ictibus
3166 473 3535 552 perterritos,
3574 469 3631 527 in
3668 469 3756 562 fu-

2097 609 2227 665 gam
2258 588 2543 662 coegerit,
2579 585 2726 643 sicut
2772 579 2922 636 idem
2965 568 3291 632 Antoninus
3341 564 3664 665 imperator
3695 557 3754 658 in

2098 647 2320 740 litteris
2352 647 2473 739 suis
2496 647 2734 744 fatetur,
2761 672 2835 728 ob
2869 660 3290 723 invocationem
3321 651 3568 710 nominis
3599 647 3758 708 Chri-

2100 773 2272 831 stiani
2299 787 2400 845 per
2424 767 2639 826 milites
2661 759 3036 824 Christianos,
3061 754 3118 808 et
3143 746 3296 806 sitim
3321 758 3455 845 quae
3471 756 3545 798 ex
3577 754 3758 845 penu-

2102 863 2185 920 ria
2217 829 2498 934 aquarum
2532 857 2586 912 in
2612 850 2824 912 castris
2849 851 3234 908 Romanorum
3257 837 3385 932 erat
3423 829 3756 934 depulsam,

2102 959 2159 1012 et
2192 919 2462 1011 collatam
2487 945 2594 1004 sibi
2620 943 2794 1000 fuisse
2818 932 3140 994 victoriam.
3170 919 3755 1012 Antoninus‘in_Pan-

2104 1007 2272 1102 nenia
2295 1037 2670 1104 constitutus,
2688 1025 2992 1102 repentino
3006 1019 3206 1077 morbo
3219 1013 3371 1104 diem
3393 1008 3560 1104 obiit:

2109 1095 2522 1206 phil-usvsextus
2535 1095 2906 1180 Antiochense
2918 1107 3190 1170 Ecclesiae
3206 1101 3424 1206 floruit,
3449 1102 3507 1156 et
3523 1095 3760 1206 PiLnitus

2109 1185 2404 1279 Cretensis
2432 1213 2656 1273 Gnosia:
2687 1207 2851 1266 urbis
2888 1203 3216 1275 episcopus.
3251 1185 3762 1279 Matianushaere-

2109 1311 2334 1370 siarcha
2367 1302 2817 1368 Encratitarum,
2852 1293 2948 1367 qui
3003 1283 3259 1362 quandiu
3289 1297 3320 1338 a
3360 1275 3763 1370 lustini__riiar-

2110 1401 2258 1474 tyris
2288 1398 2472 1456 latere
2501 1407 2614 1450 non
2646 1361 2935 1455 discessit,
2961 1361 3156 1438 ﬂoruit
3183 1373 3236 1474 in
3261 1361 3764 1468 Ecclesia..Hujus

2111 1453 2371 1549 errorem
2401 1483 2745 1543 Severianus
2775 1473 2958 1545 auxit,
2992 1487 3022 1527 a
3057 1481 3170 1540 quo
3203 1453 3580 1520 Severiniani.

2191 1544 2334 1653 jiSl]
2371 1573 2579 1632 Lucius
2609 1565 2932 1626 Antoninus
2963 1552 3309 1652 Commodus
3341 1549 3475 1653 post
3510 1544 3761 1653 mortem

2119 1631 2596 1742 pati'isiregnavit
2631 1672 2812 1716 annos
2835 1647 3135 1710 tredecim.
3161 1643 3262 1699 Hic
3287 1639 3594 1696 adversum
3621 1631 3764 1728 Ger—

2610 1747 2856 1806 feliciter
2887 1737 3098 1814 gessit;
3125 1736 3404 1792 caeterum
3438 1738 3542 1798 per
3567 1732 3763 1814 omnia

2117 1847 2363 1906 luxuriae
2393 1847 2452 1901 et
2483 1835 2864 1899 obscenitatis
2888 1807 3178 1888 dedecore
3229 1815 3606 1906 depravatus,
3641 1807 3767 1906 gla-

2119 1936 2384 1994 diatoriis
2415 1932 2591 1989 armis
2617 1923 2933 1998 saepissime
2966 1919 3022 1974 in
3053 1913 3190 1972 ludo
3215 1900 3591 1998 depugnavit,
3617 1900 3674 1998 et

2121 1987 2476 2098 5
2485 1987 2548 2078 ro
2563 1987 2839 2076 feris-sese
2856 2008 3193 2080 frequenter
3205 1994 3418 2068 objecit
3429 1987 3763 2098 ;‘inte‘rfecit

2121 2080 2296 2175 etiam
2319 2111 2598 2187 plurimos
2619 2109 2940 2170 senatores,
2955 2093 3200 2154 maxime
3226 2100 3370 2187 quos
3393 2080 3766 2187 advertit

2781 2161 3090 2251 excellere.
3109 2174 3464 2269 Capitolium
3477 2165 3644 2269 urbis
3657 2161 3769 2221 ful-

2125 2259 2497 2366 minﬁeiietum,
2521 2306 2592 2348 ex
2615 2259 2729 2360 quo
2753 2285 2904 2340 facta
2928 2267 3322 2366 inﬂammatio,
3349 2259 3768 2366 bibliothecam

2127 2390 2405 2460 majorum
2425 2343 2562 2440 cura
2579 2343 2890 2444 studioque
2909 2351 3597 2460 compositam0,‘:e'dcsque
3622 2343 3773 2443 alias

2121 2444 2286 2552 juxta
2311 2477 2454 2534 sitas
2475 2461 2917 2543 rapaciturbine
2939 2445 3348 2552 concremavit.
3367 2444 3622 2542 irenzeus
3644 2449 3770 2552 ep:
3801 2527 3816 2534 -

2129 2537 2338 2640 scopus
2385 2537 2786 2632 Lugdunensis
2829 2537 3467 2640 habeturlnbionysius

2129 2613 2546 2729 discipuloer
2579 2642 2790 2704 Christi
2814 2637 3066 2705 auditor,
3091 2630 3472 2729 Viennensem
3501 2613 3775 2729 tepefe-

2388 2705 2647 2812 regebat.
2661 2727 3020 2790 Theodosion
3043 2717 3325 2795 Ephesius
3339 2713 3630 2812 interpres
3647 2705 3776 2812 te‘r:

2131 2839 2269 2909 tius,
2305 2793 2596 2908 appazuit.
2632 2811 3313 2909 Commodusimperator
3333 2793 3774 2909 colossi"

2133 2882 2521 2996 subiatgfsuaa
2535 2913 2875 2986 imaginisca
2885 2910 2984 2996 put
3009 2903 3061 2996 ei
3079 2898 3250 2996 jussit
3269 2882 3772 2996 imponi—cunctis

2135 2971 2331 3088 itaque
2365 2971 2761 3070 incommodus
2781 3001 2836 3056 in
2859 2993 3111 3054 Véstalia
3144 2989 3313 3046 domo
3342 2971 3769 3046 strangulatus,

2060 3121 2110 3186 α
2140 3104 2431 3164 interiisse
2461 3102 2666 3156 fertur.

2600 3179 2878 3240 Pertinax
2909 3185 3106 3241 senex,
3139 3165 3456 3266 imperator
3489 3172 3540 3258 at
3565 3153 3774 3266 senatAu

2134 3247 2390 3350 creatus,
2422 3291 2524 3335 sex
2546 3269 2840 3330 mensibus
2861 3259 3145 3334 regnavit.
3173 3255 3274 3313 Hic
3293 3247 3505 3310 Juliani
3522 3247 3778 3350 jurispe-

2139 3373 2236 3429 riti
2258 3332 2481 3428 scelere
2505 3365 2560 3420 in
2588 3358 2802 3435 palatio
2823 3332 3050 3413 occisus
3071 3351 3182 3418 est,
3209 3356 3404 3401 mense
3427 3338 3594 3435 sexto
3617 3332 3779 3435 post:

2140 3475 2309 3533 quam
2335 3417 2620 3528 imperare
2642 3450 2934 3520 coeperat;
2960 3453 3129 3511 quem
3155 3417 3775 3533 Severus‘etiamnapud

2139 3510 2653 3606 ilvium
2678 3510 2831 3595 bello
2843 3510 2998 3592 civili
3013 3529 3126 3586 vict
3136 3540 3230 3582 um
3245 3515 3536 3578 interfecit
3547 3510 3778 3606 .Victor

2141 3597 2643 3697 decimus-tertius
2671 3630 2864 3684 Roma:
2885 3621 3216 3694 episcopus,
3243 3609 3397 3668 datis
3418 3597 3781 3697 late‘libelli‘s
3865 3598 3880 3606 ‘

2466 3689 2691 3778 Pascha
2723 3715 2814 3772 die
2855 3689 3150 3768 Dominieo
3179 3695 3487 3760 celebrari.
3523 3691 3682 3786 Sicut
3715 3689 3778 3742 et

2138 3817 2522 3877 condecessor
2553 3807 2682 3880 ejus
2715 3802 3014 3869 Eleuther,
3051 3813 3082 3856 a
3113 3793 3335 3852 decima
3365 3787 3593 3880 ‘quarta
3640 3778 3782 3876 luna

2144 3905 2311 3982 primi
2342 3901 2554 3960 mensis
2590 3877 2786 3968 iusque
2835 3893 2889 3948 in
2925 3885 3252 3947 vicesimam
3289 3877 3537 3982 primam
3565 3889 3578 3926 :
3609 3881 3786 3965 cujus

2142 3965 2396 4054 decretis
2429 3993 2626 4048 favens
2651 3965 3002 4056 Theophilus
3023 3978 3302 4034 Caesareae
3324 3965 3633 4056 Palestime
3665 3970 3784 4056 epi-

2142 4098 2372 4156 SCOpus,
2406 4076 2636 4148 scripsit
2687 4045 2994 4129 adversum
3018 4078 3118 4121 eos
3149 4059 3248 4156 qui
3299 4053 3520 4156 decima

2141 4136 2275 4231 luna
2307 4136 2436 4227 cum
2465 4136 2681 4222 Iudicis
2709 4159 2929 4218 Pascha
2959 4149 3360 4217 celebrabant,
3393 4155 3522 4231 cum
3544 4136 3786 4194 caeteris

2142 4262 2239 4334 qui
2271 4261 2326 4316 in
2358 4257 2559 4315 eodem
2599 4250 2843 4311 concilio
2875 4243 3213 4304 resederant
3263 4229 3572 4334 episcopis,
3614 4236 3783 4334 syno-

2143 4318 2326 4409 dicam
2357 4352 2413 4404 et
2445 4343 2615 4403 valde
2665 4341 2867 4400 utilem
2916 4331 3242 4408 epistolam.
3276 4323 3458 4380 Elius
3502 4318 3784 4409 Pertinax

397 4452 530 4511 pum
551 4403 898 4510 epistola,ut
925 4403 2028 4510 Christiahusiefﬂiceretur
2058 4477 2111 4538 D
2143 4403 2492 4514 supplicanti
2523 4432 2750 4492 senatui
2782 4433 2843 4487 ut
2893 4403 3132 4486 uxorem
3174 4403 3781 4538 aggustamhetdﬁrl‘iam

397 4526 432 4538 ..
551 4526 560 4537 .
633 4530 644 4538 .
751 4526 762 4536 .
943 4526 1006 4538 --.
1198 4526 1232 4538 ..
1330 4531 1340 4538 .
1389 4527 1452 4538 ,μ
1608 4527 1617 4537 .
1750 4529 1782 4538 ,.
1861 4527 1999 4538 .
2152 4531 2180 4538 -
2453 4527 2474 4538 ,.
2644 4529 2654 4538 .
2747 4537 2757 4538 ,
2791 4537 2797 4538 ,
2834 4516 3042 4538 ,”_-:i
3083 4532 3096 4538 -
3131 4513 3201 4538 ρ..
3270 4499 3533 4538 ηωωρῐί
3599 4511 3632 4538 p.
3676 4507 3781 4538 nm

394 4526 596 4584 linaris
617 4526 914 4598 Appianus
943 4526 1257 4600 Hieropoli,
1291 4531 1348 4583 et
1389 4527 1695 4600 Dionysius
1743 4527 2022 4600 Corinthi,

389 4615 535 4674 clari
565 4615 854 4672 habentur
882 4615 1158 4692 episcopi.
1185 4617 1488 4673 Montanus
1517 4620 1826 4688 Aprorum,
1848 4621 1906 4672 et
1937 4619 2032 4674 Ta-

388 4705 606 4776 tianus,
639 4719 669 4761 a
702 4719 815 4776 quo
845 4705 1158 4762 Encratitae
1188 4705 1590 4763 haeresiarchas
1639 4705 1827 4761 exorti
1871 4709 2024 4762 sunt.

391 4793 718 4854 Antoninus
739 4793 1023 4867 praeteriti
1047 4795 1331 4867 temporis
1356 4809 1458 4868 per
1480 4809 1681 4852 omnes
1704 4793 2030 4867 provincias

389 4885 613 4943 tributa
644 4882 913 4950 donavit;
945 4883 1250 4955 omniaque
1301 4883 1471 4941 simul
1521 4883 1800 4941 ﬁsealium
1859 4898 2030 4954 nego-

389 4973 605 5032 tiorum
634 4971 986 5033 calumniosa
1047 4972 1400 5030 munimenta
1449 4978 1746 5045 congesta,
1779 4973 1833 5030 in
1885 4975 2029 5033 Foro

385 5059 556 5128 jussit
581 5063 831 5136 incendi,
847 5061 1286 5133 seve-rioresque
1301 5061 1460 5134 leges
1471 5061 1635 5120 novis
1663 5051 2030 5122 constitutio-

393 5147 564 5206 nibus
591 5152 958 5225 temperavit.
994 5153 1126 5210 Post
1179 5151 1654 5208 Marcomanicum
1682 5151 1921 5208 bellum
1971 5152 2026 5209 in

393 5249 507 5308 quo
535 5242 742 5308 gentes
774 5243 1058 5314 barbarae,
1099 5239 1384 5311 Wandali,
1419 5241 1696 5297 Sarmatae
1727 5241 2027 5314 omnisque

393 5338 538 5398 pene
571 5325 874 5387 Germania
904 5331 1226 5390 exercitum
1257 5331 1573 5386 Romanum
1612 5329 2030 5388 circumcinxe-

390 5417 503 5486 rat,
519 5413 748 5487 quando
774 5415 845 5472 ad
889 5417 1312 5478 invocationem
1336 5418 1581 5477 nominis
1605 5418 1838 5491 Christi,
1856 5434 2026 5492 quam

390 5503 584 5564 subito
595 5518 799 5576 magna
813 5504 946 5562 fidei
959 5511 1284 5568 constantia
1299 5509 1532 5584 quidam
1554 5508 1768 5568 milites
1779 5508 1946 5568 effusi
1969 5509 2024 5566 in

387 5608 611 5668 preces,
641 5597 863 5654 tantam
894 5594 1008 5654 vim
1040 5596 1248 5670 pluviae
1280 5599 1760 5675 impetraverunt,
1811 5602 1874 5657 ut
1918 5599 2029 5658 Ro-

2142 4495 2426 4588 Czesarein
2451 4516 3046 4596 faceret,renuensait
3083 4532 3096 4568 :
3130 4499 3536 4596 Suﬂlcere‘sibi
3559 4495 3782 4596 debere

2324 4619 2446 4692 ipse
2480 4585 2794 4689 imperaret
2827 4607 3061 4664 invitus.
3105 4600 3288 4672 Hujus
3315 4593 3449 4650 Elii
3473 4585 3782 4694 atquein-

2140 4675 2277 4768 ἧεηὶ
2310 4675 2504 4766 Severi
2538 4675 2766 4776 quoque
2791 4698 3208 4768 imperatorum
3235 4681 3622 4758 temporibus,
3647 4675 3782 4776 Di‘o-

2139 4799 2356 4873 nysius,
2391 4761 2842 4856 sicut‘diximus,
2872 4779 3215 4842 Viennensis
3245 4775 3556 4869 cpiscopus
3582 4761 3782 4873 erudi-

2139 4853 2397 4946 tissimus
2417 4879 2632 4938 floruit.
2651 4853 2991 4949 Apollonius
3014 4865 3436 4928 disertissimus
3458 4858 3546 4916 vir
3569 4853 3777 4949 scribit
3803 4899 3818 4912 .

2139 4977 2420 5036 adversus
2441 4940 2769 5028 Montanum
2792 4963 3048 5022 Priscam
3073 4963 3128 5018 et
3156 4951 3548 5020 Maximillam,
3579 4949 3636 5002 et
3663 4940 3781 4999 dis-

2137 5063 2278 5122 serit
2311 5063 2639 5118 Montanum
2671 5060 2726 5112 et
2761 5055 2992 5111 insanas
3023 5053 3188 5108 vates
3218 5046 3346 5118 ejus
3377 5039 3621 5116 periisse
3653 5048 3781 5092 sus-

2141 5151 2368 5228 pendio.
2406 5147 2682 5220 Serapion
2731 5141 3050 5202 Antiochiae
3099 5138 3412 5228 episcopus
3460 5125 3683 5194 ﬂoruit,
3716 5126 3776 5178 et

2137 5227 2480 5316 Apollonius
2505 5241 2740 5296 senator
2763 5237 2982 5304 martyr
3003 5227 3271 5288 efficitur.

2213 5329 2356 5404 [195]
2391 5331 2636 5386 Severus
2663 5322 2941 5381 Pertinax
2966 5333 3182 5392 genere
3210 5315 3348 5372 Afer
3377 5307 3777 5404 Tripolitanus

2137 5397 2445 5493 ab-oppido
2467 5416 2653 5490 Lepti,
2670 5413 2766 5486 qui
2790 5427 2938 5470 seex
2949 5407 3177 5468 nomine
3205 5397 3579 5493 imperatoris
3601 5409 3774 5493 quem

2136 5484 2388 5571 occisum
2416 5484 2576 5566 ultus
2606 5484 2817 5575 fuerat,
2850 5501 3211 5559 Pertinacem
3235 5489 3518 5568 appellari
3557 5484 3776 5548 voluit;

2137 5599 2400 5674 regnavit
2423 5596 2589 5657 annis
2608 5596 2808 5656 decem
2835 5595 2894 5651 et
2924 5593 3168 5665 septem.
3193 5585 3295 5644 Hie
3317 5585 3523 5642 natura
3561 5590 3772 5644 saevus,
