4078 6180
315 241 382 296 85
1596 232 2022 296 CHRONICON.
2064 265 2135 281 -
2172 233 2370 297 AETAS
2409 236 2648 297 SEXTA.

3650 248 3721 307 86

302 360 496 422 multis
517 374 677 437 saepe
703 359 1214 436 bellislacessitus,
1232 362 1543 424 fortissime
1559 364 1947 438 quidemrem-
1975 359 2035 426 A
2064 360 2270 434 dogma
2311 360 2628 436 delabitur,
2671 366 2847 437 atque
2887 360 3168 424 adversus
3208 365 3525 427 Ecclesiam
3569 367 3718 431 texit

302 453 616 527 publicam,
643 453 748 510 sed
774 452 1228 512 laboriosissime
1261 454 1434 511 rexit.
1470 455 1836 514 Piscennium
1867 456 1954 513 Ni-

297 558 484 613 grum,
520 543 622 614 qui
656 543 711 598 in
742 542 990 615 Egypto
1018 547 1078 599 et
1107 543 1273 615 Tyria
1302 544 1373 600 ad
1404 545 1769 617 tyrannidem
1802 545 1953 618 aspi-

297 637 554 702 raverat,
587 631 742 704 apud
767 632 1035 704 Cyzicum
1060 632 1293 703 vicit,ct
1317 633 1948 694 interfecit..ludeeoset

296 721 620 778 Samarites
653 720 941 779 rebellare
970 726 1248 779 conantes
1290 724 1442 780 ferro
1488 726 1789 795 coercuit;
1823 730 1951 783 Par-

292 809 444 881 thos,
470 812 720 882 Arabas,
750 813 1190 883 Adiabenosque
1233 813 1550 884 superavit.
1585 814 1795 882 Quinta
1827 816 1953 873 hor-

290 903 455 955 tante
486 917 519 957 a
552 903 782 957 Nerone
815 902 1217 974 persecutione
1259 903 1614 961 Christianos
1653 905 1950 963 excrucia-

289 986 404 1055 vit;
432 988 792 1060 plurimique
823 994 1155 1048 sanctorum
1199 1007 1301 1064 per
1331 992 1598 1050 diversas
1623 995 1949 1065 provincias

289 1077 576 1149 martyrio
615 1079 922 1148 coronati;
962 1080 1114 1136 inter
1160 1095 1304 1152 quos
1343 1086 1399 1138 et
1444 1082 1744 1154 Leonides,
1782 1088 1948 1155 pater

287 1166 582 1237 Origenis,
616 1172 677 1223 et
708 1168 976 1225 Clemens
1005 1168 1410 1228 Alexandrinae
1450 1171 1745 1243 Ecclesiae,
1788 1187 1949 1231 cor0'

286 1255 406 1311 nati
444 1260 606 1312 sunt.
641 1258 797 1313 Tunc
829 1258 1107 1329 temporis
1142 1264 1200 1315 et
1244 1261 1498 1317 Irenaeus
1546 1262 1946 1332 Lugdunensis

281 1359 411 1401 cum
437 1346 692 1402 maxima
721 1345 1094 1403 multitudine
1117 1349 1458 1421 martyrium
1482 1366 1647 1408 suum
1675 1354 1939 1423 perfecit.

279 1436 346 1489 Et
375 1435 717 1492 Paracodes
753 1435 1091 1493 Viennensis
1119 1438 1447 1511 episcopus,
1481 1440 1676 1498 clarus
1708 1441 1761 1497 in
1808 1443 1942 1500 fidei

278 1522 571 1596 doctrina,
604 1524 805 1582 clarus
846 1525 900 1581 in
938 1526 1300 1584 confessione
1346 1530 1683 1602 persistens,
1730 1533 1939 1589 mansit

278 1612 331 1668 in
365 1612 719 1685 episcopatu
762 1629 944 1686 usque
985 1616 1056 1671 ad
1095 1617 1382 1673 Maximini
1421 1622 1683 1691 tempora
1717 1639 1731 1688 ;
1773 1622 1940 1693 cujus

2066 450 2374 510 volumina.

2137 542 2280 615 [220]
2308 544 2531 601 Marcus
2554 540 2827 601 Aurelius
2855 540 3180 600 Antoninus
3211 542 3517 617 imperium
3551 546 3720 620 adep-
3800 584 3805 587 ς

2060 635 2176 701 tus,
2200 632 2390 688 tenuit
2419 631 2582 689 annis
2614 637 2885 704 quatuor.
2922 631 3023 690 Hic
3054 632 3329 691 sacerdos
3356 634 3715 705 lleliegabali

2058 720 2284 793 templi,
2301 720 2516 778 nullam
2531 721 2618 779 sui
2635 722 2741 779 nisi
2756 726 3116 793 stuprorum,
3135 722 3485 793 flagitiorum
3513 724 3717 782 totius-

2061 824 2172 880 que
2202 810 2584 868 obscenitatis
2614 811 2881 867 infamem
2911 810 3054 868 satis
3076 810 3410 868 memoriam
3452 811 3710 884 reliquit.

2057 898 2327 956 Tumultu
2351 899 2585 957 militari
2608 904 2835 971 exorto,
2860 900 3053 959 Romae
3079 916 3209 957 cum
3235 904 3422 957 matre
3449 900 3718 968 interfec,

2058 991 2156 1045 tus
2175 992 2282 1045 est.
2308 990 2370 1045 In
2391 988 2699 1047 Palaestina
2726 989 3036 1061 Nicopolis,
3062 1005 3190 1062 quae
3218 990 3379 1061 prius
3393 991 3606 1048 Emaus
3621 1006 3718 1047 vo.

2056 1077 2321 1149 cabatur,
2339 1079 2479 1137 urbs
2490 1078 2721 1136 condita
2737 1082 2845 1136 est.
2864 1081 2995 1136 Haec
3009 1083 3098 1136 est
3112 1079 3324 1136 Emaus
3340 1094 3511 1151 quam
3531 1079 3714 1136 Domi-

2057 1180 2166 1224 nus
2188 1171 2312 1238 post
2338 1168 2827 1225 resurrectionem
2850 1182 3011 1225 suam
3032 1184 3135 1226 suo
3170 1168 3437 1240 ingressu
3465 1168 3714 1227 sanctifi-

2053 1269 2188 1311 care
2207 1255 2601 1328 dignatusest,
2619 1256 3284 1327 legationisindustriam
3312 1274 3417 1330 pro
3439 1272 3507 1315 ea
3529 1258 3710 1316 susci-

2055 1344 2251 1416 piente
2299 1344 2451 1402 Julio
2500 1345 2769 1402 Africano
2808 1346 3095 1419 scriptore
3132 1350 3482 1418 temporum.
3532 1349 3708 1404 Sexta

2052 1432 2233 1488 editio
2264 1431 2496 1490 inventa
2528 1438 2616 1491 est
2650 1434 2926 1507 Nicopoli.
2966 1433 3255 1492 Sabellius
3284 1435 3707 1493 haeresiarches

2050 1521 2258 1578 oritur.
2303 1521 2650 1596 Hippolytus
2686 1523 3016 1597 episcopus,
3072 1523 3386 1581 multorum
3434 1524 3707 1582 conditor

2050 1604 2483 1682 opuscuIOrum,
2531 1616 2859 1684 temporum
2902 1627 3182 1670 canonem
3220 1613 3593 1687 conscripsit,
3644 1618 3703 1674 et

281 1706 553 1773 tempore
583 1703 890 1761 Zacharias
928 1706 1330 1776 Lugdunensis
1366 1708 1673 1781 cpiscopus
1712 1711 1929 1769 floruit.
1965 1718 2018 1777 B
2048 1699 2348 1771 hucusque
2382 1701 2676 1772 Ρθνάιικίι·

277 1789 769 1849 ClaudioAlbino
800 1794 896 1865 qui
927 1809 989 1851 se
1031 1795 1087 1851 in
1126 1795 1328 1853 Galliis
1366 1800 1648 1855 Czesarem
1689 1799 1927 1874 fecerat,

273 1879 541 1949 Lugduni
588 1880 921 1954 interfecto,
965 1885 1212 1942 Severus
1250 1885 1307 1941 in
1347 1887 1674 1944 Britannias
1713 1890 1928 1949 bellum

273 1970 561 2024 transfert
599 1971 696 2026 ubi
731 1973 955 2043 magnis
977 1975 1370 2045 gravibusque
1405 1975 1620 2048 praeliis
1648 1993 1803 2050 saepe
1832 1994 1930 2050 ge-

270 2057 375 2113 stis
417 2063 725 2132 receptam
773 2067 996 2132 partem
1038 2064 1242 2121 insulze
1282 2080 1312 2121 a
1352 2066 1585 2123 caeteris
1633 2067 1928 2127 indomitis

266 2146 553 2214 gentibus
584 2148 740 2205 vallo
770 2149 1237 2219 distinguendam
1283 2156 1527 2225 putavit.
1572 2158 1774 2228 Itaque
1812 2173 1929 2214 ma-

264 2248 438 2303 gnam
455 2235 1194 2312 fossamfirmissimumque
1216 2242 1428 2301 vallum
1451 2246 1677 2303 crebris
1692 2246 1927 2319 insuper

267 2323 540 2381 turribus
570 2327 988 2383 communitum
1026 2344 1128 2400 per
1157 2336 1390 2387 centum
1431 2334 1672 2403 triginta
1719 2339 1778 2392 et
1812 2337 1926 2393 duo

266 2411 450 2468 millia
489 2428 765 2484 passuum
800 2430 829 2471 a
861 2416 1005 2472 mari
1038 2417 1106 2473 ad
1142 2433 1299 2476 mare
1332 2421 1517 2478 duxit.
1546 2423 1746 2494 Ibique
1770 2425 1922 2497 apud

261 2500 596 2557 Eboracum
627 2503 904 2575 oppidum
939 2507 1141 2563 morbo
1172 2508 1336 2565 obiit.
1373 2510 1629 2582 Reliquit
1673 2513 1818 2571 duos
1870 2514 1927 2570 fi-

262 2586 395 2658 lios,
431 2589 789 2648 Basilianum
819 2597 878 2648 et
910 2595 1132 2666 Getam,
1167 2611 1411 2667 quorum
1444 2600 1584 2656 Geta
1616 2601 1799 2659 hostis
1824 2620 1924 2675 pu-

258 2676 459 2735 blicus
497 2679 764 2749 interiit;
803 2683 1127 2741 Basilianus
1168 2687 1399 2742 Antonii
1448 2691 1790 2759 cognomine
1842 2707 1923 2750 as-

255 2771 511 2837 sumpto
550 2784 724 2840 regno
768 2771 988 2843 potitus
1037 2777 1145 2830 est.
1199 2776 1486 2848 Perpetua
1541 2783 1599 2834 ct
1652 2779 1923 2839 Felicitas

259 2856 428 2926 apud
456 2858 861 2928 Carthaginem
885 2862 1163 2920 Africzein
1176 2865 1387 2921 castris
1404 2867 1607 2924 bestiis
1621 2868 1919 2939 deputatze

258 2958 368 3014 pro
416 2944 652 3003 Christo
700 2948 876 3006 Nonis
914 2952 1150 3009 Martiis.
1205 2955 1578 3025 Symmachus
1627 2956 1919 3029 interpres

256 3037 514 3103 quartus
557 3037 912 3105 agnoscitur.
966 3040 1248 3111 Origenes
1293 3041 1661 3102 Alexandriis
1709 3047 1919 3106 studiis

255 3122 576 3191 eruditur;
609 3125 809 3182 Victor
848 3128 1010 3184 annis
1051 3130 1332 3188 tredecim
1374 3133 1686 3190 Romanam
1728 3136 1922 3195 Eccle-

254 3210 399 3266 siam
450 3212 627 3268 rexit.
682 3215 1014 3275 Panthenus
1036 3219 1245 3277 Stoicae
1292 3226 1468 3280 sectae
1520 3223 1914 3299 philosophus,

256 3299 354 3369 qui
391 3300 645 3371 primum
678 3303 736 3360 in
767 3305 985 3363 Indiam
1017 3323 1046 3364 a
1078 3310 1378 3367 Demetrio
1407 3312 1773 3371 Alexandriae
1803 3316 1917 3387 epi-

255 3403 434 3460 sc0po
484 3390 558 3447 ad
613 3391 936 3451 docendum
984 3396 1195 3455 missus
1238 3400 1450 3471 fuerat,
1493 3401 1619 3459 viva
1668 3418 1807 3461 voce
1855 3408 1914 3460 et

255 3478 531 3550 exemplo
558 3480 877 3540 Ecclesiam
911 3485 1122 3542 Christi
1158 3486 1416 3545 instruit.

330 3603 478 3675 [212]
517 3606 795 3664 Aurelius
836 3609 1116 3668 Antonius
1155 3613 1463 3671 Bassianus
1501 3614 1767 3688 idemque
1811 3620 1912 3676 Ca-

256 3691 472 3749 racalla
506 3694 900 3768 principatum
932 3700 1180 3772 adeptus
1204 3704 1410 3760 mansit
1444 3704 1499 3760 in
1522 3719 1591 3760 eo
1615 3707 1779 3763 annis
1796 3723 1908 3766 non

259 3779 430 3852 plene
454 3786 705 3855 septem,
733 3791 897 3857 patre
911 3789 1123 3846 Severo
1139 3792 1907 3863 asperior,omnibusautem

256 3867 595 3929 hominibus
635 3872 874 3933 libidine
922 3877 1424 3952 intemperantior,
1477 3882 1572 3954 qui
1605 3884 1779 3942 etiam
1811 3902 1908 3943 no-

258 3972 491 4016 vercam
524 3977 689 4019 suam
721 3963 928 4022 Juliam
964 3983 1200 4025 uxorem
1233 3968 1418 4027 duxit.
1454 3971 1681 4030 Hierico
1704 3974 1905 4046 quinta

257 4046 440 4103 editio
488 4048 819 4110 divinarum
870 4056 1301 4128 Scripturarum
1342 4058 1575 4118 inventa
1616 4066 1704 4119 est
1740 4063 1907 4135 cujus

257 4141 464 4225 auctor
492 4153 607 4195 non
641 4147 902 4214 apparet.
931 4145 1260 4202 Alexander
1280 4148 1588 4222 episcOpus
1611 4153 1682 4208 Ca
1692 4153 1905 4225 ppado—

253 4224 358 4281 cia
398 4242 533 4284 cum
574 4228 865 4288 desiderio
902 4238 1235 4291 sanctorum
1277 4235 1537 4296 locorum
1585 4224 1905 4317 Hierosoly-

256 4326 401 4371 mam
438 4317 689 4390 veniret,
723 4319 952 4377 vivente
984 4323 1171 4382 adhuc
1190 4325 1459 4384 Narcisso
1479 4328 1753 4402 episcopo
1777 4346 1903 4404 per-

253 4404 456 4462 senilis
497 4407 695 4465 aetatis
738 4410 975 4468 Domino
1025 4428 1128 4485 per
1176 4415 1592 4474 revelationem
1645 4419 1894 4491 idipsum
1924 4418 1977 4480 D

254 4497 551 4566 monente,
594 4495 652 4552 in
692 4497 819 4555 loco
859 4500 1105 4559 Narcissi
1142 4504 1452 4576 episcopus
1504 4506 1902 4568 constituitur.

252 4583 653 4643 Tertullianus
679 4588 818 4644 Afer
850 4590 1216 4650 Ccnturionis
1260 4593 1688 4665 proconsularis
1726 4596 1899 4672 ﬁlius,

253 4674 510 4731 omnium
545 4675 933 4734 Ecclesiarum
963 4695 1227 4737 sermone
1250 4681 1605 4740 celebratur.
1632 4686 1905 4746 Aurelius

258 4764 587 4821 Antoninus
631 4771 835 4823 contra
881 4770 1128 4826 Parthos
1179 4770 1394 4829 bellum
1444 4772 1705 4847 moliens,
1749 4775 1903 4834 inter

253 4853 531 4911 Edessam
561 4859 621 4912 et
655 4856 863 4913 Carras
892 4858 964 4914 ab
991 4858 1257 4917 hostibus
1286 4860 1723 4922 circumventus
1760 4866 1903 4925 occi-

256 4942 431 5000 ditur.

325 5070 472 5143 [219]
508 5070 799 5130 Macrinus
830 5074 1144 5146 praefectus
1175 5076 1432 5149 praztorii
1464 5093 1594 5135 cum
1628 5078 1746 5138 filio
1774 5080 1902 5139 Dia-

258 5158 503 5217 dumeno
533 5161 745 5220 invasit
785 5163 1132 5235 imperium;
1172 5181 1521 5239 emensoque
1562 5183 1711 5226 anno
1746 5171 1898 5243 apud

262 5250 660 5309 Archelaidem
685 5250 923 5309 militari
947 5253 1201 5313 tumultu
1224 5256 1570 5316 occisusest.
1595 5259 1900 5316 Tertullia-

262 5351 358 5396 nus
384 5340 556 5412 cujus
588 5353 767 5413 supra
808 5341 1191 5415 meminimus,
1235 5347 1561 5418 presbyter,
1602 5362 1783 5419 usque
1826 5348 1897 5405 ad

264 5428 495 5487 mediam
526 5434 767 5488 aetatem
806 5431 1077 5490 Ecclesiae
1109 5432 1322 5490 invidia
1371 5440 1572 5507 postea
1601 5440 1661 5493 et
1703 5440 1900 5493 contu-

263 5516 438 5578 meliis
482 5519 839 5580 clericorum
885 5522 1157 5580 Romanae
1200 5522 1472 5582 Ecclesiae
1527 5522 1600 5582 ad
1646 5523 1897 5582 Montani

2122 1788 2265 1861 [224]
2303 1789 2575 1846 Aurelius
2609 1789 2961 1863 Alexander,
2996 1796 3236 1850 senatus
3257 1807 3321 1849 ac
3337 1791 3583 1850 militum
3607 1808 3705 1850 vo-

2041 1878 2269 1935 luntate
2313 1879 2631 1951 imperator
2668 1884 2924 1951 creatus,
2979 1881 3263 1938 tredecim
3316 1881 3480 1938 annis
3528 1882 3701 1952 digno

2040 1968 2337 2039 aequitatis
2362 1968 2649 2039 praeconio
2682 1969 2933 2041 praefuit.
2973 1970 3148 2040 Cujus
3178 1974 3365 2027 mater
3408 1973 3698 2028 Mammaea

2041 2056 2365 2114 Christiana
2407 2056 2713 2127 Origenem
2756 2059 3161 2129 presbyterum
3205 2058 3407 2116 audire
3445 2059 3695 2133 curavit,

2037 2159 2286 2216 eumque
2303 2146 2605 2203 Antiochia
2624 2147 2873 2204 accitum
2890 2162 3112 2204 summo
3127 2148 3346 2205 honore
3361 2148 3697 2208 habuit.Hic

2036 2233 2408 2306 expeditione
2424 2235 2479 2290 in
2495 2238 2707 2293 Persas
2722 2236 3155 2307 facta,Xerxem
3179 2252 3375 2308 regem
3396 2253 3597 2297 eorum
3620 2238 3703 2300 vi-

2034 2327 2131 2380 cto
2153 2324 2494 2395 reppressit.
2522 2325 2633 2381 Sed
2656 2323 2894 2381 militari
2917 2327 3176 2383 tumultu
3200 2327 3354 2399 apud
3380 2327 3698 2398 Moguntia-

2033 2412 2525 2471 cuminterfectus
2539 2418 2646 2470 est.
2666 2415 2955 2485 Urbanus,
2985 2416 3178 2473 Romae
3201 2415 3531 2488 episcopus,
3557 2415 3676 2474 mul

2033 2504 2127 2559 tos
2157 2502 2433 2559 nobilium
2468 2503 2540 2560 ad
2574 2504 2744 2560 fidem
2794 2504 3009 2561 Christi
3059 2509 3117 2562 et
3177 2506 3519 2579 martyrium
3572 2522 3697 2579 per-

2034 2591 2219 2648 duxit.
2256 2593 2410 2649 Tunc
2440 2593 2722 2664 temporis
2751 2593 2977 2650 Ctecilia
3012 2594 3195 2665 virgo,
3225 2599 3284 2651 et
3322 2595 3686 2669 Valerianus,

2032 2684 2090 2735 et
2132 2680 2447 2752 Tiburtius,
2479 2686 2655 2755 atque
2705 2682 3003 2755 Maximus,
3060 2685 3402 2758 martyrium
3439 2686 3691 2760 comple-

2030 2773 2262 2826 verunt.

2106 2858 2248 2930 [234]
2283 2858 2642 2930 Maximinus,
2676 2859 2833 2916 nulla
2865 2865 3104 2917 senatus
3135 2861 3459 2934 voluntate,
3510 2863 3689 2934 impe-

2028 2952 2188 3003 rator
2227 2948 2299 3003 ab
2344 2947 2629 3018 exercitu,
2675 2952 2977 3018 postquam
3026 2949 3242 3005 bellum
3281 2950 3337 3007 in
3380 2950 3681 3008 Germania

2034 3050 2311 3108 prospere
2340 3040 2625 3106 gesserat,
2657 3040 2913 3108 creatus,
2950 3041 3074 3095 tres
3100 3053 3281 3097 annos
3311 3041 3533 3098 habuit.
3583 3042 3648 3099 Hi

2032 3124 2339 3181 adversum
2370 3124 2758 3182 Ecclesiarum
2782 3126 3119 3184 sacerdotes
3140 3132 3197 3184 et
3221 3128 3470 3187 clericos
3495 3146 3684 3202 perse-

2028 3213 2321 3269 cutionem
2368 3217 2626 3282 exercet,
2688 3213 2933 3270 maxime
2993 3220 3234 3287 propter
3295 3218 3680 3278 Christianam

2029 3301 2365 3372 Alexandri,
2388 3301 2480 3357 cui
2501 3306 2885 3373 successerat,
2911 3306 2967 3359 et
2991 3305 3298 3362 Mammaaze
3319 3307 3523 3364 matris
3554 3308 3682 3379 ejus

2028 3389 2320 3447 familiam.
2353 3391 2513 3447 Hunc
2542 3390 2836 3462 Pupienus
2866 3391 3148 3463 Aquileiae
3177 3393 3492 3453 interfecit.
3533 3398 3681 3456 Pon-

2023 3481 2220 3538 tianus
2247 3485 2305 3537 et
2338 3484 2607 3552 Anteros,
2623 3484 2893 3539 Romanae
2914 3482 3077 3540 urbis
3093 3483 3372 3558 episcopi,
3396 3489 3677 3561 martyrio

2023 3569 2307 3641 coronati,
2345 3585 2410 3627 ac
2440 3570 2494 3625 in
2526 3570 2864 3627 coemeterio
2888 3570 3096 3627 Calixti
3126 3573 3360 3645 sepulti.

2098 3658 2241 3731 [241]
2278 3658 2604 3715 Gordianus
2634 3659 2953 3730 imperator
2979 3665 3235 3732 creatus,
3270 3665 3479 3721 mansit
3511 3666 3567 3723 in
3606 3682 3677 3725 eo

2022 3746 2187 3804 annis
2216 3751 2460 3818 septem.
2496 3748 2634 3803 Nam
2657 3749 2737 3802 Pu
2748 3746 2974 3818 pienus,
2996 3747 3338 3807 interfector
3359 3753 3671 3826 Maximini,

2019 3840 2076 3892 et
2102 3835 2283 3892 frater
2310 3834 2437 3904 ejus
2467 3832 2731 3904 Albinus,
2767 3834 2864 3904 qui
2889 3841 3312 3907 usurpaverant
3339 3838 3670 3914 imperium,

2019 3939 2150 3981 mox
2172 3924 2228 3980 in
2252 3922 2469 3997 palatio
2490 3926 2625 3980 sunt
2647 3922 2961 3980 interfecti.
2991 3923 3171 3981 Iulius
3203 3925 3673 3989 Africanusinter

2019 4015 2337 4087 scriptores
2383 4013 2813 4072 ecclesiasticos
2860 4013 3073 4071 nobilis
3129 4016 3398 4074 habetur.
3461 4020 3566 4088 Qui
3614 4022 3669 4080 in

2018 4106 2313 4163 Chronicis
2342 4105 2464 4163 suis
2486 4106 2667 4162 refert
2685 4119 2746 4161 se
2780 4104 3191 4163 Alexandriam
3214 4108 3479 4181 venisse,
3501 4113 3674 4171 Hera-

2014 4196 2155 4255 cleae
2185 4195 2454 4269 opinione
2483 4194 2867 4253 celeberrima
2900 4201 3299 4270 provocatum,
3325 4215 3495 4273 quem
3519 4206 3577 4260 et
3612 4204 3667 4263 in

2016 4285 2226 4342 divinis
2249 4289 2308 4341 et
2339 4285 2394 4340 in
2428 4282 2841 4357 philosophicis
2870 4285 3101 4357 studiis,
3137 4291 3315 4359 atque
3335 4290 3489 4347 omni
3515 4293 3668 4352 Grae-

2016 4390 2216 4433 corum
2248 4375 2510 4432 doctrina
2553 4374 3066 4434 instructissimum
3106 4378 3253 4435 fama
3298 4378 3663 4452 loqueretur.

2022 4464 2301 4535 Origenes
2322 4463 2379 4520 in
2410 4465 2670 4521 Caesarea
2708 4464 3034 4523 Palaestina}
3062 4466 3445 4541 Theodorum,
3467 4485 3673 4543 cogno-

2013 4557 2208 4610 mento
2239 4552 2599 4624 Gregorium,
2634 4558 2693 4610 et
2727 4553 3164 4612 Athenodorum
3194 4555 3665 4618 adolescentulos

2014 4642 2250 4712 fratres,
2280 4641 2447 4698 Ponti
2481 4645 2681 4713 postea
2702 4641 3094 4703 nobilissimos
3123 4644 3446 4719 episcopos,
3473 4647 3664 4704 divina

2014 4729 2375 4803 philosophia
2417 4728 2643 4786 imbuit.
2689 4730 2994 4804 Fabianus,
3038 4733 3374 4792 testimonio
3415 4734 3667 4806 Spiritus

2013 4818 2198 4876 sancti
2228 4818 2286 4875 in
2319 4817 2511 4890 specie
2537 4817 2823 4876 columbae
2854 4835 3032 4893 super
3061 4826 3237 4894 caput
3269 4823 3394 4892 ejus
3433 4822 3665 4903 descen-

2011 4906 2223 4979 dentis,
2247 4908 2439 4963 Romze
2460 4906 2772 4980 episcopus
2790 4908 3115 4982 ordinatur,
3143 4910 3274 4967 licet
3302 4908 3532 4980 quidam
3555 4908 3663 4970 hoc

2010 4995 2209 5052 verius
2239 4995 2309 5052 de
2340 4994 2661 5068 Zephyrino
2685 4996 2989 5054 affirmem.
3018 4996 3385 5055 Florentinus
3405 5012 3659 5073 quoque,

2009 5083 2318 5156 episcopus
2362 5084 2725 5158 Viennensis,
2782 5086 2897 5144 vita
2948 5091 3006 5144 et
3060 5085 3323 5141 doctrina
3373 5086 3659 5161 emicuit;

2009 5172 2219 5230 mansit
2250 5172 2321 5230 ad
2365 5174 2585 5232 Galieni
2631 5179 2691 5232 et
2730 5175 3023 5233 Volusiani
3065 5172 3391 5247 imperium,
3436 5178 3664 5236 exsilia-

2010 5265 2221 5335 tusque
2243 5264 2586 5343 martyrium
2606 5263 2940 5336 complevit.
2968 5260 3311 5336 Gordianus,
3347 5265 3657 5325 admodum

2008 5365 2155 5424 puer
2185 5351 2242 5409 in
2275 5351 2572 5410 Orientem
2605 5352 2675 5409 ad
2709 5350 2924 5407 bellum
2960 5351 3294 5411 Parthicum
3338 5356 3655 5426 profectus,

2007 5454 2244 5498 suorum
2294 5441 2519 5511 fraude,
2570 5439 2721 5496 haud
2776 5437 2945 5510 longe
2994 5456 3025 5499 a
3067 5441 3300 5501 Circeso
3340 5457 3517 5515 super
3554 5442 3659 5497 Eu-

2010 5528 2263 5600 phatem,
2299 5528 2643 5585 interfectus
2671 5531 2781 5585 est.
