4086 6178
391 320 487 381 81
1465 301 1520 357 S.
1566 292 1822 354 ADONIS
1862 287 2253 348 ARGHIEPIS.
2298 292 2714 355 VIENNENSIS
3715 302 3785 356 δε

469 439 613 518 [248]
637 438 941 513 Philippus
957 433 1286 505 Philippum
1310 427 1488 486 filium
1510 439 1676 485 suum
1707 424 2035 518 consortem
2065 419 2118 477 A
2146 433 2316 477 nuam
2347 420 2773 481 damnationem
2803 421 3158 518 sortitus,_ut
3180 421 3306 496 ipse
3338 420 3574 481 acclivis
3603 421 3783 496 humi,

392 512 553 606 regni
589 512 825 601 faciens,
859 526 1067 584 mansit
1101 524 1156 579 in
1188 537 1257 579 eo
1290 520 1454 578 annis
1491 521 1734 590 septem.
1780 514 1881 573 Hic
1922 512 2037 606 pri-

392 605 521 681 mus
542 622 956 693 imperatorum
981 612 1231 671 omnium
1258 608 1621 668 Christianus
1644 606 1771 663 fuit.
1800 609 1880 663 Ac
1905 605 2035 676 post

392 692 637 768 tertium
657 705 882 779 imperii
905 704 1033 775 ejus
1054 715 1264 758 annum
1290 698 1632 755 millesimus
1652 711 1680 752 a
1703 692 2037 751 conditione

392 803 585 859 Roma
618 812 803 855 annus
830 794 1101 866 expletus
1129 794 1242 848 est.
1285 791 1487 859 Itaque
1518 783 1849 857 magniﬁcis
1871 780 2039 838 'ludis

394 886 842 960 augustissimus
886 882 1138 941 omnium
1195 878 1629 953 prateritorum
1678 874 1770 931 hic
1828 870 2039 960 natalis

394 958 639 1036 annus'a
673 973 999 1033 Christiano
1026 971 1361 1028 celebratus
1392 970 1481 1024 est
1516 966 1887 1037 imperatore.
1915 959 2042 1016 Ori-

392 1080 573 1138 genes
604 1065 884 1123 adversus
906 1060 1211 1133 quemdam
1237 1056 1463 1114 Celsum
1486 1054 1833 1126 Epicureum
1857 1048 2041 1122 philo-

394 1156 658 1228 sophum,
693 1152 788 1225 qui
819 1154 1021 1209 contra
1054 1163 1161 1206 nos
1189 1146 1370 1204 libros
1402 1145 1738 1215 scripserat,
1782 1144 1915 1198 octo
1943 1153 2042 1195 vo-

395 1244 711 1302 luminibus
732 1239 1052 1313 respondit.
1076 1240 1149 1294 Ut
1165 1236 1425 1293 breviter
1438 1232 1574 1306 quid
1590 1231 1796 1302 dicam,
1813 1233 2038 1286 tantum

395 1332 684 1392 scribendi
718 1328 957 1387 sedulus
987 1326 1115 1398 fuit,
1149 1329 1212 1383 ut
1244 1320 1892 1396 Hieronymus’quodam
1913 1317 2041 1374 loco

396 1422 649 1493 quinque
681 1418 858 1476 millia
891 1416 1173 1474 librorum
1204 1413 1332 1484 ejus
1361 1427 1422 1469 se
1454 1410 1665 1482 legisse
1690 1406 2036 1465 meminerit.

394 1510 698 1583 Philippus
737 1512 905 1581 pater
945 1509 1004 1562 et
1046 1503 1219 1575 illius,
1273 1500 1537 1574 quamvis
1581 1498 1829 1556 diversis
1876 1495 2038 1567 locis,

395 1601 564 1657 ambo
594 1602 788 1655 tamen
811 1593 1067 1652 tumultu
1092 1591 1328 1649 militari
1352 1594 1410 1646 et
1432 1588 1588 1646 Decii
1614 1586 1839 1656 fraude,
1866 1585 2043 1641 inter-

396 1688 530 1745 fecti
564 1691 718 1745 sunt.

2148 526 2342 582 regem
2385 528 2614 585 semper
2653 528 3026 571 ascensurum
3067 513 3123 569 in
3174 528 3409 586 equum,
3462 528 3574 571 non
3616 530 3786 572 manu

2149 616 2272 672 sua,
2306 603 2404 659 sed
2439 604 2612 661 dorso
2642 603 2960 660 attolleret.
2993 605 3062 659 Et
3085 602 3377 673 Galienus,
3404 602 3636 674 quidem
3668 607 3787 661 tam

2146 690 2306 749 claro
2332 693 2432 749 Dei
2459 692 2679 762 judicio
2709 692 2974 763 territus,
3006 696 3283 763 tanquam
3317 692 3513 749 miseri
3542 692 3785 765 collega

2150 787 2448 853 permotus
2470 780 2757 853 exemplo,
2785 796 2983 853 pacem
3006 781 3280 839 Ecclesiis
3301 781 3531 853 trepida
3565 783 3790 841 satisfa-

2149 870 2342 927 ctione
2365 871 2644 928 restituit.
2671 873 2785 927 Hac
2818 869 3138 943 procellosa
3169 874 3521 941 tempestate
3554 872 3792 944 Cypria-

2151 974 2260 1017 nus
2281 959 2753 1029 Carthaginensis
2780 959 3090 1032 episcopus
3116 963 3432 1016 coronatur
3464 961 3747 1033 martyrio
3772 980 3788 1017 :

2147 1049 2315 1119 cujus
2345 1048 2490 1106 Vita
2520 1053 2577 1105 et
2612 1048 2895 1121 passionis
2923 1048 3192 1105 volumen
3216 1048 3515 1119 egregium
3546 1049 3790 1123 reliquit

2150 1139 2411 1209 Pontius,
2436 1138 2715 1195 diaconus
2734 1138 2879 1209 ejus,
2907 1138 3003 1209 qui
3027 1152 3210 1209 usque
3233 1138 3304 1195 ad
3329 1138 3481 1195 diem
3506 1140 3795 1211 passionis

2151 1228 2278 1298 ejus
2298 1243 2428 1284 cum
2460 1228 2585 1300 ipso
2611 1226 2878 1284 exsilium
2908 1226 3204 1283 sustinuit.
3232 1227 3500 1284 Germani
3524 1227 3791 1302 Alpibus,

2152 1317 2357 1374 Rhetia
2390 1321 2631 1388 totaque
2662 1315 2826 1374 Italia
2870 1318 3196 1388 penetrata,
3238 1317 3567 1377 Ravennam
3607 1333 3795 1391 usque

2154 1406 2533 1479 perveniunt;
2559 1405 2858 1463 Alamanni
2885 1404 3099 1463 Gallias
3121 1410 3529 1478 pervagantes,
3544 1407 3719 1465 etiam
3736 1408 3795 1465 in

2153 1496 2377 1552 Italiam
2400 1498 2727 1552 transeunt.
2754 1495 2994 1566 Gracia,
3016 1495 3368 1566 Macedonia,
3393 1496 3633 1573 Pontus,
3660 1498 3794 1556 Asia

2155 1586 2470 1643 Gothorum
2484 1584 3088 1657 inundantiadeletur.
3106 1583 3670 1658 Publiuslngenuus,
3695 1586 3796 1659 qui

2155 1676 2472 1748 purpuram
2515 1673 2742 1745 imperii
2774 1676 3123 1745 sumpserat,
3149 1673 3301 1744 apud
3325 1673 3567 1746 Myrsam
3589 1675 3799 1732 occidi-

471 1776 614 1850 [254]
666 1775 893 1845 Decius,
943 1770 1135 1829 civilis
1182 1768 1318 1827 belli
1368 1768 1652 1837 incentor,
1704 1762 1881 1821 anno‘
1902 1777 2037 1833 uno,
2070 1775 2125 1837 Β
2155 1770 2271 1822 tur.
2297 1762 2649 1820 Posthumus
2673 1762 2727 1818 in
2747 1761 2929 1818 Gallia
2954 1761 3164 1818 invasit
3189 1762 3578 1834 tyrannidem,
3603 1778 3668 1820 ac
3691 1779 3797 1836 per

396 1865 692 1921 mensibus
712 1864 922 1920 tribus.
949 1861 1051 1917 Hic
1072 1874 1203 1917 cum
1227 1856 1524 1929 Philippos
1546 1860 1769 1927 patrem
1783 1857 1841 1909 et
1858 1852 2037 1909 illium

396 1953 810 2022 interfecisset,
837 1952 910 2007 ob
933 1964 1133 2006 eorum
1162 1946 1356 2004 odium
1386 1946 1456 2002 ad
1490 1942 1927 2016 persequendos
1960 1941 2041 1997 in-

392 2042 885 2112 terﬁciendosque
909 2038 1269 2097 Christianos
1291 2033 1491 2091 feralia
1517 2032 1792 2104 dispersit
1825 2031 2035 2087 edicta.

394 2131 668 2203 Idemque
693 2130 872 2187 filium
897 2142 1062 2186 suum
1088 2129 1370 2183 Casarem
1395 2122 1557 2193 legit,
1580 2137 1711 2178 cum
1736 2135 1849 2192 quo
1871 2120 2041 2176 simul

394 2220 671 2276 continuo
696 2219 752 2274 in
776 2218 965 2274 medio
988 2216 1367 2273 barbarorum
1394 2212 1521 2268 sinu
1554 2210 1903 2266 interfectus
1929 2213 2038 2265 est.

396 2307 808 2364 Persecutione
832 2305 987 2361 Decii
1012 2304 1298 2360 Fabianus
1317 2304 1373 2356 in
1397 2301 1540 2357 urbe
1565 2301 1739 2355 Roma
1765 2300 2043 2369 martyrio

399 2399 713 2453 coronatus
743 2398 854 2465 est,
883 2392 1197 2463 sedemque
1238 2390 1322 2447 sui
1365 2390 1739 2462 episcopatus
1778 2386 2045 2444 Cornelio

400 2483 747 2555 dereliquit;
772 2484 1012 2555 ipsoque
1036 2479 1315 2551 martyrio
1335 2481 1633 2547 coronato,
1668 2475 1878 2533 Lucius
1909 2490 2045 2546 pon-

399 2572 681 2629 tificatum
705 2571 913 2628 tenuit.
943 2569 1085 2626 Huic
1110 2568 1439 2640 Stephanus
1460 2564 1771 2632 successit;
1806 2580 1918 2635 quo
1942 2579 2046 2636 per

397 2661 736 2734 martyrium
759 2662 1125 2728 transeunte,
1148 2658 1363 2729 Xystus
1382 2655 1570 2712 locum
1604 2654 1730 2725 ejus
1760 2652 2043 2725 implevit,

396 2750 666 2821 idemque
697 2763 802 2821 per
830 2747 1248 2805 confessionem
1296 2744 1450 2814 fidei,
1494 2742 1757 2815 martyrii
1801 2741 2047 2814 palmam

397 2837 661 2910 sumpsit.
699 2836 1040 2909 Cyprianus,
1072 2833 1459 2892 clarissimum
1493 2832 1685 2889 lumen
1720 2831 2047 2903 doctorum,

395 2926 706 2998 episcOpus
737 2923 1123 2995 Carthaginis,
1165 2922 1363 2980 clarus
1393 2921 1664 2978 habetur.
1710 2922 1865 2977 Tunc
1915 2920 2054 2976 tem-

398 3014 557 3086 poris
576 3018 634 3071 et
658 3012 1006 3070 Laurentius
1028 3011 1476 3068 archidiaconus
1500 3013 1560 3066 et
1585 3008 1680 3065 alii
1699 3008 1899 3081 plures
1912 3023 2056 3075 mar_

394 3103 532 3174 tyrii
561 3101 804 3172 gloriam
837 3103 1289 3157 exornaverunt.

472 3189 615 3263 [255]
652 3189 851 3246 Gallus
882 3187 1236 3245 Hostilianus
1266 3201 1395 3244 cum
1426 3186 1546 3243 ﬁlio
1567 3185 1877 3242 Volusiano
1900 3186 2048 3244 duos

399 3293 579 3336 annos
599 3282 658 3335 et
684 3280 934 3349 quatuor
960 3290 1189 3333 menses
1208 3290 1450 3346 regnum
1474 3274 1747 3332 obtinuit.
1774 3274 2050 3342 Quotem—

397 3382 538 3440 pore
571 3364 904 3439 pestilentia
938 3365 1141 3436 ingens
1174 3378 1277 3436 per
1308 3378 1510 3421 omnes
1541 3377 1687 3435 pene
1720 3363 2049 3434 provincias

396 3455 635 3513 Romani
667 3453 894 3527 imperii
928 3452 1269 3510 extenditur
1298 3453 1374 3508 ob
1405 3451 1684 3509 ultionem
1717 3451 1839 3509 sine
1871 3452 2048 3509 dubio

308 3570 313 3579 ι
396 3543 597 3601 violati
661 3541 910 3601 nominis
955 3540 1285 3600 Christiani.
1350 3540 1724 3612 Novatianus,
1779 3540 2047 3613 Cypriani

396 3632 653 3705 episcOpi
685 3632 1016 3703 presbyter,
1050 3631 1284 3687 Romam
1305 3629 1546 3687 veniens
1569 3643 1774 3685 novam
1799 3628 2047 3687 haresin

394 3720 675 3778 condidit.
703 3719 983 3790 Origenes
1005 3716 1438 3790 septuagesimo
1462 3716 1656 3775 atatis
1678 3731 1827 3774 anno
1842 3732 1952 3774 non
1975 3719 2047 3775 ad

397 3808 688 3881 integrum
712 3807 972 3880 impleto,
1006 3806 1336 3878 defunctus,
1364 3805 1419 3862 in
1444 3807 1589 3863 urbe
1618 3805 1748 3878 Tyri
1782 3796 2049 3878 sepultus

395 3902 504 3955 est.
533 3896 856 3968 Cornelius,
880 3895 1188 3971 episcopus
1208 3897 1424 3966 Roma,
1449 3910 1478 3951 a
1506 3895 1753 3966 quadam
1784 3899 2045 3952 matrona

396 3987 608 4043 Lucina
630 3989 893 4056 rogatus,
916 3998 1164 4055 corpora
1188 3987 1521 4040 sanctorum
1544 3983 1941 4054 apostolorum
1974 3985 2047 4041 de

396 4067 764 4131 Catacumbis
791 4070 1008 4127 levavit
1039 4074 1236 4140 noctu,
1268 4074 1328 4126 et
1363 4070 1554 4142 posuit
1583 4089 1596 4125 :
1624 4070 1787 4128 Pauli
1812 4071 2045 4142 quidem

394 4161 452 4217 in
482 4159 575 4217 via
600 4157 873 4229 Ostiensi,
898 4157 997 4216 ubi
1019 4157 1344 4215 decollatus
1367 4161 1489 4226 est;
1515 4158 1674 4215 Petri
1701 4161 1916 4230 autem,
1934 4175 2045 4217 non

393 4248 564 4318 longe
586 4262 617 4304 a
639 4247 767 4304 loco
790 4246 886 4303 ubi
909 4246 1225 4305 crucifixus
1245 4251 1333 4305 est
1357 4246 1510 4305 inter
1540 4262 1787 4320 corpora
1819 4252 2046 4305 sancto-

394 4351 522 4393 rum
546 4335 950 4408 episcoporum
973 4334 1031 4391 in
1054 4335 1271 4407 templo
1293 4335 1428 4393 olim
1455 4335 1757 4409 Apollinis,
1773 4336 1829 4392 in
1850 4342 2045 4395 monte

397 4428 610 4494 Aureo,
635 4422 693 4480 in
714 4423 993 4482 Vaticano
1015 4424 1233 4496 palatio
1256 4425 1601 4482 Nerionano.
1629 4425 1826 4483 Gallus
1854 4429 1914 4483 et
1946 4429 2047 4482 Vo-

395 4511 655 4569 lusianus
693 4513 829 4570 dum
868 4515 1071 4571 contra
1103 4511 1491 4583 Emilianum,
1529 4513 1695 4571 novis
1727 4515 1905 4572 rebus
1933 4517 2047 4572 stu-

395 4600 651 4671 dentem,
678 4600 893 4657 bellum
914 4600 1086 4658 civile
1109 4600 1450 4673 moliuntur,
1484 4601 1659 4659 occisi
1692 4607 1845 4659 sunt.
1875 4601 2047 4658 IEmi-

395 4689 584 4746 lianus
609 4692 801 4746 tamen
826 4689 1002 4745 tertio
1023 4704 1219 4759 mense
1248 4690 1462 4748 invasa
1485 4690 1812 4763 tyrannidis
1834 4691 2049 4749 exstin-

392 4782 527 4837 ctus
573 4780 683 4835 est.
735 4777 1069 4835 Ammonius
1110 4779 1380 4837 eruditus
1418 4779 1475 4835 in
1516 4779 1900 4852 phiIOSOphia,
1946 4780 2044 4851 qui

394 4864 765 4937 evangelicos
791 4879 1043 4923 canones
1074 4866 1299 4938 scribit,
1328 4867 1697 4925 Alexandria
1726 4867 1923 4930 clarus
1953 4869 2046 4925 ha-

395 4955 587 5012 betur.

470 5042 613 5115 [257]
649 5042 993 5101 Valerianus
1020 5057 1151 5101 cum
1177 5043 1291 5101 fido
1317 5043 1574 5114 Galieno,
1599 5058 1782 5103 annos
1802 5045 2043 5117 quinde-

395 5128 526 5185 cim.
557 5130 656 5186 Hic
676 5131 1019 5189 Valerianus
1040 5130 1097 5187 in
1121 5131 1338 5190 Gracia
1363 5133 1435 5188 ab
1456 5133 1719 5190 exercitu
1746 5136 2042 5203 Augustus

397 5214 727 5288 appellatus
746 5224 866 5288 est;
889 5221 1082 5278 Roma
1105 5223 1297 5278 autem
1321 5234 1352 5276 a
1385 5224 1588 5278 senatu
1625 5220 1895 5277 Galienus
1925 5223 2043 5279 Ca-

397 5316 493 5360 sar
512 5306 750 5361 creatus
778 5310 887 5363 est.
920 5308 1264 5366 Valerianus
1295 5308 1350 5364 in
1383 5308 1742 5366 Christianos
1777 5323 2042 5380 persecu-

394 5389 556 5448 tione
575 5395 890 5463 commota,
925 5396 1120 5453 statim
1144 5411 1175 5453 a
1200 5397 1416 5469 Sapore
1447 5398 1754 5454 Persarum
1787 5410 1923 5466 rege
1952 5410 2041 5453 ca-

397 5479 552 5550 ptus,
587 5477 1016 5552 luminibusque
1045 5486 1307 5556 orbatus,
1324 5484 1861 5556 ignominiosissima
1884 5484 2035 5555 apud

396 5568 607 5627 Persas
624 5566 913 5627 servitute
931 5573 1267 5640 consenuit;
1290 5574 1475 5634 donec
1494 5573 1662 5644 vixit,
1686 5574 1834 5632 hanc
1852 5570 2038 5632 conti-

2074 4477 2127 4539 D

2152 1856 2353 1913 decem
2384 1867 2565 1909 annos
2593 1850 2813 1921 ingenti
2844 1850 3066 1907 virtute
3098 1865 3163 1907 ac
3194 1850 3592 1908 moderatione
3632 1868 3793 1924 usus,

2152 1943 2516 2002 dominantes
2537 1941 2736 1998 hostes
2756 1939 3016 2012 expulit;
3043 1939 3139 2011 qui
3170 1944 3360 1996 tamen
3384 1940 3671 1998 seditione
3702 1941 3799 1998 mi-

2150 2033 2316 2089 litum
2342 2032 2687 2087 interfectus
2708 2033 2817 2086 est.
2843 2029 3177 2086 Victorinus
3199 2045 3229 2085 a
3259 2028 3437 2086 Gallis
3458 2028 3617 2086 ultro
3637 2045 3797 2088 crea-

2150 2126 2249 2179 tus
2271 2121 2608 2193 imperator,
2636 2122 2764 2190 post
2790 2117 3089 2190 paululum
3114 2119 3267 2190 apud
3283 2119 3556 2176 Viennam
3571 2120 3798 2177 occisus

2152 2214 2260 2268 est.
2286 2210 2639 2279 Theodorus,
2664 2208 2976 2278 Gregorius
2987 2211 3391 2278 cognomento,
3408 2209 3796 2267 Neocasarea

2152 2300 2320 2356 Ponti
2366 2298 2693 2370 episcopus,
2742 2311 2946 2367 magna
2989 2297 3210 2353 virtute
3257 2295 3530 2353 claret.E
3581 2298 3796 2370 quibus

2154 2402 2331 2445 unum
2360 2391 2448 2443 est
2484 2387 2633 2457 quod
2668 2389 2731 2442 ut
2763 2385 3038 2442 Ecclesia
3070 2385 3349 2442 facienda
3377 2385 3539 2443 locus
3570 2386 3795 2444 sufﬁce-

2156 2479 2268 2547 ret,
2293 2479 2542 2532 montem
2570 2474 2844 2546 precibus
2867 2474 3062 2530 movit.
3088 2476 3242 2530 Tunc
3264 2474 3546 2545 temporis
3573 2474 3799 2547 Lupici-

2157 2580 2286 2637 nus,
2318 2563 2660 2621 Viennensis
2696 2563 2970 2620 Ecclesia
3009 2562 3337 2635 episcopus,
3377 2561 3535 2620 clare
3574 2563 3793 2620 floruit.

2158 2653 2431 2710 Galienus
2459 2668 2588 2709 cum
2622 2650 3039 2723 rempublicam
3073 2651 3450 2723 deseruisset,
3485 2668 3550 2709 ac
3591 2652 3801 2709 Medio-

2158 2741 2272 2798 lani
2314 2740 2654 2799 libidinibus
2693 2740 3051 2812 inservisset,
3092 2740 3318 2798 occisus
3354 2745 3462 2798 est.
3503 2739 3796 2812 Cornelio,

2161 2831 2257 2902 qui
2295 2831 2522 2888 duobus
2563 2829 2727 2887 annis
2774 2830 2925 2885 rexit
2973 2830 3290 2887 Ecclesiam
3338 2832 3671 2901 Romanam,
3722 2831 3799 2887 ob

2161 2920 2373 2977 Christi
2404 2920 2742 2993 martyrium
2770 2923 3067 2991 coronato,
3100 2920 3377 2977 successit
3412 2918 3636 2977 Lucius.
3662 2920 3803 2977 Pas-

2161 3024 2260 3066 sus
2281 3012 2370 3065 est
2392 3012 2585 3066 autem
2611 3010 2817 3065 beatus
2839 3008 3158 3080 Cyprianus
3173 3008 3578 3080 persecutione
3591 3011 3794 3064 octava

2077 3129 2127 3192 Ο
2162 3099 2365 3154 eodem
2397 3097 2511 3168 die,
2546 3097 2647 3153 sed
2679 3111 2790 3153 non
2829 3097 3031 3154 eodem
3071 3112 3240 3168 anno,
3284 3112 3398 3169 quo
3433 3099 3626 3155 Roma
3663 3097 3802 3154 Cor-

2156 3185 2363 3242 uenus.

2232 3274 2375 3348 [272]
2403 3274 2696 3345 Claudius,
2720 3273 3022 3331 voluntate
3038 3274 3796 3347 senatussumptoimperio,

2157 3364 2324 3421 annis
2344 3364 2589 3421 duobus.
2618 3363 2719 3419 Hic
2744 3363 3093 3434 Gothosjam
3126 3379 3230 3436 per
3260 3379 3438 3421 annos
3468 3363 3798 3436 quindecim

2159 3452 2449 3524 Illyricum
2482 3451 2989 3523 Macedoniamque
3020 3457 3321 3511 vastantes
3356 3452 3511 3510 bello
3534 3454 3797 3522 adortus,

2157 3540 2484 3598 incredibili
2514 3544 2710 3611 strage
2741 3540 2979 3597 delevit.
3017 3542 3117 3598 Cui
3152 3557 3181 3598 a
3213 3545 3417 3599 senatu
3438 3542 3680 3613 clypeus
3701 3556 3800 3598 au-

2158 3644 2295 3687 reus
2320 3630 2376 3686 in
2406 3629 2567 3687 curia
2599 3633 2657 3686 et
2688 3628 2744 3685 in
2779 3628 3063 3700 Capitolio
3094 3634 3288 3688 statua
3320 3645 3484 3702 aque
3508 3643 3683 3686 aurea
3708 3629 3801 3687 de»

2156 3722 2317 3776 creta
2349 3720 2457 3776 est.
2485 3718 2594 3775 Sed
2618 3716 2894 3775 continuo
2917 3719 3070 3790 apud
3096 3718 3362 3777 Sirmium
3388 3720 3799 3776 morbocorre-

2157 3811 2293 3880 ptus
2326 3806 2567 3863 interiit.

2232 3895 2375 3968 [273]
2412 3898 2537 3953 Mox
2561 3896 2742 3953 frater
2769 3896 2898 3968 ejus
2926 3894 3259 3968 Quintilius,
3292 3895 3382 3953 vir
3416 3896 3581 3954 bona
3612 3895 3802 3953 mode-

2157 3984 2418 4055 rationis,
2453 3985 2525 4041 ab
2556 3985 2822 4042 exercitu
2856 3986 3173 4057 imperator
3196 3984 3443 4055 electus,
3470 3984 3696 4042 decimo
3718 3998 3804 4041 se-

2158 4072 2339 4144 ptimo
2367 4072 2459 4128 die
2489 4072 2714 4144 imperii
2749 4074 2836 4130 sui
2872 4073 3220 4130 interfectus
3248 4077 3357 4131 est.
3385 4071 3686 4143 Malchion,
3714 4071 3804 4129 di-

2158 4160 2514 4217 sertissimus
2547 4161 2923 4218 Antiochena
2955 4160 3233 4219 Ecclesia
3265 4163 3592 4234 presbyter,
3620 4159 3717 4232 qui
3743 4160 3798 4218 in

2155 4250 2358 4305 eadem
2382 4250 2526 4305 urbe
2552 4249 2904 4307 rhetoricam
2930 4250 3231 4322 docuerat,
3256 4251 3535 4307 adversus
3557 4248 3798 4307 Paulum

2157 4340 2612 4410 Samosetanum,
2649 4338 2744 4410 qui
2775 4339 3085 4412 episcopus
3109 4339 3430 4397 Antiochia
3455 4337 3805 4409 dogmatiza-

2159 4427 2277 4497 bat,
2313 4426 2601 4483 Christum
2630 4428 2950 4486 communis
2977 4432 3200 4485 natura
3239 4427 3526 4484 hominem
3570 4430 3797 4485 tantum

2160 4514 2359 4586 fuisse,
2393 4516 2639 4574 notariis
2669 4516 3119 4589 excipientibus,
3155 4516 3494 4588 disputavit.

2239 4604 2381 4677 [274]
2416 4605 2765 4663 Aurelianus
2786 4604 3088 4676 imperium
3121 4604 3388 4677 adeptus,
3424 4605 3678 4677 quinque
3711 4618 3806 4660 an-

2164 4692 2254 4751 nis
2280 4697 2339 4750 et
2381 4709 2484 4751 sex
2521 4694 2815 4750 mensibus
2854 4693 3065 4764 tenuit,
3106 4693 3195 4750 vir
3232 4694 3519 4752 industria
3560 4691 3799 4751 militari

2163 4782 2709 4852 excellentissimus,
2771 4782 3145 4854 expeditione
3193 4785 3262 4842 ad
3313 4783 3637 4840 Danubium
3683 4797 3803 4840 sus-

2161 4875 2354 4943 cepta,
2388 4870 2604 4928 Gothos
2633 4871 2856 4941 magnis
2886 4871 3106 4942 praliis
3136 4872 3486 4944 proﬂigavit.

2233 4958 2335 5016 Hic
2367 4959 2569 5016 urbem
2602 4961 2835 5015 Romam
2867 4959 3049 5016 muris
3078 4960 3434 5019 firmioribus
3458 4960 3662 5019 cinxit.
3692 4961 3803 5018 No-

2159 5047 2392 5104 vissime
2406 5062 2536 5104 cum
2558 5048 3021 5119 persecutionem
3036 5049 3318 5107 adversus
3329 5049 3688 5108 Christianos
3707 5048 3798 5119 agi

2161 5137 2528 5206 decerneret,
2547 5135 2762 5193 fulmen
2779 5140 2913 5193 ante
2926 5151 3078 5207 eum,
3106 5152 3312 5208 magno
3338 5153 3556 5210 pavore
3580 5128 3802 5196 circum

2159 5224 2459 5295 stantium,
2484 5224 2624 5295 ruit,
2651 5239 2717 5282 ac
2738 5239 2851 5280 non
2876 5225 3058 5282 multo
3082 5230 3213 5298 post
3245 5227 3301 5284 iu
3332 5227 3542 5285 itinere
3572 5226 3802 5285 occisus

2158 5317 2268 5369 est.
2303 5312 2714 5384 Eutychianus,
2739 5314 2932 5371 Roma
2963 5314 3291 5388 episcopus,
3326 5316 3605 5387 martyrio
3643 5330 3801 5372 coro-

2158 5405 2331 5458 natus
2353 5401 2409 5456 in
2431 5401 2771 5458 cameterio
2795 5401 3331 5476 Calixtisepelitur;
3357 5404 3665 5475 quietipse
3688 5407 3802 5462 tre-

2154 5492 2361 5547 centos
2390 5489 2671 5547 tredecim
2705 5494 2996 5565 martyres
3025 5506 3193 5548 manu
3227 5505 3327 5547 sua
3359 5490 3650 5562 sepelivit.

2226 5577 2458 5637 Tacitus
2477 5593 2704 5638 menses
2725 5593 2848 5638 sex.
2874 5580 2998 5648 Quo
3019 5580 3171 5652 apud
3193 5580 3439 5637 Pontum
3461 5577 3674 5652 occiso,
3697 5583 3798 5639 ob-
