4078 6180
260 324 331 376 89
493 283 498 288 ’
1429 314 1854 374 cuncmcou.
1896 342 1966 354 —
2011 311 2211 372 AETAS
2249 317 2488 374 SEXTA.
3584 330 3656 386 90

254 441 449 512 Qinuit
482 439 788 500 Florianus
810 440 1112 515 imperium
1137 441 1344 500 diebus
1363 441 1660 513 octoginta
1684 454 1905 498 novem.
1938 436 1992 499 Α
2023 443 2172 512 sent,
2199 440 2620 514 Maximianum,
2657 448 3040 514 cognomento
3076 445 3506 522 Herculianum,
3539 451 3657 510 Can-

261 534 468 605 tuique
499 532 652 605 apud
683 533 918 590 Tarsum
948 533 1294 590 interfectus
1315 537 1422 590 est.
1463 532 1768 589 Anatolius
1801 547 1897 587 na-

251 623 413 680 tione
447 621 898 692 Alexandrinus,
926 622 1205 679 Laodiciae
1230 623 1405 695 Syriae
1429 621 1757 694 episc0pus,
1783 619 1904 693 phi-

255 710 634 784 losophorum
675 711 995 782 discipulus
1032 711 1318 781 eruditus,
1356 711 1604 783 plurimo
1638 725 1902 767 sermone

253 799 617 858 celebratur.
653 800 830 871 Cujus
860 799 1071 870 ingenii
1105 801 1439 869 magnitudo
1472 801 1542 856 de
1567 799 1718 856 libro
1747 799 1898 870 quod

255 905 436 962 super
468 891 687 946 Pascha
717 889 1063 962 composuit,
1098 895 1154 946 et
1196 890 1393 947 decem
1428 890 1594 948 libris
1633 891 1906 947 arithme-

255 978 394 1036 tica:
455 979 866 1049 lnstitutionis,
929 983 1118 1050 potest
1179 979 1542 1051 apertissime
1610 978 1900 1051 cognosci.

257 1068 946 1142 Tunctemporisinsania
969 1069 1408 1126 Manichaeorum
1431 1069 1671 1126 hmresis
1694 1068 1901 1125 oritur.

263 1159 390 1225 Quo
419 1164 686 1230 tempore
716 1158 1057 1214 Viennensis
1085 1157 1394 1230 episcopus
1417 1158 1725 1230 Simplides
1747 1158 1906 1215 mirae

262 1248 600 1304 sanctitatis
621 1247 838 1304 ﬂoruit.
864 1247 1184 1305 Permansit
1210 1253 1404 1305 autem
1429 1262 1611 1320 usque
1635 1248 1703 1304 ad
1732 1247 1907 1319 impe-

266 1337 485 1393 ratoris
524 1337 652 1393 Cari
683 1341 966 1408 tempora.
1441 1335 1449 1342 ’

334 1425 487 1498 [279]
521 1427 751 1482 Probus
799 1425 1116 1497 imperator
1148 1441 1328 1483 annos
1357 1441 1478 1497 sex,
1516 1439 1741 1483 menses
1772 1441 1910 1498 qua-

263 1521 418 1571 tuor.
455 1515 558 1571 Hic
591 1514 806 1571 Gallias
848 1514 1186 1585 jamdudum
1213 1530 1240 1570 a
1278 1515 1543 1571 barbaris
1571 1519 1905 1586 occupatas,

263 1618 366 1676 per
389 1604 576 1659 multa
599 1603 796 1674 gravia
827 1602 1022 1674 praelia
1045 1603 1255 1660 deletis
1276 1602 1508 1659 tandem
1533 1603 1820 1673 hostibus,
1839 1603 1908 1659 ad

263 1693 593 1763 perfectum
620 1691 910 1748 liberavit.
940 1691 1095 1748 Bella
1122 1691 1331 1748 deinde
1354 1692 1640 1763 civilia,et
1676 1692 1907 1763 quidem

2011 547 2200 588 sarem
2255 532 2410 603 fecit,
2449 531 2720 604 misitque
2751 533 2806 590 in
2851 533 3092 602 Gallias;
3126 537 3220 607 qui
3266 537 3431 595 facile
3461 555 3654 611 agres-

2012 621 2155 678 tium
2204 621 2498 679 hominum
2549 626 2607 678 et
2654 623 2953 680 confusam
3004 639 3231 681 manum
3266 627 3499 684 militari
3541 629 3657 687 vir-

2012 715 2140 768 tute
2169 711 2514 784 composuit.
2552 711 2735 782 lgitur
2767 727 2870 790 per
2919 729 3118 772 omnes
3155 715 3392 772 Romani
3423 717 3650 790 imperii

2015 801 2158 857 fines
2205 801 2527 858 subitarum
2579 788 2979 859 turbationum
3034 804 3262 874 fragore
3301 788 3654 878 concrepue-

2015 894 2190 946 runt:
2227 891 2499 947 Carausio
2549 890 2603 946 in
2647 891 2961 950 Britanniis
3010 891 3357 966 rebellante,
3394 895 3490 966 qui
3543 896 3655 968 pri-

2016 994 2168 1035 mum
2238 979 2309 1036 ad
2366 980 2727 1037 observanda
2785 980 2997 1038 Oceani
3057 981 3280 1054 littora,
3333 999 3462 1055 qua
3515 989 3656 1057 tunc

2017 1067 2217 1125 Franci
2247 1073 2304 1124 et
2339 1070 2595 1126 Saxones
2643 1070 3022 1142 infestabant,
3067 1072 3314 1143 positus,
3355 1089 3484 1130 cum
3526 1073 3658 1146 plus

2017 1158 2071 1214 in
2105 1157 2440 1229 perniciem,
2477 1173 2645 1230 quam
2686 1159 2740 1215 in
2783 1161 3107 1231 profectum
3151 1160 3490 1233 reipublicae
3530 1177 3660 1235 age-

2016 1252 2126 1317 ret,
2161 1262 2192 1303 a
2239 1247 2581 1304 Maximiano
2627 1249 2824 1319 jussus
2869 1249 3076 1320 occidi,
3121 1265 3436 1322 purpuram
3468 1267 3660 1325 sump-

2012 1341 2202 1404 serat;
2237 1336 2512 1394 Achillam
2545 1337 2599 1393 in
2630 1337 2896 1410 Egypto,
2931 1354 3060 1395 cum
3102 1342 3159 1394 et
3204 1339 3455 1397 Africam
3486 1341 3659 1409 Quin-

2011 1426 2267 1497 gentiani
2302 1425 2678 1495 infestarent;
2704 1428 2954 1483 Narseus
2975 1427 3171 1497 etiam,
3199 1443 3302 1484 rex
3324 1429 3654 1501 Persarum,

2015 1516 2310 1571 Orientem
2335 1514 2487 1571 bello
2513 1520 2822 1587 premeret.
2841 1517 2957 1572 Hoc
2983 1515 3244 1587 periculo
3268 1517 3661 1576 Diocletianus

2015 1607 2334 1676 permotus,
2368 1603 2773 1660 Maximianum
2805 1603 3137 1661 Herculium
3161 1619 3232 1661 ex
3265 1606 3489 1663 Caesare
3523 1607 3657 1665 fecit

2016 1695 2381 1763 Augustum;
2427 1693 2827 1750 Constantium
2881 1708 3040 1764 vero,
3081 1698 3140 1750 et
3181 1693 3568 1766 Maximinum,
3601 1700 3657 1752 et

262 1780 514 1850 plurimo
537 1779 972 1850 sanguine,duo
993 1781 1169 1850 gessit
1199 1801 1210 1836 :
1238 1797 1410 1836 unum
1438 1782 1489 1836 in
1517 1781 1774 1852 Oriente,
1793 1797 1903 1852 quo
1927 1787 1988 1851 Β
2015 1782 2416 1838 Maximianum
2448 1781 2762 1852 Valerium,
2797 1783 3053 1839 Caesares
3092 1781 3254 1853 legit.
3291 1784 3663 1841 Constantius

259 1869 642 1925 Saturninum
689 1874 993 1941 tyrannum
1043 1871 1347 1926 subactum
1398 1874 1455 1926 et
1505 1869 1797 1942 oppressit
1847 1875 1905 1926 et

256 1958 446 2030 cepit;
474 1957 637 2014 aliud
666 1973 780 2029 quo
801 1958 1110 2015 Proculum
1137 1963 1192 2014 ct
1220 1961 1501 2015 Bonosum
1530 1959 1680 2030 apud
1709 1959 1912 2030 Agrip-

257 2047 449 2119 pinam
483 2046 714 2117 magnis
747 2045 962 2119 pracliis
985 2052 1289 2119 superatos
1313 2048 1636 2116 interfecit;
1670 2048 1792 2119 ipse
1815 2064 1912 2104 au-

257 2142 372 2193 tem
408 2136 569 2208 apud
608 2136 876 2192 Sirmium
907 2140 1072 2192 turre
1116 2138 1330 2192 ferrata
1375 2137 1611 2192 militari
1654 2137 1908 2194 tumultu

258 2225 615 2282 interfectus
641 2229 751 2281 est.
789 2225 1053 2282 Secundo
1086 2225 1256 2296 hujus
1283 2241 1454 2297 anno,
1490 2230 1552 2283 ut
1586 2226 1640 2282 in
1677 2226 1914 2282 Chroni-

255 2314 337 2372 cis
390 2313 633 2370 Eusebii
695 2313 959 2386 legimus,
1007 2314 1172 2385 juxta
1225 2315 1635 2387 Antiochenos,
1685 2319 1914 2372 trecen-

257 2404 507 2460 tesimus
538 2403 850 2460 vicesimus
881 2407 1082 2460 sextus
1115 2418 1297 2460 annus
1331 2404 1656 2474 fuit;juxta
1688 2404 1908 2477 Tyrios,

259 2492 880 2564 quadringentesimus
936 2493 1370 2563 tertius;juxta
1424 2494 1910 2566 Lacedaemonios,

260 2581 724 2639 trecentesimus
747 2581 1053 2638 vicesimus
1077 2588 1321 2653 quartus
1345 2582 1543 2652 ;juxta
1568 2583 1911 2654 Edessenos,

260 2671 774 2742 quingentesimus
805 2671 1196 2741 octogesimus
1235 2677 1518 2741 octavus;
1546 2673 1711 2744 juxta
1745 2676 1916 2730 Asca-

257 2759 507 2830 lonitas,
547 2760 1000 2817 trecentesimus
1037 2761 1431 2832 octogesimus
1472 2762 1786 2818 secundum
1819 2764 1919 2818 He-

259 2849 486 2919 bracas,
500 2849 723 2905 initium
739 2849 1076 2919 octogesimi
1101 2849 1329 2922 septimi
1350 2850 1592 2920 jubilazi,
1611 2851 1916 2920 quoconti-

259 2942 491 2994 nentur
547 2938 672 2994 anni
705 2943 957 3009 quatuor
988 2939 1144 2995 mille
1190 2939 1422 2995 ducenti
1475 2939 1911 3009 quinquaginta.

261 3025 612 3097 Archelaus,
647 3028 1076 3099 Mcsopotomiw
1117 3027 1445 3100 episcopus,
1481 3025 1690 3083 librum
1724 3027 1917 3099 dispu-

261 3115 513 3173 tationis
564 3131 684 3172 suae
735 3131 904 3187 quam
956 3117 1156 3173 habuit
1210 3116 1490 3173 adversus
1544 3115 1913 3172 Manichzeum
1950 3141 1998 3202 Ο

262 3209 580 3263 exeuntem
639 3205 711 3261 de
765 3206 1024 3276 Perside,
1077 3208 1219 3277 Syro
1267 3219 1535 3261 sermone
1563 3204 1912 3277 composuit,

264 3295 357 3367 qui
392 3293 727 3351 translatus
758 3309 788 3351 a
825 3295 1022 3352 multis
1051 3293 1267 3352 Grmcis
1297 3295 1564 3350 habetur.

329 3385 545 3455 Carus,
578 3399 708 3440 cum
761 3383 877 3440 filio
927 3384 1133 3440 Carino
1165 3388 1220 3440 et
1263 3383 1554 3454 Numerio,
1590 3386 1912 3440 annostres.

267 3474 452 3530 Carus
483 3473 541 3528 in
577 3471 732 3528 bello
771 3472 1044 3530 Parthico
1097 3477 1400 3545 postquam
1449 3472 1593 3528 duas
1633 3471 1919 3528 nobilissi-

268 3578 387 3620 mas
417 3562 772 3618 Parthorum
805 3563 998 3633 urbes,
1034 3562 1220 3620 Caelen
1251 3567 1308 3618 et
1343 3561 1796 3633 Ctesiphontem,
1829 3575 1921 3618 ce-

271 3651 346 3723 pit
401 3656 465 3707 et
519 3651 593 3707 de
647 3651 842 3709 Persis
890 3652 1292 3724 triumphavit,
1345 3664 1522 3724 super
1561 3650 1829 3720 Tigriden
1861 3651 1917 3707 in

269 3740 484 3798 castris
516 3739 754 3796 fulmine
796 3740 946 3798 ictus
976 3741 1218 3798 interiit.

339 3828 496 3904 [285]
533 3829 704 3886 Caius
752 3831 1022 3886 Romanae
1072 3829 1342 3889 Ecclesiae
1376 3831 1556 3901 fulget
1589 3831 1916 3902 episcopus,

274 3920 366 3991 qui
405 3919 780 3990 postmodum
815 3920 920 3975 sub
950 3919 1306 3976 Diocletiano
1345 3919 1684 3992 martyrium
1719 3933 1922 3990 passus

274 4013 377 4064 est.
417 4007 710 4078 Phierius,
757 4009 1062 4080 presbyter
1117 4008 1501 4079 Alexandriae,
1536 4009 1644 4064 sub
1693 4008 1920 4064 Theona

274 4097 554 4169 episcOpo
602 4097 1009 4154 ﬂorentissime
1062 4097 1306 4169 p0pulos
1356 4098 1573 4169 docuit,
1616 4102 1674 4154 et
1709 4112 1924 4154 sermo-

278 4200 377 4243 nes
411 4185 896 4257 diversorumque
929 4190 1286 4243 tractatuum
1342 4187 1526 4244 libros
1571 4185 1917 4258 composuit.

278 4275 627 4346 invenitque
657 4274 1006 4344 elegantiam
1025 4276 1480 4348 compositionis,
1518 4276 1595 4332 ita
1630 4281 1692 4333 ut
1725 4275 1924 4346 Orige-

279 4378 381 4421 nes
433 4363 624 4420 minor
670 4369 1026 4422 vocaretur:
1071 4365 1160 4422 vir
1211 4365 1371 4422 mirae
1421 4364 1812 4438 parcimoniae,
1865 4368 1922 4420 et

279 4447 631 4510 voluntariae
664 4453 1046 4525 paupertatis,
1086 4457 1212 4527 post
1256 4455 1718 4525 persecutionem
1770 4451 1924 4509 omni

281 4544 549 4614 tempore
573 4541 708 4599 vita
731 4557 850 4599 sua:
873 4544 1064 4600 Romae
1096 4546 1364 4600 versatus
1385 4547 1492 4600 est.
1520 4543 1922 4611 Numerianus,

284 4631 377 4701 qui
413 4646 544 4687 cum
578 4635 745 4704 patre
777 4633 921 4688 Caro
950 4632 1220 4689 Parthico
1253 4630 1406 4689 bello
1437 4631 1806 4700 interfuerat,
1841 4645 1929 4685 re-

284 4719 453 4776 diens
485 4719 690 4777 fraude
724 4721 862 4792 Apri
893 4721 1080 4779 soceri
1116 4721 1203 4779 sui
1239 4721 1582 4778 interfectus
1609 4724 1718 4777 est.

357 4808 508 4881 [288]
560 4808 973 4881 Diocletianus,
1027 4811 1098 4867 ab
1151 4812 1303 4868 Urbe
1340 4810 1571 4867 condita
1626 4807 1931 4865 millesimo

290 4897 736 4968 quadragesimo
790 4913 902 4955 uno
951 4900 1022 4956 ab
1072 4899 1334 4957 exercitu
1375 4900 1692 4971 imperator
1722 4896 1928 4968 lectus,

289 5000 473 5044 annos
519 4986 804 5058 triginta;
859 4987 955 5059 qui
1005 4989 1200 5045 statim
1251 4993 1312 5046 ut
1367 4988 1676 5060 potestatis
1704 4987 1931 5060 copiam

291 5076 517 5145 habuit,
571 5079 812 5148 Aprum,
873 5077 1310 5136 interfectorem
1359 5077 1711 5150 Numeriani,
1763 5091 1931 5134 manu

292 5178 392 5221 sua
427 5165 744 5223 interfecit.
808 5195 819 5205 -

362 5254 582 5310 Deinde
631 5255 923 5327 Carinum,
978 5271 1145 5327 quem
1199 5256 1378 5313 Carus
1408 5256 1688 5314 Cazsarem
1724 5255 1776 5310 in
1809 5252 1936 5310 Dal-

299 5342 468 5399 matia
519 5342 863 5414 reliquerat,
899 5344 1239 5401 difficillimo
1290 5345 1446 5401 bello
1472 5349 1530 5400 et
1581 5344 1827 5401 maximo
1859 5342 1936 5399 la-

304 5429 434 5488 bore
481 5433 804 5504 superavit.
839 5433 1053 5492 Dehinc
1093 5449 1223 5491 cum
1258 5433 1311 5490 in
1359 5433 1597 5490 Galliam
1633 5423 1849 5490 Anolus
1877 5436 1936 5487 et

307 5518 571 5579 Helianus
616 5522 868 5578 collecta
921 5523 1346 5581 rusticanorum
1398 5537 1589 5592 manu,
1623 5536 1770 5593 quos
1805 5522 1940 5577 Bac-

307 5608 473 5668 cadas
521 5612 836 5682 vocabant,
888 5612 1248 5685 perniciosos
1295 5611 1584 5670 tumultus
1638 5609 1943 5668 excitavis-

2024 1871 2253 1928 Hcrculi
2306 1870 2624 1927 Maximiani
2680 1871 2999 1943 privignam
3039 1872 3395 1929 Theodoram
3438 1873 3662 1944 accepit

2025 1975 2285 2031 uxorem,
2310 1975 2381 2016 ex
2413 1975 2521 2030 qua
2554 1974 2654 2015 sex
2679 1960 2828 2016 filios
2853 1962 3065 2017 fratres
3088 1961 3448 2016 Constantini
3473 1966 3664 2018 sustu-

2023 2050 2108 2106 lit.
2129 2051 2457 2119 Carausius,
2477 2064 2579 2121 per
2593 2064 2694 2105 sex
2709 2063 2886 2105 annos
2909 2049 3016 2105 sibi
3043 2049 3336 2104 Britannia
3355 2049 3664 2105 fortissime

2022 2138 2336 2208 vindicata,
2370 2138 2601 2194 tandem
2637 2137 2838 2192 fraude
2871 2136 3065 2192 allecti
3099 2135 3238 2192 socii
3272 2135 3359 2192 sui
3395 2135 3669 2194 interfec-

2023 2231 2120 2283 tus
2148 2231 2268 2293 est;
2303 2227 2398 2298 qui
2450 2231 2648 2297 postea
2700 2223 2942 2281 insulam
2987 2240 3090 2296 per
3121 2224 3414 2280 triennum
3447 2224 3658 2295 tenuit,

2025 2331 2194 2386 quem
2248 2315 2710 2386 Asclepiodotus,
2746 2315 3057 2386 praefectus
3098 2312 3393 2384 praztorio,
3426 2327 3665 2384 oppres-

2025 2406 2100 2462 sit
2125 2404 2594 2474 Britanniamque
2629 2407 2754 2475 post
2782 2403 2980 2459 decem
3011 2417 3192 2458 annos
3224 2401 3466 2474 recepit.
3493 2401 3666 2458 Cons-

2023 2494 2249 2551 tantius
2278 2508 2416 2550 vero
2447 2493 2657 2563 Caesar,
2693 2492 2748 2548 in
2783 2491 2962 2548 Gallia
2991 2491 3175 2562 primo
3207 2489 3410 2562 praelio
3442 2491 3512 2546 ab
3536 2490 3666 2546 Ala-

2027 2584 2250 2640 mannis
2284 2583 2590 2655 proﬂigato
2623 2581 2885 2638 exercitu
2920 2597 3042 2650 suo,
3078 2581 3173 2637 vix
3207 2581 3327 2652 ipse
3351 2580 3668 2652 subreptus

2025 2677 2146 2739 est;
2171 2672 2425 2729 secundo
2449 2676 2640 2728 autem
2667 2676 2864 2728 secuta
2889 2674 2974 2727 est
2999 2670 3142 2726 satis
3155 2668 3406 2725 secunda
3423 2667 3663 2724 victoria

2028 2763 2105 2819 ita
2131 2767 2194 2819 ut
2219 2761 2417 2834 paucis
2440 2759 2994 2832 horisquadraginta
3020 2758 3195 2814 millia
3220 2757 3666 2813 Alamannorum

2024 2867 2172 2909 caesa
2208 2849 2441 2906 fuerint.
2478 2851 2548 2904 At
2582 2848 2956 2905 Maximianus
2978 2850 3274 2916 Augustus
3297 2844 3670 2914 Quingentia-

2025 2956 2132 2997 nos
2162 2941 2215 2994 in
2241 2939 2430 2994 Africa
2464 2937 2813 3009 perdomuit.
2841 2938 3022 2991 Porro
3045 2939 3236 2990 autem
3270 2933 3668 2989 Diocletianus

2026 3026 2346 3084 Achilleum
2370 3027 2667 3082 obsessum
2694 3039 2797 3095 per
2818 3027 2948 3080 octo
2971 3037 3216 3092 menses,
3234 3019 3386 3092 apud
3419 3019 3666 3076 Alexan-

2027 3116 2210 3172 driam
2240 3114 2394 3186 cepit
2426 3118 2483 3170 et
2517 3112 2830 3168 interfecit.
2865 3113 3158 3167 Praeterea
3204 3108 3470 3166 Valerius
3501 3108 3667 3165 Maxi-

2027 3205 2253 3262 mianus
2299 3218 2430 3260 cum
2481 3201 2707 3258 duobus
2751 3200 2866 3270 jam
2921 3198 3138 3272 praeliis
3183 3198 3490 3255 adversum
3529 3199 3668 3253 Nar-

2029 3308 2189 3351 seum
2219 3291 2598 3362 conﬂixisset,
2631 3289 2809 3346 tertio
2842 3289 2994 3345 inter
3016 3286 3356 3344 Callinicum
3381 3290 3438 3342 et
3463 3287 3672 3342 Carras

2027 3395 2376 3454 congressus
2396 3385 2454 3437 et
2479 3380 2688 3449 victus,
2707 3377 2932 3435 amissis
2951 3376 3135 3449 copiis
3158 3376 3228 3432 ad
3253 3373 3669 3432 Diocletianum

2029 3471 2265 3542 refugit.
2302 3472 2346 3526 A
2379 3485 2492 3541 quo
2525 3466 2996 3538 arrogantissime
3027 3468 3311 3537 exceptus
3341 3467 3452 3533 est,
3496 3462 3575 3519 ita
3608 3466 3672 3519 ut

2031 3575 2136 3633 per
2185 3559 2405 3631 aliquot
2449 3557 2625 3614 millia
2658 3571 2930 3628 passuum
2963 3557 3323 3627 purpuratus
3353 3556 3487 3609 ante
3515 3550 3674 3608 vehi-

2031 3649 2224 3707 culum
2273 3647 2400 3718 ejus
2440 3646 2822 3718 praecederet.
2872 3645 2974 3701 Hic
3026 3642 3419 3699 Diocletianus
3451 3639 3672 3712 primus

2030 3752 2286 3808 gemmas
2305 3737 2570 3793 vestibus
2589 3732 3116 3804 calceamentisque
3141 3729 3519 3800 inserijussit,
3537 3729 3670 3785 dum

2032 3827 2151 3884 sola
2185 3839 2442 3898 purpura
2467 3828 2627 3880 retro
2670 3821 2962 3893 principes
2993 3824 3320 3876 uterentur.
3347 3817 3676 3873 Decimooc-

2032 3920 2166 3972 tavo
2197 3929 2345 3969 anno
2387 3909 2748 3980 Diocletiani,
2775 3909 2896 3981 ipse
2920 3909 2974 3964 in
3008 3906 3266 3976 Oriente,
3300 3903 3676 3962 Maximianus

2032 4002 2338 4060 Herculius
2369 4002 2422 4057 in
2457 3999 2772 4058 Occidente
2805 3996 3022 4054 vastari
3046 3993 3355 4066 Ecclesias,
3384 3992 3560 4064 afﬂigi
3596 3992 3678 4048 in-

2034 4092 2339 4163 terficique
2364 4087 2722 4147 Christianos
2737 4086 3104 4161 praecipiunt,
3126 4083 3353 4142 adustis
3381 4082 3591 4139 divinis
3613 4080 3680 4138 li-

2036 4183 2172 4240 bris.
2199 4183 2314 4237 Hac
2329 4183 2678 4251 tempestate
2695 4176 3035 4249 martyrium
3059 4179 3392 4232 sanctorum
3415 4171 3680 4228 Thebaao—

2037 4286 2183 4341 rum,
2200 4269 2453 4327 Mauricii
2479 4268 2881 4338 sociorumque
2903 4265 3030 4336 ejus
3051 4264 3239 4321 sexies
3263 4261 3418 4318 mille
3441 4275 3680 4318 sexcen-

2036 4366 2224 4417 torum
2250 4358 2549 4429 sexaginta
2583 4373 2684 4414 sex
2707 4355 3001 4428 impletur.
3017 4353 3215 4410 Passio
3238 4365 3467 4424 quoque
3488 4349 3682 4406 Victo-

2037 4449 2118 4506 ris
2146 4451 2204 4504 et
2236 4446 2364 4504 Ursi
2414 4445 2565 4518 apud
2597 4447 2862 4502 Castrum
2906 4442 3269 4511 Solodorum,
3319 4439 3510 4512 passio
3542 4453 3680 4509 quo-

2040 4551 2150 4610 que
2183 4537 2351 4592 hastae
2383 4535 2536 4592 Fidis
2559 4539 2619 4592 et
2644 4533 2929 4591 sociorum
2961 4531 3088 4602 ejus
3136 4529 3287 4602 apud
3322 4529 3466 4585 urbe
3499 4529 3680 4598 Agen-

2037 4641 2193 4696 num,
2229 4639 2356 4696 qua)
2388 4629 2588 4697 postea
2621 4622 2865 4679 Conchis
2887 4619 3169 4678 translata
3200 4623 3309 4675 est.
3344 4615 3679 4688 Martyrium

2038 4716 2212 4773 etiam
2245 4712 2524 4770 Gereonis
2554 4712 2958 4782 sociorumque
3008 4710 3135 4781 ejus
3175 4709 3568 4765 trecentorum
3601 4700 3681 4756 vi-

2039 4803 2185 4876 ginti
2216 4807 2348 4860 octo
2379 4802 2532 4874 apud
2565 4799 2940 4872 Agrippinam
2971 4797 3280 4856 Coloniam.
3317 4797 3447 4850 Haec
3488 4802 3681 4863 perse-

2041 4893 2201 4952 cutio
2224 4893 2301 4949 ita
2326 4890 2584 4950 crudelis
2603 4893 2662 4946 et
2691 4890 2899 4946 crebra
2925 4888 3227 4959 ﬂagrabat,
3244 4888 3306 4942 ut
3332 4883 3482 4938 intra
3505 4891 3680 4935 unum

2044 4997 2297 5040 mensem
2313 4981 2510 5039 decies
2521 4984 2580 5036 et
2594 4979 2781 5037 octies
2802 4977 2978 5035 millia
2995 4981 3310 5049 martyrum
3328 4985 3432 5042 pro
3455 4965 3683 5023 Christo

2047 5071 2198 5144 passi
2242 5071 2630 5128 inveniantur.
2685 5070 2824 5126 Nam
2873 5071 2932 5125 et
2986 5063 3198 5123 Oceani
3229 5060 3467 5115 limbum
3498 5059 3687 5112 trans-

2046 5175 2266 5233 gressa,
2311 5159 2592 5216 Albanum
2636 5159 2922 5228 Aaron,et
2970 5153 3180 5211 Julium
3224 5145 3535 5203 Britannia:
3555 5159 3685 5202 cum

2049 5249 2178 5306 aliis
2202 5249 2468 5320 pluribus
2489 5249 2632 5306 viris
2653 5263 2719 5305 ac
2745 5240 3354 5303 feminisfelicicruore
3369 5233 3682 5294 damnavit.

2047 5341 2201 5395 Tunc
2215 5338 2497 5410 temporis
2509 5337 2884 5411 passusestet
2908 5327 3241 5400 Pamphilus
3255 5331 3688 5400 presnyter,cu-

2045 5429 2142 5499 jus
2173 5427 2347 5484 vitam
2371 5427 2652 5484 Eusebius
2684 5418 3053 5482 Caesariensis
3080 5418 3389 5492 episcopus
3410 5415 3602 5472 tribus
3623 5411 3688 5466 li-

2054 5517 2176 5574 bris
2213 5514 2674 5589 comprehendit.
2729 5509 2993 5570 Secundo
3033 5513 3226 5566 autem
3269 5499 3688 5580 persecutionis

2041 5619 2222 5676 anno,
2258 5603 2651 5662 Diocletianus
2688 5599 3058 5672 Nicomediae,
3083 5595 3455 5657 Maximianus
3483 5593 3689 5647 Hercu-
