4086 6178
381 269 442 342 91
1390 271 1445 331 S.
1489 269 1748 331 ADONIS
1788 267 2224 331 ARCHIEPISC.
2269 271 2686 334 VIENNENSIS
3539 343 3545 349 _
3700 275 3772 332 92

379 394 495 460 lius
513 395 817 460 Mediolani
841 413 1156 475 purpuram
1181 396 1596 474 deposuerunt.
1635 401 2020 458 Attamencoe-
2045 395 2102 458 A
2132 397 2276 457 dans
2288 397 2543 473 quinque
2565 397 2744 472 pedes
2765 410 2980 458 crasso.
2998 394 3143 456 Item
3159 393 3526 460 basilicamin
3551 394 3769 470 palatio

379 494 476 564 pta
525 488 703 549 semel
726 491 1056 564 persecutio
1078 505 1260 563 usque
1291 491 1362 549 ad
1394 492 1703 564 septimum
1737 493 2011 549 Constan-

378 578 484 636 tini
507 579 874 654 imperatoris
923 595 1132 637 annum
1157 581 1382 639 fervere
1405 597 1516 638 non
1566 581 1835 640 cessavit.
1869 581 2011 638 Con-

376 669 872 728 tantinusdecimo
886 673 1052 726 sexto
1075 669 1840 743 imperiianno,virsumm:e
1863 685 2012 727 man-

373 759 701 818 suetudinis
720 763 778 816 et
801 758 1120 830 civilitatis,
1147 759 1388 816 Eboraci
1422 760 1480 816 in
1530 760 1825 818 Britannia
1857 760 2008 816 diem

373 848 536 908 obiit.
559 849 751 906 Tertio
773 863 922 906 anno
945 849 1388 922 persecutionis,
1419 863 1533 921 quo
1553 854 1613 906 et
1639 849 2012 906 Constantius

373 937 538 1008 obiit,
580 938 920 996 Maximinus
964 943 1022 995 et
1057 940 1306 996 Severus
1353 954 1384 995 a
1416 939 1646 996 Valerio
1669 938 2010 996 Maximiano

375 1027 630 1085 Caesares
654 1028 790 1086 facti
814 1033 968 1086 sunt.
989 1031 1032 1085 E
1045 1029 1257 1100 quibus
1276 1027 1714 1086 Maximinianus
1727 1027 2010 1086 maleﬁcia

371 1119 430 1172 et
480 1120 682 1188 stupra
723 1133 824 1176 sua
878 1118 1336 1176 Christianorum
1370 1117 1880 1189 persecutionibus
1924 1131 2011 1174 ac-

370 1204 648 1263 cumulat.
684 1208 895 1264 Passus
923 1212 1013 1264 est
1034 1221 1100 1264 ea
1125 1210 1475 1279 tempestate
1507 1208 1738 1278 Petrus,
1764 1207 2010 1263 Alexan~

372 1292 514 1351 drize
536 1295 866 1368 episcopus,
891 1312 921 1353 a
946 1312 1059 1368 quo
1087 1297 1260 1352 Arius
1281 1297 1590 1369 presbyter
1639 1295 1822 1368 primo
1854 1297 2011 1352 dam-

370 1386 542 1440 natus
562 1389 670 1443 est.
697 1385 855 1442 Passi
869 1389 1003 1442 sunt
1026 1401 1156 1443 cum
1170 1400 1238 1442 eo
1263 1385 1460 1456 plures
1473 1383 1704 1456 Egypti
1727 1384 2004 1456 episcOpi.

442 1473 728 1531 Lucianus
757 1489 1009 1546 quoque,
1043 1475 1132 1532 vir
1181 1473 1441 1530 moribus
1469 1478 1525 1529 et
1558 1473 1915 1530 continentia
1949 1478 2008 1530 et

371 1561 699 1620 eruditione
723 1563 1073 1635 praecipuus,
1098 1563 1472 1620 Antiochenze
1487 1561 1758 1619 Ecclesiae
1773 1563 2010 1636 presby-

371 1652 484 1721 ter,
499 1666 702 1723 passus
723 1657 832 1724 est,
847 1656 907 1709 et
925 1654 1118 1710 Romae
1129 1651 1478 1722 Timotheus,
1491 1651 1620 1709 dcci
1631 1667 1720 1708 mo
1765 1651 2004 1710 Kalend.

2123 489 2364 560 Sorano,
2393 505 2519 561 quae
2543 487 2984 560 cognominatur
3009 488 3392 560 Hierusalem,
3417 485 3516 546 ubi
3540 491 3768 560 partem

2121 579 2468 650 lignicrucis
2489 579 2712 635 Domini
2735 578 3024 650 deposuit.
3053 581 3194 636 Item
3221 578 3516 636 basilicam
3541 579 3600 635 B.
3620 593 3770 635 mar-

2120 669 2268 741 tyris
2299 671 2496 740 Agnae,
2531 683 2602 724 ex
2637 671 2845 738 rogatu
2879 668 3230 726 Constantia}
3275 667 3408 724 ﬁlize
3448 657 3586 724 suae.
3623 669 3768 724 Item

2123 758 2530 830 baptisterium
2564 759 2618 814 in
2650 758 2854 815 eodem
2887 757 3140 828 loco,ubi
3163 755 3533 828 etbaptizata
3561 759 3651 814 est
3679 773 3770 814 so-

2121 863 2219 904 ror
2249 847 2374 918 ejus
2406 847 2739 904 Constantia
2774 863 2903 903 cum
2937 846 3052 902 ﬁlia
3089 848 3371 916 Augusta.
3397 847 3540 902 Itcm
3575 845 3770 903 basili-

2120 953 2245 994 cam
2297 939 2356 994 Β.
2411 937 2722 994 Laurentio
2773 936 3036 1008 martyri,
3071 935 3162 993 via
3196 934 3496 992 Tiburtina
3539 935 3594 994 in
3627 951 3769 1006 agro

2119 1029 2366 1098 Verane,
2401 1025 2500 1082 ubi
2555 1025 2706 1081 idem
2747 1029 2968 1096 martyr
3015 1023 3308 1094 gloriosus
3354 1023 3622 1095 sepultus
3653 1029 3764 1081 est.

2119 1116 2262 1172 Item
2289 1114 2584 1172 basilicam
2609 1113 2698 1170 via
2727 1111 3201 1183 Lavicana,inter
3225 1111 3370 1170 duas
3383 1111 3580 1169 lauros
3593 1113 3768 1169 beato

2119 1205 2296 1260 Petro
2325 1207 2385 1260 et
2413 1201 2748 1260 Marcellino
2773 1201 3147 1274 martyribus,
3171 1205 3231 1257 et
3263 1200 3641 1272 mausoleum,
3668 1201 3768 1258 ubi

2121 1297 2364 1348 matrem
2397 1307 2557 1350 suam
2591 1291 2784 1363 posuit
2819 1291 2878 1346 in
2911 1291 3272 1362 sarcophago
3304 1305 3621 1362 purpureo.

2191 1383 2334 1438 Item
2359 1380 2656 1438 basilicam
2673 1379 2728 1436 in
2750 1377 3395 1449 civitatellostimjuxta
3420 1383 3650 1450 portum
3675 1393 3769 1435 ur-

2122 1469 2210 1526 bis
2239 1471 2434 1526 Romae
2467 1471 2770 1526 beatorum
2796 1467 3192 1540 apostolorum
3215 1467 3374 1523 Petri
3407 1472 3466 1524 et
3497 1466 3682 1538 Pauli,
3707 1471 3767 1524 et

2121 1559 2275 1615 beati
2306 1559 2542 1616 Joannis
2589 1558 2887 1630 Baptistaa.
2930 1559 3072 1613 Item
3107 1556 3406 1614 basilicam
3440 1556 3496 1612 in
3527 1556 3766 1613 civitate

2121 1647 2431 1705 Albanensi
2465 1648 2648 1705 sancti
2679 1647 2916 1704 Joannis
2947 1647 3244 1718 Baptistae.
3291 1647 3434 1702 Item
3468 1644 3764 1703 basilicam

369 1739 524 1796 Julii.
551 1739 770 1799 Floruit
803 1746 944 1800 tunc
971 1741 1250 1814 temporis
1280 1740 1588 1799 Melciades
1609 1743 1881 1799 Romanae
1921 1756 2007 1799 ec-
2035 1753 2089 1824 Β
2120 1737 2177 1794 in
2211 1739 2354 1794 urbe
2387 1735 2621 1810 Neapoli
2657 1736 2802 1792 miro
2833 1749 3010 1808 opere
3040 1735 3364 1806 exornavit,
3400 1735 3455 1791 in
3488 1735 3765 1792 honorem

371 1827 566 1887 clesize
597 1832 878 1904 pontifex.
896 1831 1122 1889 Floruit
1142 1834 1202 1888 et
1237 1835 1375 1888 tunc
1399 1831 1680 1902 temporis
1704 1831 1791 1888 vir
1805 1831 2014 1888 disser-

371 1919 630 1978 tissimus
649 1920 1360 1992 Paschasius,Viennensis
1381 1919 1658 1977 Ecclesiae
1681 1920 2008 1993 episcopus.

370 2008 604 2066 Phileas
633 2009 704 2066 de
737 2011 881 2066 urbe
910 2009 1164 2082 Egypti,
1199 2024 1326 2080 quae
1350 2014 1593 2066 vocatur
1621 2009 1882 2080 Thebais,
1919 2025 2016 2068 no-

372 2097 504 2154 bilis
531 2113 745 2168 genere
767 2098 1092 2170 episcopus,
1143 2097 1635 2167 elegantissimum
1670 2097 1880 2154 librum
1941 2099 2013 2154 de

371 2190 690 2260 martyrum
741 2187 911 2243 laude
963 2187 1278 2259 componit,
1311 2191 1370 2242 ct
1412 2202 1516 2257 pro
1567 2186 1794 2242 Christo
1821 2187 2014 2258 capite

371 2278 700 2332 truncatur.
755 2275 1046 2334 Arnobius
1101 2277 1254 2348 apud
1305 2275 1558 2332 Africam
1607 2275 2015 2333 ﬂorentissime

371 2363 722 2420 rhetoricam
754 2363 973 2434 docuit,
1007 2368 1065 2420 ct
1122 2365 1428 2422 advorsum
1488 2368 1693 2434 gentes
1724 2363 2016 2422 volumina

369 2451 694 2523 composuit
728 2467 856 2523 qua:
877 2451 1052 2523 vulgo
1081 2456 1334 2509 exstant.

446 2540 589 2612 [306]
644 2541 1056 2599 Constantinus
1104 2541 1424 2598 Constantii
1455 2556 1528 2597 ex
1557 2541 1879 2598 concubina
1909 2543 2017 2598 He-

371 2627 501 2686 lena
533 2629 706 2700 ﬁlius,
731 2629 786 2686 in
821 2631 1114 2687 Britannia
1145 2631 1462 2702 imperator
1491 2630 2017 2701 creatus,regnavit

370 2733 550 2776 annos
576 2719 1082 2790 triginta,menses
1111 2720 1333 2790 decem,
1369 2721 1440 2776 ab
1475 2735 1624 2776 anno
1659 2719 2016 2791 persecutio-

369 2806 459 2864 nis
486 2812 710 2879 quarto.
745 2809 1068 2865 Maxentius
1099 2808 1350 2866 Herculii
1382 2808 1705 2864 Maximiani
1729 2807 1885 2864 ﬁlius
1905 2810 2014 2864 Ro-

372 2911 478 2953 mae
501 2898 798 2966 Augustus
819 2896 1169 2969 appellatur.
1198 2897 1450 2954 Licinius
1472 2897 1824 2954 Constantia:
1854 2912 2014 2954 soro-

369 2985 452 3042 ris
480 2985 862 3057 Constantini,
899 2986 1136 3042 Carnuti
1187 2986 1508 3057 imperator
1550 2991 1806 3043 creatur.
1841 2989 2014 3044 Cons-

2125 1825 2522 1898 apostolorum
2553 1829 2612 1882 et
2643 1829 2981 1896 martyrum.
3017 1825 3172 1880 Idem
3206 1823 3522 1896 imperator
3553 1825 3768 1896 Depra-

2125 1931 2253 1972 nam
2295 1915 2593 1973 civitatem
2642 1914 2924 1986 Bithyniae
2958 1913 3016 1969 in
3047 1913 3323 1970 honorem
3361 1913 3636 1981 martyris
3663 1914 3771 1970 Lu-

2124 2005 2275 2062 ciani
2299 2005 2376 2060 ibi
2398 2004 2617 2062 conditi
2641 2005 2992 2076 instaurans,
3008 2018 3082 2060 ex
3095 2001 3376 2062 vocabulo
3400 2003 3603 2061 matris
3623 2017 3763 2074 suae,

2125 2093 2518 2166 Helenopolim
2552 2093 2925 2165 nuncupavit.
2964 2094 3120 2149 Idem
3160 2093 3365 2150 urbem
3398 2091 3647 2148 nominis
3677 2091 3765 2148 sui

2127 2187 2390 2241 statuens
2412 2184 2468 2240 in
2493 2183 2754 2254 Thracia,
2781 2183 2974 2240 sedem
2998 2183 3236 2240 Romani
3261 2181 3488 2254 imperii
3509 2185 3564 2238 et
3590 2184 3767 2253 caput

2125 2273 2308 2331 totius
2327 2273 2572 2330 orientis
2593 2287 2720 2330 esse
2745 2271 2948 2329 voluit.
2965 2273 3150 2343 Caput
3165 2285 3305 2329 vero
3330 2271 3512 2328 totius
3537 2269 3764 2343 imperii

2126 2368 2259 2418 ante
2271 2364 2505 2419 Romam
2532 2364 2656 2418 beat
2671 2361 2720 2417 is
2743 2360 3024 2433 apostolis
3045 2363 3221 2416 Petro
3236 2365 3294 2416 ct
3320 2359 3500 2417 Paulo
3523 2360 3629 2416 sub
3652 2363 3769 2416 tes-

2125 2456 2383 2508 tamento
2414 2451 2679 2522 tradidit,
2711 2450 3026 2507 nobiliores
3061 2451 3470 2520 Romanorum,
3504 2446 3768 2506 consula-

2125 2555 2220 2598 res
2251 2556 2481 2612 quoque
2514 2540 2689 2611 viros,
2724 2554 2790 2597 ac
2825 2553 2970 2611 pene
3021 2542 3210 2595 totum
3248 2542 3581 2595 senatorum
3613 2535 3770 2593 ordi-

2124 2644 2253 2686 nem
2273 2645 2404 2686 cum
2429 2631 2708 2688 uxoribus
2735 2634 2794 2686 et
2817 2629 3100 2700 liberis,in
3123 2629 3432 2686 secundam
3447 2626 3537 2684 vel
3559 2640 3768 2684 novam

2123 2721 2358 2776 Romam
2385 2717 2939 2791 Constantinopolim
2967 2718 3312 2775 translatum
3344 2717 3609 2774 habitare
3630 2730 3771 2772 con-

2122 2809 2392 2866 stituens.
2421 2809 2576 2864 Idem
2601 2809 2722 2880 ipse
2744 2809 2952 2865 statuit
2976 2808 3126 2865 citra
3151 2807 3324 2865 ullam
3348 2805 3640 2863 hominum
3663 2819 3770 2862 ca:-

2123 2898 2275 2969 dem,
2311 2912 2686 2970 paganorum,
2730 2896 2945 2968 templa
2977 2896 3192 2968 claudi,
3247 2909 3493 2966 arasque
3525 2893 3766 2950 deorum

2122 2985 2428 3057 confringi.
2461 2987 2666 3043 Rctius
2694 2984 3238 3056 Augustodunensis
3266 2984 3594 3057 episcopus,
3615 2981 3769 3039 cele-

367 3074 630 3172 tantinus
661 3074 978 3145 imperator
999 3075 1070 3130 de
1095 3078 1470 3146 persecutore
1502 3075 1864 3132 Christianus
1897 3077 2008 3132 fac-
2036 3107 2086 3172 α
2125 3077 2392 3147 berrimze
2417 3075 2580 3132 famae
2610 3076 2880 3144 habetur,
2905 3059 2963 3131 et
2994 3077 3288 3132 Juvencus
3312 3075 3620 3146 presbyter
3642 3071 3769 3128 Ilis-

368 3165 484 3232 tus,
517 3161 811 3219 licentiam
844 3163 1004 3218 dedit
1055 3162 1396 3219 Christianis
1428 3162 1610 3218 libere
1641 3165 2006 3236 congregari,

367 3253 428 3307 et
461 3249 517 3306 in
539 3249 815 3306 honorem
839 3249 1052 3307 Christi
1079 3251 1292 3321 ubique
1313 3251 1595 3308 ecclesias
1618 3252 1877 3308 construi
1905 3270 1919 3319 ;
1943 3267 2010 3310 ac

369 3353 516 3412 pene
550 3354 654 3411 per
683 3343 870 3396 totum
904 3339 1209 3411 imperium
1233 3341 1550 3396 Romanum
1567 3341 1866 3412 privilegia
1899 3341 2012 3399 sin-

365 3428 521 3499 gulis
549 3428 892 3485 civitatibus
922 3428 1106 3500 dedit,
1133 3434 1197 3486 ut
1232 3428 1484 3501 populus
1513 3429 1875 3488 Christianus
1903 3432 2012 3488 sub

362 3515 496 3586 jure
527 3519 586 3573 et
623 3515 990 3574 ordinatione
1013 3517 1417 3590 episc0porum
1451 3517 1635 3574 libere
1669 3519 1911 3590 viveret,
1945 3535 2012 3578 ac

369 3604 471 3662 Dei
500 3605 737 3678 templis
761 3605 944 3664 libere
968 3605 1202 3664 honoris
1224 3609 1581 3664 structuram
1613 3613 2008 3679 componeret.

367 3695 550 3766 Hujus
569 3695 934 3768 temporibus
973 3695 1216 3754 haeresis
1256 3695 1464 3752 Ariana
1506 3697 1808 3754 exoritur:
1837 3697 2014 3755 Nicae-

368 3797 622 3856 numque
643 3783 949 3841 concilium
993 3785 1062 3842 ad
1107 3785 1532 3842 damnationem
1554 3785 1697 3858 Arii,
1724 3790 1784 3843 et
1806 3787 2014 3844 conﬁr-

367 3871 677 3931 mationem
700 3873 944 3945 integra)
977 3873 1112 3931 ﬁdei
1143 3890 1216 3932 ex
1255 3875 1398 3932 orbe
1439 3879 1730 3932 terrarum
1773 3891 2014 3947 congre-

366 3966 561 4034 gatur,
577 3977 727 4019 anno
747 3967 878 4034 post
891 3963 1349 4021 incarnationem
1362 3965 1584 4021 Domini
1600 3965 2013 4022 trecentesimo

367 4051 644 4108 vicesimo
663 4051 940 4120 secundo,
957 4051 1050 4106 die
1083 4051 1298 4107 mensis
1321 4053 1640 4108 secundum
1665 4053 1896 4110 Graecos
1917 4055 2015 4109 De-

369 4138 476 4208 sei,
499 4137 778 4195 vicesimo
795 4153 963 4210 nono,
981 4138 1135 4208 quod
1157 4141 1246 4194 est
1273 4138 1497 4196 decimo
1517 4139 1904 4196 Kalendarum
1925 4143 2015 4198 Ju-

367 4225 597 4296 liarum,
623 4225 928 4283 consulatu
954 4227 1179 4283 Paulini
1202 4231 1260 4283 et
1281 4225 1511 4284 Juliani.
1537 4229 1660 4286 Uno
1690 4228 2012 4300 eodemque

368 4317 631 4386 tempore
643 4318 702 4371 et
724 4313 868 4372 illud
884 4316 1339 4374 sacratissimum
1365 4317 1682 4376 Concilium
1705 4317 1858 4390 apud
1873 4319 2014 4374 Are-

367 4403 544 4460 latem
575 4407 984 4462 sexcentorum
1005 4405 1411 4478 episcoporum
1434 4406 1751 4480 colligitur,
1767 4407 2011 4466 Martino

367 4495 507 4550 tunc
520 4494 795 4566 episcopo
807 4495 1065 4567 ejusdem
1079 4495 1334 4554 civitatis
1345 4497 1634 4553 existente
1651 4512 1666 4565 ;
1681 4497 1834 4568 apud
1849 4497 2013 4555 Vien.

368 4595 498 4638 nam
523 4583 761 4640 Claudio
784 4583 839 4640 in
863 4584 1152 4642 catholico
1166 4585 1434 4658 dogmate
1447 4584 1768 4642 clarissimo
1789 4587 2013 4658 episco-

368 4686 460 4744 po.
486 4673 700 4729 Eodem
721 4675 983 4746 tempore
1005 4675 1436 4732 Donatistarum
1459 4674 1513 4730 in
1538 4674 1732 4732 Africa
1762 4675 2009 4732 schisma

367 4761 576 4820 oritur.
601 4762 857 4834 Namque
879 4765 1136 4822 Donatus
1157 4779 1262 4836 per
1280 4764 1532 4822 Africam
1557 4767 1616 4822 et
1639 4764 1884 4821 maxime
1908 4766 2014 4822 Nu-

369 4850 622 4924 midiam,
638 4850 890 4909 afferens
903 4867 931 4909 a
946 4853 1163 4912 nostris
1175 4853 1509 4926 Scripturas
1521 4854 1574 4910 in
1601 4853 2009 4926 persecutione

366 4939 1117 5012 inimicistraditas,multos
1127 4957 1230 5000 sua
1245 4943 1618 5014 persuasione
1631 4943 1882 5015 decepit.
1899 4945 2010 5000 Per

369 5028 520 5086 idem
533 5031 710 5089 etiam
733 5033 963 5104 tempus
984 5032 1056 5088 ab
1079 5031 1294 5089 Helena
1311 5031 1670 5090 Constantini
1685 5035 1868 5090 matre
1889 5031 2013 5089 Hie-

370 5118 675 5190 rosolymis
692 5137 839 5180 crux
861 5120 1083 5179 Domini
1116 5121 1348 5180 inventa
1373 5126 1482 5178 est.
1519 5121 1930 5180 Constantinus
1951 5121 2006 5178 in

371 5205 484 5263 ﬁde
505 5209 812 5268 eruditusa
839 5213 900 5268 Β.
919 5211 1199 5270 Silvestro
1224 5225 1392 5283 papa,
1410 5209 1544 5268 fecit
1561 5210 1706 5268 miro
1727 5225 1904 5283 opere
1920 5212 2010 5268 ba-
2051 5250 2058 5257 ι

367 5293 701 5369 ptisterium
723 5299 938 5374 Romae,
956 5302 1052 5360 ubi
1067 5299 1394 5374 baptisatus
1414 5303 1502 5356 est
1519 5299 1686 5372 juxta
1712 5299 2008 5359 basilicam

367 5385 432 5441 B.
455 5385 692 5442 Joannis
703 5386 1000 5461 Baptistae,
1015 5407 1144 5463 qum
1160 5388 1489 5464 appellatur
1511 5389 2004 5448 Constantiniana.

369 5474 514 5532 Item
557 5473 854 5532 basilicam
901 5478 959 5534 B.
995 5479 1169 5538 Petro
1202 5480 1257 5538 iu
1299 5478 1517 5552 templo
1549 5477 1852 5550 Apollinis,
1885 5493 2012 5536 nec-

369 5577 484 5622 non
505 5564 640 5623 etB.
656 5563 859 5638 Paulo,
873 5580 1088 5640 corpus
1099 5569 1403 5644 utriusque
1415 5583 1532 5630 aere
1546 5568 1755 5644 Cyprio
1767 5568 2010 5630 circum-

2123 3163 2432 3236 panus,qui
2456 3163 2812 3220 hexametris
2835 3163 3100 3222 versibus
3119 3167 3370 3235 quatuor
3391 3162 3573 3220 libros
3592 3163 3768 3220 Evan-

2119 3253 2256 3324 gelii
2289 3253 2634 3326 composuit,
2660 3251 3000 3324 Firmianus,
3027 3253 3122 3325 qui
3145 3257 3204 3309 et
3229 3251 3566 3310 Lactantius
3585 3251 3768 3307 Arno-

2123 3342 2198 3398 bii
2225 3341 2568 3414 discipulus,
2603 3341 2952 3399 Nicomediae
2976 3342 3324 3398 rhetoricam
3350 3341 3548 3400 docuit
3579 3355 3646 3398 ac
3669 3353 3768 3412 pe-

2123 3431 2288 3488 nuria
2319 3429 2761 3503 discipulorum,
2797 3432 2870 3488 ob
2903 3431 3160 3488 Graecam
3183 3429 3411 3488 scilicet
3441 3429 3764 3500 civitatem,

2123 3521 2528 3578 ascribendum
2553 3535 2614 3578 se
2635 3520 2904 3578 contulit.
2931 3521 3034 3577 Hic
3059 3520 3114 3576 in
3137 3523 3398 3577 extrema
3425 3522 3766 3578 secnectute

2125 3610 2401 3682 magister
2430 3611 2676 3669 Caesaris
2706 3611 2892 3682 Crispi
2945 3610 3046 3666 ﬁlii
3096 3609 3456 3668 Constantini
3493 3609 3549 3666 in
3583 3607 3764 3666 Callia

2124 3700 2253 3771 fuit,
2291 3700 2388 3772 qui
2421 3704 2622 3772 postea
2655 3715 2686 3756 a
2719 3704 2884 3772 patre
2918 3700 3268 3758 interfectus
3295 3703 3404 3757 est.
3487 3729 3498 3738 -

2191 3777 2444 3847 Jacobus
2463 3789 2756 3846 Nizibenm
2779 3789 3106 3862 episcopus,
3133 3804 3284 3846 unus
3303 3804 3377 3846 ex
3397 3802 3636 3846 numero
3659 3789 3767 3846 sub

2123 3879 2350 3936 Maximi
2383 3883 2762 3951 persecutore
2810 3879 3204 3936 confcssorum
3237 3881 3298 3936 et
3346 3893 3546 3936 eorum
3578 3877 3674 3950 qui
3709 3877 3763 3933 in

2125 3969 2351 4027 Niczena
2384 3969 2602 4041 synodo
2633 3968 2903 4025 Arianam
2955 3968 3401 4040 perversitatem
3442 3966 3762 4025 homoousii

2123 4057 2546 4128 oppositionem
2587 4057 2956 4129 damnarunt,
2990 4056 3304 4115 multorum
3353 4056 3761 4130 opuscolorum

2123 4145 2379 4218 scriptor
2410 4145 2676 4203 moritur.

2199 4235 2342 4308 [337]
2389 4233 2761 4292 Constantius
2796 4249 2927 4292 cum
2958 4233 3335 4292 Constantino
3355 4239 3415 4292 et
3449 4236 3761 4293 Constante

2125 4324 2425 4396 fratribus,
2452 4327 2654 4394 regnat
2679 4338 2860 4381 annos
2881 4323 3082 4381 decem
3105 4327 3163 4380 et
3186 4328 3578 4396 octo,menses
3599 4325 3764 4396 quin-

2039 4463 2096 4528 D
2125 4429 2259 4486 que,
2283 4413 2410 4471 dies
2431 4413 2892 4487 quatuordecim.
2916 4415 3169 4472 Jacobus
3204 4415 3518 4473 Nizibenus
3539 4415 3763 4488 episco-

2130 4519 2235 4528 κ..-
2259 4503 2594 4528 ..ι-...μυιζιη-
2618 4521 2632 4528 -
2668 4503 2734 4528 ...Δ
2782 4505 2944 4528 Anz.--
2968 4518 3173 4528 __..........
3203 4517 3354 4528 -..η-,Α
3389 4505 3528 4528 ---ῑιρ
3563 4505 3734 4528 J:......:

2129 4519 2238 4576 pus
2257 4503 2634 4574 agnoscitur;
2667 4503 2738 4560 ad
2778 4505 2946 4576 cujus
2968 4518 3175 4576 preces
3201 4517 3356 4576 saepe
3389 4505 3530 4562 urbs
3559 4505 3762 4562 discri-

2121 4591 2273 4650 mine
2297 4591 2603 4650 liberatur.
2639 4593 2914 4665 Impietas
2937 4593 3146 4649 Ariana
3171 4593 3492 4650 Constantii
3516 4593 3762 4666 impera-

2121 4681 2267 4738 toris
2316 4682 2456 4740 l‘ulta
2493 4681 2785 4754 praesidio,
2827 4680 3066 4752 exsiliis,
3100 4681 3458 4754 carceribus,
3492 4687 3552 4738 et
3585 4683 3762 4740 variis

2121 4770 2500 4828 afﬂictionum
2522 4769 2726 4842 modis,
2753 4769 2998 4842 primum
3021 4769 3398 4828 Athanasium
3420 4770 3761 4829 Alexandri-

2121 4874 2208 4918 nae
2232 4859 2394 4917 urbis
2414 4859 3009 4932 episcopum-deinde
3031 4874 3232 4918 omnes
3272 4876 3384 4917 non
3423 4876 3544 4919 suae
3575 4861 3761 4934 partis

2118 4949 2444 5021 episcopos,
2469 4953 2798 5020 persecuta.
2834 4949 3174 5008 Maximinus
3192 4951 3574 5008 Treverorum
3597 4950 3760 5008 urbis

2119 5037 2448 5110 episcOpus,
2483 5037 2679 5096 clarus
2709 5039 2998 5107 habetur;
3032 5055 3062 5097 a
3095 5055 3208 5111 quo
3248 5040 3601 5098 Athanasius
3625 5055 3756 5098 cum

2119 5141 2150 5183 a
2182 5127 2519 5185 Constantio
2543 5133 2913 5200 quaereretur
2935 5129 3006 5186 ad
3031 5143 3280 5202 poenam,
3304 5129 3621 5187 honoriﬁce
3644 5144 3762 5186 sus-

2118 5219 2328 5288 ceptus
2367 5220 2476 5274 est.
2531 5216 2800 5274 Florebat
2844 5221 2904 5274 et
2953 5222 3094 5276 tunc
3137 5218 3418 5292 temporis
3456 5219 3763 5277 Nectarius

2116 5305 2459 5364 Viennensis
2479 5307 2808 5379 episcopus,
2834 5305 2890 5363 in
2915 5307 3180 5365 doctrina
3206 5308 3339 5366 ﬁdei
3361 5308 3628 5380 eximius,
3664 5306 3760 5380 qui

2119 5393 2175 5451 in
2207 5396 2442 5454 Vasensi
2475 5395 2570 5452 illa
2605 5395 2824 5469 synodo
2856 5397 3174 5455 venerabili
3209 5397 3430 5469 primus
3470 5396 3758 5468 interfuit,

2117 5487 2178 5540 et
2197 5485 2410 5557 Patris,
2443 5490 2502 5544 et
2536 5485 2683 5558 Filii,
2716 5490 2776 5544 et
2807 5487 3060 5560 Spiritus
3087 5485 3269 5543 sancti
3303 5499 3473 5542 unam
3503 5498 3633 5542 esse
3663 5501 3762 5543 na-

2115 5575 2308 5635 turam
2337 5579 2396 5635 et
2449 5579 2824 5651 potestatem,
2853 5581 2914 5636 et
2965 5575 3244 5634 deitatem
3276 5577 3336 5632 et
3367 5572 3670 5645 virtutem,
3703 5574 3757 5630 in
