4078 6180
233 248 305 319 93
1411 252 1836 313 CHRONICON.
1876 282 1948 298 -—-
1981 250 2181 316 ETAS
2219 258 2458 318 SEXTA.
3561 265 3632 329 06

229 371 488 433 Ecclesia
534 371 768 450 publice
807 377 1166 456 praedicavit,
1207 387 1266 442 et
1321 380 1537 445 docuit.
1593 384 1878 446 Antonius
1906 380 1963 457 Α
1992 382 2300 457 permittit.
2337 383 2444 454 Qui
2475 400 2607 445 cum
2638 399 2712 445 ex
2739 385 3007 447 omnibus
3036 384 3349 462 provinciis
3369 384 3628 464 collecti,

228 464 898 564 monachus_ce_ntesimo
931 473 1132 545 quinto
1163 475 1355 534 aztatis
1395 492 1544 534 anno
1584 476 1640 534 in
1682 493 1878 535 eremo

228 556 501 655 moritur.
539 556 824 655 Reliquiae
852 561 1148 621 Timothwi
1190 567 1436 639 apostoli
1477 569 1879 625 Constantino-

226 643 407 716 polim
432 645 703 706 invectae.
723 651 1041 710 Constantii
1059 657 1254 713 favore
1268 658 1439 716 Arius
1454 660 1761 732 presbyter
1776 660 1881 715 fre-

225 736 344 831 tus,
360 735 516 831 dum
610 738 1165 816 Constantinopolim
1180 747 1251 803 ad
1265 748 1567 806 ecclesiam
1582 754 1876 822 pergeret,

222 827 317 879 cui
354 827 499 881 tunc
525 827 855 887 Alexander
877 848 1057 891 senex
1085 838 1392 910 episcopus
1416 839 1765 912 prtesidebat
1790 839 1882 896 ad-

223 926 436 1001 versus
474 921 712 976 nostros
740 921 811 977 de
844 921 956 979 fide
989 926 1388 1000 dimicaturus,
1420 929 1720 987 divertens
1749 932 1876 1001 post

227 1000 420 1099 forum
458 1004 824 1066 Constantini
849 1013 919 1070 ad
953 1030 1184 1073 causam
1217 1019 1624 1091 necessariam,
1656 1000 1879 1077 viscera

223 1100 648 1188 ejus—repente,
672 1100 842 1157 simul
872 1120 1001 1160 cum
1033 1106 1151 1164 vita
1194 1108 1373 1167 eﬂ‘usa
1408 1114 1560 1167 sunt.
1606 1111 1881 1166 Constan-

223 1183 307 1271 tio
348 1182 592 1240 Romam
635 1186 897 1258 ingresso
936 1209 1063 1252 ossa
1116 1198 1175 1253 Β.
1231 1198 1477 1256 Andreze
1526 1197 1772 1271 apostoli
1821 1203 1881 1255 et

225 1268 392 1327 Lucze
435 1278 820 1347 evangelista:
861 1298 888 1339 a
933 1268 1589 1361 Constantinopolitanis
1626 1289 1771 1346 miro
1811 1289 1885 1345 fa-

228 1372 367 1457 vore
387 1370 672 1457 suscepta
695 1374 847 1428 sunt.
875 1374 1129 1434 Hilarius
1151 1376 1530 1435 Pictaviensis
1550 1379 1879 1451 episcopus,

224 1460 317 1517 (ιιιι
364 1451 579 1521 pulsus
619 1458 693 1514 ab
733 1461 981 1536 Arianis,
1022 1465 1078 1522 in
1127 1468 1435 1540 Phrygiam
1486 1467 1880 1535 exsulaverat,

222 1549 347 1633 Ῥω
372 1544 536 1612 apud
565 1546 1125 1625 Constantinopolim
1151 1556 1362 1615 librum
1389 1574 1492 1631 pro
1524 1573 1585 1615 se
1616 1557 1892 1613 Constan'

224 1628 301 1681 “0
330 1634 727 1708 Porreaisset,
765 1640 836 1696 ad
869 1642 1084 1702 Gallias
1114 1647 1309 1704 rediit.
1353 1628 1604 1705 Ilzeresis
1641 1646 1886 1703 Anthro-

1989 500 2133 543 nova
2194 484 2395 557 templi
2467 483 2840 541 fundamenta
2904 479 3392 553 jacerent,subito
3461 483 3630 549 nocte

1988 576 2217 646 oborto,
2243 577 2581 631 terraemotu
2606 587 2742 630 saxa
2767 573 2840 641 ab
2862 571 2974 627 imo
2999 569 3501 627 fundamentorum
3533 584 3631 625 ex-

1986 666 2600 738 cussa,longelateque
2626 677 2823 738 sparsa
2847 665 3015 728 sunt;
3037 659 3240 728 igneus
3264 672 3490 729 quoque
3510 657 3632 729 glo-

1990 761 2099 817 bus
2130 761 2201 816 ab
2224 758 2503 815 interiore
2525 757 2650 814 aede
2673 752 2874 825 templi
2899 763 3192 822 egressus,
3228 746 3508 819 plurimos
3537 762 3630 804 eo-

1990 865 2116 907 rum
2129 864 2235 906 suo
2249 846 2565 920 prostravit
2590 843 2877 902 incendio.
2906 842 3030 909 Quo
3052 843 3280 895 terrore
3302 834 3511 907 reliqui
3537 851 3631 907 pa-

1989 941 2224 1011 vefacti,
2268 939 2558 995 Christum
2600 933 3032 993 confitebantur
3065 925 3286 985 invicti.
3321 927 3391 981 Et
3423 938 3494 981 ne
3524 924 3631 981 hoc

1989 1047 2127 1090 casu
2149 1030 2461 1089 crederent
2486 1028 2722 1096 factum,
2747 1020 3015 1094 sequenti
3039 1015 3290 1076 noctein
3325 1013 3633 1071 vestimen-

1989 1121 2066 1178 tis
2107 1123 2451 1177 cunctorum
2474 1115 2670 1174 crucis
2691 1111 2960 1187 apparuit
2990 1109 3236 1180 signum.
3269 1103 3534 1162 Julianus
3554 1102 3633 1159 ef-

1993 1211 2132 1268 ferri
2156 1226 2285 1268 ossa
2307 1206 2659 1266 venerabilis
2679 1202 2879 1261 Jacobi
2902 1197 3162 1256 Nizibeni
3193 1192 3452 1267 episcopi
3479 1193 3633 1249 foras

1992 1300 2291 1359 civitatem
2309 1299 2499 1369 jubet,
2524 1278 2788 1352 invidens
2809 1291 2992 1364 ipsius
3014 1284 3340 1351 miraculis;
3368 1296 3495 1354 qua)
3520 1295 3631 1337 non

1992 1391 2161 1460 longe
2186 1393 2317 1462 post
2339 1386 2545 1444 ditioni
2566 1387 2879 1441 Persarum
2902 1377 3231 1448 subjicitur.
3247 1372 3533 1441 Julianus,
3551 1369 3633 1425 in-

1992 1484 2219 1538 certum
2243 1494 2272 1535 a
2296 1493 2430 1548 quo,
2454 1490 2585 1532 cum
2608 1472 2905 1530 exercitus
2926 1468 3082 1526 acies
3101 1467 3306 1522 contra
3321 1464 3632 1518 Persasor-

1995 1566 2654 1639 dinaret,perimitur,ac
2667 1559 2943 1617 intestina
2956 1572 3058 1614 sua
3073 1556 3126 1611 in
3143 1568 3277 1612 aera
3293 1550 3626 1624 projiciens,

1994 1658 2195 1715 insano
2217 1636 2318 1714 ore
2341 1655 2632 1712 Christum
2645 1650 2944 1708 Dominum
2959 1644 3385 1718 blasphemans,
3401 1636 3629 1709 Vicisti,

224 1722 734 1819 ppmorphitarum
768 1728 820 1783 in
855 1732 1015 1803 Syria
1057 1738 1115 1790 et
1157 1736 1212 1791 in
1251 1738 1600 1809 Macedonia,
1646 1739 1703 1796 in
1743 1740 1877 1796 Con-

1994 1748 2249 1819 Galilzcc,
2281 1744 2496 1816 vicisti,
2528 1744 2703 1799 vitam
2738 1755 2867 1797 cum
2900 1750 3080 1808 regno
3128 1731 3384 1807 perdidit
3415 1749 3428 1786 :
3463 1727 3631 1798 cujus.

226 1806 614 1912 stap‘tinopol‘i
650 1830 879 1912 quoque
911 1824 1187 1882 nascitur.
1219 1828 1476 1886 Donatus
1514 1806 1661 1887 artis
1694 1844 1877 1900 gram-

227 1901 449 1999 maticae
468 1903 759 1999 scriptor,
786 1922 852 1966 ac
876 1919 1202 1987 praeceptor
1224 1917 1576 1991 Hieronymi,
1601 1922 1795 1978 Romae
1818 1924 1879 1978 il-

226 1983 423 2087 lustris
465 1991 748 2087 habetur.
792 1983 1085 2061 Eusebius
1118 2007 1395 2066 Caesarea)
1436 1983 1765 2085 Palestina},
1817 2015 1874 2072 in

227 2077 553 2177 scripturis
579 2083 794 2177 divinis
816 2091 1295 2169 studiosissimus,
1321 2114 1385 2157 ac
1408 2057 1776 2161 bibliothecae

226 2182 364 2268 rma?
405 2186 549 2268 cum
591 2176 895 2268 Pamphilo
932 2188 1188 2257 martyre
1228 2188 1709 2259 diligentissimus
1748 2209 1877 2266 per-

225 2261 578 2355 vestigator,
605 2266 887 2338 moritur;
913 2274 1007 2343 qui
1034 2276 1280 2347 primum
1306 2279 1360 2335 in
1395 2280 1662 2339 Arianam
1694 2261 1876 2340 haere-

224 2348 323 2449 sim
338 2348 581 2449 lapsus,
606 2355 681 2449 ad
712 2360 1064 2420 catholicum
1098 2366 1302 2437 dogma
1334 2376 1644 2443 correptus
1674 2374 1868 2431 rediit.

226 2435 819 2536 Eustasiusprimum
851 2435 1200 2526 Coclesyrize,
1245 2458 1376 2515 dein
1419 2435 1719 2520 Antiochea
1756 2465 1876 2536 epi-

226 2539 457 2627 scopus,
486 2530 805 2627 adversum
831 2540 1105 2599 Arianum
1137 2545 1405 2616 dogmata
1436 2550 1615 2607 multa
1645 2530 1876 2626 compo-

227 2628 386 2713 nens,
420 2622 483 2674 in
514 2622 788 2682 exsilium
830 2629 1053 2703 pulsus,
1097 2636 1248 2705 apud
1288 2637 1708 2711 Trajanopolim
1744 2622 1877 2702 Tra-

224 2702 491 2803 chiarum
526 2712 733 2769 urbem
757 2702 1162 2779 conditusrest.
1200 2702 1504 2785 Marcellus
1533 2702 1877 2804 Ancyranus

222 2806 565 2890 episcopus,
585 2805 790 2861 contra
815 2808 1058 2867 Arianos
1080 2813 1362 2885 scribens,
1389 2819 1656 2887 arguitur
1680 2823 1875 2879 Sabel-

227 2879 403 2982 lianze
437 2885 724 2949 haereseos
749 2912 764 2960 ;
794 2897 895 2952 sed
928 2902 986 2953 et
1020 2901 1226 2959 beatus
1256 2879 1508 2963 Hilarius
1538 2907 1593 2962 in
1625 2911 1872 2982 septimo

233 2971 545 3066 adversum
578 2981 825 3041 Arianos
856 2985 1024 3058 libro,
1059 2991 1305 3049 nominis
1334 2993 1460 3063 ejus
1491 2998 1653 3066 quasi
1692 2971 1875 3057 haare-

1987 1839 2288 1895 interitum
2330 1852 2433 1908 per
2473 1830 2888 1891 revelationem
2938 1826 3096 1883 illico
3145 1838 3248 1896 per
3299 1820 3627 1878 universam

1984 1929 2301 1988 Ecclesiam
2340 1924 2574 2001 plurimi
2604 1921 2945 1993 agnoscunt.
2990 1915 3220 1972 Lucifer
3260 1909 3629 1968 Calarinatus

1984 2021 2334 2093 episcopusa
2348 2000 2688 2073 Constantio
2700 2024 2831 2067 cum
2846 2007 3131 2064 Nicaenam
3156 2003 3325 2059 fidem
3351 2000 3626 2055 damnare

1985 2085 2270 2180 nollet,-in
2283 2104 2650 2163 Palaestinam
2665 2096 3045 2169 relegatusab
3059 2091 3266 2149 exsilio
3279 2085 3622 2153 revertitur,

1985 2217 2014 2259 a
2048 2175 2391 2272 quo'postea
2424 2190 2849 2250 Luciferianum
2890 2183 3158 2242 schisma.
3203 2175 3489 2235 Eusebius
3528 2187 3627 2229 na-

1982 2263 2141 2348 tione
2156 2263 3113 2357 Sardus,Vercellensisepiscopus
3133 2266 3404 2326 similiter
3428 2278 3459 2320 a
3484 2263 3625 2318 Con-

1983 2379 2201 2439 stantio
2232 2392 2336 2450 pro
2364 2350 2730 2432 confessione
2759 2366 2915 2436 ﬁdei,
2959 2355 3353 2433 ScythOpolim
3379 2356 3451 2450 Aet
3490 2350 3623 2450 inde

1984 2441 2404 2543 Cappadociam
2420 2463 2734 2532 relegatus,
2752 2459 2824 2515 ab
2836 2453 3042 2512 exsilio
3061 2459 3354 2516 reversus,
3371 2441 3625 2500 factione

1983 2532 2327 2618 Arianorum
2352 2552 2722 2610 interficitur.
2750 2543 3062 2603 Fornacius
3084 2532 3490 2611 Aquilegensis
3520 2533 3625 2587 Ec-

1983 2649 2177 2708 clesiaa
2201 2646 2531 2718 episcopus,
2566 2640 2623 2695 in
2654 2640 2759 2694 hoc
2795 2633 3040 2691 maxime
3072 2623 3440 2718 detestabilis
3470 2620 3625 2718 quod

1985 2709 2275 2797 Liberium
2319 2709 2587 2791 Romana:
2636 2727 2799 2785 urbis
2847 2723 3187 2795 episcOpum
3238 2729 3343 2787 pro
3391 2712 3504 2767 fide
3552 2709 3624 2766 ad

1982 2828 2249 2887 exsilium
2274 2825 2611 2897 pergentem
2637 2817 2857 2889 primus
2878 2806 3237 2875 sollicitavit,
3263 2807 3321 2897 et
3346 2800 3540 2897 fregit,
3565 2802 3624 2855 et

1985 2921 2055 2978 ad
2069 2890 2514 2987 suscriptionem
2530 2911 2820 2964 haereseos
2832 2891 3392 2971 compulit.Acacius
3404 2890 3625 2945 Luscus

1985 3012 2139 3065 Caesa
2148 2973 2667 3075 reaeiepiscopusﬁn
2683 2995 2909 3049 tantum
2923 2990 3032 3045 sub
3046 2979 3384 3040 Constantio
3405 2973 3620 3034 claruit

232 3064 335 3162 tici-
352 3066 647 3162 meminit.
681 3073 863 3132 Porro
891 3076 989 3133 ille
1022 3079 1281 3137 defendit
1311 3097 1370 3139 se
1411 3064 1521 3140 non
1560 3099 1688 3144 esse
1729 3089 1867 3161 dog-

1992 3102 2036 3157 ιι
2051 3064 2297 3153 Felicem
2310 3064 2505 3148 llomze
2518 3101 2623 3160 pro
2636 3080 2862 3140 Liberio
2874 3077 3214 3151 episcopum
3225 3066 3619 3128 consecraret.

234 3152 604 3252 mati.s.cujus
634 3166 944 3221 accusatur
988 3170 1388 3228 communione
1425 3174 1561 3230 Julii
1599 3179 1658 3232 et
1700 3152 1875 3235 Atha-

234 3244 672 3341 nasiillomanae
692 3254 753 3306 et
774 3252 1180 3315 Alexandrina)
1205 3260 1364 3318 urbis
1388 3264 1744 3334 pontificum.
1774 3270 1875 3326 Ba-

233 3330 392 3435 silius
415 3336 762 3435 Ancylranus
782 3343 1093 3417 episcopus
1106 3330 1529 3409 Macedonians:
1546 3342 1872 3426 par-tiscum

236 3419 538 3522 Eustatbio
560 3429 880 3522 Sebasteno
903 3435 1173 3509 princeps
1197 3439 1336 3509 fuit;
1364 3441 1470 3498 fuit
1504 3419 1696 3503 autem
1731 3449 1876 3507 artis

238 3512 539 3571 medicinae
572 3519 817 3588 peritus.

271 3691 281 3701 ⁸
308 3602 448 3704 [3ῐξ1]
474 3606 761 3704 Julianus,
778 3615 1134 3688 annosduos,
1152 3633 1378 3678 menses
1390 3627 1542 3680 octo.
1561 3626 1661 3682 llic
1684 3628 1873 3685 exole-

238 3707 350 3791 rico
374 3702 700 3769 imperator
724 3702 911 3761 factus
934 3705 989 3761 in
1015 3706 1298 3766 idolorum
1322 3711 1613 3771 culturam
1644 3732 1878 3775 conver-

241 3786 1039 3884 titur,‘martyriaqueinfert
1073 3798 1432 3873 Christianis,
1467 3818 1683 3876 eosque
1717 3808 1877 3864 calli-

239 3871 321 3976 dis
363 3874 967 3976 circum‘ventionibus
1006 3887 1270 3959 odiisque
1314 3871 1707 3964 persequi-tur.
1752 3898 1876 3965 Quo

240 3964 496 4058 tempore
520 3966 676 4025 inter
698 3971 841 4029 alios
865 3974 962 4045 qui
988 3975 1042 4031 in
1069 3981 1193 4035 toto
1205 3981 1347 4037 orbe
1361 3996 1467 4053 pro
1481 3983 1708 4042 Christo
1723 3964 1875 4058 passi

241 4058 386 4144 sunt,
407 4057 664 4115 Joannes
693 4065 752 4116 et
784 4063 996 4121 Paulus
1028 4068 1220 4125 Romae
1264 4072 1604 4144 martyrium
1648 4074 1876 4134 illustre

242 4140 551 4203 duxerunt.
580 4150 793 4220 Pagani
817 4168 1046 4226 quoque
1071 4157 1223 4228 apud
1247 4140 1527 4218 Sebas'ten
1552 4163 1877 4224 Palaestina;

241 4233 434 4290 urbem
459 4238 795 4309 sepulcrum
820 4243 973 4299 beati
996 4246 1231 4304 Joannis
1264 4251 1540 4321 Baptistae
1573 4253 1851 4312 invadunt

227 4335 466 4395 ossaque
496 4326 865 4401 dispergunt,
892 4334 1095 4390 eadem
1122 4351 1327 4396 rursus
1347 4300 1605 4399 collecta

245 4416 486 4527 Tha-mutes,
519 4415 699 4527 latius
732 4434 1037 4521 peragros
1067 4432 1368 4497 spargunt.
1405 4431 1513 4487 Sed
1547 4433 1646 4489 Dei
1690 4435 1878 4506 provi-
1909 4465 1961 4527 D

243 4499 719 4602 dentia-adfuere
759 4510 991 4602 quidam
1030 4528 1104 4570 ex
1142 4515 1552 4590 Hierosolymis
1593 4499 1855 4580 monachi

245 4591 336 4660 qui
368 4568 792 4666 colligentibus
810 4601 985 4673 misti,
1002 4568 1878 4679 qusctht‘e'stiaafiliiﬁlii

222 4681 312 4781 ad
353 4688 583 4781 patrem
617 4703 783 4744 suum
813 4657 1884 4766 Philippum—

243 4773 372 4828 stim
396 4773 520 4875 haec
544 4776 742 4849 (supra
768 4793 831 4875 se
845 4781 996 4875 enim
1020 4782 1252 4841 dicebat
1284 4790 1513 4844 tantum
1546 4788 1882 4848 thesaurum

244 4868 496 4935 propriis
517 4881 756 4925 servare
778 4868 1014 4943 vigiliis)
1040 4872 1110 4929 ad
1128 4876 1457 4945 pontificem
1474 4879 1883 4950 Athanasium;

244 4954 380 5011 tunc
402 4956 737 5054 maximum,
764 4974 869 5033 per
888 4963 1177 5023 lulianum
1193 4965 1500 5025 diaconum
1514 4984 1681 5025 suum
1696 4969 1883 5040 misit;

245 5044 503 5146 quasille
535 5054 828 5146 suscepta,
863 5054 1065 5126 paucis
1106 5055 1365 5127 arbitris,
1406 5059 1515 5115 sub
1554 5063 1762 5117 cavato
1799 5075 1887 5118 sa-

245 5138 412 5191 crarii
428 5138 678 5210 pariete,
694 5140 916 5201 inclusa
932 5145 1237 5217 profutura
1249 5148 1609 5218 generationi
1634 5153 1885 5222 posterze

247 5228 608 5285 conservavit
644 5249 657 5285 :
690 5231 859 5302 cujus
892 5235 1237 5306 praesagium
1279 5238 1387 5294 sub
1424 5239 1742 5297 Theodosio
1786 5241 1886 5298 im-

249 5322 513 5384 peratore
546 5333 652 5392 per
682 5321 1059 5395 Theophilum
1082 5324 1341 5396 ejusdem
1366 5328 1530 5385 urbis
1549 5329 1884 5402 episcopum

248 5407 587 5480 completur.
643 5410 753 5478 Qui
795 5411 1099 5471 destructo
1150 5416 1382 5490 Serapis
1416 5419 1655 5490 templo,
1698 5420 1883 5476 sancti

246 5493 471 5596 {cannis
490 5499 708 5596 ibidem
734 5503 1101 5560 consecravit
1126 5505 1452 5563 ecclesiam.
1477 5507 1884 5567 Julianusodio

249 5583 451 5645 Christi
483 5589 770 5663 templum
805 5591 861 5648 in
902 5590 1314 5668 Hierosolymis
1351 5596 1570 5655 Judaeis
1608 5612 1884 5672 reparare

2058 3184 2200 3260 [362]
2236 3154 2535 3247 Iovianus,
2555 3189 2703 3232 anno
2725 3185 2860 3240 uno,
2885 3169 2979 3225 vel
3000 3161 3294 3230 utverius,
3328 3154 3624 3260 mensibus

1983 3238 2135 3336 octo.
2172 3238 2299 3343 (Qui,
2336 3271 2471 3327 dum
2503 3238 2564 3322 se
2614 3264 2685 3320 ab
2723 3238 2987 3318 exercitu
3038 3251 3450 3324 imperatorem
3498 3238 3624 3301 fieri

1984 3332 2372 3437 conspiceret,
2407 3369 2585 3428 seque
2617 3349 3005 3409 Christianum
3037 3342 3350 3407 affirmans,
3386 3332 3626 3407 paganis

1988 3422 2239 3530 praeesse
2271 3464 2382 3507 non
2416 3459 2586 3521 posse
2619 3440 2931 3507 assereret,
2964 3436 3032 3490 Et
3063 3446 3188 3502 nos,
3222 3425 3411 3498 inquit
3441 3422 3627 3481 omnis

1985 3511 2302 3611 exercitus,
2338 3511 2434 3610 qui
2468 3550 2571 3608 per
2598 3530 2888 3588 lulianum
2926 3536 3133 3581 nomen
3163 3515 3376 3574 Christi
3416 3511 3628 3583 abjeci-

1986 3651 2132 3705 mus,
2156 3601 2681 3689 tecu'm-Christiani
2706 3632 2834 3675 esse
2856 3614 3142 3672 volumus.
3169 3608 3392 3676 Quibus
3413 3601 3630 3660 auditis

1987 3693 2213 3795 imperii
2241 3721 2470 3789 sceptra
2494 3712 2772 3780 suscepit.
2808 3702 3072 3775 Synodus
3101 3694 3425 3795 Antiochiae
3457 3707 3487 3749 a
3519 3693 3630 3748 Me-
3724 3710 3733 3720 κ

1987 3786 2093 3869 lito
2124 3786 2359 3879 suisque
2380 3806 2531 3861 facta
2547 3801 2601 3855 in
2618 3812 2727 3869 qua
2742 3790 3216 3852 Macedonianum
3230 3786 3435 3854 dogma
3451 3795 3629 3852 prave

1987 3867 2280 3959 ﬁrmatur.
2305 3893 2581 3951 Jovianus
2610 3867 2777 3959 lapsu
2810 3877 3131 3939 Constantii
3178 3867 3630 3946 praedecessoris

1988 3987 2338 4055 admonitus,
2355 3958 2759 4039 honoriﬁciset
2773 3958 3630 4055 officiosissimislitterisAtha-

1988 4079 2210 4137 nasium
2236 4050 2506 4146 requirit,
2540 4070 2612 4126 ab
2634 4068 2760 4139 ipso
2784 4065 3025 4120 formam
3057 4054 3190 4113 fidei
3223 4050 3632 4110 ecclesiarum-

1989 4184 2099 4242 que
2130 4136 2621 4238 disponendarum
2647 4136 2903 4225 suscepit
2927 4147 3190 4214 modum;
3214 4142 3318 4242 sed
3340 4139 3511 4242 hujus
3534 4136 3627 4211 pia

1989 4231 2239 4329 laetaque
2268 4249 2552 4327 principia
2588 4260 2744 4302 mors
2774 4243 3082 4298 immatura
3112 4231 3420 4305 corripuit.

2057 4320 2311 4402 Hilarius
2341 4320 2505 4398 urbis
2524 4336 2895 4393 Pictavorum
2909 4324 3272 4399 Aquitanicae
3298 4320 3630 4394 episcopus,

1994 4435 2245 4492 factione
2280 4426 2576 4488 Saturnini
2609 4418 2969 4480 Arelatensis
3004 4413 3266 4488 episcopi
3305 4412 3377 4468 de
3413 4408 3633 4482 synodo

1994 4521 2311 4581 Biterrensi
2358 4519 2413 4575 in
2442 4514 2749 4588 Phrygiam
2781 4509 3080 4579 relegatur
3111 4504 3219 4562 sub
3269 4498 3627 4567 Constantio,

1992 4613 2090 4672 ubi
2115 4609 2421 4670 duodecim
2445 4607 2628 4663 libros
2657 4601 2964 4659 adversum
2988 4593 3235 4652 Arianos
3261 4588 3537 4660 confecit,
3570 4590 3629 4644 et

1991 4703 2202 4761 librum
2227 4701 2297 4758 de
2321 4695 2555 4772 synodis
2578 4693 2648 4750 ad
2671 4689 2984 4747 Galliarum
3015 4684 3324 4757 episcopos
3352 4678 3586 4752 scripsit
3616 4695 3630 4745 ;

1992 4798 2050 4850 et
2083 4792 2193 4850 alia
2226 4769 2497 4847 reversus
2530 4785 2600 4841 ab
2632 4780 2837 4839 exsilio
2869 4775 3155 4835 catholica
3188 4777 3247 4830 et
3281 4769 3450 4829 nimis
3488 4781 3632 4840 prae-

1993 4882 2149 4940 clara
2181 4895 2379 4953 Opera,
2414 4873 2691 4946 Serapion
2712 4870 2972 4927 Thaneos
2993 4865 3322 4939 cpiscopus,
3347 4854 3634 4928 elegantis

1994 4943 2235 5043 ingenii,
2262 4943 2376 5026 sub.
2402 4943 2738 5023 Constantio
2768 4959 2944 5017 etiam
2977 4957 3033 5013 in
3082 4951 3446 5012 confessione
3494 4943 3631 5002 tldei

1995 5060 2247 5133 inclytus
2268 5058 2533 5116 moritur.

2070 5129 2212 5224 [3⁷64]
2246 5147 2687 5207 Valentinianus
2717 5147 2774 5201 et
2806 5141 3017 5201 Valens
3060 5138 3242 5224 frater
3271 5129 3416 5202 ejus,
3449 5145 3631 5188 annos

1994 5220 2321 5312 duodecim,
2357 5235 2709 5312 Apollinaris
2730 5232 3088 5291 Laodicenus
3107 5222 3418 5295 episcopus
3438 5220 3634 5279 multi-

1994 5331 2160 5389 moda
2192 5333 2408 5386 nostra:
2440 5325 2739 5399 religionis
2770 5322 2987 5393 scripta
3015 5312 3362 5388 composuit.
3415 5312 3525 5370 Sed
3557 5312 3635 5369 in-

1992 5424 2203 5479 cautus
2231 5423 2432 5493 postea
2466 5434 2494 5473 a
2531 5416 2642 5473 fide
2676 5411 2934 5481 devians,
2969 5405 3234 5464 haeresim
3267 5403 3356 5463 sui
3388 5401 3634 5461 nominis

1994 5509 2268 5569 instituit.
2292 5506 2578 5565 Photinus
2602 5515 2831 5576 quoque
2853 5503 2913 5556 et
2937 5497 3253 5557 Eunomius
3276 5510 3346 5553 eo
3368 5498 3632 5566 tempore

1992 5599 2254 5658 haeretici
2288 5596 2704 5669 agnoscuntur.
2731 5589 2900 5649 Gothi
2933 5588 3086 5665 apud
3117 5587 3374 5646 Histrum
3412 5579 3631 5640 bifariaa
