4078 6180
439 287 620 346 98.

1448 278 1503 336 S.
1548 274 1807 335 ADONIS
1845 269 2288 332 ARCHIEPISC.
2329 271 2752 334 VIENNENSIS

3753 282 3831 338 96

435 410 590 471 inter
618 405 1018 480 Frigidernum
1039 406 1098 475 et
1121 400 1419 462 Ataricum
1442 401 1610 462 divisi
1633 405 1786 461 sunt.
1813 400 1924 458 Sed
1947 397 2065 456 Fri-
2091 395 2151 459 Δ
2179 403 2424 472 septem.
2450 399 2806 460 Theodosius
2824 399 2915 459 vir
2934 403 3212 460 strenuus
3232 415 3264 459 a
3287 399 3562 460 Gratiano
3583 399 3833 478 impera-

381 497 388 502 ’
437 501 717 573 gidernus
736 495 1033 554 Ataricum
1056 492 1318 552 Valentis
1339 491 1554 550 auxilio
1573 506 1877 564 superans,
1901 487 2074 559 hujus
2184 491 2280 546 tor
2300 491 2845 562 creatus,maximas
2875 491 3175 564 Scythicas
3201 492 3545 564 gentes,hoc
3575 498 3664 551 est
3699 493 3834 552 Ala-

435 587 701 646 beneficii
722 585 910 657 gratia
932 599 1004 642 ex
1025 583 1314 642 catholico
1335 581 1584 640 Arianus
1604 596 1735 638 cum
1757 579 1910 638 omni
1934 591 2073 648 gen-

434 680 495 734 te
527 677 841 734 Gothorum
873 673 1117 732 affectus
1146 675 1256 729 est.
1289 673 1445 729 Tunc
1475 669 1682 728 Vulfila
1714 683 1915 726 eorum
1953 666 2075 739 epi-

435 781 650 839 scOpus
677 763 951 821 Gothicas
980 761 1210 818 litteras
1239 759 1480 832 reperit,
1520 763 1581 816 et
1621 762 1934 828 utrumque
1974 757 2074 812 Te-

399 918 407 926 ,
437 857 788 912 stamentum
819 851 873 908 in
906 850 1158 922 linguam
1191 847 1484 922 propriam
1515 845 1838 905 transtulit.
1874 845 2074 902 Dama-

437 959 536 1002 sus
566 943 759 999 Romaa
789 940 1098 1013 episcopus
1135 938 1272 995 fecit
1314 935 1611 996 basilicam
1645 935 1813 1007 juxta
1857 933 2071 990 atrium

433 1034 638 1090 sancto
658 1029 989 1100 Laurentio,
1013 1031 1070 1084 et
1095 1025 1343 1084 aliam'in
1367 1023 1749 1096 catacumhis,
1766 1023 1864 1081 ubi
1874 1023 2074 1094 jacue-

437 1123 572 1178 runt
587 1133 832 1191 corpora
855 1120 1187 1174 sanctorum
1210 1114 1607 1188 apostolorum
1629 1111 1788 1170 Petri
1811 1110 2069 1182 etPauli,

434 1209 492 1266 in
527 1223 640 1280 quo
669 1207 798 1264 loco
828 1205 1139 1278 platomam
1171 1204 1374 1276 ipsam,
1410 1203 1507 1260 ubi
1533 1202 1842 1273 jacuerant
1873 1203 2071 1257 sancta

433 1311 704 1370 corpora,
751 1293 1020 1351 versibus
1067 1291 1391 1350 adornavit.
1444 1291 1654 1348 Valens
1699 1291 1772 1347 ab
1813 1288 2074 1346 Eudoxio

436 1385 780 1442 Arianorum
797 1381 1072 1455 episcopo
1087 1379 1420 1452 baptizatus
1434 1384 1666 1436 nostros
1677 1377 2069 1450 persequitur.

435 1471 744 1529 Gratianus
772 1467 1160 1528 Valentiniani
1194 1467 1348 1525 filius
1377 1467 1555 1524 tertio
1587 1466 1713 1537 ejus
1742 1480 1913 1536 anno,
1946 1467 2076 1520 Am-

435 1560 589 1619 biani
613 1560 931 1632 imperator
952 1561 1042 1614 est
1066 1557 1272 1613 factus.
1309 1553 1805 1626 ConstantinOpoli
1845 1557 2076 1625 aposto-

433 1649 620 1707 lorum
643 1647 981 1721 martyrium
1005 1645 1331 1702 dedicatur.
1356 1647 1493 1701 Post
1517 1643 1788 1700 Auxentii
1811 1641 2076 1698 Mediola-

2184 592 2308 649 nos,
2341 581 2596 647 Hunnos,
2629 584 2690 638 et
2721 581 2957 651 Gothos,
2992 581 3212 651 magnis
3252 581 3568 653 multisque
3611 583 3834 654 praeliis

2183 667 2343 724 vicit.
2371 667 2548 740 Cujus
2577 669 2832 726 studium
2866 668 2998 725 fidei
3030 683 3142 726 non
3167 669 3430 728 ferentes
3450 670 3670 744 Ariani,
3697 676 3830 744 post

2187 757 2572 828 quadraginta
2597 773 2777 814 annos
2796 757 3076 814 ecclesias
3097 773 3241 829 quas
3261 757 3316 813 vi
3340 762 3678 831 tenuerant,
3697 759 3834 816 reli-

2189 851 2463 916 querunt.
2489 847 2613 914 Quo
2633 851 2896 919 tempore
2918 845 3302 903 Viennensem
3325 846 3641 904 Ecclesiam
3667 863 3835 920 rege-

2189 933 2286 990 bat
2312 935 2511 992 Niceta
2539 935 3020 1008 praeclarissimus
3050 935 3104 992 in
3140 935 3410 1005 dogmate
3443 935 3579 993 fidei
3609 937 3835 1010 episco-

2187 1038 2314 1094 pus.
2361 1024 2470 1081 Sed
2509 1029 2567 1081 et
2613 1024 3012 1095 Lugdunensis
3048 1024 3357 1098 episeOpus
3393 1026 3617 1098 Justus,
3670 1026 3836 1084 mirae

2183 1112 2520 1171 sanctitatis
2546 1113 2656 1184 vir,
2693 1115 2790 1184 qui
2823 1113 3187 1186 postmodum
3213 1113 3414 1170 relicta
3439 1115 3578 1172 sede
3601 1114 3691 1172 sui
3715 1115 3837 1186 epi-

2183 1205 2476 1273 scopatus,
2502 1201 2656 1259 inter
2680 1201 3072 1260 sanctissimos
3094 1206 3292 1273 patres
3305 1203 3675 1260 anachoritas
3688 1203 3838 1260 mira

2184 1289 2514 1347 humilitate
2547 1289 2754 1362 latens,
2791 1291 3038 1348 moritur
3079 1291 3134 1347 in
3173 1290 3421 1364 Egypto
3447 1309 3462 1359 ;
3493 1291 3662 1363 cujus
3703 1307 3840 1350 ossa

2185 1378 2281 1450 pio
2304 1393 2498 1436 amore
2519 1378 2754 1437 solliciti
2780 1381 3190 1450 Lugdunenses
3219 1379 3288 1437 ad
3315 1381 3517 1438 urbem
3549 1396 3714 1438 suam
3747 1395 3845 1438 re-

2186 1471 2442 1539 portant,
2476 1483 2605 1525 ossa
2639 1483 2872 1540 quoque
2918 1469 3170 1526 Viatoris
3208 1469 3557 1526 sanctissimi
3595 1471 3845 1528 commi-

2185 1555 2354 1612 nistri
2381 1555 2579 1628 ipsius.
2608 1557 2845 1614 Constat
2879 1562 3072 1614 autem
3106 1557 3258 1615 hunc
3287 1557 3680 1615 venerabilem
3711 1559 3843 1632 epi-

2187 1659 2423 1716 scepum
2455 1647 2683 1702 Iustum
2717 1647 2824 1703 sub
2864 1646 3172 1704 Paschasio
3215 1647 3523 1704 Viennensi
3556 1647 3844 1721 episcopo

435 1737 631 1796 nensis
652 1735 912 1809 episcopi
937 1748 1124 1793 seram
1148 1736 1414 1802 mortem,
1439 1730 1742 1789 Mediolani
1775 1729 2078 1787 Ambrosio
2105 1741 2160 1802 Β
2190 1733 2498 1806 nutritum,
2525 1733 2748 1790 Claudii
2771 1733 3029 1804 ejusdem
3045 1735 3476 1808 urbisepiscopi
3501 1735 3842 1808 diaconum,

433 1827 710 1898 episcopo
734 1827 908 1895 facto,
931 1821 1117 1881 omnis
1137 1821 1207 1878 ad
1232 1821 1402 1878 fidem
1420 1825 1639 1878 rectam
1655 1819 1818 1877 Italia
1841 1833 2082 1876 conver-

2189 1821 2554 1894 postmodum
2595 1823 2664 1879 ad
2717 1827 2972 1880 sanctam
3025 1815 3465 1894 Lugdunensem
3515 1823 3844 1882 Ecclesiam

433 1915 601 1972 titur.
635 1917 920 1970 Nectarus
950 1909 1292 1969 Viennensis
1321 1913 1379 1966 et
1414 1909 1670 1966 Hilarius
1699 1907 2082 1966 Pictaviensis
2189 1911 2502 1980 regendam
2543 1911 2910 1969 translatum.
2965 1913 3228 1984 Synodus
3274 1917 3508 1970 centum
3551 1913 3846 1986 quinqua-

435 2001 695 2075 episcopi
729 2001 1074 2058 moriuntur.

505 2090 718 2147 Valens
743 2105 874 2146 cum
899 2089 1174 2145 Gratiano
1195 2091 1254 2144 et
1271 2081 2077 2144 ValentinianoValentiniani

444 2178 644 2235 fratris
674 2178 762 2235 sui
796 2177 948 2246 filiis,
991 2192 1172 2234 annos
1213 2180 1482 2247 quatuor.
1529 2173 1740 2230 Valens
1778 2172 1905 2242 lege
1945 2172 2079 2228 data

435 2273 497 2324 ut
529 2265 788 2324 monachi
824 2265 1164 2335 militarent,
1201 2265 1475 2321 nolentes
1509 2263 1762 2320 fustibus
1784 2260 1958 2332 jussit
1987 2276 2082 2317 oc-

431 2355 569 2412 cidi.
613 2355 763 2411 Gens
810 2355 1148 2410 Hunnorum
1181 2353 1280 2409 diu
1315 2351 1636 2409 inaccessis
1664 2349 1894 2408 seclusa
1927 2364 2084 2405 mou-

435 2443 613 2514 tibus,
648 2441 952 2514 repentina
984 2441 1146 2498 rabie
1188 2441 1434 2512 percita,
1477 2439 1698 2497 exarsit
1742 2439 1798 2494 in
1841 2437 2078 2508 Gothos,

432 2545 650 2603 eosque
688 2530 932 2603 sparsim
973 2531 1376 2600 conturbatos,
1419 2529 1492 2586 ab
1545 2527 1805 2599 antiquis
1845 2525 2084 2584 sedibus

435 2619 682 2692 expulit.
736 2619 902 2676 Gothi
953 2618 1202 2676 transito
1249 2617 1512 2674 Danubio
1553 2617 1862 2686 fugientes,
1906 2630 1937 2671 a
1977 2616 2084 2670 Va-

436 2707 594 2765 lente
634 2707 756 2766 sine
797 2722 1086 2764 armorum
1135 2705 1498 2778 depositione
1529 2705 1784 2778 suscepti
1819 2719 1921 2776 per
1951 2718 2084 2759 ava-

438 2796 630 2853 ritiam
662 2795 888 2852 Maximi
921 2794 1124 2862 ducis;
1167 2795 1314 2850 fame
1346 2794 1416 2850 ad
1452 2793 1852 2850 rebellandum
1893 2789 2082 2848 coacti

434 2887 591 2954 sunt,
615 2883 888 2954 victoque
911 2881 1170 2940 Valentis
1189 2881 1476 2965 exercitu,
1495 2897 1598 2953 per
1618 2880 1912 2937 Thraciam
1952 2892 2081 2936 sese

436 2971 765 3041 miscentes,
789 2969 958 3026 simul
989 2969 1176 3026 omnia
1208 2969 1488 3040 caedibus,
1513 2967 1814 3040 incendiis,
1839 2967 2082 3040 rapinis-

437 3073 550 3131 que
573 3057 982 3130 impleverunt.
1009 3057 1418 3128 Valentiniani,
1442 3061 1500 3114 et
1525 3057 1784 3114 Valentis
1813 3061 2076 3128 tempore

435 3232 731 3290 Mareotides
778 3230 1022 3304 paludes
1053 3230 1242 3301 juncti
1291 3231 1580 3302 Romanis,
1629 3236 2074 3304 superaverunt.

439 3322 689 3377 Francos
709 3318 905 3389 lingua
932 3319 1124 3376 Attica
1148 3318 1590 3376 Valentinianus
1610 3319 1925 3392 imperator
1947 3334 1976 3376 a
2003 3321 2081 3377 fe-

435 3408 614 3466 ritate
635 3412 696 3464 et
720 3406 937 3465 duritia
960 3411 1138 3478 atque
1171 3406 1412 3464 audacia
1436 3406 1718 3481 appellari
1745 3407 1964 3479 primus
1983 3423 2080 3465 vo-

434 3495 564 3554 luit.
590 3495 698 3564 Qui
725 3501 854 3568 post
881 3494 1180 3568 paululum
1202 3511 1334 3552 cum
1359 3495 1578 3552 tributa
1611 3495 1882 3552 Romanis
1909 3509 2081 3566 nega-

436 3589 591 3654 rent,
624 3588 684 3641 et
716 3585 1101 3641 Romanorum
1155 3583 1434 3656 impetum
1477 3584 1636 3641 ferre
1659 3598 1770 3640 non
1823 3587 2079 3656 possent,

435 3671 656 3744 egressi
679 3687 710 3729 a
733 3671 1071 3743 Sicambria,
1089 3676 1484 3744 pervenerunt
1498 3672 1555 3728 in
1575 3676 1869 3729 extremas
1882 3676 2084 3745 partes

437 3761 620 3820 Rheni
651 3759 907 3820 fluminis
938 3759 995 3817 in
1026 3761 1440 3818 Germanorum
1473 3761 1706 3834 oppida,
1750 3761 1949 3834 ibique
1980 3755 2082 3819 ali-

438 3855 580 3924 quot
618 3865 800 3909 annos
817 3865 949 3909 cum
973 3849 1334 3923 principibus
1355 3851 1478 3910 suis
1497 3849 1836 3910 Marcomiro
1857 3855 1915 3909 et
1940 3854 2082 3910 Sun-

438 3955 586 3998 none
607 3939 978 3998 resederunt.
1002 3939 1109 3997 Ubi
1137 3939 1384 4012 primum
1401 3955 1597 4011 regem
1613 3941 2079 4000 Pharamundum

439 4028 550 4084 sibi
581 4027 948 4098 postmodum
979 4031 1268 4096 statuunt,
1302 4026 1681 4100 legisbusque
1712 4045 1775 4086 se
1797 4031 2078 4103 subdunt,

441 4127 586 4184 quas
607 4113 834 4184 priores
853 4127 1052 4170 eorum
1067 4113 1428 4172 Wisovastus
1439 4118 1496 4171 et
1510 4115 1890 4188 Wisogastus,
1914 4115 2082 4176 Ar'to-

435 4203 660 4272 gastus,
694 4199 1029 4271 Salegastus
1067 4201 1434 4260 invenerunt.
1477 4203 1810 4263 Victorinus
1847 4206 2081 4264 natione

437 4288 576 4345 Afer
595 4288 705 4348 sub
727 4288 1102 4346 Constantino
1124 4289 1384 4364 principe
1398 4292 1748 4352 rhetoricam
1773 4293 2006 4367 docens,
2023 4295 2080 4352 in

439 4379 701 4434 extrema
723 4381 1028 4436 senectute
1044 4379 1589 4439 Christisetradidit
1616 4383 1768 4441 fidei.
1795 4385 1955 4442 Titus
1976 4385 2082 4442 Bo-

440 4467 676 4523 strenus
731 4465 1060 4540 episcOpus,
1120 4467 1442 4527 acerrimus
1485 4476 1688 4528 contra
1738 4473 2081 4533 Manichmos

443 4553 792 4626 disputator,
827 4555 1092 4614 moritur.
1129 4557 1483 4615 Athanasius
1514 4557 1946 4622 Alexandrinus
1965 4563 2086 4636 epi-

440 4657 672 4715 scopus,
696 4641 876 4700 multa
898 4643 1243 4702 Arianorum
1269 4647 1840 4721 perpessusinsidiis,
1857 4650 1928 4708 ad
1943 4652 2086 4708 Con-

443 4735 693 4790 stantem
726 4729 1040 4790 Galliarum
1074 4733 1392 4808 principem
1418 4737 1596 4807 fugit;
1629 4737 1780 4795 unde
1811 4753 2088 4798 reversus

322 4867 333 4877 .
439 4835 570 4878 cum
593 4819 828 4892 litteris,
852 4824 909 4877 et
935 4836 1166 4880 rursum
1192 4828 1321 4896 post
1355 4830 1599 4883 mortem
1632 4825 1790 4884 illius
1827 4827 2081 4902 fugatus,

444 4924 629 4982 usque
659 4909 730 4968 ad
759 4908 982 4966 Ioviani
1023 4909 1330 4983 imperium
1371 4913 1564 4972 latuit.
1607 4917 1653 4972 A
1695 4931 1809 4989 quo
1847 4922 2084 4991 recepta

443 4995 699 5058 Ecclesia
730 4998 839 5056 sub
869 4998 1112 5056 Valente
1144 5000 1410 5060 moritur.
1443 5004 1692 5076 Ephrem
1724 5005 1954 5064 Edessa:
1985 5008 2086 5065 Ec-

441 5079 637 5168 clesize
669 5088 966 5158 diaconus,
999 5085 1090 5144 vir
1123 5087 1178 5144 in
1212 5103 1314 5146 sua
1349 5089 1566 5164 lingua,
1601 5093 1657 5150 id
1681 5098 1770 5152 est
1793 5097 1931 5168 Syra
1953 5110 2086 5154 eru-

443 5167 784 5247 ditissimus,
808 5176 1076 5234 moritur.
1102 5175 1352 5235 Basilius
1373 5178 1652 5238 Caesareae
1684 5167 2081 5257 Cappadociae,

440 5269 571 5327 qua:
611 5259 776 5330 prius
814 5265 1104 5324 Mazacate
1143 5265 1436 5324 Gratiano.
1491 5268 1804 5341 Gregorius
1853 5287 2084 5344 quoque

438 5345 857 5422 Nazianzenus,
880 5354 970 5411 vir
991 5354 1523 5430 eloquentissimus,
1540 5365 1866 5433 praeceptor
1886 5361 2086 5420 Hiero-

440 5434 616 5508 nymi,
652 5437 760 5496 sub
788 5437 1104 5501 Theodosio
1132 5444 1248 5516 jam
1281 5445 1544 5520 principe
1576 5449 1841 5507 moritur.

513 5523 659 5599 [379]
693 5525 1005 5588 Gratianus
1041 5547 1172 5590 cum
1217 5535 1399 5596 fratre
1439 5536 1864 5612 Valentiniano,
1905 5552 2086 5599 annos

2185 1999 2346 2070 ginta
2372 2005 2601 2071 patrum
2626 1999 2681 2056 in
2705 2001 2849 2056 urbe
2871 2001 3029 2070 regia
3057 2001 3560 2073 Constantinopoli
3591 2017 3847 2074 congre-

2186 2091 2382 2158 gatur,
2415 2088 2698 2145 adversus
2737 2088 3150 2146 Macedonium.
3187 2089 3430 2147 Damaso
3460 2091 3655 2148 Romae
3685 2091 3849 2163 epis-

2187 2191 2353 2248 copo,
2369 2177 2718 2234 Ambrosius
2738 2176 3182 2235 Mediolanensis
3201 2177 3477 2236 Ecclesiae
3500 2178 3845 2251 episcopus,

2191 2265 2246 2322 in
2258 2265 2675 2322 catholicorum
2690 2265 2959 2336 dogmate
2971 2265 3204 2324 claruit.
3222 2267 3577 2324 Theodosius
3592 2267 3850 2340 impera-

2191 2361 2283 2412 tor
2296 2353 2604 2410 Arcadium
2621 2353 2800 2410 filium
2813 2359 3143 2411 consortem
3159 2355 3383 2427 imperii
3397 2355 3488 2412 sui
3508 2355 3850 2413 facit.Anno

2189 2441 2445 2500 secundo
2467 2441 2722 2498 Gratiani
2749 2442 3140 2514 imperatoris,
3166 2442 3291 2514 ipso
3304 2443 3497 2501 sexies
3509 2444 3850 2501 etTheodo-

2190 2531 2276 2588 sio
2313 2530 2672 2600 consulibus,
2723 2531 3073 2602 TheOphilus
3119 2531 3447 2602 paschalem
3496 2535 3848 2604 computum

2191 2619 2444 2691 scripsit.
2481 2619 2778 2690 Maximus,
2811 2619 2901 2675 vir
2930 2619 3163 2690 quidem
3198 2623 3478 2678 strenuus
3507 2624 3568 2676 et
3591 2621 3845 2692 probus,

2191 2712 2368 2778 atque
2409 2709 2672 2778 Augusto
2703 2707 2933 2778 dignus,
2967 2707 3014 2766 si
3065 2722 3176 2764 non
3211 2711 3420 2764 contra
3471 2713 3848 2766 sacramenta

2192 2796 2326 2853 fidei
2368 2795 2737 2869 tyrannidem
2785 2796 3144 2868 emersisset,
3179 2795 3236 2852 in
3269 2795 3565 2854 Britannia
3616 2795 3850 2855 invitus

2193 2884 2609 2957 propemodum
2633 2885 2705 2942 ab
2727 2884 2990 2941 exercitu
3015 2884 3334 2956 imperator
3353 2889 3612 2956 creatus,
3639 2885 3696 2941 in
3710 2885 3847 2942 Gal-

2194 2973 2326 3030 liam
2365 2973 2622 3043 transiit,
2675 2973 2871 3044 ibique
2923 2973 3258 3030 Gratianum
3310 2973 3637 3043 Augustum
3687 2973 3848 3032 dolis

2107 3084 2160 3150 α
2189 3063 2648 3150 circumventum
2672 3061 2825 3150 apud
2857 3061 3194 3150 Lugdunum
3217 3060 3452 3150 occidit,
3479 3063 3848 3134 fratremque

436 3145 796 3202 rebellantes
825 3144 1193 3214 Alamannos,
1230 3145 1430 3201 Franci
1471 3143 1624 3200 inter
1655 3145 1976 3201 Danubium
2016 3148 2076 3200 et
2118 3143 2159 3150 '
2189 3147 3845 3222 ejusValentinianumItaliaexpulsum,Viennaeprimum

2104 4434 2160 4498 D

2189 3238 2375 3295 latere
2405 3237 2617 3308 coegit,
2644 3235 3028 3307 justissimam
3059 3251 3286 3310 pmnam
3326 3253 3458 3296 cum
3499 3243 3690 3296 matre
3736 3255 3846 3298 sua

2185 3325 2411 3384 Iustina
2435 3324 2886 3398 persolventem,
2912 3340 3042 3397 qua
3064 3325 3225 3383 illum
3248 3326 3460 3384 Ariana
3482 3326 3692 3384 haeresi
3719 3327 3848 3401 pol-

2189 3414 2295 3472 luit
2331 3433 2345 3470 :
2378 3418 2438 3471 et
2461 3413 2827 3471 Ambrosium
2849 3415 3185 3487 episcopum
3207 3415 3726 3473 eminentissimam
3749 3431 3848 3474 ca-

2187 3503 2421 3560 tholicae
2443 3501 2576 3559 fidei
2600 3517 2793 3560 arcem
2815 3506 2878 3560 ut
2904 3503 3123 3575 perfida
3138 3503 3442 3562 obsidione
3455 3509 3714 3576 vexavrt,
3733 3520 3846 3563 nec

2189 3596 2324 3650 ante
2343 3595 2535 3664 empta
2551 3591 2798 3648 nefanda
2822 3590 3105 3664 deseruit,
3130 3591 3240 3650 nisi
3263 3597 3392 3665 post
3420 3591 3683 3664 prolatas
3704 3593 3846 3651 bea-

2189 3685 2380 3738 torum
2404 3683 2724 3753 martyrum
2749 3679 3030 3753 reliquias
3049 3681 3380 3740 Gervasiiet
3394 3681 3668 3754 Protasii,
3693 3697 3849 3754 quas

2190 3767 2429 3826 Domino
2459 3767 2760 3826 revelante
2792 3768 2944 3826 idem
2979 3770 3190 3830 beatus
3227 3770 3537 3844 episcopus
3576 3769 3848 3829 incorru-

2189 3863 2320 3932 ptas
2341 3857 2581 3932 reperit.
2606 3857 3442 3918 TheodosiusValentinianum
3456 3859 3623 3917 Italia
3635 3861 3848 3932 expul-

2189 3963 2315 4006 sum
2350 3947 2596 4018 benigne
2629 3948 2893 4021 suscipit.
2948 3947 3294 4006 Priscilliani
3335 3949 3578 4007 haeresis
3621 3948 3842 4007 oritur.

2190 4035 2347 4092 Idem
2377 4035 2779 4093 Priscillianus
2809 4041 3121 4095 accusante
3152 4038 3350 4110 Itacio,
3397 4053 3429 4096 a
3467 4037 3713 4096 Maximo
3755 4043 3847 4112 ty-

2192 4138 2374 4181 ranno
2393 4123 2589 4195 gladio
2609 4123 2877 4182 caeditur.
2913 4126 3196 4185 Martinus
3222 4129 3582 4185 Turonorum
3613 4126 3846 4200 episco-

2192 4227 2300 4286 pus
2331 4211 2740 4270 miraculorum
2774 4212 3017 4285 insignis
3043 4214 3281 4274 effulsit.
3315 4218 3451 4274 Post
3483 4215 3845 4274 Pharamun-

2191 4301 2327 4359 dum
2358 4301 2560 4358 Franci
2593 4301 2927 4360 Clodionem
2957 4303 3084 4376 ejus
3115 4304 3295 4363 filium
3327 4305 3435 4364 sibi
3478 4320 3676 4376 regem
3721 4310 3846 4364 sta-

2189 4394 2383 4448 tuunt.
2417 4389 2641 4448 Abhinc
2662 4392 2864 4451 Franci
2889 4393 2944 4450 in
2969 4393 3180 4453 finibus
3198 4394 3641 4466 Thuringiorum
3675 4395 3844 4453 habi-

2189 4483 2403 4552 tantes,
2436 4479 2679 4539 crinitos
2718 4497 2889 4554 reges
2937 4481 3154 4541 habere
3200 4488 3526 4557 coeperunt.
3579 4483 3638 4540 Id
3689 4487 3844 4541 tem-

2193 4568 2352 4642 poris
2379 4571 2618 4629 Romani
2651 4570 2868 4630 Gallias
2896 4573 3198 4630 tenebant.
3243 4573 3400 4630 Citra
3449 4572 3699 4645 Ligerim
3732 4573 3844 4631 flu-

2191 4659 2346 4717 vium
2379 4659 2548 4718 Gotbi
2580 4659 3026 4730 Burgundiones
3053 4676 3284 4734 quoque
3315 4661 3580 4720 doctrina
3621 4661 3839 4721 Ariana

2193 4748 2391 4807 infecti
2438 4749 2524 4806 cis
2571 4747 2843 4820 ultraque
2891 4748 3230 4809 Rhodanum
3287 4751 3652 4810 habitabant.
3713 4753 3840 4808 Pri-

2193 4852 2322 4895 mus
2349 4852 2455 4894 rex
2485 4838 2832 4894 Francorum
2867 4836 3064 4896 Clodio
3095 4853 3126 4896 a
3154 4844 3352 4898 castro
3388 4838 3838 4912 Thuringiorum

2192 4925 2452 4998 Dysporo
2480 4925 2798 4998 profectus,
2831 4926 3091 4986 Rhenum
3122 4928 3355 4986 transiit
3382 4947 3397 4999 ;
3429 4933 3707 5003 superato
3727 4930 3840 4986 Ro-

2193 5027 2491 5070 manorum
2505 5013 2741 5087 pepulo,
2757 5016 3164 5074 Carbonariam
3179 5017 3398 5091 sylvam
3419 5017 3632 5090 tenuit,
3648 5033 3838 5090 usque

2193 5101 2264 5158 ad
2299 5102 2670 5161 Camaracum
2711 5104 2892 5177 venit,
2936 5104 3133 5178 ibique
3172 5105 3501 5166 interfectis
3538 5107 3834 5179 Romanis,

2192 5189 2388 5249 sedem
2419 5191 2529 5249 sibi
2562 5193 2788 5250 statuit.

2269 5277 2415 5354 [385]
2449 5280 2769 5340 Theodosiu
2805 5323 2822 5354 ,
2857 5281 3131 5341 Gratiano
3160 5283 3350 5344 adhuc
3381 5285 3635 5359 vivente,
3667 5283 3837 5343 annis

2193 5383 2298 5428 sex
2328 5368 2623 5427 Orientem
2655 5371 2844 5428 tenuit
2870 5389 2886 5441 ;
2919 5370 3020 5431 illo
3050 5377 3281 5432 mortuo
3320 5375 3626 5449 imperavit
3668 5373 3836 5432 annis

2197 5458 2486 5517 undecim.
2512 5460 2641 5532 Ipse
2663 5464 2723 5518 et
2746 5459 3205 5539 Valentinianus,
3241 5479 3412 5538 quem
3443 5464 3611 5524 Italia
3629 5462 3834 5538 expul-

2195 5562 2321 5608 sum
2353 5547 2600 5622 benigne
2629 5556 2989 5626 susceperat,
3023 5567 3089 5612 ac
3119 5553 3288 5614 simul
3308 5554 3614 5615 Maximum
3635 5557 3833 5629 tyran-
