4078 6180
234 320 302 372 97
1365 317 1792 375 cunemcom.
1832 345 1904 360 --
1943 313 2142 372 arras
2182 315 2420 372 SEXTA.
2807 387 2810 390 _
3555 319 3626 374 93

231 450 364 491 num
385 434 571 489 tertio
593 434 666 489 ab
687 433 950 504 Aquileia
977 433 1169 507 lapide
1193 436 1573 497 interﬁciunt.
1601 441 1875 498 Maximus

1994 437 2103 493 alia
2117 451 2292 509 opera
2307 436 2489 493 libros
2499 440 2703 492 contra
2715 448 2916 492 omnes
2928 433 3180 491 haereses
3192 433 3634 506 scripsit.Euno-
3724 498 3725 501 η

232 523 588 578 Britanniam
621 522 775 577 omni
811 538 953 594 pene
995 528 1273 581 armatam
1301 527 1632 599 juventute,
1667 530 1896 602 copiis-‘

231 626 340 682 que
374 611 732 666 militaribus
762 611 1130 684 exspoliavit,
1162 629 1290 684 quae
1311 630 1441 673 eum
1468 617 1522 673 in
1553 618 1767 675 Gallias
1789 633 1875 676 se-

227 706 402 769 cutae,
439 714 737 770 nunquam
775 699 924 756 ultra
958 701 1028 756 ad
1061 702 1290 760 domum
1325 705 1571 762 rediere.
1597 707 1875 763 Videntes

228 788 642 845 transmarinae
671 792 880 857 gentes
910 789 1239 848 saevissima:
1275 795 1575 856 Scotorum
1612 811 1640 851 a
1673 796 1872 866 circio,

229 877 530 933 Pictorum
546 877 618 931 ab
633 877 924 947 aquilone,
941 878 1280 936 destitutam
1298 882 1479 938 milite
1494 897 1557 939 ac
1571 883 1875 940 defensore

229 965 504 1035 insulam,
539 965 880 1036 adveniunt,
918 973 975 1022 et
1005 972 1290 1025 vastatam
1327 971 1731 1043 direptamque
1749 988 1875 1028 eam

228 1068 334 1126 per
357 1052 579 1109 multos
601 1068 782 1110 annos
803 1055 1157 1126 opprimunt.
1176 1058 1558 1131 Hieronymus
1571 1063 1878 1133 presbyter

227 1141 283 1197 in
314 1141 622 1197 Bethleem
646 1146 774 1197 toto
796 1143 1008 1199 mundo
1028 1143 1224 1201 clarus
1246 1146 1515 1219 habetur,
1543 1149 1638 1219 qui
1666 1149 1877 1206 librum

226 1244 399 1300 quem
425 1231 501 1285 de
523 1229 679 1286 Viris
699 1229 1031 1288 illustribus
1050 1233 1322 1291 Ecclesiae
1346 1237 1571 1309 scribit,
1601 1253 1783 1310 usque
1807 1239 1877 1296 ad

226 1318 520 1374 decimum
564 1323 837 1388 quartum
865 1320 1048 1377 totius
1079 1320 1304 1389 imperii
1341 1326 1641 1382 Theodosii
1667 1341 1878 1384 annum

227 1406 525 1479 perducit.
554 1407 822 1463 Gentium
846 1408 1061 1480 templa
1078 1425 1181 1481 per
1203 1416 1388 1469 totum
1403 1415 1880 1485 orbem,jubente

225 1495 556 1551 Theodosio
597 1496 1044 1568 subvertuntur,
1069 1514 1135 1554 ac
1170 1515 1273 1570 pro
1303 1501 1389 1557 eis
1419 1503 1630 1561 Christi
1664 1504 1879 1575 templa

228 1584 446 1653 ubique
473 1583 709 1639 micant.
729 1585 838 1638 Per
861 1584 1008 1640 idem
1029 1590 1879 1658 tempusJoannesanachoreta

225 1672 477 1741 insignis
495 1671 734 1728 claruit.
766 1673 873 1739 Qui
899 1674 1072 1730 etiam
1105 1677 1422 1733 Theodosio
1451 1679 1776 1735 consulenti
1809 1681 1880 1736 de

227 1760 491 1854 Eugenio
523 1764 797 1854 tyranno,
823 1761 1126 1854 victori-am
1161 1763 1243 1818 illi
1273 1767 1567 1854 praedixit.
1602 1769 1878 1825 Damasus
1905 1793 1960 1854 Β

225 1850 421 1904 Romae
445 1848 619 1905 urbis
638 1849 966 1921 episcopus,
992 1849 1227 1921 elegans
1268 1853 1322 1908 in
1363 1855 1630 1912 versibus
1649 1871 1878 1928 compo-

225 1937 438 1994 nendis
460 1937 759 2006 ingenium
783 1937 1006 2009 habuit,
1032 1945 1089 1995 et
1131 1957 1310 2013 prope
1334 1944 1741 2013 octogenarius
1764 1961 1880 2001 mo-

224 2028 396 2083 ritur.
445 2025 807 2097 Apollinaris
845 2027 1156 2100 episcopus
1194 2031 1550 2088 Laodicenus
1588 2033 1785 2105 Syriae,
1822 2034 1877 2090 in

224 2115 556 2186 Scripturis
578 2129 688 2170 non
717 2130 919 2186 parum
947 2117 1288 2191 instructus,
1315 2134 1344 2175 a
1370 2136 1483 2190 quo
1504 2121 1880 2192 Apollinaris-

225 2209 299 2260 ιω
324 2205 606 2260 feruntur
629 2204 928 2259 nominati.
949 2205 1224 2264 Patianus
1238 2207 1291 2262 in
1308 2209 1733 2280 Pyrenaeijugis
1747 2213 1880 2267 Bar-

222 2291 441 2349 cillonc
465 2292 1009 2363 episcopusoptima
1025 2300 1327 2352 senectute
1352 2298 1619 2368 moritur,
1634 2301 1880 2370 castiga-

224 2387 302 2437 ta:
325 2380 710 2452 eloquentiae,
736 2385 851 2437 tam
876 2382 992 2438 vita
1018 2398 1186 2454 quam
1211 2399 1476 2442 sermone
1497 2386 1710 2445 clarus.
1735 2390 1880 2445 Pho-

224 2470 386 2526 tinus
409 2469 484 2525 de
508 2468 888 2537 Gallograecia
923 2471 1176 2528 Marcelli
1200 2472 1522 2546 discipulus
1551 2477 1737 2548 Syrini
1761 2477 1881 2550 epi-

225 2574 446 2630 scopus
466 2573 497 2613 a
522 2557 929 2614 Valentiniano
967 2559 1169 2630 pulsus
1210 2562 1486 2634 Ecclesia,
1512 2565 1746 2622 Ebionis
1767 2567 1880 2623 hze-

225 2647 387 2702 resin
429 2646 766 2702 instaurare
814 2653 1078 2704 conatur.
1134 2650 1409 2721 Dydimus
1451 2652 1881 2712 Alexandrinus

220 2735 419 2793 oculis
457 2739 690 2806 captus,
716 2739 774 2790 et
807 2737 882 2791 ob
921 2736 977 2791 id
1018 2736 1440 2796 elementorum
1465 2757 1692 2814 quoque
1725 2743 1881 2814 igna-

221 2840 388 2893 rum,
414 2828 644 2879 tantum
684 2823 1026 2880 miraculum
1067 2826 1153 2882 sui
1195 2828 1463 2886 omnibus
1502 2831 1772 2903 praebuit,
1815 2837 1876 2889 ut

225 2911 612 2968 dialecticam
635 2926 865 2982 quoque
888 2917 945 2967 et
967 2915 1346 2983 geometriam
1371 2932 1497 2986 qua
1517 2918 1608 2974 vel
1632 2921 1878 2976 maxime

223 3002 358 3057 visu
383 3000 739 3071 indigerent,
766 3016 949 3072 usque
981 3003 1050 3058 ad
1077 3003 1400 3073 perfectum
1424 3005 1714 3063 didicerit.

1986 526 2134 583 mius
2156 526 2382 582 Arianze
2409 525 2612 598 partis,
2630 524 2945 597 Cizycenus
2965 523 3290 595 episcopus,
3316 538 3630 596 erumpens

1985 615 2040 670 in
2067 614 2749 687 blaSphemiam,publice
2775 613 2926 684 quod
2951 611 3147 669 Ariani
3170 616 3462 683 texerant,
3486 613 3628 670 fate-

1984 707 2100 760 tur.
2131 703 2470 760 Tiberianus
2502 703 2752 772 Beticus,
2786 705 3041 758 sectator
3091 699 3459 770 Priscilliani,
3497 705 3625 773 post

1987 807 2220 848 suorum
2249 792 2466 848 czcdcm
2499 791 2673 847 taedio
2705 790 2896 846 victus
2916 787 3126 858 exsilii,
3164 791 3225 844 ut
3249 788 3409 844 canis
3433 803 3628 845 rever-

1986 896 2084 936 sus
2117 881 2185 936 ad
2219 880 2497 936 vomitum
2530 895 2716 949 suum,
2751 877 2927 934 filiam
2958 878 3226 934 devotam
3257 877 3487 934 Christo
3517 877 3630 934 vir-

1984 968 2178 1038 ginem
2209 968 2574 1025 matrimonio
2599 967 2916 1039 copulavit.
3102 971 3108 975 ’

2062 1057 2205 1128 [410]
2240 1057 2526 1113 Honorius
2574 1071 2704 1112 cum
2752 1054 3071 1110 Theodosio
3104 1053 3384 1110 minorem
3432 1053 3633 1112 fratris

1988 1145 2075 1201 sui
2108 1144 2246 1216 ﬁlio,
2283 1145 2448 1201 annis
2477 1143 2825 1216 quindecim.
2861 1142 3148 1199 Honorius
3188 1142 3527 1214 imperator,
3550 1142 3633 1199 vi-

1989 1234 2130 1289 dens
2162 1233 2450 1304 oppositis
2496 1233 2762 1305 tyrannis
2806 1232 2886 1287 nil
2920 1232 3202 1288 adversus
3230 1232 3512 1288 barbaros
3540 1231 3632 1302 agi

1991 1337 2177 1393 posse,
2205 1322 2359 1393 ipsos
2387 1322 2546 1393 prius
2571 1328 2847 1394 tyrannos
2869 1320 3053 1376 deleri
3075 1320 3257 1390 jubet.
3294 1320 3633 1377 Constantio

1987 1411 2183 1467 comiti
2215 1410 2387 1478 hujus
2420 1410 2555 1466 belli
2599 1425 2816 1466 summa
2865 1408 3169 1466 commissa
3218 1413 3329 1480 est,
3375 1409 3469 1479 qui
3520 1408 3636 1480 pri-

1991 1515 2141 1554 mum
2175 1499 2231 1554 in
2264 1498 2504 1554 Galliam
2541 1500 2837 1570 profectus
2865 1513 2996 1554 cum
3035 1497 3321 1568 exercitu,
3358 1499 3636 1553 Constan-

1989 1587 2172 1642 tinum
2188 1587 2598 1658 imperatorem
2616 1587 2766 1658 apud
2789 1586 3374 1643 Arelatcneivitatem
3397 1585 3629 1658 clausit,

1987 1676 2164 1746 cepit,
2194 1675 2428 1732 occidit.
2483 1677 2854 1732 Constantem
2907 1673 3266 1731 Constantini
3301 1674 3480 1732 ﬁlium
3503 1675 3633 1731 Hie-

1989 1763 2217 1820 rontius
2236 1779 2430 1820 comes
2453 1780 2610 1835 suus,
2637 1769 2698 1820 ut
2725 1779 2971 1834 nequam
2994 1763 3176 1832 magis
3199 1777 3369 1834 quam
3411 1764 3631 1835 probus

1987 1853 2139 1924 apud
2162 1852 2436 1909 Viennam
2480 1853 2795 1923 interfecit,
2839 1857 3015 1924 atque
3059 1852 3114 1906 in
3144 1851 3272 1921 ejus
3302 1851 3489 1908 locum
3520 1853 3631 1907 Ma-

1988 1942 2201 1997 ximum
2227 1941 2530 2012 quemdam
2572 1941 2908 2008 substituit;
2932 1941 3056 2012 ipse
3079 1955 3218 1996 vero
3241 1940 3574 1996 Hierontius
3598 1955 3628 1996 a

1987 2030 2501 2087 suismilitibusest
2526 2030 2768 2086 occisus.
2799 2028 3078 2086 Maximus
3101 2033 3315 2085 exutus
3346 2043 3626 2099 purpura,

1988 2118 2311 2176 destitutus
2339 2134 2370 2174 a
2402 2118 2685 2175 militibus
2716 2117 3031 2174 Gallicanis
3062 2117 3218 2172 inter
3255 2118 3540 2173 barbaros
3574 2116 3630 2172 in

1988 2207 2261 2278 Hispania
2292 2222 2470 2276 egens
2489 2205 2799 2263 exsulavit.
2827 2205 3067 2262 Jovinus
3087 2205 3176 2262 vir
3193 2196 3513 2261 Galliarum
3536 2220 3634 2261 no-

1989 2295 2306 2352 bilissimus
2325 2296 2380 2351 in
2403 2295 2774 2368 tyrannidem
2800 2310 2931 2350 mox
2956 2299 3016 2350 ut
3033 2294 3378 2364 assurrexit,
3394 2293 3627 2350 cecidit.

1989 2384 2365 2442 Sebastianus
2396 2385 2576 2440 frater
2603 2383 2729 2453 ejus
2752 2383 3030 2439 continuo
3059 2387 3121 2440 ut
3151 2387 3388 2439 creatus
3407 2381 3635 2440 occisus

1989 2479 2075 2529 est
2102 2491 2117 2540 ;
2150 2472 2417 2530 Alaricus
2438 2472 2635 2528 Attalo
2677 2471 3032 2543 imperatore
3076 2471 3246 2542 facto,
3273 2470 3509 2542 infecto,
3542 2485 3632 2528 re-

1991 2563 2162 2632 fecto,
2206 2577 2272 2618 ac
2312 2562 2562 2632 defecto,
2593 2560 2770 2618 citius
2818 2559 2908 2617 his
2957 2559 3225 2616 omnibus
3273 2574 3418 2631 pene
3459 2574 3628 2630 quam

1995 2651 2192 2721 dictis,
2229 2665 2334 2707 ceu
2369 2650 2577 2706 mimus
2607 2649 2786 2706 risum
2818 2653 2875 2704 et
2909 2647 3108 2705 ludum
3140 2648 3501 2719 exspectavit
3533 2648 3634 2704 im-

1991 2739 2157 2809 perii,
2189 2739 2357 2809 cujus
2387 2738 2485 2794 ille
2519 2736 2846 2794 umbratilis
2873 2736 3097 2793 consul.
3132 2736 3429 2793 Tertullus
3457 2751 3633 2795 ausus

1989 2831 2078 2884 est
2111 2828 2166 2883 in
2195 2827 2357 2885 curia
2390 2827 2584 2884 dicere
2619 2846 2631 2882 :
2667 2827 2894 2896 Loquar
2915 2825 3101 2896 vobis,
3117 2825 3321 2882 consul
3351 2829 3410 2881 et
3442 2825 3631 2898 ponti-

1991 2917 2104 2986 fex,
2130 2931 2375 2986 quorum
2398 2915 2644 2971 alterum
2669 2914 2785 2983 jam
2810 2918 3003 2984 teneo,
3030 2914 3281 2970 alterum
3314 2928 3505 2983 spero.
3532 2916 3631 2969 At-

1988 3003 2353 3074 talusitaque
2375 3007 2649 3072 tanquam
2674 3002 2842 3057 inane
2864 3001 3090 3072 imperii
3115 3000 3484 3058 simulacrum
3497 3017 3628 3058 cum

303 3087 452 3161 [396]
489 3089 774 3186 Arcadius
809 3089 962 3186 ﬁlius
989 3091 1290 3148 Theodosii
1321 3108 1452 3149 cum
1486 3094 1664 3151 fratre
1697 3097 1879 3153 Hono—
1911 3123 1962 3186 ο
1992 3092 2192 3149 Gothis
2220 3105 2401 3162 usque
2435 3091 2506 3147 ad
2548 3090 2850 3186 Hispanias
2889 3093 3304 3186 portatusest.
3338 3089 3628 3186 Undede-

227 3179 340 3247 rio,
373 3178 545 3233 annis
584 3178 1043 3247 quatuordecim.
1079 3181 1418 3236 Sanctorum
1463 3183 1877 3254 prophetarum

227 3281 480 3338 corpora
505 3267 741 3322 Abacuc
759 3273 818 3322 et
843 3267 1089 3324 Micbzeaz
1113 3269 1306 3324 divina
1324 3269 1681 3328 revelatione
1706 3275 1881 3330 mani-

232 3357 549 3412 festantur.
584 3355 976 3427 Innocentius,
1004 3358 1197 3414 Romae
1220 3358 1877 3435 episcopus,dedicavit,

231 3443 535 3500 basilicam
571 3444 1032 3501 beatissimorum
1065 3451 1384 3518 martyrum
1405 3449 1875 3507 ProtasiietGer-

229 3532 399 3602 vasii,
434 3547 508 3587 ex
549 3532 860 3589 devotione
891 3535 1227 3590 testamenti
1267 3534 1568 3606 cujusdam
1609 3537 1880 3597 illustris-

234 3621 394 3678 simae
426 3620 656 3676 femina
685 3621 956 3677 Vestinae.
1007 3623 1322 3682 Mamertus
1360 3625 1700 3683 Viennensis
1730 3628 1880 3699 epis-

231 3724 419 3780 copus
450 3709 876 3778 insignissimus
923 3710 1193 3783 habetur,
1237 3712 1332 3782 qui
1383 3713 1536 3770 inter
1583 3715 1695 3772 alia
1726 3716 1881 3771 miri-

234 3797 364 3869 ﬁca,
395 3799 471 3854 ob
503 3798 898 3854 imminentem
930 3798 1154 3856 cladem
1187 3806 1320 3856 ante
1345 3804 1750 3860 Ascensionem
1774 3806 1879 3862 Do-

238 3886 374 3942 mini
408 3885 700 3942 solemnes
728 3886 982 3943 instituit
1025 3887 1275 3945 litanias.
1309 3891 1590 3948 Martinus
1627 3894 1879 3952 Turono-

235 3991 361 4031 rum
393 3975 709 4046 episcopus
739 3975 1026 4043 moritur;
1060 3977 1320 4035 Donatus
1366 3978 1521 4050 Epiri
1569 3981 1878 4054 episcopus

234 4064 560 4120 virtutibus
609 4063 851 4134 insignis
896 4069 984 4122 est
1036 4065 1289 4123 habitus.
1323 4067 1430 4134 Qui
1462 4067 1877 4128 draconemin-

1992 3181 2274 3238 scendens
2320 3179 2449 3234 navi
2483 3179 2538 3234 in
2580 3178 2720 3234 mari
2752 3183 2981 3249 captus,
3015 3183 3073 3234 et
3117 3177 3186 3234 ad
3227 3178 3627 3234 Constantium

1988 3268 2598 3338 comitemvdeductus,
2642 3266 2776 3323 inde
2805 3267 3058 3323 Honorio
3097 3266 3436 3338 imperatori
3468 3267 3628 3323 exhi-

1992 3359 2167 3428 bitus,
2201 3361 2470 3414 truncata
2505 3372 2696 3426 manu,
2728 3356 2865 3413 vitae
2897 3355 3142 3413 relictus
3172 3360 3281 3412 est.

2059 3445 2434 3502 Heraclianus
2464 3445 2672 3502 Africae
2701 3459 2913 3516 comes,
2947 3443 3139 3501 elatus
3171 3443 3505 3516 supercilio,
3533 3446 3634 3501 Sa-

1991 3535 2186 3592 binum
2217 3535 2596 3592 domesticum
2629 3550 2816 3605 suum,
2849 3533 3036 3590 virum
3059 3532 3293 3604 ingenio
3318 3531 3632 3590 industria-

1990 3639 2101 3695 que
2127 3624 2401 3682 solertem
2423 3639 2700 3695 generum
2724 3621 2946 3693 allegit,
2975 3627 3153 3694 atque
3177 3621 3514 3693 aliquandiu
3538 3622 3632 3678 Af-

1991 3713 2184 3770 ricana
2220 3727 2442 3769 annona
2468 3717 2634 3769 extra
2663 3711 2925 3768 ordinem
2951 3711 3211 3780 detenta,
3236 3711 3469 3766 tandem
3498 3725 3630 3768 cum

1990 3801 2263 3858 immensa
2290 3801 2434 3858 satis
2452 3799 2896 3870 incredibilique
2917 3797 3105 3855 classe
3128 3798 3356 3868 navigio
3369 3797 3628 3855 Romami

1987 3890 2308 3947 contendit.
2334 3892 2471 3946 Nam
2494 3888 2766 3944 habuisse
2790 3887 2902 3942 tria
2927 3886 3105 3942 millia
3139 3886 3508 3957 septingenta
3533 3901 3631 3943 na-

1986 3993 2087 4036 ves
2100 3979 2315 4036 dicitur
2331 3996 2345 4046 ;
2361 3992 2529 4049 quem
2545 3990 2844 4033 numerum
2860 3990 2964 4032 nec
2982 3976 3365 4044 Xerxem,nee
3385 3973 3632 4031 Alexan-

1987 4069 2154 4126 drum
2203 4070 2488 4139 Magnum,
2541 4065 2634 4124 vel
2683 4079 3029 4137 quemquam
3079 4062 3254 4120 alium
3298 4077 3501 4134 regum
3532 4064 3631 4120 ha-

231 4156 466 4221 gentem
488 4153 858 4223 exspuensin
880 4167 944 4209 os
971 4153 1099 4223 ejus
1119 4155 1370 4228 necavit,
1398 4171 1564 4227 quem
1587 4165 1719 4216 octo
1733 4159 1873 4231 juga
1959 4135 2180 4214 I'buisse
2211 4135 2481 4213 historin
2518 4135 2798 4211 referunt.
2833 4135 2942 4211 Sed
2993 4153 3195 4209 littore
3231 4167 3508 4224 egressus
3538 4167 3632 4210 oc-

232 4240 405 4297 boum
435 4241 506 4297 ad
554 4239 743 4297 locum
791 4241 1061 4312 incendii,
1116 4257 1187 4298 ne
1231 4258 1424 4300 aerem
1466 4248 1717 4317 putredo
1745 4248 1874 4319 ejus

229 4334 659 4402 corrumperet,
727 4329 824 4386 vix
888 4331 1124 4387 trahere
1193 4338 1529 4403 potuerunt.
1598 4336 1871 4395 Clodione

231 4433 365 4489 rege
398 4419 696 4488 defuncto,
732 4419 829 4489 qui
876 4418 1080 4489 viginti
1135 4421 1300 4478 annis
1341 4423 1572 4480 Francis
1603 4426 1866 4496 regnavit

226 4508 531 4564 Merovcus
561 4507 863 4579 successit,
897 4523 928 4564 a
961 4523 1074 4580 quo
1114 4510 1464 4567 Francorum
1495 4527 1663 4582 reges
1689 4515 1868 4572 Mero-

226 4595 381 4666 vingi
415 4599 552 4653 sunt
584 4595 882 4667 appellati.
909 4597 1074 4654 Metis
1096 4613 1127 4654 a
1156 4597 1392 4654 Francis
1416 4614 1711 4673 succensa,
1738 4603 1869 4659 Tre-

227 4697 398 4741 veros
411 4685 713 4741 destructa
732 4703 747 4752 ;
773 4685 972 4742 Franci
987 4701 1172 4759 usque
1187 4685 1482 4744 Aureliam
1497 4689 1862 4760 perveniunt.

227 4773 359 4830 Post
386 4775 716 4830 Meroveum
741 4773 1102 4833 Childericus
1122 4791 1364 4847 regnum
1380 4777 1646 4849 adeptus,
1665 4793 1868 4848 regna-

227 4861 308 4917 vit
331 4863 502 4920 annis
529 4862 737 4933 viginti
760 4868 1028 4936 quatuor.
1054 4865 1154 4922 Cui
1179 4867 1457 4924 successit
1481 4865 1863 4940 Chlodoveus,

228 4951 321 5020 qui
352 4951 579 5024 primus
609 4967 714 5008 rex
735 4953 1083 5010 Francorum
1107 4953 1470 5012 Christianus
1492 4955 1678 5013 factus
1698 4960 1810 5028 est,
1835 4973 1864 5014 a

229 5039 398 5096 beato
447 5040 710 5110 Remigio
749 5041 1099 5098 Rhemorum
1145 5043 1419 5115 episcopo
1453 5043 1778 5103 instructus
1805 5052 1865 5103 et

229 5127 562 5200 baptizatus
591 5145 720 5186 cum
761 5130 974 5202 populo
1013 5132 1315 5188 suo.Gothi
1345 5133 1568 5189 Italiam
1601 5135 1864 5192 Wandali
1898 5123 1902 5127 ’

228 5223 396 5288 atque
424 5217 597 5275 Alani
631 5218 845 5276 Gallias
867 5221 1308 5292 aggrediuntur.
1336 5221 1694 5292 Augustinus
1715 5219 1864 5295 epis-

225 5321 399 5380 copus
428 5307 820 5381 Hipponensis
850 5309 1090 5366 scientia
1121 5315 1296 5381 atque
1328 5311 1589 5368 doctrina
1623 5312 1865 5383 insignis

227 5395 485 5457 habetur.
517 5400 773 5456 Joannes
820 5413 1050 5470 quoque
1097 5399 1774 5473 Constantinopolitanus
1801 5406 1859 5458 et

225 5485 564 5560 TheOphilus
611 5487 1046 5547 Alexandrinus
1074 5487 1337 5547 illustres
1365 5489 1621 5564 episcOpi
1654 5489 1860 5565 praedi-

224 5583 440 5640 cantur.
469 5576 834 5656 Epiphanius
873 5575 1177 5641 Salamina
1214 5577 1541 5654 episcOpus,
1575 5579 1674 5654 qui
1705 5579 1860 5639 inter

1975 4239 2157 4304 cursu
2188 4245 2388 4302 Marini
2435 4244 2663 4301 comitis
2711 4243 2975 4314 territus,
3011 4245 3247 4314 arrepta
3298 4241 3426 4298 navi
3470 4239 3631 4300 solus

1983 4335 2387 4405 Carthaginem
2419 4332 2614 4403 rediit,
2640 4331 2835 4403 ibique
2866 4331 3143 4388 continuo
3179 4329 3416 4386 militari
3450 4345 3622 4388 manu

1979 4424 2326 4480 interfectus
2353 4427 2462 4479 est.
2516 4420 2763 4478 Sabinus
2807 4435 2988 4491 gener
3029 4419 3176 4490 ejus,
3217 4418 3623 4478 Constantino-

1982 4511 2136 4586 polin
2171 4510 2347 4581 fugit;
2381 4509 2532 4567 unde
2566 4513 2692 4581 post
2728 4507 3158 4580 aliquantulum
3183 4511 3416 4580 tempus
3440 4511 3628 4563 retra-

1976 4607 2128 4672 ctus,
2143 4599 2348 4656 exsilio
2371 4600 2812 4666 damnatusest;
2835 4613 2900 4654 ac
2918 4597 3019 4668 sic,
3040 4595 3355 4666 adjuvante
3371 4595 3625 4667 Christo,

1978 4706 2090 4763 pax
2119 4693 2178 4746 et
2212 4688 2424 4760 unitas,
2460 4703 2564 4761 per
2595 4687 2924 4745 universam
2954 4685 3207 4743 Africam
3234 4684 3510 4742 Ecclesiw
3533 4698 3628 4742 ca-

1975 4780 2206 4837 tholicae
2239 4778 2466 4835 reddita
2507 4780 2616 4834 est.
2652 4776 2907 4833 Marinus
2952 4790 3152 4833 comes
3199 4774 3351 4848 apud
3387 4773 3620 4830 Cartha-

1973 4869 2186 4939 ginem,
2202 4867 2497 4938 inceptum
2511 4865 2638 4922 zelo
2661 4864 3015 4935 stimulatus,
3037 4880 3106 4920 an
3124 4879 3266 4921 auro
3287 4864 3623 4932 corruptus,

1975 4956 2368 5014 Marcellinum
2391 4955 2712 5026 tribunum,
2737 4954 2925 5010 virum
2950 4952 3236 5024 imprimis
3267 4949 3617 5022 prudentem

1974 5050 2031 5102 et
2064 5045 2414 5103 industrium
2463 5042 2830 5111 occidit.Qui
2879 5043 3158 5100 continuo
3207 5039 3516 5094 revocatus
3546 5050 3621 5094 ex

1972 5135 2185 5206 Africa,
2220 5136 2523 5207 factusque
2556 5133 2841 5206 privatus,
2876 5132 2969 5190 vel
3021 5131 3091 5186 ad
3136 5139 3384 5200 poenam,
3418 5123 3510 5183 vel
3549 5126 3622 5184 ad

1972 5222 2757 5298 pmnitentiamconscientia:
2781 5237 2898 5279 suae
2926 5218 3196 5276 dimissus
3218 5219 3328 5272 est.
3346 5213 3619 5274 Alaricus

1971 5329 2075 5371 rex
2105 5315 2421 5370 Gothorum
2445 5315 2677 5370 Romam
2703 5309 2932 5379 invasit,
2965 5309 3309 5379 partemque
3341 5303 3469 5376 ejus
3491 5319 3626 5363 cre-

1968 5403 2143 5461 mavit
2167 5403 2434 5460 incendio
2456 5417 2604 5458 nono
2627 5399 2863 5456 Kalend.
2893 5395 3211 5468 Septemb.,
3239 5410 3391 5452 anno
3415 5394 3620 5452 condi-

1965 5493 2142 5552 tionis
2171 5493 2298 5565 ejus
2325 5491 2630 5548 millesimo
2656 5485 2999 5557 centesimo,
3025 5484 3387 5558 sexagesimo
3411 5486 3623 5556 quarto

1967 5582 2202 5644 Honorii
2224 5579 2455 5657 imperii
2479 5592 2650 5639 anno.
2679 5575 2771 5637 Sic
2792 5575 2973 5637 tertio
2995 5575 3089 5637 die
3119 5589 3290 5652 quam
3320 5572 3621 5646 ingressus
