4086 6178
407 287 478 342 99
1407 277 1461 334 s.
1507 243 1770 332 anoms
1808 273 2246 332 ARCHIEPISC.
2291 271 2708 334 VIENNENSIS

285 459 297 468 .
411 411 598 468 fuerat
630 405 966 480 depraedata
998 403 1142 460 urbe
1173 413 1446 472 egressus
1483 403 1594 457 est.
1626 397 1764 454 Inde
1795 397 1964 454 Gothi
1995 397 2051 452 in
2081 399 2137 460 Α
2166 395 2466 468 dejiciunt.
2493 399 2709 455 lterum
2742 402 2950 471 petunt
2985 397 3248 456 Britanni
3281 399 3494 458 auxilia
3527 403 3812 463 Romano-

413 497 664 557 Siciliam
685 494 936 552 transire
959 490 1173 562 conati,
1200 490 1257 546 in
1287 493 1607 562 conspectu
1633 502 1866 545 suorum
1891 486 2059 543 mise-

413 587 680 646 rabiliter
702 582 923 656 arrepti
945 586 1002 638 et
1029 579 1278 638 demersi
1305 582 1458 636 sunt.
1487 577 1717 634 Alarico
1751 574 2060 634 Atavulfus

415 677 471 734 in
496 690 692 748 regem
715 671 917 730 Gothis
958 669 1239 740 succedit,
1276 667 1373 740 qui
1413 665 1727 724 Placidiam
1766 663 2056 737 captivam

415 779 672 826 sororem
704 760 1074 835 imperatoris
1105 758 1162 814 in
1209 771 1448 814 uxorem
1491 754 1885 828 assumpsith
1915 752 2058 811 satis

417 853 678 913 studiose
691 855 948 910 sectator
961 849 1140 922 pacis,
1156 847 1408 904 militare
1423 845 1678 903 fideliter
1691 843 1944 902 Honorio
1958 842 2060 900 im-

413 943 674 1017 peratori
706 939 1074 1016 praeoptavit.
1109 937 1381 995 Placidiae
1417 934 1616 994 uxoris
1657 948 1796 1006 sum,
1831 931 2058 990 feminas

415 1047 552 1092 sane
584 1030 814 1103 ingenio
843 1028 1162 1099 acerrimae,
1187 1031 1246 1084 et
1270 1024 1552 1096 religione
1575 1023 1719 1081 satis
1739 1022 1959 1096 probae,
1985 1021 2057 1078 ad

413 1121 602 1180 omnia
654 1121 934 1178 bonarum
983 1115 1414 1174 ordinationum
1466 1128 1643 1187 opera
1686 1126 1967 1184 persuasu
1997 1113 2057 1166 et

412 1209 656 1269 consilio
678 1210 1043 1282 temperatus
1063 1210 1172 1264 est.
1198 1206 1252 1262 Is
1273 1205 1424 1277 apud
1448 1201 1830 1260 Barcillonem
1859 1200 2060 1272 Hispa-

414 1301 524 1358 niis
557 1299 760 1358 urbem
784 1297 919 1354 dolo
947 1311 1205 1366 suorum,
1229 1298 1292 1351 ut
1319 1294 1506 1350 fertur
1527 1291 1756 1348 occisus
1784 1293 1894 1346 est.
1919 1291 2056 1346 Post

414 1391 566 1447 hunc
592 1386 900 1459 Segericus
923 1401 1025 1442 rex
1047 1401 1076 1442 a
1102 1383 1306 1440 Gothis
1324 1385 1726 1452 creatus,cum
1753 1377 2060 1448 itidemju-

415 1478 566 1536 dicio
588 1477 688 1534 Dei
714 1477 786 1534 ad
809 1489 1010 1548 pacem
1029 1487 1248 1546 pronus
1279 1474 1456 1542 esset,
1481 1467 1858 1526 nihilominus
1885 1481 1916 1524 a
1940 1465 2061 1524 suis

415 1567 763 1624 interfectus
801 1567 911 1620 est.
959 1560 1333 1620 Constantius
1369 1573 1564 1617 comes
1596 1557 1749 1630 apud
1781 1555 2058 1612 Arelaten

413 1656 759 1726 consistens,
777 1667 1112 1724 magnarum
1127 1665 1321 1708 rerum
1335 1648 1722 1720 gerendarum
1747 1645 2055 1716 industria,

3702 287 3811 342 100

2167 501 2316 557 rum,
2350 487 2447 558 qui
2498 487 2876 545 advenientes
2917 489 3118 548 hostes
3165 494 3332 548 trans
3369 490 3546 548 maria
3581 492 3807 565 fugant,

2165 575 2610 648 coniunctisque
2625 576 2733 634 sibi
2750 578 3282 636 Britannismurum
3296 593 3532 636 saxeum
3555 580 3809 640 solidum

2167 665 2322 721 inter
2341 665 2632 738 civitates,
2658 682 2786 738 quae
2809 667 3024 724 dudum
3056 669 3130 724 ob
3161 673 3379 726 metum
3411 669 3664 726 hostium
3691 669 3812 728 fue-

2168 758 2297 811 rant
2324 755 2511 826 factze,
2528 770 2556 812 a
2580 755 2722 812 mari
2747 770 2931 828 usque
2956 757 3027 814 ad
3053 772 3210 814 mare
3236 759 3588 830 perducunt.
3615 759 3726 816 Sed
3748 763 3810 816 et

2167 841 2370 901 littore
2419 844 2717 902 Meridiani
2770 846 2946 902 maris
2977 861 3048 903 ne
3091 846 3224 903 inde
3275 846 3809 920 irruptio-hostium

2167 932 2356 1005 ﬂeret,
2388 934 2628 992 crebras
2649 939 2846 992 turres
2867 949 2969 1008 per
2991 935 3299 992 intervalla
3331 937 3401 993 ad
3435 941 3809 1010 prospectum

2167 1022 2344 1080 maris
2357 1026 2643 1080 statuunt.
2669 1023 2810 1081 Vale
2835 1024 3100 1082 dicentes
3119 1024 3312 1096 sociis,
3339 1026 3502 1097 quasi
3527 1025 3810 1084 ultranon

2169 1111 2438 1183 redituri,
2455 1111 2986 1170 BonifaciusRomae
3009 1113 3324 1187 episcopus
3341 1114 3474 1172 fecit
3488 1115 3812 1173 oratorium

2169 1199 2224 1257 in
2255 1201 2588 1260 caemeterio
2619 1207 2834 1260 sanctae
2885 1202 3225 1275 Felicitatis,
3261 1207 3318 1260 et
3359 1204 3588 1262 ornavit
3619 1204 3814 1278 sepul-

2166 1305 2328 1348 crum
2361 1291 2504 1361 ejus.
2542 1291 2698 1349 Fecit
2746 1296 2804 1348 et
2835 1291 3156 1350 oratorium
3189 1293 3372 1350 sancti
3411 1293 3646 1352 Joannis
3677 1309 3815 1367 apo-

2168 1380 2324 1451 stoli,
2358 1381 2601 1438 honesto
2632 1381 2774 1438 satis
2821 1396 3018 1454 opere.
3069 1381 3454 1455 Hieronymus
3501 1384 3814 1456 presbyter

2167 1469 2310 1526 obiit
2345 1469 2687 1527 duodecimo
2727 1470 2962 1528 Honorii
2993 1485 3163 1544 anno,
3198 1471 3388 1544 pridie
3429 1471 3667 1529 Kalend.
3705 1472 3815 1530 Oc-

2166 1558 2374 1630 tobris,
2409 1573 2558 1618 anno
2591 1560 2784 1618 aetatis
2815 1575 2934 1618 sum
2965 1559 3355 1632 nonagesimo.
3389 1561 3673 1619 Macarius
3711 1560 3813 1618 ille

2165 1645 2470 1720 Egyptius
2518 1649 2834 1708 monachus
2881 1649 3060 1720 signis
3106 1654 3163 1706 et
3214 1649 3537 1708 virtutibus
3572 1649 3810 1707 claruit.

416 1746 634 1803 Gothos
655 1741 1000 1816 quibnsjam
1021 1738 1332 1798 Atavulfus
1352 1737 2058 1812 praeerat,Placidizncon-
2084 1753 2144 1818 Β
2173 1737 2422 1794 Severus
2453 1738 2783 1811 presbyter,
2815 1743 3198 1809 cognomento
3238 1737 3540 1811 Sulpitius,
3573 1739 3817 1810 Aquita-

411 1834 518 1906 jux
545 1850 574 1891 a
607 1835 873 1890 Narbona
921 1829 1168 1902 expulit,
1203 1832 1379 1899 atque
1429 1826 1590 1883 abire
1624 1825 1680 1882 in
1727 1825 2056 1899 Hispaniam

414 1923 626 1994 coegit.
665 1921 938 1992 Segerico
968 1919 1152 1976 Vallia
1185 1917 1466 1974 successit
1493 1917 1548 1972 in
1579 1931 1818 1987 regnum
1851 1915 2062 1972 Gotho-

416 2027 585 2080 rum;
627 2011 698 2068 ad
739 2011 844 2067 hoc
886 2007 1193 2066 ordinatus
1222 2021 1251 2062 a
1303 2005 1505 2063 Gothis
1535 2009 1598 2062 ut
1631 2019 1828 2077 pacem
1863 2003 2062 2060 infrin-

415 2105 606 2173 geret,
635 2099 705 2156 ad
729 2099 835 2156 hoc
858 2096 1356 2166 ordinatusaDeo,
1374 2099 1436 2152 ut
1452 2108 1650 2167 pacem
1664 2092 2057 2164 confirmaret,

417 2189 666 2246 territus
697 2187 942 2244 maxime
968 2185 1190 2256 judicio
1221 2185 1321 2240 Dei
1349 2202 1364 2252 ;
1398 2184 1531 2256 quia
1561 2199 1690 2241 cum
1724 2197 1927 2253 magna
1957 2182 2063 2239 Go-

417 2279 651 2335 thorum
685 2291 890 2334 manus
912 2275 1196 2332 instructa
1223 2273 1401 2331 armis
1422 2273 1784 2344 navigiisque
1807 2271 2060 2328 transire

419 2368 475 2424 in
491 2367 742 2424 Africam
765 2363 1092 2434 moliretur,
1109 2363 1165 2419 in
1180 2362 1484 2420 duodecim
1508 2361 1765 2417 millibus
1788 2375 2060 2434 passuum

419 2455 686 2514 Gaditani
702 2453 858 2525 freti,
873 2457 1226 2525 tempestate
1245 2455 1540 2523 correpta,
1557 2449 1872 2506 miserabili
1896 2449 2058 2506 exitu

420 2545 698 2619 perierat.
715 2544 817 2600 Hic
832 2541 1014 2599 Vallia
1033 2555 1232 2614 pacem
1246 2541 1520 2613 optimam
1535 2555 1664 2597 cum
1681 2539 2056 2611 imperatore,

419 2633 575 2692 datis
607 2632 859 2690 Honorio
887 2629 1222 2688 lectissimis
1251 2629 1554 2686 obsidibus
1578 2627 1820 2701 pepigit,
1846 2642 1913 2684 ac
1936 2627 2062 2683 Pla-

417 2722 629 2781 cidiam
662 2719 1034 2794 imperatoris
1063 2733 1322 2777 sororem
1341 2717 1655 2774 honorifice
1686 2716 1839 2789 apud
1869 2731 1930 2773 se
1962 2717 2062 2773 ho-

418 2815 702 2882 nesteque
733 2809 991 2866 habitam
1032 2807 1198 2865 fratri
1242 2806 1519 2864 reddidit.
1564 2807 1679 2864 Hac
1709 2809 2060 2878 tempestate

417 2899 690 2971 Pelagius
719 2897 1002 2956 adversus
1045 2896 1258 2954 Christi
1304 2895 1552 2967 gratiam
1583 2895 1805 2952 erroris
1843 2894 1930 2953 sui
1963 2895 2062 2952 do-

417 2992 612 3060 gmata
645 2987 926 3060 praedicat
955 3004 970 3053 ;
1001 2985 1072 3042 ad
1094 2984 1262 3054 cujus
1286 2983 1847 3056 condemnationem,
1873 2982 2063 3041 conci-

420 3077 559 3134 lium
589 3077 742 3148 apud
767 3074 1174 3144 Carthaginem
1206 3074 1589 3130 ducentorum
1621 3073 1820 3128 decem
1843 3077 1900 3129 et
1927 3087 2064 3144 qua-

417 3171 554 3224 tuor
575 3165 984 3236 episc0porum
998 3166 1411 3232 congregatur.
1431 3160 2062 3232 CyrillusAlexandriaa

419 3255 751 3326 episcopus,
778 3250 1021 3322 insignis
1041 3257 1128 3306 est
1155 3250 1420 3318 habitus;
1444 3250 1729 3307 Lucianus
1751 3251 2064 3322 presbyter

420 3341 654 3415 scripsit
671 3340 1090 3398 revelationem
1115 3339 1270 3396 beati
1299 3339 1750 3411 protomartyris
1763 3337 2060 3411 Stephani,

421 3446 591 3504 quam
621 3431 675 3486 ei
708 3427 990 3487 revelavit
1031 3429 1184 3485 Deus
1221 3427 1470 3499 septimo
1501 3427 1739 3484 Honorii
1783 3427 2066 3500 principis

421 3535 592 3591 anno,
623 3535 688 3577 ac
709 3516 1042 3576 Gamalielis
1063 3521 1122 3573 et
1145 3515 1438 3574 Nicodemi
1465 3517 1562 3588 qui
1588 3517 1642 3573 in
1669 3516 1984 3588 Evangelio
2003 3521 2063 3572 et

419 3610 477 3667 in
526 3609 774 3667 Actibus
821 3605 1216 3680 apostolorum
1261 3604 1556 3676 leguntur.
1593 3606 1834 3679 Scripsit
1869 3610 2063 3663 autem

419 3713 545 3757 eam
577 3700 778 3756 Graeco
807 3711 1075 3754 sermone
1117 3695 1189 3752 ad
1233 3709 1538 3768 personam
1580 3695 1835 3753 omnium
1873 3695 2068 3754 Eccle-

415 3787 656 3847 siarum.
675 3789 858 3856 Quam
873 3785 1290 3843 revelationem
1315 3785 1524 3843 Avitus
1543 3787 1871 3859 presbyter,
1898 3786 2068 3842 homo

413 3877 743 3950 Hispanius,
779 3876 835 3932 in
869 3875 1136 3932 Latinum
1183 3874 1361 3932 vertit
1405 3873 1703 3947 eloquium
1735 3879 1796 3932 et
1839 3874 2067 3946 adjecta

417 3965 668 4039 epistola
692 3979 792 4022 sua
822 3979 924 4036 per
947 3964 1215 4021 Orosium
1240 3963 1776 4036 presbyterum,qui
1800 3965 2012 4022 missus
2037 3979 2068 4020 a

419 4055 596 4112 beato
628 4051 955 4123 Augustino
985 4052 1058 4108 ad
1107 4055 1373 4108 sanctum
1403 4051 1814 4125 Hieronymum
1848 4068 1954 4125 pro
1983 4053 2074 4110 diu

419 4142 632 4202 scenda
663 4141 868 4198 animae
897 4139 1145 4213 ratione,
1177 4140 1249 4198 ad
1297 4139 1421 4198 loca
1455 4144 1655 4198 sancta
1694 4147 2069 4214 pervenerat:

417 4228 886 4290 occidentalibus
907 4229 1068 4287 dedit
1096 4249 1110 4285 :
1137 4229 1352 4302 quique
1375 4229 1596 4303 primus
1619 4230 1675 4287 in
1710 4231 1958 4305 patriam
1982 4223 2073 4290 re"

409 4334 619 4379 versus
649 4317 931 4390 reliquias
981 4318 1136 4375 beati
1189 4319 1468 4390 Stephani
1520 4319 1719 4377 intulit
1752 4320 2065 4379 occidenti.

411 4408 648 4466 Francis
677 4411 807 4482 post
837 4409 1186 4479 Meroveum,
1220 4412 1285 4465 ut
1316 4407 1591 4480 diximus,
1617 4409 1879 4480 regnavit
1907 4410 2056 4467 Chil-

410 4497 662 4556 dericus.
689 4497 789 4554 His
811 4497 1176 4570 temporibus
1197 4497 1454 4555 Anianus
1475 4497 1912 4558 Aurelianensis
1933 4501 2054 4573 epi-

411 4585 830 4661 scopusclarus
849 4587 1134 4653 habetur;
1157 4586 1254 4658 qui
1277 4585 1644 4644 orationibus
1667 4587 1790 4646 suis
1810 4589 1882 4646 ab
1903 4589 2058 4646 Hun-

411 4691 620 4736 norum
644 4675 887 4748 impetu,
912 4675 1080 4732 Aetio
1103 4679 1242 4733 tunc
1265 4675 1507 4748 patritio
1531 4677 1918 4735 Romanorum
1943 4679 2057 4736 Au-

411 4765 669 4824 relianos
696 4764 988 4821 liberavit.
1015 4764 1276 4822 Britanni
1307 4767 1609 4823 Scotorum
1636 4759 2054 4839 Pictorumque

410 4854 843 4914 infestationem
871 4867 981 4909 non
1007 4852 1264 4911 ferentes
1293 4855 1528 4912 Romam
1552 4853 1816 4928 mittunt,
1839 4859 1899 4912 et
1922 4857 2057 4914 sub-

405 4943 662 5014 jectione
692 4941 781 5000 sui
813 4940 1362 5015 praemissa,auxilia
1395 4943 1920 5014 ﬂagitant.Quibns
1939 4950 2057 5002 sta-

410 5031 515 5088 tim
545 5033 718 5092 missa
741 5030 894 5103 legio
916 5044 1180 5102 magnam
1205 5032 1586 5090 barbarorum
1620 5032 2053 5092 multitudinem

411 5119 924 5188 stravitmmteros
972 5119 1286 5178 Britannia:
1326 5120 1538 5178 ﬁnibus
1568 5119 1812 5194 pellunt.
1849 5123 1934 5180 Ob
1965 5138 2054 5180 ar-

410 5207 630 5267 cendos
648 5209 849 5268 hostes
868 5225 1096 5269 murum
1119 5214 1284 5268 trans
1297 5209 1543 5268 insulam
1567 5209 1720 5268 inter
1733 5211 1848 5269 duo
1872 5212 2052 5270 maria

413 5299 714 5363 statuunt;
745 5297 844 5367 qui
875 5300 1095 5372 absque
1124 5299 1403 5371 magistro
1429 5299 1612 5370 magis
1629 5301 1856 5372 cespite
1881 5315 2052 5372 quam

411 5385 605 5458 lapide
620 5385 828 5456 factus,
844 5386 924 5441 nil
948 5389 1240 5447 Britannis
1261 5387 1643 5462 Operantibus
1657 5389 1876 5462 profuit
1890 5408 1906 5458 ;
1920 5405 2051 5447 nam

411 5489 546 5533 mox
591 5477 656 5533 ut
707 5472 998 5532 dicessere
1043 5477 1303 5551 Romani,
1334 5478 1560 5552 priores
1599 5479 1798 5538 hostes
1822 5477 2051 5538 advecti

411 5563 679 5640 navibus,
711 5561 882 5623 obvia
913 5577 1159 5640 quaeque
1188 5567 1298 5626 sibi
1323 5569 1579 5643 caedunt,
1611 5571 1844 5630 vastant
1873 5571 2050 5645 atque

2173 1827 2316 1884 nicas
2340 1827 2650 1900 provincze,
2675 1828 2765 1886 vir
2785 1843 2999 1900 genere
3021 1832 3081 1885 et
3104 1828 3322 1886 litteris
3342 1827 3575 1900 nobilis,
3589 1831 3646 1884 et
3673 1843 3817 1900 pau-

2173 1917 2421 1990 pertatis
2443 1932 2637 1974 amore
2657 1917 3028 1990 conspicuus,
3051 1919 3266 1976 charus
3287 1918 3462 1975 etiam
3479 1923 3815 1976 sanctorum

2171 2005 2575 2078 episcoporum
2609 2006 2836 2062 Martini
2867 2006 3217 2064 Turonensis
3246 2011 3304 2064 et
3327 2006 3553 2064 Paulini
3585 2005 3812 2077 Nolani,

2171 2094 2438 2152 moritur.
2455 2095 2557 2153 Hic
2579 2095 2635 2152 in
2657 2099 2962 2154 senectute
2985 2111 3086 2154 sua
3109 2111 3139 2153 a
3155 2095 3486 2167 Pelagianis
3507 2096 3814 2168 deceptus,

2168 2191 2228 2243 et
2242 2201 2560 2257 agnoscens
2573 2184 2948 2257 loquacitatis
2958 2185 3211 2258 culpam,
3229 2185 3524 2244 silentium
3541 2199 3723 2258 usque
3739 2185 3814 2242 ad

2171 2280 2416 2332 mortem
2440 2274 2649 2346 tenuit,
2675 2278 2738 2332 ut
2763 2278 3065 2347 peccatum
3090 2275 3244 2346 quod
3270 2273 3561 2347 loquendo
3583 2278 3817 2332 contra-

2169 2367 2357 2435 xerat,
2389 2364 2636 2421 tacendo
2667 2363 2901 2436 penitus
2921 2365 3280 2420 emendaret.
3323 2363 3672 2421 Severianus
3709 2363 3819 2420 Ga-

2172 2453 2427 2511 balensis
2445 2453 2756 2525 episcopus
2776 2452 2831 2508 in
2855 2452 3068 2510 divinis
3089 2452 3408 2525 Seripturis
3439 2452 3729 2524 eruditus,
3752 2457 3814 2508 et

2171 2542 2529 2599 declamator
2578 2541 2938 2599 admirabilis
2988 2541 3114 2599 fuit.
3144 2541 3306 2599 Unde
3359 2543 3698 2613 frequenter
3741 2541 3818 2597 ab

2171 2631 2444 2704 episeopo
2473 2633 2690 2688 Joanne
2717 2634 2775 2687 et
2809 2631 3162 2703 imperatore
3194 2631 3460 2701 Arcadio,
3496 2631 3566 2686 ad
3603 2629 3818 2695 facien-

2171 2721 2306 2778 dum
2339 2735 2659 2778 sermonem
2713 2719 3268 2792 Constantinopolim
3299 2719 3673 2777 evocabatur.
3709 2718 3818 2775 Hic

2165 2809 2454 2882 juniorcm
2475 2809 2854 2866 Theodosium
2877 2823 2952 2866 ex
2972 2824 3138 2867 sacro
3162 2809 3318 2866 fonte
3339 2807 3620 2882 suscepit,
3645 2806 3820 2878 cujus

2172 2903 2229 2956 et
2262 2903 2525 2970 tempore
2549 2898 2816 2955 moritur.

2247 2987 2390 3060 [425]
2421 2987 2776 3044 Theodosius
2802 2987 2988 3044 minor
3019 2986 3252 3044 Arcadii
3296 2985 3470 3058 filius,
3505 2984 3635 3042 anni
3672 2998 3818 3056 qua-

2170 3079 2308 3134 tuor
2355 3080 2414 3132 et
2461 3075 2687 3147 viginti.
2749 3075 3190 3133 Valentinianus
3231 3074 3429 3146 junior
3489 3072 3816 3131 Constantii

2173 3165 2329 3222 ﬁlius
2357 3166 2643 3222 Ravenna:
2683 3163 3001 3236 imperator
3037 3167 3294 3222 creatur.
3329 3161 3584 3220 Placidia
3627 3165 3820 3218 mater

2171 3253 2318 3325 ejus,
2351 3255 2610 3324 Augusta
2636 3257 3024 3325 nuncupatur.
3052 3254 3162 3309 Per
3184 3253 3336 3309 idem
3361 3255 3594 3323 tempus
3615 3251 3819 3307 Nesto-

2173 3343 2296 3401 rius
2343 3341 3021 3414 Constantinopolitanus
3059 3341 3370 3413 episcopus
3399 3355 3519 3398 suae
3553 3337 3819 3412 perﬁdiae

2173 3431 2410 3489 molitur
2432 3431 2720 3503 haeresim,
2737 3431 3020 3488 adversus
3050 3445 3220 3502 quem
3251 3429 3539 3501 Ephesina
3561 3427 3822 3500 synodus

2175 3522 2357 3595 prima
2387 3526 2763 3592 congregata,
2797 3521 2924 3591 ejus
2945 3521 3182 3593 impium
3214 3519 3420 3588 dogma
3443 3517 3812 3575 condemnat.

2173 3609 2356 3682 Hujus
2385 3610 2559 3668 etiam
2592 3615 2854 3682 tempore
2885 3609 3154 3666 diabolus
3183 3608 3241 3664 in
3274 3607 3466 3679 specie
3508 3606 3682 3678 Moysi
3721 3606 3820 3662 Ju-

2175 3701 2319 3758 dzeis
2363 3699 2418 3756 in
2468 3700 2638 3756 Creta
2687 3713 2994 3771 apparens,
3029 3699 3164 3756 dum
3193 3712 3294 3754 eos
3339 3711 3442 3769 per
3475 3709 3634 3751 mare
3667 3693 3818 3766 pede

2177 3791 2330 3850 sicco
2343 3790 2413 3847 ad
2428 3793 2646 3846 terram
2670 3787 3140 3861 repromissionis
3160 3785 3451 3858 promittit
3466 3783 3816 3856 perducere,

2177 3880 2446 3954 plurimis
2475 3877 2716 3950 necatis,
2751 3876 2962 3948 reliqui
2995 3876 3092 3948 qui
3113 3874 3322 3932 salvati
3345 3877 3478 3932 sunt
3509 3871 3819 3930 confestim

2179 3971 2250 4027 ad
2283 3969 2494 4026 Christi
2525 3967 2772 4039 gratiam
2800 3967 3243 4023 convertuntur.
3269 3963 3456 4019 Eﬂ‘cra
3478 3975 3624 4032 gens
3648 3961 3823 4016 Wan-

2179 4057 2464 4128 dalorum,
2499 4057 2812 4113 Alanorum
2845 4059 3020 4126 atque
3066 4053 3405 4122 Gothorum,
3439 4051 3512 4107 ab
3550 4046 3824 4121 Hispanis

2181 4148 2252 4208 ad
2282 4147 2532 4204 Africam
2563 4144 2878 4215 transiens,
2901 4142 3091 4200 omnia
3114 4142 3290 4212 ferro,
3317 4141 3565 4210 ﬂamma,
3598 4135 3822 4210 rapinis

2180 4237 2351 4296 simul
2381 4241 2440 4293 et
2473 4234 2684 4292 Ariana
2703 4233 3003 4306 impietate
3027 4231 3266 4288 foedavit
3289 4230 3467 4302 (Pam.
3494 4228 3677 4297 Due,
3712 4224 3818 4281 lib.

2179 4327 2314 4399 xxv).
2341 4325 2452 4384 Sed
2477 4326 2686 4382 beatus
2705 4321 3066 4394 Augustinus
3086 4315 3818 4392 Hipponensisepiscopus,

2179 4421 2236 4474 et
2259 4415 2512 4474 omnium
2534 4412 2922 4472 Ecclesiarum
2945 4412 3149 4468 doctor
3170 4408 3437 4480 eximius,
3461 4421 3533 4463 ne
3554 4403 3817 4463 civitatis

2169 4521 2289 4565 sua;
2337 4505 2566 4564 videret
2596 4503 2843 4573 ruinam,
2874 4500 3057 4558 tertio
3104 4513 3302 4555 mense
3341 4493 3663 4554 obsidionis
3689 4507 3816 4550 sua:

2169 4595 2440 4667 migravit
2474 4595 2546 4651 ad
2571 4592 2891 4661 Dominum,
2907 4589 3112 4660 quinto
3137 4586 3526 4644 Kalendarum
3549 4585 3814 4655 Septem-

2168 4684 2310 4757 bris,
2345 4699 2496 4742 anno
2525 4680 2718 4740 aatatis
2747 4694 2868 4736 sua:
2909 4675 3340 4750 septuagesimo
3379 4679 3566 4733 sexto.
3601 4668 3810 4728 Mansit

2167 4778 2362 4832 autem
2386 4773 2443 4830 in
2463 4767 3204 4842 clericatuvelepiscopatu
3220 4765 3386 4823 annis
3399 4759 3808 4836 quadraginta.

2165 4863 2291 4931 Quo
2321 4867 2584 4935 tempore
2613 4857 2877 4917 Wandali
2925 4860 3098 4929 capta
3150 4853 3521 4926 Carthagine,
3557 4848 3816 4909 Siciliam

2167 4965 2398 5024 quoque
2421 4949 2826 5008 deleverunnt.
2845 4946 3020 5017 Cujus
3039 4943 3404 5018 captivitatis
3421 4937 3820 5000 Paschasinus

2164 5039 2529 5112 Lilybitanus
2559 5037 2826 5108 antistes,
2861 5037 2918 5092 in
2971 5033 3218 5108 epistola
3263 5047 3434 5105 quam
3477 5031 3550 5089 de
3583 5026 3817 5086 ratione

2162 5127 2428 5187 Paschali
2460 5130 2632 5200 Papae
2663 5126 2837 5184 Leoni
2868 5123 3124 5197 scripsit,
3160 5121 3442 5181 meminit.

2235 5217 2472 5276 Francis
2493 5217 2858 5274 Chlodoveus
2881 5215 3070 5272 adhuc
3094 5228 3355 5286 paganus
3383 5212 3610 5281 regnat.
3638 5203 3821 5276 Cujus

2163 5307 2526 5380 temporibus
2555 5305 2902 5363 Gondoveus
2930 5318 3036 5360 rex
3066 5301 3559 5373 Burgundiorum,
3595 5295 3694 5368 qui
3737 5309 3820 5351 ex

2161 5411 2378 5471 genere
2403 5397 2590 5454 fertur
2603 5393 2838 5467 Alarici,
2863 5392 3113 5452 exstitit.
3131 5389 3274 5448 Huic
3299 5389 3533 5444 fuerunt
3557 5389 3820 5456 quatuor

2164 5483 2742 5560 ﬂlii,Gundobaldus,
2775 5481 3162 5554 Godegisilus,
3200 5473 3568 5549 Chilpericus
3587 5477 3647 5530 et
3660 5472 3820 5531 Goth

2159 5571 3186 5646 marus.GundobaldusChilpericum
3200 5567 3439 5625 fratrem
3452 5561 3821 5624 suuminter-
