4086 6178
442 217 544 270 103

1439 209 1496 264 S.
1539 206 1798 264 ADONIS
1835 202 2272 261 ARCHIEPISC.
2315 203 2731 260 VIENNENSIS

3724 212 3833 266 104

439 335 790 394 ibicumDeo
811 331 1031 391 tacitus
1050 330 1310 390 definivit
1334 330 1617 403 quidquid
1641 329 1813 387 hodie
1836 326 2073 400 psalmis
2103 328 2158 389 A
2189 325 2321 398 quia
2354 326 2484 397 quis
2515 327 2677 399 prius
2706 340 2832 383 eam
2862 325 3130 384 haresim
3152 324 3576 401 introduxerit,
3602 344 3715 387 non
3748 330 3835 387 in-

437 440 502 483 ac
535 423 808 498 precibus
837 420 1086 480 mundus
1114 419 1404 477 inclamat.
1429 421 1680 477 Joannes
1700 418 1959 491 Baptista
1982 432 2075 474 ca-

437 516 539 588 put
590 529 753 571 suum
805 512 1032 568 duobus
1084 509 1379 566 monachis
1424 506 1966 590 orientalibus,.qui
1998 507 2073 563 ob

435 602 757 661 orationem
789 601 1067 657 venerant
1117 597 1591 671 Hierosolymam,
1620 596 1786 667 juxta
1830 596 2077 653 Herodis

436 691 724 764 quondam
772 687 1166 744 habitaculum
1223 687 1535 755 revelavit;
1589 686 1743 759 quod
1798 686 2075 758 deinceps

437 782 728 836 Emessam
756 775 1067 833 Phoenicia
1116 775 1318 833 urbem
1352 775 1639 848 perlatum
1681 779 1739 831 et
1771 773 1946 845 digno
1975 775 2075 830 bo-

437 881 577 924 nore
607 866 828 923 cultum
861 869 970 921 est.
1021 864 1273 922 Haresis
1322 863 1630 935 Pelagiana
1663 864 2070 920 Britannorum

435 956 638 1013 turbat
689 953 891 1021 ﬁdem;
933 953 1031 1026 qui
1081 969 1111 1010 a
1161 952 1472 1011 Gallicanis
1517 953 1807 1026 episcOpis
1855 951 2068 1036 auxilia

440 1048 795 1117 quarentes,
814 1044 1157 1100 Germanum
1172 1042 1559 1100 Altisiodoren
1569 1041 1650 1101 sis
1669 1042 1941 1100 Ecclesia
1954 1041 2074 1114 epi-

437 1149 699 1208 scopum,
716 1137 773 1190 et
790 1134 1008 1206 Lupum
1020 1132 1404 1189 Tricassinum
1420 1147 1584 1204 aque
1608 1130 1924 1204 apostolica
1944 1146 2076 1203 gra-

434 1224 517 1281 tia
570 1223 887 1294 antistites,
939 1221 1072 1278 ﬁdei
1122 1222 1458 1279 defensores
1505 1220 1814 1294 accipiunt.
1861 1221 2077 1277 Conﬁr-

438 1318 598 1370 mant
664 1312 962 1369 antistites
1025 1311 1196 1369 ﬁdem
1253 1313 1435 1369 verbo
1494 1311 1760 1369 veritatis
1816 1310 2074 1369 simulet

438 1401 849 1460 miraculorum
883 1402 1081 1473 signis.

511 1491 776 1549 Secundo
799 1505 1032 1563 quoque
1056 1490 1208 1547 idem
1233 1490 1441 1547 beatus
1461 1491 1779 1548 Germanus
1799 1505 1928 1548 cum
1952 1504 2081 1547 san-

436 1584 534 1639 cto
557 1582 771 1637 Severo
803 1579 1076 1652 episcopo
1107 1579 1178 1636 ad
1207 1579 1606 1650 integritatem
1637 1578 1770 1637 fidei
1801 1579 2077 1637 tuendam

2185 413 2437 472 venitur.
2475 414 2651 486 Cujus
2696 414 2939 473 haresis
2984 419 3149 489 peste
3190 414 3424 491 plurimi
3457 418 3832 477 orientalium

2186 501 2484 573 languent.
2511 505 2624 561 Leo
2649 504 2991 577 imperator,
3010 520 3114 579 pro
3136 509 3295 563 tomo
3318 504 3828 581 Chalcedonensis,

2186 606 2291 665 per
2320 592 2653 651 universum
2683 608 2828 666 pene
2859 588 3059 651 orb'em
3091 594 3338 666 singulis
3367 596 3829 655 orthodoxorum

2185 680 2475 754 episcOpis
2546 682 2805 754 singulas
2870 689 3258 741 consonantes
3313 684 3467 741 misit
3523 684 3827 758 epistolas,

2184 769 2324 841 quid
2371 770 2442 827 de
2490 772 2692 828 eodem
2749 776 2904 830 torno
2953 772 3241 830 sentirent
3292 773 3537 831 rescribi
3586 773 3696 831 sibi
3730 790 3832 848 p0-

2183 857 2443 929 stulans;
2476 875 2721 932 quorum
2774 862 2920 919 adeo
2971 861 3349 919 consonantia
3400 862 3471 919 de
3502 877 3640 919 vera
3670 862 3832 920 Chri-

2182 946 2257 1004 sti
2311 947 2712 1007 incarnatione
2763 950 3042 1023 suscepit,
3094 950 3347 1015 omnium
3394 950 3702 1025 rescripta,
3759 966 3829 1010 ac

2182 1035 2228 1093 si
2262 1052 2376 1094 uno
2410 1042 2674 1111 tempore
2708 1054 2938 1112 unoque
2989 1039 3248 1097 dictante
3280 1039 3521 1098 fuissent
3555 1040 3828 1099 universa

2179 1125 2528 1199 conscripta.

2253 1214 2589 1273 Theodorus
2620 1215 2940 1290 Episcopus
2978 1216 3254 1290 civitatis,
3290 1232 3418 1290 qua
3446 1233 3476 1276 a
3510 1219 3657 1291 Cyro
3686 1233 3827 1291 rege

2181 1304 2493 1362 Persarum
2523 1306 2757 1363 condita
2792 1306 2977 1379 Cyria
3016 1321 3224 1364 nomen
3268 1307 3465 1380 habet,
3518 1308 3718 1365 scribit
3753 1308 3828 1365 de

2183 1406 2322 1449 vera
2347 1393 2746 1451 incarnatione
2766 1395 2988 1452 Domini
3014 1395 3624 1455 Salvatorisadversus
3652 1398 3832 1472 Euty-

2186 1481 2351 1538 chem
2375 1487 2431 1539 et
2463 1482 2800 1542 Dioscorum
2828 1484 3198 1542 Alexandria
3220 1484 3577 1559 episcOpum,
3603 1486 3700 1558 qui
3723 1486 3831 1544 hu-

2190 1585 2413 1628 manam
2437 1571 2495 1629 in
2520 1572 2748 1630 Christo
2768 1588 3002 1631 carnem
3025 1578 3259 1644 negant.
3286 1574 3530 1648 Scripsit
3552 1579 3609 1632 et
3633 1574 3832 1632 Eccle-

439 1667 1512 1741 Britannias,precibusGallicanorum
1526 1667 2074 1741 episcoporumper-
2099 1681 2158 1745 Β
2190 1659 2482 1718 siasticam
2516 1660 2818 1719 historiam
2850 1677 2882 1720 a
2913 1663 3025 1720 ﬁne
3066 1662 3347 1721 librorum
3379 1663 3610 1721 Eusebii
3641 1678 3830 1736 usque

439 1762 650 1828 motus,
705 1756 1117 1830 proficiscitur,
1150 1760 1209 1813 et
1256 1757 1449 1814 divina
1499 1757 1688 1828 gratia
1737 1757 2076 1830 comitante,

438 1850 818 1904 renovatores
839 1845 1059 1903 erroris
1082 1846 1315 1918 penitus
1334 1846 1716 1903 confundunt.
1744 1846 1853 1903 Sed
1877 1851 1933 1903 et
1961 1847 2079 1904 bel-

370 1942 379 1951 '
440 1933 560 1992 lum
586 1937 871 1991 Saxonum
900 1935 1315 2005 Pictorumque
1346 1936 1627 1992 adversus
1658 1934 1926 1993 Britones
1948 1934 2081 2006 jun-

441 2023 554 2081 ctis
583 2022 807 2080 viribus
837 2026 1196 2094 susceptum,
1221 2012 1419 2080 sancti-
1438 2022 1736 2080 antistites
1753 2023 1974 2081 virtute
1997 2024 2081 2080 di-

438 2112 570 2170 vina
586 2111 929 2183 retundunt,
943 2126 1073 2169 cum
1098 2111 1416 2169 Germanus
1438 2111 1561 2184 ipse
1583 2112 1702 2169 dux
1716 2112 1851 2169 belli
1869 2113 2075 2185 factus,

441 2216 553 2259 non
601 2200 875 2272 clangore
923 2201 1101 2272 tuba,
1136 2200 1237 2258 sed
1289 2199 1543 2258 clamore
1594 2200 1863 2274 Alleluia,
1895 2201 2081 2260 totius

439 2289 735 2348 exercitus
762 2304 906 2347 voce
938 2289 1008 2346 ad
1044 2288 1237 2347 sidera
1279 2289 1492 2361 levato,
1518 2289 1741 2347 hostem
1775 2290 2077 2348 immanem

441 2378 496 2435 in
522 2378 713 2450 fugam
735 2377 937 2436 vertit.
953 2377 1060 2446 Qui
1079 2377 1693 2450 deincepsRavennam
1710 2379 2077 2451 perveniens,

438 2472 496 2525 et
529 2482 749 2525 summa
784 2466 1116 2524 reverentia
1150 2466 1555 2524 Valentiniano
1592 2470 1648 2524 et
1698 2466 1956 2525 Placidia
1989 2485 2081 2527 su-

439 2561 698 2630 sceptus,
725 2555 994 2626 migravit
1019 2555 1088 2612 ad
1120 2555 1432 2612 Christum.
1461 2557 1685 2630 Corpus
1705 2555 1830 2627 ejus
1851 2556 2082 2614 honori-

440 2644 551 2702 ﬁco
603 2644 829 2715 agmine
875 2643 1292 2701 comitantibus
1329 2632 1614 2702 virtutum
1638 2645 1917 2717 operibus
1937 2645 2081 2702 Alti-

442 2732 737 2791 siodorum
763 2733 1055 2789 deferunt.
1082 2734 1162 2790 Eo
1189 2736 1454 2805 tempore
1479 2734 1726 2791 Severus
1748 2734 2076 2807 presbyter,

440 2821 675 2878 natione
707 2820 903 2893 Indus,
927 2821 1017 2878 vir
1049 2820 1346 2879 miraculis
1367 2820 1745 2893 clarissimus,
1777 2822 2079 2881 destructo

439 2908 726 2968 idolorum
748 2909 988 2982 templo,
1006 2908 1103 2966 ubi
1126 2924 1292 2966 error
1311 2908 1794 2982 gentiliscentum
1808 2910 1948 2968 deos
1959 2910 2081 2968 cul-

2189 1750 2260 1806 ad
2294 1764 2459 1808 suum
2491 1753 2743 1824 tempus,
2778 1751 2834 1807 id
2858 1757 2969 1823 est,
3002 1766 3187 1824 usque
3216 1751 3288 1809 ad
3317 1752 3623 1825 imperium
3655 1751 3833 1823 hujus

2187 1840 2392 1897 Leonis
2421 1840 2529 1897 sub
2560 1855 2674 1911 quo
2705 1844 2763 1898 et
2805 1845 3070 1899 mortuus
3101 1844 3211 1898 est.
3243 1841 3556 1914 Victorius,
3584 1841 3831 1913 jubente

2187 1943 2335 2001 papa
2356 1928 2595 2000 Hilario,
2613 1929 2848 2003 scripsit
2863 1929 3199 1988 Paschalem
3220 1930 3504 1988 circulum
3526 1934 3833 1988 sexcento-

2188 2032 2315 2074 rum
2364 2017 2608 2089 triginta
2657 2019 2902 2075 duorum
2956 2034 3256 2076 annorum.
3310 2019 3674 2077 Cblodoveus
3723 2034 3829 2077 rex

2187 2107 2560 2179 Francorum,
2593 2107 2865 2165 milliario
2896 2108 3119 2165 decimo
3150 2109 3222 2166 ab
3254 2109 3399 2166 urbe
3420 2108 3676 2167 Pictavis
3693 2123 3828 2168 cum

2187 2194 2421 2254 Alarico
2442 2211 2580 2268 rege
2604 2198 2919 2254 Gothorum
2953 2212 3201 2270 pugnam
3233 2197 3383 2269 iniit,
3410 2197 3604 2270 ibique
3634 2197 3830 2257 victor

2187 2284 2483 2342 Alaricum
2505 2285 2739 2343 occidit.
2758 2284 3118 2344 Amalaricus
3140 2285 3294 2344 filius
3313 2285 3549 2359 Alarici,
3573 2286 3832 2345 evadens

2188 2373 2245 2428 in
2296 2373 2621 2447 Hispanias,
2656 2375 2913 2445 aufugit;
2948 2374 3315 2433 Cblodoveus
3360 2375 3829 2447 Burgundiorum

2189 2476 2294 2518 rex
2344 2461 2626 2534 Tolosam,
2694 2465 3033 2535 Sanctonas,
3092 2468 3151 2520 et
3226 2463 3485 2535 reliquas
3556 2463 3835 2522 civitates

2188 2565 2531 2623 omnemque
2554 2555 2772 2609 terram
2806 2552 3210 2624 Aquitanicam
3234 2551 3587 2625 subjugavit,
3613 2553 3836 2611 Gothos

2186 2640 2588 2697 Arianosinde
2616 2640 2949 2713 expellens;
2989 2642 3240 2699 Francos
3270 2641 3348 2698 ibi
3380 2641 3702 2699 catholicos
3732 2642 3832 2699 ha-

2190 2728 2379 2785 bitare
2410 2729 2792 2787 constituens.
2830 2730 3136 2788 Salvianus
3166 2731 3472 2804 presbyter
3501 2731 3657 2803 apud
3689 2732 3833 2788 Mas-

2189 2817 2375 2875 siliam
2398 2817 2645 2875 humana
2659 2822 2718 2875 et
2734 2818 2930 2877 divina
2954 2819 3293 2877 litteratura
3315 2819 3659 2891 instructus,
3675 2818 3831 2876 inter

2189 2905 2300 2963 alia
2314 2922 2443 2978 qua
2456 2908 2715 2980 scripsit,
2743 2908 2815 2965 ad
2832 2908 3210 2966 Claudianum
3233 2909 3639 2982 presbyterum
3660 2908 3832 2965 Vien-

440 3004 571 3055 tura
622 2997 983 3055 insanissima
1033 2998 1338 3069 adorabat,
1391 2998 1697 3056 ecclesiam
1758 2999 2078 3057 beatissimi
2113 3027 2164 3092 α
2189 3010 2447 3066 nensem,
2480 2995 2691 3053 librum
2725 3013 2900 3054 unum
2928 2997 3310 3070 expositionis
3333 3003 3610 3054 extrema
3642 2997 3831 3071 partis

441 3086 716 3158 Stephani
742 3086 1207 3158 protomartyris,
1234 3092 1297 3143 ut
1321 3091 1789 3157 consecraretur,
1818 3103 1922 3160 pro
1947 3088 2079 3144 fori-

441 3174 552 3231 bus
580 3174 812 3231 Vienna
842 3174 1105 3245 parabat.
1133 3174 1243 3230 Sed
1283 3189 1415 3231 cum
1448 3175 1545 3232 diu
1579 3175 1833 3232 reditum
1867 3177 2079 3234 beatis-

440 3262 567 3321 simi
592 3261 856 3319 Germani
879 3261 1221 3334 sustineret,
1237 3263 1371 3335 quia
1395 3263 1546 3320 idem
1562 3279 1811 3336 pergens
1824 3264 1893 3320 ad
1919 3265 2078 3322 dedi-

437 3352 724 3410 cationem
739 3351 1016 3408 domusse
1029 3349 1255 3408 dixerat
1280 3353 1873 3424 venturum,contigit
1897 3358 1956 3411 ut
1983 3354 2076 3413 die

438 3440 697 3512 ejusdem
730 3439 1133 3512 dedicationis,
1167 3444 1476 3513 antequam
1525 3442 1708 3499 oﬁlcia
1741 3442 2078 3501 inchoaren-

438 3533 558 3602 tur,
575 3530 970 3589 beatissimum
991 3544 1208 3603 corpus
1228 3530 1485 3604 episcopi
1508 3532 1773 3588 Germani
1794 3547 1898 3604 per
1911 3533 2077 3591 Vien-

439 3634 569 3677 nam
585 3619 1039 3692 deportatum,in
1055 3620 1315 3677 eamdem
1338 3620 1650 3678 Ecclesiam
1667 3620 1848 3693 ipsam
1871 3638 2075 3680 novam

440 3708 789 3783 repausandi
803 3708 992 3780 gratia
1007 3709 1462 3782 perveheretur;
1486 3710 1684 3782 sicque
1697 3710 1807 3767 viri
1822 3712 1922 3769 Dei
1947 3727 2078 3785 pro-

441 3798 677 3857 missum
700 3797 996 3871 impletur.
1012 3797 1216 3856 lsicius
1236 3799 1671 3872 tunctemporis
1693 3801 2075 3859 Viennensem

437 3889 679 3960 regebat
702 3887 1040 3958 Ecclesiam,
1066 3890 1269 3945 sextus
1299 3903 1330 3944 a
1355 3888 1527 3946 beato
1556 3890 1887 3963 Paschasio,
1910 3888 2079 3961 cujus

437 3977 645 4033 diebus
668 3977 949 4048 praefatus
971 3978 1223 4033 Severus
1242 3975 1533 4046 glorioSus
1563 3980 1874 4053 presbyter
1896 3980 1968 4036 ab
1990 3981 2079 4035 In-

439 4063 533 4122 dia
556 4064 832 4122 Viennam
853 4064 1035 4121 venit.
1062 4063 1170 4132 Qui
1209 4064 1519 4137 episcopus
1560 4066 1754 4124 ﬂoruit
1797 4083 1981 4139 usque
2003 4068 2075 4124 ad

435 4156 702 4226 tempora
732 4152 976 4210 Zenonis
1005 4151 1394 4225 imperatoris.
1421 4153 1627 4213 Aetius
1658 4155 1944 4229 patricius
1963 4171 2078 4214 ma-
2168 4218 2176 4227 ,

433 4255 546 4313 gna
569 4241 950 4299 occidentalis
970 4240 1309 4314 reipublicae
1332 4242 1510 4316 salus,
1526 4248 1587 4302 et
1610 4244 1767 4315 regis
1787 4245 2075 4318 quondam

436 4329 636 4387 Attila
684 4334 944 4403 terror,a
985 4328 1389 4390 Valentiniano
1437 4333 1748 4407 occiditur,
1779 4350 1911 4392 cum
1962 4350 2076 4407 quo

433 4418 777 4491 Hesperium
807 4433 954 4493 pene
976 4418 1193 4478 cecidit
1216 4433 1478 4491 regnum.
1507 4422 1829 4481 Eucherius
1850 4424 2077 4496 Lugdu-

435 4507 632 4565 nensis
643 4508 971 4583 episcopus,
991 4508 1202 4567 satisin
1219 4509 1431 4568 divinis
1444 4511 1765 4584 Scripturis
1784 4513 2072 4585 eruditus,

435 4596 702 4655 moritur.
719 4598 820 4656 Hic
833 4598 1009 4656 etiam
1024 4598 1178 4656 inter
1191 4599 1302 4656 alia
1316 4614 1515 4673 opera,
1533 4600 1786 4658 Cassiani
1811 4603 2075 4673 quadam

434 4686 714 4760 opuscula
765 4685 884 4744 lato
912 4690 1078 4746 tensa
1125 4687 1378 4761 eloquio,
1432 4692 1680 4760 angusto
1726 4689 1962 4747 tramite
2018 4691 2073 4747 in

436 4790 612 4833 unum
633 4774 823 4846 coegit
854 4775 1145 4834 volumen.
1172 4777 1476 4850 Philippus
1507 4779 1816 4851 presbyter
1842 4778 2076 4837 auditor

435 4865 592 4922 beati
634 4864 987 4938 Hieronymi,
1023 4865 1120 4938 qui
1154 4865 1210 4922 in
1238 4867 1345 4924 Job
1377 4866 1626 4940 simplici
1659 4881 1924 4925 sermone
1953 4867 2074 4925 edi-

435 4953 519 5010 dit
550 4953 751 5027 libros,
786 4954 1051 5012 moritur.

508 5042 621 5099 Leo
644 5044 826 5116 major
856 5058 987 5102 cum
1029 5044 1217 5100 Leone
1249 5043 1470 5101 minore
1513 5047 1718 5114 regnat
1743 5044 1909 5102 annis
1948 5059 2074 5104 sex-

437 5128 643 5187 decim.
670 5133 1021 5191 Alexandria
1052 5136 1112 5190 et
1140 5130 1425 5205 Egyptus
1444 5146 1647 5189 errore
1671 5132 1929 5191 Dioscori
1961 5134 2076 5192 ha-

438 5217 607 5275 retici
636 5217 917 5291 languens
955 5222 1249 5280 immundo
1279 5219 1518 5293 impleta
1551 5220 1786 5294 spiritu,
1809 5222 2073 5280 caninam

442 5307 663 5365 rabiem
694 5306 891 5368 latrat.
928 5315 1040 5369 Per
1070 5312 1221 5369 idem
1248 5315 1484 5384 tempus
1532 5311 1801 5383 apparuit
1835 5312 2077 5370 haresis

445 5395 867 5471 Acepbalorum
900 5400 1366 5475 Chalcedonense
1396 5398 1705 5458 concilium
1740 5400 2078 5473 impugnan-

435 5485 604 5544 tium.
634 5486 771 5544 Ideo
792 5488 1089 5563 Acepbali,
1116 5490 1173 5549 id
1195 5495 1283 5550 est
1309 5490 1433 5550 sine
1459 5488 1653 5564 capite
1681 5488 2071 5565 nominantur,

2190 3084 2244 3140 in
2278 3083 2687 3142 Ecclesiasten.
2714 3085 2973 3143 Hilarius
3001 3086 3360 3144 Arelatensis
3382 3085 3655 3144 Ecclesia
3675 3086 3830 3159 epis-

2185 3188 2387 3245 copus,
2419 3172 2510 3230 vir
2534 3174 2588 3229 in
2614 3175 2831 3232 sanctis
2860 3174 3178 3247 Scripturis
3209 3175 3437 3247 doctus,
3464 3174 3831 3248 paupertatis

2188 3266 2432 3333 amator,
2462 3267 2518 3318 et
2564 3277 2701 3334 erga
2754 3264 2987 3335 inopum
3047 3264 3431 3335 provisionem
3479 3279 3589 3321 non
3638 3263 3825 3322 solum

2187 3350 2398 3407 mentis
2422 3350 2662 3423 pietate,
2687 3352 2788 3409 sed
2811 3357 2869 3408 et
2894 3352 3157 3425 corporis
3180 3352 3267 3410 sui
3292 3352 3490 3410 labore
3514 3352 3823 3424 sollicitus,

2186 3439 2444 3497 emicuit.
2463 3441 2595 3512 Leo,
2621 3441 2786 3498 urbis
2816 3442 3008 3498 Roma
3034 3441 3402 3499 beatissimus
3423 3442 3750 3515 cpiscopus,
3769 3443 3825 3500 in

2185 3528 2451 3586 doctrina
2476 3529 2610 3586 fidei
2654 3529 2851 3588 clarus
2891 3530 3161 3587 habetur.
3197 3529 3548 3589 Claudianus
3595 3547 3827 3604 quoque

2183 3618 2526 3675 Viennensis
2575 3618 2852 3676 Ecclesia
2884 3621 3213 3693 presbyter,
3247 3620 3337 3676 vir
3367 3620 3438 3676 ad
3472 3620 3825 3693 loquendum

2185 3706 2418 3778 artifex,
2453 3710 2512 3765 et
2547 3707 2616 3763 ad
2653 3708 3068 3780 disputandum
3101 3707 3353 3781 subtilis,
3391 3710 3606 3767 floruit.
3633 3710 3741 3766 Sed
3765 3714 3827 3767 et

2183 3797 2438 3868 Prosper
2461 3796 2826 3867 Aquitanica
2850 3797 3127 3869 regionis,
3144 3797 3407 3856 notarius
3419 3798 3574 3856 beati
3599 3798 3825 3871 Leonis,

2185 3898 2216 3941 a
2250 3900 2363 3957 quo
2397 3885 2634 3944 dictata
2682 3887 3009 3944 creduntur
3058 3902 3187 3946 esse
3232 3886 3496 3962 epistola
3546 3887 3830 3947 adversus

2185 3974 2505 4047 Eutychem
2549 3976 2622 4033 de
2660 3990 2800 4033 vera
2849 3975 3248 4034 incarnatione
3280 3976 3514 4049 Christi,
3538 3982 3597 4036 et
3639 3976 3828 4035 libero

2185 4062 2433 4120 arbitrio
2456 4063 2605 4120 male
2638 4064 3004 4123 sentientem.

2263 4151 2407 4224 [475]
2441 4153 2629 4210 Zenon
2671 4152 3010 4226 imperator,
3044 4153 3211 4211 annis
3240 4154 3674 4228 septemdecim.
3708 4156 3827 4214 Iste

2186 4241 2433 4298 Leonem
2467 4240 2649 4299 filium
2697 4258 2865 4300 suum
2917 4243 3251 4302 interﬁcere
3301 4259 3590 4317 quarens,
3622 4258 3728 4318 pro
3755 4260 3829 4303 eo

2189 4333 2376 4386 mater
2405 4328 2533 4401 ejus
2564 4329 2740 4388 alium
2772 4331 3015 4390 similem
3040 4332 3225 4405 figura
3247 4333 3484 4407 obtulit,
3519 4334 3827 4408 ipsumque

2188 4418 2433 4476 Leonem
2464 4419 2693 4478 occulte
2723 4419 3001 4479 clericum
3032 4422 3202 4489 fecit;
3235 4422 3449 4494 quique
3479 4427 3541 4479 et
3569 4422 3625 4479 in
3657 4422 3829 4481 cleri-

2186 4511 2322 4565 catu
2346 4522 2530 4580 usque
2551 4509 2860 4567 Iustiniani
2886 4515 3146 4583 tempora
3176 4510 3341 4567 vixit.
3367 4512 3478 4568 Per
3507 4510 3658 4568 idem
3682 4515 3830 4569 tem-

2186 4612 2522 4671 puscorpus
2534 4599 2811 4655 Barnaba
2825 4598 3094 4671 apostoli,
3110 4605 3171 4655 et
3183 4599 3558 4672 Evangelium
3571 4600 3827 4659 Mattbai

2184 4684 2312 4756 ejus
2324 4686 2475 4760 stylo
2487 4687 2770 4759 scriptum
2784 4686 2909 4759 ipso
2922 4687 3220 4747 revelante
3234 4688 3546 4762 reperitur.
3564 4690 3830 4748 Odoacer

2186 4789 2291 4831 rex
2321 4775 2637 4833 Gothorum
2686 4776 2920 4832 Romam
2952 4776 3239 4846 obtinuit;
3271 4792 3441 4850 quam
3475 4793 3548 4836 ex
3582 4793 3652 4837 eo
3684 4784 3829 4835 tem-

2187 4877 2326 4935 pore
2350 4863 2572 4921 diutius
2591 4878 2792 4921 eorum
2824 4878 2994 4936 reges
3021 4870 3285 4924 tenuere.
3321 4869 3545 4926 Mortuo
3572 4866 3828 4925 Theodo-

2184 4951 2309 5008 rico
2354 4951 2558 5008 Triarii
2606 4952 2745 5026 filio,
2784 4952 2934 5011 alius
2979 4955 3390 5028 Theodericus,
3442 4960 3828 5028 cognomento

2183 5039 2471 5112 Valamer,
2488 5041 2803 5098 Gothorum
2828 5044 3087 5116 suscepit
3116 5045 3493 5117 regnum,qui
3518 5050 3829 5116 utramque

2184 5128 2574 5186 Macedoniam
2604 5129 3069 5204 Thessaliamque
3092 5132 3483 5206 depopulatus
3504 5139 3613 5192 est.
3639 5133 3831 5190 Pluri-

2185 5232 2275 5274 ma
2328 5216 2503 5288 regia
2529 5217 2789 5276 civitatis
2835 5219 2960 5277 loca
3012 5221 3142 5291 igne
3194 5223 3574 5294 succendens,
3600 5222 3828 5279 Italiam

2186 5320 2415 5379 quoque
2446 5306 2693 5366 infestus
2721 5309 3049 5381 occupavit.
3086 5311 3407 5369 Honoricus
3439 5325 3542 5367 rex
3582 5310 3833 5368 Wanda-

2185 5395 2371 5453 lorum
2420 5395 2689 5470 Arianus,
2736 5397 2794 5455 in
2839 5398 3032 5456 Africa
3082 5398 3364 5457 exsulatis
3411 5397 3832 5473 diffugatisque

2185 5483 2494 5558 plusquam
2507 5485 2793 5545 trecentis
2813 5486 3052 5559 triginta
3064 5491 3315 5559 quatuor
3325 5485 3833 5560 episcOpiscatho-
