4086 6178
299 241 400 294 105

1499 237 1930 322 ΟΗΒΟΝΙΟΟΝφ
1959 269 2029 283 -
2053 238 2250 298 ,ΕΤΑΞ
2281 242 2526 304 SEXTA.

3597 257 3702 310 106

297 359 424 418 licis
452 358 747 419 Ecclesias
773 375 974 419 eorum
1003 360 1236 420 clausit.
1267 360 1501 418 Plebem
1530 362 1710 419 variis
1750 360 1938 419 affecit
1977 362 2034 424 A
2069 365 2459 434 probatissim.
2486 366 2588 423 Hic
2624 365 3049 438 Sigismundum
3091 384 3286 440 regem
3333 372 3389 428 in
3431 373 3542 431 fide
3585 377 3702 449 pie-

296 447 623 520 suppliciis,
642 449 999 508 innumeram
1022 449 1456 508 multitudinem
1479 449 1825 507 catholicam
1843 465 1946 521 pro

298 535 410 593 ﬁde
436 537 708 596 veritatis
730 540 996 611 peremit,
1018 539 1337 596 innumeris
1360 554 1562 596 manus
1577 539 1942 610 abscindens,

294 631 353 680 et
378 629 442 681 ut
463 627 771 684 catholicae
791 628 1170 686 confessionis
1202 627 1490 699 loquelam
1529 629 1811 698 auferret,
1842 627 1947 682 lin-

296 729 446 783 guas
475 731 705 787 quoque
736 717 1148 789 praescindens,
1192 733 1336 790 pene
1376 722 1559 774 totam
1598 718 1848 776 Africam
1892 717 1944 772 in

296 801 587 859 catholica
620 804 868 860 veritate
893 804 1062 876 plene
1092 806 1411 879 fundatam,
1453 822 1626 865 unum
1671 807 1946 879 quodam-

299 891 473 946 modo
505 894 819 962 martyrem
853 893 1009 949 fecit.

374 997 819 1069 Britones,duce
842 999 1146 1058 Ambrosio
1169 1001 1635 1074 Aureliano,viro
1657 1004 1941 1073 modesto,

301 1085 400 1156 qui
425 1085 587 1143 solus
609 1087 758 1142 forte
781 1090 1050 1146 Romanae
1071 1090 1264 1159 gentis
1286 1092 1572 1148 Saxonum
1587 1092 1731 1150 caedi
1746 1106 1947 1164 super-

298 1176 516 1245 fuerat,
543 1175 844 1233 victricem
877 1179 1162 1236 Saxonum
1192 1185 1424 1251 gentem
1458 1187 1842 1252 provocantes
1873 1182 1944 1238 ad

303 1263 594 1335 praelium,
618 1264 896 1323 vincunt:
923 1271 979 1324 et
1003 1283 1076 1324 ex
1105 1284 1174 1326 eo
1206 1273 1467 1342 tempore
1500 1286 1650 1328 nunc
1682 1271 1760 1342 hi,
1794 1285 1944 1329 nunc

299 1351 382 1407 illi
409 1353 659 1424 palmam
682 1354 941 1414 habuere
973 1358 1153 1414 donec
1186 1359 1443 1416 Saxones
1473 1359 1710 1416 advenae
1745 1365 1946 1432 poten-

300 1440 483 1499 tiores
508 1446 630 1499 tota
654 1443 842 1502 insula
859 1446 1207 1519 perlongum
1226 1448 1946 1520 potirentur.Chlodoveus

298 1546 402 1586 rex
433 1546 568 1588 cum
601 1534 961 1604 Ragnacario
1003 1537 1328 1609 propinquo
1363 1552 1467 1594 suo
1504 1552 1753 1610 pugnam
1792 1536 1940 1592 iniit.

301 1618 770 1690 Comprehensus
799 1623 1210 1696 Ragnacarius,
1245 1626 1414 1682 simul
1445 1628 1502 1681 et
1538 1626 1719 1682 frater
1756 1624 1882 1695 ejus
1912 1639 1942 1680 a

2066 456 2206 512 tatis
2226 455 2478 511 erudivit
2505 475 2516 510 :
2552 459 2647 526 qui
2672 460 2879 526 agente
2905 455 3004 512 illo
3029 460 3393 529 postmodum
3417 470 3702 523 monaste-

2057 545 2204 601 rium
2238 549 2568 601 sanctorum
2611 549 2928 618 martyrum
2969 546 3396 616 Agaunensium
3445 551 3695 608 Mauritii

2057 633 2460 704 sociorumque
2506 633 2630 703 ejus
2677 635 3033 691 construxit.
3098 636 3276 702 Quem
3329 642 3696 708 postmodum

2055 729 2318 794 captum,
2369 726 2427 778 et
2493 739 2521 778 a
2591 724 2822 780 Francis
2878 724 3130 781 occisum
3188 726 3695 787 vehementissime

2057 811 2260 867 doluit.
2306 811 2568 878 Quantus
2607 817 2799 869 autem
2833 813 2888 868 in
2909 813 3176 885 ,Ecclesia
3211 815 3421 872 Christi
3458 816 3689 890 vixerit,

2056 900 2288 970 quiquis
2318 900 2465 957 scire
2498 901 2568 956 ad
2603 899 2834 973 plenum
2868 901 3012 972 vult,
3058 906 3188 974 post
3231 904 3358 974 ejus
3395 904 3696 963 innumera

2057 989 2111 1043 in
2135 989 2342 1047 divinis
2365 989 2663 1046 laboribus
2685 1006 2883 1062 opera,
2909 991 3268 1063 epitaphium
3294 994 3476 1064 ipsius
3503 993 3694 1064 legat;

2056 1077 2132 1131 ibi
2168 1082 2418 1148 quantus
2443 1079 2615 1134 fuerit
2642 1080 2839 1136 videre
2889 1080 3141 1152 poterit:
3179 1081 3275 1138 ubi
3300 1082 3453 1140 inter
3477 1083 3588 1140 alia
3615 1083 3696 1140 sic

2055 1167 2294 1224 metrice
2318 1166 2504 1223 lusum
2529 1171 2617 1223 est
2652 1168 2900 1224 veritate
2925 1183 3067 1240 pura
3093 1170 3436 1228 subnixum:

2240 1280 2381 1326 Unus
2404 1281 2450 1325 in
2478 1293 2590 1326 arce
2610 1281 2722 1337 fuit,
2742 1281 2826 1326 cui
2847 1282 3068 1338 quilibet
3087 1283 3256 1329 ordine
3279 1284 3434 1341 fandi,

2241 1353 2422 1398 Orator
2451 1354 2620 1397 nullus
2651 1353 2866 1406 simillia,
2889 1355 3158 1410 nullusque
3180 1359 3352 1410 poeta;

2239 1426 2467 1468 Clamant
2486 1424 2613 1481 quod
2635 1426 2799 1480 sparsi
2821 1437 2909 1482 per
2929 1425 3098 1470 crebra
3134 1427 3386 1471 volumina
3405 1426 3538 1474 libri.

2241 1496 2335 1549 Qui
2351 1496 2496 1551 vixit,
2517 1497 2659 1550 vivit,
2677 1508 2862 1553 perque
2881 1498 3043 1542 omnia
3066 1499 3246 1543 saecula
3275 1499 3430 1544 vivet.

2127 1620 2499 1693 Symmachus
2521 1635 2665 1692 papa
2691 1621 2844 1677 inter
2866 1621 3044 1678 multa
3079 1623 3465 1682 Eeclesiarum
3497 1640 3697 1701 opera,

299 1710 470 1778 tergo
493 1708 705 1766 vinctis
725 1712 992 1770 manibus
1014 1713 1134 1783 regi
1158 1713 1498 1786 praesentati
1521 1718 1674 1772 sunt.
1703 1715 1944 1772 Chlodo—
1975 1713 2028 1773 Β
2061 1725 2188 1781 quae
2211 1710 2299 1765 vel
2324 1725 2354 1765 a
2377 1708 2768 1766 fundamentis
2787 1711 3030 1783 creavit,
3048 1711 3139 1769 vel
3161 1713 3349 1784 prisca
3373 1716 3698 1789 renovavit,

297 1810 442 1855 veus
465 1813 571 1855 rex
591 1801 950 1871 Ragnaeario
975 1802 1200 1859 dicens:
1235 1805 1346 1860 Cur
1369 1803 1685 1861 bumiliasti
1709 1808 1944 1876 gentem

293 1892 559 1944 nostram
606 1893 671 1946 ut
719 1891 924 1948 vinciri
967 1896 1024 1947 te
1066 1893 1483 1964 permitteres?
1523 1893 1836 1966 Bipennem
1889 1895 1946 1951 in

293 1981 474 2046 caput
497 1977 624 2047 ejus
647 1979 882 2049 defixit;
915 1981 1113 2052 sicque
1145 1986 1411 2042 mortuus
1440 1987 1549 2042 est.
1586 1983 1774 2040 Fratri
1809 1998 1947 2055 quo-

295 2079 408 2136 que
431 2065 563 2136 ejus
584 2067 664 2124 ita
694 2068 871 2125 dixit:
907 2071 953 2127 si
978 2075 1041 2128 tu
1083 2074 1248 2129 fratri
1283 2077 1384 2132 tuo
1415 2073 1767 2144 adjutorium
1802 2088 1947 2145 prm-

295 2153 548 2228 buisses,
566 2156 798 2217 vinctus
819 2165 994 2233 atque
1018 2162 1233 2233 ligatus
1255 2178 1366 2220 non
1389 2163 1625 2232 fuisset;
1650 2164 1848 2235 sicque
1864 2162 1946 2219 bi-

293 2260 547 2316 pennem
582 2247 636 2303 in
667 2254 842 2320 caput
874 2249 1002 2321 ejus
1031 2251 1270 2324 librans,
1309 2253 1522 2311 occidit
1545 2254 1726 2311 illum.
1752 2252 1946 2310 Tradi-

294 2336 460 2391 tores
479 2349 682 2392 eorum
702 2343 1092 2407 cognocentes
1114 2355 1317 2397 aurum
1341 2341 1493 2413 quod
1529 2358 1632 2414 pro
1665 2342 1946 2398 fratribus

291 2428 647 2494 acceperant
697 2425 988 2497 vitiatum,
1038 2428 1159 2498 regi
1211 2428 1538 2486 Chlodoveo
1588 2429 1941 2488 retulerunt.

292 2511 524 2578 Quibus
561 2512 686 2585 ipse
728 2517 1065 2588 respondit:
1111 2517 1314 2574 Merito
1364 2518 1690 2588 hujusmodi
1740 2534 1944 2576 aurum

287 2607 640 2674 corruptum
673 2605 904 2677 accipit,
942 2606 1039 2677 qui
1072 2607 1366 2665 dominum
1398 2624 1564 2664 suum
1609 2608 1664 2665 in
1699 2613 1943 2665 mortem

291 2691 596 2748 tradidit:
657 2695 900 2752 sufﬁciat
962 2697 1126 2755 vobis
1178 2699 1331 2769 quod
1386 2699 1613 2756 vivitis.
1675 2698 1761 2754 Illi
1822 2699 1943 2755 haec

284 2779 629 2854 audientes,
663 2799 780 2857 prae
813 2784 1113 2844 innumera
1146 2787 1389 2860 pecunia
1418 2787 1596 2844 vitam
1627 2787 1945 2860 pretiosius

289 2869 619 2928 duxerunt.

365 2976 720 3051 Timotheus,
744 2981 1034 3039 exstincto
1067 2983 1138 3038 ab
1167 2981 1577 3039 Alexandrinis
1607 2982 1934 3053 Protherio,

288 3069 393 3119 aut
427 3065 614 3122 voluit
636 3072 734 3123 aut
760 3085 962 3141 passus
993 3074 1082 3126 est
1113 3072 1184 3127 ab
1217 3087 1329 3129 uno
1360 3072 1632 3144 episcopo
1661 3072 1715 3127 in
1749 3072 1937 3128 locum
1971 3069 2021 3134 C

287 3153 470 3211 occisi
493 3155 748 3228 episc0pi
775 3173 834 3214 se
856 3160 1114 3216 ordinari
1141 3181 1152 3215 :
1179 3164 1238 3216 et
1273 3176 1342 3216 ne
1373 3165 1576 3217 contra
1607 3162 1791 3232 legem
1827 3161 1939 3216 fac-

291 3248 390 3299 tus
437 3245 650 3302 merito
706 3248 1082 3320 objiceretur,
1146 3251 1216 3306 ad
1271 3251 1518 3321 gratiam
1579 3250 1766 3322 plebis
1811 3265 1938 3321 quae

285 3332 662 3390 Protherium
695 3350 932 3394 exosum
961 3339 1247 3396 habuerat
1275 3340 1716 3410 conciliandam,
1743 3354 1940 3396 omnes

287 3421 1562 3499 quibusilleeommunicaverat,Nestorianos
1577 3430 1934 3502 pronuntiat.

286 3508 821 3571 Chalcedonensem
845 3518 1125 3588 synodum
1149 3520 1483 3591 repudians,
1507 3521 1845 3576 confutatus
1867 3519 1937 3574 ab

282 3601 578 3673 omnibus,
598 3604 1017 3665 haeresiarches
1039 3609 1093 3664 in
1119 3609 1386 3668 exsilium
1411 3610 1711 3667 truditur:
1742 3609 1937 3679 ibique

283 3689 396 3744 sub
417 3690 646 3748 Zenone
671 3695 937 3752 moritur.

365 3806 1054 3885 [492]Anastasius,annis
1066 3815 1269 3886 viginti
1283 3819 1432 3872 octo.
1451 3814 1936 3886 Transemundus,

281 3898 701 3958 Wandalorum
743 3918 866 3975 rex,
909 3905 1228 3962 catholicas
1267 3904 1546 3962 ecclesias
1596 3903 1828 3974 clausit,
1878 3907 1935 3959 et

286 3987 576 4048 ducentos
607 3992 812 4064 viginti
845 3994 1150 4067 episcopos
1180 3995 1233 4050 in
1270 3993 1592 4050 Sardiniam
1631 3993 1810 4051 exilio
1851 4007 1939 4048 re-

285 4075 524 4145 legavit.
554 4080 918 4154 Fulgentius,
952 4082 1269 4154 Ruspensis
1301 4081 1574 4141 Ecclesiae
1606 4083 1934 4154 episcopus,

284 4165 531 4224 scientia
556 4174 616 4225 et
649 4171 914 4227 doctrina
945 4170 1176 4228 claruit.

359 4283 569 4342 Avitus
610 4300 842 4358 quoque
883 4286 1222 4344 Viennensis
1262 4288 1573 4362 episcopus
1602 4288 1937 4362 eloquentia

284 4377 344 4428 et
379 4375 697 4432 sanctitate
738 4377 1088 4449 praecipuus,
1129 4377 1297 4448 cujus
1329 4379 1512 4435 frater
1543 4379 1940 4452 Appollinaris

282 4463 570 4522 Valentius
602 4466 931 4538 episcopus,
968 4467 1264 4525 miraculis
1295 4468 1555 4540 insignis,
1591 4471 1742 4527 Isicii
1778 4485 1939 4527 sena-

284 4553 434 4612 toris
456 4555 711 4627 primum
735 4555 864 4627 viri,
900 4561 1100 4628 postea
1133 4558 1478 4616 Viennensis
1507 4559 1786 4631 episcOpi,
1825 4560 1940 4616 duo

283 4642 528 4716 Iumina,
561 4646 869 4704 clarissimi
904 4646 1026 4705 ﬁlii.
1064 4649 1165 4706 Hic
1199 4650 1406 4708 beatus
1426 4649 1634 4708 Avitus
1655 4651 1936 4708 adversus

283 4732 538 4792 haeresin
582 4735 874 4808 Arianam,
928 4753 1056 4810 quae
1106 4743 1244 4796 tunc
1286 4754 1398 4796 non
1438 4739 1624 4798 solum
1663 4739 1936 4812 Africam,

284 4824 387 4878 sed
410 4828 472 4878 et
507 4823 751 4882 Galliam
782 4826 1124 4900 Italiamque
1157 4842 1359 4901 magna
1391 4844 1464 4886 ex
1496 4834 1663 4902 parte
1695 4843 1940 4902 occupa-

284 4918 474 4986 verat,
521 4931 729 4987 magno
770 4918 983 4975 sudore
1025 4920 1373 4992 decertavit,
1419 4921 1572 4992 quod
1613 4921 1936 4979 clarissima

284 5002 410 5074 ejus
431 5021 615 5078 Opera
639 5010 953 5066 testantur.
983 5011 1195 5067 Scribit
1227 5011 1378 5067 enim
1415 5011 1730 5083 dialogum,
1756 5011 1938 5069 haere-

286 5094 372 5150 sin
402 5095 565 5152 illam
600 5113 942 5169 eppuguans
983 5099 1322 5160 fidelissimo
1361 5109 1422 5160 et
1461 5101 1798 5160 doctissimo
1839 5103 1939 5159 im-

290 5185 888 5259 mortaliqueingenio
902 5190 972 5247 ad
997 5192 1436 5251 Gundebaldum
1462 5193 1936 5265 Burgundionum

293 5285 504 5346 regem,
550 5275 732 5333 filium
774 5279 1092 5337 Gundovei.
1147 5284 1286 5338 Item
1337 5283 1482 5341 alios
1522 5285 1753 5342 libellos
1795 5285 1941 5342 duos

287 5368 486 5447 contra
546 5367 879 5425 Nestorium
933 5375 991 5426 et
1042 5373 1342 5430 Eutichem
1401 5378 1640 5433 autores
1693 5376 1932 5447 erroris,

288 5446 750 5514 luculentissimo
773 5462 831 5515 et
856 5459 1142 5531 castigato
1167 5463 1311 5520 satis
1341 5479 1626 5521 sermone.
1677 5446 1934 5522 Fuerunt

285 5542 347 5594 et
371 5539 477 5600 alia
501 5543 662 5603 illius
685 5545 852 5620 plura
884 5549 1095 5607 eximia
1127 5566 1304 5625 Opera
1340 5552 1395 5610 in
1429 5552 1642 5613 Christi
1677 5553 1933 5613 Ecclesia

612 5752 875 5819 PATROL.
905 5753 1188 5827 CXXIII.

1968 4427 2020 4490 D

2058 1799 2128 1854 ad
2173 1799 2404 1855 beatum
2445 1799 2703 1869 Petrum,
2739 1799 2807 1856 ad
2835 1799 3068 1856 beatum
3093 1799 3355 1872 Paulum,
3381 1808 3441 1859 et
3463 1804 3698 1863 beatum

2057 1888 2428 1944 Laurentium
2481 1888 2835 1960 pauperibus
2874 1888 3204 1947 habitacula
3243 1892 3573 1950 construxit
3599 1913 3611 1949 :
3637 1897 3698 1950 et

2057 1977 2208 2034 omni
2241 1992 2390 2034 anno
2422 1992 2525 2050 per
2556 1978 2808 2034 Africam
2842 1982 2900 2032 et
2933 1978 3253 2036 Sardiniam
3285 1980 3576 2054 episcopis
3598 1983 3696 2053 qui

2058 2066 2113 2121 in
2163 2066 2368 2122 exsilio
2416 2070 2583 2122 erant
2636 2065 2912 2138 pecunias
2959 2071 3017 2122 et
3068 2071 3265 2125 vestes
3319 2069 3692 2128 ministravit.

2057 2155 2395 2210 Anastasius
2434 2154 2768 2225 imperator,
2815 2155 2945 2225 quia
2989 2154 3194 2212 haeresi
3239 2156 3456 2229 favens,
3500 2159 3697 2217 catho-

2057 2242 2200 2300 licos
2220 2244 2539 2300 insectatus
2560 2249 2669 2314 est,
2697 2244 2891 2299 divino
2916 2244 3153 2300 fulmine
3175 2245 3368 2315 periit.

2127 2333 2227 2388 Hie
2249 2332 2587 2389 Anastasius
2607 2333 2908 2390 codicillos
2941 2332 3268 2390 Chlodoveo
3292 2334 3414 2404 regi
3441 2351 3544 2407 pro
3564 2351 3698 2394 eon-

2056 2421 2249 2479 sulatu
2283 2421 2455 2477 misit.
2485 2422 2569 2477 Ab
2591 2436 2657 2476 ea
2682 2421 2773 2477 die
2795 2425 2853 2477 et
2875 2421 3078 2477 consul
3100 2426 3158 2478 et
3183 2427 3466 2493 augustus
3489 2430 3579 2480 est
3602 2440 3698 2498 ap-

2059 2510 2330 2582 pellatus,
2347 2510 2658 2579 sedemque
2682 2510 2842 2580 regni
2867 2509 3104 2566 Parisiis
3123 2511 3447 2567 constituit.
3477 2514 3699 2582 Regna-

2056 2599 2190 2655 vita
2217 2598 2448 2654 Francis
2471 2597 2706 2667 triginta
2730 2613 2927 2655 annos.
2961 2601 3212 2654 Fuerunt
3237 2605 3429 2655 autem
3455 2615 3484 2656 a
3511 2605 3698 2658 trans-

2056 2688 2138 2743 itu
2171 2688 2353 2744 sancti
2385 2687 2632 2758 Martini,
2679 2703 2860 2758 usque
2903 2687 2972 2742 ad
3027 2688 3335 2744 transitum
3384 2689 3695 2748 Chlodovei

2057 2777 2210 2846 regis
2250 2777 2414 2833 annis
2451 2781 2684 2832 centum
2734 2777 3058 2832 duodecim.
3112 2778 3157 2831 A
3208 2777 3458 2834 transitu
3510 2780 3695 2836 sancti

2053 2865 2279 2919 Martini
2330 2865 2671 2921 Viennensis
2721 2864 2881 2918 tertii
2942 2864 3200 2934 episcopi
3259 2866 3412 2935 (nam
3475 2868 3694 2936 primus

2055 2953 2349 3022 Crescens,
2403 2966 2654 3022 sequens
2699 2952 3005 3008 Zacharias
3065 2953 3318 3023 martyr)
3380 2968 3561 3024 usque
3620 2956 3691 3012 ad

2054 3040 2361 3097 transitum
2385 3040 2611 3096 Martini
2636 3043 2992 3098 Turonorum
3016 3042 3301 3114 episcospi
3329 3042 3562 3100 ducenti
3597 3060 3694 3102 no-

2050 3129 2282 3200 naginta
2308 3130 2461 3200 anni,
2487 3135 2544 3185 et
2579 3145 2758 3201 usque
2783 3131 2852 3186 ad
2879 3131 3188 3187 transitum
3223 3132 3405 3188 sancti
3431 3135 3692 3190 Mamerti

2048 3219 2390 3276 Viennensis
2419 3218 2693 3276 Ecclesiae
2725 3220 3003 3290 episcopi,
3038 3219 3398 3290 colliguntur
3421 3222 3553 3277 anni
3581 3229 3695 3280 tre-

2048 3309 2202 3366 centi
2248 3309 2450 3379 viginti
2492 3314 2641 3364 octo.
2687 3311 2910 3364 Mortuo
2970 3309 3316 3380 Chlodoveo,
3389 3309 3695 3368 Chlotildis

2050 3399 2246 3468 regina
2280 3413 2410 3453 cum
2445 3403 2694 3469 quatuor
2729 3384 2862 3454 filiis
2898 3397 3229 3468 Chlodovei,
3258 3414 3497 3468 regnum
3524 3402 3694 3456 Fran-

2047 3503 2246 3545 corum
2309 3487 2514 3558 tenuit,
2575 3487 2950 3557 Theodorico,
3016 3486 3404 3560 Chlodomiro,
3467 3487 3694 3546 Childe-

2050 3578 2217 3634 berto
2249 3581 2307 3632 et
2341 3576 2653 3632 Chlotario.
2693 3577 2829 3631 Dani
2853 3592 2982 3632 cum
3007 3576 3206 3632 multis
3228 3578 3475 3634 navibus
3497 3579 3694 3636 Cochi-

2051 3665 2196 3722 laico
2219 3666 2366 3722 duce
2391 3667 2445 3721 in
2471 3665 2684 3722 Gallias
2711 3661 3016 3720 transitum
3043 3665 3278 3721 faciunt.
3317 3666 3454 3721 Cum
3482 3667 3694 3736 quibus

2048 3756 2442 3811 Thcutbertus
2461 3753 2795 3810 Theoderici
2822 3753 2975 3810 filius
2999 3753 3298 3824 pugnavit,
3317 3768 3536 3824 eosque
3559 3770 3692 3813 cum

2051 3859 2188 3914 rege
2223 3843 2451 3900 illorum
2484 3843 2820 3915 prostravit.
2850 3841 3253 3898 Chlodomirus
3273 3847 3332 3898 et
3357 3841 3692 3901 Childeber-

2052 3939 2146 3989 tus
2177 3937 2350 4004 atque
2385 3933 2756 3989 Chlotharius
2789 3933 3002 3988 fratres
3030 3936 3234 3988 contra
3260 3931 3692 4002 Sigismundum

2027 4030 2107 4083 ~et
2133 4024 2505 4080 Gothmarum
2528 4022 2849 4079 exercitum
2875 4025 3124 4078 movent.
3145 4021 3402 4092 Cumque
3426 4020 3482 4077 in
3508 4021 3692 4080 aciem

2050 4113 2221 4170 simul
2269 4113 2584 4181 venissent,
2633 4111 2989 4180 fugientibus
3032 4109 3565 4183 Burgundionibus,
3612 4112 3693 4169 Si-

2048 4203 2392 4275 gismundus
2420 4216 2549 4258 cum
2584 4201 2654 4256 ad
2688 4205 3018 4256 sanctorum
3045 4203 3365 4271 martyrum
3390 4201 3694 4270 Agaunen-

2048 4293 2196 4349 sium
2220 4287 2632 4346 monasterium
2659 4287 3426 4359 fugeret,comprebensusa
3451 4287 3693 4346 Chlodo-

2051 4382 2196 4436 miro
2226 4395 2356 4436 cum
2390 4392 2570 4435 uxore
2602 4382 2662 4433 et
2686 4375 2820 4432 ﬁliis
2841 4377 2961 4434 suis
2983 4380 3264 4433 necatur:
3291 4381 3350 4433 et
3372 4377 3428 4433 in
3453 4382 3691 4450 puteum

2052 4470 2347 4544 projectus
2377 4466 2725 4524 occultatur.
2763 4467 2870 4522 Sed
2905 4482 3008 4538 per
3041 4465 3457 4523 revelationem
3491 4471 3691 4539 postea

2050 4561 2183 4618 inde
2233 4560 2304 4616 ab
2353 4558 2562 4615 abbate
2603 4560 2936 4614 sanctorum
2979 4560 3300 4627 martyrum
3327 4555 3557 4613 levatus
3578 4571 3690 4613 non

2050 4651 2219 4723 longe
2259 4650 2331 4708 ab
2368 4646 2614 4706 ecclesia
2655 4661 2855 4703 eorum
2895 4645 2950 4703 in
2993 4645 3344 4702 monasterio
3387 4646 3539 4718 quod
3563 4645 3691 4716 ipse

2047 4741 2396 4813 construxit,
2460 4740 2556 4798 ubi
2615 4752 2814 4794 eorum
2872 4749 3147 4808 corpora,
3208 4733 3433 4792 scilicet
3487 4731 3691 4789 Mauri-

2053 4831 2137 4902 tii,
2154 4831 2561 4902 sociorumque
2574 4828 2701 4899 ejus
2715 4843 2816 4884 sex
2830 4825 3072 4882 millium
3097 4829 3504 4882 sexcentarum
3528 4835 3689 4878 sexa-

2049 4920 2209 4992 ginta
2244 4937 2345 4978 sex
2376 4920 2561 4993 posita
2596 4923 2749 4990 sunt,
2790 4914 3106 4974 honoriﬁce
3129 4913 3396 4986 sepultus
3434 4914 3560 4967 est:
3591 4909 3689 4968 ubi

2046 5010 2367 5068 virtutibus
2389 5009 2753 5082 postmodum
2775 5012 2833 5064 et
2849 5008 2970 5080 ipse
2983 5005 3214 5062 claruit.
3233 5003 3384 5057 Tunc
3410 4999 3691 5072 temporis

2048 5105 2108 5157 et
2140 5098 2345 5158 Avitus
2377 5101 2684 5173 presbyter
2716 5097 2957 5169 insignis
2979 5093 3128 5168 apud
3153 5089 3495 5148 Aurelianos
3517 5089 3691 5147 habe-

2052 5197 2166 5249 tur.
2212 5190 2615 5249 Chlodomirus
2655 5190 2709 5246 in
2753 5186 3048 5262 provincia
3091 5179 3420 5254 Viennensi,
3466 5179 3521 5236 in
3562 5179 3690 5238 loco

2052 5282 2149 5354 qui
2171 5282 2385 5340 dicitur
2406 5279 2774 5346 Veseroncia,
2807 5291 2937 5332 cum
2962 5269 3470 5342 Burgundionibus
3493 5269 3692 5327 decer-

2052 5377 2198 5435 tans,
2236 5371 2580 5427 interfectus
2601 5373 2707 5425 est.
2736 5362 2937 5419 Franci
2963 5361 3194 5433 indigne
3221 5361 3493 5430 ferentes,
3521 5355 3696 5415 Goth-

2049 5475 2270 5517 marum
2304 5457 2595 5533 persecuti
2631 5452 2989 5510 interimunt.
3026 5451 3310 5524 (Ducem,
3347 5449 3445 5518 lib,
3474 5463 3576 5541 xv;
3612 5447 3692 5541 Si-

2047 5562 2224 5620 cisu.,
2259 5563 2390 5609 ann.
2426 5546 2572 5619 503).
2615 5546 2726 5600 Per
2769 5539 2919 5600 idem
2943 5545 3175 5616 tempus
3205 5539 3359 5613 apud
3393 5535 3692 5603 Carthagi-

3219 5743 3256 5802 4
