4086 6178
401 267 503 338 to?

1457 277 1512 334 S.
1543 275 1800 336 ADONIS
1843 276 2280 337 ARCHIEPI‘SC.
2314 273 2728 336 VIENNENSIS

3687 279 3792 340 108

399 417 526 460 nem
559 397 837 473 Olympus
867 395 1100 472 quidam
1131 378 1380 459 Arianus
1416 399 1472 458 in
1514 401 1737 460 balneis
1775 406 2035 461 sanctam
2069 401 2124 464 A
2150 399 2296 472 ginti
2329 415 2536 473 capsas
2566 398 3010 470 Evangeliorum
3041 415 3115 456 ex
3143 413 3286 458 auro
3317 392 3628 472 purissimo
3655 417 3789 461 cum

397 491 734 548 Trinitatem
767 489 1201 561 blasphemans,
1234 489 1595 561 ignisjaculo
1617 491 1926 548 visibiliter
1947 495 2038 548 est

394 579 751 636 combustus.
780 579 1002 635 Barbas
1025 593 1254 650 quoque
1277 578 1510 650 quidam
1542 579 1790 637 Arianus
1820 579 2039 650 cpisco-

395 683 522 740 pus,
577 667 712 724 dum
764 665 1072 738 quemdam
1111 672 1314 724 contra
1357 667 1617 738 regulam
1668 667 1802 724 ﬂdei
1853 667 2039 738 bapti-

397 770 538 814 zans
567 756 847 814 dixisset:
884 755 1151 827 Baptizat
1175 760 1231 812 te
1255 757 1492 826 Barbas,
1518 755 1575 812 in
1597 756 1826 813 nomine
1847 755 2041 812 Patris

395 859 499 916 per
529 843 733 901 Filium
766 843 822 899 in
855 843 1074 916 Spiritu
1105 848 1329 914 sancto,
1363 844 1560 900 statim
1593 859 1740 916 aqua
1764 859 1892 916 quae
1917 844 2040 902 fue-

395 938 486 988 rat
511 933 583 989 ad
611 931 1023 1004 baptizandum
1048 932 1376 1006 deportata,
1393 948 1676 1004 nusquam
1688 933 2034 1006 comparuit.

395 1022 555 1088 Quod
590 1021 879 1094 aspiciens
908 1021 1005 1092 qui
1039 1021 1426 1094 baptizandus
1463 1027 1593 1080 erat
1620 1021 1924 1080 confestim
1965 1021 2036 1078 ad

391 1109 737 1166 catholicam
778 1108 1084 1166 ecclesiam
1125 1110 1290 1180 abiit,
1331 1116 1392 1166 et
1427 1111 1593 1182 juxta
1645 1125 1862 1168 morem
1904 1109 2037 1168 fidei

396 1197 745 1268 baptismum
777 1197 989 1252 Christi
1022 1197 1266 1270 accepit.
1304 1198 1588 1272 (NICEPH.,
1613 1201 1654 1256 l.
1689 1215 1803 1272 xvr,
1827 1215 1878 1257 c.
1923 1199 2039 1272 35.)

401 1285 649 1342 Faustus
679 1301 752 1342 ex
783 1287 995 1342 abbate
1029 1286 1341 1345 Lirinensis
1371 1288 1707 1346 monasterii
1739 1289 1892 1361 apud
1933 1291 2039 1344 Re-

393 1373 551 1444 gium
605 1373 804 1431 Gallia:
863 1374 1175 1447 episcopus
1222 1376 1432 1448 factus,
1485 1377 1781 1448 Pelagium
1832 1377 2038 1448 dogma

393 1463 700 1521 destruere
743 1467 1009 1534 conatus,
1053 1463 1110 1520 in
1152 1479 1413 1522 errorem
1455 1465 1710 1523 labitur:
1757 1467 1908 1523 unde
1941 1465 2036 1538 qui

391 1550 518 1622 ejus
539 1567 746 1610 sensus
767 1552 824 1607 in
847 1551 953 1608 hac
979 1557 1147 1623 parte
1170 1553 1494 1612 catholicos
1515 1555 2040 1627 praedicant,sicuti

395 1640 729 1697 Gennadius
763 1641 835 1697 de
869 1639 1199 1699 illustribus
1229 1642 1371 1700 viris
1393 1642 1674 1713 scribens,
1697 1642 1930 1700 omnino
1951 1658 2040 1698 er-

393 1733 542 1786 rant.
581 1730 663 1785 Ita
695 1729 847 1784 enim
880 1727 1128 1786 liberum
1161 1730 1473 1789 arbitrium
1515 1736 1636 1788 tam
1678 1731 2040 1803 Augustinus

395 1832 565 1888 quam
586 1817 785 1875 caeteri
807 1815 1081 1874 catholici
1104 1817 1162 1874 in
1185 1819 1443 1878 Ecclesia
1465 1821 1814 1892 Deidocent,
1831 1819 2042 1878 utillu-

397 1906 658 1977 minatio,
689 1907 879 1964 virtus
908 1911 968 1961 et
1002 1907 1162 1965 salus
1193 1907 1276 1965 illi
1308 1925 1339 1967 a
1372 1909 1622 1981 Christo,
1656 1915 1716 1968 et
1748 1925 1852 1981 per
1883 1909 2044 1966 Chri-

392 1999 567 2064 stum,
585 1999 798 2052 etcum
826 1997 1056 2054 Christo
1080 1997 1152 2054 sit
1181 2015 1196 2065 ;
1219 1999 1467 2056 Faustus
1489 2012 1628 2055 vero
1649 1997 1760 2056 iste
1791 1998 1870 2054 ita
1902 1996 2043 2055 libe-

396 2099 529 2141 rum-
554 2084 935 2142 christianum
969 2085 1278 2142 arbitrium
1303 2085 1514 2144 docere
1535 2091 1803 2159 conatur,
1829 2091 1894 2144 ut
1916 2085 2043 2142 illu-

397 2172 636 2229 minatio
666 2173 813 2246 ejus,
841 2174 1033 2232 virtus
1064 2179 1125 2232 et
1158 2173 1335 2247 salus,
1353 2190 1465 2234 non
1495 2175 1527 2233 ξι
1552 2176 1800 2248 Christo,
1825 2175 1926 2234 sed
1948 2191 2044 2232 na-

393 2264 526 2318 tura
559 2261 652 2318 sit.

338 2410 346 2417 ,
465 2351 676 2407 Contra
708 2349 862 2408 hunc
892 2351 1102 2408 scribit
1132 2349 1495 2410 lucidissima
1528 2353 1641 2411 ﬂde
1675 2353 2046 2412 beatissimus

393 2439 598 2497 Avitus
628 2438 968 2498 Viennensis
992 2439 1326 2512 episcopus,
1353 2440 1483 2512 ejus
1507 2441 1868 2512 redarguens
1885 2456 2046 2498 erro-

395 2541 534 2585 rem.
573 2528 850 2586 Similiter
879 2534 941 2586 et
967 2531 1220 2588 Joannes
1248 2529 1338 2587 vir
1363 2530 1632 2590 eruditus
1651 2531 2048 2589 Antiochenus

395 2619 720 2690 presbyter.

469 2703 612 2776 [519]
662 2703 926 2762 Justinus
985 2703 1306 2777 imperator
1366 2705 1532 2763 annis
1583 2711 1739 2764 octo.
1799 2707 2048 2766 Joannes

393 2792 664 2858 Romanae
701 2792 981 2851 Ecclesiae
1027 2793 1312 2866 pontifex,
1357 2795 1914 2868 Constantinopolim
1952 2811 2048 2854 ve-

395 2879 561 2936 niens
581 2880 654 2936 ad
680 2883 907 2952 portam
934 2897 1060 2952 qua:
1077 2886 1320 2938 vocatur
1333 2883 1546 2954 Aurea,
1563 2881 1911 2956 populorum
1927 2889 2048 2941 tur-

397 2969 488 3026 bis
511 2969 562 3026 ei
587 2970 1061 3040 occurrentibus,
1088 2969 1145 3026 in
1169 2975 1490 3044 conspectu
1511 2971 1786 3044 omnium,
1819 2974 2046 3044 roganti

393 3073 553 3114 caeco
585 3057 778 3114 lumen
812 3057 1091 3115 reddidit.
1129 3058 1398 3126 Quicum
1441 3060 1676 3117 rediens
1713 3063 2042 3118 Ravennam

399 3146 672 3216 venisset,
706 3145 1096 3203 Theodericus
1125 3160 1256 3202 eum
1289 3161 1419 3204 cum
1460 3149 1772 3206 comitibus
1808 3149 2042 3208 caeteris

398 3232 655 3292 carceris
692 3232 1000 3290 afﬂictione
1041 3233 1317 3306 peremit,
1365 3234 1582 3293 invidia
1625 3237 1860 3308 ductus,
1904 3237 2038 3309 quia

397 3321 702 3380 catholicae
734 3320 974 3394 pietatis
995 3322 1267 3379 defensor
1287 3323 1550 3382 Justinus
1570 3339 1702 3382 eum
1723 3325 2040 3383 honorifice

400 3411 770 3482 suscepisset.
809 3411 932 3478 Quo
963 3415 1227 3482 tempore
1261 3413 1663 3484 Symmachum
1695 3417 1871 3486 atque
1903 3415 2042 3473 Boe-

407 3499 546 3556 tium
578 3497 917 3555 consulares
949 3498 1262 3571 viros,.pro
1294 3499 1583 3557 catholica
1626 3501 1846 3572 pietate
1889 3502 2041 3560 idem

400 3587 789 3644 Theodericus
817 3587 1030 3644 occidit
1059 3607 1071 3642 :
1106 3588 1321 3660 quique
1353 3603 1502 3645 anno
1533 3595 1815 3661 sequente
1848 3591 2043 3650 subita

405 3682 590 3743 morte
641 3676 836 3748 periit,
887 3677 1238 3734 succedente
1280 3677 1336 3734 in
1376 3693 1555 3749 regno
1607 3679 1902 3738 Atalarico
1948 3696 2045 3738 ne-

403 3771 540 3838 pote
571 3765 714 3836 ejus.
749 3767 886 3822 Post
917 3766 1411 3824 Transemundum
1445 3767 1808 3826 Childericus
1836 3785 1910 3826 ex
1941 3772 2046 3828 Va-

406 3851 708 3910 lentiniani
732 3853 1102 3926 imperatoris
1121 3853 1353 3926 captiva
1375 3853 1492 3911 ﬁlia
1515 3856 1768 3928 genitus,
1803 3857 1860 3914 in
1878 3860 2046 3915 Wan-

407 3940 556 3996 dalis
593 3955 834 4011 regnum
876 3941 1153 4012 suscepit.
1198 3941 1307 4008 Qui
1348 3949 1715 4000 sacramento
1745 3959 1777 4001 a
1809 3946 2047 4003 Transe-

409 4027 621 4084 mundo
651 4027 994 4097 obstrictus,
1029 4041 1101 4081 ne
1132 4025 1440 4084 catholicis
1471 4027 1528 4082 in
1559 4043 1739 4100 regno
1771 4046 1875 4088 suo
1913 4046 2070 4088 con-o

402 4113 630 4172 suleret
661 4119 970 4185 antequam
1002 4128 1244 4185 regnum
1277 4115 1622 4188 susciperet,
1646 4118 1952 4192 episcopos
1973 4123 2046 4178 ab

399 4200 618 4258 exsilio
668 4202 885 4259 reverti
923 4202 1118 4274 jussit,
1163 4203 1364 4276 eisque
1401 4203 1692 4264 Ecclesiae
1729 4208 2047 4266 reformare
2108 4210 2118 4214 ”

415 4287 714 4361 praecepit,
759 4293 890 4360 post
929 4304 1108 4348 annos
1147 4291 1517 4363 septuaginta
1568 4297 1818 4364 quatuor
1868 4297 2051 4356 haere-

415 4375 543 4433 tica}
565 4375 998 4448 profanationis.
1013 4377 1278 4436 Julianus
1289 4377 1630 4438 Viennensis
1643 4381 1915 4442 Ecclesiae
1929 4385 2049 4458 epi-

2145 489 2423 561 gemmis:
2461 505 2588 562 quae
2609 493 2818 550 cuncta
2845 489 3110 548 ecclesiis
3131 488 3346 546 divisit.
3375 489 3790 550 Childebcrtus

2147 583 2206 635 et
2237 577 2567 636 Chlotarius
2597 577 2746 636 ﬂlios
2777 577 3131 636 Chlodomiri
3166 581 3407 650 nepotes
3446 593 3602 650 suos,
3645 595 3793 652 quos

2149 667 2448 723 nutriebat
2471 665 2796 736 Chlotildis,
2815 681 2886 722 ne
2905 664 3377 737 regnarent,loco
3400 666 3794 738 patris,inter-

2147 753 2380 812 ﬁciunt:
2408 772 2559 814 unus
2579 771 2652 813 ex
2675 756 2764 814 his
2787 753 3180 813 Chlodoaldus
3198 754 3422 826 eﬂ‘ugit.
3441 753 3542 812 llic
3565 761 3790 828 postea,

2149 843 2356 904 relicto
2405 860 2582 916 regno
2621 848 2880 916 terreno,
2925 843 3178 900 clericus
3219 843 3428 914 factus,
3482 845 3794 918 presbyter

2147 933 2356 991 deinde
2389 933 2712 1004 ordinatus,
2747 931 2914 990 bonis
2943 931 3223 1004 operibus
3255 931 3558 1004 praeditus,
3584 930 3794 1004 plenus

2147 1023 2468 1082 virtutibus
2488 1021 2760 1092 migravit
2782 1021 2854 1078 ad
2878 1021 3204 1094 Dominum,
3230 1020 3498 1094 sepultus
3517 1021 3794 1080 Noviome

2147 1108 2204 1166 in
2225 1109 2509 1168 suburbio
2533 1109 2839 1167 Parisiacae
2871 1109 3148 1182 civitatis.
3176 1107 3469 1179 Eugenius
3491 1108 3798 1180 Carthagi-

2147 1199 2341 1257 nensis
2361 1197 2570 1257 Africae
2591 1197 2850 1256 civitatis
2871 1197 3506 1271 episcopus,confessor
3519 1196 3796 1275 publicus

2147 1289 2414 1346 habetur.
3345 1293 3352 1298 '

2154 1401 2156 1404 ν
2222 1381 2364 1455 [527]
2399 1379 3119 1453 Justinianus'imperator
3161 1379 3423 1452 regnavit
3468 1395 3648 1438 annos
3686 1378 3797 1436 tri-

2147 1470 2307 1542 ginta
2324 1468 2660 1526 novem.Hic
2678 1469 2982 1526 Justini‘ex
3007 1483 3207 1526 sorore
3231 1467 3798 1550 nepos.Benedictus

2150 1560 2350 1630 abbas,
2375 1559 2662 1616 virtutum
2683 1558 2868 1630 gloria
2890 1558 3318 1616 claruit.Vitam
3343 1557 3468 1630 ejus
3490 1559 3550 1616 B.
3580 1559 3797 1630 Grego-

2151 1647 2276 1706 rius
2306 1663 2453 1720 papa
2485 1647 2540 1703 in
2575 1647 2936 1718 dialogorum
2969 1647 3136 1706 libris
3178 1647 3431 1720 scripsit.
3476 1645 3796 1704 Belisarius

2067 1762 2121 1823 Β
2153 1735 2436 1808 patricius
2477 1735 2824 1793 mirabiliter
2864 1737 2936 1794 de
2984 1737 3180 1794 Persis
3224 1735 3626 1823 triumphavit.
3681 1734 3793 1803 Qui

2152 1825 2363 1882 deinde
2385 1839 2416 1881 a
2437 1823 2762 1882 Justiniano
2784 1825 2838 1880 in
2865 1824 3114 1882 Africam
3138 1825 3366 1896 missus,
3379 1822 3794 1881 Wandalorum

2151 1917 2384 1984 gentem
2416 1912 2654 1970 delevit.
2691 1914 2978 1985 Carthago
3008 1927 3240 1986 quoque
3262 1917 3390 1988 post
3416 1928 3596 1970 annos
3617 1927 3795 1970 nona-

2149 2003 2311 2074 ginta
2345 2003 2968 2074 quatuoryastationis
3002 2019 3140 2075 suae,
3175 2006 3410 2076 recepta
3450 2005 3562 2073 est,
3609 2001 3797 2074 pulsis

2154 2089 2516 2163 devictisque
2564 2090 2878 2163 Wandalis,
2930 2096 2989 2148 et
3039 2107 3177 2162 rege
3225 2107 3426 2150 eorum
3474 2091 3794 2148 Gelismero

2151 2183 2345 2252 capto,
2387 2183 2562 2252 atque
2604 2179 3162 2252 Constantinopolim
3203 2181 3397 2238 misso.
3450 2179 3797 2238 Viennensis

2155 2266 2462 2340 episcOpus
2490 2267 2766 2326 Dominus
2795 2268 3011 2326 ﬂoruit.
3043 2269 3145 2326 Hic
3166 2273 3284 2325 tam
3307 2269 3364 2324 in
3387 2267 3598 2326 divinis
3619 2282 3794 2340 quam

2155 2356 2212 2414 in
2241 2354 2622 2414 szecularibus
2642 2357 2868 2414 artibus
2890 2356 3123 2429 claruit,
3185 2360 3410 2414 amator
3448 2371 3790 2430 pauperum.

2156 2447 2492 2518 redemptor
2520 2445 2904 2517 captivorum,
2929 2445 3165 2517 vitaque
3187 2445 3650 2518 probatissimus.
3683 2446 3798 2501 Per

2156 2533 2307 2590 idem
2328 2537 2560 2605 tempus
2579 2547 2794 2604 corpus
2807 2535 2861 2590 S.
2890 2533 3102 2590 Antoni
3124 2531 3607 2605 monachi,divina
3633 2547 3800 2591 reve-

2156 2621 2372 2678 latione
2395 2620 3134 2692 repertum,Alexandriam
3158 2621 3519 2695 perducitur,
3541 2626 3598 2679 et
3623 2621 3682 2678 in
3705 2637 3801 2680 ec-

2154 2709 2331 2768 clesia
2360 2711 2545 2768 sancti
2577 2711 2812 2769 Joannis
2846 2710 3123 2783 Baptistae
3152 2711 3444 2768 humatur.
3491 2710 3798 2782 Dionysius

2157 2798 2458 2871 paschales
2489 2799 2692 2858 scribit
2715 2798 2990 2871 circulos,
3015 2799 3298 2872 incipiens
3327 2800 3400 2856 ab
3430 2813 3580 2856 anno
3608 2799 3797 2855 Domi-

2159 2886 2300 2946 uicae
2339 2887 2758 2945 lncarnationis
2798 2887 3196 2946 ducentesimo
3241 2887 3545 2958 trigesimo
3591 2901 3798 2944 secun-

2158 2974 2252 3044 do,
2285 2973 2383 3046 qui
2425 2978 2514 3030 est
2556 2989 2740 3031 annus
2779 2974 3142 3046 Diocletiani,
3186 2973 3620 3032 ducentesimus
3659 2989 3799 3044 qua-

2158 3063 2523 3132 dragesimus
2549 3066 2791 3120 octavus
2823 3067 2955 3136 post
2995 3063 3361 3121 consulatum
3404 3061 3694 3135 Lampadii
3736 3067 3798 3118 et

2149 3151 2400 3210 Orestis:
2419 3165 2532 3222 quo
2555 3165 2704 3208 anno
2725 3151 2910 3209 codex
2929 3151 3291 3210 Justinianus
3309 3151 3437 3208 orbi
3469 3148 3800 3222 promulga-

2148 3243 2245 3298 tus
2275 3244 2384 3297 est.
2419 3240 2616 3298 Victor
2649 3255 2880 3312 quoque
2912 3241 3218 3313 Capuanus
3247 3240 3558 3313 episcopus
3581 3238 3797 3296 librum

2150 3328 2220 3385 de
2234 3327 2452 3386 Pascha
2475 3329 2758 3401 scribens,
2783 3329 3022 3387 Victorii
3046 3329 3238 3400 arguit
3263 3343 3516 3386 errores.
3541 3325 3801 3384 Theodo—

2151 3416 2309 3484 ricus
2337 3417 2685 3476 Francorum
2716 3433 2822 3474 rex
2852 3417 3119 3489 moritur,
3151 3417 3244 3474 cui
3287 3415 3547 3475 succedit
3588 3415 3800 3472 Theut-

2153 3505 2356 3563 bertus
2389 3504 2542 3562 illius
2573 3506 2717 3576 ejus.
2754 3506 3164 3563 Childebcrtus
3188 3511 3243 3562 et
3271 3505 3600 3562 Chlotarius
3630 3518 3801 3576 reges

2153 3593 2500 3650 Francorum
2559 3592 2888 3666 Hispaniam
2947 3597 3200 3651 vastant.
3260 3593 3800 3662 Caesar-Augustam

2151 3682 2582 3741 circumdantes
2613 3683 2901 3740 obsident.
2949 3683 3059 3739 Sed
3089 3682 3250 3740 cives
3276 3682 3531 3740 tunicam
3563 3682 3623 3737 Β.
3669 3679 3802 3738 Vin-

2152 3769 2328 3828 centii
2361 3771 2636 3843 martyris
2671 3771 3152 3828 circumferentes
3196 3769 3653 3827 misericordiam
3693 3769 3803 3825 Do-

2155 3859 2294 3916 mini
2328 3861 2631 3932 rogabant,
2664 3875 2776 3932 qua
2801 3861 2872 3916 de
2896 3875 2958 3918 re
2981 3859 3115 3916 ﬂexi
3139 3875 3327 3931 reges,
3354 3857 3716 3916 Childericus
3737 3861 3799 3913 et

2156 3947 2654 4021 Chlotarius,paee
2676 3949 3081 4020 composita,in
3105 3962 3344 4007 munere
3361 3947 3569 4005 stolam
3589 3945 3802 4004 beatis-
3824 3953 3834 3967 ‘

2155 4033 2283 4092 simi
2307 4034 2592 4092 Vincentii
2615 4035 2892 4106 martyris
2911 4050 2942 4090 a
2969 4034 3540 4106 Caesar-Augustanis
3561 4047 3804 4105 accepe-

2157 4128 2312 4181 runt.
2358 4122 2612 4181 Parisios
2649 4138 2923 4182 reversus
2964 4124 3394 4194 Childebcrtus,
3449 4120 3697 4180 ecclesia
3741 4121 3800 4178 in

2157 4211 2530 4268 veneratione
2563 4213 2623 4268 B.
2668 4211 2950 4270 Vincentii
3003 4211 3275 4286 martyris
3316 4211 3394 4268 ibi
3433 4213 3797 4281 constructa,

2157 4301 2417 4358 eamdem
2451 4300 2632 4374 ipsam
2662 4299 2870 4358 stolam
2903 4301 2960 4358 in
2990 4301 3192 4359 eadem
3217 4301 3338 4373 ipsa
3360 4298 3608 4358 ecclesia
3633 4313 3806 4372 repo-

2159 4389 2294 4448 suit.
2327 4389 2722 4448 Theutbertus
2744 4389 2967 4448 Italiam
2991 4389 3340 4461 ingreditur,
3366 4387 3798 4460 Longobardos,

410 4479 622 4538 scapus
650 4465 865 4522 ﬂoruit.
899 4467 1308 4538 Theodericus,
1344 4468 1776 4543 Childebcrtus,
1800 4477 1860 4529 et
1884 4473 2049 4530 Chlo-
2077 4484 2131 4545 D
2160 4482 2422 4550 superat,
2449 4483 2623 4550 atque
2644 4479 2994 4538 tributarios
3011 4478 3122 4536 sibi
3143 4477 3684 4549 subigit.Reversus
3705 4473 3808 4532 de-

415 4554 600 4615 terius
648 4569 818 4626 reges
861 4561 1063 4614 contra
1114 4557 1614 4616 Hcrmenefridum
1673 4573 1869 4631 regem
1913 4563 2055 4620 Tho-

411 4645 729 4716 ringiorum
762 4647 1085 4704 exercitum
1118 4652 1504 4720 commovent,
1538 4653 1598 4705 et
1630 4647 1884 4707 victores
1912 4652 2052 4708 Her-

412 4735 792 4792 menefridum
827 4736 1046 4806 fugant.
1083 4737 1262 4804 Quem
1295 4741 1499 4809 portea
1527 4737 1923 4797 Theodoricus
1943 4742 2052 4798 sub

412 4822 524 4882 ﬂde
541 4825 944 4896 receptum,de
959 4839 1122 4880 muro
1138 4825 1440 4882 urbiscum
1453 4825 1624 4885 simul
1647 4826 2050 4902 loquerentur,

414 4913 766 4986 prmcipitat,
783 4911 1150 4984 infantesque
1171 4912 1299 4984 ejus
1320 4914 1616 4972 interficit.
1645 4914 2055 4976 Childebcrtus

415 5015 644 5071 quoque
697 5016 801 5074 pro
851 4990 1052 5059 Sorore
1094 5016 1196 5058 sua
1237 5001 1513 5060 Amalrici
1555 5005 1710 5076 regis
1749 5019 1950 5080 uxore,
1996 5007 2052 5064 in

413 5086 685 5158 Hispania
711 5105 958 5162 pugnam
983 5088 1130 5147 iniit.
1149 5090 2056 5162 IbiqueAmalricusinterfectus

414 5190 482 5232 ac
533 5175 788 5234 thesauri
842 5179 1002 5238 illius
1041 5179 1278 5252 direpti,
1319 5179 1584 5238 Toletum
1625 5183 1766 5242 urbs
1806 5189 2051 5245 vastata.

416 5261 826 5322 Childebcrtus
857 5283 989 5325 cum
1024 5281 1224 5326 sorore
1255 5282 1358 5327 sua
1391 5283 1664 5328 reversus
1683 5275 1795 5344 est,
1820 5287 1949 5344 qum
1973 5279 2057 5330 ta-

399 5363 545 5406 .men
579 5351 635 5407 in
669 5351 878 5410 itinere
909 5356 1072 5414 obiit.
1109 5357 1518 5416 Childebcrtus
1557 5373 1697 5418 vero
1737 5359 1890 5418 inter
1922 5361 2058 5419 reli-

355 5497 358 5501 .
417 5455 594 5512 quum
627 5441 986 5516 thesaurum,
1019 5447 1234 5506 calices
1264 5448 1716 5521 pretiosissimas
1753 5451 2055 5524 sexaginta

418 5529 654 5604 detulit,
689 5531 1018 5606 quindecim
1051 5539 1296 5608 patenas
1323 5538 1468 5596 miro
1497 5553 1673 5627 Opere
1695 5539 2059 5618 caelatas,_vi-

2158 4569 2309 4626 eimo
2337 4573 2550 4640 quarto
2581 4568 2743 4640 regni
2775 4568 2863 4626 sui
2896 4583 3046 4624 anno
3077 4567 3344 4625 moritur.
3386 4567 3497 4624 Sed
3536 4571 3595 4622 et
3639 4563 3808 4621 Chlo-

2159 4657 2323 4716 tildis
2353 4657 2523 4731 plena
2554 4657 2722 4714 bonis
2749 4657 3046 4730 operibus,
3077 4656 3232 4730 apud
3262 4656 3466 4714 urbem
3513 4655 3806 4712 Turonum

2160 4746 2433 4818 migravit
2455 4746 2526 4803 ad
2549 4744 2849 4802 Dominum
2865 4763 2878 4801 :
2897 4760 3112 4818 corpus
3133 4745 3260 4817 ejus
3281 4760 3312 4802 a
3336 4741 3804 4813 filiissublatum,

2162 4833 2398 4890 Parisiis
2423 4833 2591 4904 juxta
2621 4832 2809 4891 virum
2841 4849 3009 4892 suum
3041 4833 3430 4892 Chlodoveum
3463 4833 3520 4889 in
3555 4829 3807 4889 ecclesia

2161 4925 2377 4980 sanctae
2399 4922 2702 4980 Genofevae
2715 4923 3008 4996 sepultum
3031 4922 3480 4982 est.Chlotarius
3503 4935 3609 4978 rex
3623 4918 3807 4976 filium

2161 5026 2330 5068 suum
2361 5011 2708 5070 Chramnum
2737 5017 2941 5070 contra
2975 5027 3035 5071 se
3060 5011 3463 5084 rebellantem,
3487 5015 3547 5068 et
3572 5007 3808 5084 publica

2165 5113 2352 5172 pugna
2375 5099 2902 5172 resistentem,cum
2920 5101 3085 5174 prius
3099 5100 3252 5158 idem
3265 5100 3586 5157 Cbramnus
3597 5100 3810 5170 captus

2161 5192 2220 5244 et
2245 5187 2462 5259 ligatus
2481 5189 2706 5262 fuisset,
2739 5206 2872 5249 cum
2897 5205 3078 5247 uxore
3099 5195 3158 5248 et
3182 5189 3316 5247 ﬁliis
3333 5189 3504 5262 jussit
3530 5188 3662 5260 igne
3681 5200 3812 5245 cre-

2165 5276 2328 5334 mari.
2353 5278 2470 5334 Hoc
2491 5280 2755 5350 tempore
2778 5280 2985 5336 beatus
3007 5279 3314 5337 Medardus
3333 5278 3662 5350 episcopus,
3689 5274 3813 5348 ple-

2165 5381 2272 5424 nus
2302 5364 2640 5440 virtutibus,
2677 5368 2944 5440 migravit
2978 5368 3050 5425 ad
3080 5369 3400 5426 Dominum.
3427 5366 3608 5433 Quem
3641 5363 3812 5421 Chlo-

2163 5455 2352 5530 t_orius
2401 5469 2508 5514 rex
2567 5457 2894 5517 Suessionis
2933 5457 3174 5515 civitate
3211 5453 3463 5526 gloriose
3507 5451 3807 5526 sepelivit,

2167 5543 2383 5608 multas
2413 5545 2722 5608 facultates
2741 5551 2800 5606 et
2824 5560 3063 5606 munera
3083 5559 3145 5604 se
3169 5543 3242 5602 ad
3262 5541 3626 5619 sepulturam
3650 5539 3812 5602 illius
