4078 6180
302 324 413 380 ⁷109

1519 322 1942 380 CHRONICON.
1975 354 2045 365 —
2070 318 2267 379 [ΕΤΑὸ
2296 322 2534 379 SEXTA.
2604 314 2609 317 ’

3600 309 3709 375 ἠο

307 448 566 506 tradens.
592 447 722 521 Ipse
750 448 945 504 autem
976 458 1081 501 rex
1110 458 1220 502 non
1254 444 1438 502 multo
1461 452 1586 518 post
1613 447 1942 517 defunctus,
1977 450 2031 511 A
2056 453 2181 507 tum
2214 451 2517 506 transeunt
2562 467 2575 502 :
2621 445 2820 518 sicque
2851 426 3194 518 Sygibcrtus
3222 426 3561 515 Tornacum,
3601 442 3704 502 ubi

310 538 363 593 in
399 536 609 594 eadem
658 535 782 608 ipsa
834 533 1079 592 ecclesia
1109 534 1264 591 beati
1296 534 1551 592 Medadri
1593 550 1624 592 a
1668 535 1801 592 filiis
1840 536 1962 593 suis

306 624 614 700 sepelitur.
660 622 942 694 Regnavit
983 628 1177 679 autem
1219 622 1639 693 quinquaginta
1682 626 1739 679 et
1784 637 1959 680 unum

305 729 542 773 annum.
1956 722 1963 731 ’

378 801 567 878 [564]
633 800 900 859 Justinus
965 799 1171 871 minor,
1244 799 1409 857 annis
1477 799 1763 859 undecim.
1824 801 1960 856 Nar-

301 896 496 952 cissus
528 891 814 964 patricius
848 888 1091 947 Totilam
1123 889 1439 947 Gothorum
1472 905 1668 961 regem
1702 889 1757 946 in
1792 888 1958 945 Italia

304 981 632 1055 superavit,
686 983 745 1035 et
793 979 1026 1036 occidit.
1078 978 1181 1036 Hic
1229 978 1438 1036 deinde
1488 979 1659 1037 minis
1711 979 1961 1035 territus

304 1071 536 1143 Sophiae
564 1070 847 1138 Augustas
865 1066 1075 1124 Justini
1099 1067 1297 1124 uxoris
1318 1067 1730 1138 Longobardos
1758 1082 1788 1124 a
1817 1070 1960 1124 Pan-

303 1160 498 1217 noniis
558 1156 849 1226 invitavit,
909 1170 1123 1227 eosque
1192 1157 1247 1212 in
1314 1156 1538 1212 Italiam
1609 1156 1953 1213 introduxit.

299 1251 577 1317 Joannes,
634 1243 917 1302 Ecclesiae
972 1245 1241 1301 Romanae
1298 1245 1579 1317 pontifex,
1652 1244 1956 1303 ecclesiam

303 1335 709 1408 apostolorum
758 1332 1009 1405 Philippi
1070 1335 1129 1389 et
1185 1333 1384 1391 Jacobi
1436 1333 1701 1406 perfecit,
1753 1336 1810 1389 et
1862 1334 1959 1391 de-

301 1424 546 1482 dicavit.
572 1422 972 1492 Pentagatbus
992 1421 1335 1480 Viennensis
1355 1421 1629 1480 Ecclesia:
1649 1421 1959 1494 episcopus

299 1512 648 1571 ﬂoruit.Hic
670 1509 1076 1568 consularibus
1108 1511 1362 1569 fascibus
1392 1511 1640 1582 primum
1671 1510 1953 1582 sublimis,

288 1603 405 1660 sed
442 1601 664 1659 Christi
686 1599 1016 1657 humilitate
1039 1599 1281 1672 primus,
1310 1600 1676 1672 postmodum
1700 1600 1956 1672 quinque

295 1691 471 1748 annis
489 1689 884 1763 episcopalem
907 1689 1102 1746 sedem
1126 1688 1461 1746 fidelissime
1475 1689 1626 1745 rexit
1650 1708 1666 1744 :
1692 1689 1800 1746 sub
1822 1704 1957 1746 con-

294 1779 499 1839 sulatu
514 1776 1002 1847 Paulinijunioris
1020 1781 1079 1834 et
1103 1776 1297 1835 Basilii
1319 1777 1437 1834 vita
1462 1777 1695 1835 functus
1714 1783 1821 1835 est.
1851 1776 1952 1833 Cui

295 1868 590 1934 successit
612 1867 668 1922 in
690 1867 1029 1939 episc0patu
1043 1865 1263 1937 Isicius,
1298 1865 1395 1938 qui
1427 1869 1486 1921 et
1508 1865 1630 1938 ipse
1652 1866 1761 1923 sub
1788 1865 1962 1923 Justi-

294 1957 478 2014 niano
510 1955 729 2013 floruit.
749 1955 1010 2023 Quatuor
1033 1955 1246 2011 fratres
1278 1953 1377 2009 filii
1402 1953 1679 2011 Chlotarii
1713 1968 1960 2024 regnum

294 2045 461 2101 inter
492 2059 555 2101 se
579 2043 867 2100 dividunt.
896 2042 1276 2100 Charibertus
1296 2042 1518 2114 accepit
1544 2056 1785 2113 regnum
1810 2039 1959 2097 Chil-

294 2133 562 2204 deberti,
590 2132 907 2203 sedemque
935 2131 1244 2189 constituit
1275 2131 1514 2188 Parisiis
1546 2150 1559 2187 :
1596 2130 1958 2188 Gunthchra-

296 2237 478 2280 mnus
509 2235 753 2292 regnum
786 2219 1118 2292 Clodomiri,
1149 2220 1573 2291 constituitque
1613 2220 1810 2277 sedem
1842 2221 1955 2276 Au-

296 2310 550 2367 relianis
578 2330 590 2366 :
626 2309 1008 2381 Chilpericus,
1042 2323 1283 2379 regnum
1317 2307 1594 2365 Chlotarii
1627 2308 1812 2381 patris
1838 2309 1948 2379 sui,
1996 2305 2000 2309 ’

296 2399 754 2470 Suessionisque
783 2398 1022 2455 civitate
1043 2398 1240 2454 sedem
1263 2397 1372 2455 sibi
1395 2396 1602 2454 statuit
1639 2417 1651 2451 :
1688 2396 1956 2469 Sygiber-

296 2496 402 2546 tus
431 2488 661 2561 accepti
686 2501 928 2559 regnum
949 2485 1308 2557 Theodorici,
1335 2486 1649 2557 sedemque
1682 2486 1790 2543 sibi
1822 2500 1956 2542 con-

297 2577 501 2635 stituit
535 2576 787 2634 Rhemis.
834 2575 1051 2632 Octavo
1091 2575 1255 2645 regni
1292 2574 1419 2645 ejus
1458 2589 1606 2631 anno
1647 2574 1702 2630 in
1743 2572 1954 2631 Gallias

297 2667 499 2723 Hunni
556 2681 686 2724 cum
746 2665 1054 2737 Sygiberto
1110 2663 1312 2736 prmlia
1358 2663 1749 2721 committunt.
1804 2662 1953 2720 Victi

299 2756 595 2813 amicitias
625 2760 832 2829 petunt
859 2774 872 2810 :
908 2755 1103 2827 sicque
1126 2753 1183 2809 in
1206 2758 1424 2809 terram
1448 2768 1607 2810 suam
1633 2752 1948 2822 refugiunt.

303 2844 654 2917 Sygibertus
674 2849 732 2900 et
758 2843 1119 2915 Chilpericus
1132 2842 1514 2899 fratresinter
1536 2856 1598 2898 se
1623 2842 1949 2911 decertant,

300 2936 370 2989 et
403 2931 648 3004 primum
681 2930 1043 3002 Chilpericus
1071 2931 1370 2988 civitatem
1414 2930 1796 2986 Rhemensem
1824 2942 1954 3000 per-

302 3020 483 3078 vasit.
519 3020 858 3093 Sygibertus
888 3018 1099 3077 iterum
1132 3019 1471 3075 Suessiones
1490 3021 1757 3089 occupat,
1781 3020 1953 3087 capto
2012 3025 2019 3032 '

302 3111 668 3168 Theutberto
697 3108 1006 3181 Chilperici
1041 3107 1177 3163 filio.
1224 3108 1332 3164 Sed
1367 3106 1734 3179 postmodum
1764 3118 1955 3162 sacra-

1992 1823 2044 1884 B

2072 539 2432 612 Chilpericus
2464 536 2779 605 residebat,
2810 532 3059 590 obsedit.
3086 533 3165 588 Eo
3184 536 3448 605 tempore
3470 535 3711 590 sanctus

2070 632 2390 687 Germanus
2410 624 2761 682 Parisiorum
2776 622 3085 696 episcopus
3099 620 3403 693 Sygiberto
3417 619 3539 691 regi
3555 633 3711 677 man-

2071 719 2251 789 davit,
2286 721 2348 776 ut
2383 719 2589 773 contra
2629 714 2869 770 fratrem
2910 725 3075 769 suum
3107 708 3267 767 nullo
3296 709 3464 766 modo
3494 707 3706 779 abiret,

2070 824 2256 881 neque
2280 808 2350 865 de
2374 804 2780 863 interfectione
2802 800 2961 859 illius
2981 799 3289 875 cogitaret,
3317 797 3470 871 quod
3495 796 3591 854 ille
3614 812 3731 875 au-.

2071 900 2197 955 dire
2246 894 2634 967 comtempsit.
2681 893 2790 949 Sed
2842 889 3079 947 Francis
3116 887 3509 957 consentiens,
3552 900 3711 943 more

2069 986 2261 1059 gentis
2291 984 2595 1057 impositus
2623 982 2849 1055 clypeo,
2875 994 2979 1036 rex
3008 977 3369 1037 constitutus
3391 979 3503 1046 est,
3528 990 3595 1033 ac
3624 988 3714 1031 re-

2068 1091 2242 1148 gnum
2276 1074 2473 1131 fratris
2501 1071 2588 1129 sui
2620 1069 2929 1143 Chilperici
2970 1068 3220 1141 adeptus
3262 1065 3360 1138 qui
3392 1079 3504 1122 non
3544 1063 3714 1134 longe

2052 1166 2274 1223 fraude
2298 1160 2695 1231 Fredegundis
2724 1174 2754 1215 a
2785 1158 3010 1216 duobus
3028 1154 3343 1227 juvenibus
3366 1152 3715 1210 interfectus

2069 1259 2177 1313 est.
2195 1256 2451 1324 Namque
2474 1250 2555 1306 illi
2580 1248 2920 1307 simulantes
2942 1242 3234 1303 secretius
3255 1241 3473 1314 aliquid
3499 1239 3554 1297 ei
3585 1254 3718 1311 sug-

2065 1359 2294 1416 gerere,
2318 1341 2475 1397 latus
2496 1339 2653 1395 illius
2678 1335 3032 1410 perfodiunt,
3060 1332 3156 1405 qui
3184 1347 3215 1389 a
3242 1330 3572 1402 Chilperico
3605 1328 3719 1416 fra-

2069 1414 2181 1503 tre,
2218 1433 2273 1487 in
2307 1428 2642 1487 Lambriaco
2675 1426 2802 1483 vico
2834 1421 3102 1494 sepultus
3131 1424 3240 1477 est.
3289 1418 3427 1476 Inde
3466 1414 3715 1475 transla-

2068 1526 2165 1577 tus
2194 1520 2248 1576 in
2281 1517 2573 1575 basilicam
2599 1513 2784 1573 sancti
2808 1509 3084 1581 Medardi,
3105 1509 3272 1580 juxta
3298 1511 3523 1580 patrem
3545 1520 3714 1564 suum

2068 1607 2424 1665 Chlotarium
2463 1604 2690 1677 positus
2720 1605 2829 1659 est.
2864 1597 3146 1670 Regnavit
3194 1600 3389 1654 autem
3427 1593 3718 1652 tredecim

2070 1696 2254 1753 annis.
2273 1696 2572 1751 Meroveus
2586 1690 2739 1747 ﬁlius
2761 1685 3094 1760 Chilperici,
3121 1681 3554 1743 Brunichildem
3578 1697 3722 1740 uxo-

2078 1800 2197 1842 rem
2231 1778 2507 1842 avunculi
2532 1781 2620 1838 sui
2650 1779 2706 1836 in
2738 1776 3069 1849 coniugium
3093 1773 3337 1847 accepit.
3364 1774 3476 1831 Pro
3509 1784 3620 1845 qua
3653 1785 3717 1828 re

2075 1879 2285 1947 captus
2314 1890 2343 1931 a
2378 1876 2543 1945 parte
2573 1874 2633 1926 et
2660 1870 3022 1936 tonsuratus,
3049 1880 3114 1922 ac
3149 1863 3459 1937 presbyter
3486 1860 3718 1919 ordina-

2069 1969 2184 2035 tus,
2225 1964 2279 2019 in
2315 1977 2460 2035 pago
2493 1956 2940 2018 Cinnomannico
2971 1954 3027 2010 in
3059 1951 3473 2012 monasterium
3506 1949 3718 2007 missus

2067 2057 2175 2110 est.
2212 2052 2622 2109 Childebertus
2642 2046 2838 2118 junior
2866 2042 3257 2103 Brunichildis
3285 2039 3439 2097 filius
3473 2059 3485 2095 :
3520 2053 3626 2096 rex
3660 2038 3717 2094 in

2066 2141 2301 2199 Austria
2350 2138 2753 2198 constitutus:
2785 2135 2882 2206 qui
2932 2132 3178 2203 Italiam,
3232 2131 3551 2201 ingressus,
3586 2140 3715 2184 eam

2066 2230 2412 2301 devastavit,
2430 2233 2485 2286 et
2511 2225 2882 2284 tributariam
2901 2223 3055 2281 fecit.
3075 2220 3583 2280 Guntbchramnus
3607 2230 3715 2275 rex

2066 2322 2229 2377 bona:
2261 2319 2404 2377 satis
2435 2316 2726 2374 memoria:
2758 2318 3023 2370 mortuus
3043 2315 3153 2380 est,
3180 2314 3355 2383 atque
3380 2307 3437 2365 in
3468 2306 3717 2366 Basilica

2062 2408 2246 2467 sancti
2271 2406 2525 2465 Marcelli
2548 2403 2821 2476 martyris
2845 2399 3139 2459 Cabillone
3162 2397 3429 2471 sepultus
3463 2417 3475 2454 :
3511 2412 3718 2470 regna-

2061 2497 2143 2554 vit
2177 2500 2370 2553 autem
2401 2495 2645 2566 triginta
2693 2496 2753 2548 et
2800 2505 2915 2548 uno
2964 2489 3145 2546 annis.
3198 2485 3574 2558 Leubigildus
3612 2500 3718 2543 rex

2062 2585 2236 2642 filiam
2289 2583 2601 2657 Chilperici
2634 2587 2693 2639 et
2727 2578 3143 2651 Fredegundis,
3188 2578 3418 2635 nomine
3466 2574 3717 2633 Rinchil-

2061 2675 2213 2745 dem,
2265 2673 2431 2731 duxit
2482 2686 2742 2729 uxorem.
2796 2667 3194 2739 Fredegundis
3234 2678 3365 2724 cum
3398 2663 3715 2722 Landerico

2060 2764 2276 2834 majore
2309 2763 2515 2820 domus
2544 2761 2905 2829 adulterans,
2932 2755 3319 2829 Chilpericum
3346 2769 3542 2826 regem
3567 2769 3595 2810 a
3621 2767 3717 2812 ve-

2060 2853 2293 2910 natione
2316 2855 2709 2909 revertentem
2727 2848 2858 2906 dolo
2876 2862 2978 2920 per
2990 2845 3347 2916 gladiatores
3380 2844 3714 2900 interficere

2062 2940 2196 2995 fecit
2232 2959 2243 2993 :
2278 2942 2337 2995 et
2367 2937 2530 3009 quasi
2564 2935 2758 2992 nescia
2808 2933 2942 2990 mali
2982 2948 3112 2989 cum
3153 2930 3415 2987 exercitu
3459 2927 3715 2986 Parisios

2060 3028 2432 3098 deportatum
2464 3025 2520 3080 in
2554 3022 2809 3081 Ecclesia
2832 3023 2891 3077 B.
2921 3019 3208 3077 Vincentii
3239 3016 3514 3089 martyris
3546 3031 3715 3089 sepe-

2061 3116 2187 3173 livit
2224 3134 2236 3170 :
2271 3114 2352 3171 sic
2402 3114 2525 3186 ipsa
2573 3126 2704 3169 cum
2755 3109 3072 3166 Landerico
3102 3112 3164 3164 et
3207 3107 3502 3164 Chlotario
3534 3121 3714 3179 parvo

306 3199 525 3257 mentis
554 3198 708 3254 inter
738 3212 797 3254 se
826 3197 997 3268 datis,
1023 3196 1241 3268 aliquot
1275 3196 1441 3253 annis
1460 3195 1515 3251 ίη
1540 3195 1787 3267 quadam
1813 3207 1951 3265 Pace
1983 3181 2032 3246 α
2066 3203 2255 3260 lllioin
2281 3181 2459 3274 regno
2481 3198 2720 3258 resedit.
2740 3199 2951 3254 Contra
2977 3211 3148 3270 quam
3173 3195 3584 3252 Childebertus
3607 3210 3715 3252 rex

307 3288 669 3345 manserunt.
705 3284 1085 3341 Charibertus
1106 3298 1210 3339 rex
1232 3282 1497 3353 moritur,
1524 3286 1699 3353 atque
1724 3282 1779 3338 in
1808 3281 1956 3340 basio

305 3378 426 3436 lica
458 3374 641 3433 sancti
680 3374 919 3431 Romani
960 3372 1156 3430 Blavio
1185 3371 1428 3430 castello
1460 3370 1761 3443 sepelitur.
1799 3372 1957 3444 Sygi-

310 3468 519 3525 bertus
557 3477 661 3521 rex
705 3461 1135 3520 Brunichildem
1184 3459 1515 3517 Athanaildi
1576 3460 1732 3531 regis
1781 3460 1956 3518 tiliam
2008 3466 2015 3471 ‘

311 3570 556 3615 uxorem
597 3552 843 3624 accepit,
887 3566 1129 3623 eamque
1168 3550 1276 3607 sub
1324 3549 1554 3606 Arianis
1602 3550 1956 3622 baptizatam

314 3648 367 3702 in
382 3644 616 3702 nomine
636 3642 947 3699 individuae
967 3640 1266 3697 Trinitatis
1278 3639 1631 3711 rcbaptizari
1657 3639 1952 3711 praecepit.

310 3735 455 3806 Ejus
490 3746 749 3791 sororem
800 3729 1165 3802 Chilpericus
1211 3744 1316 3786 rex
1367 3729 1437 3786 ad
1487 3734 1711 3802 patrem
1763 3729 1818 3783 in
1867 3727 1960 3783 Hi-

310 3823 576 3896 spaniam
600 3820 856 3891 mittens,
874 3818 1251 3876 Chilsuintam
1273 3818 1515 3890 expetiit
1545 3838 1557 3873 :
1583 3822 1639 3873 et
1663 3832 1794 3875 cum
1817 3815 1960 3873 alias

312 3926 531 3970 uxores
551 3912 816 3980 haberet,
832 3910 1012 3981 ipsam
1035 3907 1380 3980 superduxit
1411 3925 1423 3962 :
1450 3921 1621 3978 quam
1642 3910 1837 3963 tamen
1864 3920 1961 3978 po-

314 4007 444 4060 stea
472 3998 717 4058 consilio
747 4013 886 4063 usus
906 3996 1324 4069 Fredegundis,
1350 4010 1453 4069 per
1474 3999 1703 4053 noctem
1728 3995 1783 4051 in
1806 3993 1960 4052 lecto

316 4108 423 4151 suo
462 4087 872 4161 strangulavit.

384 4184 509 4238 Jam
543 4185 680 4237 tunc
703 4176 1066 4249 Chilpericus
1085 4180 1211 4233 tres
1232 4174 1381 4232 filios
1400 4175 1651 4231 habebat
1678 4174 1749 4232 de
1773 4173 1961 4230 Audo-

322 4285 456 4329 vera
506 4281 689 4325 uxora
739 4280 863 4337 sua,
911 4264 1351 4335 Theutbertum,
1400 4267 1458 4320 et
1506 4264 1853 4334 Meroveum,
1902 4267 1960 4319 et

321 4359 734 4417 Chlodoveum.
751 4355 1008 4411 Absente
1022 4352 1347 4426 Chilperico
1362 4351 1757 4423 Fredegundis
1775 4350 1963 4408 Audo-

321 4463 516 4506 veram
548 4446 809 4517 reginam
840 4440 943 4499 tali
974 4442 1178 4498 fraude
1210 4441 1464 4515 decepit,
1498 4445 1563 4497 ut
1593 4440 1766 4498 filiam
1790 4455 1961 4512 quam

2064 3291 2522 3360 Austrasiorum,
2550 3288 2646 3361 qui
2672 3287 3145 3345 Gunthchramno
3169 3283 3421 3358 patrueli
3446 3284 3501 3342 in
3534 3298 3715 3356 regno

2066 3380 2418 3451 Burgundiae
2442 3379 2826 3447 successerat,
2848 3374 3064 3432 bellum
3088 3373 3419 3433 commovit.
3448 3374 3555 3430 Sed
3584 3375 3715 3430 Fre-

2066 3469 2353 3547 degundis
2380 3467 2498 3525 suis
2527 3465 2831 3524 consilium
2860 3464 3019 3522 dedit
3057 3467 3117 3521 ut
3150 3468 3322 3521 nocte
3345 3478 3476 3521 cum
3500 3463 3715 3536 lampa-

2067 3560 2239 3618 dibus
2268 3557 2496 3615 obviam
2529 3556 2703 3645 irent,
2731 3554 3133 3627 praecedentes
3155 3569 3348 3612 ramos
3369 3554 3424 3610 in
3451 3553 3716 3612 manibus

2069 3648 2311 3717 ferrent,
2337 3644 2608 3718 appensis
2630 3641 3041 3699 tintinnabulis
3063 3643 3133 3700 ad
3148 3642 3296 3700 colla
3312 3659 3616 3721 equorum,
3642 3665 3714 3707 ne

2069 3750 2098 3791 a
2150 3733 2455 3804 vigilarum
2503 3729 2848 3788 custodibus
2893 3728 3026 3786 sciri
3083 3735 3338 3800 possent.
3391 3733 3531 3790 Nam
3573 3738 3715 3795 tunc

2068 3822 2351 3893 temporis
2379 3819 2623 3875 tinnitos
2652 3833 2836 3889 equos
2864 3818 3152 3874 Austrasii
3185 3820 3257 3876 ad
3289 3824 3518 3892 pastum
3548 3826 3716 3883 emit-

2069 3913 2293 3969 tebant.
2328 3909 2415 3966 Illi
2448 3907 2529 3965 sic
2556 3909 2766 3964 cuncta
2802 3905 3471 3977 facientes,.Austrasios
3491 3917 3550 3969 et
3575 3915 3716 3972 Bup-

2069 3998 2393 4071 gundiones
2421 3994 2524 4051 tali
2559 3995 2761 4052 fraude
2793 3993 3177 4067 seduxerunt,
3204 3996 3339 4054 dum
3367 3998 3595 4071 vigiliae
3612 4020 3715 4076 pu-

2069 4092 2197 4146 tant
2232 4085 2400 4157 juxta
2440 4085 2641 4143 silvam
2673 4098 2854 4155 equos
2886 4098 3022 4141 suos
3054 4098 3316 4157 pascere,
3347 4091 3405 4144 et
3439 4088 3718 4152 tintinna-

2073 4178 2207 4235 bula
2230 4190 2512 4249 equorum
2537 4188 2772 4231 suorum
2798 4187 3092 4230 resonare.
3121 4175 3316 4234 Caesus
3339 4176 3537 4252 itaque
3569 4182 3718 4240 Chil-

2072 4266 2301 4324 deberti
2341 4263 2657 4333 exercitus,
2701 4259 2914 4333 reliqui
2953 4277 3085 4319 cum
3128 4263 3376 4325 ducibus
3414 4268 3470 4325 in
3526 4270 3717 4344 fugam

2074 4355 2223 4413 versi
2256 4358 2410 4412 sunt.
2438 4350 2833 4422 Fredegundis
2856 4354 2984 4423 post
3017 4350 3379 4424 aliquantum
3411 4359 3713 4433 temporis,

2074 4447 2321 4511 mortua,
2348 4442 2401 4497 in
2426 4440 2671 4498 ecclesia
2707 4439 2860 4496 beati
2894 4439 3181 4498 Vincentii
3214 4443 3456 4504 Parisiis
3484 4446 3717 4521 sepulta

323 4553 396 4595 ex
415 4535 743 4608 Chilperico
755 4531 1007 4589 habebat
1030 4530 1335 4588 Audovera
1357 4543 1430 4586 ex
1451 4544 1617 4587 sacro
1640 4531 1817 4601 fonte,
1836 4529 1959 4601 ipsa
1990 4543 2042 4603 Ι)
2072 4537 2180 4593 est.
2204 4530 2641 4589 Theodebertus
2671 4533 2729 4585 et
2760 4528 3171 4603 Theodericus,
3200 4530 3303 4588 illii
3329 4534 3712 4610 Childeberti,

327 4641 429 4703 per
457 4639 521 4686 se
557 4639 671 4684 non
703 4637 809 4698 per
839 4621 1009 4680 aliam
1040 4620 1360 4694 susciperet
1395 4639 1408 4676 :
1441 4619 1595 4691 quod
1627 4623 1686 4674 et
1719 4617 1842 4692 ipsa
1876 4633 1961 4676 se-

324 4719 499 4776 ducta
529 4716 765 4789 quidem
789 4712 946 4785 fecit,
971 4727 1037 4771 ac
1058 4711 1279 4770 idcirco
1302 4709 1668 4784 postmodum
1690 4724 1720 4767 a
1753 4710 1963 4768 marito

328 4823 430 4866 suo
472 4805 800 4880 Chilperico
837 4802 1092 4875 dimissa,
1134 4803 1286 4861 sicut
1325 4799 1721 4871 Fredegundis
1746 4799 1802 4856 in
1833 4815 1967 4857 con-

333 4896 567 4955 nubium
588 4893 843 4953 transiit.
861 4894 1166 4952 Audovera
1191 4891 1319 4950 velo
1339 4889 1531 4949 velata
1553 4888 1722 4948 villas
1740 4893 1797 4947 et
1824 4903 1968 4962 prie-

333 4986 418 5044 dia
451 4990 681 5045 tantum
712 4985 786 5043 ad
816 4982 1302 5042 sustentationem
1332 4979 1419 5038 sui
1452 4979 1697 5053 accepit.
1738 4979 1970 5052 Episco-

334 5092 439 5150 pus
466 5076 565 5149 qui
596 5075 772 5133 ﬁliam
809 5072 1150 5146 baptizavit,
1181 5075 1238 5129 et
1273 5068 1444 5128 matri
1474 5084 1600 5127 eam
1629 5073 1834 5127 tenere
1857 5080 1967 5127 non

336 5166 651 5238 prohibuit,
699 5163 906 5222 exsilio
954 5163 1262 5221 damnatus
1299 5164 1408 5218 est.
1462 5159 1813 5231 Leobigildis
1870 5173 1972 5216 rex

336 5256 649 5312 Gothorum
679 5254 958 5327 quasdam
989 5250 1276 5325 Hispaniae
1299 5250 1568 5323 regiones
1589 5248 1697 5307 sibi
1722 5247 1975 5306 rebelles

337 5344 387 5401 in
411 5347 766 5418 potestatem
790 5342 878 5400 sui
902 5341 1062 5414 regni
1087 5339 1415 5414 superando
1429 5336 1675 5412 redegit.
1696 5336 1810 5397 Hoc
1833 5340 1976 5397 tem-

342 5447 472 5502 pore
492 5433 775 5489 Namatus
794 5429 1136 5488 Viennensis
1147 5426 1417 5486 Ecclesiae
1438 5426 1745 5500 episcopus
1758 5425 1973 5499 floruit,

346 5521 548 5579 nobilis
598 5524 929 5591 stemmate,
981 5520 1081 5578 sed
1139 5517 1388 5576 nobilior
1436 5517 1575 5588 vita,
1618 5520 1676 5573 et
1722 5515 1973 5587 eloquio.

343 5609 539 5670 Franci
566 5609 665 5687 qui
698 5609 808 5668 sub
830 5608 1049 5669 ditione
1075 5607 1382 5686 Chilperici
1406 5610 1592 5681 erant,
1620 5604 1690 5663 ad
1715 5603 1980 5679 Sygiber-

2071 4638 2201 4684 cum
2235 4620 2361 4680 avia
2394 4634 2496 4678 sua
2531 4617 2904 4676 Burnichilde
2936 4618 2993 4675 in
3028 4634 3270 4690 regnum
3299 4622 3538 4694 gloriosi
3561 4626 3719 4699 regis

2074 4709 2527 4772 Gunthchramni
2551 4708 2607 4766 in
2631 4707 3021 4780 Burgundiam
3046 4709 3258 4770 directi
3292 4732 3306 4769 :
3330 4713 3720 4777 Theodericus

2074 4819 2205 4863 cum
2238 4799 2573 4859 Chlotbario
2605 4798 2871 4873 patruele
2895 4816 3000 4858 suo
3023 4816 3273 4874 pugnam
3296 4802 3443 4876 iniit,
3470 4817 3721 4878 eumque

2073 4908 2204 4951 cum
2226 4890 2492 4950 exercitu
2515 4905 2620 4948 suo
2644 4889 2863 4962 fugavit
2889 4909 2902 4946 :
2930 4889 3063 4948 inde
3076 4892 3466 4951 Theodericus
3477 4894 3723 4956 consilio

2078 4981 2279 5040 matris
2321 4996 2440 5041 suae
2482 4978 2891 5052 Brunichildis,
2925 4995 3058 5039 cum
3096 4983 3498 5040 Theodeberto
3537 4983 3724 5047 fratre

2082 5087 2329 5145 pugnam
2362 5068 2612 5129 miscuit.
2649 5071 2885 5128 Fratrer
2914 5070 3041 5145 ejus
3075 5072 3365 5131 Coloniam
3401 5072 3720 5152 ingressus,

2081 5160 2329 5234 doloque
2360 5159 2437 5219 ibi
2470 5158 2701 5221 occisus
2731 5165 2841 5235 est,
2864 5167 3158 5235 caputque
3183 5160 3342 5221 illius
3362 5163 3727 5227 Theodorico

2085 5251 2270 5326 fratri,
2296 5255 2359 5311 ut
2384 5253 2506 5328 ipse
2522 5253 2799 5325 jusserat,
2825 5252 3082 5310 delatum
3107 5251 3210 5309 filii
3231 5253 3624 5316 Theodeberti
3650 5258 3724 5317 ab

2083 5339 2209 5415 ipso
2258 5341 2573 5400 interfecti.
2622 5342 2817 5399 Filiam
2860 5339 2986 5411 ejus
3026 5340 3082 5397 in
3123 5340 3455 5417 conjugium
3498 5360 3730 5405 sumere

2085 5431 2303 5504 volens,
2338 5446 2369 5488 a
2400 5436 2584 5488 matre
2617 5430 2948 5503 prohibitus
2978 5433 3089 5488 est.
3118 5432 3338 5506 Cuique
3362 5435 3730 5509 postmodum

2087 5519 2477 5579 Brunichildis
2516 5522 2720 5591 mater,
2756 5518 2969 5579 timens
3000 5536 3070 5579 ne
3101 5537 3228 5581 eam
3263 5524 3600 5596 perimeret,
3635 5536 3731 5579 ve-

2088 5620 2298 5669 nenum
2327 5608 2613 5685 porrexit,
2650 5608 2870 5685 talique
2904 5616 3092 5671 morte
3114 5612 3256 5671 obiit
3286 5631 3300 5683 ;
3326 5626 3574 5685 regnans
3596 5620 3733 5682 qua-
