4078 6180
325 317 421 370 111

1378 306 1434 363 S.
1477 303 1736 362 ADONIS
1774 304 2213 363 ARCHIEPISC.
2254 305 2670 365 VIENNENSIS

3622 307 3731 361 112

321 434 587 506 draginta
613 428 812 488 annis:
840 426 989 485 ﬁlios
1008 426 1136 498 ejus
1156 427 1570 486 Brunichlildis
1592 426 1824 486 occidit.
1844 428 1953 485 Na-
1980 432 2034 493 A
2064 428 2108 484 ti
2132 433 2436 502 quartuor,
2456 429 2528 488 ad
2549 445 2765 502 corpus
2788 431 2846 486 Β.
2871 427 3031 485 Petri
3056 425 3307 500 apostoli
3331 440 3724 498 congregans,

328 528 517 581 matus
536 520 847 592 episcOpus
866 516 1210 575 Viennensis
1221 517 1652 591 septuagesimo
1667 532 1817 574 anno
1828 516 1966 574 vita

327 627 445 671 sua
475 607 831 678 defungitur.
865 604 1129 662 Justinus
1162 605 1483 678 imperator
1516 622 1716 663 amens
1757 607 1964 676 factus,

329 701 479 757 diem
501 697 645 754 obiit
682 716 694 751 :
727 694 1112 765 Tiberiusque
1137 709 1241 766 pro
1264 711 1333 751 eo
1357 695 1662 766 imperium
1689 693 1963 766 suscepit.

330 784 769 857 Burgundiones
790 787 848 839 et
873 784 1016 840 Aust
1027 781 1159 840 rasii
1175 798 1306 841 cum
1321 782 1567 854 reliquis
1581 783 1815 839 Francis
1827 796 1969 853 pace

330 878 480 931 facta
521 870 877 928 Clotharium
929 871 986 927 in
1038 870 1228 928 tribus
1266 870 1409 927 totis
1458 870 1654 943 regnis
1703 885 1879 943 super
1909 883 1971 927 se

329 977 533 1033 regem
557 959 921 1017 levaverunt.

407 1047 568 1122 [575]
602 1046 867 1104 Tiberius
897 1046 1312 1106 Constantinus
1342 1046 1662 1120 imperator
1691 1046 1857 1105 annis
1886 1060 1974 1105 se-

332 1142 507 1211 ptem.
543 1135 854 1207 Gregorius
886 1135 1077 1194 adhuc
1109 1135 1527 1208 apocrisiarius
1570 1138 1841 1195 Romana
1873 1137 1977 1194 Ec-

329 1225 523 1283 clesia
546 1224 601 1280 in
628 1223 1128 1296 Constantinopoli
1167 1224 1348 1281 libros
1372 1223 1764 1296 Expositionis
1784 1224 1841 1282 in
1868 1224 1977 1282 Joh

331 1314 613 1383 condidit,
648 1316 824 1385 atque
863 1312 1210 1385 Eutychium
1242 1312 1505 1383 ejusdem
1549 1312 1713 1371 urbis
1753 1312 1978 1385 episco-

330 1418 466 1477 pum
496 1403 555 1459 in
586 1402 699 1459 ﬁde
731 1406 947 1459 nostra
979 1401 1435 1459 resurrectionis
1470 1415 1724 1474 errasse,
1748 1402 1978 1459 Tiberio

334 1494 649 1565 prasente,
684 1490 763 1546 ita
795 1489 1069 1562 convicit,
1097 1494 1159 1547 ut
1194 1489 1515 1562 imperator
1536 1490 1749 1548 librum
1772 1490 1975 1563 ipsius,

334 1594 504 1652 quem
537 1578 607 1636 de
640 1578 1073 1636 resurrectione
1097 1577 1709 1650 scripserat,‘.ﬂammis
1730 1579 1978 1635 cremari

334 1669 550 1726 debere
574 1667 873 1725 liberaret.
898 1668 1154 1725 Docebat
1179 1667 1331 1723 enim
1349 1666 1501 1724 idem
1517 1668 1834 1740 Eutycbius
1856 1684 1981 1725 cor-

2078 532 2205 589 qua
2229 519 2555 577 necessaria
2579 523 2712 577 sunt
2737 517 3010 576 Ecclesia
3033 516 3318 573 decernit.
3345 515 3502 572 Idem
3535 515 3730 573 missis

2079 606 2134 663 in
2178 608 2531 666 Britanniam
2569 607 2913 679 Augustino,
2947 605 3186 675 Mellito,
3220 608 3278 661 et
3309 606 3550 675 Joanne,
3593 620 3726 662 cum

2079 696 2209 754 aliis
2230 696 2497 770 pluribus
2520 697 2861 755 timentibus
2880 686 3079 765 Deum,
3097 694 3166 750 ad
3193 692 3486 749 Christum
3509 692 3730 763 Anglos

2080 786 2392 844 convertit.
2430 786 2724 859 Siquidem
2758 784 3095 841 Edilbertus
3119 796 3222 838 rex
3255 780 3725 852 Cantuariorum,

2081 889 2212 932 cum
2246 880 2421 946 gente
2452 874 2546 932 cui
2582 877 2853 946 praerat,
2888 872 2959 928 ad
2993 869 3284 926 Christum
3332 868 3726 939 convertitur,

2082 964 2370 1037 sedesque
2420 967 2538 1021 tam
2590 961 2916 1033 Augustino
2959 958 3184 1017 doctori
3216 973 3339 1030 suo,
3383 971 3555 1029 quam
3596 956 3730 1015 aliis

2082 1051 2373 1125 episcopis
2418 1051 2686 1123 largitur.
2733 1047 3125 1107 Brunichildis
3156 1046 3355 1117 regina
3389 1061 3495 1118 pro
3527 1046 3733 1104 multis

2083 1140 2409 1199 sceleribus
2448 1140 2569 1199 suis
2610 1139 2667 1197 in
2700 1138 3011 1212 prasentia
3045 1134 3364 1193 Choltbarii
3397 1134 3555 1205 regis
3578 1135 3736 1205 judi-

2084 1230 2356 1289 cantibus
2385 1228 2642 1300 Francis,
2670 1226 2969 1285 indomitis
2989 1224 3177 1298 equis,
3202 1222 3448 1294 religata
3475 1224 3736 1281 brachiis

2085 1324 2145 1377 et
2177 1319 2452 1377 cruribus
2482 1316 2840 1389 divaricatis,
2867 1313 3234 1374 membratim
3266 1311 3640 1386 discinditur,
3666 1327 3737 1370 ac

2088 1408 2206 1480 igni
2238 1422 2366 1465 ossa
2396 1407 2556 1465 illius
2585 1409 2865 1464 cremata.
3409 1411 3419 1429 '

2158 1496 2381 1554 Pbocas
2410 1496 2674 1567 regnavit
2707 1494 2874 1551 annis
2894 1497 3045 1551 octo.
3071 1489 3387 1562 Gregorius
3410 1489 3732 1561 Anglorum

2088 1585 2249 1655 genti
2274 1583 2758 1657 metropolitanos
2787 1581 3017 1652 statuit,
3043 1580 3324 1651 deditque
3354 1577 3629 1635 Lindona
3652 1583 3741 1635 at-

2091 1688 2203 1745 que
2218 1672 2515 1731 Ehoracia
2529 1671 2822 1745 episcopis
2835 1670 3074 1743 pallium
3091 1688 3104 1724 :
3121 1666 3380 1726 secundo
3393 1681 3543 1723 anno
3557 1665 3741 1739 impe-

337 1773 445 1829 pus
459 1761 721 1850 nostrum
746 1756 803 1813 in
826 1755 1259 1850 resurrectione
1282 1754 1893 1850 impalpabile,_ventis
1915 1772 1981 1814 ac
2009 1791 2060 1850 Β
2091 1761 2162 1818 rii
2183 1762 2412 1833 Phoca,
2429 1761 2748 1819 indictione
2775 1756 3288 1829 octava,migravit
3313 1755 3386 1813 ad
3408 1755 3736 1812 Dominum.

337 1846 538 1917 requie
574 1846 833 1903 futurum
865 1844 1158 1903 subtilius.
1185 1845 1336 1903 Gens
1358 1844 1866 1916 Longohardorum
1889 1860 1982 1902 co-

338 1934 581 1990 mitante
605 1934 753 1990 fame
776 1938 834 1990 et
859 1932 1716 2005 mortalitate,omneminvadit
1733 1933 1978 2005 Italiam,

338 2021 638 2093 ipsamque
678 2022 989 2078 Romanam
1031 2023 1235 2078 urbem
1268 2022 1495 2078 obsedit
1533 2041 1547 2079 :
1592 2023 1804 2095 quibus
1841 2026 1983 2079 tem-

340 2123 479 2180 pore
512 2106 611 2164 illo
643 2122 749 2164 rex
781 2113 1032 2179 praeerat
1064 2107 1366 2167 Alboinus.
1404 2110 1572 2167 Gothi
1613 2125 1846 2183 quoque
1876 2111 1983 2167 sub

341 2195 773 2265 Hermenigildo
815 2196 1114 2267 Lewigildi
1160 2197 1317 2269 regis
1356 2197 1495 2271 ﬁlio,
1543 2199 1748 2256 bifarie
1790 2199 1981 2270 divisi,

342 2287 542 2340 mutua
564 2284 724 2341 cade
750 2299 809 2342 se
824 2289 1075 2342 vastant.
1098 2285 1400 2358 Philippus
1413 2287 1754 2345 Viennensis
1765 2288 1986 2360 episco-

344 2386 452 2445 pus
464 2369 659 2428 clarus
671 2371 888 2429 ﬂoruit.
907 2371 1357 2446 Cujustempore
1372 2376 1785 2433 monasterium
1799 2376 1985 2432 sancti

343 2461 592 2519 Andrea
605 2459 955 2519 subterioris
977 2462 1211 2519 Vienna
1232 2464 1529 2522 conditum
1560 2479 1591 2521 a
1613 2466 1857 2523 Remilla
1881 2468 1989 2523 Eu-

343 2549 512 2621 genia
545 2549 902 2607 Ansemundi
925 2550 1092 2608 ducis
1121 2551 1259 2623 ﬁlia,
1285 2556 1463 2624 atque
1492 2554 1602 2611 sub
1632 2558 1988 2611 testamento

346 2639 516 2697 matri
549 2638 825 2697 Ecclesia
868 2638 1170 2698 traditum.
1207 2643 1346 2698 Nam
1381 2642 1538 2700 aliud
1573 2644 1987 2701 monasterium

345 2727 618 2799 superius
641 2729 695 2784 S.
712 2728 983 2801 Andrea,
1000 2730 1056 2787 in
1079 2729 1231 2788 colle
1247 2731 1508 2790 civitatis
1521 2733 1822 2804 situmjam
1837 2738 1985 2791 erat.

349 2817 712 2875 Fundaverat
730 2818 1082 2891 enimipsum
1114 2819 1484 2878 beatissimus
1507 2822 1827 2879 Leonianus
1846 2825 1992 2878 tem-

351 2905 590 2978 poribus
610 2908 800 2965 sancti
823 2908 978 2965 Aviti
1000 2908 1260 2979 ejusdem
1286 2910 1450 2967 urbis
1471 2911 1751 2983 episcopi,
1778 2912 1875 2969 ubi
1899 2926 1992 2967 ea-

348 2994 477 3051 dem
530 2994 654 3067 ipsa
705 2996 949 3054 Remilla
991 2998 1101 3055 sub
1139 2997 1395 3069 regulari
1427 2999 1736 3072 disciplina
1769 3004 1991 3057 nutrita

348 3083 557 3141 fuerat.
601 3085 738 3140 Post
770 3084 1099 3156 Philippum
1150 3087 1429 3143 Evantius
1467 3088 1555 3144 vir
1583 3092 1841 3159 sanctus,
1874 3089 1994 3161 epi-

2089 1851 2332 1922 Phocas,
2353 1855 2601 1921 rogante
2610 1864 2757 1922 papa
2774 1848 2910 1905 Boni
2920 1845 3087 1917 facio,
3103 1850 3218 1902 stat
3229 1845 3309 1902 uit
3325 1844 3522 1902 sedem
3535 1845 3745 1901 Roma-

2091 1954 2222 1996 nam
2248 1943 2425 2010 caput
2448 1952 2575 1996 esse
2599 1936 2851 1994 omnium
2876 1935 3286 2005 Ecclesiarum,
3304 1933 3437 2004 quia
3459 1933 3745 1989 Constan-

2090 2026 2475 2099 tinopolitana
2513 2026 2772 2084 Ecclesia
2814 2025 2997 2097 prima
3029 2039 3090 2081 se
3121 2022 3374 2079 omnium
3417 2021 3739 2078 scribebat.

2092 2114 2406 2174 Domnolus
2445 2114 2791 2174 Viennensis
2818 2113 3129 2185 episcopus
3164 2114 3307 2168 tunc
3350 2109 3623 2180 ﬂorebat,
3651 2109 3745 2166 vir

2094 2209 2391 2275 strenuus,
2412 2208 2470 2260 et
2487 2203 2540 2259 in
2557 2201 2913 2260 redimendis
2925 2200 3175 2273 captivis
3187 2199 3499 2272 piissimus.
3516 2198 3746 2254 Phocas

2096 2297 2339 2365 rogante
2370 2292 2485 2350 alio
2517 2292 2811 2349 Bonifacio
2839 2292 3094 2347 Romano
3124 2287 3419 2360 pontiﬁce,
3455 2286 3511 2342 in
3552 2287 3743 2345 veteri

2099 2383 2229 2439 fano
2261 2381 2415 2454 quod
2444 2380 2742 2438 Pantheon
2774 2379 3116 2449 vocabatur,
3143 2376 3356 2434 ablatis
3392 2373 3745 2431 idololatria

2097 2470 2369 2528 sordibus
2389 2468 2699 2527 ecclesiam
2724 2469 2917 2524 Beata
2940 2480 3170 2538 semper
3191 2462 3444 2535 Virginis
3467 2463 3661 2520 Maria
3681 2467 3744 2518 et

2098 2559 2351 2616 omnium
2385 2562 2704 2629 martyrum
2736 2554 2995 2612 dedicari
3014 2553 3210 2625 jussit,
3236 2556 3299 2610 ut
3324 2550 3423 2609 ubi
3449 2550 3744 2622 quondam

2099 2660 2211 2704 non
2244 2645 2506 2716 deorum,
2532 2644 2633 2701 sed
2667 2642 3082 2700 daemoniorum
3113 2640 3312 2699 cultus
3332 2639 3639 2711 agebatur,
3666 2637 3745 2696 ibi

2101 2734 2380 2807 deinceps
2409 2733 2662 2790 omnium
2692 2731 2857 2787 ﬁeret
2883 2728 3157 2787 memoria
3191 2734 3547 2787 sanctorum.
3577 2728 3748 2783 Pata-

2102 2823 2211 2882 sini
2243 2826 2301 2880 et
2333 2821 2538 2880 Veneti
2564 2835 2667 2893 per
2688 2819 2987 2876 Orientem
3014 2822 3073 2875 et
3095 2817 3405 2890 Egyptum
3430 2814 3601 2872 civile
3627 2814 3750 2872 bel-

2103 2911 2221 2970 lum
2236 2911 2477 2983 faciunt,
2497 2925 2564 2968 ac
2578 2924 2704 2967 sese
2720 2912 2919 2965 mutua
2939 2908 3101 2965 cade
3127 2909 3527 2979 prosternunt.
3552 2905 3748 2961 Persa

2104 3002 2388 3060 adversus
2426 2998 2845 3072 rempublicam
2884 2995 3225 3066 gravissima
3267 2993 3418 3050 bella
3449 2994 3747 3063 gerentes,

2106 3090 2320 3149 multas
2346 3092 2731 3146 Romanorum
2765 3084 3113 3159 provincias,
3137 3087 3194 3139 et
3220 3082 3401 3154 ipsam
3424 3079 3754 3152 Hierosoly-

349 3185 560 3241 scopus
590 3170 826 3229 Vienna
860 3171 1089 3229 levatus
1118 3176 1227 3229 est.
1264 3173 1367 3230 Hic
1397 3189 1528 3231 cum
1561 3180 1765 3232 sancto
1791 3142 1991 3233 Prisco
2028 3142 2077 3205 Ο
2106 3193 2255 3236 mam
2279 3177 2518 3250 capiunt
2544 3196 2556 3232 :
2583 3190 2649 3233 ac
2673 3142 3050 3233 destruentes
3070 3142 3370 3240 ecclesias,
3390 3172 3590 3227 sancta
3610 3142 3755 3240 quod

348 3262 407 3314 et
458 3257 717 3314 Artemio
767 3258 1070 3331 Senonico,
1106 3264 1163 3316 et
1200 3261 1461 3331 Remigio
1512 3262 1887 3335 Biturigcnsi,
1932 3268 1989 3321 et

345 3360 477 3403 cum
493 3345 1172 3420 aliissanctisepismpis,
1187 3349 1394 3419 viginti
1411 3350 1668 3421 capitula
1687 3350 1993 3409 ecclesias-

346 3433 464 3491 tica
480 3435 739 3506 perfecte
753 3435 1069 3492 roboravit.
1094 3436 1591 3502 Quibusconsedit
1611 3455 1842 3511 quoque
1858 3442 1995 3514 Sya-

346 3523 509 3593 grius
531 3524 1269 3598 Eduennensisepiscopus,
1287 3526 1376 3584 vir
1390 3542 1624 3586 summa
1640 3529 1990 3588 sanctitatis.

350 3612 520 3670 Suevi
545 3628 575 3670 a
600 3612 916 3683 Lewigildo
939 3628 1076 3685 rege
1100 3615 1325 3672 obtenti
1353 3616 1554 3673 Gothis
1577 3617 1991 3689 subjiciuntur.

424 3702 585 3776 [585]
621 3702 930 3760 Mauricius
963 3703 1302 3777 imperator,
1330 3705 1496 3762 annis
1528 3705 1734 3776 viginti
1767 3711 1824 3764 et
1859 3722 1991 3765 uno.

344 3791 774 3863 Ermenigildus
820 3791 1127 3865 Lewigildi
1176 3794 1492 3853 Gothorum
1528 3795 1685 3866 regis
1717 3795 1891 3868 ﬁlius,
1924 3798 1998 3854 ob

350 3880 483 3937 ﬁdei
507 3881 811 3940 catholica
833 3882 1258 3941 confessionem
1287 3883 1819 3957 inexpugnabilem,
1848 3900 1878 3942 a
1903 3900 2000 3957 pa-

350 3974 440 4026 tre
455 3971 668 4027 Ariano
683 3971 845 4041 regni
861 3971 1126 4042 privatus
1141 3971 1609 4044 infulis,insuper
1625 3973 1681 4029 in
1702 3988 1999 4031 carcerem

352 4057 669 4128 projectus,
695 4057 766 4113 ad
798 4062 1129 4115 extremum
1153 4063 1324 4116 nocte
1349 4064 1548 4116 sancta
1581 4062 1892 4120 Dominica
1916 4077 2004 4118 re-

350 4144 754 4215 surrectionis,
789 4145 980 4202 securi
1035 4146 1092 4203 in
1142 4146 1336 4219 capite
1388 4162 1725 4221 percussus,
1760 4164 2003 4220 regnum

351 4230 592 4289 caeleste
608 4247 713 4304 pro
728 4236 963 4291 terreno
978 4248 1081 4291 rex
1093 4238 1152 4291 et
1168 4238 1390 4309 martyr
1407 4235 1669 4294 intravit.
1698 4236 1875 4309 Cujus
1895 4237 2006 4294 fra-

351 4319 817 4379 terRicharedus
840 4337 973 4379 mox
995 4327 1057 4380 ut
1084 4338 1327 4396 regnum
1346 4329 1474 4398 post
1501 4330 1728 4399 patrem
1752 4325 2002 4399 accepit,

351 4423 577 4467 omnem
607 4413 840 4480 gentem
863 4412 1303 4484 Gothorum,cui
1347 4419 1603 4486 praerat
1628 4415 1883 4473 instante
1908 4416 2010 4472 Le-

2101 3280 2214 3339 que
2267 3264 2393 3322 loca
2444 3265 2839 3336 profanantes,
2875 3259 3051 3318 etiam
3109 3257 3386 3316 vexillum
3437 3253 3753 3312 Dominica

2102 3354 2298 3413 crucis
2329 3352 2621 3410 auferunt.
2647 3348 2953 3408 Heraclius
2983 3349 3323 3419 imperator,
3348 3343 3512 3401 annis
3540 3341 3753 3411 viginti

2102 3459 2223 3502 sex.
2251 3440 2592 3499 Anastasius
2612 3442 2787 3497 Persa
2812 3437 3147 3507 monachus,
3165 3433 3358 3491 nobile
3386 3448 3491 3505 pro
3512 3432 3747 3487 Christo

2105 3530 2447 3604 martyrium
2499 3528 2722 3601 patitur
2766 3548 2777 3582 :
2823 3526 2920 3598 qui
2953 3531 3125 3581 natus
3156 3523 3212 3579 in
3246 3520 3484 3579 Perside
3517 3535 3547 3576 a
3584 3523 3758 3592 patre

2107 3636 2253 3695 puer
2275 3619 2530 3690 magicas
2553 3621 2712 3674 artes
2734 3614 2937 3671 didicit
2966 3632 2981 3682 ;
3017 3614 3117 3670 sed
3146 3612 3244 3669 ubi
3267 3626 3297 3667 a
3323 3609 3571 3682 captivis
3593 3608 3761 3664 Chri-

2106 3709 2313 3767 stianis
2336 3721 2538 3764 nomen
2565 3704 2775 3762 Christi
2800 3702 3049 3774 accepit,
3070 3701 3123 3757 in
3148 3716 3219 3756 eo
3242 3714 3375 3757 mox
3398 3698 3586 3755 animo
3616 3711 3757 3754 con-

2106 3813 2334 3868 versus,
2369 3795 2574 3854 relicta
2606 3792 2844 3850 Perside
2877 3789 3323 3847 Chalcedoniam
3378 3783 3762 3857 Hierapolim-

2108 3902 2244 3959 que,
2260 3886 2551 3943 Christum
2565 3896 2852 3956 quaerens,
2875 3894 2942 3936 ac
2956 3878 3167 3935 deinde
3188 3874 3641 3948 Hierosolymam
3658 3886 3759 3944 pe-

2109 3976 2203 4033 tiit
2236 3974 2334 4033 ubi
2365 3972 2591 4045 accepit
2624 3967 2992 4041 baptismatis
3023 3965 3523 4037 gratiam.Quarto
3553 3962 3626 4019 ab
3657 3975 3756 4018 ea-

2112 4066 2241 4122 dem
2260 4062 2531 4119 milliario
2551 4057 2965 4116 monasterium
2979 4055 3212 4114 abbatis
3239 4051 3529 4111 Anastasii
3552 4049 3759 4107 introi-

2112 4152 2217 4223 vit,
2233 4150 2331 4207 ubi
2346 4152 2569 4221 septem
2582 4147 2708 4205 anis
2726 4145 3080 4217 regulariter
3097 4144 3316 4214 vivens,
3337 4143 3473 4199 dum
3505 4141 3761 4198 Caesare-

2115 4254 2205 4297 am
2218 4236 2545 4296 Palaestina
2557 4234 2839 4293 orationis
2855 4233 3044 4305 gratia
3058 4231 3333 4301 venisset,
3347 4234 3558 4302 captus
3575 4242 3606 4284 a
3619 4228 3762 4284 Per-

2113 4327 2280 4399 sis,et
2295 4325 2475 4383 multa
2493 4324 2588 4383 diu
2603 4325 2848 4383 verbera
2864 4322 3017 4380 inter
3028 4322 3366 4379 carcereset
3382 4315 3611 4376 vincula
3624 4316 3767 4372 Mar-

2116 4418 2336 4475 cebana
2353 4414 2552 4486 judice
2578 4412 3160 4488 perpessus,tandem
3184 4409 3240 4467 in
3263 4406 3561 4465 Persidem
3586 4404 3768 4461 mitti-

355 4497 910 4570 androHispalitano
926 4500 1222 4573 episcopo,
1241 4501 1411 4573 quiet
1432 4502 2002 4573 Ermenigildumdo—
2031 4502 2084 4563 D
2116 4511 2216 4565 tur
2255 4506 2327 4563 ad
2368 4517 2565 4576 regem
2604 4518 2807 4561 eorum
2840 4502 3153 4559 Chosroam
3188 4517 3202 4555 :
3235 4512 3266 4555 a
3300 4510 3415 4568 quo
3445 4493 3626 4551 tertio
3656 4507 3766 4565 per

355 4590 580 4657 cuerat,
598 4585 670 4643 ad
692 4587 1038 4646 catholicam
1062 4588 1232 4647 ﬁdem
1255 4590 1571 4648 convertit.
1598 4592 1774 4648 Anari
1798 4592 2001 4650 adver-

356 4694 454 4736 sus
467 4677 753 4734 Romanos
765 4676 1113 4736 dimicantes
1135 4694 1278 4737 auro
1303 4680 1485 4752 magis
1509 4694 1681 4751 quam
1705 4680 1861 4738 ferro
1883 4681 2003 4754 pel-

355 4765 577 4825 luntur.
610 4764 955 4824 Viennensis
991 4766 1301 4841 episcopus
1339 4770 1526 4827 Verus
1551 4767 1785 4827 claruit.
1820 4769 2004 4841 Hujus

357 4854 967 4930 temporeDesiderius
996 4858 2004 4931 Augustodunensisgenereinordi-

359 4960 429 5001 ne
453 4945 679 5005 diaconi
711 4944 987 5003 Ecclesia
1010 4946 1324 5003 Viennensi
1349 4947 1663 5006 serviebat.
1691 4948 2005 5021 Gregorius

360 5033 629 5092 Romana
651 5033 925 5092 Ecclesia
950 5032 1163 5107 prasul
1189 5039 1245 5090 et
1272 5035 1477 5093 doctor
1499 5037 1747 5095 eximius
1766 5036 2000 5096 claruit.

362 5120 497 5175 Post
521 5122 730 5180 Verum
751 5124 1086 5197 episcOpum
1113 5123 1702 5185 sanctusDesiderius
1714 5126 2002 5186 succedit.

362 5207 465 5263 Hic
490 5208 860 5269 beatissimus
884 5210 1317 5270 Brunichildem
1335 5212 1593 5283 reginam
1608 5215 2008 5287 eximpietati—

365 5295 473 5353 bus
494 5295 877 5366 suisarguons
892 5306 932 5373 a1
945 5301 1257 5359 comitibus
1270 5299 1396 5371 ejus
1416 5300 1541 5373 ipsa
1559 5302 1803 5373 jubente
1820 5304 1877 5360 in
1892 5308 2009 5360 ter-

368 5384 572 5442 ritorio
592 5386 959 5455 Lugdunensi
974 5407 1151 5464 super
1166 5391 1403 5449 ﬂuvium
1417 5391 1752 5449 Calaronam
1778 5391 2009 5464 perimi-

366 5479 485 5546 tur,
503 5489 587 5531 ma
597 5479 837 5548 rtyrque
851 5476 1142 5546 gloriosus
1161 5482 1407 5541 caeleste
1422 5495 1661 5554 regnum
1677 5480 2008 5553 ingreditur

369 5563 682 5635 Gregorius
730 5564 990 5636 pontifex
1041 5571 1324 5639 synodum
1376 5572 1785 5648 episcoporum
1819 5568 2003 5645 vigin-

2111 4593 2421 4654 intervalla
2460 4593 2743 4667 temporis
2770 4592 3141 4659 verberatus,
3177 4586 3249 4645 ad
3280 4589 3611 4643 extremum
3645 4596 3764 4640 una

2112 4699 2430 4758 suspensus
2458 4697 2630 4739 manu
2652 4694 2755 4752 per
2786 4682 2911 4734 tres
2933 4676 3124 4748 horas,
3159 4674 3243 4733 sic
3273 4670 3605 4731 decollatus
3627 4684 3766 4728 cum

2112 4774 2243 4832 aliis
2264 4771 2656 4846 septuaginta,
2682 4765 3026 4840 martyrium
3048 4762 3381 4837 complevit.
3408 4762 3536 4818 Mox
3558 4758 3761 4817 tunica

2112 4862 2239 4934 ejus
2261 4861 2500 4918 indutus
2523 4856 2754 4930 quidam
2779 4854 3187 4924 damoniacus,
3210 4854 3453 4909 curatus
3475 4853 3587 4906 est.
3613 4847 3766 4905 Sise-

2114 4951 2294 5008 butus
2315 4948 2631 5005 Gothorum
2654 4959 2759 5002 rex
2787 4944 2843 5001 in
2868 4942 3140 5017 Hispania
3157 4938 3437 5014 plurimas
3451 4939 3630 4997 urbes
3649 4936 3762 4994 sibi

2115 5036 2387 5097 bellando
2399 5034 2647 5106 subjecit
2662 5033 2967 5092 etJudaos
2983 5046 3087 5089 suo
3105 5043 3285 5100 regno
3308 5026 3597 5099 subditos,
3615 5038 3763 5097 pra-

2114 5131 2208 5184 ter
2237 5140 2339 5183 eos
2351 5124 2447 5197 qui
2465 5124 2596 5194 fuga
2616 5122 2760 5197 lapsi
2786 5121 3040 5178 latenter
3063 5118 3460 5189 migraverunt
3485 5115 3556 5172 ad
3591 5115 3767 5169 Fran-

2116 5213 2317 5287 cos,ad
2350 5213 2561 5270 Christi
2586 5213 2757 5269 ﬁdem
2780 5210 3293 5267 convertit.Persa
3313 5200 3762 5261 Chalcedoniam

2120 5318 2305 5377 usque
2340 5305 2752 5376 pervenerunt.
2784 5297 2992 5356 Eunni
3026 5311 3252 5354 murum
3288 5293 3523 5365 longum
3557 5291 3768 5347 irrum-

2122 5399 2347 5468 pentes,
2422 5395 2479 5448 et
2541 5389 2750 5448 mania
2814 5383 3347 5459 Constantinopolis
3412 5379 3766 5468 accedentes

2121 5466 2253 5542 cum
2275 5479 2542 5541 Heraclio
2563 5479 2916 5554 imperatore
2940 5480 3141 5534 mutuo
3163 5474 3219 5531 in
3244 5486 3409 5531 muro
3429 5473 3624 5528 stante
3645 5466 3765 5526 col-

2123 5571 2463 5646 loquuntur,
2487 5573 2846 5644 acceptoque
2868 5567 2941 5625 ab
2962 5580 3033 5623 eo
3055 5562 3245 5639 pretio
3261 5561 3419 5636 pacis
3439 5559 3512 5618 ad
3525 5562 3761 5631 tempus
