  <div class='ocr_page' id='page_1' title='image "/cluster/home/n/w/nwhite01/storage/ocr_20150623/123/hvd.32044054759857/062.png"; bbox 0 0 4078 6180; ppageno 0'>
   <div class='ocr_carea' id='block_1_1' title="bbox 291 267 404 323">
    <p class='ocr_par' dir='ltr' id='par_1_1' title="bbox 291 267 404 323">
     <span class='ocr_line' id='line_1_1' title="bbox 291 267 404 323; baseline -0.009 0"><span class='ocrx_word' id='word_1_1' title='bbox 291 267 404 323; x_wconf 82' lang='grc'>113</span> 
     </span>
    </p>
   </div>
   <div class='ocr_carea' id='block_1_2' title="bbox 1468 245 2484 317">
    <p class='ocr_par' dir='ltr' id='par_1_2' title="bbox 1468 245 2484 317">
     <span class='ocr_line' id='line_1_2' title="bbox 1468 245 2484 317; baseline -0.004 0"><span class='ocrx_word' id='word_1_2' title='bbox 1468 252 1897 317; x_wconf 75' lang='lat' dir='ltr'><strong>CHRONICON.</strong></span> <span class='ocrx_word' id='word_1_3' title='bbox 1931 277 2000 289; x_wconf 91' lang='lat'><strong><em>—</em></strong></span> <span class='ocrx_word' id='word_1_4' title='bbox 2029 245 2227 307; x_wconf 63' lang='lat' dir='ltr'><strong>AETAS</strong></span> <span class='ocrx_word' id='word_1_5' title='bbox 2247 251 2484 312; x_wconf 83' lang='lat' dir='ltr'><strong>SEXTA.</strong></span> 
     </span>
    </p>
   </div>
   <div class='ocr_carea' id='block_1_3' title="bbox 3595 276 3700 332">
    <p class='ocr_par' dir='ltr' id='par_1_3' title="bbox 3595 276 3700 332">
     <span class='ocr_line' id='line_1_3' title="bbox 3595 276 3700 332; baseline 0.01 -1"><span class='ocrx_word' id='word_1_6' title='bbox 3595 276 3700 332; x_wconf 76' lang='grc'><strong>114</strong></span> 
     </span>
    </p>
   </div>
   <div class='ocr_carea' id='block_1_4' title="bbox 290 372 3694 464">
    <p class='ocr_par' dir='ltr' id='par_1_4' title="bbox 290 372 3694 464">
     <span class='ocr_line' id='line_1_4' title="bbox 290 372 3694 464; baseline 0.003 -20"><span class='ocrx_word' id='word_1_7' title='bbox 290 388 606 445; x_wconf 85' lang='lat' dir='ltr'><strong>recedunt.</strong></span> <span class='ocrx_word' id='word_1_8' title='bbox 639 383 936 442; x_wconf 68' lang='lat' dir='ltr'><strong>Etherius</strong></span> <span class='ocrx_word' id='word_1_9' title='bbox 964 385 1324 456; x_wconf 82' lang='lat' dir='ltr'><strong>Viennensis,</strong></span> <span class='ocrx_word' id='word_1_10' title='bbox 1348 384 1438 441; x_wconf 90' lang='lat' dir='ltr'><strong>vir</strong></span> <span class='ocrx_word' id='word_1_11' title='bbox 1461 383 1516 440; x_wconf 93' lang='lat' dir='ltr'><strong>in</strong></span> <span class='ocrx_word' id='word_1_12' title='bbox 1539 381 1808 439; x_wconf 90' lang='lat' dir='ltr'><strong>omnibus</strong></span> <span class='ocrx_word' id='word_1_13' title='bbox 1826 377 1945 436; x_wconf 88' lang='lat' dir='ltr'><strong>exi-</strong></span> <span class='ocrx_word' id='word_1_14' title='bbox 1973 372 2030 435; x_wconf 89' lang='lat' dir='ltr'><strong>A</strong></span> <span class='ocrx_word' id='word_1_15' title='bbox 2061 377 2375 449; x_wconf 91' lang='lat' dir='ltr'><strong>prohibens</strong></span> <span class='ocrx_word' id='word_1_16' title='bbox 2405 394 2504 439; x_wconf 89' lang='lat' dir='ltr'><strong>eos</strong></span> <span class='ocrx_word' id='word_1_17' title='bbox 2537 380 2615 438; x_wconf 90' lang='lat' dir='ltr'><strong>ibi</strong></span> <span class='ocrx_word' id='word_1_18' title='bbox 2648 384 2854 440; x_wconf 88' lang='lat' dir='ltr'><strong>missas</strong></span> <span class='ocrx_word' id='word_1_19' title='bbox 2876 397 3048 454; x_wconf 87' lang='lat' dir='ltr'><strong>agere</strong></span> <span class='ocrx_word' id='word_1_20' title='bbox 3083 404 3097 442; x_wconf 87' lang='lat'><strong>:</strong></span> <span class='ocrx_word' id='word_1_21' title='bbox 3135 387 3286 445; x_wconf 93' lang='lat' dir='ltr'><strong>unde</strong></span> <span class='ocrx_word' id='word_1_22' title='bbox 3308 393 3366 446; x_wconf 93' lang='lat' dir='ltr'><strong>et</strong></span> <span class='ocrx_word' id='word_1_23' title='bbox 3389 389 3512 464; x_wconf 90' lang='lat' dir='ltr'><strong>ipse</strong></span> <span class='ocrx_word' id='word_1_24' title='bbox 3543 394 3694 454; x_wconf 91' lang='lat' dir='ltr'><strong>sicut</strong></span> 
     </span>
    </p>
   </div>
   <div class='ocr_carea' id='block_1_5' title="bbox 289 472 1944 548">
    <p class='ocr_par' dir='ltr' id='par_1_5' title="bbox 289 472 1944 548">
     <span class='ocr_line' id='line_1_5' title="bbox 289 472 1944 548; baseline -0.005 -15"><span class='ocrx_word' id='word_1_25' title='bbox 289 476 462 547; x_wconf 90' lang='lat' dir='ltr'><strong>mius,</strong></span> <span class='ocrx_word' id='word_1_26' title='bbox 516 473 838 548; x_wconf 77' lang='lat' dir='ltr'><strong>praeclarus</strong></span> <span class='ocrx_word' id='word_1_27' title='bbox 888 474 1155 532; x_wconf 92' lang='lat' dir='ltr'><strong>habetur.</strong></span> <span class='ocrx_word' id='word_1_28' title='bbox 1194 473 1564 530; x_wconf 90' lang='lat' dir='ltr'><strong>Chlotharius</strong></span> <span class='ocrx_word' id='word_1_29' title='bbox 1614 486 1718 528; x_wconf 86' lang='lat' dir='ltr'><strong>rex</strong></span> <span class='ocrx_word' id='word_1_30' title='bbox 1770 472 1944 526; x_wconf 81' lang='lat' dir='ltr'><strong>Saxo-</strong></span> 
     </span>
    </p>
   </div>
   <div class='ocr_carea' id='block_1_6' title="bbox 288 559 1943 622">
    <p class='ocr_par' dir='ltr' id='par_1_6' title="bbox 288 559 1943 622">
     <span class='ocr_line' id='line_1_6' title="bbox 288 559 1943 622; baseline -0.003 -1"><span class='ocrx_word' id='word_1_31' title='bbox 288 581 426 621; x_wconf 88' lang='lat' dir='ltr'><strong>num</strong></span> <span class='ocrx_word' id='word_1_32' title='bbox 460 571 684 622; x_wconf 91' lang='lat' dir='ltr'><strong>terram</strong></span> <span class='ocrx_word' id='word_1_33' title='bbox 723 565 973 621; x_wconf 77' lang='lat' dir='ltr'><strong>vastavit</strong></span> <span class='ocrx_word' id='word_1_34' title='bbox 1013 584 1025 621; x_wconf 92' lang='lat'>:</span> <span class='ocrx_word' id='word_1_35' title='bbox 1062 565 1118 621; x_wconf 94' lang='lat' dir='ltr'><strong>in</strong></span> <span class='ocrx_word' id='word_1_36' title='bbox 1150 569 1374 622; x_wconf 90' lang='lat' dir='ltr'><strong>tantum</strong></span> <span class='ocrx_word' id='word_1_37' title='bbox 1408 569 1471 620; x_wconf 92' lang='lat' dir='ltr'><strong>ut</strong></span> <span class='ocrx_word' id='word_1_38' title='bbox 1513 578 1624 620; x_wconf 93' lang='lat' dir='ltr'><strong>non</strong></span> <span class='ocrx_word' id='word_1_39' title='bbox 1658 561 1736 619; x_wconf 90' lang='lat' dir='ltr'><strong>ibi</strong></span> <span class='ocrx_word' id='word_1_40' title='bbox 1769 559 1943 617; x_wconf 90' lang='lat' dir='ltr'><strong>relin-</strong></span> 
     </span>
    </p>
   </div>
   <div class='ocr_carea' id='block_1_7' title="bbox 287 653 1940 725">
    <p class='ocr_par' dir='ltr' id='par_1_7' title="bbox 287 653 1940 725">
     <span class='ocr_line' id='line_1_7' title="bbox 287 653 1940 725; baseline -0.004 -15"><span class='ocrx_word' id='word_1_41' title='bbox 287 659 500 725; x_wconf 86' lang='lat' dir='ltr'><strong>queret</strong></span> <span class='ocrx_word' id='word_1_42' title='bbox 525 653 813 710; x_wconf 88' lang='lat' dir='ltr'><strong>hominem</strong></span> <span class='ocrx_word' id='word_1_43' title='bbox 836 653 1148 725; x_wconf 87' lang='lat' dir='ltr'><strong>viventem,</strong></span> <span class='ocrx_word' id='word_1_44' title='bbox 1176 653 1419 724; x_wconf 84' lang='lat' dir='ltr'><strong>longior,</strong></span> <span class='ocrx_word' id='word_1_45' title='bbox 1445 657 1508 709; x_wconf 92' lang='lat' dir='ltr'><strong>ut</strong></span> <span class='ocrx_word' id='word_1_46' title='bbox 1535 653 1742 722; x_wconf 80' lang='lat' dir='ltr'><strong>fertur,</strong></span> <span class='ocrx_word' id='word_1_47' title='bbox 1769 664 1940 722; x_wconf 90' lang='lat' dir='ltr'><strong>quam</strong></span> 
     </span>
    </p>
   </div>
   <div class='ocr_carea' id='block_1_8' title="bbox 283 738 1940 814">
    <p class='ocr_par' dir='ltr' id='par_1_8' title="bbox 283 738 1940 814">
     <span class='ocr_line' id='line_1_8' title="bbox 283 738 1940 814; baseline -0.003 -15"><span class='ocrx_word' id='word_1_48' title='bbox 283 747 498 814; x_wconf 89' lang='lat' dir='ltr'><strong>spatua</strong></span> <span class='ocrx_word' id='word_1_49' title='bbox 533 742 718 814; x_wconf 87' lang='lat' dir='ltr'><strong>ipsius</strong></span> <span class='ocrx_word' id='word_1_50' title='bbox 746 746 891 798; x_wconf 90' lang='lat' dir='ltr'><strong>erat.</strong></span> <span class='ocrx_word' id='word_1_51' title='bbox 931 743 1050 798; x_wconf 88' lang='lat' dir='ltr'><strong>Non</strong></span> <span class='ocrx_word' id='word_1_52' title='bbox 1094 741 1265 812; x_wconf 90' lang='lat' dir='ltr'><strong>longo</strong></span> <span class='ocrx_word' id='word_1_53' title='bbox 1313 748 1579 814; x_wconf 90' lang='lat' dir='ltr'><strong>tempore</strong></span> <span class='ocrx_word' id='word_1_54' title='bbox 1631 738 1940 809; x_wconf 90' lang='lat' dir='ltr'><strong>interjecto</strong></span> 
     </span>
    </p>
   </div>
   <div class='ocr_carea' id='block_1_9' title="bbox 285 828 1943 901">
    <p class='ocr_par' dir='ltr' id='par_1_9' title="bbox 285 828 1943 901">
     <span class='ocr_line' id='line_1_9' title="bbox 285 828 1943 901; baseline -0.002 -15"><span class='ocrx_word' id='word_1_55' title='bbox 285 830 742 900; x_wconf 88' lang='lat' dir='ltr'><strong>quadragesimo</strong></span> <span class='ocrx_word' id='word_1_56' title='bbox 767 834 976 900; x_wconf 84' lang='lat' dir='ltr'><strong>quarto</strong></span> <span class='ocrx_word' id='word_1_57' title='bbox 1000 831 1163 901; x_wconf 82' lang='lat' dir='ltr'><strong>regni</strong></span> <span class='ocrx_word' id='word_1_58' title='bbox 1198 831 1284 888; x_wconf 92' lang='lat' dir='ltr'><strong>sui</strong></span> <span class='ocrx_word' id='word_1_59' title='bbox 1319 845 1468 887; x_wconf 91' lang='lat' dir='ltr'><strong>anno</strong></span> <span class='ocrx_word' id='word_1_60' title='bbox 1495 828 1740 886; x_wconf 91' lang='lat' dir='ltr'><strong>moritur</strong></span> <span class='ocrx_word' id='word_1_61' title='bbox 1765 846 1778 883; x_wconf 89' lang='lat'>:</span> <span class='ocrx_word' id='word_1_62' title='bbox 1815 841 1943 883; x_wconf 92' lang='lat' dir='ltr'><strong>suc-</strong></span> 
     </span>
    </p>
   </div>
   <div class='ocr_carea' id='block_1_10' title="bbox 282 919 1937 990">
    <p class='ocr_par' dir='ltr' id='par_1_10' title="bbox 282 919 1937 990">
     <span class='ocr_line' id='line_1_10' title="bbox 282 919 1937 990; baseline -0.003 -15"><span class='ocrx_word' id='word_1_63' title='bbox 282 919 591 990; x_wconf 90' lang='lat' dir='ltr'><strong>cessitque</strong></span> <span class='ocrx_word' id='word_1_64' title='bbox 620 919 674 975; x_wconf 93' lang='lat' dir='ltr'><strong>ei</strong></span> <span class='ocrx_word' id='word_1_65' title='bbox 707 920 1072 990; x_wconf 89' lang='lat' dir='ltr'><strong>Dagobertus</strong></span> <span class='ocrx_word' id='word_1_66' title='bbox 1098 920 1252 978; x_wconf 90' lang='lat' dir='ltr'><strong>ﬁlius</strong></span> <span class='ocrx_word' id='word_1_67' title='bbox 1277 920 1407 990; x_wconf 90' lang='lat' dir='ltr'><strong>ejus</strong></span> <span class='ocrx_word' id='word_1_68' title='bbox 1436 919 1525 976; x_wconf 91' lang='lat' dir='ltr'><strong>vir</strong></span> <span class='ocrx_word' id='word_1_69' title='bbox 1558 923 1855 987; x_wconf 88' lang='lat' dir='ltr'><strong>strenuus,</strong></span> <span class='ocrx_word' id='word_1_70' title='bbox 1878 919 1937 971; x_wconf 91' lang='lat' dir='ltr'><strong>et</strong></span> 
     </span>
    </p>
   </div>
   <div class='ocr_carea' id='block_1_11' title="bbox 282 1003 1939 1077">
    <p class='ocr_par' dir='ltr' id='par_1_11' title="bbox 282 1003 1939 1077">
     <span class='ocr_line' id='line_1_11' title="bbox 282 1003 1939 1077; baseline -0.002 -15"><span class='ocrx_word' id='word_1_71' title='bbox 282 1007 339 1062; x_wconf 93' lang='lat' dir='ltr'><strong>in</strong></span> <span class='ocrx_word' id='word_1_72' title='bbox 366 1007 613 1077; x_wconf 90' lang='lat' dir='ltr'><strong>judiciis</strong></span> <span class='ocrx_word' id='word_1_73' title='bbox 643 1023 901 1065; x_wconf 89' lang='lat' dir='ltr'><strong>severus.</strong></span> <span class='ocrx_word' id='word_1_74' title='bbox 931 1009 1142 1065; x_wconf 84' lang='lat' dir='ltr'><strong>Habuit</strong></span> <span class='ocrx_word' id='word_1_75' title='bbox 1177 1014 1372 1066; x_wconf 90' lang='lat' dir='ltr'><strong>autem</strong></span> <span class='ocrx_word' id='word_1_76' title='bbox 1409 1009 1553 1066; x_wconf 91' lang='lat' dir='ltr'><strong>duos</strong></span> <span class='ocrx_word' id='word_1_77' title='bbox 1585 1007 1754 1076; x_wconf 88' lang='lat' dir='ltr'><strong>ﬁlios,</strong></span> <span class='ocrx_word' id='word_1_78' title='bbox 1781 1003 1939 1077; x_wconf 85' lang='lat' dir='ltr'><strong>Sygi-</strong></span> 
     </span>
    </p>
   </div>
   <div class='ocr_carea' id='block_1_12' title="bbox 286 1095 1936 1168">
    <p class='ocr_par' dir='ltr' id='par_1_12' title="bbox 286 1095 1936 1168">
     <span class='ocr_line' id='line_1_12' title="bbox 286 1095 1936 1168; baseline -0.001 -18"><span class='ocrx_word' id='word_1_79' title='bbox 286 1096 521 1151; x_wconf 90' lang='lat' dir='ltr'><strong>hertum</strong></span> <span class='ocrx_word' id='word_1_80' title='bbox 553 1101 615 1151; x_wconf 89' lang='lat' dir='ltr'><strong>et</strong></span> <span class='ocrx_word' id='word_1_81' title='bbox 650 1095 1039 1154; x_wconf 89' lang='lat' dir='ltr'><strong>Chlodoveum</strong></span> <span class='ocrx_word' id='word_1_82' title='bbox 1063 1112 1307 1168; x_wconf 88' lang='lat' dir='ltr'><strong>quorum</strong></span> <span class='ocrx_word' id='word_1_83' title='bbox 1345 1113 1542 1168; x_wconf 91' lang='lat' dir='ltr'><strong>unum,</strong></span> <span class='ocrx_word' id='word_1_84' title='bbox 1567 1095 1936 1168; x_wconf 82' lang='lat' dir='ltr'><strong>Sygibertum</strong></span> 
     </span>
    </p>
   </div>
   <div class='ocr_carea' id='block_1_13' title="bbox 284 1183 1935 1258">
    <p class='ocr_par' dir='ltr' id='par_1_13' title="bbox 284 1183 1935 1258">
     <span class='ocr_line' id='line_1_13' title="bbox 284 1183 1935 1258; baseline 0 -20"><span class='ocrx_word' id='word_1_85' title='bbox 284 1183 340 1239; x_wconf 92' lang='lat' dir='ltr'><strong>in</strong></span> <span class='ocrx_word' id='word_1_86' title='bbox 377 1184 676 1241; x_wconf 89' lang='lat' dir='ltr'><strong>Austriam</strong></span> <span class='ocrx_word' id='word_1_87' title='bbox 706 1201 837 1242; x_wconf 91' lang='lat' dir='ltr'><strong>cum</strong></span> <span class='ocrx_word' id='word_1_88' title='bbox 870 1185 1074 1258; x_wconf 91' lang='lat' dir='ltr'><strong>Pipino</strong></span> <span class='ocrx_word' id='word_1_89' title='bbox 1097 1187 1242 1244; x_wconf 92' lang='lat' dir='ltr'><strong>duce</strong></span> <span class='ocrx_word' id='word_1_90' title='bbox 1267 1186 1479 1243; x_wconf 87' lang='lat' dir='ltr'><strong>direxit</strong></span> <span class='ocrx_word' id='word_1_91' title='bbox 1507 1205 1520 1242; x_wconf 90' lang='lat'><strong>:</strong></span> <span class='ocrx_word' id='word_1_92' title='bbox 1547 1184 1935 1241; x_wconf 91' lang='lat' dir='ltr'><strong>Chlodoveum</strong></span> 
     </span>
    </p>
   </div>
   <div class='ocr_carea' id='block_1_14' title="bbox 275 1270 1938 1344">
    <p class='ocr_par' dir='ltr' id='par_1_14' title="bbox 275 1270 1938 1344">
     <span class='ocr_line' id='line_1_14' title="bbox 275 1270 1938 1344; baseline 0.001 -17"><span class='ocrx_word' id='word_1_93' title='bbox 275 1270 574 1340; x_wconf 91' lang='lat' dir='ltr'><strong>juniorem</strong></span> <span class='ocrx_word' id='word_1_94' title='bbox 593 1288 788 1330; x_wconf 86' lang='lat' dir='ltr'><strong>secum</strong></span> <span class='ocrx_word' id='word_1_95' title='bbox 812 1274 1074 1332; x_wconf 88' lang='lat' dir='ltr'><strong>retinuit.</strong></span> <span class='ocrx_word' id='word_1_96' title='bbox 1095 1274 1511 1332; x_wconf 87' lang='lat' dir='ltr'><strong>Gundolandus</strong></span> <span class='ocrx_word' id='word_1_97' title='bbox 1531 1273 1711 1344; x_wconf 86' lang='lat' dir='ltr'><strong>major</strong></span> <span class='ocrx_word' id='word_1_98' title='bbox 1733 1272 1938 1328; x_wconf 89' lang='lat' dir='ltr'><strong>domus</strong></span> 
     </span>
    </p>
   </div>
   <div class='ocr_carea' id='block_1_15' title="bbox 281 1360 1937 1433">
    <p class='ocr_par' dir='ltr' id='par_1_15' title="bbox 281 1360 1937 1433">
     <span class='ocr_line' id='line_1_15' title="bbox 281 1360 1937 1433; baseline 0.001 -19"><span class='ocrx_word' id='word_1_99' title='bbox 281 1360 558 1431; x_wconf 89' lang='lat' dir='ltr'><strong>moritur,</strong></span> <span class='ocrx_word' id='word_1_100' title='bbox 583 1361 754 1432; x_wconf 87' lang='lat' dir='ltr'><strong>cujus</strong></span> <span class='ocrx_word' id='word_1_101' title='bbox 781 1361 905 1419; x_wconf 91' lang='lat' dir='ltr'><strong>loco</strong></span> <span class='ocrx_word' id='word_1_102' title='bbox 928 1362 1358 1421; x_wconf 91' lang='lat' dir='ltr'><strong>Herthenoldus</strong></span> <span class='ocrx_word' id='word_1_103' title='bbox 1390 1379 1418 1420; x_wconf 93' lang='lat' dir='ltr'><strong>a</strong></span> <span class='ocrx_word' id='word_1_104' title='bbox 1447 1364 1774 1433; x_wconf 88' lang='lat' dir='ltr'><strong>Dagoberto</strong></span> <span class='ocrx_word' id='word_1_105' title='bbox 1801 1374 1937 1416; x_wconf 90' lang='lat' dir='ltr'><strong>con-</strong></span> 
     </span>
    </p>
   </div>
   <div class='ocr_carea' id='block_1_16' title="bbox 280 1448 1936 1524">
    <p class='ocr_par' dir='ltr' id='par_1_16' title="bbox 280 1448 1936 1524">
     <span class='ocr_line' id='line_1_16' title="bbox 280 1448 1936 1524; baseline 0.001 -20"><span class='ocrx_word' id='word_1_106' title='bbox 280 1448 1360 1524; x_wconf 85' lang='lat' dir='ltr'><strong>stituitur.Heracliusimperatorcum</strong></span> <span class='ocrx_word' id='word_1_107' title='bbox 1375 1452 1636 1509; x_wconf 87' lang='lat' dir='ltr'><strong>exercitu</strong></span> <span class='ocrx_word' id='word_1_108' title='bbox 1662 1462 1936 1522; x_wconf 89' lang='lat' dir='ltr'><strong>superve-</strong></span> 
     </span>
    </p>
   </div>
   <div class='ocr_carea' id='block_1_17' title="bbox 280 1536 1932 1612">
    <p class='ocr_par' dir='ltr' id='par_1_17' title="bbox 280 1536 1932 1612">
     <span class='ocr_line' id='line_1_17' title="bbox 280 1536 1932 1612; baseline 0.001 -22"><span class='ocrx_word' id='word_1_109' title='bbox 280 1536 450 1593; x_wconf 91' lang='lat' dir='ltr'><strong>niens</strong></span> <span class='ocrx_word' id='word_1_110' title='bbox 472 1538 673 1596; x_wconf 88' lang='lat' dir='ltr'><strong>Persis</strong></span> <span class='ocrx_word' id='word_1_111' title='bbox 694 1539 901 1612; x_wconf 91' lang='lat' dir='ltr'><strong>victor,</strong></span> <span class='ocrx_word' id='word_1_112' title='bbox 919 1540 1276 1599; x_wconf 90' lang='lat' dir='ltr'><strong>Christianos</strong></span> <span class='ocrx_word' id='word_1_113' title='bbox 1304 1541 1400 1612; x_wconf 92' lang='lat' dir='ltr'><strong>qui</strong></span> <span class='ocrx_word' id='word_1_114' title='bbox 1429 1541 1505 1597; x_wconf 91' lang='lat' dir='ltr'><strong>ibi</strong></span> <span class='ocrx_word' id='word_1_115' title='bbox 1527 1543 1694 1596; x_wconf 90' lang='lat' dir='ltr'><strong>erant</strong></span> <span class='ocrx_word' id='word_1_116' title='bbox 1715 1536 1932 1610; x_wconf 86' lang='lat' dir='ltr'><strong>captivi</strong></span> 
     </span>
    </p>
   </div>
   <div class='ocr_carea' id='block_1_18' title="bbox 278 1625 1930 1698">
    <p class='ocr_par' dir='ltr' id='par_1_18' title="bbox 278 1625 1930 1698">
     <span class='ocr_line' id='line_1_18' title="bbox 278 1625 1930 1698; baseline 0 -18"><span class='ocrx_word' id='word_1_117' title='bbox 278 1625 545 1696; x_wconf 86' lang='lat' dir='ltr'><strong>reduxit,</strong></span> <span class='ocrx_word' id='word_1_118' title='bbox 563 1641 628 1683; x_wconf 93' lang='lat' dir='ltr'><strong>ac</strong></span> <span class='ocrx_word' id='word_1_119' title='bbox 653 1628 928 1686; x_wconf 80' lang='lat' dir='ltr'><strong>vexillum</strong></span> <span class='ocrx_word' id='word_1_120' title='bbox 943 1630 1251 1687; x_wconf 86' lang='lat' dir='ltr'><strong>Dominica</strong></span> <span class='ocrx_word' id='word_1_121' title='bbox 1265 1630 1456 1687; x_wconf 85' lang='lat' dir='ltr'><strong>crucis</strong></span> <span class='ocrx_word' id='word_1_122' title='bbox 1480 1626 1930 1698; x_wconf 83' lang='lat' dir='ltr'><strong>Hierosolymam</strong></span> 
     </span>
    </p>
   </div>
   <div class='ocr_carea' id='block_1_19' title="bbox 2054 467 3698 550">
    <p class='ocr_par' dir='ltr' id='par_1_19' title="bbox 2054 467 3698 550">
     <span class='ocr_line' id='line_1_19' title="bbox 2054 467 3698 550; baseline 0.012 -26"><span class='ocrx_word' id='word_1_123' title='bbox 2054 467 2520 540; x_wconf 90' lang='lat' dir='ltr'><strong>pradecessores</strong></span> <span class='ocrx_word' id='word_1_124' title='bbox 2542 470 2742 544; x_wconf 88' lang='lat' dir='ltr'><strong>ipsius,</strong></span> <span class='ocrx_word' id='word_1_125' title='bbox 2760 473 2831 529; x_wconf 90' lang='lat' dir='ltr'><strong>ab</strong></span> <span class='ocrx_word' id='word_1_126' title='bbox 2846 473 3175 544; x_wconf 87' lang='lat' dir='ltr'><strong>Apostolica</strong></span> <span class='ocrx_word' id='word_1_127' title='bbox 3200 479 3528 550; x_wconf 89' lang='lat' dir='ltr'><strong>sede,justa</strong></span> <span class='ocrx_word' id='word_1_128' title='bbox 3551 485 3698 544; x_wconf 85' lang='lat' dir='ltr'><strong>satis</strong></span> 
     </span>
    </p>
   </div>
   <div class='ocr_carea' id='block_1_20' title="bbox 2053 556 3696 633">
    <p class='ocr_par' dir='ltr' id='par_1_20' title="bbox 2053 556 3696 633">
     <span class='ocr_line' id='line_1_20' title="bbox 2053 556 3696 633; baseline 0.012 -21"><span class='ocrx_word' id='word_1_129' title='bbox 2053 556 2432 628; x_wconf 89' lang='lat' dir='ltr'><strong>dispositione</strong></span> <span class='ocrx_word' id='word_1_130' title='bbox 2465 560 2772 618; x_wconf 90' lang='lat' dir='ltr'><strong>damnatus</strong></span> <span class='ocrx_word' id='word_1_131' title='bbox 2802 567 2911 619; x_wconf 91' lang='lat' dir='ltr'><strong>est.</strong></span> <span class='ocrx_word' id='word_1_132' title='bbox 2948 563 3312 633; x_wconf 90' lang='lat' dir='ltr'><strong>Dagobertus</strong></span> <span class='ocrx_word' id='word_1_133' title='bbox 3344 569 3577 628; x_wconf 84' lang='lat' dir='ltr'><strong>Francis</strong></span> <span class='ocrx_word' id='word_1_134' title='bbox 3606 588 3696 630; x_wconf 89' lang='lat' dir='ltr'><strong>re-</strong></span> 
     </span>
    </p>
   </div>
   <div class='ocr_carea' id='block_1_21' title="bbox 2050 647 3304 720">
    <p class='ocr_par' dir='ltr' id='par_1_21' title="bbox 2050 647 3304 720">
     <span class='ocr_line' id='line_1_21' title="bbox 2050 647 3304 720; baseline 0.01 -21"><span class='ocrx_word' id='word_1_135' title='bbox 2050 651 2211 716; x_wconf 82' lang='lat' dir='ltr'><strong>gnat,</strong></span> <span class='ocrx_word' id='word_1_136' title='bbox 2249 647 2592 719; x_wconf 88' lang='lat' dir='ltr'><strong>Sygibertus</strong></span> <span class='ocrx_word' id='word_1_137' title='bbox 2625 648 2778 707; x_wconf 92' lang='lat' dir='ltr'><strong>ﬁlius</strong></span> <span class='ocrx_word' id='word_1_138' title='bbox 2808 650 2934 720; x_wconf 90' lang='lat' dir='ltr'><strong>ejus</strong></span> <span class='ocrx_word' id='word_1_139' title='bbox 2967 653 3304 712; x_wconf 88' lang='lat' dir='ltr'><strong>Austrasiis.</strong></span> 
     </span>
    </p>
   </div>
   <div class='ocr_carea' id='block_1_22' title="bbox 2131 735 3690 819">
    <p class='ocr_par' dir='ltr' id='par_1_22' title="bbox 2131 735 3690 819">
     <span class='ocr_line' id='line_1_22' title="bbox 2131 735 3690 819; baseline 0.012 -29"><span class='ocrx_word' id='word_1_140' title='bbox 2131 735 2274 808; x_wconf 82' lang='grc'><strong>[641]</strong></span> <span class='ocrx_word' id='word_1_141' title='bbox 2313 736 2727 796; x_wconf 87' lang='lat' dir='ltr'><strong>Constantinus</strong></span> <span class='ocrx_word' id='word_1_142' title='bbox 2767 738 2921 796; x_wconf 91' lang='lat' dir='ltr'><strong>ﬁlius</strong></span> <span class='ocrx_word' id='word_1_143' title='bbox 2956 741 3340 815; x_wconf 90' lang='lat' dir='ltr'><strong>Constantini,</strong></span> <span class='ocrx_word' id='word_1_144' title='bbox 3376 745 3690 819; x_wconf 78' lang='lat' dir='ltr'><strong>imperator</strong></span> 
     </span>
    </p>
   </div>
   <div class='ocr_carea' id='block_1_23' title="bbox 2052 823 3692 906">
    <p class='ocr_par' dir='ltr' id='par_1_23' title="bbox 2052 823 3692 906">
     <span class='ocr_line' id='line_1_23' title="bbox 2052 823 3692 906; baseline 0.012 -29"><span class='ocrx_word' id='word_1_145' title='bbox 2052 824 2216 880; x_wconf 92' lang='lat' dir='ltr'><strong>annis</strong></span> <span class='ocrx_word' id='word_1_146' title='bbox 2265 823 2468 895; x_wconf 84' lang='lat' dir='ltr'><strong>viginti</strong></span> <span class='ocrx_word' id='word_1_147' title='bbox 2518 831 2670 884; x_wconf 92' lang='lat' dir='ltr'><strong>octo.</strong></span> <span class='ocrx_word' id='word_1_148' title='bbox 2705 827 2808 885; x_wconf 91' lang='lat' dir='ltr'><strong>Hic</strong></span> <span class='ocrx_word' id='word_1_149' title='bbox 2861 829 3275 888; x_wconf 85' lang='lat' dir='ltr'><strong>Constantinus</strong></span> <span class='ocrx_word' id='word_1_150' title='bbox 3329 831 3613 906; x_wconf 90' lang='lat' dir='ltr'><strong>deceptus</strong></span> <span class='ocrx_word' id='word_1_151' title='bbox 3645 852 3692 896; x_wconf 87' lang='lat' dir='ltr'><strong>&#39;a</strong></span> 
     </span>
    </p>
   </div>
   <div class='ocr_carea' id='block_1_24' title="bbox 2049 912 3689 993">
    <p class='ocr_par' dir='ltr' id='par_1_24' title="bbox 2049 912 3689 993">
     <span class='ocr_line' id='line_1_24' title="bbox 2049 912 3689 993; baseline 0.01 -26"><span class='ocrx_word' id='word_1_152' title='bbox 2049 912 2230 968; x_wconf 90' lang='lat' dir='ltr'><strong>Paulo</strong></span> <span class='ocrx_word' id='word_1_153' title='bbox 2269 912 2419 970; x_wconf 90' lang='lat' dir='ltr'><strong>sicut</strong></span> <span class='ocrx_word' id='word_1_154' title='bbox 2453 914 2755 973; x_wconf 90' lang='lat' dir='ltr'><strong>Heraclius</strong></span> <span class='ocrx_word' id='word_1_155' title='bbox 2782 932 2924 974; x_wconf 91' lang='lat' dir='ltr'><strong>avus</strong></span> <span class='ocrx_word' id='word_1_156' title='bbox 2975 917 3100 987; x_wconf 89' lang='lat' dir='ltr'><strong>ejus</strong></span> <span class='ocrx_word' id='word_1_157' title='bbox 3131 933 3162 974; x_wconf 89' lang='lat' dir='ltr'><strong>a</strong></span> <span class='ocrx_word' id='word_1_158' title='bbox 3197 921 3398 978; x_wconf 89' lang='lat' dir='ltr'><strong>Servio</strong></span> <span class='ocrx_word' id='word_1_159' title='bbox 3430 923 3689 993; x_wconf 88' lang='lat' dir='ltr'><strong>ejusdem</strong></span> 
     </span>
    </p>
   </div>
   <div class='ocr_carea' id='block_1_25' title="bbox 2047 1000 3686 1078">
    <p class='ocr_par' dir='ltr' id='par_1_25' title="bbox 2047 1000 3686 1078">
     <span class='ocr_line' id='line_1_25' title="bbox 2047 1000 3686 1078; baseline 0.008 -21"><span class='ocrx_word' id='word_1_160' title='bbox 2047 1000 2306 1059; x_wconf 88' lang='lat' dir='ltr'><strong>civitatis</strong></span> <span class='ocrx_word' id='word_1_161' title='bbox 2334 1003 2607 1076; x_wconf 88' lang='lat' dir='ltr'><strong>episcopo</strong></span> <span class='ocrx_word' id='word_1_162' title='bbox 2621 1005 2890 1077; x_wconf 88' lang='lat' dir='ltr'><strong>exposuit</strong></span> <span class='ocrx_word' id='word_1_163' title='bbox 2917 1009 3116 1078; x_wconf 83' lang='lat' dir='ltr'><strong>typum</strong></span> <span class='ocrx_word' id='word_1_164' title='bbox 3142 1007 3426 1068; x_wconf 90' lang='lat' dir='ltr'><strong>adversus</strong></span> <span class='ocrx_word' id='word_1_165' title='bbox 3444 1013 3686 1070; x_wconf 86' lang='lat' dir='ltr'><strong>catholi-</strong></span> 
     </span>
    </p>
   </div>
   <div class='ocr_carea' id='block_1_26' title="bbox 2046 1090 3694 1174">
    <p class='ocr_par' dir='ltr' id='par_1_26' title="bbox 2046 1090 3694 1174">
     <span class='ocr_line' id='line_1_26' title="bbox 2046 1090 3694 1174; baseline 0.008 -28"><span class='ocrx_word' id='word_1_166' title='bbox 2046 1105 2170 1147; x_wconf 90' lang='lat' dir='ltr'><strong>cam</strong></span> <span class='ocrx_word' id='word_1_167' title='bbox 2205 1090 2374 1147; x_wconf 88' lang='lat' dir='ltr'><strong>ﬁdem</strong></span> <span class='ocrx_word' id='word_1_168' title='bbox 2409 1107 2514 1150; x_wconf 92' lang='lat' dir='ltr'><strong>nec</strong></span> <span class='ocrx_word' id='word_1_169' title='bbox 2550 1108 2718 1150; x_wconf 92' lang='lat' dir='ltr'><strong>unam</strong></span> <span class='ocrx_word' id='word_1_170' title='bbox 2749 1109 2852 1152; x_wconf 91' lang='lat' dir='ltr'><strong>nec</strong></span> <span class='ocrx_word' id='word_1_171' title='bbox 2885 1094 3031 1153; x_wconf 90' lang='lat' dir='ltr'><strong>duas</strong></span> <span class='ocrx_word' id='word_1_172' title='bbox 3051 1095 3408 1172; x_wconf 86' lang='lat' dir='ltr'><strong>voluntates,</strong></span> <span class='ocrx_word' id='word_1_173' title='bbox 3435 1106 3531 1158; x_wconf 92' lang='lat' dir='ltr'><strong>aut</strong></span> <span class='ocrx_word' id='word_1_174' title='bbox 3558 1118 3694 1174; x_wconf 90' lang='lat' dir='ltr'><strong>ope-</strong></span> 
     </span>
    </p>
   </div>
   <div class='ocr_carea' id='block_1_27' title="bbox 2047 1179 3685 1261">
    <p class='ocr_par' dir='ltr' id='par_1_27' title="bbox 2047 1179 3685 1261">
     <span class='ocr_line' id='line_1_27' title="bbox 2047 1179 3685 1261; baseline 0.009 -27"><span class='ocrx_word' id='word_1_175' title='bbox 2047 1179 2304 1236; x_wconf 90' lang='lat' dir='ltr'><strong>rationcs</strong></span> <span class='ocrx_word' id='word_1_176' title='bbox 2327 1180 2382 1236; x_wconf 92' lang='lat' dir='ltr'><strong>in</strong></span> <span class='ocrx_word' id='word_1_177' title='bbox 2406 1181 2633 1239; x_wconf 86' lang='lat' dir='ltr'><strong>Christo</strong></span> <span class='ocrx_word' id='word_1_178' title='bbox 2656 1182 2940 1242; x_wconf 88' lang='lat' dir='ltr'><strong>deﬁniens</strong></span> <span class='ocrx_word' id='word_1_179' title='bbox 2959 1199 3086 1241; x_wconf 91' lang='lat' dir='ltr'><strong>esse</strong></span> <span class='ocrx_word' id='word_1_180' title='bbox 3107 1185 3493 1261; x_wconf 90' lang='lat' dir='ltr'><strong>conﬁtendas,</strong></span> <span class='ocrx_word' id='word_1_181' title='bbox 3521 1193 3685 1261; x_wconf 87' lang='lat' dir='ltr'><strong>quasi</strong></span> 
     </span>
    </p>
   </div>
   <div class='ocr_carea' id='block_1_28' title="bbox 2047 1268 3690 1344">
    <p class='ocr_par' dir='ltr' id='par_1_28' title="bbox 2047 1268 3690 1344">
     <span class='ocr_line' id='line_1_28' title="bbox 2047 1268 3690 1344; baseline 0.01 -22"><span class='ocrx_word' id='word_1_182' title='bbox 2047 1268 2187 1324; x_wconf 89' lang='lat' dir='ltr'><strong>nihil</strong></span> <span class='ocrx_word' id='word_1_183' title='bbox 2219 1269 2370 1327; x_wconf 89' lang='lat' dir='ltr'><strong>velle</strong></span> <span class='ocrx_word' id='word_1_184' title='bbox 2403 1271 2487 1328; x_wconf 92' lang='lat' dir='ltr'><strong>rei</strong></span> <span class='ocrx_word' id='word_1_185' title='bbox 2519 1272 2748 1344; x_wconf 90' lang='lat' dir='ltr'><strong>operari</strong></span> <span class='ocrx_word' id='word_1_186' title='bbox 2771 1273 3102 1330; x_wconf 90' lang='lat' dir='ltr'><strong>credendus</strong></span> <span class='ocrx_word' id='word_1_187' title='bbox 3125 1274 3196 1332; x_wconf 92' lang='lat' dir='ltr'><strong>sit</strong></span> <span class='ocrx_word' id='word_1_188' title='bbox 3222 1275 3505 1335; x_wconf 89' lang='lat' dir='ltr'><strong>Christus.</strong></span> <span class='ocrx_word' id='word_1_189' title='bbox 3524 1280 3690 1338; x_wconf 90' lang='lat' dir='ltr'><strong>Unde</strong></span> 
     </span>
    </p>
   </div>
   <div class='ocr_carea' id='block_1_29' title="bbox 2044 1358 3689 1435">
    <p class='ocr_par' dir='ltr' id='par_1_29' title="bbox 2044 1358 3689 1435">
     <span class='ocr_line' id='line_1_29' title="bbox 2044 1358 3689 1435; baseline 0.009 -22"><span class='ocrx_word' id='word_1_190' title='bbox 2044 1358 2323 1417; x_wconf 83' lang='lat' dir='ltr'><strong>Martinus</strong></span> <span class='ocrx_word' id='word_1_191' title='bbox 2343 1366 2882 1432; x_wconf 87' lang='lat' dir='ltr'><strong>papa,congregata</strong></span> <span class='ocrx_word' id='word_1_192' title='bbox 2902 1363 3096 1420; x_wconf 87' lang='lat' dir='ltr'><strong>Roma</strong></span> <span class='ocrx_word' id='word_1_193' title='bbox 3118 1364 3338 1435; x_wconf 86' lang='lat' dir='ltr'><strong>synodo</strong></span> <span class='ocrx_word' id='word_1_194' title='bbox 3367 1371 3604 1425; x_wconf 91' lang='lat' dir='ltr'><strong>centum</strong></span> <span class='ocrx_word' id='word_1_195' title='bbox 3630 1374 3689 1427; x_wconf 92' lang='lat' dir='ltr'><strong>et</strong></span> 
     </span>
    </p>
   </div>
   <div class='ocr_carea' id='block_1_30' title="bbox 2045 1447 3691 1522">
    <p class='ocr_par' dir='ltr' id='par_1_30' title="bbox 2045 1447 3691 1522">
     <span class='ocr_line' id='line_1_30' title="bbox 2045 1447 3691 1522; baseline 0.007 -18"><span class='ocrx_word' id='word_1_196' title='bbox 2045 1447 2300 1519; x_wconf 92' lang='lat' dir='ltr'><strong>quinque</strong></span> <span class='ocrx_word' id='word_1_197' title='bbox 2349 1449 2774 1522; x_wconf 90' lang='lat' dir='ltr'><strong>episcoporum,</strong></span> <span class='ocrx_word' id='word_1_198' title='bbox 2809 1451 3101 1508; x_wconf 87' lang='lat' dir='ltr'><strong>damnavit</strong></span> <span class='ocrx_word' id='word_1_199' title='bbox 3153 1452 3260 1509; x_wconf 91' lang='lat' dir='ltr'><strong>sub</strong></span> <span class='ocrx_word' id='word_1_200' title='bbox 3311 1456 3691 1516; x_wconf 86' lang='lat' dir='ltr'><strong>anathemate</strong></span> 
     </span>
    </p>
   </div>
   <div class='ocr_carea' id='block_1_31' title="bbox 2046 1537 3690 1612">
    <p class='ocr_par' dir='ltr' id='par_1_31' title="bbox 2046 1537 3690 1612">
     <span class='ocr_line' id='line_1_31' title="bbox 2046 1537 3690 1612; baseline 0.007 -20"><span class='ocrx_word' id='word_1_201' title='bbox 2046 1537 2320 1608; x_wconf 85' lang='lat' dir='ltr'><strong>prafatos</strong></span> <span class='ocrx_word' id='word_1_202' title='bbox 2342 1539 2571 1610; x_wconf 89' lang='lat' dir='ltr'><strong>Cyrum,</strong></span> <span class='ocrx_word' id='word_1_203' title='bbox 2588 1539 2870 1610; x_wconf 89' lang='lat' dir='ltr'><strong>Sergium,</strong></span> <span class='ocrx_word' id='word_1_204' title='bbox 2897 1540 3202 1612; x_wconf 88' lang='lat' dir='ltr'><strong>Pyrrhum,</strong></span> <span class='ocrx_word' id='word_1_205' title='bbox 3229 1547 3287 1598; x_wconf 91' lang='lat' dir='ltr'><strong>et</strong></span> <span class='ocrx_word' id='word_1_206' title='bbox 3311 1542 3552 1601; x_wconf 91' lang='lat' dir='ltr'><strong>Paulum</strong></span> <span class='ocrx_word' id='word_1_207' title='bbox 3576 1547 3690 1604; x_wconf 88' lang='lat' dir='ltr'><strong>ha-</strong></span> 
     </span>
    </p>
   </div>
   <div class='ocr_carea' id='block_1_32' title="bbox 2045 1626 3690 1699">
    <p class='ocr_par' dir='ltr' id='par_1_32' title="bbox 2045 1626 3690 1699">
     <span class='ocr_line' id='line_1_32' title="bbox 2045 1626 3690 1699; baseline 0.007 -20"><span class='ocrx_word' id='word_1_208' title='bbox 2045 1626 2274 1682; x_wconf 90' lang='lat' dir='ltr'><strong>rcticos.</strong></span> <span class='ocrx_word' id='word_1_209' title='bbox 2303 1627 2435 1683; x_wconf 86' lang='lat' dir='ltr'><strong>Post</strong></span> <span class='ocrx_word' id='word_1_210' title='bbox 2461 1626 2582 1683; x_wconf 80' lang='lat' dir='ltr'><strong>hac</strong></span> <span class='ocrx_word' id='word_1_211' title='bbox 2607 1627 2814 1684; x_wconf 91' lang='lat' dir='ltr'><strong>missus</strong></span> <span class='ocrx_word' id='word_1_212' title='bbox 2839 1628 2908 1682; x_wconf 91' lang='lat' dir='ltr'><strong>ab</strong></span> <span class='ocrx_word' id='word_1_213' title='bbox 2933 1627 3284 1699; x_wconf 85' lang='lat' dir='ltr'><strong>imperatore</strong></span> <span class='ocrx_word' id='word_1_214' title='bbox 3311 1631 3690 1691; x_wconf 88' lang='lat' dir='ltr'><strong>Constantino</strong></span> 
     </span>
    </p>
   </div>
   <div class='ocr_carea' id='block_1_33' title="bbox 275 1714 3689 1792">
    <p class='ocr_par' dir='ltr' id='par_1_33' title="bbox 275 1714 3689 1792">
     <span class='ocr_line' id='line_1_33' title="bbox 275 1714 3689 1792; baseline 0.004 -26"><span class='ocrx_word' id='word_1_215' title='bbox 275 1714 656 1786; x_wconf 88' lang='lat' dir='ltr'><strong>triumphans</strong></span> <span class='ocrx_word' id='word_1_216' title='bbox 679 1718 1320 1790; x_wconf 86' lang='lat' dir='ltr'><strong>reportavit.Reliquia</strong></span> <span class='ocrx_word' id='word_1_217' title='bbox 1345 1734 1573 1789; x_wconf 89' lang='lat' dir='ltr'><strong>quoque</strong></span> <span class='ocrx_word' id='word_1_218' title='bbox 1598 1715 1752 1772; x_wconf 90' lang='lat' dir='ltr'><strong>beati</strong></span> <span class='ocrx_word' id='word_1_219' title='bbox 1787 1728 1933 1770; x_wconf 86' lang='lat' dir='ltr'><strong>mar-</strong></span> <span class='ocrx_word' id='word_1_220' title='bbox 1958 1733 2011 1792; x_wconf 81' lang='grc' dir='ltr'>Β</span> <span class='ocrx_word' id='word_1_221' title='bbox 2041 1714 2376 1772; x_wconf 89' lang='lat' dir='ltr'><strong>Theodorus</strong></span> <span class='ocrx_word' id='word_1_222' title='bbox 2405 1715 2902 1786; x_wconf 87' lang='lat' dir='ltr'><strong>hexarchus,tulit</strong></span> <span class='ocrx_word' id='word_1_223' title='bbox 2930 1717 3235 1774; x_wconf 87' lang='lat' dir='ltr'><strong>Martinum</strong></span> <span class='ocrx_word' id='word_1_224' title='bbox 3262 1734 3468 1792; x_wconf 89' lang='lat' dir='ltr'><strong>papam</strong></span> <span class='ocrx_word' id='word_1_225' title='bbox 3494 1722 3566 1777; x_wconf 93' lang='lat' dir='ltr'><strong>de</strong></span> <span class='ocrx_word' id='word_1_226' title='bbox 3589 1725 3689 1779; x_wconf 88' lang='lat' dir='ltr'><strong>Ee-</strong></span> 
     </span>
    </p>
   </div>
   <div class='ocr_carea' id='block_1_34' title="bbox 276 1803 1930 1878">
    <p class='ocr_par' dir='ltr' id='par_1_34' title="bbox 276 1803 1930 1878">
     <span class='ocr_line' id='line_1_34' title="bbox 276 1803 1930 1878; baseline 0.005 -25"><span class='ocrx_word' id='word_1_227' title='bbox 276 1803 430 1872; x_wconf 77' lang='lat' dir='ltr'><strong>tyris</strong></span> <span class='ocrx_word' id='word_1_228' title='bbox 445 1806 764 1876; x_wconf 79' lang='lat' dir='ltr'><strong>Anastasii,</strong></span> <span class='ocrx_word' id='word_1_229' title='bbox 783 1807 967 1878; x_wconf 91' lang='lat' dir='ltr'><strong>primo</strong></span> <span class='ocrx_word' id='word_1_230' title='bbox 983 1809 1052 1864; x_wconf 93' lang='lat' dir='ltr'><strong>ad</strong></span> <span class='ocrx_word' id='word_1_231' title='bbox 1078 1807 1488 1864; x_wconf 86' lang='lat' dir='ltr'><strong>monasterium</strong></span> <span class='ocrx_word' id='word_1_232' title='bbox 1515 1821 1701 1876; x_wconf 91' lang='lat' dir='ltr'><strong>suum,</strong></span> <span class='ocrx_word' id='word_1_233' title='bbox 1721 1804 1930 1861; x_wconf 90' lang='lat' dir='ltr'><strong>deinde</strong></span> 
     </span>
    </p>
   </div>
   <div class='ocr_carea' id='block_1_35' title="bbox 276 1891 1930 1965">
    <p class='ocr_par' dir='ltr' id='par_1_35' title="bbox 276 1891 1930 1965">
     <span class='ocr_line' id='line_1_35' title="bbox 276 1891 1930 1965; baseline 0.002 -20"><span class='ocrx_word' id='word_1_234' title='bbox 276 1891 526 1948; x_wconf 82' lang='lat' dir='ltr'><strong>Romam</strong></span> <span class='ocrx_word' id='word_1_235' title='bbox 579 1893 860 1965; x_wconf 86' lang='lat' dir='ltr'><strong>advecta,</strong></span> <span class='ocrx_word' id='word_1_236' title='bbox 894 1901 1250 1953; x_wconf 82' lang='lat' dir='ltr'><strong>venerantur</strong></span> <span class='ocrx_word' id='word_1_237' title='bbox 1282 1896 1338 1950; x_wconf 92' lang='lat' dir='ltr'><strong>in</strong></span> <span class='ocrx_word' id='word_1_238' title='bbox 1392 1893 1742 1950; x_wconf 91' lang='lat' dir='ltr'><strong>monasterio</strong></span> <span class='ocrx_word' id='word_1_239' title='bbox 1776 1893 1930 1950; x_wconf 87' lang='lat' dir='ltr'><strong>beati</strong></span> 
     </span>
    </p>
   </div>
   <div class='ocr_carea' id='block_1_36' title="bbox 273 1979 1931 2056">
    <p class='ocr_par' dir='ltr' id='par_1_36' title="bbox 273 1979 1931 2056">
     <span class='ocr_line' id='line_1_36' title="bbox 273 1979 1931 2056; baseline 0.003 -23"><span class='ocrx_word' id='word_1_240' title='bbox 273 1979 444 2035; x_wconf 89' lang='lat' dir='ltr'><strong>Pauli</strong></span> <span class='ocrx_word' id='word_1_241' title='bbox 491 1982 767 2053; x_wconf 89' lang='lat' dir='ltr'><strong>apostoli,</strong></span> <span class='ocrx_word' id='word_1_242' title='bbox 786 1985 938 2054; x_wconf 91' lang='lat' dir='ltr'><strong>quod</strong></span> <span class='ocrx_word' id='word_1_243' title='bbox 962 1985 1176 2042; x_wconf 89' lang='lat' dir='ltr'><strong>dicitur</strong></span> <span class='ocrx_word' id='word_1_244' title='bbox 1199 1984 1266 2040; x_wconf 90' lang='lat' dir='ltr'><strong>ad</strong></span> <span class='ocrx_word' id='word_1_245' title='bbox 1294 1986 1488 2056; x_wconf 88' lang='lat' dir='ltr'><strong>Aquas</strong></span> <span class='ocrx_word' id='word_1_246' title='bbox 1511 1983 1748 2040; x_wconf 89' lang='lat' dir='ltr'><strong>Salvias.</strong></span> <span class='ocrx_word' id='word_1_247' title='bbox 1769 1983 1931 2038; x_wconf 91' lang='lat' dir='ltr'><strong>Anno</strong></span> 
     </span>
    </p>
   </div>
   <div class='ocr_carea' id='block_1_37' title="bbox 273 2066 1932 2142">
    <p class='ocr_par' dir='ltr' id='par_1_37' title="bbox 273 2066 1932 2142">
     <span class='ocr_line' id='line_1_37' title="bbox 273 2066 1932 2142; baseline 0.004 -22"><span class='ocrx_word' id='word_1_248' title='bbox 273 2066 534 2124; x_wconf 86' lang='lat' dir='ltr'><strong>Heraclii</strong></span> <span class='ocrx_word' id='word_1_249' title='bbox 555 2069 1144 2142; x_wconf 91' lang='lat' dir='ltr'><strong>imperatorisoctavo</strong></span> <span class='ocrx_word' id='word_1_250' title='bbox 1158 2073 1401 2142; x_wconf 90' lang='lat' dir='ltr'><strong>decimo,</strong></span> <span class='ocrx_word' id='word_1_251' title='bbox 1430 2071 1744 2128; x_wconf 90' lang='lat' dir='ltr'><strong>indictione</strong></span> <span class='ocrx_word' id='word_1_252' title='bbox 1769 2070 1932 2142; x_wconf 91' lang='lat' dir='ltr'><strong>quin-</strong></span> 
     </span>
    </p>
   </div>
   <div class='ocr_carea' id='block_1_38' title="bbox 270 2156 1932 2230">
    <p class='ocr_par' dir='ltr' id='par_1_38' title="bbox 270 2156 1932 2230">
     <span class='ocr_line' id='line_1_38' title="bbox 270 2156 1932 2230; baseline 0.003 -21"><span class='ocrx_word' id='word_1_253' title='bbox 270 2156 645 2224; x_wconf 88' lang='lat' dir='ltr'><strong>ta,Eduinus</strong></span> <span class='ocrx_word' id='word_1_254' title='bbox 673 2160 1198 2220; x_wconf 81' lang='lat' dir='ltr'><strong>excellentissimus</strong></span> <span class='ocrx_word' id='word_1_255' title='bbox 1228 2177 1331 2218; x_wconf 91' lang='lat' dir='ltr'><strong>rex</strong></span> <span class='ocrx_word' id='word_1_256' title='bbox 1365 2159 1702 2230; x_wconf 79' lang='lat' dir='ltr'><strong>Anglorum,</strong></span> <span class='ocrx_word' id='word_1_257' title='bbox 1723 2159 1778 2216; x_wconf 90' lang='lat' dir='ltr'><strong>in</strong></span> <span class='ocrx_word' id='word_1_258' title='bbox 1812 2158 1932 2214; x_wconf 91' lang='lat' dir='ltr'><strong>Bri-</strong></span> 
     </span>
    </p>
   </div>
   <div class='ocr_carea' id='block_1_39' title="bbox 270 2244 1931 2320">
    <p class='ocr_par' dir='ltr' id='par_1_39' title="bbox 270 2244 1931 2320">
     <span class='ocr_line' id='line_1_39' title="bbox 270 2244 1931 2320; baseline 0.002 -22"><span class='ocrx_word' id='word_1_259' title='bbox 270 2244 480 2300; x_wconf 87' lang='lat' dir='ltr'><strong>tannia</strong></span> <span class='ocrx_word' id='word_1_260' title='bbox 513 2247 993 2307; x_wconf 87' lang='lat' dir='ltr'><strong>Transumbrana</strong></span> <span class='ocrx_word' id='word_1_261' title='bbox 1022 2251 1216 2319; x_wconf 83' lang='lat' dir='ltr'><strong>gentis</strong></span> <span class='ocrx_word' id='word_1_262' title='bbox 1244 2251 1314 2306; x_wconf 90' lang='lat' dir='ltr'><strong>ad</strong></span> <span class='ocrx_word' id='word_1_263' title='bbox 1339 2248 1688 2320; x_wconf 91' lang='lat' dir='ltr'><strong>aquilonem,</strong></span> <span class='ocrx_word' id='word_1_264' title='bbox 1724 2245 1931 2319; x_wconf 87' lang='lat' dir='ltr'><strong>pradi-</strong></span> 
     </span>
    </p>
   </div>
   <div class='ocr_carea' id='block_1_40' title="bbox 268 2334 1930 2410">
    <p class='ocr_par' dir='ltr' id='par_1_40' title="bbox 268 2334 1930 2410">
     <span class='ocr_line' id='line_1_40' title="bbox 268 2334 1930 2410; baseline 0.002 -23"><span class='ocrx_word' id='word_1_265' title='bbox 268 2337 450 2388; x_wconf 87' lang='lat' dir='ltr'><strong>cante</strong></span> <span class='ocrx_word' id='word_1_266' title='bbox 468 2334 711 2392; x_wconf 91' lang='lat' dir='ltr'><strong>Paulino</strong></span> <span class='ocrx_word' id='word_1_267' title='bbox 726 2337 1194 2410; x_wconf 90' lang='lat' dir='ltr'><strong>episc0po,quem</strong></span> <span class='ocrx_word' id='word_1_268' title='bbox 1210 2339 1444 2396; x_wconf 89' lang='lat' dir='ltr'><strong>miserat</strong></span> <span class='ocrx_word' id='word_1_269' title='bbox 1460 2340 1530 2395; x_wconf 88' lang='lat' dir='ltr'><strong>de</strong></span> <span class='ocrx_word' id='word_1_270' title='bbox 1547 2338 1744 2394; x_wconf 89' lang='lat' dir='ltr'><strong>Cantia</strong></span> <span class='ocrx_word' id='word_1_271' title='bbox 1759 2349 1930 2393; x_wconf 91' lang='lat' dir='ltr'><strong>vene-</strong></span> 
     </span>
    </p>
   </div>
   <div class='ocr_carea' id='block_1_41' title="bbox 270 2421 1926 2498">
    <p class='ocr_par' dir='ltr' id='par_1_41' title="bbox 270 2421 1926 2498">
     <span class='ocr_line' id='line_1_41' title="bbox 270 2421 1926 2498; baseline 0.002 -23"><span class='ocrx_word' id='word_1_272' title='bbox 270 2421 487 2479; x_wconf 87' lang='lat' dir='ltr'><strong>rabilis</strong></span> <span class='ocrx_word' id='word_1_273' title='bbox 517 2425 992 2497; x_wconf 88' lang='lat' dir='ltr'><strong>archiepiscopus</strong></span> <span class='ocrx_word' id='word_1_274' title='bbox 1019 2429 1241 2498; x_wconf 78' lang='lat' dir='ltr'><strong>Justus,</strong></span> <span class='ocrx_word' id='word_1_275' title='bbox 1278 2428 1520 2484; x_wconf 90' lang='lat' dir='ltr'><strong>verbum</strong></span> <span class='ocrx_word' id='word_1_276' title='bbox 1560 2426 1768 2483; x_wconf 91' lang='lat' dir='ltr'><strong>salutis</strong></span> <span class='ocrx_word' id='word_1_277' title='bbox 1796 2439 1926 2482; x_wconf 93' lang='lat' dir='ltr'><strong>cum</strong></span> 
     </span>
    </p>
   </div>
   <div class='ocr_carea' id='block_1_42' title="bbox 268 2514 1930 2586">
    <p class='ocr_par' dir='ltr' id='par_1_42' title="bbox 268 2514 1930 2586">
     <span class='ocr_line' id='line_1_42' title="bbox 268 2514 1930 2586; baseline 0.003 -22"><span class='ocrx_word' id='word_1_278' title='bbox 268 2523 380 2565; x_wconf 89' lang='lat' dir='ltr'><strong>sua</strong></span> <span class='ocrx_word' id='word_1_279' title='bbox 405 2516 586 2580; x_wconf 87' lang='lat' dir='ltr'><strong>gente</strong></span> <span class='ocrx_word' id='word_1_280' title='bbox 608 2515 864 2586; x_wconf 89' lang='lat' dir='ltr'><strong>suscepit</strong></span> <span class='ocrx_word' id='word_1_281' title='bbox 889 2529 1036 2572; x_wconf 91' lang='lat' dir='ltr'><strong>anno</strong></span> <span class='ocrx_word' id='word_1_282' title='bbox 1058 2516 1221 2585; x_wconf 90' lang='lat' dir='ltr'><strong>regni</strong></span> <span class='ocrx_word' id='word_1_283' title='bbox 1248 2516 1333 2573; x_wconf 91' lang='lat' dir='ltr'><strong>sui</strong></span> <span class='ocrx_word' id='word_1_284' title='bbox 1361 2516 1694 2582; x_wconf 87' lang='lat' dir='ltr'><strong>undecimo;</strong></span> <span class='ocrx_word' id='word_1_285' title='bbox 1719 2514 1930 2571; x_wconf 89' lang='lat' dir='ltr'><strong>adven-</strong></span> 
     </span>
    </p>
   </div>
   <div class='ocr_carea' id='block_1_43' title="bbox 267 2602 1928 2677">
    <p class='ocr_par' dir='ltr' id='par_1_43' title="bbox 267 2602 1928 2677">
     <span class='ocr_line' id='line_1_43' title="bbox 267 2602 1928 2677; baseline 0.004 -25"><span class='ocrx_word' id='word_1_286' title='bbox 267 2602 376 2653; x_wconf 82' lang='lat' dir='ltr'><strong>tus</strong></span> <span class='ocrx_word' id='word_1_287' title='bbox 399 2604 598 2656; x_wconf 88' lang='lat' dir='ltr'><strong>autem</strong></span> <span class='ocrx_word' id='word_1_288' title='bbox 618 2602 933 2673; x_wconf 85' lang='lat' dir='ltr'><strong>Anglorum</strong></span> <span class='ocrx_word' id='word_1_289' title='bbox 958 2604 1011 2659; x_wconf 90' lang='lat' dir='ltr'><strong>in</strong></span> <span class='ocrx_word' id='word_1_290' title='bbox 1038 2604 1390 2660; x_wconf 89' lang='lat' dir='ltr'><strong>Britanniam</strong></span> <span class='ocrx_word' id='word_1_291' title='bbox 1417 2604 1548 2677; x_wconf 89' lang='lat' dir='ltr'><strong>plus</strong></span> <span class='ocrx_word' id='word_1_292' title='bbox 1571 2605 1759 2661; x_wconf 89' lang='lat' dir='ltr'><strong>minus</strong></span> <span class='ocrx_word' id='word_1_293' title='bbox 1780 2617 1928 2660; x_wconf 90' lang='lat' dir='ltr'><strong>anno</strong></span> 
     </span>
    </p>
   </div>
   <div class='ocr_carea' id='block_1_44' title="bbox 267 2687 1928 2764">
    <p class='ocr_par' dir='ltr' id='par_1_44' title="bbox 267 2687 1928 2764">
     <span class='ocr_line' id='line_1_44' title="bbox 267 2687 1928 2764; baseline 0.005 -22"><span class='ocrx_word' id='word_1_294' title='bbox 267 2687 603 2746; x_wconf 87' lang='lat' dir='ltr'><strong>centesimo</strong></span> <span class='ocrx_word' id='word_1_295' title='bbox 624 2692 995 2762; x_wconf 89' lang='lat' dir='ltr'><strong>octogesimo.</strong></span> <span class='ocrx_word' id='word_1_296' title='bbox 1014 2693 1192 2764; x_wconf 89' lang='lat' dir='ltr'><strong>Eique</strong></span> <span class='ocrx_word' id='word_1_297' title='bbox 1217 2693 1460 2749; x_wconf 91' lang='lat' dir='ltr'><strong>Paulino</strong></span> <span class='ocrx_word' id='word_1_298' title='bbox 1485 2693 1681 2750; x_wconf 91' lang='lat' dir='ltr'><strong>sedem</strong></span> <span class='ocrx_word' id='word_1_299' title='bbox 1707 2693 1928 2764; x_wconf 90' lang='lat' dir='ltr'><strong>episco-</strong></span> 
     </span>
    </p>
   </div>
   <div class='ocr_carea' id='block_1_45' title="bbox 271 2777 1928 2854">
    <p class='ocr_par' dir='ltr' id='par_1_45' title="bbox 271 2777 1928 2854">
     <span class='ocr_line' id='line_1_45' title="bbox 271 2777 1928 2854; baseline 0.004 -24"><span class='ocrx_word' id='word_1_300' title='bbox 271 2790 399 2846; x_wconf 88' lang='lat' dir='ltr'><strong>pus</strong></span> <span class='ocrx_word' id='word_1_301' title='bbox 418 2777 656 2836; x_wconf 87' lang='lat' dir='ltr'><strong>Eboraci</strong></span> <span class='ocrx_word' id='word_1_302' title='bbox 679 2779 863 2836; x_wconf 88' lang='lat' dir='ltr'><strong>dedit.</strong></span> <span class='ocrx_word' id='word_1_303' title='bbox 882 2783 1234 2854; x_wconf 90' lang='lat' dir='ltr'><strong>Eotempore</strong></span> <span class='ocrx_word' id='word_1_304' title='bbox 1249 2783 1401 2853; x_wconf 90' lang='lat' dir='ltr'><strong>apud</strong></span> <span class='ocrx_word' id='word_1_305' title='bbox 1427 2783 1629 2838; x_wconf 90' lang='lat' dir='ltr'><strong>Scotos</strong></span> <span class='ocrx_word' id='word_1_306' title='bbox 1651 2781 1706 2836; x_wconf 89' lang='lat' dir='ltr'><strong>in</strong></span> <span class='ocrx_word' id='word_1_307' title='bbox 1730 2783 1928 2838; x_wconf 90' lang='lat' dir='ltr'><strong>obser-</strong></span> 
     </span>
    </p>
   </div>
   <div class='ocr_carea' id='block_1_46' title="bbox 271 2864 1927 2942">
    <p class='ocr_par' dir='ltr' id='par_1_46' title="bbox 271 2864 1927 2942">
     <span class='ocr_line' id='line_1_46' title="bbox 271 2864 1927 2942; baseline 0.004 -25"><span class='ocrx_word' id='word_1_308' title='bbox 271 2864 523 2921; x_wconf 89' lang='lat' dir='ltr'><strong>vatione</strong></span> <span class='ocrx_word' id='word_1_309' title='bbox 553 2871 770 2937; x_wconf 89' lang='lat' dir='ltr'><strong>quarta</strong></span> <span class='ocrx_word' id='word_1_310' title='bbox 803 2868 1041 2928; x_wconf 90' lang='lat' dir='ltr'><strong>decima</strong></span> <span class='ocrx_word' id='word_1_311' title='bbox 1074 2870 1225 2927; x_wconf 91' lang='lat' dir='ltr'><strong>luna</strong></span> <span class='ocrx_word' id='word_1_312' title='bbox 1249 2870 1539 2942; x_wconf 88' lang='lat' dir='ltr'><strong>paschalis</strong></span> <span class='ocrx_word' id='word_1_313' title='bbox 1560 2884 1728 2926; x_wconf 92' lang='lat' dir='ltr'><strong>error</strong></span> <span class='ocrx_word' id='word_1_314' title='bbox 1751 2869 1927 2925; x_wconf 87' lang='lat' dir='ltr'><strong>maxi-</strong></span> 
     </span>
    </p>
   </div>
   <div class='ocr_carea' id='block_1_47' title="bbox 273 2957 1922 3030">
    <p class='ocr_par' dir='ltr' id='par_1_47' title="bbox 273 2957 1922 3030">
     <span class='ocr_line' id='line_1_47' title="bbox 273 2957 1922 3030; baseline 0.004 -24"><span class='ocrx_word' id='word_1_315' title='bbox 273 2967 415 3010; x_wconf 87' lang='lat' dir='ltr'><strong>mus</strong></span> <span class='ocrx_word' id='word_1_316' title='bbox 446 2959 683 3014; x_wconf 89' lang='lat' dir='ltr'><strong>exortus</strong></span> <span class='ocrx_word' id='word_1_317' title='bbox 711 2961 798 3014; x_wconf 91' lang='lat' dir='ltr'><strong>cst</strong></span> <span class='ocrx_word' id='word_1_318' title='bbox 836 2977 849 3012; x_wconf 92' lang='lat'>:</span> <span class='ocrx_word' id='word_1_319' title='bbox 885 2973 1128 3029; x_wconf 91' lang='lat' dir='ltr'><strong>quorum</strong></span> <span class='ocrx_word' id='word_1_320' title='bbox 1162 2974 1423 3016; x_wconf 91' lang='lat' dir='ltr'><strong>errorem</strong></span> <span class='ocrx_word' id='word_1_321' title='bbox 1459 2957 1746 3014; x_wconf 84' lang='lat' dir='ltr'><strong>Honorius</strong></span> <span class='ocrx_word' id='word_1_322' title='bbox 1778 2971 1922 3030; x_wconf 92' lang='lat' dir='ltr'><strong>papa</strong></span> 
     </span>
    </p>
   </div>
   <div class='ocr_carea' id='block_1_48' title="bbox 275 3041 1920 3117">
    <p class='ocr_par' dir='ltr' id='par_1_48' title="bbox 275 3041 1920 3117">
     <span class='ocr_line' id='line_1_48' title="bbox 275 3041 1920 3117; baseline 0.002 -21"><span class='ocrx_word' id='word_1_323' title='bbox 275 3054 388 3112; x_wconf 89' lang='lat' dir='ltr'><strong>per</strong></span> <span class='ocrx_word' id='word_1_324' title='bbox 418 3041 724 3113; x_wconf 89' lang='lat' dir='ltr'><strong>epistolam</strong></span> <span class='ocrx_word' id='word_1_325' title='bbox 748 3060 908 3103; x_wconf 90' lang='lat' dir='ltr'><strong>suam</strong></span> <span class='ocrx_word' id='word_1_326' title='bbox 941 3047 1262 3117; x_wconf 86' lang='lat' dir='ltr'><strong>redarguit.</strong></span> <span class='ocrx_word' id='word_1_327' title='bbox 1301 3047 1407 3103; x_wconf 90' lang='lat' dir='ltr'><strong>Sed</strong></span> <span class='ocrx_word' id='word_1_328' title='bbox 1441 3050 1498 3102; x_wconf 91' lang='lat' dir='ltr'><strong>et</strong></span> <span class='ocrx_word' id='word_1_329' title='bbox 1528 3048 1796 3116; x_wconf 89' lang='lat' dir='ltr'><strong>Joannes,</strong></span> <span class='ocrx_word' id='word_1_330' title='bbox 1823 3044 1920 3117; x_wconf 91' lang='lat' dir='ltr'><strong>qui</strong></span> 
     </span>
    </p>
   </div>
   <div class='ocr_carea' id='block_1_49' title="bbox 274 3134 1918 3207">
    <p class='ocr_par' dir='ltr' id='par_1_49' title="bbox 274 3134 1918 3207">
     <span class='ocr_line' id='line_1_49' title="bbox 274 3134 1918 3207; baseline 0.004 -23"><span class='ocrx_word' id='word_1_331' title='bbox 274 3134 606 3190; x_wconf 86' lang='lat' dir='ltr'><strong>successori</strong></span> <span class='ocrx_word' id='word_1_332' title='bbox 637 3134 762 3204; x_wconf 87' lang='lat' dir='ltr'><strong>ejus</strong></span> <span class='ocrx_word' id='word_1_333' title='bbox 811 3135 1084 3191; x_wconf 90' lang='lat' dir='ltr'><strong>Severino</strong></span> <span class='ocrx_word' id='word_1_334' title='bbox 1117 3135 1172 3191; x_wconf 89' lang='lat' dir='ltr'><strong>in</strong></span> <span class='ocrx_word' id='word_1_335' title='bbox 1223 3135 1564 3207; x_wconf 88' lang='lat' dir='ltr'><strong>pontiﬁcatu</strong></span> <span class='ocrx_word' id='word_1_336' title='bbox 1616 3134 1918 3205; x_wconf 87' lang='lat' dir='ltr'><strong>successit,</strong></span> 
     </span>
    </p>
   </div>
   <div class='ocr_carea' id='block_1_50' title="bbox 273 3219 1922 3295">
    <p class='ocr_par' dir='ltr' id='par_1_50' title="bbox 273 3219 1922 3295">
     <span class='ocr_line' id='line_1_50' title="bbox 273 3219 1922 3295; baseline 0.005 -23"><span class='ocrx_word' id='word_1_337' title='bbox 273 3233 411 3274; x_wconf 90' lang='lat' dir='ltr'><strong>cum</strong></span> <span class='ocrx_word' id='word_1_338' title='bbox 436 3219 624 3278; x_wconf 90' lang='lat' dir='ltr'><strong>adhuc</strong></span> <span class='ocrx_word' id='word_1_339' title='bbox 645 3223 870 3280; x_wconf 90' lang='lat' dir='ltr'><strong>electus</strong></span> <span class='ocrx_word' id='word_1_340' title='bbox 891 3224 944 3279; x_wconf 92' lang='lat' dir='ltr'><strong>in</strong></span> <span class='ocrx_word' id='word_1_341' title='bbox 971 3222 1334 3295; x_wconf 76' lang='lat' dir='ltr'><strong>pontificatu,</strong></span> <span class='ocrx_word' id='word_1_342' title='bbox 1361 3239 1465 3294; x_wconf 92' lang='lat' dir='ltr'><strong>pro</strong></span> <span class='ocrx_word' id='word_1_343' title='bbox 1495 3223 1698 3280; x_wconf 91' lang='lat' dir='ltr'><strong>eodem</strong></span> <span class='ocrx_word' id='word_1_344' title='bbox 1720 3238 1922 3280; x_wconf 90' lang='lat' dir='ltr'><strong>errore</strong></span> 
     </span>
    </p>
   </div>
   <div class='ocr_carea' id='block_1_51' title="bbox 280 3309 1925 3384">
    <p class='ocr_par' dir='ltr' id='par_1_51' title="bbox 280 3309 1925 3384">
     <span class='ocr_line' id='line_1_51' title="bbox 280 3309 1925 3384; baseline 0.005 -23"><span class='ocrx_word' id='word_1_345' title='bbox 280 3311 514 3376; x_wconf 85' lang='lat' dir='ltr'><strong>quarta</strong></span> <span class='ocrx_word' id='word_1_346' title='bbox 545 3309 782 3369; x_wconf 87' lang='lat' dir='ltr'><strong>decima</strong></span> <span class='ocrx_word' id='word_1_347' title='bbox 814 3311 985 3384; x_wconf 89' lang='lat' dir='ltr'><strong>luna,</strong></span> <span class='ocrx_word' id='word_1_348' title='bbox 1019 3313 1190 3370; x_wconf 91' lang='lat' dir='ltr'><strong>simul</strong></span> <span class='ocrx_word' id='word_1_349' title='bbox 1223 3317 1280 3368; x_wconf 92' lang='lat' dir='ltr'><strong>et</strong></span> <span class='ocrx_word' id='word_1_350' title='bbox 1333 3327 1438 3384; x_wconf 91' lang='lat' dir='ltr'><strong>pro</strong></span> <span class='ocrx_word' id='word_1_351' title='bbox 1470 3311 1778 3383; x_wconf 85' lang='lat' dir='ltr'><strong>Pelagiana</strong></span> <span class='ocrx_word' id='word_1_352' title='bbox 1811 3311 1925 3370; x_wconf 88' lang='lat' dir='ltr'><strong>ha-</strong></span> 
     </span>
    </p>
   </div>
   <div class='ocr_carea' id='block_1_52' title="bbox 279 3395 1694 3472">
    <p class='ocr_par' dir='ltr' id='par_1_52' title="bbox 279 3395 1694 3472">
     <span class='ocr_line' id='line_1_52' title="bbox 279 3395 1694 3472; baseline 0.006 -23"><span class='ocrx_word' id='word_1_353' title='bbox 279 3395 421 3463; x_wconf 87' lang='lat' dir='ltr'><strong>resi,</strong></span> <span class='ocrx_word' id='word_1_354' title='bbox 457 3412 586 3467; x_wconf 86' lang='lat' dir='ltr'><strong>qua</strong></span> <span class='ocrx_word' id='word_1_355' title='bbox 618 3400 770 3470; x_wconf 90' lang='lat' dir='ltr'><strong>apud</strong></span> <span class='ocrx_word' id='word_1_356' title='bbox 801 3414 901 3456; x_wconf 90' lang='lat' dir='ltr'><strong>eos</strong></span> <span class='ocrx_word' id='word_1_357' title='bbox 931 3401 1404 3472; x_wconf 89' lang='lat' dir='ltr'><strong>recrudescebat,</strong></span> <span class='ocrx_word' id='word_1_358' title='bbox 1439 3401 1694 3472; x_wconf 88' lang='lat' dir='ltr'><strong>scripsit.</strong></span> 
     </span>
    </p>
   </div>
   <div class='ocr_carea' id='block_1_53' title="bbox 355 3485 1926 3562">
    <p class='ocr_par' dir='ltr' id='par_1_53' title="bbox 355 3485 1926 3562">
     <span class='ocr_line' id='line_1_53' title="bbox 355 3485 1926 3562; baseline 0.006 -22"><span class='ocrx_word' id='word_1_359' title='bbox 355 3485 502 3557; x_wconf 84' lang='lat'><strong>[639]</strong></span> <span class='ocrx_word' id='word_1_360' title='bbox 540 3486 924 3546; x_wconf 89' lang='lat' dir='ltr'><strong>Heracleonas</strong></span> <span class='ocrx_word' id='word_1_361' title='bbox 952 3505 1081 3546; x_wconf 92' lang='lat' dir='ltr'><strong>cum</strong></span> <span class='ocrx_word' id='word_1_362' title='bbox 1115 3495 1301 3547; x_wconf 90' lang='lat' dir='ltr'><strong>matre</strong></span> <span class='ocrx_word' id='word_1_363' title='bbox 1333 3504 1436 3546; x_wconf 91' lang='lat' dir='ltr'><strong>sua</strong></span> <span class='ocrx_word' id='word_1_364' title='bbox 1469 3490 1732 3562; x_wconf 83' lang='lat' dir='ltr'><strong>Martina,</strong></span> <span class='ocrx_word' id='word_1_365' title='bbox 1759 3491 1926 3549; x_wconf 87' lang='lat' dir='ltr'><strong>annis</strong></span> 
     </span>
    </p>
   </div>
   <div class='ocr_carea' id='block_1_54' title="bbox 279 3573 1925 3650">
    <p class='ocr_par' dir='ltr' id='par_1_54' title="bbox 279 3573 1925 3650">
     <span class='ocr_line' id='line_1_54' title="bbox 279 3573 1925 3650; baseline 0.005 -22"><span class='ocrx_word' id='word_1_366' title='bbox 279 3573 492 3631; x_wconf 87' lang='lat' dir='ltr'><strong>tribus.</strong></span> <span class='ocrx_word' id='word_1_367' title='bbox 510 3576 692 3647; x_wconf 90' lang='lat' dir='ltr'><strong>Cyrus</strong></span> <span class='ocrx_word' id='word_1_368' title='bbox 714 3576 1081 3634; x_wconf 87' lang='lat' dir='ltr'><strong>Alexandria</strong></span> <span class='ocrx_word' id='word_1_369' title='bbox 1103 3577 1432 3650; x_wconf 91' lang='lat' dir='ltr'><strong>episcopus,</strong></span> <span class='ocrx_word' id='word_1_370' title='bbox 1451 3577 1686 3649; x_wconf 80' lang='lat' dir='ltr'><strong>Sergius</strong></span> <span class='ocrx_word' id='word_1_371' title='bbox 1705 3582 1762 3636; x_wconf 91' lang='lat' dir='ltr'><strong>et</strong></span> <span class='ocrx_word' id='word_1_372' title='bbox 1787 3581 1925 3650; x_wconf 86' lang='lat' dir='ltr'><strong>Pyr-</strong></span> 
     </span>
    </p>
   </div>
   <div class='ocr_carea' id='block_1_55' title="bbox 281 3654 1923 3739">
    <p class='ocr_par' dir='ltr' id='par_1_55' title="bbox 281 3654 1923 3739">
     <span class='ocr_line' id='line_1_55' title="bbox 281 3654 1923 3739; baseline 0.004 -21"><span class='ocrx_word' id='word_1_373' title='bbox 281 3660 426 3719; x_wconf 87' lang='lat' dir='ltr'><strong>rhus</strong></span> <span class='ocrx_word' id='word_1_374' title='bbox 456 3654 632 3734; x_wconf 85' lang='lat' dir='ltr'><strong>regia</strong></span> <span class='ocrx_word' id='word_1_375' title='bbox 674 3665 836 3723; x_wconf 88' lang='lat' dir='ltr'><strong>urbis</strong></span> <span class='ocrx_word' id='word_1_376' title='bbox 883 3666 1160 3739; x_wconf 89' lang='lat' dir='ltr'><strong>episcopi,</strong></span> <span class='ocrx_word' id='word_1_377' title='bbox 1194 3666 1617 3739; x_wconf 89' lang='lat' dir='ltr'><strong>Acepbalorum</strong></span> <span class='ocrx_word' id='word_1_378' title='bbox 1657 3665 1923 3725; x_wconf 89' lang='lat' dir='ltr'><strong>haresim</strong></span> 
     </span>
    </p>
   </div>
   <div class='ocr_carea' id='block_1_56' title="bbox 282 3749 1925 3827">
    <p class='ocr_par' dir='ltr' id='par_1_56' title="bbox 282 3749 1925 3827">
     <span class='ocr_line' id='line_1_56' title="bbox 282 3749 1925 3827; baseline 0.005 -23"><span class='ocrx_word' id='word_1_379' title='bbox 282 3749 700 3825; x_wconf 87' lang='lat' dir='ltr'><strong>instaurantes,</strong></span> <span class='ocrx_word' id='word_1_380' title='bbox 737 3770 907 3812; x_wconf 89' lang='lat' dir='ltr'><strong>unam</strong></span> <span class='ocrx_word' id='word_1_381' title='bbox 939 3755 1338 3827; x_wconf 84' lang='lat' dir='ltr'><strong>Operationem</strong></span> <span class='ocrx_word' id='word_1_382' title='bbox 1371 3755 1425 3810; x_wconf 91' lang='lat' dir='ltr'><strong>in</strong></span> <span class='ocrx_word' id='word_1_383' title='bbox 1461 3756 1689 3813; x_wconf 88' lang='lat' dir='ltr'><strong>Christo</strong></span> <span class='ocrx_word' id='word_1_384' title='bbox 1720 3755 1925 3812; x_wconf 90' lang='lat' dir='ltr'><strong>divini-</strong></span> 
     </span>
    </p>
   </div>
   <div class='ocr_carea' id='block_1_57' title="bbox 281 3840 1927 3916">
    <p class='ocr_par' dir='ltr' id='par_1_57' title="bbox 281 3840 1927 3916">
     <span class='ocr_line' id='line_1_57' title="bbox 281 3840 1927 3916; baseline 0.005 -23"><span class='ocrx_word' id='word_1_385' title='bbox 281 3840 427 3897; x_wconf 87' lang='lat' dir='ltr'><strong>tatis</strong></span> <span class='ocrx_word' id='word_1_386' title='bbox 455 3845 513 3897; x_wconf 91' lang='lat' dir='ltr'><strong>et</strong></span> <span class='ocrx_word' id='word_1_387' title='bbox 547 3843 945 3915; x_wconf 88' lang='lat' dir='ltr'><strong>humanitatis,</strong></span> <span class='ocrx_word' id='word_1_388' title='bbox 971 3859 1139 3902; x_wconf 89' lang='lat' dir='ltr'><strong>unam</strong></span> <span class='ocrx_word' id='word_1_389' title='bbox 1172 3844 1774 3916; x_wconf 89' lang='lat' dir='ltr'><strong>quoquevoluntatem</strong></span> <span class='ocrx_word' id='word_1_390' title='bbox 1790 3844 1927 3916; x_wconf 88' lang='lat' dir='ltr'><strong>dog-</strong></span> 
     </span>
    </p>
   </div>
   <div class='ocr_carea' id='block_1_58' title="bbox 284 3928 1925 4005">
    <p class='ocr_par' dir='ltr' id='par_1_58' title="bbox 284 3928 1925 4005">
     <span class='ocr_line' id='line_1_58' title="bbox 284 3928 1925 4005; baseline 0.004 -21"><span class='ocrx_word' id='word_1_391' title='bbox 284 3928 663 3988; x_wconf 87' lang='lat' dir='ltr'><strong>matizabant.</strong></span> <span class='ocrx_word' id='word_1_392' title='bbox 709 3933 751 3988; x_wconf 90' lang='lat' dir='ltr'><strong>E</strong></span> <span class='ocrx_word' id='word_1_393' title='bbox 782 3932 995 4003; x_wconf 88' lang='lat' dir='ltr'><strong>quibus</strong></span> <span class='ocrx_word' id='word_1_394' title='bbox 1022 3933 1281 4005; x_wconf 91' lang='lat' dir='ltr'><strong>Pyrrhus</strong></span> <span class='ocrx_word' id='word_1_395' title='bbox 1308 3933 1417 3991; x_wconf 91' lang='lat' dir='ltr'><strong>sub</strong></span> <span class='ocrx_word' id='word_1_396' title='bbox 1447 3931 1744 3989; x_wconf 90' lang='lat' dir='ltr'><strong>Theodoro</strong></span> <span class='ocrx_word' id='word_1_397' title='bbox 1779 3947 1925 4004; x_wconf 88' lang='lat' dir='ltr'><strong>papa</strong></span> 
     </span>
    </p>
   </div>
   <div class='ocr_carea' id='block_1_59' title="bbox 284 4015 1922 4093">
    <p class='ocr_par' dir='ltr' id='par_1_59' title="bbox 284 4015 1922 4093">
     <span class='ocr_line' id='line_1_59' title="bbox 284 4015 1922 4093; baseline 0.003 -22"><span class='ocrx_word' id='word_1_398' title='bbox 284 4015 520 4073; x_wconf 85' lang='lat' dir='ltr'><strong>Romam</strong></span> <span class='ocrx_word' id='word_1_399' title='bbox 552 4019 795 4078; x_wconf 88' lang='lat' dir='ltr'><strong>veniens</strong></span> <span class='ocrx_word' id='word_1_400' title='bbox 822 4034 895 4077; x_wconf 88' lang='lat' dir='ltr'><strong>ex</strong></span> <span class='ocrx_word' id='word_1_401' title='bbox 924 4019 1138 4092; x_wconf 86' lang='lat' dir='ltr'><strong>Africa,</strong></span> <span class='ocrx_word' id='word_1_402' title='bbox 1173 4021 1328 4092; x_wconf 91' lang='lat' dir='ltr'><strong>ﬁcta,</strong></span> <span class='ocrx_word' id='word_1_403' title='bbox 1363 4025 1424 4078; x_wconf 91' lang='lat' dir='ltr'><strong>ut</strong></span> <span class='ocrx_word' id='word_1_404' title='bbox 1469 4024 1596 4093; x_wconf 90' lang='lat' dir='ltr'><strong>post</strong></span> <span class='ocrx_word' id='word_1_405' title='bbox 1630 4021 1922 4092; x_wconf 90' lang='lat' dir='ltr'><strong>apparuit,</strong></span> 
     </span>
    </p>
   </div>
   <div class='ocr_carea' id='block_1_60' title="bbox 289 4105 1924 4183">
    <p class='ocr_par' dir='ltr' id='par_1_60' title="bbox 289 4105 1924 4183">
     <span class='ocr_line' id='line_1_60' title="bbox 289 4105 1924 4183; baseline 0.004 -23"><span class='ocrx_word' id='word_1_406' title='bbox 289 4105 653 4176; x_wconf 76' lang='lat' dir='ltr'><strong>panitentia,</strong></span> <span class='ocrx_word' id='word_1_407' title='bbox 677 4108 893 4166; x_wconf 90' lang='lat' dir='ltr'><strong>obtulit</strong></span> <span class='ocrx_word' id='word_1_408' title='bbox 924 4109 1111 4166; x_wconf 90' lang='lat' dir='ltr'><strong>cidem</strong></span> <span class='ocrx_word' id='word_1_409' title='bbox 1146 4124 1330 4183; x_wconf 85' lang='lat' dir='ltr'><strong>papa,</strong></span> <span class='ocrx_word' id='word_1_410' title='bbox 1356 4113 1646 4182; x_wconf 88' lang='lat' dir='ltr'><strong>prasente</strong></span> <span class='ocrx_word' id='word_1_411' title='bbox 1676 4107 1836 4166; x_wconf 90' lang='lat' dir='ltr'><strong>clero</strong></span> <span class='ocrx_word' id='word_1_412' title='bbox 1865 4114 1924 4167; x_wconf 94' lang='lat' dir='ltr'><strong>et</strong></span> 
     </span>
    </p>
   </div>
   <div class='ocr_carea' id='block_1_61' title="bbox 286 4194 1928 4270">
    <p class='ocr_par' dir='ltr' id='par_1_61' title="bbox 286 4194 1928 4270">
     <span class='ocr_line' id='line_1_61' title="bbox 286 4194 1928 4270; baseline 0.002 -20"><span class='ocrx_word' id='word_1_413' title='bbox 286 4194 520 4266; x_wconf 87' lang='lat' dir='ltr'><strong>pepulo,</strong></span> <span class='ocrx_word' id='word_1_414' title='bbox 537 4194 1060 4255; x_wconf 90' lang='lat' dir='ltr'><strong>libellumcumsua</strong></span> <span class='ocrx_word' id='word_1_415' title='bbox 1084 4199 1534 4270; x_wconf 89' lang='lat' dir='ltr'><strong>subscriptione,</strong></span> <span class='ocrx_word' id='word_1_416' title='bbox 1551 4198 1606 4254; x_wconf 92' lang='lat' dir='ltr'><strong>in</strong></span> <span class='ocrx_word' id='word_1_417' title='bbox 1634 4212 1746 4269; x_wconf 92' lang='lat' dir='ltr'><strong>qua</strong></span> <span class='ocrx_word' id='word_1_418' title='bbox 1771 4197 1928 4254; x_wconf 90' lang='lat' dir='ltr'><strong>dam-</strong></span> 
     </span>
    </p>
   </div>
   <div class='ocr_carea' id='block_1_62' title="bbox 287 4283 1926 4360">
    <p class='ocr_par' dir='ltr' id='par_1_62' title="bbox 287 4283 1926 4360">
     <span class='ocr_line' id='line_1_62' title="bbox 287 4283 1926 4360; baseline 0.004 -22"><span class='ocrx_word' id='word_1_419' title='bbox 287 4283 576 4341; x_wconf 90' lang='lat' dir='ltr'><strong>nabantur</strong></span> <span class='ocrx_word' id='word_1_420' title='bbox 597 4286 787 4342; x_wconf 92' lang='lat' dir='ltr'><strong>omnia</strong></span> <span class='ocrx_word' id='word_1_421' title='bbox 812 4302 939 4358; x_wconf 85' lang='lat' dir='ltr'><strong>qua</strong></span> <span class='ocrx_word' id='word_1_422' title='bbox 961 4303 991 4344; x_wconf 89' lang='lat' dir='ltr'><strong>a</strong></span> <span class='ocrx_word' id='word_1_423' title='bbox 1017 4287 1546 4360; x_wconf 86' lang='lat' dir='ltr'><strong>pradecessoribus</strong></span> <span class='ocrx_word' id='word_1_424' title='bbox 1567 4285 1687 4346; x_wconf 88' lang='lat' dir='ltr'><strong>suis</strong></span> <span class='ocrx_word' id='word_1_425' title='bbox 1706 4285 1926 4358; x_wconf 89' lang='lat' dir='ltr'><strong>scripta</strong></span> 
     </span>
    </p>
   </div>
   <div class='ocr_carea' id='block_1_63' title="bbox 2039 1802 3688 1882">
    <p class='ocr_par' dir='ltr' id='par_1_63' title="bbox 2039 1802 3688 1882">
     <span class='ocr_line' id='line_1_63' title="bbox 2039 1802 3688 1882; baseline 0.005 -24"><span class='ocrx_word' id='word_1_426' title='bbox 2039 1802 2215 1858; x_wconf 90' lang='lat' dir='ltr'><strong>clesia</strong></span> <span class='ocrx_word' id='word_1_427' title='bbox 2252 1804 2744 1875; x_wconf 88' lang='lat' dir='ltr'><strong>Constantiniana,</strong></span> <span class='ocrx_word' id='word_1_428' title='bbox 2782 1805 3174 1876; x_wconf 87' lang='lat' dir='ltr'><strong>perduxitque</strong></span> <span class='ocrx_word' id='word_1_429' title='bbox 3209 1808 3688 1882; x_wconf 88' lang='lat' dir='ltr'><strong>Constantinopo-</strong></span> 
     </span>
    </p>
   </div>
   <div class='ocr_carea' id='block_1_64' title="bbox 2043 1891 3683 1970">
    <p class='ocr_par' dir='ltr' id='par_1_64' title="bbox 2043 1891 3683 1970">
     <span class='ocr_line' id='line_1_64' title="bbox 2043 1891 3683 1970; baseline 0.005 -25"><span class='ocrx_word' id='word_1_430' title='bbox 2043 1891 2142 1961; x_wconf 91' lang='lat' dir='ltr'><strong>lin,</strong></span> <span class='ocrx_word' id='word_1_431' title='bbox 2161 1891 2255 1947; x_wconf 90' lang='lat' dir='ltr'><strong>ubi</strong></span> <span class='ocrx_word' id='word_1_432' title='bbox 2272 1908 2399 1948; x_wconf 92' lang='lat' dir='ltr'><strong>cum</strong></span> <span class='ocrx_word' id='word_1_433' title='bbox 2419 1892 2820 1964; x_wconf 39' lang='lat' dir='ltr'><strong>prolcatholiea</strong></span> <span class='ocrx_word' id='word_1_434' title='bbox 2847 1894 3096 1950; x_wconf 90' lang='lat' dir='ltr'><strong>veritate</strong></span> <span class='ocrx_word' id='word_1_435' title='bbox 3121 1897 3438 1967; x_wconf 86' lang='lat' dir='ltr'><strong>apostolice</strong></span> <span class='ocrx_word' id='word_1_436' title='bbox 3463 1904 3683 1970; x_wconf 86' lang='lat' dir='ltr'><strong>ageret,</strong></span> 
     </span>
    </p>
   </div>
   <div class='ocr_carea' id='block_1_65' title="bbox 2042 1979 3682 2055">
    <p class='ocr_par' dir='ltr' id='par_1_65' title="bbox 2042 1979 3682 2055">
     <span class='ocr_line' id='line_1_65' title="bbox 2042 1979 3682 2055; baseline 0.004 -20"><span class='ocrx_word' id='word_1_437' title='bbox 2042 1979 2339 2050; x_wconf 89' lang='lat' dir='ltr'><strong>relegatus</strong></span> <span class='ocrx_word' id='word_1_438' title='bbox 2361 1981 2730 2053; x_wconf 90' lang='lat' dir='ltr'><strong>Chersonam,</strong></span> <span class='ocrx_word' id='word_1_439' title='bbox 2749 1982 2961 2038; x_wconf 89' lang='lat' dir='ltr'><strong>ibidem</strong></span> <span class='ocrx_word' id='word_1_440' title='bbox 2979 1983 3153 2038; x_wconf 89' lang='lat' dir='ltr'><strong>vitam</strong></span> <span class='ocrx_word' id='word_1_441' title='bbox 3179 1983 3386 2055; x_wconf 78' lang='lat' dir='ltr'><strong>finivit,</strong></span> <span class='ocrx_word' id='word_1_442' title='bbox 3406 1986 3604 2042; x_wconf 88' lang='lat' dir='ltr'><strong>multis</strong></span> <span class='ocrx_word' id='word_1_443' title='bbox 3627 1986 3682 2042; x_wconf 91' lang='lat' dir='ltr'><strong>in</strong></span> 
     </span>
    </p>
   </div>
   <div class='ocr_carea' id='block_1_66' title="bbox 2041 2067 3678 2144">
    <p class='ocr_par' dir='ltr' id='par_1_66' title="bbox 2041 2067 3678 2144">
     <span class='ocr_line' id='line_1_66' title="bbox 2041 2067 3678 2144; baseline 0.005 -21"><span class='ocrx_word' id='word_1_444' title='bbox 2041 2069 2243 2124; x_wconf 89' lang='lat' dir='ltr'><strong>eodem</strong></span> <span class='ocrx_word' id='word_1_445' title='bbox 2278 2067 2404 2125; x_wconf 90' lang='lat' dir='ltr'><strong>loco</strong></span> <span class='ocrx_word' id='word_1_446' title='bbox 2435 2069 2717 2126; x_wconf 85' lang='lat' dir='ltr'><strong>virtutum</strong></span> <span class='ocrx_word' id='word_1_447' title='bbox 2751 2070 2931 2139; x_wconf 87' lang='lat' dir='ltr'><strong>signis</strong></span> <span class='ocrx_word' id='word_1_448' title='bbox 2956 2086 3136 2142; x_wconf 91' lang='lat' dir='ltr'><strong>usque</strong></span> <span class='ocrx_word' id='word_1_449' title='bbox 3169 2071 3339 2128; x_wconf 84' lang='lat' dir='ltr'><strong>hodie</strong></span> <span class='ocrx_word' id='word_1_450' title='bbox 3364 2073 3678 2144; x_wconf 80' lang='lat' dir='ltr'><strong>refulgens.</strong></span> 
     </span>
    </p>
   </div>
   <div class='ocr_carea' id='block_1_67' title="bbox 2041 2158 3682 2235">
    <p class='ocr_par' dir='ltr' id='par_1_67' title="bbox 2041 2158 3682 2235">
     <span class='ocr_line' id='line_1_67' title="bbox 2041 2158 3682 2235; baseline 0.004 -23"><span class='ocrx_word' id='word_1_451' title='bbox 2041 2158 2210 2214; x_wconf 86' lang='lat' dir='ltr'><strong>Facta</strong></span> <span class='ocrx_word' id='word_1_452' title='bbox 2229 2162 2315 2214; x_wconf 90' lang='lat' dir='ltr'><strong>est</strong></span> <span class='ocrx_word' id='word_1_453' title='bbox 2341 2162 2532 2214; x_wconf 91' lang='lat' dir='ltr'><strong>autem</strong></span> <span class='ocrx_word' id='word_1_454' title='bbox 2558 2159 2812 2229; x_wconf 90' lang='lat' dir='ltr'><strong>synodus</strong></span> <span class='ocrx_word' id='word_1_455' title='bbox 2836 2159 3076 2230; x_wconf 84' lang='lat' dir='ltr'><strong>prafata</strong></span> <span class='ocrx_word' id='word_1_456' title='bbox 3111 2175 3260 2217; x_wconf 91' lang='lat' dir='ltr'><strong>anno</strong></span> <span class='ocrx_word' id='word_1_457' title='bbox 3281 2175 3430 2220; x_wconf 93' lang='lat' dir='ltr'><strong>nono</strong></span> <span class='ocrx_word' id='word_1_458' title='bbox 3453 2161 3682 2235; x_wconf 91' lang='lat' dir='ltr'><strong>imperii</strong></span> 
     </span>
    </p>
   </div>
   <div class='ocr_carea' id='block_1_68' title="bbox 2042 2245 3684 2315">
    <p class='ocr_par' dir='ltr' id='par_1_68' title="bbox 2042 2245 3684 2315">
     <span class='ocr_line' id='line_1_68' title="bbox 2042 2245 3684 2315; baseline 0.005 -15"><span class='ocrx_word' id='word_1_459' title='bbox 2042 2245 2422 2315; x_wconf 91' lang='lat' dir='ltr'><strong>Constantini,</strong></span> <span class='ocrx_word' id='word_1_460' title='bbox 2459 2261 2652 2302; x_wconf 89' lang='lat' dir='ltr'><strong>mense</strong></span> <span class='ocrx_word' id='word_1_461' title='bbox 2683 2246 2919 2303; x_wconf 89' lang='lat' dir='ltr'><strong>Octobri</strong></span> <span class='ocrx_word' id='word_1_462' title='bbox 2953 2247 3268 2304; x_wconf 90' lang='lat' dir='ltr'><strong>indictione</strong></span> <span class='ocrx_word' id='word_1_463' title='bbox 3300 2254 3524 2307; x_wconf 82' lang='lat' dir='ltr'><strong>octava.</strong></span> <span class='ocrx_word' id='word_1_464' title='bbox 3561 2251 3684 2309; x_wconf 86' lang='lat' dir='ltr'><strong>Cla-</strong></span> 
     </span>
    </p>
   </div>
   <div class='ocr_carea' id='block_1_69' title="bbox 2040 2333 3684 2411">
    <p class='ocr_par' dir='ltr' id='par_1_69' title="bbox 2040 2333 3684 2411">
     <span class='ocr_line' id='line_1_69' title="bbox 2040 2333 3684 2411; baseline 0.005 -21"><span class='ocrx_word' id='word_1_465' title='bbox 2040 2334 2264 2390; x_wconf 90' lang='lat' dir='ltr'><strong>rentius</strong></span> <span class='ocrx_word' id='word_1_466' title='bbox 2293 2333 2383 2389; x_wconf 83' lang='lat' dir='ltr'><strong>vir</strong></span> <span class='ocrx_word' id='word_1_467' title='bbox 2416 2333 2557 2391; x_wconf 83' lang='lat' dir='ltr'><strong>satis</strong></span> <span class='ocrx_word' id='word_1_468' title='bbox 2587 2334 2856 2392; x_wconf 91' lang='lat' dir='ltr'><strong>eruditus</strong></span> <span class='ocrx_word' id='word_1_469' title='bbox 2877 2335 3219 2395; x_wconf 88' lang='lat' dir='ltr'><strong>Viennensis</strong></span> <span class='ocrx_word' id='word_1_470' title='bbox 3239 2337 3550 2411; x_wconf 90' lang='lat' dir='ltr'><strong>episcopus</strong></span> <span class='ocrx_word' id='word_1_471' title='bbox 3569 2339 3684 2398; x_wconf 89' lang='lat' dir='ltr'><strong>cla-</strong></span> 
     </span>
    </p>
   </div>
   <div class='ocr_carea' id='block_1_70' title="bbox 2039 2422 3682 2501">
    <p class='ocr_par' dir='ltr' id='par_1_70' title="bbox 2039 2422 3682 2501">
     <span class='ocr_line' id='line_1_70' title="bbox 2039 2422 3682 2501; baseline 0.005 -22"><span class='ocrx_word' id='word_1_472' title='bbox 2039 2424 2176 2481; x_wconf 87' lang='lat' dir='ltr'><strong>ruit.</strong></span> <span class='ocrx_word' id='word_1_473' title='bbox 2211 2422 2558 2481; x_wconf 88' lang='lat' dir='ltr'><strong>Vitellianns</strong></span> <span class='ocrx_word' id='word_1_474' title='bbox 2606 2438 2750 2496; x_wconf 91' lang='lat' dir='ltr'><strong>papa</strong></span> <span class='ocrx_word' id='word_1_475' title='bbox 2802 2426 2996 2483; x_wconf 84' lang='lat' dir='ltr'><strong>Roma</strong></span> <span class='ocrx_word' id='word_1_476' title='bbox 3035 2425 3343 2484; x_wconf 88' lang='lat' dir='ltr'><strong>ordinatur</strong></span> <span class='ocrx_word' id='word_1_477' title='bbox 3377 2447 3389 2483; x_wconf 86' lang='lat'><strong>:</strong></span> <span class='ocrx_word' id='word_1_478' title='bbox 3427 2428 3536 2486; x_wconf 89' lang='lat' dir='ltr'><strong>sub</strong></span> <span class='ocrx_word' id='word_1_479' title='bbox 3568 2444 3682 2501; x_wconf 91' lang='lat' dir='ltr'><strong>quo</strong></span> 
     </span>
    </p>
   </div>
   <div class='ocr_carea' id='block_1_71' title="bbox 2040 2512 3679 2589">
    <p class='ocr_par' dir='ltr' id='par_1_71' title="bbox 2040 2512 3679 2589">
     <span class='ocr_line' id='line_1_71' title="bbox 2040 2512 3679 2589; baseline 0.002 -19"><span class='ocrx_word' id='word_1_480' title='bbox 2040 2513 2454 2570; x_wconf 90' lang='lat' dir='ltr'><strong>Constantinus</strong></span> <span class='ocrx_word' id='word_1_481' title='bbox 2484 2512 2800 2586; x_wconf 89' lang='lat' dir='ltr'><strong>imperator</strong></span> <span class='ocrx_word' id='word_1_482' title='bbox 2824 2516 2995 2571; x_wconf 87' lang='lat' dir='ltr'><strong>beato</strong></span> <span class='ocrx_word' id='word_1_483' title='bbox 3018 2517 3194 2572; x_wconf 90' lang='lat' dir='ltr'><strong>Petro</strong></span> <span class='ocrx_word' id='word_1_484' title='bbox 3227 2516 3491 2589; x_wconf 91' lang='lat' dir='ltr'><strong>apostolo</strong></span> <span class='ocrx_word' id='word_1_485' title='bbox 3525 2517 3679 2576; x_wconf 91' lang='lat' dir='ltr'><strong>misit</strong></span> 
     </span>
    </p>
   </div>
   <div class='ocr_carea' id='block_1_72' title="bbox 2038 2601 3674 2675">
    <p class='ocr_par' dir='ltr' id='par_1_72' title="bbox 2038 2601 3674 2675">
     <span class='ocr_line' id='line_1_72' title="bbox 2038 2601 3674 2675; baseline 0.003 -16"><span class='ocrx_word' id='word_1_486' title='bbox 2038 2601 2346 2671; x_wconf 88' lang='lat' dir='ltr'><strong>Evangelia</strong></span> <span class='ocrx_word' id='word_1_487' title='bbox 2390 2615 2565 2659; x_wconf 90' lang='lat' dir='ltr'><strong>aurea</strong></span> <span class='ocrx_word' id='word_1_488' title='bbox 2587 2602 2831 2673; x_wconf 85' lang='lat' dir='ltr'><strong>gemmis</strong></span> <span class='ocrx_word' id='word_1_489' title='bbox 2852 2603 3000 2660; x_wconf 88' lang='lat' dir='ltr'><strong>albis</strong></span> <span class='ocrx_word' id='word_1_490' title='bbox 3019 2603 3162 2660; x_wconf 91' lang='lat' dir='ltr'><strong>mira</strong></span> <span class='ocrx_word' id='word_1_491' title='bbox 3183 2605 3583 2675; x_wconf 88' lang='lat' dir='ltr'><strong>magnitudine</strong></span> <span class='ocrx_word' id='word_1_492' title='bbox 3622 2607 3674 2664; x_wconf 90' lang='lat' dir='ltr'><strong>in</strong></span> 
     </span>
    </p>
   </div>
   <div class='ocr_carea' id='block_1_73' title="bbox 2035 2692 3675 2768">
    <p class='ocr_par' dir='ltr' id='par_1_73' title="bbox 2035 2692 3675 2768">
     <span class='ocr_line' id='line_1_73' title="bbox 2035 2692 3675 2768; baseline 0.002 -19"><span class='ocrx_word' id='word_1_493' title='bbox 2035 2692 2288 2750; x_wconf 91' lang='lat' dir='ltr'><strong>circuitu</strong></span> <span class='ocrx_word' id='word_1_494' title='bbox 2319 2692 2714 2764; x_wconf 68' lang='lat' dir='ltr'><strong>ornata.’.,lpse</strong></span> <span class='ocrx_word' id='word_1_495' title='bbox 2748 2697 2875 2764; x_wconf 83' lang='lat' dir='ltr'><strong>post</strong></span> <span class='ocrx_word' id='word_1_496' title='bbox 2918 2692 3138 2765; x_wconf 88' lang='lat' dir='ltr'><strong>aliquot</strong></span> <span class='ocrx_word' id='word_1_497' title='bbox 3174 2709 3356 2752; x_wconf 92' lang='lat' dir='ltr'><strong>annos</strong></span> <span class='ocrx_word' id='word_1_498' title='bbox 3388 2694 3538 2752; x_wconf 90' lang='lat' dir='ltr'><strong>idem</strong></span> <span class='ocrx_word' id='word_1_499' title='bbox 3572 2711 3675 2768; x_wconf 90' lang='lat' dir='ltr'><strong>per</strong></span> 
     </span>
    </p>
   </div>
   <div class='ocr_carea' id='block_1_74' title="bbox 2038 2781 3677 2856">
    <p class='ocr_par' dir='ltr' id='par_1_74' title="bbox 2038 2781 3677 2856">
     <span class='ocr_line' id='line_1_74' title="bbox 2038 2781 3677 2856; baseline 0.002 -19"><span class='ocrx_word' id='word_1_500' title='bbox 2038 2781 2411 2838; x_wconf 91' lang='lat' dir='ltr'><strong>indictionem</strong></span> <span class='ocrx_word' id='word_1_501' title='bbox 2451 2785 2674 2837; x_wconf 89' lang='lat' dir='ltr'><strong>sextam</strong></span> <span class='ocrx_word' id='word_1_502' title='bbox 2707 2781 2940 2838; x_wconf 82' lang='lat' dir='ltr'><strong>Romam</strong></span> <span class='ocrx_word' id='word_1_503' title='bbox 2964 2782 3223 2854; x_wconf 92' lang='lat' dir='ltr'><strong>veniens,</strong></span> <span class='ocrx_word' id='word_1_504' title='bbox 3249 2782 3463 2840; x_wconf 89' lang='lat' dir='ltr'><strong>obtulit</strong></span> <span class='ocrx_word' id='word_1_505' title='bbox 3499 2799 3677 2856; x_wconf 88' lang='lat' dir='ltr'><strong>super</strong></span> 
     </span>
    </p>
   </div>
   <div class='ocr_carea' id='block_1_75' title="bbox 2037 2868 3675 2942">
    <p class='ocr_par' dir='ltr' id='par_1_75' title="bbox 2037 2868 3675 2942">
     <span class='ocr_line' id='line_1_75' title="bbox 2037 2868 3675 2942; baseline 0.001 -15"><span class='ocrx_word' id='word_1_506' title='bbox 2037 2870 2222 2927; x_wconf 91' lang='lat' dir='ltr'><strong>altare</strong></span> <span class='ocrx_word' id='word_1_507' title='bbox 2256 2868 2913 2941; x_wconf 38' lang='lat' dir='ltr'><strong>apostolorumjpallium</strong></span> <span class='ocrx_word' id='word_1_508' title='bbox 2933 2885 3075 2926; x_wconf 89' lang='lat' dir='ltr'><strong>auro</strong></span> <span class='ocrx_word' id='word_1_509' title='bbox 3106 2871 3336 2942; x_wconf 89' lang='lat' dir='ltr'><strong>textile,</strong></span> <span class='ocrx_word' id='word_1_510' title='bbox 3363 2876 3487 2928; x_wconf 90' lang='lat' dir='ltr'><strong>toto</strong></span> <span class='ocrx_word' id='word_1_511' title='bbox 3508 2888 3675 2929; x_wconf 90' lang='lat' dir='ltr'><strong>excr-</strong></span> 
     </span>
    </p>
   </div>
   <div class='ocr_carea' id='block_1_76' title="bbox 2034 2957 3675 3031">
    <p class='ocr_par' dir='ltr' id='par_1_76' title="bbox 2034 2957 3675 3031">
     <span class='ocr_line' id='line_1_76' title="bbox 2034 2957 3675 3031; baseline 0.002 -17"><span class='ocrx_word' id='word_1_512' title='bbox 2034 2959 2153 3015; x_wconf 91' lang='lat' dir='ltr'><strong>citu</strong></span> <span class='ocrx_word' id='word_1_513' title='bbox 2186 2973 2316 3014; x_wconf 91' lang='lat' dir='ltr'><strong>cum</strong></span> <span class='ocrx_word' id='word_1_514' title='bbox 2346 2957 2537 3016; x_wconf 91' lang='lat' dir='ltr'><strong>cereis</strong></span> <span class='ocrx_word' id='word_1_515' title='bbox 2564 2957 2869 3031; x_wconf 76' lang='lat' dir='ltr'><strong>ecclesiam</strong></span> <span class='ocrx_word' id='word_1_516' title='bbox 2903 2957 3177 3014; x_wconf 88' lang='lat' dir='ltr'><strong>intrante.</strong></span> <span class='ocrx_word' id='word_1_517' title='bbox 3214 2959 3490 3030; x_wconf 89' lang='lat' dir='ltr'><strong>Sequenti</strong></span> <span class='ocrx_word' id='word_1_518' title='bbox 3524 2975 3675 3018; x_wconf 92' lang='lat' dir='ltr'><strong>anno</strong></span> 
     </span>
    </p>
   </div>
   <div class='ocr_carea' id='block_1_77' title="bbox 2040 3043 3670 3119">
    <p class='ocr_par' dir='ltr' id='par_1_77' title="bbox 2040 3043 3670 3119">
     <span class='ocr_line' id='line_1_77' title="bbox 2040 3043 3670 3119; baseline 0.002 -19"><span class='ocrx_word' id='word_1_519' title='bbox 2040 3047 2187 3102; x_wconf 87' lang='lat' dir='ltr'><strong>facta</strong></span> <span class='ocrx_word' id='word_1_520' title='bbox 2221 3049 2310 3102; x_wconf 90' lang='lat' dir='ltr'><strong>est</strong></span> <span class='ocrx_word' id='word_1_521' title='bbox 2352 3044 2586 3116; x_wconf 91' lang='lat' dir='ltr'><strong>eclipsis</strong></span> <span class='ocrx_word' id='word_1_522' title='bbox 2614 3043 2772 3114; x_wconf 89' lang='lat' dir='ltr'><strong>solis,</strong></span> <span class='ocrx_word' id='word_1_523' title='bbox 2819 3043 3073 3116; x_wconf 89' lang='lat' dir='ltr'><strong>quinque</strong></span> <span class='ocrx_word' id='word_1_524' title='bbox 3110 3047 3300 3102; x_wconf 89' lang='lat' dir='ltr'><strong>Nonas</strong></span> <span class='ocrx_word' id='word_1_525' title='bbox 3339 3047 3464 3103; x_wconf 84' lang='lat' dir='ltr'><strong>Maii</strong></span> <span class='ocrx_word' id='word_1_526' title='bbox 3508 3048 3670 3119; x_wconf 91' lang='lat' dir='ltr'><strong>quasi</strong></span> 
     </span>
    </p>
   </div>
   <div class='ocr_carea' id='block_1_78' title="bbox 2033 3131 3674 3206">
    <p class='ocr_par' dir='ltr' id='par_1_78' title="bbox 2033 3131 3674 3206">
     <span class='ocr_line' id='line_1_78' title="bbox 2033 3131 3674 3206; baseline 0.001 -15"><span class='ocrx_word' id='word_1_527' title='bbox 2033 3134 2253 3191; x_wconf 91' lang='lat' dir='ltr'><strong>decima</strong></span> <span class='ocrx_word' id='word_1_528' title='bbox 2284 3133 2422 3189; x_wconf 92' lang='lat' dir='ltr'><strong>hora</strong></span> <span class='ocrx_word' id='word_1_529' title='bbox 2459 3131 2593 3189; x_wconf 92' lang='lat' dir='ltr'><strong>diei.</strong></span> <span class='ocrx_word' id='word_1_530' title='bbox 2629 3132 2978 3190; x_wconf 88' lang='lat' dir='ltr'><strong>Vitellianus</strong></span> <span class='ocrx_word' id='word_1_531' title='bbox 3006 3148 3153 3206; x_wconf 89' lang='lat' dir='ltr'><strong>papa</strong></span> <span class='ocrx_word' id='word_1_532' title='bbox 3191 3134 3551 3192; x_wconf 90' lang='lat' dir='ltr'><strong>Theodorum</strong></span> <span class='ocrx_word' id='word_1_533' title='bbox 3586 3152 3674 3193; x_wconf 92' lang='lat' dir='ltr'><strong>ar-</strong></span> 
     </span>
    </p>
   </div>
   <div class='ocr_carea' id='block_1_79' title="bbox 2031 3221 3672 3296">
    <p class='ocr_par' dir='ltr' id='par_1_79' title="bbox 2031 3221 3672 3296">
     <span class='ocr_line' id='line_1_79' title="bbox 2031 3221 3672 3296; baseline 0.001 -16"><span class='ocrx_word' id='word_1_534' title='bbox 2031 3223 2464 3296; x_wconf 89' lang='lat' dir='ltr'><strong>chiepiscopum</strong></span> <span class='ocrx_word' id='word_1_535' title='bbox 2478 3225 2537 3278; x_wconf 92' lang='lat' dir='ltr'><strong>et</strong></span> <span class='ocrx_word' id='word_1_536' title='bbox 2553 3221 2866 3279; x_wconf 90' lang='lat' dir='ltr'><strong>Adrianum</strong></span> <span class='ocrx_word' id='word_1_537' title='bbox 2892 3223 3184 3294; x_wconf 88' lang='lat' dir='ltr'><strong>abbatem,</strong></span> <span class='ocrx_word' id='word_1_538' title='bbox 3200 3223 3388 3281; x_wconf 90' lang='lat' dir='ltr'><strong>virum</strong></span> <span class='ocrx_word' id='word_1_539' title='bbox 3410 3230 3672 3282; x_wconf 90' lang='lat' dir='ltr'><strong>sanctum</strong></span> 
     </span>
    </p>
   </div>
   <div class='ocr_carea' id='block_1_80' title="bbox 2034 3309 3675 3386">
    <p class='ocr_par' dir='ltr' id='par_1_80' title="bbox 2034 3309 3675 3386">
     <span class='ocr_line' id='line_1_80' title="bbox 2034 3309 3675 3386; baseline 0.002 -18"><span class='ocrx_word' id='word_1_540' title='bbox 2034 3316 2210 3383; x_wconf 91' lang='lat' dir='ltr'><strong>atque</strong></span> <span class='ocrx_word' id='word_1_541' title='bbox 2233 3312 2652 3381; x_wconf 90' lang='lat' dir='ltr'><strong>doctissimum,</strong></span> <span class='ocrx_word' id='word_1_542' title='bbox 2669 3309 2725 3366; x_wconf 92' lang='lat' dir='ltr'><strong>in</strong></span> <span class='ocrx_word' id='word_1_543' title='bbox 2749 3309 3102 3367; x_wconf 88' lang='lat' dir='ltr'><strong>Britanniam</strong></span> <span class='ocrx_word' id='word_1_544' title='bbox 3127 3311 3306 3368; x_wconf 91' lang='lat' dir='ltr'><strong>mittit</strong></span> <span class='ocrx_word' id='word_1_545' title='bbox 3333 3333 3345 3368; x_wconf 90' lang='lat'>:</span> <span class='ocrx_word' id='word_1_546' title='bbox 3373 3314 3469 3384; x_wconf 90' lang='lat' dir='ltr'><strong>qui</strong></span> <span class='ocrx_word' id='word_1_547' title='bbox 3497 3313 3675 3386; x_wconf 88' lang='lat' dir='ltr'><strong>pluri-</strong></span> 
     </span>
    </p>
   </div>
   <div class='ocr_carea' id='block_1_81' title="bbox 2035 3399 3674 3471">
    <p class='ocr_par' dir='ltr' id='par_1_81' title="bbox 2035 3399 3674 3471">
     <span class='ocr_line' id='line_1_81' title="bbox 2035 3399 3674 3471; baseline 0.002 -15"><span class='ocrx_word' id='word_1_548' title='bbox 2035 3415 2158 3457; x_wconf 90' lang='lat' dir='ltr'><strong>mas</strong></span> <span class='ocrx_word' id='word_1_549' title='bbox 2187 3399 2475 3457; x_wconf 88' lang='lat' dir='ltr'><strong>Ecclesias</strong></span> <span class='ocrx_word' id='word_1_550' title='bbox 2505 3399 2820 3471; x_wconf 88' lang='lat' dir='ltr'><strong>Anglorum</strong></span> <span class='ocrx_word' id='word_1_551' title='bbox 2862 3399 3126 3456; x_wconf 91' lang='lat' dir='ltr'><strong>doctrina</strong></span> <span class='ocrx_word' id='word_1_552' title='bbox 3167 3400 3563 3460; x_wconf 90' lang='lat' dir='ltr'><strong>ecclesiastica</strong></span> <span class='ocrx_word' id='word_1_553' title='bbox 3598 3404 3674 3459; x_wconf 90' lang='lat' dir='ltr'><strong>fc-</strong></span> 
     </span>
    </p>
   </div>
   <div class='ocr_carea' id='block_1_82' title="bbox 2032 3487 3677 3564">
    <p class='ocr_par' dir='ltr' id='par_1_82' title="bbox 2032 3487 3677 3564">
     <span class='ocr_line' id='line_1_82' title="bbox 2032 3487 3677 3564; baseline 0.001 -16"><span class='ocrx_word' id='word_1_554' title='bbox 2032 3490 2383 3548; x_wconf 90' lang='lat' dir='ltr'><strong>cundarunt.</strong></span> <span class='ocrx_word' id='word_1_555' title='bbox 2431 3489 2846 3546; x_wconf 90' lang='lat' dir='ltr'><strong>Constantinus</strong></span> <span class='ocrx_word' id='word_1_556' title='bbox 2885 3487 3203 3561; x_wconf 89' lang='lat' dir='ltr'><strong>imperator</strong></span> <span class='ocrx_word' id='word_1_557' title='bbox 3235 3495 3362 3564; x_wconf 91' lang='lat' dir='ltr'><strong>post</strong></span> <span class='ocrx_word' id='word_1_558' title='bbox 3394 3490 3677 3564; x_wconf 90' lang='lat' dir='ltr'><strong>plurimas</strong></span> 
     </span>
    </p>
   </div>
   <div class='ocr_carea' id='block_1_83' title="bbox 2035 3575 3678 3652">
    <p class='ocr_par' dir='ltr' id='par_1_83' title="bbox 2035 3575 3678 3652">
     <span class='ocr_line' id='line_1_83' title="bbox 2035 3575 3678 3652; baseline 0.001 -17"><span class='ocrx_word' id='word_1_559' title='bbox 2035 3578 2500 3652; x_wconf 87' lang='lat' dir='ltr'><strong>depradationes</strong></span> <span class='ocrx_word' id='word_1_560' title='bbox 2532 3577 2587 3634; x_wconf 93' lang='lat' dir='ltr'><strong>in</strong></span> <span class='ocrx_word' id='word_1_561' title='bbox 2622 3575 2934 3649; x_wconf 90' lang='lat' dir='ltr'><strong>provinciis</strong></span> <span class='ocrx_word' id='word_1_562' title='bbox 2967 3579 3167 3650; x_wconf 87' lang='lat' dir='ltr'><strong>factas,</strong></span> <span class='ocrx_word' id='word_1_563' title='bbox 3203 3578 3429 3638; x_wconf 91' lang='lat' dir='ltr'><strong>occisus</strong></span> <span class='ocrx_word' id='word_1_564' title='bbox 3461 3580 3516 3636; x_wconf 91' lang='lat' dir='ltr'><strong>in</strong></span> <span class='ocrx_word' id='word_1_565' title='bbox 3559 3580 3678 3638; x_wconf 88' lang='lat' dir='ltr'><strong>bal-</strong></span> 
     </span>
    </p>
   </div>
   <div class='ocr_carea' id='block_1_84' title="bbox 2035 3666 3678 3740">
    <p class='ocr_par' dir='ltr' id='par_1_84' title="bbox 2035 3666 3678 3740">
     <span class='ocr_line' id='line_1_84' title="bbox 2035 3666 3678 3740; baseline 0.001 -15"><span class='ocrx_word' id='word_1_566' title='bbox 2035 3682 2144 3725; x_wconf 89' lang='lat' dir='ltr'><strong>neo</strong></span> <span class='ocrx_word' id='word_1_567' title='bbox 2194 3667 2388 3740; x_wconf 91' lang='lat' dir='ltr'><strong>periit,</strong></span> <span class='ocrx_word' id='word_1_568' title='bbox 2423 3666 2741 3723; x_wconf 88' lang='lat' dir='ltr'><strong>indictione</strong></span> <span class='ocrx_word' id='word_1_569' title='bbox 2774 3666 3136 3724; x_wconf 90' lang='lat' dir='ltr'><strong>duodecima.</strong></span> <span class='ocrx_word' id='word_1_570' title='bbox 3185 3668 3297 3724; x_wconf 90' lang='lat' dir='ltr'><strong>Sed</strong></span> <span class='ocrx_word' id='word_1_571' title='bbox 3352 3683 3462 3726; x_wconf 93' lang='lat' dir='ltr'><strong>non</strong></span> <span class='ocrx_word' id='word_1_572' title='bbox 3507 3668 3678 3740; x_wconf 90' lang='lat' dir='ltr'><strong>longo</strong></span> 
     </span>
    </p>
   </div>
   <div class='ocr_carea' id='block_1_85' title="bbox 2036 3754 3215 3831">
    <p class='ocr_par' dir='ltr' id='par_1_85' title="bbox 2036 3754 3215 3831">
     <span class='ocr_line' id='line_1_85' title="bbox 2036 3754 3215 3831; baseline -0.002 -17"><span class='ocrx_word' id='word_1_573' title='bbox 2036 3761 2166 3831; x_wconf 88' lang='lat' dir='ltr'><strong>post</strong></span> <span class='ocrx_word' id='word_1_574' title='bbox 2197 3760 2460 3828; x_wconf 90' lang='lat' dir='ltr'><strong>tempore</strong></span> <span class='ocrx_word' id='word_1_575' title='bbox 2493 3754 2840 3812; x_wconf 88' lang='lat' dir='ltr'><strong>Vitellianus</strong></span> <span class='ocrx_word' id='word_1_576' title='bbox 2870 3769 3016 3827; x_wconf 89' lang='lat' dir='ltr'><strong>papa</strong></span> <span class='ocrx_word' id='word_1_577' title='bbox 3050 3755 3215 3812; x_wconf 90' lang='lat' dir='ltr'><strong>obiit.</strong></span> 
     </span>
    </p>
   </div>
   <div class='ocr_carea' id='block_1_86' title="bbox 2111 3842 3672 3918">
    <p class='ocr_par' dir='ltr' id='par_1_86' title="bbox 2111 3842 3672 3918">
     <span class='ocr_line' id='line_1_86' title="bbox 2111 3842 3672 3918; baseline -0.001 -15"><span class='ocrx_word' id='word_1_578' title='bbox 2111 3844 2254 3918; x_wconf 87' lang='lat'><strong>[669]</strong></span> <span class='ocrx_word' id='word_1_579' title='bbox 2292 3842 2723 3914; x_wconf 88' lang='lat' dir='ltr'><strong>Constantinus,</strong></span> <span class='ocrx_word' id='word_1_580' title='bbox 2757 3842 2910 3899; x_wconf 90' lang='lat' dir='ltr'><strong>ﬁlius</strong></span> <span class='ocrx_word' id='word_1_581' title='bbox 2942 3842 3303 3899; x_wconf 89' lang='lat' dir='ltr'><strong>Constantini</strong></span> <span class='ocrx_word' id='word_1_582' title='bbox 3329 3843 3672 3916; x_wconf 88' lang='lat' dir='ltr'><strong>superioris,</strong></span> 
     </span>
    </p>
   </div>
   <div class='ocr_carea' id='block_1_87' title="bbox 2036 3929 3674 4006">
    <p class='ocr_par' dir='ltr' id='par_1_87' title="bbox 2036 3929 3674 4006">
     <span class='ocr_line' id='line_1_87' title="bbox 2036 3929 3674 4006; baseline -0.002 -16"><span class='ocrx_word' id='word_1_583' title='bbox 2036 3933 2202 3990; x_wconf 92' lang='lat' dir='ltr'><strong>annis</strong></span> <span class='ocrx_word' id='word_1_584' title='bbox 2232 3931 2665 4006; x_wconf 87' lang='lat' dir='ltr'><strong>septemdecim.</strong></span> <span class='ocrx_word' id='word_1_585' title='bbox 2695 3930 2965 3988; x_wconf 89' lang='lat' dir='ltr'><strong>Saraceni</strong></span> <span class='ocrx_word' id='word_1_586' title='bbox 2990 3929 3240 3988; x_wconf 91' lang='lat' dir='ltr'><strong>Siciliam</strong></span> <span class='ocrx_word' id='word_1_587' title='bbox 3265 3931 3567 4004; x_wconf 88' lang='lat' dir='ltr'><strong>invadunt,</strong></span> <span class='ocrx_word' id='word_1_588' title='bbox 3593 3937 3674 4004; x_wconf 90' lang='lat' dir='ltr'><strong>et,</strong></span> 
     </span>
    </p>
   </div>
   <div class='ocr_carea' id='block_1_88' title="bbox 2038 4018 3677 4096">
    <p class='ocr_par' dir='ltr' id='par_1_88' title="bbox 2038 4018 3677 4096">
     <span class='ocr_line' id='line_1_88' title="bbox 2038 4018 3677 4096; baseline -0.001 -17"><span class='ocrx_word' id='word_1_589' title='bbox 2038 4023 2233 4096; x_wconf 87' lang='lat' dir='ltr'><strong>prada</strong></span> <span class='ocrx_word' id='word_1_590' title='bbox 2267 4019 2439 4076; x_wconf 91' lang='lat' dir='ltr'><strong>nimia</strong></span> <span class='ocrx_word' id='word_1_591' title='bbox 2489 4034 2684 4078; x_wconf 91' lang='lat' dir='ltr'><strong>secum</strong></span> <span class='ocrx_word' id='word_1_592' title='bbox 2731 4018 2948 4092; x_wconf 90' lang='lat' dir='ltr'><strong>ablata,</strong></span> <span class='ocrx_word' id='word_1_593' title='bbox 2983 4035 3114 4077; x_wconf 91' lang='lat' dir='ltr'><strong>mox</strong></span> <span class='ocrx_word' id='word_1_594' title='bbox 3145 4019 3558 4078; x_wconf 87' lang='lat' dir='ltr'><strong>Alexandriam</strong></span> <span class='ocrx_word' id='word_1_595' title='bbox 3591 4037 3677 4078; x_wconf 90' lang='lat' dir='ltr'><strong>re-</strong></span> 
     </span>
    </p>
   </div>
   <div class='ocr_carea' id='block_1_89' title="bbox 2037 4106 3680 4181">
    <p class='ocr_par' dir='ltr' id='par_1_89' title="bbox 2037 4106 3680 4181">
     <span class='ocr_line' id='line_1_89' title="bbox 2037 4106 3680 4181; baseline -0.001 -15"><span class='ocrx_word' id='word_1_596' title='bbox 2037 4111 2237 4167; x_wconf 89' lang='lat' dir='ltr'><strong>deunt.</strong></span> <span class='ocrx_word' id='word_1_597' title='bbox 2255 4107 2480 4180; x_wconf 88' lang='lat' dir='ltr'><strong>Agatho</strong></span> <span class='ocrx_word' id='word_1_598' title='bbox 2507 4107 2767 4181; x_wconf 80' lang='lat' dir='ltr'><strong>pontifex</strong></span> <span class='ocrx_word' id='word_1_599' title='bbox 2789 4109 3058 4164; x_wconf 87' lang='lat' dir='ltr'><strong>Romana</strong></span> <span class='ocrx_word' id='word_1_600' title='bbox 3081 4106 3354 4164; x_wconf 84' lang='lat' dir='ltr'><strong>Ecclesia</strong></span> <span class='ocrx_word' id='word_1_601' title='bbox 3375 4108 3680 4166; x_wconf 91' lang='lat' dir='ltr'><strong>constitui-</strong></span> 
     </span>
    </p>
   </div>
   <div class='ocr_carea' id='block_1_90' title="bbox 2034 4194 3675 4270">
    <p class='ocr_par' dir='ltr' id='par_1_90' title="bbox 2034 4194 3675 4270">
     <span class='ocr_line' id='line_1_90' title="bbox 2034 4194 3675 4270; baseline -0.001 -16"><span class='ocrx_word' id='word_1_602' title='bbox 2034 4203 2136 4256; x_wconf 91' lang='lat' dir='ltr'><strong>tur</strong></span> <span class='ocrx_word' id='word_1_603' title='bbox 2167 4217 2180 4254; x_wconf 92' lang='lat'><strong>:</strong></span> <span class='ocrx_word' id='word_1_604' title='bbox 2217 4196 2314 4270; x_wconf 94' lang='lat' dir='ltr'><strong>qui</strong></span> <span class='ocrx_word' id='word_1_605' title='bbox 2363 4211 2435 4253; x_wconf 92' lang='lat' dir='ltr'><strong>ex</strong></span> <span class='ocrx_word' id='word_1_606' title='bbox 2483 4200 2692 4267; x_wconf 88' lang='lat' dir='ltr'><strong>rogatu</strong></span> <span class='ocrx_word' id='word_1_607' title='bbox 2737 4196 3120 4268; x_wconf 90' lang='lat' dir='ltr'><strong>Constantini,</strong></span> <span class='ocrx_word' id='word_1_608' title='bbox 3144 4194 3377 4268; x_wconf 89' lang='lat' dir='ltr'><strong>Tiberii,</strong></span> <span class='ocrx_word' id='word_1_609' title='bbox 3405 4196 3675 4265; x_wconf 89' lang='lat' dir='ltr'><strong>Heraelii,</strong></span> 
     </span>
    </p>
   </div>
   <div class='ocr_carea' id='block_1_91' title="bbox 2041 4284 3680 4360">
    <p class='ocr_par' dir='ltr' id='par_1_91' title="bbox 2041 4284 3680 4360">
     <span class='ocr_line' id='line_1_91' title="bbox 2041 4284 3680 4360; baseline 0 -18"><span class='ocrx_word' id='word_1_610' title='bbox 2041 4287 2428 4360; x_wconf 89' lang='lat' dir='ltr'><strong>piissimorum</strong></span> <span class='ocrx_word' id='word_1_611' title='bbox 2460 4285 2806 4358; x_wconf 89' lang='lat' dir='ltr'><strong>principum,</strong></span> <span class='ocrx_word' id='word_1_612' title='bbox 2839 4284 2994 4342; x_wconf 90' lang='lat' dir='ltr'><strong>misit</strong></span> <span class='ocrx_word' id='word_1_613' title='bbox 3027 4284 3084 4341; x_wconf 92' lang='lat' dir='ltr'><strong>in</strong></span> <span class='ocrx_word' id='word_1_614' title='bbox 3115 4284 3332 4355; x_wconf 89' lang='lat' dir='ltr'><strong>regiam</strong></span> <span class='ocrx_word' id='word_1_615' title='bbox 3366 4285 3568 4342; x_wconf 89' lang='lat' dir='ltr'><strong>urbem</strong></span> <span class='ocrx_word' id='word_1_616' title='bbox 3602 4285 3680 4342; x_wconf 90' lang='lat' dir='ltr'><strong>le-</strong></span> 
     </span>
    </p>
   </div>
   <div class='ocr_carea' id='block_1_92' title="bbox 289 4371 3680 4446">
    <p class='ocr_par' dir='ltr' id='par_1_92' title="bbox 289 4371 3680 4446">
     <span class='ocr_line' id='line_1_92' title="bbox 289 4371 3680 4446; baseline 0.001 -20"><span class='ocrx_word' id='word_1_617' title='bbox 289 4371 377 4428; x_wconf 78' lang='lat' dir='ltr'><strong>vel</strong></span> <span class='ocrx_word' id='word_1_618' title='bbox 410 4378 537 4430; x_wconf 89' lang='lat' dir='ltr'><strong>acta</strong></span> <span class='ocrx_word' id='word_1_619' title='bbox 570 4379 706 4431; x_wconf 91' lang='lat' dir='ltr'><strong>sunt</strong></span> <span class='ocrx_word' id='word_1_620' title='bbox 739 4374 1022 4433; x_wconf 90' lang='lat' dir='ltr'><strong>adversus</strong></span> <span class='ocrx_word' id='word_1_621' title='bbox 1048 4375 1394 4433; x_wconf 91' lang='lat' dir='ltr'><strong>catholicam</strong></span> <span class='ocrx_word' id='word_1_622' title='bbox 1427 4375 1598 4432; x_wconf 87' lang='lat' dir='ltr'><strong>ﬁdem</strong></span> <span class='ocrx_word' id='word_1_623' title='bbox 1634 4394 1646 4430; x_wconf 93' lang='lat'>:</span> <span class='ocrx_word' id='word_1_624' title='bbox 1683 4373 1835 4432; x_wconf 92' lang='lat' dir='ltr'><strong>unde</strong></span> <span class='ocrx_word' id='word_1_625' title='bbox 1866 4378 1925 4432; x_wconf 90' lang='lat' dir='ltr'><strong>et</strong></span> <span class='ocrx_word' id='word_1_626' title='bbox 1958 4444 1980 4446; x_wconf 17' lang='grc' dir='ltr'>ξ</span> <span class='ocrx_word' id='word_1_627' title='bbox 2037 4380 2206 4446; x_wconf 88' lang='lat' dir='ltr'><strong>gatos</strong></span> <span class='ocrx_word' id='word_1_628' title='bbox 2235 4390 2371 4434; x_wconf 91' lang='lat' dir='ltr'><strong>suos</strong></span> <span class='ocrx_word' id='word_1_629' title='bbox 2402 4393 2416 4430; x_wconf 90' lang='lat'><strong>:</strong></span> <span class='ocrx_word' id='word_1_630' title='bbox 2454 4374 2509 4430; x_wconf 92' lang='lat' dir='ltr'><strong>in</strong></span> <span class='ocrx_word' id='word_1_631' title='bbox 2533 4373 2745 4446; x_wconf 88' lang='lat' dir='ltr'><strong>quibus</strong></span> <span class='ocrx_word' id='word_1_632' title='bbox 2766 4377 2895 4430; x_wconf 91' lang='lat' dir='ltr'><strong>erat</strong></span> <span class='ocrx_word' id='word_1_633' title='bbox 2917 4373 3105 4430; x_wconf 91' lang='lat' dir='ltr'><strong>adhuc</strong></span> <span class='ocrx_word' id='word_1_634' title='bbox 3127 4373 3378 4429; x_wconf 82' lang='lat' dir='ltr'><strong>Joannes</strong></span> <span class='ocrx_word' id='word_1_635' title='bbox 3401 4372 3680 4430; x_wconf 91' lang='lat' dir='ltr'><strong>diaconus</strong></span> 
     </span>
    </p>
   </div>
   <div class='ocr_carea' id='block_1_93' title="bbox 290 4444 3680 4536">
    <p class='ocr_par' dir='ltr' id='par_1_93' title="bbox 290 4444 3680 4536">
     <span class='ocr_line' id='line_1_93' title="bbox 290 4444 3680 4536; baseline 0.001 -21"><span class='ocrx_word' id='word_1_636' title='bbox 290 4459 533 4532; x_wconf 88' lang='lat' dir='ltr'><strong>benigne</strong></span> <span class='ocrx_word' id='word_1_637' title='bbox 586 4468 896 4535; x_wconf 90' lang='lat' dir='ltr'><strong>susceptus</strong></span> <span class='ocrx_word' id='word_1_638' title='bbox 932 4467 1020 4520; x_wconf 90' lang='lat' dir='ltr'><strong>est</strong></span> <span class='ocrx_word' id='word_1_639' title='bbox 1054 4464 1125 4520; x_wconf 91' lang='lat' dir='ltr'><strong>ab</strong></span> <span class='ocrx_word' id='word_1_640' title='bbox 1156 4479 1226 4521; x_wconf 91' lang='lat' dir='ltr'><strong>eo</strong></span> <span class='ocrx_word' id='word_1_641' title='bbox 1259 4464 1422 4535; x_wconf 91' lang='lat' dir='ltr'><strong>quasi</strong></span> <span class='ocrx_word' id='word_1_642' title='bbox 1457 4463 1633 4536; x_wconf 88' lang='lat' dir='ltr'><strong>regia</strong></span> <span class='ocrx_word' id='word_1_643' title='bbox 1666 4464 1927 4535; x_wconf 91' lang='lat' dir='ltr'><strong>pontifex</strong></span> <span class='ocrx_word' id='word_1_644' title='bbox 1956 4444 2009 4504; x_wconf 83' lang='grc' dir='ltr'><strong>Ῑ)</strong></span> <span class='ocrx_word' id='word_1_645' title='bbox 2041 4444 2151 4520; x_wconf 83' lang='lat' dir='ltr'><strong>non</strong></span> <span class='ocrx_word' id='word_1_646' title='bbox 2186 4463 2353 4533; x_wconf 87' lang='lat' dir='ltr'><strong>longe</strong></span> <span class='ocrx_word' id='word_1_647' title='bbox 2386 4467 2514 4536; x_wconf 92' lang='lat' dir='ltr'><strong>post</strong></span> <span class='ocrx_word' id='word_1_648' title='bbox 2543 4444 2871 4534; x_wconf 81' lang='lat' dir='ltr'><strong>episcopus,</strong></span> <span class='ocrx_word' id='word_1_649' title='bbox 2897 4477 3002 4534; x_wconf 91' lang='lat' dir='ltr'><strong>pro</strong></span> <span class='ocrx_word' id='word_1_650' title='bbox 3035 4461 3294 4518; x_wconf 87' lang='lat' dir='ltr'><strong>facienda</strong></span> <span class='ocrx_word' id='word_1_651' title='bbox 3328 4461 3680 4519; x_wconf 90' lang='lat' dir='ltr'><strong>adunatione</strong></span> 
     </span>
    </p>
   </div>
   <div class='ocr_carea' id='block_1_94' title="bbox 288 4549 1928 4624">
    <p class='ocr_par' dir='ltr' id='par_1_94' title="bbox 288 4549 1928 4624">
     <span class='ocr_line' id='line_1_94' title="bbox 288 4549 1928 4624; baseline 0.002 -20"><span class='ocrx_word' id='word_1_652' title='bbox 288 4549 542 4608; x_wconf 82' lang='lat' dir='ltr'><strong>civitatis</strong></span> <span class='ocrx_word' id='word_1_653' title='bbox 567 4570 580 4606; x_wconf 90' lang='lat'><strong>:</strong></span> <span class='ocrx_word' id='word_1_654' title='bbox 605 4550 707 4608; x_wconf 91' lang='lat' dir='ltr'><strong>sed</strong></span> <span class='ocrx_word' id='word_1_655' title='bbox 724 4552 856 4624; x_wconf 92' lang='lat' dir='ltr'><strong>quia</strong></span> <span class='ocrx_word' id='word_1_656' title='bbox 873 4567 1163 4623; x_wconf 86' lang='lat' dir='ltr'><strong>reversus,</strong></span> <span class='ocrx_word' id='word_1_657' title='bbox 1179 4553 1445 4609; x_wconf 91' lang='lat' dir='ltr'><strong>eumdem</strong></span> <span class='ocrx_word' id='word_1_658' title='bbox 1462 4552 1648 4624; x_wconf 89' lang='lat' dir='ltr'><strong>ipsum</strong></span> <span class='ocrx_word' id='word_1_659' title='bbox 1670 4566 1928 4609; x_wconf 88' lang='lat' dir='ltr'><strong>errorem</strong></span> 
     </span>
    </p>
   </div>
   <div class='ocr_carea' id='block_1_95' title="bbox 291 4639 1928 4712">
    <p class='ocr_par' dir='ltr' id='par_1_95' title="bbox 291 4639 1928 4712">
     <span class='ocr_line' id='line_1_95' title="bbox 291 4639 1928 4712; baseline 0.002 -20"><span class='ocrx_word' id='word_1_660' title='bbox 291 4639 547 4712; x_wconf 87' lang='lat' dir='ltr'><strong>repetiit,</strong></span> <span class='ocrx_word' id='word_1_661' title='bbox 583 4647 940 4698; x_wconf 90' lang='lat' dir='ltr'><strong>memoratus</strong></span> <span class='ocrx_word' id='word_1_662' title='bbox 987 4656 1132 4712; x_wconf 89' lang='lat' dir='ltr'><strong>papa</strong></span> <span class='ocrx_word' id='word_1_663' title='bbox 1173 4639 1526 4710; x_wconf 90' lang='lat' dir='ltr'><strong>Theodorus,</strong></span> <span class='ocrx_word' id='word_1_664' title='bbox 1559 4639 1928 4697; x_wconf 89' lang='lat' dir='ltr'><strong>sacerdotum</strong></span> 
     </span>
    </p>
   </div>
   <div class='ocr_carea' id='block_1_96' title="bbox 293 4727 1930 4800">
    <p class='ocr_par' dir='ltr' id='par_1_96' title="bbox 293 4727 1930 4800">
     <span class='ocr_line' id='line_1_96' title="bbox 293 4727 1930 4800; baseline 0 -16"><span class='ocrx_word' id='word_1_665' title='bbox 293 4729 507 4800; x_wconf 84' lang='lat' dir='ltr'><strong>synodo</strong></span> <span class='ocrx_word' id='word_1_666' title='bbox 528 4730 811 4787; x_wconf 85' lang='lat' dir='ltr'><strong>advocata</strong></span> <span class='ocrx_word' id='word_1_667' title='bbox 836 4730 889 4785; x_wconf 93' lang='lat' dir='ltr'><strong>in</strong></span> <span class='ocrx_word' id='word_1_668' title='bbox 915 4729 1149 4787; x_wconf 89' lang='lat' dir='ltr'><strong>basilica</strong></span> <span class='ocrx_word' id='word_1_669' title='bbox 1175 4729 1328 4786; x_wconf 91' lang='lat' dir='ltr'><strong>beati</strong></span> <span class='ocrx_word' id='word_1_670' title='bbox 1346 4727 1930 4800; x_wconf 90' lang='lat' dir='ltr'><strong>PetriApostolicon-</strong></span> 
     </span>
    </p>
   </div>
   <div class='ocr_carea' id='block_1_97' title="bbox 293 4815 1923 4890">
    <p class='ocr_par' dir='ltr' id='par_1_97' title="bbox 293 4815 1923 4890">
     <span class='ocr_line' id='line_1_97' title="bbox 293 4815 1923 4890; baseline 0.002 -18"><span class='ocrx_word' id='word_1_671' title='bbox 293 4815 580 4873; x_wconf 89' lang='lat' dir='ltr'><strong>demnavit</strong></span> <span class='ocrx_word' id='word_1_672' title='bbox 607 4817 793 4890; x_wconf 91' lang='lat' dir='ltr'><strong>ipsum</strong></span> <span class='ocrx_word' id='word_1_673' title='bbox 825 4818 1108 4890; x_wconf 89' lang='lat' dir='ltr'><strong>Pyrrhum</strong></span> <span class='ocrx_word' id='word_1_674' title='bbox 1133 4818 1240 4875; x_wconf 92' lang='lat' dir='ltr'><strong>sub</strong></span> <span class='ocrx_word' id='word_1_675' title='bbox 1261 4817 1494 4875; x_wconf 92' lang='lat' dir='ltr'><strong>vinculo</strong></span> <span class='ocrx_word' id='word_1_676' title='bbox 1515 4816 1923 4874; x_wconf 90' lang='lat' dir='ltr'><strong>anathematis.</strong></span> 
     </span>
    </p>
   </div>
   <div class='ocr_carea' id='block_1_98' title="bbox 362 4906 1928 4980">
    <p class='ocr_par' dir='ltr' id='par_1_98' title="bbox 362 4906 1928 4980">
     <span class='ocr_line' id='line_1_98' title="bbox 362 4906 1928 4980; baseline 0.001 -17"><span class='ocrx_word' id='word_1_677' title='bbox 362 4907 507 4980; x_wconf 76' lang='grc'><strong>[642]</strong></span> <span class='ocrx_word' id='word_1_678' title='bbox 543 4907 958 4965; x_wconf 91' lang='lat' dir='ltr'><strong>Constantinus</strong></span> <span class='ocrx_word' id='word_1_679' title='bbox 1005 4907 1157 4964; x_wconf 91' lang='lat' dir='ltr'><strong>ﬁlius</strong></span> <span class='ocrx_word' id='word_1_680' title='bbox 1199 4906 1446 4964; x_wconf 87' lang='lat' dir='ltr'><strong>Heraclii</strong></span> <span class='ocrx_word' id='word_1_681' title='bbox 1481 4906 1777 4964; x_wconf 89' lang='lat' dir='ltr'><strong>mensibus</strong></span> <span class='ocrx_word' id='word_1_682' title='bbox 1806 4921 1928 4964; x_wconf 90' lang='lat' dir='ltr'><strong>sex.</strong></span> 
     </span>
    </p>
   </div>
   <div class='ocr_carea' id='block_1_99' title="bbox 295 4994 1933 5069">
    <p class='ocr_par' dir='ltr' id='par_1_99' title="bbox 295 4994 1933 5069">
     <span class='ocr_line' id='line_1_99' title="bbox 295 4994 1933 5069; baseline 0.001 -18"><span class='ocrx_word' id='word_1_683' title='bbox 295 4994 495 5067; x_wconf 87' lang='lat' dir='ltr'><strong>Pyrrhi</strong></span> <span class='ocrx_word' id='word_1_684' title='bbox 528 5011 833 5056; x_wconf 86' lang='lat' dir='ltr'><strong>successor</strong></span> <span class='ocrx_word' id='word_1_685' title='bbox 863 4996 1096 5069; x_wconf 89' lang='lat' dir='ltr'><strong>Paulus,</strong></span> <span class='ocrx_word' id='word_1_686' title='bbox 1132 5011 1242 5054; x_wconf 94' lang='lat' dir='ltr'><strong>non</strong></span> <span class='ocrx_word' id='word_1_687' title='bbox 1265 5000 1490 5053; x_wconf 91' lang='lat' dir='ltr'><strong>tantum</strong></span> <span class='ocrx_word' id='word_1_688' title='bbox 1524 4994 1801 5067; x_wconf 89' lang='lat' dir='ltr'><strong>pestifera</strong></span> <span class='ocrx_word' id='word_1_689' title='bbox 1835 4995 1933 5052; x_wconf 87' lang='lat' dir='ltr'><strong>do-</strong></span> 
     </span>
    </p>
   </div>
   <div class='ocr_carea' id='block_1_100' title="bbox 293 5083 1932 5158">
    <p class='ocr_par' dir='ltr' id='par_1_100' title="bbox 293 5083 1932 5158">
     <span class='ocr_line' id='line_1_100' title="bbox 293 5083 1932 5158; baseline 0 -18"><span class='ocrx_word' id='word_1_690' title='bbox 293 5085 475 5142; x_wconf 88' lang='lat' dir='ltr'><strong>ctrina</strong></span> <span class='ocrx_word' id='word_1_691' title='bbox 499 5086 651 5143; x_wconf 90' lang='lat' dir='ltr'><strong>sicut</strong></span> <span class='ocrx_word' id='word_1_692' title='bbox 669 5085 940 5144; x_wconf 90' lang='lat' dir='ltr'><strong>decessor</strong></span> <span class='ocrx_word' id='word_1_693' title='bbox 961 5087 1106 5158; x_wconf 90' lang='lat' dir='ltr'><strong>ejus,</strong></span> <span class='ocrx_word' id='word_1_694' title='bbox 1121 5087 1221 5144; x_wconf 91' lang='lat' dir='ltr'><strong>sed</strong></span> <span class='ocrx_word' id='word_1_695' title='bbox 1235 5090 1292 5142; x_wconf 91' lang='lat' dir='ltr'><strong>et</strong></span> <span class='ocrx_word' id='word_1_696' title='bbox 1309 5090 1509 5157; x_wconf 90' lang='lat' dir='ltr'><strong>aperta</strong></span> <span class='ocrx_word' id='word_1_697' title='bbox 1527 5083 1932 5156; x_wconf 89' lang='lat' dir='ltr'><strong>persecutione</strong></span> 
     </span>
    </p>
   </div>
   <div class='ocr_carea' id='block_1_101' title="bbox 293 5173 1934 5248">
    <p class='ocr_par' dir='ltr' id='par_1_101' title="bbox 293 5173 1934 5248">
     <span class='ocr_line' id='line_1_101' title="bbox 293 5173 1934 5248; baseline 0.001 -18"><span class='ocrx_word' id='word_1_698' title='bbox 293 5173 611 5232; x_wconf 88' lang='lat' dir='ltr'><strong>catholicos</strong></span> <span class='ocrx_word' id='word_1_699' title='bbox 631 5175 856 5232; x_wconf 88' lang='lat' dir='ltr'><strong>cruciat</strong></span> <span class='ocrx_word' id='word_1_700' title='bbox 881 5195 894 5231; x_wconf 89' lang='lat'>:</span> <span class='ocrx_word' id='word_1_701' title='bbox 917 5175 1302 5248; x_wconf 90' lang='lat' dir='ltr'><strong>apocrisarios</strong></span> <span class='ocrx_word' id='word_1_702' title='bbox 1315 5178 1528 5231; x_wconf 79' lang='lat' dir='ltr'><strong>sancta</strong></span> <span class='ocrx_word' id='word_1_703' title='bbox 1543 5174 1810 5229; x_wconf 87' lang='lat' dir='ltr'><strong>Romana</strong></span> <span class='ocrx_word' id='word_1_704' title='bbox 1834 5173 1934 5231; x_wconf 79' lang='lat' dir='ltr'><strong>Ec-</strong></span> 
     </span>
    </p>
   </div>
   <div class='ocr_carea' id='block_1_102' title="bbox 293 5261 1935 5335">
    <p class='ocr_par' dir='ltr' id='par_1_102' title="bbox 293 5261 1935 5335">
     <span class='ocr_line' id='line_1_102' title="bbox 293 5261 1935 5335; baseline -0.001 -17"><span class='ocrx_word' id='word_1_705' title='bbox 293 5261 480 5321; x_wconf 82' lang='lat' dir='ltr'><strong>clesia</strong></span> <span class='ocrx_word' id='word_1_706' title='bbox 510 5263 610 5335; x_wconf 90' lang='lat' dir='ltr'><strong>qui</strong></span> <span class='ocrx_word' id='word_1_707' title='bbox 633 5263 707 5320; x_wconf 91' lang='lat' dir='ltr'><strong>ad</strong></span> <span class='ocrx_word' id='word_1_708' title='bbox 731 5264 858 5334; x_wconf 92' lang='lat' dir='ltr'><strong>ejus</strong></span> <span class='ocrx_word' id='word_1_709' title='bbox 885 5263 1306 5322; x_wconf 91' lang='lat' dir='ltr'><strong>correctionem</strong></span> <span class='ocrx_word' id='word_1_710' title='bbox 1339 5262 1495 5320; x_wconf 90' lang='lat' dir='ltr'><strong>missi</strong></span> <span class='ocrx_word' id='word_1_711' title='bbox 1529 5262 1780 5332; x_wconf 86' lang='lat' dir='ltr'><strong>fuerant,</strong></span> <span class='ocrx_word' id='word_1_712' title='bbox 1807 5276 1935 5332; x_wconf 89' lang='lat' dir='ltr'><strong>par-</strong></span> 
     </span>
    </p>
   </div>
   <div class='ocr_carea' id='block_1_103' title="bbox 298 5347 1936 5425">
    <p class='ocr_par' dir='ltr' id='par_1_103' title="bbox 298 5347 1936 5425">
     <span class='ocr_line' id='line_1_103' title="bbox 298 5347 1936 5425; baseline 0.002 -22"><span class='ocrx_word' id='word_1_713' title='bbox 298 5351 391 5407; x_wconf 92' lang='lat' dir='ltr'><strong>tim</strong></span> <span class='ocrx_word' id='word_1_714' title='bbox 424 5352 790 5423; x_wconf 90' lang='lat' dir='ltr'><strong>carceribus,</strong></span> <span class='ocrx_word' id='word_1_715' title='bbox 808 5353 1016 5425; x_wconf 90' lang='lat' dir='ltr'><strong>partim</strong></span> <span class='ocrx_word' id='word_1_716' title='bbox 1047 5351 1288 5422; x_wconf 88' lang='lat' dir='ltr'><strong>exsiliis,</strong></span> <span class='ocrx_word' id='word_1_717' title='bbox 1322 5350 1532 5424; x_wconf 92' lang='lat' dir='ltr'><strong>partim</strong></span> <span class='ocrx_word' id='word_1_718' title='bbox 1562 5347 1936 5406; x_wconf 90' lang='lat' dir='ltr'><strong>verberibus-</strong></span> 
     </span>
    </p>
   </div>
   <div class='ocr_carea' id='block_1_104' title="bbox 299 5437 1936 5499">
    <p class='ocr_par' dir='ltr' id='par_1_104' title="bbox 299 5437 1936 5499">
     <span class='ocr_line' id='line_1_104' title="bbox 299 5437 1936 5499; baseline 0.002 -7"><span class='ocrx_word' id='word_1_719' title='bbox 299 5438 544 5499; x_wconf 81' lang='lat' dir='ltr'><strong>afﬁciens</strong></span> <span class='ocrx_word' id='word_1_720' title='bbox 577 5459 592 5496; x_wconf 90' lang='lat'>:</span> <span class='ocrx_word' id='word_1_721' title='bbox 629 5439 730 5498; x_wconf 92' lang='lat' dir='ltr'><strong>sed</strong></span> <span class='ocrx_word' id='word_1_722' title='bbox 755 5443 814 5496; x_wconf 93' lang='lat' dir='ltr'><strong>et</strong></span> <span class='ocrx_word' id='word_1_723' title='bbox 837 5439 1021 5498; x_wconf 91' lang='lat' dir='ltr'><strong>altare</strong></span> <span class='ocrx_word' id='word_1_724' title='bbox 1043 5455 1243 5498; x_wconf 92' lang='lat' dir='ltr'><strong>eorum</strong></span> <span class='ocrx_word' id='word_1_725' title='bbox 1274 5439 1330 5496; x_wconf 92' lang='lat' dir='ltr'><strong>in</strong></span> <span class='ocrx_word' id='word_1_726' title='bbox 1353 5440 1520 5497; x_wconf 92' lang='lat' dir='ltr'><strong>domo</strong></span> <span class='ocrx_word' id='word_1_727' title='bbox 1550 5437 1820 5495; x_wconf 89' lang='lat' dir='ltr'><strong>Placidia</strong></span> <span class='ocrx_word' id='word_1_728' title='bbox 1842 5452 1936 5495; x_wconf 89' lang='lat' dir='ltr'><strong>sas</strong></span> 
     </span>
    </p>
   </div>
   <div class='ocr_carea' id='block_1_105' title="bbox 300 5525 1933 5600">
    <p class='ocr_par' dir='ltr' id='par_1_105' title="bbox 300 5525 1933 5600">
     <span class='ocr_line' id='line_1_105' title="bbox 300 5525 1933 5600; baseline -0.001 -16"><span class='ocrx_word' id='word_1_729' title='bbox 300 5533 516 5589; x_wconf 87' lang='lat' dir='ltr'><strong>cratum</strong></span> <span class='ocrx_word' id='word_1_730' title='bbox 553 5530 614 5588; x_wconf 90' lang='lat' dir='ltr'><strong>in</strong></span> <span class='ocrx_word' id='word_1_731' title='bbox 645 5527 968 5588; x_wconf 89' lang='lat' dir='ltr'><strong>venerabili</strong></span> <span class='ocrx_word' id='word_1_732' title='bbox 1008 5529 1244 5588; x_wconf 89' lang='lat' dir='ltr'><strong>oraculo</strong></span> <span class='ocrx_word' id='word_1_733' title='bbox 1291 5529 1641 5589; x_wconf 87' lang='lat' dir='ltr'><strong>subvertens</strong></span> <span class='ocrx_word' id='word_1_734' title='bbox 1669 5525 1933 5600; x_wconf 89' lang='lat' dir='ltr'><strong>diripuit,</strong></span> 
     </span>
    </p>
   </div>
   <div class='ocr_carea' id='block_1_106' title="bbox 2040 4549 3680 4622">
    <p class='ocr_par' dir='ltr' id='par_1_106' title="bbox 2040 4549 3680 4622">
     <span class='ocr_line' id='line_1_106' title="bbox 2040 4549 3680 4622; baseline -0.002 -15"><span class='ocrx_word' id='word_1_735' title='bbox 2040 4552 2140 4607; x_wconf 90' lang='lat' dir='ltr'><strong>Dei</strong></span> <span class='ocrx_word' id='word_1_736' title='bbox 2172 4551 2577 4609; x_wconf 90' lang='lat' dir='ltr'><strong>Ecelesiarum.</strong></span> <span class='ocrx_word' id='word_1_737' title='bbox 2605 4551 2712 4619; x_wconf 90' lang='lat' dir='ltr'><strong>Qui</strong></span> <span class='ocrx_word' id='word_1_738' title='bbox 2747 4549 3158 4621; x_wconf 90' lang='lat' dir='ltr'><strong>benignissime</strong></span> <span class='ocrx_word' id='word_1_739' title='bbox 3192 4549 3447 4622; x_wconf 92' lang='lat' dir='ltr'><strong>suscepti</strong></span> <span class='ocrx_word' id='word_1_740' title='bbox 3482 4565 3512 4606; x_wconf 89' lang='lat' dir='ltr'><strong>a</strong></span> <span class='ocrx_word' id='word_1_741' title='bbox 3547 4549 3680 4606; x_wconf 85' lang='lat' dir='ltr'><strong>fidei</strong></span> 
     </span>
    </p>
   </div>
   <div class='ocr_carea' id='block_1_107' title="bbox 2038 4637 3681 4709">
    <p class='ocr_par' dir='ltr' id='par_1_107' title="bbox 2038 4637 3681 4709">
     <span class='ocr_line' id='line_1_107' title="bbox 2038 4637 3681 4709; baseline -0.003 -12"><span class='ocrx_word' id='word_1_742' title='bbox 2038 4639 2340 4698; x_wconf 89' lang='lat' dir='ltr'><strong>catholica</strong></span> <span class='ocrx_word' id='word_1_743' title='bbox 2372 4640 2676 4696; x_wconf 91' lang='lat' dir='ltr'><strong>defensore</strong></span> <span class='ocrx_word' id='word_1_744' title='bbox 2707 4638 3106 4708; x_wconf 90' lang='lat' dir='ltr'><strong>Constantino,</strong></span> <span class='ocrx_word' id='word_1_745' title='bbox 3126 4637 3271 4708; x_wconf 92' lang='lat' dir='ltr'><strong>jussi</strong></span> <span class='ocrx_word' id='word_1_746' title='bbox 3297 4643 3454 4709; x_wconf 89' lang='lat' dir='ltr'><strong>sunt,</strong></span> <span class='ocrx_word' id='word_1_747' title='bbox 3482 4638 3681 4694; x_wconf 91' lang='lat' dir='ltr'><strong>remis-</strong></span> 
     </span>
    </p>
   </div>
   <div class='ocr_carea' id='block_1_108' title="bbox 2040 4725 3681 4801">
    <p class='ocr_par' dir='ltr' id='par_1_108' title="bbox 2040 4725 3681 4801">
     <span class='ocr_line' id='line_1_108' title="bbox 2040 4725 3681 4801; baseline -0.004 -13"><span class='ocrx_word' id='word_1_748' title='bbox 2040 4729 2122 4788; x_wconf 90' lang='lat' dir='ltr'><strong>sis</strong></span> <span class='ocrx_word' id='word_1_749' title='bbox 2151 4728 2644 4801; x_wconf 78' lang='lat' dir='ltr'><strong>diSputationibus</strong></span> <span class='ocrx_word' id='word_1_750' title='bbox 2669 4726 3100 4800; x_wconf 88' lang='lat' dir='ltr'><strong>philosophicis,</strong></span> <span class='ocrx_word' id='word_1_751' title='bbox 3129 4727 3370 4799; x_wconf 89' lang='lat' dir='ltr'><strong>paciﬁco</strong></span> <span class='ocrx_word' id='word_1_752' title='bbox 3391 4725 3681 4796; x_wconf 92' lang='lat' dir='ltr'><strong>colloquio</strong></span> 
     </span>
    </p>
   </div>
   <div class='ocr_carea' id='block_1_109' title="bbox 2041 4815 3683 4889">
    <p class='ocr_par' dir='ltr' id='par_1_109' title="bbox 2041 4815 3683 4889">
     <span class='ocr_line' id='line_1_109' title="bbox 2041 4815 3683 4889; baseline -0.005 -13"><span class='ocrx_word' id='word_1_753' title='bbox 2041 4822 2112 4876; x_wconf 92' lang='lat' dir='ltr'><strong>de</strong></span> <span class='ocrx_word' id='word_1_754' title='bbox 2135 4833 2271 4875; x_wconf 89' lang='lat' dir='ltr'><strong>vera</strong></span> <span class='ocrx_word' id='word_1_755' title='bbox 2297 4817 2408 4873; x_wconf 90' lang='lat' dir='ltr'><strong>ﬁde</strong></span> <span class='ocrx_word' id='word_1_756' title='bbox 2431 4816 2794 4889; x_wconf 90' lang='lat' dir='ltr'><strong>perquirere,</strong></span> <span class='ocrx_word' id='word_1_757' title='bbox 2811 4816 3061 4874; x_wconf 89' lang='lat' dir='ltr'><strong>datiseis</strong></span> <span class='ocrx_word' id='word_1_758' title='bbox 3077 4817 3147 4873; x_wconf 92' lang='lat' dir='ltr'><strong>de</strong></span> <span class='ocrx_word' id='word_1_759' title='bbox 3173 4815 3525 4872; x_wconf 88' lang='lat' dir='ltr'><strong>bibliotheca</strong></span> <span class='ocrx_word' id='word_1_760' title='bbox 3545 4816 3683 4868; x_wconf 92' lang='lat' dir='ltr'><strong>Con-</strong></span> 
     </span>
    </p>
   </div>
   <div class='ocr_carea' id='block_1_110' title="bbox 2043 4903 3683 4978">
    <p class='ocr_par' dir='ltr' id='par_1_110' title="bbox 2043 4903 3683 4978">
     <span class='ocr_line' id='line_1_110' title="bbox 2043 4903 3683 4978; baseline -0.004 -15"><span class='ocrx_word' id='word_1_761' title='bbox 2043 4904 2559 4978; x_wconf 88' lang='lat' dir='ltr'><strong>stantinopolitana</strong></span> <span class='ocrx_word' id='word_1_762' title='bbox 2588 4903 3007 4962; x_wconf 91' lang='lat' dir='ltr'><strong>catholicorum</strong></span> <span class='ocrx_word' id='word_1_763' title='bbox 3049 4907 3306 4974; x_wconf 90' lang='lat' dir='ltr'><strong>Patrum,</strong></span> <span class='ocrx_word' id='word_1_764' title='bbox 3333 4917 3477 4972; x_wconf 92' lang='lat' dir='ltr'><strong>quos</strong></span> <span class='ocrx_word' id='word_1_765' title='bbox 3521 4904 3683 4971; x_wconf 83' lang='lat' dir='ltr'><strong>pete-</strong></span> 
     </span>
    </p>
   </div>
   <div class='ocr_carea' id='block_1_111' title="bbox 2044 4991 3682 5067">
    <p class='ocr_par' dir='ltr' id='par_1_111' title="bbox 2044 4991 3682 5067">
     <span class='ocr_line' id='line_1_111' title="bbox 2044 4991 3682 5067; baseline -0.004 -15"><span class='ocrx_word' id='word_1_766' title='bbox 2044 4997 2163 5067; x_wconf 87' lang='lat' dir='ltr'><strong>bat,</strong></span> <span class='ocrx_word' id='word_1_767' title='bbox 2190 4994 2422 5052; x_wconf 91' lang='lat' dir='ltr'><strong>libellis.</strong></span> <span class='ocrx_word' id='word_1_768' title='bbox 2450 4995 2755 5052; x_wconf 86' lang='lat' dir='ltr'><strong>Af’l‘uerunt</strong></span> <span class='ocrx_word' id='word_1_769' title='bbox 2779 4997 2973 5051; x_wconf 88' lang='lat' dir='ltr'><strong>autem</strong></span> <span class='ocrx_word' id='word_1_770' title='bbox 3005 4999 3062 5050; x_wconf 89' lang='lat' dir='ltr'><strong>et</strong></span> <span class='ocrx_word' id='word_1_771' title='bbox 3088 4991 3343 5064; x_wconf 92' lang='lat' dir='ltr'><strong>episcopi</strong></span> <span class='ocrx_word' id='word_1_772' title='bbox 3368 4993 3600 5046; x_wconf 90' lang='lat' dir='ltr'><strong>centum</strong></span> <span class='ocrx_word' id='word_1_773' title='bbox 3625 4994 3682 5047; x_wconf 93' lang='lat' dir='ltr'><strong>et</strong></span> 
     </span>
    </p>
   </div>
   <div class='ocr_carea' id='block_1_112' title="bbox 2044 5077 3685 5156">
    <p class='ocr_par' dir='ltr' id='par_1_112' title="bbox 2044 5077 3685 5156">
     <span class='ocr_line' id='line_1_112' title="bbox 2044 5077 3685 5156; baseline -0.001 -15"><span class='ocrx_word' id='word_1_774' title='bbox 2044 5084 2484 5156; x_wconf 89' lang='lat' dir='ltr'><strong>quinquaginta,</strong></span> <span class='ocrx_word' id='word_1_775' title='bbox 2501 5082 2852 5156; x_wconf 81' lang='lat' dir='ltr'><strong>prasidente</strong></span> <span class='ocrx_word' id='word_1_776' title='bbox 2867 5082 3142 5153; x_wconf 91' lang='lat' dir='ltr'><strong>Gregorio</strong></span> <span class='ocrx_word' id='word_1_777' title='bbox 3156 5077 3487 5151; x_wconf 90' lang='lat' dir='ltr'><strong>patriarcha</strong></span> <span class='ocrx_word' id='word_1_778' title='bbox 3506 5079 3685 5150; x_wconf 85' lang='lat' dir='ltr'><strong>regia</strong></span> 
     </span>
    </p>
   </div>
   <div class='ocr_carea' id='block_1_113' title="bbox 2044 5167 3704 5244">
    <p class='ocr_par' dir='ltr' id='par_1_113' title="bbox 2044 5167 3704 5244">
     <span class='ocr_line' id='line_1_113' title="bbox 2044 5167 3704 5244; baseline -0.001 -14"><span class='ocrx_word' id='word_1_779' title='bbox 2044 5173 2226 5244; x_wconf 92' lang='lat' dir='ltr'><strong>urbis,</strong></span> <span class='ocrx_word' id='word_1_780' title='bbox 2255 5177 2315 5231; x_wconf 91' lang='lat' dir='ltr'><strong>et</strong></span> <span class='ocrx_word' id='word_1_781' title='bbox 2348 5172 2593 5230; x_wconf 82' lang='lat' dir='ltr'><strong>Macario</strong></span> <span class='ocrx_word' id='word_1_782' title='bbox 2625 5172 2963 5231; x_wconf 85' lang='lat' dir='ltr'><strong>Antiochia.</strong></span> <span class='ocrx_word' id='word_1_783' title='bbox 2997 5167 3252 5226; x_wconf 91' lang='lat' dir='ltr'><strong>Convicti</strong></span> <span class='ocrx_word' id='word_1_784' title='bbox 3305 5172 3438 5224; x_wconf 92' lang='lat' dir='ltr'><strong>sunt</strong></span> <span class='ocrx_word' id='word_1_785' title='bbox 3487 5169 3704 5240; x_wconf 68' lang='lat' dir='ltr'><strong>itaque.</strong></span> 
     </span>
    </p>
   </div>
   <div class='ocr_carea' id='block_1_114' title="bbox 2045 5257 3686 5334">
    <p class='ocr_par' dir='ltr' id='par_1_114' title="bbox 2045 5257 3686 5334">
     <span class='ocr_line' id='line_1_114' title="bbox 2045 5257 3686 5334; baseline -0.003 -15"><span class='ocrx_word' id='word_1_786' title='bbox 2045 5261 2146 5334; x_wconf 90' lang='lat' dir='ltr'><strong>qui</strong></span> <span class='ocrx_word' id='word_1_787' title='bbox 2179 5276 2346 5319; x_wconf 91' lang='lat' dir='ltr'><strong>unam</strong></span> <span class='ocrx_word' id='word_1_788' title='bbox 2379 5261 2738 5319; x_wconf 90' lang='lat' dir='ltr'><strong>voluntatem</strong></span> <span class='ocrx_word' id='word_1_789' title='bbox 2761 5266 2819 5316; x_wconf 91' lang='lat' dir='ltr'><strong>et</strong></span> <span class='ocrx_word' id='word_1_790' title='bbox 2843 5257 3237 5330; x_wconf 83' lang='lat' dir='ltr'><strong>Operationem</strong></span> <span class='ocrx_word' id='word_1_791' title='bbox 3262 5259 3603 5315; x_wconf 90' lang='lat' dir='ltr'><strong>astruebant</strong></span> <span class='ocrx_word' id='word_1_792' title='bbox 3630 5258 3686 5314; x_wconf 93' lang='lat' dir='ltr'><strong>in</strong></span> 
     </span>
    </p>
   </div>
   <div class='ocr_carea' id='block_1_115' title="bbox 2046 5346 3684 5422">
    <p class='ocr_par' dir='ltr' id='par_1_115' title="bbox 2046 5346 3684 5422">
     <span class='ocr_line' id='line_1_115' title="bbox 2046 5346 3684 5422; baseline -0.005 -14"><span class='ocrx_word' id='word_1_793' title='bbox 2046 5350 2296 5422; x_wconf 91' lang='lat' dir='ltr'><strong>Christo,</strong></span> <span class='ocrx_word' id='word_1_794' title='bbox 2333 5351 2570 5410; x_wconf 89' lang='lat' dir='ltr'><strong>falsasse</strong></span> <span class='ocrx_word' id='word_1_795' title='bbox 2601 5348 3018 5406; x_wconf 89' lang='lat' dir='ltr'><strong>catholicorum</strong></span> <span class='ocrx_word' id='word_1_796' title='bbox 3051 5346 3288 5403; x_wconf 89' lang='lat' dir='ltr'><strong>Patrum</strong></span> <span class='ocrx_word' id='word_1_797' title='bbox 3328 5346 3684 5420; x_wconf 89' lang='lat' dir='ltr'><strong>perplurima</strong></span> 
     </span>
    </p>
   </div>
   <div class='ocr_carea' id='block_1_116' title="bbox 2045 5433 3684 5507">
    <p class='ocr_par' dir='ltr' id='par_1_116' title="bbox 2045 5433 3684 5507">
     <span class='ocr_line' id='line_1_116' title="bbox 2045 5433 3684 5507; baseline -0.007 -9"><span class='ocrx_word' id='word_1_798' title='bbox 2045 5440 2220 5499; x_wconf 90' lang='lat' dir='ltr'><strong>dicta.</strong></span> <span class='ocrx_word' id='word_1_799' title='bbox 2249 5440 2436 5498; x_wconf 84' lang='lat' dir='ltr'><strong>Finito</strong></span> <span class='ocrx_word' id='word_1_800' title='bbox 2465 5437 2762 5507; x_wconf 88' lang='lat' dir='ltr'><strong>conflictu,</strong></span> <span class='ocrx_word' id='word_1_801' title='bbox 2788 5433 3069 5504; x_wconf 89' lang='lat' dir='ltr'><strong>Georgius</strong></span> <span class='ocrx_word' id='word_1_802' title='bbox 3097 5441 3406 5496; x_wconf 91' lang='lat' dir='ltr'><strong>correctus</strong></span> <span class='ocrx_word' id='word_1_803' title='bbox 3439 5439 3548 5493; x_wconf 93' lang='lat' dir='ltr'><strong>est.</strong></span> <span class='ocrx_word' id='word_1_804' title='bbox 3575 5434 3684 5489; x_wconf 85' lang='lat' dir='ltr'><strong>Ma-</strong></span> 
     </span>
    </p>
   </div>
   <div class='ocr_carea' id='block_1_117' title="bbox 2043 5519 3682 5598">
    <p class='ocr_par' dir='ltr' id='par_1_117' title="bbox 2043 5519 3682 5598">
     <span class='ocr_line' id='line_1_117' title="bbox 2043 5519 3682 5598; baseline -0.008 -9"><span class='ocrx_word' id='word_1_805' title='bbox 2043 5529 2240 5589; x_wconf 86' lang='lat' dir='ltr'><strong>carius</strong></span> <span class='ocrx_word' id='word_1_806' title='bbox 2258 5543 2399 5588; x_wconf 89' lang='lat' dir='ltr'><strong>vero</strong></span> <span class='ocrx_word' id='word_1_807' title='bbox 2418 5542 2550 5589; x_wconf 90' lang='lat' dir='ltr'><strong>cum</strong></span> <span class='ocrx_word' id='word_1_808' title='bbox 2574 5524 2697 5585; x_wconf 89' lang='lat' dir='ltr'><strong>suis</strong></span> <span class='ocrx_word' id='word_1_809' title='bbox 2719 5519 3067 5597; x_wconf 86' lang='lat' dir='ltr'><strong>sequacibus</strong></span> <span class='ocrx_word' id='word_1_810' title='bbox 3087 5524 3257 5586; x_wconf 89' lang='lat' dir='ltr'><strong>simul</strong></span> <span class='ocrx_word' id='word_1_811' title='bbox 3279 5530 3338 5585; x_wconf 90' lang='lat' dir='ltr'><strong>et</strong></span> <span class='ocrx_word' id='word_1_812' title='bbox 3362 5522 3682 5598; x_wconf 73' lang='lat' dir='ltr'><strong>pradeces-</strong></span> 
     </span>
    </p>
   </div>
   <div class='ocr_carea' id='block_1_118' title="bbox 3667 5797 3703 5823">
    <p class='ocr_par' dir='ltr' id='par_1_118' title="bbox 3667 5797 3703 5823">
     <span class='ocr_line' id='line_1_118' title="bbox 3667 5797 3703 5823; baseline 0 -24"><span class='ocrx_word' id='word_1_813' title='bbox 3667 5797 3703 5823; x_wconf 45' lang='grc' dir='ltr'><strong>ί.</strong></span> 
     </span>
    </p>
   </div>
  </div>
