4086 6178
360 269 471 331 illi

1391 261 1445 320 S.
1482 259 1738 320 ADONIS
1769 256 2206 318 ARCHIEPISC.
2247 253 2662 319 VIENNENSIS

3654 272 3762 330 116

363 399 614 471 soribus,
649 391 816 471 Cyro,
861 393 1080 468 Sergio,
1115 388 1388 464 Honorio,
1421 386 1664 464 Pyrrho,
1713 386 1913 460 Paulo,
1947 386 2006 444 et
2037 382 2093 446 A
2122 380 2790 458 defuncto,Grimoldum
2805 387 2985 450 ﬁlium
3007 385 3134 464 ejus
3156 389 3428 465 majorem
3453 390 3658 452 domus
3679 391 3762 452 in-

363 493 560 562 Petro,
591 486 1118 547 anathematizatus
1166 486 1254 540 est
1290 501 1304 540 :
1338 484 1398 538 et
1429 480 1486 538 in
1517 479 1642 538 loco
1675 478 1804 552 ejus
1829 479 2010 535 Theo-

365 579 590 653 phanus
610 579 789 636 abbas
804 577 875 634 de
899 573 1114 644 Sicilia,
1131 571 1441 646 episcopus
1458 567 1776 626 Antiochiae
1800 568 2004 625 factus.

362 671 658 740 Tantaque
688 665 878 738 gratia
927 662 1156 733 legatos
1199 659 1506 719 catholicae
1547 658 1706 731 pacis
1734 656 2010 714 comitata

362 762 474 829 est,
499 761 564 816 ut
583 759 833 813 Joannes
854 751 1200 810 Portuensis
1229 749 1561 822 epiSCOpus,
1589 745 1684 818 qui
1708 749 1834 802 erat
1861 759 2012 802 unus

366 863 440 904 ex
488 843 628 918 ipsis
658 841 952 898 Dominica
985 843 1323 898 octavarum
1357 836 1612 906 Paschas,
1647 833 1870 904 missas,
1906 847 2009 904 pu-

369 935 518 992 blice
541 933 596 989 in
618 930 866 989 ecclesia
889 933 1106 987 sanctae
1142 927 1390 1001 Sophim,
1425 938 1620 984 coram
1654 921 1918 996 principe
1951 926 2010 978 et

369 1021 701 1096 patriarcha
733 1019 932 1076 Latine
963 1017 1317 1076 celebraret.
1352 1017 1485 1072 Haec
1516 1015 1604 1070 est
1637 1015 1803 1070 sexta
1839 1012 2013 1084 Syno-

369 1112 479 1172 dus
498 1109 846 1170 universalis
872 1105 1373 1180 Constantinopoli
1394 1104 1788 1175 celebrata,et
1813 1101 2012 1157 Graeco

368 1215 634 1260 sermone
679 1198 1011 1272 conscripta
1063 1195 1428 1270 temporibus
1476 1208 1641 1267 papae
1672 1190 2010 1262 Agathonis,

369 1292 728 1364 exsequente
749 1293 807 1346 et
835 1287 1132 1346 residente
1153 1283 1532 1343 Constantino
1555 1281 1814 1356 piissimo
1837 1279 2014 1352 impe-

275 1367 283 1370 ’
371 1383 567 1437 ratore
591 1379 742 1435 intra
761 1375 1040 1450 palatium
1055 1389 1244 1446 suum,
1260 1372 1548 1448 simulque
1563 1370 2014 1442 legatisaposto-

373 1467 500 1526 licaa
522 1467 697 1538 sedis,
716 1471 774 1524 et
799 1465 1332 1539 epis00piscentum
1345 1465 1402 1520 et
1429 1459 1848 1533 quinquaginta
1873 1457 2014 1515 resi-

373 1555 665 1614 dentibus.
683 1555 874 1612 Prima
897 1554 1048 1611 enim
1073 1551 1422 1610 universalis
1443 1547 1706 1622 Synodus
1737 1547 1792 1603 in
1824 1545 2012 1604 Nicaea

370 1648 723 1716 congregata
751 1647 840 1702 est
871 1646 1075 1700 contra
1109 1641 1330 1713 Arium,
1355 1643 1754 1697 trecentorum
1777 1640 1832 1693 et
1859 1639 2016 1693 octo-

2121 473 2334 532 stituit.
2369 475 2490 533 Non
2543 475 2714 550 longe
2765 484 2894 553 post
2947 481 3222 540 defuncto
3255 483 3560 556 Sygiberto
3597 498 3757 556 rege,

2121 563 2430 624 Grimodus
2465 566 2618 626 ﬁlius
2637 569 2764 641 ejus
2797 585 3058 643 parvum,
3083 573 3474 644 Dagobertum
3508 573 3758 645 nomine,

2120 655 2399 728 totondit,
2425 671 2488 713 ac
2513 658 2734 714 Dodoni
2759 659 3105 719 Pictaviensi
3128 661 3402 734 episcOpo
3435 662 3542 720 sub
3569 665 3764 721 custo-

2123 741 2216 799 dia
2243 743 2472 816 dirigit:
2494 746 2694 803 Franci
2722 746 3034 819 plurimum
3058 749 3761 823 indeindignati,captum

2123 833 2478 892 Grimoldum
2503 834 2833 893 Chlodoveo
2858 837 3236 908 regitradunt
3263 858 3277 895 :
3306 839 3402 911 qui
3420 839 3611 912 posuit
3628 854 3762 896 eum

2121 922 2360 980 Parisiis
2392 922 2446 980 in
2479 924 2746 982 custodia
2781 943 2795 981 :
2831 925 3027 998 ibique
3052 926 3149 984 diu
3173 927 3565 1000 excruciatus,
3583 929 3763 986 vitam

2124 1010 2308 1068 ﬁnivit
2345 1031 2359 1068 :
2393 1011 2760 1071 Chlodoveus
2800 1029 2906 1072 rex
2952 1020 3175 1073 temere
3228 1031 3426 1088 agens,
3465 1016 3768 1076 brachium

2125 1100 2283 1157 beati
2301 1100 2554 1174 Dionysii
2573 1103 2848 1176 martyris
2868 1103 3135 1163 abscidit.
3154 1106 3240 1162 Ab
3253 1119 3323 1162 eo
3339 1111 3601 1180 tempore
3615 1105 3770 1167 sicut

2123 1191 2327 1248 Franci
2363 1197 2702 1264 tenuerunt,
2736 1207 2978 1264 regnum
3029 1195 3287 1268 ipsorum
3318 1196 3533 1254 cadere
3561 1199 3766 1271 cmpit,

2123 1279 2303 1338 variis
2331 1280 2566 1338 casibus
2596 1281 2986 1340 molestatum.
3013 1283 3380 1343 Chlodoveus
3410 1299 3534 1357 rex,
3569 1285 3775 1344 multis

2123 1368 2360 1428 illectus
2387 1369 2568 1441 vitiis,
2595 1371 2828 1428 tandem
2859 1387 2933 1429 ex
2966 1372 3219 1431 Baltilde
3243 1373 3441 1446 regina
3470 1377 3592 1432 tres
3616 1373 3772 1434 ﬁlios

2123 1457 2351 1532 habuit,
2389 1459 2768 1532 Chlotarium,
2804 1461 3192 1520 Childericum
3245 1467 3422 1535 atque
3460 1463 3774 1521 Theodori-

2123 1562 2274 1605 cum.
2291 1548 2868 1621 Justinianus,beataa
2883 1550 3474 1622 memoriae,Romanze
3498 1551 3774 1612 Ecclesiae

2126 1636 2458 1709 pontiﬁcem
2507 1639 2790 1712 Sergium,
2825 1639 2956 1710 quia
3001 1639 3230 1712 Synodo
3277 1641 3568 1699 haereseos
3600 1655 3773 1712 quam

373 1732 560 1791 decim
581 1734 840 1804 Patrum,
865 1730 1231 1804 temporibus
1253 1728 1387 1786 Julii
1422 1742 1584 1799 papae
1609 1727 1716 1784 sub
1741 1726 2016 1782 Constan—
2045 1750 2096 1810 Β
2131 1726 2632 1800 Constantinopoli
2659 1728 2896 1800 fecerat,
2917 1733 3118 1800 patere
3132 1733 3187 1787 et
3203 1730 3536 1788 suscribere
3562 1728 3772 1801 noluit,

375 1822 496 1879 tino
545 1820 825 1895 principe.
878 1819 1161 1892 Secunda,
1214 1814 1735 1888 Constantinopoli,
1778 1817 2014 1872 centum

377 1909 799 1983 quinquaginta
846 1911 1085 1968 Patrum
1132 1910 1336 1964 contra
1385 1905 1779 1963 Macedonium
1811 1906 1868 1958 et
1910 1903 2018 1958 Eu-

377 1998 1015 2072 doxium,temporibus
1034 1996 1260 2055 Damasi
1287 2012 1470 2070 papae,
1495 2000 1553 2051 et
1580 1993 1836 2051 Gratiani
1863 1991 2017 2064 prin-

375 2088 524 2163 cipis
545 2087 776 2162 quando
797 2087 1104 2146 Nectarius
1123 2086 1382 2158 ejusdem
1415 2085 1578 2143 urbis
1600 2087 1688 2140 est
1712 2082 2018 2140 ordinatus

375 2178 703 2252 episcopus.
736 2177 928 2235 Tertia
979 2177 1036 2233 in
1083 2177 1330 2248 Epheso,
1364 2175 1746 2232 ducentorum
1778 2173 2015 2228 Patrum

372 2271 577 2324 contra
603 2266 934 2323 Nestorium
963 2265 1299 2338 episcopum
1347 2267 1624 2335 Augusta:
1659 2261 1840 2332 urbis,
1872 2261 2023 2316 duas

377 2368 657 2426 personas
676 2354 732 2410 in
756 2353 994 2410 Domino
1013 2355 1146 2410 Jesu
1183 2351 1412 2410 Christo
1437 2351 1875 2426 praedicantem,
1911 2349 2017 2406 sub

373 2441 694 2500 Theodosio
752 2457 958 2514 magno
1012 2441 1296 2514 principe,
1357 2446 1416 2498 et
1475 2456 1621 2514 papa
1681 2439 2012 2496 Caelestino.

377 2532 618 2603 Quarta,
635 2531 688 2587 in
716 2530 1373 2602 Chalcedonia,Patrum
1399 2529 1555 2586 mille
1578 2533 1810 2586 centum
1835 2532 1890 2585 et
1915 2527 2020 2583 tri-

374 2619 535 2693 ginta
567 2621 676 2679 sub
707 2621 895 2678 Leone
927 2635 1096 2693 papa,
1121 2619 1488 2694 temporibus
1519 2614 1782 2676 Martiani
1810 2617 2020 2692 princi-

378 2709 487 2783 pis,
519 2712 723 2766 contra
756 2708 1074 2783 Eutychem
1116 2707 1658 2765 nefandissimorum
1710 2707 2017 2780 praesulem

379 2798 808 2856 monachorum.
833 2797 1044 2866 Quinta
1075 2801 1290 2870 autem,
1316 2797 1838 2871 Constantinopoli,
1871 2803 2020 2854 tem-

378 2887 620 2961 poribus
667 2885 860 2959 Vigilii
910 2903 1096 2960 papae,
1151 2888 1260 2944 sub
1289 2885 1614 2944 Iustiniano
1643 2886 2016 2960 imperatore,

375 2977 579 3034 contra
608 2973 971 3032 Theodorum
1003 2979 1062 3032 et
1093 2989 1294 3032 omnes
1333 2974 1659 3034 haereticos.
1695 2977 1868 3032 Sexta
1897 2975 2020 3032 haec

379 3065 450 3122 de
479 3079 592 3137 qua
623 3063 680 3120 in
711 3063 986 3137 praesenti
1020 3063 1146 3121 loco
1177 3062 1446 3120 diximus.
1475 3063 1832 3136 Sindulphus
1852 3065 2022 3122 Vien-

2049 3110 2100 3176 C

2130 1815 2304 1873 misso
2329 1817 2600 1876 Zacharia
2634 1821 3064 1892 protospatario
3093 1836 3220 1893 suo,
3241 1821 3414 1892 jussit
3449 1820 3778 1879 Constanti-

2128 1905 2380 1978 nopolim
2408 1907 2727 1979 deportari.
2747 1909 2856 1966 Sed
2883 1910 3163 1982 praevenit
3190 1910 3394 1967 militia
3418 1909 3777 1968 Ravennatis

2129 1994 2316 2066 urbis,
2343 1996 2782 2069 vicinarumque
2816 1996 3089 2071 partium,
3109 1999 3268 2070 jussa
3293 1999 3538 2056 nefanda
3566 1997 3779 2070 princi-

2127 2083 2217 2155 pis
2239 2087 2296 2140 et
2311 2087 2577 2143 eumdem
2593 2086 2920 2144 Zachariam
2945 2089 3017 2146 ab
3042 2089 3184 2146 urbe
3207 2089 3385 2146 Roma
3399 2087 3779 2168 contumeliis

2127 2176 2184 2228 et
2203 2171 2431 2245 injuriis
2453 2174 2818 2248 repulerunt.
2837 2175 3202 2236 Chlodoveus
3215 2192 3318 2235 rex
3331 2177 3568 2236 nimium
3597 2176 3781 2234 lubri-

2126 2276 2232 2318 cus
2262 2262 2538 2335 decessit,
2562 2279 2692 2322 cum
2718 2269 3019 2337 regnasset
3052 2267 3217 2324 annis
3245 2266 3537 2325 sexdecim
3569 2263 3775 2324 Franci

2129 2350 2524 2409 Chlotharium
2551 2352 2730 2411 ﬁlium
2745 2354 2874 2425 ejus
2893 2369 3086 2426 regem
3127 2355 3515 2414 constituunt.
3541 2354 3778 2413 Herebi-

2128 2439 2304 2497 noldo
2334 2440 2552 2511 majore
2585 2441 2790 2500 domus
2820 2443 3114 2515 defuncto,
3151 2445 3350 2501 Franci
3388 2444 3443 2500 in
3487 2443 3775 2502 incertum

2128 2534 2358 2599 euntes,
2385 2529 2698 2588 Ebroinum
2725 2531 2778 2586 in
2806 2531 2909 2589 hac
2935 2531 3219 2604 dignitate
3245 2538 3306 2590 ut
3335 2533 3516 2604 major
3539 2535 3692 2591 esset
3717 2531 3777 2589 in

2131 2615 2260 2674 aula
2295 2617 2452 2689 regia
2483 2619 2869 2678 constituunt.
2909 2620 3279 2678 Chlotharius
3313 2624 3565 2694 quatuor
3594 2635 3779 2680 annos

2131 2721 2383 2776 regnans
2414 2707 2580 2780 obiit,
2610 2709 2781 2778 cujus
2813 2710 2938 2766 loco
2979 2710 3179 2767 Franci
3212 2709 3628 2768 Theodoricum
3664 2709 3778 2767 fra-

2128 2799 2279 2852 trem
2314 2795 2440 2865 ejus
2469 2796 2723 2868 erigunt.
2752 2797 3141 2856 Childericum
3174 2798 3350 2856 alium
3377 2800 3616 2856 fratrem
3647 2797 3777 2870 ejus

2129 2883 2299 2940 simul
2327 2899 2457 2941 cum
2491 2885 2720 2942 Ulfcldo
2753 2886 2900 2944 duce
2933 2887 2987 2942 in
3021 2885 3314 2945 Austriam
3347 2899 3594 2958 regnare
3637 2885 3774 2942 diri-

2128 2974 2456 3046 gunt.Papa
2473 2975 2710 3046 Sergius
2723 2975 3422 3034 ordinavitvenerabilem
3446 2975 3634 3032 virum
3658 2973 3774 3030 Wi-

2131 3061 2420 3118 librodum
2470 3063 2811 3134 cognomine
2844 3065 3220 3136 Clementem,
3256 3064 3578 3123 Frisonium
3609 3063 3772 3136 genti

378 3153 575 3212 nensis
602 3152 874 3212 Ecclesia;
914 3153 1244 3226 episcopus,
1277 3152 1476 3210 clarus
1506 3153 1776 3211 habetur.
1813 3155 2020 3211 Sancta
2050 3151 2100 3176 υ
2134 3151 2490 3224 episcopum.
2529 3152 2917 3212 Chaldeoldus
2938 3155 3248 3228 cpiscOpus
3271 3154 3652 3212 Viennensem
3676 3153 3780 3210 Ec-

379 3243 556 3315 Virgo
568 3241 780 3301 Christi
802 3241 1170 3312 Hediltruda,
1188 3241 1302 3299 ﬁlia
1318 3243 1497 3300 Annae
1511 3241 1669 3314 regis
1680 3241 2019 3314 Anglorum,

380 3336 438 3390 et
470 3331 657 3406 primo
677 3331 849 3389 alteri
879 3330 1027 3403 viro,
1053 3335 1112 3388 et
1137 3335 1337 3404 postea
1371 3331 1642 3389 Hecfrido
1664 3331 1788 3403 regi
1811 3330 2024 3402 conjux

381 3421 538 3494 dato,
564 3424 870 3494 postquam
903 3419 1206 3478 duodecim
1235 3419 1402 3478 annis
1429 3419 1662 3479 thorum
1696 3412 2021 3477 maritalem

382 3509 720 3582 incorrupta
750 3507 1025 3580 servavit,
1049 3512 1282 3582 sumpto
1304 3507 1592 3566 velamine
1617 3505 2024 3566 sanctimonia-

383 3597 456 3656 lis
484 3597 778 3657 efﬁcitur:
814 3612 921 3657 nec
966 3612 1147 3671 mora,
1197 3598 1373 3657 etiam
1414 3597 1704 3670 virginum
1745 3600 1932 3654 mater
1961 3599 2020 3653 et

382 3687 581 3747 nutrix
610 3707 625 3744 :
655 3686 824 3759 cujus
853 3687 1059 3745 merita
1106 3691 1364 3747 testatur
1394 3687 1570 3745 etiam
1599 3701 1738 3744 caro
1769 3689 2018 3758 mortua,

383 3792 512 3850 quae
534 3781 664 3852 post
686 3776 977 3838 sexdecim
998 3791 1180 3836 annos
1200 3775 1520 3851 sepulturae
1549 3791 1684 3836 cum
1712 3779 1876 3834 veste
1909 3789 2028 3848 qua.

380 3866 639 3927 involuta
668 3872 780 3940 est,
804 3867 1141 3942 incorrupta
1175 3872 1237 3926 ut
1266 3867 1432 3940 virgo
1463 3870 1777 3939 manserat,
1803 3864 2023 3939 reperi-

378 3961 496 4016 tur.
531 3949 898 4029 Dagobertus
927 3971 1032 4014 rex
1077 3957 1359 4014 ecclesias
1407 3961 1741 4014 sanctorum
1788 3954 2018 4025 ditavit,

379 4044 580 4116 eisque
611 4043 792 4102 multa
825 4043 1076 4113 largitus
1106 4043 1344 4115 paciﬁce
1365 4048 1424 4100 et
1449 4044 1646 4116 quiete
1669 4057 1912 4114 regnum
1933 4046 2023 4098 te-

379 4131 506 4190 nuit
529 4121 898 4188 Francorum.
925 4129 1247 4203 Sindulpho
1268 4129 1543 4204 episcopo
1566 4131 1864 4202 defuncto,
1880 4132 2022 4188 Hec-

381 4219 548 4279 dicus
591 4218 934 4278 Viennensis
984 4218 1258 4278 Ecclesiae
1303 4218 1683 4292 praesulatum
1741 4219 2018 4294 suscepit,

381 4323 602 4382 magnae
633 4307 932 4380 religionis
959 4308 1050 4366 vir
1079 4327 1093 4365 :
1124 4307 1337 4368 claruit
1382 4313 1577 4368 autem
1618 4324 1802 4384 usque
1834 4311 1904 4369 ad
1938 4311 2024 4369 ul-

2133 3239 2367 3296 clesiam
2398 3240 2552 3298 rexit
2588 3257 2770 3314 usque
2809 3243 2881 3300 ad
2914 3246 3178 3316 tempora
3226 3241 3564 3302 Theoderici
3597 3241 3773 3314 regis,

2130 3328 2492 3388 Justinianus
2523 3329 2861 3404 imperator,
2896 3334 2970 3390 ob
3008 3333 3238 3406 culpam
3296 3331 3576 3406 perﬁdiae,
3610 3330 3774 3402 regni

2132 3417 2315 3488 gloria
2350 3417 2633 3492 privatus,
2658 3420 2826 3478 exsul
2859 3421 2914 3478 in
2943 3423 3191 3480 Pontum
3225 3421 3468 3481 secedit.

2209 3507 2352 3579 [696]
2416 3509 2528 3565 Leo
2561 3508 2878 3581 imperator
2928 3525 3108 3569 annos
3139 3511 3303 3570 duos.
3352 3513 3504 3584 Papa
3539 3508 3777 3581 Sergius

2135 3593 2188 3650 in
2222 3596 2479 3654 sacrario
2511 3597 2667 3654 beati
2699 3597 2856 3654 Petri
2887 3614 3120 3672 capsam
3151 3605 3510 3672 argenteam,
3545 3613 3675 3672 quae
3717 3597 3774 3653 in

2134 3684 2346 3755 angulo
2394 3685 2806 3744 obscurissimo
2853 3687 3179 3747 diutissime
3204 3689 3492 3760 jacuerat,
3525 3690 3582 3744 et
3617 3685 3672 3743 in
3705 3699 3782 3744 ea

2131 3787 2364 3832 crucem
2397 3774 2648 3834 diversis
2675 3790 2740 3834 ac
2773 3777 3046 3850 pretiosis
3087 3777 3380 3851 lapidibus
3411 3777 3771 3845 adornatam,

2133 3863 2373 3920 Domino
2404 3864 2727 3937 rcvelante,
2757 3867 2975 3939 reperit
3003 3886 3016 3922 :
3045 3867 3117 3924 de
3141 3882 3252 3938 qua
3285 3867 3494 3925 tractis
3521 3868 3775 3938 quatuor

2134 3955 2365 4026 petalis,
2388 3956 2854 4028 quibusgcmmze
2870 3957 3110 4016 inclusae
3125 3963 3288 4014 erant
3308 3957 3466 4014 mirae
3489 3953 3774 4026 magnitu-

2135 4043 2306 4115 dinis,
2323 4045 2647 4116 portionem
2671 4045 2811 4117 ligni
2829 4045 3118 4104 salutiferi
3143 4045 3452 4104 Dominicaa
3473 4042 3668 4103 crucis
3691 4041 3773 4098 in-

2134 4132 2320 4190 terius
2341 4133 2654 4204 repositam
2679 4133 2950 4206 inspexit.
2971 4136 3109 4203 Quae
3131 4149 3284 4193 exeo
3309 4139 3571 4208 tempore
3592 4129 3774 4189 omni-

2136 4221 2243 4278 bus
2295 4222 2460 4279 annis
2509 4223 2563 4280 in
2597 4223 2834 4282 basilica
2887 4225 3226 4297 Salvatoris,
3262 4239 3390 4298 quae
3439 4221 3774 4297 appellatur

2135 4311 2630 4383 Constantiniana,
2649 4313 2742 4370 die
2765 4313 3362 4388 exaltationisejusab
3375 4312 3526 4371 omni
3549 4309 3776 4370 oscula-'

381 4398 586 4458 timum
638 4403 874 4472 tempus
921 4397 1231 4458 Iustiniani
1290 4398 1680 4474 imperatoris,
1737 4401 1906 4473 cujus
1961 4405 2021 4458 et
2132 4404 2230 4458 tur
2262 4404 2438 4473 atque
2478 4401 2757 4460 adoratur
2806 4403 3038 4478 populo.
3073 4405 3404 4463 Dodolenus
3433 4399 3775 4461 Viennensis

381 4492 644 4564 tempore
673 4486 838 4546 obiit.

457 4576 600 4651 [686]
628 4576 990 4637 Justinianus
1019 4576 1226 4652 minor,
1252 4577 1406 4638 ﬁlius
1436 4578 1819 4652 Constantini,
1845 4579 2022 4652 impe-

381 4670 544 4724 rator
567 4668 774 4738 factus,
790 4665 956 4723 annis
976 4665 1195 4724 decem.
1214 4667 1315 4725 Hic
1335 4668 1641 4727 constituit
1668 4682 1865 4741 pacem
1888 4682 2019 4724 cum

381 4756 688 4815 Saracenis
706 4759 866 4814 terra
889 4755 1151 4829 marique
1182 4756 1482 4815 deccnnio.
1507 4757 1617 4815 Sed
1640 4761 1698 4814 et
1724 4756 2017 4830 provincia

379 4846 572 4905 Africa
586 4861 716 4920 qua:
730 4846 917 4904 fuerat
932 4850 1096 4903 tenta
1112 4860 1141 4902 a
1158 4846 1834 4918 Saracenis,Carthagine
1848 4849 2018 4918 capta

380 4939 556 5008 atque
578 4935 902 5006 destructa,
917 4937 1172 4993 Romano
1189 4934 1433 5007 imperio
1457 4935 1766 5006 subjugata
1789 4938 1898 4992 est.
1916 4935 2021 4992 Da-

378 5025 661 5100 gobertus
674 5039 801 5096 rex,
814 5022 1006 5082 valida
1023 5023 1184 5080 febre
1199 5025 1883 5095 mgrotans,mortuusest
1900 5025 2021 5098 Spi-

380 5111 576 5184 nogilo
595 5112 732 5172 villa
757 5113 813 5170 in
829 5126 977 5186 pago
989 5110 1300 5168 Parisiensi
1325 5116 1500 5183 atque
1515 5111 1572 5168 in
1593 5112 1838 5171 ecclesia
1864 5114 2016 5172 beati

380 5198 640 5272 Dionysii
690 5199 963 5274 martyris
993 5197 1263 5273 sepultus
1291 5203 1380 5257 est
1417 5219 1429 5256 :
1465 5199 1858 5274 luxeruntque
1888 5217 2018 5266 eum

379 5285 582 5347 Franci
605 5286 812 5345 diebus
843 5289 1061 5348 multis.
1089 5287 1372 5360 Regnavit
1405 5291 1600 5348 autem
1633 5289 2019 5363 quadraginta

381 5379 632 5452 quatuor
654 5373 836 5434 annis.
862 5375 1000 5447 Ejus
1021 5377 1148 5437 loco
1168 5377 1609 5437 constituerunt
1633 5380 1834 5438 Franci
1857 5379 2022 5439 Chlo-

379 5465 626 5524 doveum
649 5460 830 5520 ﬁlium
851 5461 978 5533 ejus
1002 5476 1198 5536 regem
1226 5477 1244 5522 ':
1277 5465 1446 5538 cujus
1477 5481 1622 5526 uxor
1647 5465 2019 5536 Baltildis,de

377 5557 598 5626 genere
618 5551 925 5610 Saxonum.
945 5548 1286 5622 Sygibertus
1298 5567 1403 5614 rex
1423 5552 1764 5626 Austrasiae,
1779 5551 2022 5628 Pippino

2051 4478 2105 4540 D
2135 4489 2447 4564 episcOpus
2475 4491 2742 4550 habetur.
2772 4493 2994 4566 Franci,
3021 4494 3271 4551 Ebroino
3303 4491 3543 4552 insidias
3566 4503 3772 4564 paran-

2129 4580 2662 4650 tes,Tbeodoricum
2677 4583 2748 4640 de
2763 4597 2941 4654 regno
2955 4581 3574 4655 abjiciunt,Ebroinum
3587 4581 3772 4637 Luxo-

2129 4668 2224 4726 vio
2237 4670 2842 4729 monasteriotondent
2863 4689 2874 4725 :
2894 4669 3283 4729 Childericum
3307 4685 3484 4744 super
3497 4684 3558 4728 se
3573 4681 3769 4740 regem

2129 4755 2325 4815 levant
2352 4778 2366 4815 :
2392 4759 2664 4830 majorem
2689 4759 2913 4831 domus,
2946 4757 3298 4818 Ulfuoldum.
3317 4760 3426 4817 Sed
3453 4774 3563 4817 non
3587 4753 3773 4814 multo

2129 4851 2281 4918 post,
2317 4851 2559 4918 propter
2589 4845 2888 4904 levitatem
2920 4847 3094 4905 animi
3117 4849 3206 4906 sui
3230 4849 3382 4907 idem
3409 4844 3774 4905 Childericus

2129 4947 2159 4990 a
2212 4934 2447 4992 Francis
2496 4935 2848 4993 interﬁcitur
2891 4957 2904 4992 :
2951 4937 3260 4996 Ulfuoldus
3317 4938 3452 5010 fuga
3491 4933 3766 4993 elabitur.

2129 5022 2328 5080 Franci
2350 5021 2686 5081 Leodosium
2701 5023 3050 5082 Archenoldi
3069 5024 3248 5082 ﬁlium
3267 5025 3542 5097 majorem
3566 5025 3774 5084 domus

2127 5111 2512 5170 constituunt.
2539 5112 2954 5172 Theodoricum
2990 5115 3044 5170 in
3079 5129 3260 5187 regno
3291 5114 3598 5174 advocant.
3625 5113 3771 5172 Dici-

2129 5201 2227 5256 tur
2259 5199 2310 5256 in
2345 5200 2452 5259 hoc
2481 5201 2724 5258 consilio
2756 5201 2932 5260 fuisse
2966 5202 3359 5276 Leodegarius
3395 5200 3772 5262 venerabiliis

2128 5287 2440 5363 episcopus
2467 5290 3032 5364 Augustodunensis,
3057 5296 3118 5348 et
3141 5293 3390 5351 Gerinus
3415 5293 3596 5350 frater
3619 5290 3764 5361 ejus.

2129 5375 2416 5436 Ebroinus
2439 5377 2636 5450 itaque
2660 5393 2880 5449 magnae
2905 5379 3224 5454 impietatis
3246 5380 3432 5450 homo,
3457 5377 3770 5458 clericatu-

2130 5480 2251 5524 ram
2270 5465 2570 5538 abjiciens,
2587 5480 2618 5524 a
2632 5467 2886 5527 Luxovio
2903 5469 3171 5528 coenobio
3184 5482 3474 5541 egressus,
3489 5465 3774 5543 seductus

2127 5555 2254 5615 sine
2272 5555 2456 5616 dubio
2487 5556 2560 5615 ab
2584 5555 2794 5631 spiritu
2825 5558 3128 5630 mendacii,
3149 5557 3251 5632 qui
3285 5555 3511 5616 dixerat
3534 5554 3589 5614 ei
3609 5549 3773 5630 quod
