4086 6178
280 252 385 315 ut
1491 240 1917 309 CHRONICON.
1948 276 2019 292 -
2047 246 2243 311 :ETAS
2271 251 2510 313 SEXTA.
3577 268 3680 328 H8

274 375 682 455 duodeviginti
706 374 874 439 annis
892 373 1137 449 viveret,
1162 374 1219 435 in
1260 373 1555 436 Franciam
1586 373 1925 447 revertitur.
1957 373 2015 440 A
2044 380 2484 456 igne,gladio,ct
2505 380 2850 456 captivitate
2872 382 3123 443 vastavit
3148 405 3161 441 :
3187 399 3435 461 cumque
3458 401 3570 447 non
3593 394 3681 454 es-

276 472 470 545 Copiis
502 470 891 542 undecunque
929 468 1040 527 sibi
1073 466 1427 540 aggregatis,
1461 467 1534 524 ad
1588 466 1928 525 Audoenum
2035 482 2124 538 εει
2156 477 2255 551 qui
2285 476 2338 535 ei
2370 477 2695 545 resisteret,
2726 476 2977 532 Joannes
3008 489 3154 547 papa
3188 476 3378 535 missis
3420 468 3680 537 donariis

274 563 619 637 episcopum
658 561 1177 630 Rotbomagensem
1209 558 1428 629 dirigit.
1479 558 1604 614 Mox
1646 570 1917 628 responso

2036 567 2303 642 plurimis
2320 570 2379 624 et
2403 564 2633 637 legatis,
2661 563 2966 621 universos
2994 564 3260 636 captivos
3292 566 3560 638 redemit,
3595 572 3679 625 at-

275 656 408 712 iede
439 657 687 725 accepto
718 651 1019 725 tyrannice
1040 655 1243 709 contra
1276 650 1476 708 hostes
1507 648 1919 719 debacchatus,

276 743 646 803 Levidesium
670 742 782 799 ﬁde
801 744 1038 813 captum
1062 738 1295 797 occidit.
1324 740 1402 796 Ac
1426 737 1507 795 sic
1535 736 1923 809 principatum

273 835 327 891 vi
349 835 465 893 sub
486 831 841 890 Theoderico
865 844 1003 902 rege
1033 828 1284 887 obtinuit
1312 848 1325 884 :
1350 826 1628 885 continuo
1660 830 1923 883 sanctum

276 921 697 993 Leodegarium
720 919 970 978 diversis
995 918 1178 992 poenis
1198 917 1467 975 affectum
1481 914 1676 987 gladio
1692 929 1926 986 percus-

273 1013 370 1069 sit.
399 1010 672 1068 Gerinum
698 1023 930 1081 quoque
962 1009 1202 1065 fratrem
1234 1006 1361 1077 ejus
1393 1004 1490 1061 diu
1523 1003 1922 1062 excruciatum

274 1101 524 1173 peremit
549 1119 562 1155 :
589 1098 803 1157 multos
823 1113 1040 1169 cogens
1062 1098 1117 1153 in
1141 1095 1436 1165 exsilium,
1453 1093 1924 1151 ablatisfaculta-

274 1189 454 1260 tibus,
479 1189 555 1245 de
576 1187 790 1259 quibus
807 1186 1131 1244 Vulbaldus
1150 1188 1208 1242 et
1241 1181 1927 1255 Ragnebertusillustres

275 1278 405 1348 viri,
440 1277 645 1335 multis
675 1276 859 1349 pressi
894 1275 1139 1346 injuriis,
1163 1274 1384 1330 virtute
1410 1270 1796 1340 venerabiles,
1833 1285 1926 1327 oc-

272 1365 867 1424 cumbunt.Ulfuoldo
880 1363 1222 1434 decedente,
1249 1360 1530 1419 Martinus
1553 1365 1614 1416 et
1646 1358 1925 1431 Pippinus

270 1455 468 1525 junior
492 1454 649 1513 ﬁlius
672 1452 1015 1524 Ansegesili,
1031 1450 1721 1523 regibusdecedentibus,
1746 1446 1924 1504 domi-

276 1545 570 1601 nabantur
593 1544 649 1600 in
673 1544 928 1601 Austria.
965 1544 1115 1598 Moto
1148 1540 1348 1613 praelio
1380 1542 1583 1595 contra
1616 1533 1925 1593 Theodori-

273 1648 403 1689 cum
436 1647 637 1703 regem
669 1636 729 1688 et
752 1632 1086 1701 Ebroinum,
1110 1630 1391 1686 Martinus
1415 1628 1545 1696 fuga
1572 1625 1770 1697 lapsus
1785 1626 1926 1693 Lug-

216 1762 229 1771 .
278 1724 430 1781 dune
451 1720 651 1780 cloaca
678 1736 739 1780 se
762 1720 1004 1778 reclusit
1032 1738 1046 1773 :
1074 1717 1355 1789 Pippinus
1384 1729 1614 1787 quoque
1644 1718 1701 1770 et
1736 1713 1921 1769 latere

274 1812 479 1869 evasit.
520 1811 828 1881 Ebroinus,
863 1809 1016 1866 datis
1046 1806 1449 1875 sacramentis,
1491 1805 1797 1862 Martinam
1851 1805 1922 1860 ad

277 1916 471 1973 regem
502 1900 921 1957 Theodericum
953 1898 1153 1957 venire
1186 1897 1390 1955 suadet
1428 1914 1440 1951 ε
1478 1893 1576 1951 ille
1626 1892 1923 1965 credulus,

277 2006 404 2047 mox
433 2005 568 2053 cum
592 1988 714 2047 suis
734 1989 1079 2045 interfectus
1109 1990 1217 2044 est.
1256 1985 1542 2041 Ebroinus
1572 1981 1926 2041 crudelitate

276 2079 446 2135 nimia
479 2092 691 2147 saevus,
729 2078 801 2134 ab
852 2075 1260 2133 Hermenfrido
1311 2075 1529 2130 France
1581 2071 1927 2129 interfectus

276 2173 359 2225 cst
386 2188 400 2222 :
429 2165 873 2224 Hermenfridus
905 2165 960 2220 in
994 2163 1363 2221 Austriorum
1400 2176 1641 2233 regnum
1684 2160 1755 2217 ad
1797 2161 1929 2232 Pip-

286 2257 478 2328 pinum
504 2255 751 2325 fugiens,
784 2253 989 2310 evasit.
1026 2254 1163 2315 Erat
1192 2256 1332 2309 tunc
1365 2250 1646 2321 temporis
1674 2250 1763 2307 vir
1793 2265 1927 2306 ocu-

282 2346 351 2403 lis
397 2347 666 2416 orbatus,
719 2359 871 2402 unus
917 2343 989 2399 de
1041 2342 1158 2398 illis
1208 2341 1420 2412 quibus
1466 2340 1752 2397 Ebroinus
1790 2340 1925 2396 eﬂ‘o-

2036 672 2148 731 que
2178 658 2378 714 hostes
2408 654 2639 712 domum
2671 652 2864 709 redire
2897 652 3054 709 fecit.
3094 652 3194 709 Cui
3231 655 3489 711 succedit
3525 656 3678 713 alter

2031 749 2301 817 Joannes,
2329 744 2424 816 qui
2450 744 2595 800 miro
2617 756 2794 815 opere
2817 742 3136 798 oratorium
3162 747 3377 798 sanctae
3399 743 3498 799 Dei
3519 742 3678 814 geni-

2036 835 2202 893 tricis
2221 834 2411 892 Μαι-ἰὼ
2436 832 2491 889 in
2514 831 2768 891 Ecclesia
2796 832 2950 888 beati
2975 830 3135 888 Petri
3159 831 3507 887 construxit.
3532 833 3677 891 Erit-

2037 926 2260 994 bertus,
2286 938 2389 980 rex
2414 920 3171 993 Longobardorum,multas
3191 924 3387 978 certes
3409 924 3467 977 et
3504 921 3679 993 patri-

2037 1014 2223 1071 monia
2256 1012 2486 1085 Alpium
2520 1011 2863 1081 Cottiarum,
2899 1024 3029 1080 quae
3061 1025 3089 1065 a
3124 1009 3520 1080 Longobardis
3563 1010 3679 1067 fue-

2035 1110 2166 1162 rant
2192 1104 2406 1174 ablata,
2427 1102 2543 1174 juri
2570 1101 2918 1175 Apostolicze
2940 1100 3097 1159 sedis
3119 1101 3404 1171 restituit,
3440 1105 3499 1157 ct
3531 1102 3679 1157 hanc

2036 1193 2467 1251 restitutionem
2519 1191 2712 1250 aureis
2760 1190 3036 1263 scriptam
3068 1189 3286 1247 litteris
3328 1191 3563 1247 Romam
3598 1189 3679 1246 di-

2036 1285 2207 1341 rexit.
2234 1283 2514 1355 Pippinus
2537 1281 2971 1339 Austrasiorum
3006 1280 3567 1351 dux,’l‘heodericum
3593 1295 3679 1337 re-

2033 1388 2163 1444 gem
2184 1373 2360 1444 cepit,
2387 1376 2584 1441 atque,
2612 1370 2904 1427 thesauris
2934 1370 3208 1441 acceptis,
3243 1369 3663 1427 Nordebertul.“

2036 1461 2340 1534 quemdam
2364 1460 2434 1516 de
2467 1459 2590 1517 suis
2618 1458 2890 1528 majorem
2923 1458 3127 1515 domus
3158 1459 3266 1515 sub
3299 1473 3436 1527 rege
3466 1459 3668 1514 eodem

2033 1550 2360 1608 constituit.
2387 1550 2513 1620 lpse
2539 1548 2591 1602 in
2619 1546 2910 1604 Austriam
2937 1546 3457 1603 remeavit.Habuit
3484 1550 3677 1604 autem

2035 1656 2107 1696 ex
2131 1653 2311 1696 uxore
2335 1653 2435 1694 sua
2468 1636 2646 1693 nobili
2681 1636 2827 1693 duos
2856 1636 3022 1705 filios,
3057 1638 3308 1707 Drogum
3343 1640 3400 1692 et
3436 1634 3677 1692 Grimol-

2040 1729 2194 1786 dum.
2224 1729 2447 1797 Drogus
2469 1722 2751 1783 ducatum
2771 1725 2826 1780 in
2851 1725 3157 1796 Campania
3190 1726 3433 1797 accepit.

2114 1816 2255 1890 [706]
2309 1814 2669 1872 Justinianus
2726 1813 3036 1884 secundus,
3087 1829 3216 1870 cum
3268 1802 3495 1869 Tiberio
3538 1813 3675 1884 ﬁlio,
3738 1882 3745 1887 ἡ

2036 1903 2203 1963 annis
2232 1911 2475 1976 septem.
2512 1903 2612 1960 Hic
2643 1900 2860 1959 auxilio
2890 1901 3159 1957 Terbcllii
3201 1902 3357 1972 regis
3406 1901 3679 1971 Bulgaro-

2037 2011 2163 2053 rum
2188 2009 2428 2066 regnum
2453 1986 2761 2064 recipiens,
2784 1991 3082 2048 convictos
3105 1990 3316 2046 occidit
3350 2004 3451 2046 eos
3484 1990 3579 2060 qui
3614 2004 3676 2046 se

2035 2081 2691 2155 expulerant,patricios
2711 2084 2769 2136 et
2796 2082 3039 2136 Leonem
3065 2078 3120 2133 in
3146 2077 3273 2134 loco
3296 2077 3422 2147 ejus
3437 2092 3677 2148 usurpa-

2033 2175 2280 2229 verant:
2315 2184 2535 2227 necnon
2567 2173 2624 2225 et
2659 2181 3053 2226 successorem
3094 2160 3221 2237 ejus
3251 2165 3541 2223 Tiberium
3578 2165 3674 2237 qui

2033 2276 2165 2318 cum
2190 2261 2262 2316 de
2286 2273 2465 2329 regno
2486 2258 2735 2328 ejectum
2758 2261 2885 2313 toto
2908 2261 3169 2328 tempore
3192 2271 3306 2327 quo
3328 2256 3449 2327 ipse
3474 2269 3677 2324 regna-

2034 2349 2139 2421 vit,
2166 2348 2220 2403 in
2244 2348 2447 2404 eadem
2470 2346 2710 2404 civitate
2734 2350 3005 2401 tenuerat
3039 2344 3093 2399 in
3126 2343 3411 2401 custodia.
3448 2341 3678 2399 Callini-

278 2436 446 2492 derat
497 2434 735 2504 lumina,
790 2433 845 2488 in
897 2430 1081 2489 insula
1139 2430 1538 2501 Lugdunensis
1589 2429 1917 2501 provinciae,

2031 2453 2163 2495 cum
2186 2451 2347 2508 vero,
2365 2435 2777 2508 patriarcham,
2802 2434 2989 2491 erutis
3010 2432 3213 2504 oculis,
3241 2432 3396 2489 misit
3418 2432 3675 2502 Romam,

281 2539 409 2595 quae
442 2524 694 2580 Barbara
729 2522 963 2580 dicitur.
1000 2520 1107 2588 Qui
1156 2535 1286 2577 cum
1329 2522 1614 2576 nocturno
1662 2522 1924 2590 tempore

279 2627 456 2685 super
478 2613 663 2685 ripam
687 2613 981 2670 Scicannaa
1004 2609 1258 2666 ﬂuminis
1276 2608 1478 2665 orandi
1494 2608 1681 2679 gratia
1707 2608 1923 2664 reside-

281 2706 397 2771 ret,
420 2701 642 2758 audivit
666 2701 1061 2771 navigantium
1087 2700 1388 2770 impetum,
1415 2700 1474 2753 et
1499 2710 1702 2767 magna
1725 2696 1779 2752 vi
1797 2697 1924 2753 bra-

276 2790 543 2848 chiorum
581 2795 784 2848 contra
837 2790 1116 2861 impetum
1169 2786 1423 2845 ﬂuminis
1472 2785 1916 2854 insurgentium.

278 2879 541 2949 Cumque
562 2879 972 2949 interrogaret,
998 2892 1111 2949 quo
1135 2868 1428 2945 navigium
1456 2873 1598 2929 illud
1625 2873 1917 2943 tenderet,

278 2982 388 3024 vox
411 2967 468 3023 in
492 2967 734 3025 auribus
751 2966 880 3037 ejus
902 2965 1236 3039 percrepuit
1264 2983 1276 3020 :
1304 2963 1592 3020 Ebroinus
1612 2966 1722 3032 est,
1750 2976 1920 3032 quem

278 3054 344 3111 ad
378 3054 715 3111 Vulcaniam
747 3053 921 3111 ollam
954 3053 1273 3110 deferimus
1306 3071 1318 3107 :
1355 3050 1432 3106 ibi
1464 3049 1616 3106 enim
1652 3050 1784 3106 facti
1829 3050 1918 3106 sui

2033 2531 2092 2583 et
2115 2525 2275 2583 dedit
2299 2525 2700 2597 episcopatum
2727 2524 2894 2595 Cyro,
2913 2522 3010 2594 qui
3035 2525 3163 2578 erat
3187 2522 3369 2578 abbas
3390 2521 3446 2575 in
3469 2522 3675 2591 Ponte,

2033 2606 2283 2687 eumque
2306 2613 2568 2671 exsulem
2591 2612 2837 2669 aluerat.
2866 2611 2966 2668 Hic
2992 2625 3197 2683 papam
3235 2609 3675 2667 Constantinum

2033 2704 2103 2761 ad
2137 2718 2199 2761 se
2220 2703 2421 2760 venire
2440 2702 2672 2771 jubens,
2699 2700 3014 2757 honoriﬁce
3039 2699 3295 2772 suscepit
3319 2703 3378 2755 et
3410 2698 3633 2756 remisit
3659 2718 3672 2754 :

2024 2793 2111 2849 ita
2137 2796 2200 2849 ut
2225 2792 2319 2850 die
2341 2790 2634 2847 Dominica
2656 2804 2786 2847 cum
2821 2789 3025 2847 missas
3054 2788 3163 2845 sibi
3198 2789 3389 2845 facere
3415 2788 3673 2858 juberct,

2030 2881 2492 2939 communionem
2516 2878 2587 2935 de
2611 2893 2782 2934 manu
2808 2878 2990 2949 ipsius
3011 2878 3323 2949 acceperit.
3343 2878 3522 2944 Quem
3550 2890 3677 2947 pro-

2021 2974 2256 3027 stratus
2269 2969 2325 3024 in
2341 2973 2636 3040 tcrra,pro
2659 2966 2778 3023 suis
2794 2966 3049 3037 peccatis
3063 2966 3428 3020 intercedere
3441 2979 3673 3036 rogans,

2029 3063 2240 3115 cuncta
2264 3055 2537 3113 Ecclesiae
2556 3052 2859 3127 privilegia
2884 3054 3206 3125 renovavit,
3233 3052 3484 3124 quicum
3510 3067 3676 3109 exer-

278 3158 475 3215 poenas
496 3143 641 3200 luet.
669 3144 785 3200 Hoc
809 3143 959 3200 idem
982 3142 1071 3198 vir
1103 3140 1323 3198 audivit
1356 3140 1426 3196 ad
1460 3137 1917 3196 consolationem
1948 3130 1999 3195 C
2028 3148 2149 3204 οίιυ
2175 3146 2436 3203 mitteret
2464 3144 2517 3199 in
2544 3145 2791 3200 pomum
2815 3142 2884 3199 ad
2909 3142 3516 3215 comprehendendum
3548 3142 3676 3198 phi-

275 3233 382 3304 sui,
416 3236 477 3289 ut
513 3232 690 3289 sciret
725 3246 894 3303 quam
929 3245 1155 3301 poenam
1189 3232 1600 3301 persecutores
1624 3228 1917 3298 justorum

274 3339 302 3379 s
318 3321 582 3378 mtirent.
608 3320 1137 3378 Reverentissimus
1149 3318 1419 3375 Ecclesiae
1437 3318 1921 3377 Lindisfarnensis

272 3412 325 3466 in
351 3410 651 3467 Britannia
674 3425 748 3467 ex
771 3409 1118 3466 Anachorita
1143 3407 1395 3464 antistes
1425 3408 1806 3478 Cuthbertus,
1838 3413 1920 3464 to-

273 3505 388 3556 tam
412 3500 484 3555 ab
509 3499 749 3556 infantia
773 3511 959 3570 usque
990 3498 1061 3554 ad
1093 3496 1261 3553 finem
1295 3496 1473 3552 vitam
1508 3495 1917 3553 miraculorum

274 3586 453 3658 signis
472 3587 748 3660 inclytam
772 3586 957 3643 duxit.
995 3584 1171 3657 Cujus
1200 3584 1537 3642 venerabile
1566 3599 1785 3657 corpus
1816 3586 1919 3643 hu-

272 3681 489 3733 matum
515 3680 643 3749 post
670 3676 936 3734 undecim
960 3690 1158 3747 annos,
1185 3672 1351 3748 quasi
1373 3673 1574 3731 eadem
1608 3674 1747 3731 hora
1784 3674 1919 3732 fuis-

271 3772 357 3822 set
380 3765 851 3837 defunctus,cum
874 3768 1037 3823 veste
1053 3780 1163 3836 qua
1178 3766 1491 3837 tegebatur
1514 3764 1915 3838 incorruptum

272 3854 569 3912 inventum
591 3853 913 3912 est.Franci
935 3855 1322 3912 Vuaratonem
1346 3868 1451 3926 pro
1465 3853 1917 3924 Ebroino,majo-

273 3957 390 3999 rem
415 3942 623 4001 domus
645 3942 860 4000 faciunt
887 3962 899 3997 :
927 3943 1023 4014 qui
1048 3957 1246 4016 pacem
1267 3958 1397 4000 cum
1418 3942 1665 4015 Pippino
1686 3956 1916 4014 compe-

271 4031 374 4086 nit.
399 4032 833 4104 Pippinuscum
867 4032 1193 4090 Gissemaro
1224 4031 1576 4089 Vuaratenis
1610 4029 1749 4102 filio,
1783 4046 1915 4088 con-

270 4123 359 4175 tra
390 4119 753 4176 voluntatem
785 4120 970 4192 patris
1001 4124 1231 4191 agente,
1264 4118 1456 4177 civilia
1491 4119 1641 4177 bella
1686 4120 1909 4177 habuit.

269 4208 379 4265 Sed
413 4209 775 4266 Cissemarus
804 4225 835 4266 a
869 4209 984 4266 Deo
1017 4224 1329 4282 percussus
1360 4208 1524 4266 obiit.
1572 4210 1746 4266 Pater
1787 4209 1915 4279 ejus

267 4299 522 4355 Vuarato
553 4297 941 4370 principatum
975 4298 1217 4370 recepit.
1255 4300 1309 4355 S.
1346 4299 1662 4356 Audeenus
1690 4297 1912 4370 episce-

268 4403 396 4460 pus,
432 4387 751 4446 virtutibus
780 4387 995 4459 clarus,
1031 4388 1298 4459 migravit
1331 4389 1403 4445 ad
1445 4388 1764 4446 Dominum.

2030 3236 2330 3309 lippicum,
2386 3248 2556 3305 quem
2590 3232 2666 3289 ibi
2718 3230 3106 3302 relegaverat,
3133 3244 3452 3288 conversus
3492 3230 3677 3287 omnis

2031 3325 2328 3382 exercitus
2349 3322 2419 3379 ad
2446 3327 2671 3395 partem
2696 3320 3023 3393 Philippici,
3051 3319 3186 3377 fecit
3208 3333 3339 3376 eum
3364 3319 3472 3376 sibi
3500 3320 3676 3391 impe-

2019 3418 2285 3471 ratorem
2311 3432 2325 3470 :
2351 3425 2741 3493 reversusque
2754 3400 2885 3469 cum
2901 3424 2970 3467 eo
2985 3409 3675 3482 Constantinopolim,pu-

2028 3503 2455 3575 gnavit_contra
2476 3500 2886 3571 Iustinianum,
2912 3497 3257 3557 duodecimo
3279 3498 3350 3554 ab
3375 3498 3519 3556 urbe
3552 3497 3676 3553 mil-

2020 3591 2195 3663 liaro,
2261 3577 2516 3661 vicitque
2547 3594 2724 3661 atque
2756 3587 2988 3645 occidit.
3025 3586 3428 3657 chnavitque
3460 3586 3675 3657 Philip-

2030 3681 2194 3753 picus
2224 3678 2351 3737 loco
2378 3678 2708 3737 Iustiniani.
2763 3676 2997 3735 Francis
3048 3676 3236 3733 adhuc
3285 3675 3676 3732 Theodericus

2021 3770 2329 3841 regnabat.
2366 3768 2661 3824 Deodatus
2689 3764 3032 3822 Viennensis
3069 3759 3411 3837 episcopus,
3452 3778 3672 3833 magna;

2023 3856 2399 3931 parcimoniaa
2429 3855 2517 3912 vir
2550 3854 2815 3910 ﬂorebat.

2102 3945 2245 4020 [712]
2272 3942 2633 4017 Philippicus
2654 3942 2972 4015 imperator
2994 3955 3204 3999 annum
3228 3954 3427 4013 unum,
3445 3954 3672 3998 menses

2027 4049 2147 4094 sex.
2176 4034 2277 4092 Hic
2301 4032 2473 4105 ejecit
2497 4032 2707 4105 Cyrum
2729 4031 2800 4088 de
2826 4030 3189 4103 pontiﬁcatu,
3205 4043 3453 4100 eumque
3476 4028 3670 4087 redire

2026 4125 2097 4181 ad
2122 4121 2565 4196 gubernandum
2590 4118 3003 4178 monasterium
3027 4134 3193 4176 suum
3222 4119 3529 4192 prmcepit:
3548 4119 3670 4191 qui-

2024 4230 2138 4287 que
2160 4214 2323 4287 pravi
2348 4211 2636 4283 dogmatis
2660 4210 2891 4267 litteras
2923 4210 3306 4267 Constantino
3340 4208 3495 4266 misit
3530 4223 3668 4281 pou-

2021 4303 2340 4373 tiﬂci,quas
2360 4300 2457 4356 ille
2480 4314 2610 4357 eum
2636 4298 2973 4371 apostolicae
2997 4289 3152 4357 sedis
3173 4297 3419 4355 consilio
3443 4298 3667 4371 respuit

2021 4398 2079 4449 et
2110 4391 2284 4462 hujus
2309 4390 2392 4447 rei
2432 4402 2605 4447 causa
2657 4389 2791 4446 fecit
2841 4388 3099 4459 picturas
3130 4388 3185 4443 in
3220 4388 3447 4459 porticu
3481 4388 3664 4445 sancti

335 4477 1282 4549 PostVuaratenem,Bertharium
1297 4477 1570 4548 majorem
1585 4477 1913 4535 domussta-
1942 4494 1995 4554 ι)
2024 4481 2205 4551 Petri,
2232 4480 2327 4552 qui
2358 4482 2484 4537 acta
2514 4493 2617 4536 sex
2645 4477 2999 4551 synodorum
3032 4475 3448 4534 universalium
3480 4475 3669 4532 conti-

265 4572 397 4622 tura
412 4571 470 4621 et
496 4566 779 4639 sapientia
796 4567 1090 4638 pusillum,
1110 4564 1910 4639 Franciconstituunt.Pippi-

264 4669 376 4712 nus
386 4670 519 4711 cum
530 4655 886 4712 Theoderico
898 4659 955 4711 et
972 4652 1497 4712 Berthariobellum
1514 4652 1730 4725 iniit,et
1745 4654 1903 4712 vicit.

340 4744 487 4817 [699]
519 4744 780 4802 Tiberius
803 4745 1147 4817 imperator,
1173 4744 1337 4801 annis
1369 4748 1611 4816 septem.
1648 4743 1911 4815 Synodus

266 4832 550 4904 Aquileiae
573 4834 721 4891 facta
744 4834 819 4890 ob
845 4834 1193 4907 imperitiam
1218 4833 1349 4889 ﬂdei
1384 4832 1647 4905 quintum
1683 4830 1909 4889 univer-

263 4922 386 4979 sale
416 4922 725 4980 concilium
761 4923 1056 4995 suscipere
1089 4922 1316 4993 diﬂidit,
1343 4922 1524 4980 donec
1556 4920 1911 4980 salutaribus

266 5012 456 5068 beatae
490 5026 653 5085 papae
686 5012 871 5083 Sergii
904 5012 1138 5069 monitis
1172 5010 1480 5083 instructa,
1515 5015 1573 5068 et
1615 5010 1736 5084 ipsa
1776 5010 1908 5069 huic

261 5116 392 5158 cum
447 5102 682 5158 czeteris
728 5101 939 5160 Christi
992 5099 1267 5159 Ecclesiis
1305 5115 1562 5159 annuere
1593 5101 1903 5159 consentit.

262 5192 514 5248 Joannes
538 5190 797 5262 pontifex
818 5192 1109 5247 Romanus
1131 5191 1399 5260 habetur,
1426 5191 1521 5262 qui
1554 5192 1756 5262 Sergio
1785 5208 1909 5250 suc-

266 5283 549 5337 cesserat.
587 5278 902 5337 Bobolinus
929 5279 1271 5337 Viennensis
1298 5278 1570 5338 Ecclesia:
1601 5281 1909 5354 episcopus

270 5368 513 5441 insignis
531 5366 912 5427 claruit.Pest
931 5384 1098 5442 quem
1126 5369 1407 5440 Georgius
1429 5383 1650 5441 magna:
1671 5370 1911 5429 virtutis

266 5457 597 5533 episcopus,
632 5459 687 5515 in
711 5458 915 5516 eadem
954 5459 1100 5516 urbe
1128 5457 1527 5540 constituitur.
1574 5458 1904 5532 Gisulphus,

265 5546 381 5604 dux
401 5546 601 5619 gentis
630 5546 1509 5622 LongebardorumiBenevenﬁ
1542 5549 1905 5621 Campaniam

2021 4575 2179 4629 nent.
2230 4571 2368 4625 Nam
2397 4573 2453 4626 et
2496 4566 2826 4639 hujusmodi
2857 4566 3117 4638 picturas
3144 4579 3274 4621 cum
3305 4561 3669 4621 haberentur

2021 4661 2076 4718 in
2120 4660 2265 4718 urbe
2296 4658 2475 4730 regia,
2507 4656 2867 4735 Philippicus
2888 4656 3143 4725 jusscrat
3176 4654 3392 4710 aﬂ‘erri.
3431 4652 3676 4710 Statuit-

2019 4767 2133 4825 que
2159 4748 2412 4823 populus
2431 4749 2741 4819 Romanus,
2775 4761 2845 4802 ne
2874 4745 3134 4803 haeretici
3166 4743 3539 4816 imperatoris
3570 4757 3668 4796 no-

2018 4852 2171 4911 men,
2197 4843 2295 4896 aut
2320 4839 2375 4893 in
2401 4836 2642 4909 chartis,
2675 4840 2773 4894 aut
2805 4835 2998 4907 ﬁgulis
3026 4834 3230 4892 solidis
3258 4833 3619 4904 susciperent
3646 4848 3659 4884 :

2018 4929 2173 4986 unde
2208 4942 2310 4984 nec
2343 4926 2470 4997 ejus
2499 4926 2718 4997 eﬂlgies
2751 4926 2805 4981 in
2838 4924 3143 4982 ecclesiam
3176 4922 3506 4979 introducta
3551 4923 3663 4989 est,

2020 5033 2123 5075 nec
2148 5032 2355 5073 nomen
2380 5015 2451 5071 ad
2479 5016 2780 5073 missarum
2804 5014 3082 5073 solemnia
3110 5013 3419 5085 prolatum.
3449 5008 3667 5080 Captus

2020 5107 2199 5178 igitur
2224 5105 2585 5180 Philippicus
2609 5106 2680 5163 ab
2705 5106 3010 5164 Anastasio
3040 5102 3224 5160 oculis
3258 5098 3521 5171 privatus
3550 5103 3661 5170 est,

2019 5211 2125 5254 nec
2169 5199 2365 5253 tamen
2409 5194 2655 5254 occisus.
2706 5192 3100 5253 Theodericus
3154 5203 3257 5244 rex
3312 5188 3662 5245 Francorum

2015 5291 2285 5345 mortuus
2311 5290 2421 5357 est,
2454 5284 2552 5359 qui
2578 5286 2842 5357 regnavit
2868 5282 3034 5341 annis
3060 5277 3477 5335 novemdecim.

2020 5388 2023 5393 '
2093 5377 2242 5450 [714[
2266 5375 2605 5433 Anastasius
2628 5374 2966 5445 imperator,
2994 5372 3338 5426 annostres.
3374 5368 3473 5424 llic
3507 5366 3663 5423 litte-

2017 5476 2112 5523 ras
2152 5462 2536 5523 Censtantino
2576 5459 2832 5534 pontiﬁci
2863 5460 3099 5515 Romam
3129 5458 3281 5516 misit
3318 5472 3423 5530 per
3455 5454 3661 5512 Schola

2016 5553 2225 5613 sticum
2262 5551 2583 5627 patricium
2613 5552 2672 5605 et
2705 5546 3013 5606 exarcham
3044 5548 3245 5620 Italiae,
3279 5547 3335 5602 in
3361 5544 3574 5616 quibus
3600 5555 3665 5598 se
