4086 6178
420 255 527 312 119

1475 249 1530 304 S.
1564 246 1822 305 ADONIS
1867 245 2304 306 ARCHIEPISC.
2347 249 2760 309 VIENNENSIS

3708 257 3811 313 120

423 376 711 436 fautorem
748 369 1055 432 catholica
1099 369 1253 444 ﬁdei,
1283 375 1341 429 et
1393 372 1579 431 sancti
1628 368 1779 431 se'xti
1825 369 2059 431 concilii
2090 368 2151 434 A
2181 378 2355 433 natus
2374 376 2745 449 septuaginta
2767 379 2824 436 et
2841 380 3133 451 octo,cnm
3147 381 3302 437 esset
3318 376 3626 450 presbyter
3647 378 3813 438 annis

423 465 866 539 pradicatorem
895 477 1023 520 esse
1053 461 1270 519 docuit.

495 552 866 610 Chlotharius
888 550 1041 608 ﬁlius
1061 550 1422 622 Theoderici,
1432 566 1576 623 puer
1602 550 1834 609 Francis
1859 564 2064 620 regna-

422 644 506 700 vit
535 658 719 700 annos
758 645 886 698 tres
914 641 1044 710 ;cui
1092 642 1372 699 successit
1425 641 1837 699 Childebertus
1883 641 2064 697 frater

424 734 571 805 ejus,
600 734 690 789 vir
719 732 987 805 inclytus.
1020 731 1303 787 Defuncto
1332 731 1689 787 Nortbberto
1718 730 1936 801 majore
1964 729 2065 785 do-

426 838 572 893 mus,
597 820 930 877 Grimoldus
950 819 1177 891 Pippini
1203 819 1355 876 ﬁlius
1377 819 1622 876 effectus
1642 822 1751 875 est.
1783 818 2065 890 Pippinus

426 909 606 967 multa
633 908 782 983 bella
804 907 984 978 gessit
1009 910 1214 964 contra
1240 907 1541 964 Rittodum
1569 906 1846 977 gentilem
1880 907 2067 963 Friso-

428 1014 561 1055 num
585 996 1087 1068 ducem,similiter
1109 1000 1314 1053 contra
1340 996 1681 1067 Suevos,vel
1704 995 1848 1053 alias
1871 1010 2068 1067 quam-

427 1087 626 1160 plures
652 1090 876 1157 gentes.
903 1085 1251 1144 Blidrannus
1280 1085 1621 1143 Viennensis
1648 1085 1920 1144 Ecclesia
1947 1083 2067 1157 epi-

429 1191 654 1249 scopus.
682 1175 1087 1233 Leutbrandus
1110 1189 1215 1233 rex
1236 1174 1772 1247 Longobardorum,
1805 1173 2068 1231 donatio-

429 1282 559 1325 nem
582 1266 811 1338 Alpium
836 1266 1169 1339 patrimonii
1194 1266 1539 1337 Cottiarum,
1572 1281 1741 1339 quam
1772 1264 2071 1321 Erithber-

429 1359 527 1414 tus
540 1368 646 1412 rex
669 1355 906 1426 fecerat,
931 1354 1034 1411 sed
1059 1353 1157 1411 ille
1181 1353 1525 1425 repetierat,
1550 1353 1945 1410 admonitione
1972 1366 2071 1408 ve-

429 1442 707 1501 nerabilis
736 1456 901 1515 papa
940 1441 1203 1512 Gregorii
1244 1441 1631 1499 conﬁrmavit.
1676 1443 1869 1512 Drogo
1918 1440 2070 1498 ﬁlius

429 1532 658 1605 Pippini
676 1530 1015 1601 defungitur
1037 1530 1783 1603 hibernaiitempore,anno
1807 1531 2071 1587 lncarna-

431 1622 608 1679 tionis
630 1619 853 1678 Domini
883 1620 1400 1691 septingentesimo
1430 1624 1657 1677 octavo.
1691 1621 1926 1692 Anepos
1952 1618 2070 1691 epi-

2172 463 2557 535 quadraginta
2581 470 2713 523 octe
2740 485 2755 535 ;
2786 468 2966 524 abbas
2989 470 3205 538 autem,
3231 466 3395 524 annis
3419 466 3624 537 viginti
3649 466 3814 538 quin-

2174 552 2413 623 que,ubi
2432 553 2715 624 Lingonas
2729 555 3016 627 pervenit,
3032 555 3546 625 defunctus,atque
3560 555 3615 612 in
3627 555 3814 614 eccle-

2175 639 2254 697 sia
2272 642 2576 699 beatorum
2592 643 2957 701 Ceminorum
2974 647 3291 717 martyrum
3306 644 3573 716 sepultus
3592 648 3703 703 est.

2246 729 2727 803 CarolusPippini
2761 731 3001 789 ﬁliusex
3032 732 3142 789 alia
3160 746 3366 803 uxore,
3389 747 3521 789 cum
3541 737 3751 805 captus
3781 749 3812 790 a

2174 818 2488 877 Plectrude
2520 819 2750 891 Pippini
2775 821 3065 891 quondam
3096 836 3282 878 uxore
3312 823 3816 891 teneretur,auxi-

2176 906 2354 964 liante
2378 908 2620 965 Domino
2649 909 2854 966 evasit.
2879 910 3137 966 Saxones
3166 912 3385 965 terram
3399 910 3816 968 Matuariorum

2176 997 2648 1055 devastaverunt.
2677 998 2892 1057 Eoldus
2904 997 3248 1057 Viennensis
3275 997 3709 1071 episcopusjam
3721 998 3820 1056 ha-

2174 1085 2442 1143 bebatur.

2252 1175 2395 1248 [718]
2430 1176 2542 1233 Leo
2568 1175 2909 1249 imperator,
2939 1190 3121 1234 annos
3141 1189 3367 1233 novem.
3394 1174 3666 1234 Saraceni
3686 1191 3821 1235 cum

2179 1262 2456 1321 immenso
2468 1265 2732 1323 exercitu
2747 1263 3305 1336 Constantinopolim
3322 1263 3621 1321 venientes
3638 1264 3824 1322 trien-

2178 1352 2273 1408 nio
2294 1352 2593 1410 civitatem
2615 1353 2907 1426 obsident,
2933 1353 3118 1412 donec
3139 1352 3367 1411 civibus
3393 1352 3574 1411 multa
3603 1352 3827 1411 instan-

2178 1439 2258 1495 tia
2284 1440 2354 1497 ad
2382 1442 2561 1498 Deum
2589 1441 2996 1512 clamantibus,
3032 1440 3199 1497 multi
3246 1455 3449 1498 eorum
3506 1441 3675 1511 fame,
3725 1439 3827 1496 fri-

2178 1542 2322 1598 gore
2351 1545 2417 1588 ac
2447 1529 2780 1603 pestilentia
2813 1530 3094 1603 perirent,
3128 1544 3195 1587 ac
3225 1529 3274 1586 si
3307 1529 3539 1601 pertasi
3567 1528 3830 1587 obsidio-

2182 1619 2270 1677 nis
2316 1620 2720 1679 abscederent.
2773 1618 2880 1687 Qui
2930 1619 3063 1676 inde
3109 1618 3384 1690 regressi,
3441 1618 3828 1689 Bulgarorum

433 1726 663 1782 scopus,
706 1706 1006 1766 sacularis
1029 1707 1493 1764 conversationis
1520 1708 1629 1779 vir,
1663 1707 1818 1765 ducit
1851 1707 2070 1765 exerci-
2099 1729 2154 1792 Β
2182 1712 2414 1779 gentem
2438 1723 2566 1781 qua
2588 1712 2676 1766 est
2705 1722 2882 1780 super
2910 1707 3253 1779 Danubium,
3288 1706 3442 1764 bello
3479 1706 3830 1778 aggrediun-

431 1800 555 1854 tum
586 1800 936 1853 Francorum
976 1798 1179 1852 contra
1226 1794 1547 1852 Wiliarium
1596 1795 1651 1851 in
1702 1797 1941 1866 Suevos,
1974 1795 2071 1853 ubi

431 1885 769 1957 gravissima
793 1883 984 1941 cades
1014 1884 1162 1940 facta
1192 1887 1303 1954 est,
1335 1899 1485 1941 anno
1516 1883 1937 1940 lncarnationis
1966 1885 2073 1941 Do-

432 1975 569 2031 mini
596 1972 1116 2046 septingentesimo
1148 1971 1515 2029 duodecimo.
1564 1974 1735 2029 Bona
1780 1973 2072 2030 memoria

433 2064 842 2120 Cbildebertus
863 2077 969 2119 rex
991 2062 1539 2132 migravit,regnans
1561 2062 1841 2119 tredecim
1863 2076 2068 2117 annos:

431 2156 488 2210 et
538 2152 807 2225 sepultus
831 2155 918 2208 est
951 2151 1231 2208 Cauciaco
1260 2152 1623 2208 monasterio
1646 2151 1700 2206 in
1749 2150 1984 2208 basilica
2016 2153 2069 2207 S.

434 2241 712 2313 Stephani
734 2240 1216 2313 protomartyris;
1247 2254 1490 2310 regnum
1507 2240 1763 2310 suscepit
1784 2240 2076 2309 Dagober-

434 2333 529 2387 tus
553 2329 739 2386 adhuc
764 2327 1089 2400 puer,ﬁ1ius
1111 2327 1267 2397 ejus:
1288 2327 1472 2397 major
1494 2328 1699 2385 domus
1721 2328 2072 2400 Grimoldus,

433 2418 523 2475 vir
551 2418 851 2474 modestus
879 2421 936 2473 et
963 2418 1178 2488 justus,
1210 2417 1307 2487 qui
1338 2416 1587 2473 habebat
1621 2415 1871 2474 Ratbodi
1913 2416 2077 2475 ducis

435 2508 610 2566 ﬁliam
640 2505 1064 2564 Theusuindam
1094 2505 1147 2561 in
1176 2504 1510 2576 conjugium
1542 2524 1555 2561 :
1589 2520 1719 2561 nam
1744 2520 1818 2561 ex
1859 2505 1969 2562 alia
2001 2507 2078 2561 fe-

436 2593 1034 2666 minayTheudoaldum
1057 2593 1710 2665 habuerat..Egrotante
1729 2593 1925 2666 itaque
1950 2593 2079 2666 Pip-

439 2684 574 2757 pino
612 2683 880 2755 genitore
908 2682 1054 2753 ejus,
1087 2681 1222 2738 dum
1252 2682 1323 2738 ad
1351 2682 1704 2739 visitandum
1733 2697 1863 2739 eum
1891 2683 2079 2740 venis-

434 2776 585 2843 set,a
609 2770 898 2843 Rangario
922 2770 1160 2827 Frisone
1182 2769 1387 2840 gentili
1413 2774 1751 2842 peremptus
1778 2770 1954 2841 est,in
1983 2773 2081 2828 ba-

435 2861 598 2919 silica
619 2860 806 2919 sancti
829 2858 1385 2916 Landeberti.Pater
1406 2858 1532 2928 ejus
1558 2858 1995 2917 Tbeudoaldum
2021 2860 2076 2916 in

434 2949 657 3008 honore
682 2948 941 3006 defuncti
968 2948 1152 3020 patris
1175 2947 1449 3005 instituit.
1477 2948 1969 3020 Leodidico,anno
1992 2951 2082 3006 ln-

432 3038 791 3097 carnationis
818 3035 1042 3095 Domini
1065 3036 1586 3107 septingentesimo
1611 3037 1835 3095 decimo
1866 3041 2078 3109 quarto

2180 1802 2281 1856 tur
2307 1817 2319 1853 :
2344 1802 2401 1854 et
2427 1798 2498 1853 ab
2522 1797 2629 1854 hac
2653 1812 2885 1868 quoque
2908 1796 3045 1854 victi
3075 1796 3369 1867 refugiunt
3399 1811 3465 1853 ac
3489 1810 3663 1854 naves
3689 1811 3831 1854 suas

2183 1891 2478 1959 repetunt.
2507 1886 2727 1953 Quibus
2752 1902 2881 1943 cum
2913 1885 3093 1942 altum
3125 1888 3413 1957 peterent,
3445 1884 3706 1942 irruente
3732 1900 3831 1941 su-

2183 1975 2300 2032 bita
2327 1978 2699 2047 tempestate,
2726 1973 2957 2046 plurimi
2981 1973 3178 2044 etiam,
3209 1973 3413 2031 mersis
3440 1973 3561 2031 sive
3599 1974 3831 2030 confra-

2181 2065 2293 2120 etis
2340 2078 2443 2136 per
2472 2062 2674 2119 littora
2703 2062 2968 2134 navibus,
2999 2062 3188 2119 necati
3226 2066 3381 2120 sunt.
3421 2062 3833 2119 Leutbrandus

2180 2142 2289 2209 rex
2317 2152 2558 2210 audiens
2604 2152 2757 2224 quod
2806 2151 3097 2223 Saraceni,
3147 2151 3500 2223 depopulata
3540 2150 3831 2222 Sardinia,

2183 2241 2360 2297 etiam
2391 2240 2513 2297 loca
2547 2239 2645 2295 illa
2675 2238 3010 2310 foedassent,
3046 2239 3140 2296 ubi
3172 2254 3303 2297 ossa
3333 2239 3489 2297 beati
3520 2240 3834 2311 Augustini

2185 2328 2443 2401 episcopi
2502 2331 2744 2400 pr0pter
2800 2328 3187 2385 vastationem
3243 2328 3633 2385 Barbarorum
3687 2327 3834 2387 olim

2183 2416 2493 2487 translata,
2523 2420 2579 2472 et
2612 2415 2929 2473 honoriﬁce
2981 2416 3208 2472 fuerant
3246 2417 3505 2488 condita,
3551 2417 3727 2490 misit,
3767 2423 3833 2476 et

2187 2505 2324 2562 dato
2350 2504 2540 2576 pretio
2570 2504 2817 2577 accepit,
2847 2508 2905 2561 et
2935 2504 3238 2563 transtulit
3269 2520 3337 2561 ea
3368 2505 3423 2561 in
3451 2506 3836 2566 Ticinum.1bi

2188 2608 2298 2665 que
2321 2593 2378 2650 in
2408 2594 2762 2651 monasterio
2792 2593 2946 2665 quod
2977 2593 3132 2650 Cella
3165 2608 3338 2651 aurea
3369 2598 3632 2667 vocatur,
3673 2596 3837 2667 quod

2187 2686 2245 2738 et
2261 2682 2383 2754 ipse
2396 2682 2748 2753 construxit,
2763 2681 3053 2752 condigno
3067 2682 3287 2740 honore
3310 2684 3659 2741 recondidit.
3674 2686 3837 2743 Tunc

2187 2776 2425 2829 sanctus
2445 2770 2759 2843 episc0pus
2779 2770 2995 2827 Eoldus
3008 2771 3389 2829 Viennensem
3404 2772 3716 2831 Ecclesiam
3741 2788 3838 2830 re-

2191 2860 2298 2917 bus
2334 2859 2515 2917 auxit.
2559 2862 2694 2916 Erat
2741 2857 2895 2915 enim
2941 2859 3125 2916 affinis
3172 2861 3522 2918 Francorum
3568 2862 3831 2933 regibus,

2189 2949 2403 3020 quique
2431 2947 2606 3005 etiam
2636 2949 2787 3005 intra
2824 2948 3121 3005 civitatem
3160 2948 3217 3005 in
3264 2949 3485 3005 honore
3524 2950 3833 3007 beatorum

2194 3042 2512 3110 martyrum
2540 3038 2939 3108 Thebaorum,
2974 3036 3223 3095 Mauritii
3251 3042 3310 3094 et
3354 3037 3643 3096 sociorum
3678 3038 3833 3110 ejus,

437 3090 1427 3198 ig‘nigi'sz'xpiaizaaamissaa
1442 3090 2081 3197 bigiiai'ggagaii‘s
2109 3090 2159 3153 C
2192 3090 3834 3199 axa'aagaaaagaiia’(gaes'aa'5uga'summa;

439 3218 707 3272 mortuus
727 3211 1049 3283 est,eodem
1074 3211 1443 3281 anno,medio
1467 3210 1783 3268 decembri.
1811 3213 2077 3271 Obtinuit

440 3307 635 3361 autem
658 3301 1048 3374 principatum
1072 3300 1181 3357 sub
1209 3298 1519 3357 nominatis
1550 3300 1786 3370 regibus
1812 3302 1977 3359 annis
1997 3302 2080 3359 vi-

435 3391 585 3463 ginti
607 3390 1184 3464 septem.Hecbertus
1204 3386 1294 3446 vir
1313 3392 1550 3445 sanctus
1571 3388 1643 3445 de
1664 3393 1839 3460 gente
1867 3390 2082 3461 Anglo-

439 3495 589 3551 rum,
639 3494 745 3552 pro
788 3477 1015 3536 calesti
1062 3476 1250 3549 patria
1298 3474 1639 3548 peregrinus
1684 3477 2077 3535 sacerdotium

440 3567 653 3626 Christi
698 3581 1008 3637 exornans,
1041 3565 1321 3639 plurimas
1346 3565 1590 3622 Scotica
1615 3563 1808 3636 gentis
1849 3568 2083 3639 provin-

436 3657 557 3715 cias
579 3656 651 3714 ad
673 3655 1008 3715 canonicam
1024 3653 1608 3728 paschalistemporis
1621 3655 2075 3730 observantiam,

437 3762 470 3805 a
499 3762 612 3820 qua
643 3744 867 3804 diutius
895 3746 1336 3815 aberraverant,
1367 3742 1460 3815 pia
1490 3742 1906 3815 pradicatione
1942 3760 2081 3803 con-

334 3902 345 3909 .
436 3836 639 3909 vertit,
680 3850 829 3893 anno
870 3835 942 3892 ab
983 3832 1386 3891 lncarnatione
1413 3830 1656 3889 Domino
1683 3831 2079 3905 septingente-

438 3925 586 3984 simo
614 3924 839 3983 decimo
867 3923 1091 3995 quinto.

511 4015 655 4087 [717]
680 4013 1038 4072 Theodosius
1060 4011 1558 4083 imperator,anno
1581 4009 1827 4068 uno.Hic
1853 4009 2079 4068 electus

439 4104 495 4159 in
519 4098 1326 4174 imperatorem,Anastasium
1346 4097 1498 4169 apud
1520 4097 2078 4155 Nicaamcivitatcm

435 4189 601 4263 gravi
648 4189 851 4263 pralio
879 4188 1018 4246 vicit
1050 4208 1064 4244 :
1096 4188 1351 4259 datoque
1378 4186 1488 4244 sibi
1517 4190 1904 4258 sacramento,
1951 4200 2078 4259 pre-

436 4280 738 4352 sbyterum
761 4276 895 4336 fecit
919 4273 1197 4333 ordinari.
1231 4277 1358 4348 ipse
1380 4289 1521 4333 vero
1552 4278 1613 4331 ut
1645 4288 1888 4345 regnum
1918 4288 2081 4331 acce-

436 4366 544 4441 pit,
568 4382 700 4425 cum
722 4368 877 4424 esset
899 4364 1243 4436 catholicus,
1275 4362 1581 4435 imaginem
1610 4361 1769 4419 illam
1796 4376 2078 4419 veneran-

2190 3215 2542 3271 mediocrem
2567 3218 2791 3286 partem
2816 3213 3353 3286 reliquiarum,sive
3376 3231 3448 3272 ex
3463 3214 3837 3287 hismartyri-

2191 3305 2319 3375 bus,
2354 3304 2473 3361 sive
2501 3318 2574 3360 ex
2603 3302 2732 3360 aliis
2761 3303 2973 3375 posuit.
3009 3305 3196 3375 Atque
3225 3319 3298 3360 ex
3324 3320 3395 3361 eo
3432 3309 3696 3377 tempore
3733 3319 3838 3362 res

2189 3391 2453 3450 ecclesia
2477 3391 2707 3448 nomine
2732 3391 2886 3448 beati
2909 3392 3160 3447 Manritii
3183 3392 3581 3464 attitulantur,
3599 3392 3835 3464 quando

2189 3496 2262 3538 ex
2285 3481 2526 3553 antiquo
2553 3484 2612 3537 et
2645 3480 2827 3550 major
2856 3480 3060 3537 domus
3088 3481 3144 3537 in
3175 3481 3395 3538 honore
3423 3485 3647 3553 septem
3684 3496 3837 3538 mar-

2190 3572 2384 3643 tyrum
2414 3568 2877 3640 Machabeorum,
2909 3573 2965 3624 et
3008 3568 3319 3626 facultates
3350 3568 3608 3640 ejusdem
3648 3569 3836 3628 eccle-

2190 3659 2292 3716 sia
2320 3660 2428 3715 sub
2466 3656 2696 3715 nomine
2735 3670 2937 3714 eorum
2985 3673 3014 3713 a
3065 3656 3335 3715 ﬁdelibus
3380 3658 3722 3730 oﬂ‘erentur,
3771 3663 3834 3715 et

2189 3749 2548 3804 consecrata
2579 3748 2900 3802 manerent.
2933 3745 3299 3815 Dagobertus
3323 3760 3448 3817 rex,
3478 3745 3643 3804 annis
3667 3747 3836 3819 quin-

2191 3850 2303 3908 que
2327 3849 2596 3905 regnans,
2623 3838 2888 3891 mortuus
2908 3838 3017 3891 est.
3047 3835 3107 3889 in
3131 3832 3246 3890 illis
3268 3833 3474 3891 diebus
3496 3833 3671 3907 paulo
3694 3838 3833 3892 ante

2191 3923 2394 3981 Franci
2426 3927 2625 3980 mutua
2664 3922 2825 3979 cade
2856 3936 2918 3979 se
2958 3926 3250 3993 sternunt,
3293 3937 3358 3979 ac
3397 3920 3831 3980 Theodoaidum

2190 4012 2471 4070 Grimoldi
2503 4011 2648 4083 justi
2687 4011 2866 4068 ﬁlium
2914 4011 3106 4068 valide
3153 4011 3557 4083 persequendo
3605 4013 3828 4083 fugant,

2190 4101 2381 4158 electo
2415 4099 2766 4171 Raganfrido
2808 4100 2863 4155 in
2902 4100 3289 4172 principatum
3328 4100 3561 4172 majoris
3599 4100 3824 4159 domus.

2190 4188 2392 4246 Franci
2424 4187 2717 4245 Danielem
2749 4188 3054 4260 quemdam
3084 4188 3360 4247 clericum
3392 4193 3521 4262 post
3550 4188 3832 4259 objectio-

2189 4292 2317 4334 nem
2341 4280 2618 4348 tonsura,
2634 4275 2692 4332 in
2714 4290 2895 4348 regno
2907 4275 3233 4348 stabiliunt,
3250 4280 3427 4349 atque
3442 4275 3828 4349 Chilpericum

2190 4369 2545 4439 nuncupant.
2596 4365 2928 4423 Exercitum
2977 4380 3162 4437 usque
3209 4366 3279 4422 ad
3329 4365 3567 4424 fluvium
3614 4367 3829 4423 Mosam

437 4456 591 4528 dam,
622 4455 679 4517 in
707 4472 818 4529 qua
848 4458 1064 4514 sancta
1091 4469 1194 4513 sex
1221 4453 1425 4528 synodi
1455 4456 1623 4511 erant
1653 4452 1923 4526 depicta,
1954 4456 2011 4509 et
2043 4467 2073 4509 a
2104 4447 2157 4507 D
2186 4459 2390 4513 contra
2415 4454 2685 4512 Carolum
2713 4459 3098 4512 commovent.
3142 4456 3224 4511 Ex
3261 4455 3371 4511 alia
3411 4458 3577 4527 parte
3615 4454 3830 4511 Ratbo-

438 4544 764 4619 Philippico
787 4547 972 4603 fuerat
999 4544 1247 4617 dejecta,
1275 4543 1523 4617 pristino
1553 4542 1679 4600 loco
1718 4542 1775 4598 in
1805 4544 1949 4599 urbe
1990 4557 2079 4600 re-

436 4636 530 4708 gia
554 4636 762 4694 erexit.
787 4634 1009 4693 Tiberis
1030 4633 1240 4692 fluvius
1262 4633 1489 4691 alveum
1515 4649 1680 4690 suum
1702 4646 1977 4704 egressus
1999 4631 2079 4688 ita

437 4725 721 4797 excrevit,
751 4728 814 4783 ut
838 4725 909 4781 ad
938 4739 1109 4781 unam
1132 4726 1190 4779 et
1236 4721 1411 4780 semis
1455 4725 1741 4779 staturam
1772 4721 1827 4775 in
1857 4718 1946 4791 via
1978 4735 2080 4791 pu-

438 4814 586 4872 blica
611 4811 1369 4884 extumesceret,mnltaqne
1391 4809 1615 4867 excidia
1644 4811 1915 4865 Romana
1943 4808 2081 4864 civi-

436 4903 579 4962 tatis
601 4903 894 4961 faceret.A
921 4904 1089 4973 porta
1114 4900 1364 4971 denique
1387 4901 1441 4955 S.
1468 4897 1628 4955 Petri
1646 4912 1829 4970 usque
1855 4897 1925 4953 ad
1940 4910 2081 4969 pon-

436 4997 557 5050 tem
582 4992 814 5050 Milvum
856 5005 1021 5062 aqua
1060 4988 1482 5046 descendentes
1522 5001 1583 5043 se
1620 4986 2078 5057 conjungebant.

436 5081 641 5140 Mansit
666 5086 860 5141 autem
890 5079 1097 5137 diebus
1123 5080 1366 5150 septem.
1399 5077 1539 5133 Cum
1563 5074 1721 5133 cives
1749 5075 1988 5131 crebras
2016 5073 2080 5129 li-

437 5168 629 5227 tanias
650 5165 1242 5241 agerent,revertitur
1265 5169 1469 5222 octava
1495 5164 1607 5221 die.
1642 5166 1852 5220 Amore
1881 5162 2078 5222 divino

440 5259 777 5316 inﬂammati
801 5259 968 5316 multi
986 5255 1302 5329 Anglorum
1325 5254 1517 5325 gentis
1545 5253 1616 5311 de
1645 5253 1940 5310 Britannia
1970 5254 2082 5311 Ro-

440 5361 591 5404 mam
611 5346 813 5403 venire
834 5346 922 5403 bis
941 5343 1567 5420 temporibusmaxime
1590 5343 2080 5413 studuerunt,ibi-

440 5449 553 5509 que
580 5435 657 5493 ob
671 5433 896 5506 signum
910 5433 1209 5505 religionis
1221 5438 1521 5492 tonsuram
1542 5432 1873 5492 ciericaiem
1899 5431 2080 5489 susci-

442 5526 765 5600 pere.’l‘une
784 5522 960 5583 etiam
984 5525 1344 5585 reverendus
1360 5526 1542 5585 abbas
1554 5522 1885 5583 Geolfridus
1897 5536 2080 5582 annos

2192 4544 2300 4602 dus
2323 4544 2442 4602 dux
2460 4560 2590 4602 cum
2616 4544 2951 4602 Frisonibus
2977 4546 3181 4600 contra
3211 4543 3479 4600 eumdem
3508 4543 3696 4617 ipsum
3729 4544 3831 4599 Ca-

2192 4633 2380 4692 rolum
2404 4633 2649 4705 insurgit
2679 4653 2691 4688 :
2717 4647 2907 4705 pugna
2930 4630 3119 4688 valida
3147 4632 3452 4690 commissa
3480 4648 3611 4690 cum
3642 4631 3832 4689 Friso-

2191 4723 2383 4794 nibus,
2420 4722 2661 4780 Carolus
2687 4719 2850 4790 gravi
2879 4720 3087 4776 damno
3116 4718 3382 4791 aﬁiictus,
3424 4718 3685 4793 dilapsus
3713 4723 3824 4777 est.

2191 4811 2495 4869 Ratbodus
2518 4824 2699 4881 usque
2722 4807 2793 4864 ad
2816 4807 3109 4865 Coloniam
3131 4813 3338 4865 cuncta
3365 4809 3677 4866 devastans
3699 4822 3830 4881 per-

2189 4900 2370 4970 venit,
2402 4912 2596 4955 mense
2620 4896 2778 4967 Julii,
2809 4912 2958 4953 anno
2988 4896 3412 4954 lncarnationis
3448 4896 3672 4955 Domini
3702 4911 3832 4970 sep-

2192 4986 2603 5059 tingentesimo
2627 4986 2852 5044 decimo
2875 4986 3099 5058 quinto.
3128 4984 3673 5059 Chilpericussimul
3694 5001 3829 5044 cum

2189 5076 2540 5147 Raganfrido
2595 5075 2965 5133 Arduennam
3018 5074 3221 5132 silvam
3268 5076 3570 5146 ingressus
3623 5090 3833 5146 magno

2189 5165 2451 5222 exercitu
2506 5180 2689 5237 usque
2740 5165 2999 5221 Rhenum
3054 5163 3469 5237 civitatemque
3530 5162 3830 5221 Coloniam

2191 5258 2609 5326 pervenerunt,
2640 5255 2979 5311 thesaurum
3007 5252 3253 5311 multum
3284 5268 3312 5308 a
3342 5253 3655 5311 Plectrude
3682 5251 3831 5308 acci-

2189 5344 2439 5416 pientes,
2467 5347 2883 5415 vastantesque
2909 5347 3150 5415 terram,
3181 5341 3400 5399 reversi
3434 5345 3565 5398 sunt
3597 5340 3669 5397 ad
3700 5342 3832 5397 Am-

2191 5432 2484 5491 blaviam:
2524 5434 2627 5491 sed
2673 5432 2867 5491 subito
2918 5431 3125 5491 Carolo
3170 5445 3347 5503 super
3390 5444 3494 5486 eos
3536 5428 3827 5500 irruente,

2188 5522 2498 5581 maximum
2521 5518 3258 5596 acopiissuisdispendium
3280 5517 3590 5577 sustinent.
3605 5518 3826 5578 iterum
