4086 6178
291 268 390 324 1711

1485 261 1911 324 CHRONICON.
1940 287 2015 309 -
2048 261 2246 324 AETAS
2278 267 2520 328 SEXTA.

3591 275 3698 332 122

297 391 542 450 Carolus
577 394 843 452 exercitu
881 399 1173 452 commoto
1208 396 1492 453 adversus
1527 392 1936 466 Chilpericum,
1967 385 2028 454 Α
2053 394 2661 458 evasere.Wilicarius
2681 399 3068 458 Austreberto
3087 400 3693 476 venerabiliepiscopo

294 483 387 538 vel
419 484 854 554 Ragamfridum
897 484 1105 556 pergit.
1133 484 1219 540 llli
1263 489 1486 555 contra,
1512 487 1677 542 hoste
1710 488 1935 555 parato,

296 571 514 629 bellum
547 575 899 645 accelerant,
935 575 990 630 in
1021 574 1148 632 loco
1187 580 1520 647 nuncupato
1562 575 1809 644 Vicieco,
1844 574 1937 630 die

293 660 612 734 Dominica,
648 662 1022 720 illucescente
1072 664 1164 720 die
1215 665 1362 720 infra
1413 665 1934 736 quadragesimam,

294 750 523 806 decimo
551 751 732 808 tertio
757 751 1030 809 Kalendis
1060 753 1294 824 Aprilis,
1330 768 1477 809 anno
1519 753 1939 810 Incarnationis

293 839 817 909 septingentesimo
873 841 1096 898 decimo
1147 842 1414 913 septimo.
1468 843 1829 914 Chilpericus
1877 846 1936 899 et

292 927 704 996 Ragamfridus
736 930 940 1000 fugati,
975 945 1155 1002 penes
1194 931 1461 989 Carolum
1499 931 1743 988 victoria
1778 931 1883 988 fuit
1919 949 1933 987 :

294 1015 590 1074 Coloniam
640 1018 821 1089 venit,
855 1019 1164 1077 thesauros
1213 1022 1398 1092 patris
1434 1022 1519 1078 sui
1553 1036 1582 1077 a
1614 1021 1936 1077 Prectrude

293 1105 517 1174 recepit
544 1123 558 1171 ;
583 1120 780 1176 regem
802 1108 912 1163 sibi
938 1107 1293 1166 Clotharium
1320 1110 1545 1167 statuit.
1576 1109 1938 1180 Chilpericus

290 1197 346 1246 et
363 1194 1081 1264 RagamfridusEudonem
1099 1199 1301 1255 ducem
1319 1199 1372 1254 in
1389 1200 1739 1269 adjutorium
1764 1213 1938 1270 expe-

292 1285 421 1335 tunt
458 1300 473 1336 :
507 1287 712 1339 contra
747 1300 892 1356 quos
922 1285 1162 1343 Carolus
1184 1287 1513 1358 intrepidus
1537 1288 1747 1359 pergit.
1775 1287 1936 1345 Eudo

291 1369 546 1428 Parisios
585 1373 860 1443 fugiendo
901 1377 1184 1446 pervenit.
1230 1377 1607 1449 Chilpericus,
1642 1378 1936 1436 thesauris

293 1458 596 1527 regalibus
624 1462 892 1534 sublatis,
924 1469 1092 1520 trans
1113 1465 1358 1535 Ligerim
1394 1467 1449 1522 in
1481 1467 1848 1538 Aquitaniam
1874 1480 1934 1523 se

290 1546 530 1616 eripuit.
569 1549 940 1609 Chlotbarius
973 1568 1075 1608 rex
1105 1568 1174 1609 eo
1207 1568 1354 1611 anno
1378 1561 1642 1612 mortuus
1662 1562 1770 1612 est.
1797 1558 1934 1612 Post

290 1633 534 1691 Eoldum
566 1638 903 1710 episcopum
929 1641 1240 1698 Eobolinus
1264 1643 1604 1699 Viennensis
1627 1645 1936 1716 episcopus

290 1725 594 1781 successit.
631 1728 773 1784 Huic
807 1730 1188 1788 Ostrebertus
1217 1732 1305 1787 vir
1336 1737 1611 1791 strenuus
1640 1739 1697 1790 et
1723 1734 1936 1792 nobilis
1965 1749 2017 1808 Β
2051 1727 2212 1787 laicis
2235 1731 2525 1802 Sacrilege
2575 1736 2633 1788 et
2685 1733 2933 1789 barbare
2966 1748 3062 1790 res
3089 1748 3286 1791 sacras
3315 1733 3695 1791 ecclesiarum
3795 1777 3806 1784 -

290 1811 606 1885 episcopus
627 1819 904 1875 succedit.
923 1820 1024 1876 Hic
1048 1820 1313 1892 sepultus
1334 1826 1422 1878 est
1448 1822 1501 1877 in
1526 1822 1660 1879 villa
1688 1825 1934 1895 quadam

293 1901 677 1971 proprietatis
724 1922 844 1964 suze
889 1909 1196 1980 Julidiaco,
1232 1925 1342 1966 non
1395 1911 1563 1982 longe
1607 1929 1636 1968 a
1671 1915 1933 1984 Sequana

290 1985 484 2044 ﬂuvio.
518 1991 758 2051 Carolus
790 1995 1138 2066 legationem
1171 1997 1241 2053 ad
1284 1998 1578 2055 Eudonem
1613 2000 1765 2057 misit
1801 2000 1936 2055 ami-

289 2076 578 2150 citiasque
609 2098 739 2140 cum
770 2098 838 2142 eo
867 2090 1179 2160 componit.
1219 2090 1317 2148 Cui
1351 2088 1512 2146 Eudo
1546 2089 1933 2160 Chilpericum

292 2179 485 2234 regem
518 2184 649 2226 cum
693 2173 893 2232 multis
938 2180 1277 2237 muneribus
1323 2179 1602 2250 reddidit,
1639 2179 1740 2236 sed
1782 2179 1932 2234 idem

289 2267 396 2310 non
421 2255 525 2314 diu
549 2258 604 2314 in
629 2276 807 2331 regno
831 2267 1069 2324 resedit.
1090 2269 1382 2340 Siquidem
1406 2267 1933 2325 Noviomocivitate

289 2347 558 2404 mortuus
579 2363 644 2406 ac
669 2352 935 2422 sepultus
955 2361 1064 2413 est.
1093 2358 1374 2428 Regnavit
1399 2362 1592 2415 autem
1617 2357 1781 2413 annis
1805 2355 1936 2427 plus

289 2433 565 2506 Quinque.
617 2441 815 2499 Franci
864 2445 1302 2518 Theodericum,
1337 2447 1648 2517 Dagoberti
1686 2445 1936 2516 junioris

288 2520 490 2596 illium,
528 2541 724 2598 regem
757 2548 932 2604 super
964 2549 1023 2592 se
1055 2537 1441 2593 constituunt.
1479 2535 1721 2594 Carolus
1752 2535 1932 2606 major

291 2611 498 2671 domus
546 2621 602 2672 et
657 2620 1089 2681 Austrasiorum
1123 2626 1414 2697 princeps,
1449 2631 1683 2682 vastans
1719 2626 1930 2694 omnia,

289 2705 344 2756 et
379 2703 670 2764 Saxonum
706 2723 874 2781 agros
906 2713 1206 2785 diripiens,
1234 2716 1303 2771 ad
1335 2715 1616 2770 Wisorem
1643 2714 1927 2786 pervenit.

290 2790 595 2852 Ratbobus
625 2797 921 2857 Frisonum
963 2801 1079 2858 dux
1123 2805 1388 2874 moritur,
1423 2808 1481 2859 et
1534 2804 1774 2860 Carolus
1803 2818 1932 2860 cum

291 2879 616 2939 Saxonibus
657 2885 872 2944 bellum
925 2889 1090 2947 iniit:
1133 2892 1474 2960 gravissima
1518 2893 1709 2948 caedes
1756 2889 1934 2947 homi-

292 2981 424 3023 num
451 2969 800 3032 altrinsecus
823 2978 1209 3036 morientium.
1237 2981 1370 3036 Post
1406 2979 1626 3050 aliquot
1651 2994 1849 3048 annos,
1876 2978 1932 3033 in

293 3055 650 3125 Bajovariam
675 3063 787 3120 iter
815 3066 1082 3139 arripuit,
1110 3068 1555 3140 Rajovariosque
1579 3083 1707 3124 cum
1733 3067 1931 3123 labore

293 3146 540 3204 maximo
587 3152 658 3207 ad
701 3152 1052 3211 deditionem
1084 3158 1295 3228 coegit.
1331 3159 1467 3213 Post
1506 3154 1936 3212 reluctantibus

293 3232 504 3292 iterum
537 3241 832 3297 occurrit:
867 3248 924 3298 et
959 3247 1211 3302 secunda
1245 3245 1369 3302 vice
1400 3244 1744 3301 fortitudine
1773 3256 1937 3298 exer-

289 3321 442 3380 citus
489 3327 579 3383 sui
632 3331 1052 3401 superdomuit.
1088 3336 1303 3391 lterum
1329 3335 1470 3390 abiit
1513 3334 1569 3388 in
1608 3331 1932 3401 Saxoniam,

289 3409 498 3470 deinde
529 3416 600 3471 ad
637 3419 853 3476 Suevos
883 3426 1084 3478 contra
1119 3423 1500 3493 Lantfridum,
1530 3437 1675 3494 quos
1699 3421 1770 3477 ab
1796 3419 1937 3474 infe-

288 3503 536 3561 statione
569 3506 742 3564 nimia
776 3511 1076 3582 repressit.
1112 3511 1331 3569 Exinde
1347 3511 1669 3569 exercitum
1685 3529 1935 3572 commo-

287 3597 378 3649 vet
401 3598 608 3651 contra
635 3597 926 3655 Eudonem
951 3600 1372 3671 Aquitanorum
1410 3604 1636 3674 ducem,
1667 3601 1932 3676 fugitque

289 3697 468 3752 usque
497 3683 555 3738 in
586 3684 925 3743 Vasconiam
951 3689 1146 3760 fugato
1169 3690 1423 3747 Eudone.
1462 3692 1763 3749 Sarraceni
1789 3691 1932 3748 mul-

282 3769 358 3827 tis
384 3772 571 3845 copiis
598 3775 960 3847 navibusque
993 3777 1257 3848 plurimis
1290 3778 1458 3850 longe
1492 3779 1725 3850 lateque
1749 3779 1932 3852 pluri-

284 3874 405 3917 mas
437 3861 614 3918 urbes
644 3866 762 3919 tam
806 3865 1174 3936 Septimanize
1216 3882 1385 3937 quam
1428 3867 1769 3924 Viennensis
1801 3884 1930 3940 pro-

281 3948 485 4007 vinciae
517 3956 770 4009 vastant.
811 3954 1022 4011 Contra
1056 3970 1200 4026 quos
1231 3954 1473 4013 Carolus
1495 3957 1925 4028 expeditionem

285 4039 522 4111 ducens,
554 4043 933 4116 graviterque
964 4061 1064 4102 eos
1114 4045 1379 4116 fundens,
1417 4047 1472 4101 in
1504 4047 1810 4119 Hispanias
1839 4062 1927 4103 re-

284 4128 433 4198 pulit
466 4149 478 4183 :
526 4129 676 4187 facta
708 4133 1070 4202 concertatio
1099 4129 1296 4191 mense
1341 4135 1600 4208 Octobri,
1633 4151 1842 4207 gerens
1866 4141 1922 4194 et

278 4215 388 4270 alia
415 4215 662 4274 diversis
684 4218 740 4274 in
765 4219 1032 4291 partibus
1055 4221 1274 4293 praelia,
1293 4223 1506 4280 iterum
1540 4230 1668 4296 post
1704 4225 1922 4297 aliquot

277 4317 461 4360 annos
491 4307 750 4375 perrexit
805 4323 986 4379 usque
1037 4309 1092 4366 in
1142 4313 1499 4385 Vasconiam,
1554 4314 1921 4384 Aquitaniam

2049 485 2285 544 Vienna;
2337 489 2620 547 succedit.
2676 489 2782 556 Qui
2832 491 2906 546 ob
2955 489 3178 546 cladem
3220 493 3690 564 Sarracenorum,

2048 591 2178 632 cum
2232 582 2387 636 esset
2438 579 2644 636 domus
2692 577 3135 651 praeclarissima
3187 583 3502 652 martyrum
3542 581 3691 639 citra

2049 665 2386 723 Rhodanum
2420 668 2492 724 ab
2523 667 2609 724 eis
2634 667 2750 738 jam
2800 667 3056 738 incensa,
3089 673 3216 726 o‘ssa
3252 668 3404 724 beati
3438 669 3691 727 Ferreoli

2046 770 2176 812 cum
2209 756 2401 828 capite
2422 757 2632 813 Iuliani
2659 758 2932 830 martyris
2955 757 3107 814 intra
3131 757 3334 816 urbem
3365 760 3688 831 transtulit,

2047 843 2249 916 eisque
2281 845 2607 902 accelerato
2637 861 2834 918 Opere,
2869 862 2981 903 non
3030 862 3236 917 magno
3289 847 3477 920 pretio
3508 848 3692 906 eccle-

2049 933 2190 990 siam
2220 936 2550 992 construxit
2589 955 2601 991 :
2635 935 2733 993 ubi
2766 941 2825 991 et
2857 937 3192 994 eorumdem
3215 941 3536 1008 martyrum
3560 937 3692 994 reli-

2049 1021 2215 1092 quias
2243 1028 2583 1080 reverenter
2611 1025 2955 1096 composuit.
2990 1025 3146 1082 Idem
3177 1024 3528 1096 Wilicarius,
3561 1041 3691 1083 cum

2047 1110 2266 1168 furioso
2294 1116 2352 1168 et
2384 1113 2584 1170 insano
2633 1113 2775 1170 satis
2822 1113 3064 1171 consilio
3114 1113 3315 1171 Franci
3371 1129 3467 1171 res
3495 1129 3693 1173 sacras

2046 1196 2426 1256 ecclesiarum
2451 1200 2522 1256 ad
2547 1216 2686 1257 usus
2701 1216 2835 1257 suos
2848 1204 3286 1271 retorquerent,
3302 1201 3508 1259 videns
3527 1201 3694 1258 Vien-

2047 1299 2281 1343 nensem
2313 1303 2475 1344 suam
2507 1288 2846 1346 indecenter
2878 1287 3190 1358 humiliari,
3227 1288 3434 1346 relicto
3473 1290 3694 1361 episco-

2046 1378 2207 1445 patu,
2241 1375 2294 1430 in
2331 1377 2744 1435 monasterium
2778 1381 3110 1434 sanctorum
3153 1382 3472 1450 martyrum
3507 1381 3693 1449 Agau-

2045 1463 2307 1520 nensium
2341 1465 2656 1537 ingressus,
2690 1467 2868 1522 vitam
2907 1467 3300 1522 venerabilem
3334 1467 3520 1524 duxit.
3557 1470 3694 1525 Vas-

2044 1555 2166 1607 tata
2181 1556 2239 1608 et
2265 1553 2543 1625 dissipata
2557 1555 2864 1611 Viennensi
2887 1560 2943 1611 et
2970 1555 3335 1625 Lugdunensi
3370 1556 3688 1627 provincia,

2044 1639 2263 1712 aliquot
2298 1643 2462 1699 annis
2490 1643 2611 1699 sine
2643 1643 2932 1715 episcopis
2965 1648 3213 1715 utraque
3255 1645 3517 1704 Ecclesia
3562 1645 3690 1715 fuit,

2048 1818 2469 1876 obtinentibus.
2489 1823 2651 1876 Anno
2674 1820 3096 1878 Incarnationis
3117 1821 3338 1877 Domini
3366 1822 3698 1893 septingen-

2044 1908 2252 1964 tesimo
2283 1909 2759 1981 quinquagesimo
2794 1911 2978 1982 primo
3013 1911 3255 1968 Carolus
3278 1911 3506 1982 Pippini
3543 1909 3698 1967 illius

2047 1998 2393 2055 Francorum
2427 1999 2544 2055 dux
2595 2001 2906 2057 defunctus
2958 2006 3067 2070 est,
3113 1999 3502 2071 principatum
3537 1998 3694 2056 illius

2044 2087 2346 2144 obtinente
2371 2087 2750 2144 Carlomanno
2766 2092 2823 2143 et
2847 2089 3092 2160 Pippino
3107 2089 3288 2143 fratre
3302 2088 3446 2158 ejus.
3467 2087 3691 2144 Cbilde-

2045 2173 2200 2231 ricus
2231 2175 2286 2232 in
2321 2191 2498 2246 regno
2530 2179 2877 2233 Francorum
2919 2176 3318 2234 substituitur.

2120 2263 2262 2334 [727]
2299 2265 2712 2321 Constantinus
2742 2265 3080 2336 imperator,
3114 2279 3296 2322 annos
3324 2263 3530 2335 viginti
3565 2278 3688 2320 sex.

2046 2352 2460 2409 Carlomannus
2490 2359 2545 2410 et
2580 2355 2860 2426 Pippinus
2879 2358 3083 2410 contra
3113 2354 3439 2410 Hunaldum
3485 2353 3692 2410 ducem

2046 2441 2464 2511 Aquitanorum
2495 2444 2819 2500 exercitum
2850 2447 3102 2514 movent,
3135 2446 3561 2515 coeperuntque
3603 2456 3695 2498 ca-

2046 2536 2252 2603 strum,
2287 2533 2437 2603 quod
2469 2537 2712 2589 vocatur
2744 2535 2926 2590 Lucas
2960 2553 2972 2588 :
3008 2533 3063 2588 in
3107 2533 3231 2605 ipso
3273 2533 3482 2588 itinere
3517 2529 3690 2604 positi

2045 2621 2368 2677 diviserunt
2403 2621 2509 2678 sibi
2544 2637 2783 2692 regnum
2828 2625 3198 2692 Francorum,
3233 2621 3290 2677 in
3322 2621 3448 2679 loco
3480 2619 3577 2692 qui
3610 2619 3692 2675 di-

2043 2710 2198 2767 citur
2248 2713 2428 2768 Vetus
2472 2712 2763 2770 Pictavus.
2815 2713 3028 2768 Eodem
3079 2727 3228 2768 anno
3277 2710 3694 2768 Carlomannus

2045 2797 2439 2855 Alamanniam
2497 2800 2768 2857 vastavit.
2829 2801 3245 2858 Carlomannus
3303 2806 3361 2856 et
3412 2798 3693 2871 Pippinus

2045 2887 2244 2943 ineunt
2279 2904 2526 2959 pugnam
2571 2905 2702 2945 cum
2752 2888 2994 2946 Odilone
3042 2891 3189 2946 duce
3232 2887 3687 2959 Bajovariorum.

2045 2974 2256 3030 Eodem
2272 2989 2419 3030 anno
2434 2975 2988 3032 Carlomannuscum
3014 2976 3336 3032 Saxonibus
3348 2973 3688 3032 conﬂictum

2043 3062 2244 3118 habuit
2272 3081 2284 3116 :
2307 3062 2579 3134 cepitque
2601 3069 2858 3122 castrum
2883 3065 3035 3136 quod
3052 3065 3268 3121 dicitur
3289 3065 3684 3134 Hocseoburg,

2044 3155 2102 3208 et
2123 3152 2491 3208 Theotecnun
2517 3154 2798 3209 Saxonem
2822 3152 3156 3224 placitando
3177 3153 3286 3209 sibi
3308 3151 3684 3222 conquisivit,

2045 3253 2194 3294 anno
2242 3239 2663 3297 Incarnationis
2708 3240 2929 3296 Domini
2982 3239 3502 3312 septingentesimo
3551 3254 3689 3310 qua-

2044 3327 2370 3398 dragesimo
2389 3329 2588 3385 tertio.
2614 3331 2830 3386 lterum
2853 3329 3132 3400 Pippinus
3171 3334 3228 3385 et
3273 3329 3690 3386 Carlomannus

2044 3417 2473 3488 expeditionem
2506 3418 2835 3474 habuerunt
2859 3418 2914 3474 in
2955 3418 3282 3490 Saxoniam,
3319 3433 3469 3475 anno
3496 3420 3687 3476 Incar-

2044 3505 2294 3562 nationis
2359 3505 2579 3562 Domini
2649 3506 3168 3578 septingentesimo
3244 3507 3689 3579 quadragesimo

2044 3600 2273 3666 quarto,
2305 3600 2627 3667 captusque
2657 3601 2743 3652 est
2777 3597 3164 3655 Theodericus
3197 3600 3364 3654 Saxo.
3411 3597 3686 3670 Sequenti

2041 3698 2189 3740 anno
2221 3684 2434 3740 nullam
2469 3686 2731 3741 fecerunt
2764 3687 3216 3758 expeditionem,
3259 3702 3328 3743 eo
3369 3688 3520 3758 quod
3556 3687 3689 3743 Car-

2040 3771 2341 3830 lomannus
2371 3773 2713 3844 dispositum
2763 3775 3005 3830 haberet
3038 3774 3376 3831 saecularem
3417 3775 3680 3830 militiam

2039 3859 2391 3930 relinquere,
2417 3865 2474 3916 et
2501 3861 2625 3932 ipso
2653 3875 2801 3917 anno
2825 3861 3052 3932 paravit
3077 3862 3189 3917 iter
3231 3878 3397 3919 suum
3431 3863 3683 3933 paravit-

2038 3962 2148 4019 que
2162 3963 2222 4004 se
2239 3948 2420 4004 frater
2441 3949 2566 4020 ejus
2588 3948 2866 4021 Pippinus
2888 3949 3202 4008 honoriﬁce
3227 3951 3296 4008 ad
3338 3951 3680 4023 obsequium

2035 4035 2210 4108 illius,
2247 4053 2395 4095 anno
2444 4039 2864 4096 Incarnationis
2902 4039 3122 4096 Domini
3165 4040 3683 4113 septingentesimo

2033 4127 2479 4198 quadragesimo
2526 4132 2710 4186 sexto.
2764 4128 3178 4187 Carlomannus
3229 4131 3544 4187 secundum
3585 4144 3684 4186 vo-

2032 4220 2154 4272 tum
2185 4234 2350 4275 suum
2395 4220 2627 4274 Romam
2672 4218 2813 4288 abit,
2859 4219 3056 4290 ibique
3101 4233 3161 4275 se
3193 4219 3470 4289 totondit,
3505 4223 3682 4291 atque

2032 4305 2446 4362 monasterium
2479 4305 2533 4361 in
2568 4310 2762 4362 monte
2786 4308 3028 4379 Sarepta
3062 4306 3117 4362 in
3146 4307 3524 4364 veneratione
3555 4322 3682 4364 san-

278 4392 674 4466 depopulatus
703 4415 715 4451 :
752 4401 981 4453 mortuo
1021 4399 1279 4471 Eudone,
1329 4405 1533 4457 contra
1586 4401 1733 4458 ﬁlios
1766 4402 1924 4460 illius
1956 4462 1998 4471 _
2029 4392 2390 4451 ctiSilvestri
2413 4395 2978 4467 construxit,ibique
3000 4397 3108 4453 sub
3133 4396 3453 4454 monastico
3475 4395 3678 4454 habitu

279 4462 772 4556 arma‘corripuit,
797 4501 1013 4558 eosque
1037 4462 1414 4546 vehementer
1439 4491 1657 4546 aﬂlixit.
1687 4492 1793 4548 Sed
1828 4507 1924 4548 va-
1953 4462 2006 4524 D
2036 4481 2230 4554 aliquo
2268 4487 2528 4555 tempore
2567 4483 2732 4541 νίκίίο
2750 4462 2902 4540 ’Ῑηάέ
2920 4485 2990 4541 ad
3016 4488 3278 4542 δευοίυηῖ
3303 4486 3678 4544 Βθηθάίοῐυῐη

278 4572 470 4628 riante
491 4575 950 4646 concertatione,
975 4592 1104 4633 cum
1127 4593 1199 4634 ex
1223 4579 1486 4650 utrisque
1513 4579 1779 4650 partibus
1801 4580 1926 4652 plu-

277 4661 411 4717 rimi
441 4663 835 4736 czederentur,
866 4667 1100 4722 tandem
1126 4668 1314 4723 medus
1335 4683 1442 4722 non
1469 4667 1566 4722 diu
1589 4682 1922 4724 mansurum

279 4748 505 4807 ineunt.
534 4753 835 4810 Sarraceni
854 4770 999 4826 pene
1020 4760 1202 4812 totam
1218 4755 1584 4827 Aquitaniam
1598 4759 1919 4827 vastantes,

278 4845 333 4894 et
367 4838 488 4896 late
521 4839 666 4899 alias
695 4843 1024 4914 provincias
1072 4845 1200 4916 igne
1244 4846 1512 4917 ferroque
1554 4849 1919 4918 superantes,

279 4928 675 4999 Burgundiam
725 4920 1013 4988 dirissima
1064 4932 1436 4990 infestatione
1484 4934 1919 5007 depraedantur,

278 5030 428 5087 pene
460 5018 649 5075 omnia
683 5020 926 5077 flammis
956 5025 1292 5092 exurentes,
1319 5022 1667 5080 monasteria
1693 5038 1922 5096 quoque

274 5121 340 5164 ac
382 5105 511 5164 loca
555 5123 717 5166 sacra
759 5109 1065 5183 foedantes,
1102 5111 1462 5170 innumerum
1496 5112 1772 5185 pepulum
1805 5114 1922 5170 abi-

274 5201 444 5266 gunt,
480 5199 658 5268 atque
688 5197 742 5252 in
774 5198 1078 5270 Hispanias
1106 5205 1513 5272 transponunt.
1543 5202 1750 5259 Contra
1779 5218 1922 5273 quos

278 5282 523 5341 Carolus
537 5283 748 5341 iterum
763 5286 1190 5357 expeditionem
1207 5288 1403 5344 movit.
1423 5290 1645 5357 Quibus
1659 5291 1791 5347 forti
1808 5305 1922 5346 ma-

279 5387 350 5430 nu
370 5373 675 5444 resistens,
691 5391 840 5432 caesa
856 5376 988 5432 inde
1004 5377 1248 5433 maxima
1263 5377 1922 5451 multitudine,reliquos

284 5462 376 5533 qui
411 5464 831 5536 superfuerunt
866 5465 1065 5537 fugere
1095 5467 1374 5539 compulit
1401 5487 1412 5522 :
1447 5481 1479 5523 e
1512 5468 1722 5540 quibus
1754 5467 1918 5539 pauci

2035 4571 2090 4629 in
2117 4573 2351 4630 Cassino
2373 4577 2566 4630 monte
2590 4574 2954 4647 perveniens,
2973 4575 3267 4634 monachis
3291 4576 3546 4635 sociatus
3565 4579 3674 4633 est.

2033 4663 2189 4719 Grifo
2221 4667 2354 4720 ante
2387 4655 2846 4738 faciem'Pippini
2879 4665 3043 4723 ducis
3075 4666 3220 4736 fugit
3254 4665 3308 4722 in
3352 4667 3672 4724 Saxoniam.

2032 4754 2310 4826 Pippinus
2353 4769 2456 4826 per
2504 4754 2865 4826 Thoringiam
2918 4755 3030 4812 iter
3076 4754 3384 4828 arripiens,
3416 4755 3679 4811 introivit

2033 4844 2088 4901 in
2113 4843 2435 4914 Saxoniam,
2455 4844 2834 4916 pervenitque
2859 4844 2928 4901 ad
2952 4845 3188 4902 fluvium
3213 4845 3454 4904 Missaha
3479 4842 3676 4901 inloco

2034 4933 2130 5005 qui
2166 4934 2379 4990 dicitur
2411 4932 2692 5004 Scaamgi.
2727 4933 2884 4990 Grifo
2925 4933 3248 5006 adjungens
3278 4947 3472 4991 secum
3506 4935 3678 4990 Saxo-

2033 5035 2168 5076 num
2202 5021 2656 5094 multitudinem,
2690 5037 2863 5095 super
2895 5023 3130 5082 lluvium
3164 5024 3411 5079 Oacrum
3462 5019 3517 5077 in
3551 5020 3677 5079 loco

2033 5110 2130 5179 qui
2165 5108 2379 5166 dicitur
2401 5111 2847 5182 l-lorahim,illuc
2873 5127 3101 5184 quoque
3124 5125 3253 5167 eum
3278 5113 3369 5165 est
3398 5109 3679 5184 Pippinus

2032 5195 2350 5255 insecutus.
2381 5201 2488 5257 Sed
2515 5201 2673 5257 Grifo
2689 5201 3178 5273 arripiensfugam
3204 5199 3471 5269 pervenit
3495 5215 3676 5273 usque

2031 5284 2413 5359 Bajovariam,
2470 5290 2860 5361 ducatumque
2911 5287 3097 5358 ipsum
3150 5287 3257 5344 sibi
3291 5288 3672 5362 subjugavit:

2028 5373 2382 5434 Tassilonem
2397 5382 2573 5450 atque
2596 5378 2874 5435 Iltrudem
2895 5380 3099 5448 captos
3113 5377 3392 5437 subdidit.
3411 5379 3677 5450 Swidger

2031 5466 2102 5521 ad
2137 5465 2415 5523 auxilium
2449 5467 2503 5522 ei
2553 5466 2731 5523 venit.
2784 5467 2904 5523 lloc
2951 5465 3196 5528 audiens
3230 5467 3530 5544 Pippinus,
3564 5467 3678 5523 iter

360 5646 390 5677 α
416 5638 659 5713 Regina,
695 5639 732 5699 l.
767 5656 831 5712 11,
861 5656 992 5702 eum
1024 5643 1106 5702 ait
1135 5659 1168 5702 a
1198 5657 1387 5717 coquo
1419 5642 1614 5719 alapas
1644 5642 1859 5718 saepius
1887 5648 1945 5704 et
1973 5643 2220 5706 verbera
2252 5641 2544 5716 patienter
2573 5640 2808 5702 tulisse.
