4078 6180
373 245 476 308 123

1433 241 1489 303 S.
1523 240 1781 302 ADONIS
1811 238 2244 304 ARCHIEPISC.
2289 245 2702 310 VIENNENSIS

3661 255 3766 319 {26

370 377 502 452 post
512 386 642 435 eum
655 368 961 460 arripiens,
975 370 1209 460 captum
1223 366 1514 460 Grifonem
1529 383 1722 431 secum
1738 367 2002 460 adduxit,
2031 365 2098 432 Δ
2119 369 2399 448 eluserat,
2424 375 2676 435 obsedit.
2703 377 2776 437 At
2800 374 2916 452 ille,
2943 391 3192 440 cernens
3211 391 3275 442 se
3297 394 3408 442 non
3433 395 3609 460 posse
3630 399 3765 447 eva-

371 465 553 528 simul'
585 478 717 524 cum
768 459 1038 520 Lanfrido
1089 463 1264 533 atque
1314 459 1577 532 Swidger
1609 481 1622 518 :
1656 459 2005 520 Tassilonem

367 570 506 613 vero
528 553 584 612 in
605 553 882 613 ducatum
905 550 1336 622 Bajovariorum
1360 551 1574 624 posuit,
1591 551 1761 624 eique
1777 565 1880 623 per
1912 553 2008 608 be-

368 643 634 703 neﬁcium
683 639 1041 714 Bajovariam
1090 641 1396 713 commisit,
1431 641 1649 698 Grifoni
1690 655 1920 714 quoque
1950 640 2006 698 in

370 733 636 807 partibus
661 731 914 790 Austrias
941 730 1248 788 duodecim
1279 730 1591 788 comitatus
1629 731 1789 789 dedit
1825 751 1838 787 :
1874 731 2006 788 inde

369 828 500 896 post
533 822 690 880 Grifo
722 821 949 893 fugiens
965 819 1241 878 Waifario
1263 819 1512 878 Hunoldi
1545 818 1662 878 filio
1693 819 2008 892 Aquitano-

372 927 499 970 rum
530 912 662 971 duci
694 927 755 970 se
783 909 1106 983 conjunxit,
1140 909 1336 981 ibique
1367 911 1536 966 ambo
1581 913 1785 968 contra
1816 908 2008 982 Pippi-

371 1017 504 1059 num
528 1001 905 1060 rebellionem
929 1004 1157 1072 parant.
1174 999 1570 1057 lnterim'dum
1597 999 1781 1072 copiae
1804 1014 2010 1074 paran-

369 1093 487 1162 tur,
504 1091 654 1148 misit
681 1087 2009 1164 PippiuusUtgarduijisburgensemepisco-

369 1195 504 1252 pum
536 1185 592 1237 et
628 1179 938 1238 Fulradum
969 1179 1333 1252 capellanum
1367 1194 1532 1236 suum
1565 1179 1634 1235 ad
1677 1177 2006 1234 Zachariam

364 1271 508 1326 tunc
537 1269 818 1341 temporis
847 1268 1177 1341 pontificem
1209 1269 1548 1338 Romanum,
1589 1271 1650 1324 ut
1687 1267 2010 1336 interroga-

368 1361 498 1414 rent
529 1371 682 1427 eum,
715 1356 760 1414 si
792 1355 870 1414 ita
896 1370 1128 1412 manere
1151 1355 1434 1412 deberent
1467 1369 1636 1426 reges
1659 1355 2008 1411 Francorum

365 1460 496 1502 cum
531 1459 675 1518 pene
705 1443 922 1502 nullius
953 1443 1264 1516 potestatis
1292 1446 1508 1514 essent,
1537 1442 1652 1513 jam
1694 1441 1818 1498 solo
1851 1439 2010 1512 regio

370 1531 597 1589 nomine
617 1530 897 1590 contenti.
923 1531 1145 1599 Quibus
1165 1529 1470 1588 Zacharias
1491 1528 1753 1602 pontifex
1775 1543 2010 1600 respon-

371 1635 494 1678 sum
527 1619 709 1692 dedit,
743 1633 938 1690 regem
971 1619 1165 1692 potius
1196 1617 1356 1675 illum
1407 1618 1624 1674 debere
1671 1615 1866 1673 vocari
1911 1614 2006 1688 qui

371 1708 787 1781 rempublicam
821 1711 1072 1780 regeret.
1105 1707 1378 1764 Reversis
1410 1704 2008 1794 legatis,abjectoque
2036 1731 2092 1794 Β

373 1795 700 1854 Childerico
729 1795 825 1869 qui
858 1800 996 1853 tunc
1020 1794 1241 1866 regium
1274 1805 1480 1851 nomen
1505 1793 1779 1861 habebat,
1805 1790 2004 1848 Franci

369 1898 476 1954 per
497 1884 798 1942 consilium
833 1884 1156 1955 legatorum
1188 1885 1246 1938 et
1269 1880 1556 1938 Zachariae
1580 1879 1870 1952 pontiﬁcis
1893 1877 2008 1935 elc-

365 1975 524 2029 ctum
548 1973 853 2045 Pippinum
878 1987 1070 2043 regem
1097 1971 1202 2030 sibi
1226 1970 1619 2028 constituunt:
1649 1967 2008 2026 Childericus

367 2063 730 2132 tonsuratus,
756 2064 813 2117 et
847 2061 900 2116 in
927 2060 1341 2116 monasterium
1364 2059 1574 2115 missus
1596 2061 1706 2113 est.
1735 2058 1859 2112 Mox
1880 2057 2010 2129 Pip-

369 2147 558 2220 pinus,
595 2163 696 2205 rex
729 2149 1074 2206 Francorum
1111 2149 1316 2218 factus,
1355 2145 1570 2204 bellum
1605 2145 1660 2200 in
1704 2145 2006 2202 Saxoniam

367 2235 544 2292 movit
579 2255 590 2291 :
628 2235 682 2292 in
718 2251 832 2306 quo
856 2235 1258 2306 Childegarius
1281 2235 1592 2306 episcopus
1622 2247 1652 2289 a
1687 2233 2008 2290 Saxonibus

363 2321 592 2380 occisus
619 2325 708 2379 est
741 2322 796 2377 in
825 2328 1020 2380 castro
1044 2322 1199 2394 quod
1224 2322 1442 2379 dicitur
1467 2319 1789 2389 Witbergh.
1809 2319 2008 2376 Victor

367 2409 648 2482 Pippinus
678 2411 941 2483 pervenit
977 2425 1160 2482 usque
1194 2410 1264 2467 ad
1289 2410 1479 2468 locum
1504 2409 1601 2480 qui
1636 2407 1836 2464 Rhime
1869 2408 2008 2464 dici-

369 2500 468 2556 tur
500 2518 513 2554 :
549 2498 683 2556 inde
715 2513 989 2557 reversus
1019 2499 1325 2556 nuntiatur
1355 2499 1407 2555 ei
1441 2497 1592 2570 quod
1636 2498 1793 2555 Grifo
1827 2497 2009 2554 frater

367 2587 494 2658 ejus
523 2587 658 2646 dum
689 2588 911 2646 Italiam
945 2589 1166 2646 intrare
1197 2587 1398 2658 vellet,
1434 2589 1584 2659 apud
1618 2586 2006 2644 Morivennam

365 2675 593 2735 occisus
613 2681 789 2748 esset,
804 2678 972 2749 cujus
985 2681 1229 2736 mortem
1248 2677 1384 2734 licet
1411 2676 1616 2749 perﬁdi
1637 2675 1839 2748 patria:
1863 2675 2008 2731 adeo

366 2764 572 2824 doluit.
606 2766 876 2824 Zacharia
913 2766 1184 2839 pontifice
1216 2767 1514 2836 defuncto,
1532 2765 1860 2837 Stephanus
1881 2779 2009 2821 suc-

365 2854 542 2912 cedit.
575 2857 728 2912 Tunc
765 2857 1048 2928 temporis
1087 2858 1324 2913 sanctus
1368 2853 1694 2912 Bonifacius
1727 2851 2008 2924 archiepi-

364 2955 575 3014 scopus
603 2943 1127 3012 Moguntiacensem
1163 2942 1404 3011 regebat
1429 2939 1765 2997 Ecclesiam.
1793 2937 2008 2994 Praedi-

361 3033 528 3088 cator
547 3030 900 3088 venerabilis
923 3030 1230 3086 maximam
1256 3028 1690 3086 multitudinem
1706 3028 2006 3085 Frisonum

364 3117 434 3174 ad
460 3117 750 3176 Christum
763 3117 1447 3186 convertit:Wilicarius,
1467 3115 1672 3172 relicta
1699 3113 2008 3171 Viennensi

363 3205 524 3273 sede,
559 3205 793 3260 Romam
828 3204 1073 3276 primum
1107 3203 1270 3273 abiit,
1307 3203 1502 3274 ibique
1529 3201 2010 3274 papas-Stephano

363 3294 540 3349 notus
558 3291 842 3350 efficitur:
869 3291 1180 3362 interjecto
1202 3305 1312 3347 non
1339 3291 1520 3347 multo
1537 3294 1800 3361 tempore
1825 3291 2010 3360 Agau-

366 3379 848 3438 nimonasterium
873 3379 1260 3452 martyrumin
1275 3393 1473 3436 curam
1500 3379 1775 3450 suscepit.
1797 3377 2010 3434 Aistul-

365 3465 515 3538 phus
535 3467 1042 3538 Longobardorum
1067 3481 1192 3538 rex,
1210 3465 1382 3524 nimis
1406 3465 1627 3538 perfide
1654 3468 2008 3522 testamenta

361 3553 514 3610 dono
529 3553 1024 3627 praedecessorum
1038 3554 1164 3625 ejus
1188 3556 1360 3611 beato
1374 3556 1548 3611 Petro
1568 3552 1780 3610 collata
1809 3566 2010 3624 perru-

361 3641 468 3716 pit,
485 3645 664 3715 atque
689 3643 999 3702 facultates
1020 3645 1291 3702 Romanae
1305 3643 1578 3701 Ecclesiae
1592 3641 1760 3698 militi
1769 3644 1875 3700 bus
1887 3641 2008 3700 suis

359 3731 540 3790 dedit.
576 3733 692 3790 Hac
726 3737 974 3804 urgente
999 3733 1373 3804 necessitate,
1401 3732 1732 3804 Stephanus
1755 3745 1924 3804 papa,
1950 3730 2007 3787 in

360 3819 656 3886 Franciam
693 3821 972 3881 auxilium
1018 3823 1335 3896 petiturus,
1370 3821 1442 3879 ad
1481 3821 1788 3894 Pippinum
1821 3819 2002 3877 venit.

359 3909 774 3970 Carlomannus
805 3927 1036 3984 quoque
1081 3913 1262 3970 frater
1305 3911 1533 3984 Pippini
1575 3909 1732 3980 regis
1763 3909 2007 3966 consilio

359 3997 672 4069 Aistulphi,
707 4003 768 4056 ut
802 4000 1098 4069 vulgatur,
1127 4000 1181 4054 in
1203 4002 1408 4055 eadem
1432 3999 1736 4055 voluntate
1767 4011 2011 4065 consen-r

357 4084 543 4140 tiente
564 4085 777 4142 abbate
799 4084 928 4154 ejus
949 4089 1012 4142 ut
1039 4087 1381 4156 petitionem
1405 4085 1682 4157 Stephani
1715 4084 2004 4156 pontificis

359 4177 638 4243 caesaret,
670 4177 730 4228 et
754 4172 877 4244 ipse
901 4173 956 4230 in
982 4173 1281 4231 Franciam
1306 4173 1484 4230 venit.
1515 4173 1846 4245 Stephanus
1868 4187 2005 4244 pon-

359 4259 504 4317 tifex
516 4264 693 4319 uncto
705 4261 952 4333 Pippino
980 4261 1035 4318 in
1059 4277 1276 4334 regem,
1295 4262 1442 4320 duos
1466 4277 1699 4334 quoque
1715 4261 1864 4318 ﬁlios
1877 4260 2004 4331 ejus

357 4347 624 4415 Carolum
655 4352 713 4406 et
749 4349 1192 4409 Carlomannum
1219 4351 1442 4424 pariter
1473 4352 1658 4408 unxit.
1690 4351 1750 4408 Β.
1779 4351 2004 4408 Bonifa-

2116 463 2276 534 dere,
2313 465 2571 536 promisit
2622 467 2811 526 omnia
2853 470 3026 529 beato
3051 472 3228 530 Petro
3255 476 3313 530 et
3347 473 3622 535 Ecclesia;
3649 478 3761 537 Ro-

2116 565 2299 610 manas
2325 554 2758 614 restituturum.
2786 558 3031 618 Obsides
3051 557 3232 631 igitur
3265 563 3652 635 quadraginta
3686 567 3770 626 si-

2117 640 2231 698 mul
2264 656 2393 698 cum
2420 640 2752 712 juramento
2781 645 2960 702 dedit.
2989 645 3196 718 Sicque
3218 648 3521 708 obsidione
3549 651 3763 711 libera-

2115 734 2212 788 tus
2239 735 2326 788 est
2361 751 2374 787 :
2410 746 2513 788 rex
2539 748 2679 790 vero
2699 733 2980 806 Pippinus
3013 735 3067 790 in
3099 737 3396 794 Franciam
3421 739 3614 797 rediit.
3649 741 3760 799 Sed

2117 818 2305 876 Aistul
2316 821 2460 892 phus
2481 825 2543 877 ut
2573 822 2828 894 perfidus
2845 825 3033 880 omnia
3061 825 3460 886 mentitusest.
3481 829 3568 886 Ob
3591 846 3762 903 quam

2116 922 2347 964 causam
2381 923 2483 965 rex
2514 909 3052 982 Pippinus,ltaliam
3079 912 3291 971 iterum
3315 915 3634 989 ingressus,
3661 921 3766 975 Pa-

2119 994 2269 1066 piam
2300 996 2550 1069 obsedit,
2570 997 2940 1070 Aistulphum
2968 999 3370 1059 intusclausit.
3396 1003 3762 1076 Aistulphus,

2120 1081 2330 1139 iterum
2352 1088 2717 1141 sacramento
2740 1085 2974 1142 nimium
2997 1091 3262 1159 coactus,
3290 1089 3537 1148 ﬁrmavit
3563 1107 3625 1148 se
3647 1107 3768 1148 om-

2119 1168 2210 1225 nia
2244 1169 2651 1228 redditurum:
2697 1171 2935 1244 insuper
2981 1173 3265 1246 Pippinus
3291 1189 3394 1232 rex
3432 1178 3766 1236 Ravennam

2117 1260 2418 1329 totamque
2473 1259 2813 1332 Pentapolin
2873 1261 3091 1319 sanctis
3140 1262 3420 1334 apostolis
3472 1267 3649 1324 Petro
3705 1271 3767 1323 et

2119 1343 2299 1399 Paulo
2324 1345 2590 1402 tradidit.
2623 1347 2878 1404 Reverso
2922 1362 3060 1419 rege
3097 1349 3362 1428 Pippino,
3394 1350 3763 1425 Aistulphus,

2121 1429 2287 1487 dumﬁ
2312 1445 2588 1488 venarum
2625 1433 2820 1490 divino
2843 1433 3064 1505 judicio
3105 1437 3300 1494 subito
3338 1452 3651 1508 percussus
3683 1439 3770 1496 in-

2119 1517 2302 1574 teriit.
2358 1519 2671 1590 Interjecto
2720 1524 3002 1593 tempore,
3037 1523 3372 1580 Desiderius
3421 1523 3477 1579 in
3521 1539 3766 1596 regnum

2119 1603 2629 1674 Longobardorum
2652 1607 2952 1664 successit.
2983 1609 3399 1666 Constantinus
3420 1609 3765 1682 imperator,

2123 1688 2312 1746 missis
2334 1690 2500 1748 donis
2532 1693 2652 1763 regi
2685 1693 2929 1765 Pippino
2960 1694 3131 1752 simul
3158 1709 3378 1765 organo
3404 1695 3642 1767 musico,
3673 1711 3770 1768 pa-

2119 1792 2243 1834 cem
2272 1794 2402 1836 cum
2435 1781 2667 1838 Francis
2689 1782 2917 1840 statuit.
2944 1785 3198 1840 Tenente
3223 1783 3498 1856 placitum
3521 1784 3770 1857 Pippino

2119 1869 2331 1938 Regem
2381 1869 2754 1942 Compendio,
2804 1872 3023 1929 Tassilo
3062 1873 3179 1929 dux
3231 1873 3662 1944 Bajovariorum
3695 1875 3766 1932 ad

2120 1955 2280 2013 illum
2314 1957 2390 2014 ibi
2424 1957 2604 2030 venit,
2639 1975 2817 2031 seque
2866 1960 2949 2016 illi
2999 1961 3053 2016 in
3102 1961 3413 2019 vassallum
3454 1963 3766 2036 commisit,

2119 2049 2295 2116 atque
2320 2061 2499 2118 super
2520 2063 2764 2120 corpora
2791 2053 3122 2106 sanctorum
3147 2053 3464 2122 martyrum
3489 2052 3765 2124 Dionysii,

2119 2134 2362 2206 Rustici,
2396 2139 2454 2192 et
2486 2136 2826 2208 Eleutherii,
2861 2137 3032 2194 simul
3064 2143 3122 2194 et
3155 2153 3333 2211 super
3363 2154 3612 2213 corpora
3639 2155 3772 2198 san-

2117 2226 2343 2279 ctorum
2375 2225 2774 2283 confcssorum
2805 2226 3034 2282 Martini
3065 2230 3122 2282 et
3155 2228 3424 2284 Germani
3449 2227 3666 2298 juravit
3703 2233 3770 2287 ut

2119 2310 2174 2367 in
2203 2313 2472 2371 omnibus
2501 2313 2708 2370 diebus
2730 2314 2866 2372 vitae
2897 2330 3018 2373 sum
3043 2317 3164 2386 regi
3189 2317 3440 2389 filiisque
3461 2319 3590 2390 ejus
3623 2319 3772 2376 inte-

2117 2414 2280 2469 gram
2304 2400 2474 2457 fidem
2496 2417 2626 2458 cum
2649 2403 2984 2461 subditione
3005 2411 3288 2462 servaret.
3315 2407 3458 2464 Acta
3487 2411 3621 2465 sunt
3646 2407 3770 2466 haec

2119 2503 2268 2544 anno
2301 2491 2720 2548 Incarnationis
2766 2493 2988 2549 Domini
3034 2495 3556 2566 septingentesimo
3605 2495 3771 2567 quin-

2119 2579 2454 2648 quagesimo
2475 2583 2698 2636 octavo.
2719 2581 3047 2654 Omnesque
3063 2583 3312 2654 majores
3335 2584 3769 2656 Bajovariorum

2119 2666 2376 2725 una'cum
2394 2669 2519 2739 ipso
2536 2671 2915 2728 sacramentis
2930 2671 3288 2741 jurationum
3314 2675 3583 2731 obstricti
3607 2680 3764 2734 sunt.

2119 2755 2452 2813 Bertericus
2479 2757 2879 2828 [Viennensem
2919 2759 3256 2832 Ecclesiam,
3288 2762 3457 2819 homo
3495 2763 3764 2836 simplex,

2117 2845 2377 2916 suscepit
2401 2847 2732 2915 regendam.
2749 2849 2885 2904 Post
2911 2847 3120 2920 ipsum,
3135 2849 3418 2908 Proculus
3431 2851 3763 2924 episcopus,

2117 2931 2388 2990 similiter
2412 2933 2686 2992 innocens
2699 2940 2758 2992 et
2781 2935 3063 3008 simplicis
3079 2941 3324 2995 naturae.
3342 2939 3404 2994 Pi
3413 2939 3621 3012 ppinus
3634 2955 3766 3010 rex,

2119 3020 2331 3078 iterum
2367 3023 2668 3078 Saxoniam
2694 3023 3012 3095 ingressus,
3039 3025 3346 3084 firmitates
3367 3043 3567 3086 omnes
3594 3031 3770 3087 Saxo-

2120 3124 2254 3166 num
2285 3109 2562 3180 obtinuit,
2599 3110 2898 3183 multaque
2929 3117 3126 3184 strage
3173 3116 3460 3174 Saxonum
3489 3119 3766 3192 populum

2119 3197 2472 3270 perdomuit,
2508 3199 2562 3254 in
2611 3203 2838 3256 tantum
2891 3205 2954 3258 ut
2989 3202 3138 3260 dona
3171 3203 3439 3262 annualia
3471 3206 3556 3263 eis
3586 3207 3769 3279 impo-

2119 3287 2302 3343 suerit
2327 3302 2432 3358 per
2453 3287 2712 3358 singulos
2735 3303 2916 3348 annos
2939 3291 3173 3349 Francis
3196 3292 3428 3350 deferre
3451 3295 3561 3352 tria
3585 3295 3764 3353 millia

2118 3389 2421 3446 equorum.
2458 3377 2622 3434 Anho
2662 3378 3082 3438 Incarnationis
3112 3381 3336 3438 Domini
3366 3383 3771 3456 septingente-

2117 3463 2262 3520 simo
2284 3465 2763 3537 quinquagesimo
2777 3483 2926 3525 nono
2959 3472 3132 3526 natus
3162 3474 3250 3527 est
3285 3471 3529 3544 Pippino
3561 3473 3684 3545 regi
3709 3474 3772 3530 ii-

2119 3549 2251 3622 lius,
2280 3566 2450 3622 quem
2496 3552 2647 3610 idem
2689 3559 2860 3626 pater
2900 3554 3206 3627 Pippinum
3234 3558 3428 3614 vocari
3463 3560 3766 3633 praecepit.

2119 3637 2226 3706 Qui
2251 3642 2379 3710 post
2404 3638 2777 3697 nativitatem
2797 3641 2977 3699 tertio
2999 3657 3148 3700 anno
3169 3644 3480 3702 defunctus
3501 3647 3772 3703 est.Wai-

2120 3723 2302 3784 farius
2323 3727 2442 3784 dux
2468 3728 2914 3801 Aquitanorum,
2938 3745 3140 3788 omnes
3169 3731 3481 3791 facultates
3495 3733 3771 3792 ecclesia-

2118 3827 2244 3869 rum
2279 3829 2409 3884 quaa
2433 3815 2505 3872 ad
2523 3814 2620 3885 jus
2647 3817 2997 3875 Francorum
3025 3818 3419 3893 pertinebant,
3446 3821 3503 3877 in
3529 3822 3772 3892 Aquita-

2117 3897 2210 3955 nia
2236 3900 2564 3958 invasit.0b
2587 3917 2760 3973 quam
2782 3919 3016 3962 causam
3041 3905 3320 3977 Pippinus
3343 3920 3450 3964 rex
3470 3922 3766 3980 egressus,

2117 3989 2382 4060 pervenit
2417 4004 2601 4060 usque
2625 3991 2696 4046 ad
2721 3990 2909 4049 locum
2942 3992 3040 4063 qui
3073 3997 3318 4050 vocatur
3355 3994 3592 4052 Todoat.
3628 3995 3768 4053 Istic

2114 4073 2426 4132 Waifarius
2449 4089 2553 4146 per
2573 4075 2801 4146 legatos
2823 4092 2960 4135 suos
2981 4078 3169 4135 omnia
3197 4078 3460 4151 promisit
3484 4095 3546 4138 se
3571 4081 3769 4139 reddi-

2113 4165 2332 4219 turum.
2362 4164 2524 4219 Anno
2547 4164 2971 4223 Incarnationis
2992 4166 3213 4224 Domini
3237 4167 3765 4242 septingentesimo

2115 4250 2496 4322 sexagesimo,
2513 4253 2770 4324 acceptis
2792 4253 3116 4328 obsidibus,
3135 4271 3239 4314 rex
3253 4271 3530 4315 reversus
3549 4261 3660 4316 est.
3691 4258 3764 4312 At

2112 4337 2424 4396 Waifarius
2448 4340 2733 4414 promisit,
2761 4343 2859 4400 sed
2904 4341 3136 4402 minime
3177 4344 3444 4417 perfecit.
3472 4346 3768 4403 Reversus

329 4434 475 4506 'cius
496 4438 970 4512 archiepiscopus
993 4441 1048 4496 in
1071 4440 1252 4498 Frisia
1273 4440 1516 4497 verbum
1542 4439 1765 4498 Domini
1793 4439 2000 4512 praedi-

2116 4425 2326 4484 iterum
2341 4426 2620 4500 Pippinus
2641 4443 2747 4486 rex
2770 4434 2974 4488 etcum
2987 4446 3056 4488 eo
3081 4430 3236 4490 ﬁlius
3249 4431 3490 4490 Carolus
3514 4431 3765 4505 plurima

349 4540 510 4598 cans,
544 4531 866 4600 martyrum
890 4529 1172 4603 implevit.
1193 4528 1475 4602 Pippinus
1497 4543 1599 4584 rex
1624 4533 1754 4600 post
1780 4529 2002 4586 unctio-

354 4629 484 4674 nem
509 4616 906 4690 apostolicam,
924 4618 977 4674 in
1004 4618 1228 4676 Italiam
1252 4633 1383 4676 cum
1407 4617 1670 4674 exercitu
1700 4621 1996 4690 properat,

350 4703 783 4776 transitumque
801 4719 904 4777 per
925 4705 1242 4764 civitatem.
1261 4706 1538 4763 Viennam
1554 4704 1791 4774 faciens,
1810 4704 2001 4762 Carlo-

355 4809 624 4854 mannum
659 4795 898 4851 fratrem
931 4809 1100 4852 suum
1139 4795 1482 4852 monachum
1508 4794 1586 4850 ibi
1619 4793 1799 4864 misit,
1827 4793 1999 4850 simul

353 4896 484 4941 cum
515 4883 716 4959 regina
751 4883 1034 4941 Bertruda
1071 4901 1084 4937 :
1119 4883 1199 4940 ibi
1245 4882 1662 4941 Carlomannus
1708 4886 2000 4954 aegrotans

354 4971 516 5030 obiit.
539 4972 889 5047 Aistulphus
909 4970 1110 5029 audito
1128 4971 1356 5044 Pippini
1371 4971 1530 5042 regis
1545 4971 1820 5042 adventu,
1845 4970 2002 5030 clau-

357 5055 442 5111 sis
461 5061 788 5134 prohibitis,
805 5076 937 5120 cum
959 5061 1356 5130 Longobardis
1371 5059 1599 5116 obviam
1613 5060 1861 5133 Pippino
1875 5075 2002 5134 per-

356 5142 537 5198 venit.
565 5146 674 5205 Sed
697 5151 976 5225 Pippinus
1002 5162 1108 5206 rex
1130 5147 1186 5204 vi
1209 5146 1492 5204 insistens
1525 5147 1816 5220 bellando,
1843 5149 2003 5206 auxi-

359 5227 541 5284 liante
555 5229 724 5289 beato
736 5237 930 5311 Petro,
947 5235 1172 5295 Italiam
1197 5234 1504 5306 ingressus
1524 5238 1649 5302 est;
1671 5239 1730 5293 et
1756 5235 2003 5294 remisso

361 5315 636 5392 pontiﬁce
649 5319 957 5397 Stephano,
975 5341 1081 5400 per
1098 5323 1409 5383 Fulradum
1424 5322 1687 5396 aliosque
1702 5323 2002 5382 ministros

361 5404 434 5484 ad
465 5403 664 5490 sedem
695 5412 1037 5486 suam,.ipse
1068 5400 1302 5490 Papiam
1327 5412 1425 5472 ubi
1445 5411 1796 5487 Aistulphus
1821 5426 1884 5470 sc
1916 5427 2004 5470 re-

2108 4515 2321 4576 catella
2347 4516 2768 4589 Aquitanorum
2809 4519 2988 4591 cepit,
3017 4521 3351 4592 Burbontis,
3377 4521 3614 4579 Cantela
3640 4520 3766 4578 Cla-

2112 4603 2398 4676 rimontis,
2427 4606 2580 4676 quod
2623 4604 2891 4663 incendio
2921 4607 3334 4665 concremavit.
3368 4608 3764 4680 Pervenitque

2111 4707 2295 4764 usque
2321 4693 2391 4751 ad
2406 4693 2738 4750 Lemovicas
2762 4693 3045 4752 vastando
3065 4695 3653 4768 terram,Waifarium
3679 4697 3763 4754 in-

2110 4784 2428 4856 sequendo.
2453 4784 2647 4840 Tertio
2670 4783 2725 4839 in
2766 4783 3137 4855 Aquitaniam
3171 4801 3440 4860 pergens,
3467 4786 3760 4845 Bituricas

2110 4872 2406 4930 civitatem
2419 4871 2598 4944 cepit,
2613 4875 2670 4928 et
2686 4874 3196 4933 castrumToartis.
3215 4875 3499 4944 Quartum
3515 4875 3568 4932 in
3585 4875 3763 4947 Aqui-

2109 4961 2327 5018 taniam
2377 4975 2644 5033 pergens,
2688 4963 2876 5020 tenuit
2925 4963 3200 5036 placitum
3249 4979 3418 5022 suum
3459 4964 3757 5022 Nevernis.

2111 5050 2248 5107 Inde
2269 5049 2486 5108 Tassilo
2511 5049 2630 5108 dux
2657 5050 3042 5130 Bajovarium,
3071 5053 3413 5126 postpositis
3437 5069 3762 5112 sacramen-

2113 5137 2208 5208 tis,
2245 5142 2370 5210 post
2380 5137 2565 5212 posita
2593 5139 3030 5212 propinquitate
3053 5142 3204 5214 (erat
3226 5142 3380 5200 enim
3407 5157 3587 5214 nepos
3609 5141 3762 5212 ejus-

2113 5228 2242 5285 dem
2275 5226 2474 5298 regis),
2509 5227 2582 5283 ab
2609 5226 2812 5284 eodem
2845 5227 3056 5286 itinere
3087 5245 3150 5288 se
3192 5229 3457 5301 abduxit,
3492 5233 3670 5302 atque
3703 5229 3759 5286 in

2113 5315 2472 5386 Bojovariam
2503 5315 2842 5374 revertitur.
2877 5319 3000 5376 Rex
3047 5319 3330 5392 Pippinus
3357 5323 3551 5377 tamen
3584 5317 3762 5392 Aqui-

2113 5403 2333 5462 taniam
2366 5403 2812 5478 perambulavit,
2848 5421 3033 5479 usque
3085 5409 3156 5464 ad
3199 5406 3558 5466 Cadurtium.
3595 5409 3762 5464 Anno

433 5609 730 5674 'Videtur
756 5607 963 5672 deesse
989 5610 1231 5687 aliquid.
1259 5616 1371 5672 ;..:
1406 5669 1411 5674 .
1449 5669 1458 5675 .
1839 5670 1878 5677 ..
2103 5673 2146 5680 .-
2187 5641 2224 5680 ;.
