4078 6180
232 301 330 360 ωδ

229 431 659 491 Incarnationis
698 434 922 495 Domini
956 438 1472 512 septingentesimo
1520 447 1882 517 sexagesimo

231 530 436 604 quinto
490 529 762 601 quintum
814 530 928 589 iter
976 534 1220 606 arripuit
1270 535 1324 593 in
1376 537 1767 611 Aquitaniam,
1800 545 1885 598 te-

228 623 479 693 nuitque
513 620 797 693 placitum
850 641 1013 683 suum
1045 627 1392 683 Aurelianis.
1430 629 1883 699 Construxitque

226 716 493 770 castrum
528 714 972 784 Argentonium,
1009 715 1160 786 quod
1203 718 1515 776 Waifarius
1546 720 1717 790 paulo
1748 723 1882 776 ante

228 803 637 871 destruxerat,
665 804 873 873 positis
895 805 972 861 ibi
996 807 1065 863 ad
1095 808 1416 865 custodiam
1452 810 1702 867 Francis.
1722 808 1884 866 Simi-

227 892 364 949 liter
396 893 563 963 apud
593 893 891 951 civitatem
926 895 1226 968 Bituritas,
1251 899 1573 956 exercitum
1597 900 1668 956 ad
1690 904 1885 958 custo-

227 983 378 1040 diam
415 983 731 1055 disposuit.
770 985 940 1041 Facta
975 989 1062 1043 est
1104 990 1243 1043 tunc
1293 988 1577 1060 temporis
1604 990 1878 1061 synodus,

228 1088 382 1129 anno
406 1072 838 1130 Incarnationis
858 1074 1080 1130 Domini
1104 1074 1622 1147 septingentesimo
1644 1093 1882 1149 sexage-

228 1163 375 1218 simo
403 1162 686 1233 septimo,
719 1168 778 1217 et
813 1165 1059 1233 quaestio
1084 1166 1365 1223 ventilata
1394 1167 1547 1225 inter
1569 1170 1801 1227 Grmcos
1820 1174 1877 1227 et

227 1252 523 1309 Romanos
536 1251 607 1307 de
619 1252 987 1323 Trinitate,et
1004 1258 1199 1311 utrum
1216 1256 1467 1325 Spiritus
1480 1262 1717 1315 sanctus
1730 1259 1877 1317 sicut

231 1341 498 1412 procedit
526 1356 558 1396 a
582 1343 780 1412 Patre,
809 1342 885 1399 ita
911 1345 1188 1413 procedat
1219 1361 1247 1402 a
1274 1346 1435 1418 Filio,
1460 1352 1518 1403 et
1551 1348 1623 1405 de
1655 1355 1880 1407 sancto-

230 1445 353 1485 rum
404 1429 782 1501 imaginibus,
817 1435 1089 1489 utrumne
1131 1433 1436 1507 ﬁngendae,
1470 1451 1538 1493 an
1574 1437 1879 1509 pingendis

230 1523 423 1575 essent
462 1518 521 1574 in
556 1518 840 1577 ecclesiis.
878 1523 1113 1578 Sextum
1149 1523 1263 1580 iter
1304 1526 1519 1583 faciens
1552 1527 1606 1582 in
1642 1528 1879 1598 Aquita-

232 1609 377 1665 niam
412 1608 807 1667 munitissima
839 1610 959 1668 loca
994 1610 1239 1682 plurima
1266 1615 1442 1685 cepit,
1468 1620 1524 1671 et
1558 1632 1742 1687 usque
1775 1619 1878 1673 Ga-

230 1714 472 1755 ronnam
507 1700 775 1770 pervenit
814 1721 827 1755 :
862 1716 1136 1758 reversus
1188 1704 1494 1775 Bituricas,
1530 1705 1755 1775 legatos
1805 1707 1876 1763 de

232 1794 417 1844 morte
442 1789 611 1844 Pauli
636 1790 874 1846 Romani
908 1792 1198 1861 pontiﬁcis
1225 1794 1468 1865 accepit.
1498 1796 1753 1866 Septimo
1784 1796 1877 1853 iti-

232 1878 350 1933 neri
377 1877 437 1933 in
465 1877 839 1947 Aquitaniam
865 1894 968 1951 per
993 1880 1269 1937 Viennam
1293 1883 1603 1940 transitum
1640 1886 1875 1956 faciens,

235 1965 323 2020 ubi
341 1970 490 2021 tunc
503 1965 888 2024 Viennensem
904 1970 1302 2041 episcopatum
1319 1977 1445 2041 post
1463 1973 1682 2043 aliquot
1700 1991 1881 2034 annos

234 2054 536 2111 Berterico
563 2055 793 2112 cuidam
826 2071 897 2113 ex
930 2059 1141 2116 familia
1172 2060 1658 2131 Ecclesiaa'dedit,
1695 2079 1877 2135 usque

236 2146 559 2201 Sanctonas
579 2146 866 2216 pervenit.
895 2148 1073 2219 Capta
1097 2154 1187 2207 est
1211 2154 1397 2206 mater
1417 2151 1676 2208 Waifarii
1709 2156 1767 2209 ct
1791 2170 1878 2210 so-

237 2248 395 2290 rores
418 2234 551 2303 ejus
567 2249 634 2291 ac
647 2238 871 2307 neptes.
891 2235 980 2294 Sic
1005 2253 1110 2293 rex
1132 2254 1315 2308 usque
1330 2240 1651 2297 Garonnam
1667 2247 1877 2299 cuncta

238 2319 479 2392 diripuit
515 2340 530 2376 :
567 2320 703 2378 inde
747 2322 957 2380 iterum
1000 2325 1349 2397 interposito
1396 2330 1660 2399 tempore
1710 2329 1878 2386 simul

235 2422 357 2464 cum
382 2409 676 2465 Bertruda
702 2409 900 2477 regina
924 2411 978 2467 in
1006 2412 1371 2483 Aquitaniam
1395 2415 1706 2487 transiens,
1724 2418 1876 2488 apud

236 2495 648 2565 Petragoricas
668 2496 1005 2556 Waifarium
1031 2500 1234 2558 ducem
1260 2501 1572 2558 interfecit.
1589 2503 1728 2559 Inde
1748 2509 1876 2574 post

239 2583 544 2641 victoriam
578 2586 897 2643 Sanctonas
927 2588 1123 2659 rediit,
1151 2590 1247 2645 ubi
1272 2590 1530 2658 reginam
1555 2590 1875 2662 dimiserat,

234 2675 286 2725 et
311 2673 607 2741 :egrotare
628 2673 806 2745 cmpit
824 2692 837 2729 :
858 2673 992 2731 inde
1014 2675 1492 2747 orationisgratia
1518 2677 1589 2733 ad
1612 2682 1873 2734 sanctum

232 2757 541 2814 Martinum
553 2760 735 2816 venit.
752 2760 837 2816 Ad
853 2765 1116 2819 sanctum
1137 2763 1467 2834 Dionysium
1494 2778 1724 2835 quoque
1749 2778 1875 2835 per-

229 2843 496 2915 veniens,
528 2849 729 2903 octava
761 2847 1000 2905 Kalend.
1039 2850 1242 2906 Octob.
1278 2865 1425 2906 anno
1456 2851 1875 2908 Incarnationis

232 2933 459 2989 Domini
491 2935 1010 3007 septingentesimo
1042 2938 1402 3008 sexagesimo
1432 2942 1638 2995 octavo
1677 2940 1821 2996 obiit
1855 2958 1869 2995 :

236 3023 502 3091 regnavit
532 3028 726 3080 autem
760 3030 889 3095 post
913 3026 1063 3083 diem
1088 3027 1379 3084 unctionis
1401 3041 1520 3083 suae
1553 3026 1873 3083 octodecim

233 3109 396 3166 annis
426 3109 603 3180 paulo
635 3110 901 3183 amplius.
938 3113 1184 3170 Gloriosi
1225 3112 1326 3168 ﬁlii
1360 3113 1519 3171 illius
1547 3112 1788 3171 Carolus
1812 3118 1871 3170 et
1901 3117 1951 3181 C

233 3195 716 3255 Carlomannusin
734 3213 973 3270 regnum
991 3202 1338 3257 Francorum
1362 3200 1575 3257 elevati
1600 3206 1753 3258 sunt.
1773 3203 1873 3259 Ca-

233 3282 390 3340 rolus
416 3283 472 3338 in
499 3283 771 3342 Novioma
802 3286 1062 3356 civitate,
1088 3287 1502 3343 Carlomannus
1525 3287 1866 3345 Suessionis.

234 3370 473 3428 Carolus
503 3386 607 3428 rex
630 3372 687 3428 in
709 3373 1076 3445 Aquitaniam
1097 3378 1301 3432 contra
1334 3375 1659 3433 Hunoldum
1684 3376 1871 3432 rebel-

233 3455 442 3515 lantem
476 3459 778 3530 ingressus
807 3466 916 3519 est.
949 3461 1219 3534 Misitque
1250 3463 1475 3532 legatos
1505 3478 1640 3521 suos
1671 3463 1742 3521 ad
1766 3465 1871 3522 Lu-

232 3560 359 3615 pum
383 3547 731 3604 Wasconum
756 3549 1055 3619 ducem,et
1083 3549 1214 3606 inde
1238 3549 1526 3607 adductus
1548 3554 1634 3608 est
1669 3566 1870 3622 supra-

230 3629 417 3689 dictus
438 3632 766 3705 Hunoldus,
792 3650 901 3692 una
926 3650 1055 3692 cum
1078 3651 1260 3693 uxore
1285 3634 1621 3694 sua'Bertha
1644 3637 1865 3709 regina,

228 3732 326 3787 per
355 3718 720 3788 Bajovariam
755 3723 1013 3793 perrexit
1046 3723 1101 3779 in
1130 3723 1375 3781 Italiam.
1403 3724 1568 3782 Anno
1605 3727 1868 3783 Incarna-

226 3802 399 3861 tionis
419 3805 644 3861 Domini
670 3808 1187 3879 septingentesimo
1210 3812 1639 3882 septuagesimo
1659 3812 1861 3883 primo.

228 3888 644 3949 Carlomannus
667 3893 977 3952 defunctus
998 3899 1086 3952 cst
1110 3896 1165 3953 in
1197 3896 1334 3953 villa
1360 3913 1488 3968 quae
1511 3898 1726 3955 dicitur
1749 3899 1867 3956 Sal-

230 3977 568 4049 montiacus,
623 3980 811 4051 pridie
860 3995 1040 4039 nonas
1093 3984 1458 4042 Decembres.
1520 3986 1676 4043 Uxor
1726 4001 1866 4044 vero

228 4062 384 4121 illius
403 4080 537 4122 cum
563 4064 860 4137 aliquibus
880 4069 1114 4127 Francis
1133 4069 1392 4141 ingressa
1416 4075 1504 4129 est
1539 4072 1595 4128 in
1619 4072 1860 4129 Italiam.

228 4152 295 4206 At
342 4151 665 4210 nobiliores
705 4155 907 4213 Franci
956 4171 1086 4214 cum
1136 4157 1427 4231 episcOpis
1466 4163 1521 4215 et
1554 4161 1866 4220 comitibus

222 4235 473 4306 glorioso
503 4238 627 4309 regi
662 4240 867 4298 Carolo
898 4257 957 4300 se
975 4243 1409 4303 commiserunt.
1437 4246 1734 4306 Gloriosus
1762 4264 1866 4306 rex

222 4324 463 4384 Carolus
489 4327 914 4388 Ardurmensul
954 4332 1145 4389 fanum
1188 4334 1474 4391 Saxonum
1508 4335 1741 4408 penitus
1770 4337 1867 4394 de-

218 4411 434 4469 struxit
460 4431 475 4469 :
501 4414 601 4472 ubi
623 4425 755 4474 cum
777 4418 1073 4477 exercitus
1093 4420 1255 4490 gravi
1281 4420 1375 4478 siti
1409 4422 1724 4496 laboraret,
1752 4440 1865 4482 me-

217 4497 308 4555 dio
331 4498 427 4556 die
448 4501 646 4559 subito
667 4518 741 4560 ex
763 4505 1008 4576 quodam
1040 4509 1302 4564 torrente
1335 4507 1674 4579 largissimae
1697 4526 1863 4583 aqum

218 4592 658 4662 emanaverunt,
676 4605 805 4662 qua:
829 4592 1156 4651 suﬂlcerent
1179 4598 1391 4651 cuncto
1404 4596 1689 4653 exercitui
1704 4601 1760 4654 et
1772 4599 1861 4670 ju-

219 4673 431 4733 mentis
456 4690 676 4734 eorum.
724 4680 887 4737 Anno
934 4681 1354 4740 Incarnationis
1382 4684 1603 4740 Domini
1644 4685 1861 4757 septin-

219 4762 545 4830 gentesimo
557 4766 1212 4841 septuagesimoquarto
1227 4770 1457 4842 legatus
1467 4773 1736 4831 Romanae
1760 4774 1861 4831 Ec-

218 4848 411 4909 clesiae
441 4854 656 4914 Petrus
684 4858 757 4914 ab
797 4858 1051 4917 Adriano
1101 4860 1374 4932 pontiﬁce
1422 4864 1493 4920 ad
1541 4862 1858 4934 gloriosum

222 4939 487 4999 Carolum
500 4944 659 5001 venit
685 4964 699 5001 :
726 4949 782 5003 et
800 4947 932 5020 quia
952 4948 1161 5006 itinera
1193 4953 1370 5010 terrm
1394 4951 1675 5025 praeclusa
1690 4957 1857 5012 erant

221 5040 249 5082 a
280 5029 698 5104 Longobardis,
730 5035 958 5108 navigio
1007 5052 1191 5110 usque
1220 5039 1291 5095 ad
1324 5044 1555 5115 portum
1594 5043 1859 5102 Massiliae

223 5118 397 5192 venit,
430 5123 735 5194 postulans
781 5125 1062 5183 auxilium
1090 5130 1293 5186 contra
1326 5130 1685 5188 Desiderium
1718 5133 1858 5191 Lon-

221 5208 608 5276 gobardorum
629 5227 847 5285 regem.
864 5215 1000 5273 Pius
1016 5231 1120 5273 rex
1144 5217 1382 5275 Carolus
1398 5235 1579 5292 usque
1604 5221 1855 5280 Genuam

224 5295 371 5352 venit
399 5316 413 5353 :
439 5297 745 5374 divisoque
770 5302 848 5359 ibi
871 5303 1134 5361 exercitu
1158 5320 1282 5376 suo,
1309 5310 1533 5379 partem
1569 5307 1722 5365 misit
1754 5324 1858 5382 per

231 5383 393 5456 Alpes
445 5386 691 5460 Cottias,
733 5393 789 5447 et
845 5404 949 5464 per
990 5390 1128 5463 juga
1176 5391 1509 5465 Gibennica,
1542 5395 1599 5453 id
1629 5399 1715 5454 est
1752 5409 1856 5469 per

230 5472 466 5531 montem
497 5489 671 5548 quem
705 5476 916 5535 accola:
948 5478 1234 5537 Cenisium
1256 5485 1485 5552 vocant,
1519 5471 1647 5554 quae
1672 5483 1854 5541 latera

231 5558 488 5654 aperiunt
502 5561 581 5652 in
595 5577 770 5653 agros
798 5556 1205 5655 Taurinorum:
1222 5565 1563 5657 Desiderius,
1584 5583 1687 5628 rex
1717 5572 1855 5630 tunc
1878 5605 1894 5663 Σ

1375 274 1801 341 canomcou.
1826 304 1895 317 -
1923 271 2121 334 mxs
2151 272 2389 334 sexu.
2462 224 2469 228 ’

1913 400 1968 464 Α
1990 402 2158 475 juxta
2182 401 2379 464 clusas
2400 400 2908 476 Longobardorum
2936 404 3257 467 exercitum
3293 392 3631 485 composue-

3530 275 3635 346 M6

1993 492 2096 550 sed
2131 492 2408 566 impetum
2435 493 2783 551 Francorum
2807 492 3097 552 sustinere
3128 510 3240 554 non
3268 494 3490 571 valens,
3524 501 3630 559 Pa-

1993 581 2143 654 piam
2184 581 2308 653 ipse
2339 581 2677 640 Desiderius
2712 582 2952 653 refugit.
2989 583 3057 639 Et
3090 583 3221 655 pius
3252 600 3353 642 rex
3386 587 3628 648 Carolus

1993 676 2121 744 post
2145 671 2505 730 Desiderium
2538 684 2643 743 per
2671 675 2908 743 apertas
2930 670 3126 731 clusas
3145 672 3405 747 veniens,
3426 677 3628 736 civitao

1993 767 2109 819 tem
2151 762 2331 835 ipsam
2373 761 2623 819 obsedit.
2647 761 2811 819 Anno
2851 762 3274 822 Incarnationis
3291 765 3512 823 Domini
3543 781 3630 825 se-

1993 850 2443 924 ptingentesimo
2458 850 2886 923 septuagesimo
2899 856 3108 923 quarto
3131 852 3261 925 pius
3274 868 3378 912 rex
3391 854 3632 914 Carolus

1992 943 2226 999 Romam
2259 942 2423 1013 abiit,
2457 941 2709 1014 indeque
2741 956 3014 1000 reversus
3034 944 3268 1017 Papiam
3297 945 3476 1018 cepit,
3498 959 3629 1004 cum

1992 1046 2130 1102 rege
2152 1032 2451 1091 Desiderio
2475 1047 2715 1089 uxorem
2738 1047 2804 1090 ac
2827 1031 3001 1090 ﬁliam
3024 1034 3152 1104 ejus
3170 1033 3631 1108 thesaurumque

1993 1120 2150 1179 illius
2170 1122 2277 1179 sibi
2301 1121 3355 1194 suisquetulit.OmnesLongobardos
3368 1124 3623 1196 subegit,

1989 1210 2178 1283 captis
2199 1212 2539 1270 civitatibus
2559 1226 2624 1269 ac
2647 1211 2897 1284 direptis
2918 1211 3206 1271 universis
3228 1212 3431 1271 Italiae.
3458 1213 3629 1271 Adal-

1989 1297 2151 1368 gisus
2201 1297 2355 1355 ﬁlius
2404 1298 2663 1368 ejusdem
2713 1298 3019 1370 Desiderii,
3056 1299 3186 1370 fuga
3233 1299 3451 1372 lapsus,
3485 1315 3630 1358 nave

1992 1385 2546 1459 Constantinopolim
2568 1388 3033 1446 venit.0rdinata
3059 1387 3244 1460 Italia,
3264 1403 3367 1445 rex
3389 1389 3629 1448 Carolus

1989 1474 2043 1530 in
2079 1475 2374 1532 Franciam
2425 1475 2764 1532 revertitur.
2801 1476 3037 1532 Interim
3071 1476 3205 1533 dum
3238 1492 3343 1534 rex
3374 1477 3428 1533 in
3463 1477 3627 1535 Italia

1991 1565 2433 1635 esset,Saxones
2456 1564 2525 1621 ad
2551 1564 2819 1636 praesidia
2842 1565 3190 1623 Francorum
3211 1581 3341 1624 cum
3364 1567 3626 1625 exercitu

1988 1656 2275 1711 exeuntes
2296 1653 2751 1725 obsidentesque
2783 1654 3071 1725 quoddam
3102 1655 3407 1713 castellum
3431 1656 3630 1715 Buria-

1903 1760 1955 1818 B
1990 1744 2158 1815 burg,
2195 1745 2502 1815 quamdam
2552 1744 2857 1802 ecclesiam
2897 1759 3273 1803 concremare
3305 1761 3335 1802 a
3370 1746 3509 1803 foris
3536 1761 3629 1804 ca-

1988 1831 2160 1890 stello
2183 1831 2699 1904 volucrunt,quam
2722 1838 3053 1891 sacraverat
3072 1835 3280 1892 beatus
3301 1834 3629 1893 Bonifacius

1987 1921 2441 1994 martyr.Subito
2472 1925 2664 1979 autem
2699 1927 3095 1996 apparuerunt
3130 1924 3506 1994 duojuvenes
3527 1924 3627 1980 mi-

1986 2025 2066 2067 rae
2089 2010 2382 2068 claritatis
2401 2014 2458 2067 et
2482 2011 2771 2083 candoris,
2788 2012 3124 2069 videntibus
3147 2016 3265 2069 tam
3285 2011 3627 2068 Christianis

1987 2113 2157 2171 quam
2191 2099 2431 2171 paganis
2460 2100 2557 2170 qui
2589 2100 2770 2171 ipsam
2789 2100 3094 2157 ecclesiam
3120 2101 3436 2157 defendere
3467 2100 3626 2156 vide-

1987 2187 2219 2243 bantur.
2248 2188 2460 2243 Horum
2485 2191 2723 2259 aspectu
2745 2188 2998 2245 terribili
3023 2187 3323 2263 perterriti
3348 2190 3622 2259 Saxones,

1986 2275 2042 2332 in
2078 2276 2269 2346 fugam
2298 2275 2451 2332 versi
2484 2280 2638 2348 sunt,
2674 2276 2871 2349 sicque
2898 2280 3156 2335 castrum
3198 2276 3341 2335 illud
3373 2277 3445 2333 ab
3475 2276 3627 2333 obsi-

1986 2364 2155 2422 dione
2179 2363 2509 2421 liberatum.
2536 2367 2657 2422 Rex
2680 2366 3009 2437 Carolus,ut
3053 2366 3315 2439 pervenit
3342 2367 3413 2423 ad
3435 2364 3623 2423 locum

1986 2453 2083 2526 qui
2117 2452 2332 2510 dicitur
2353 2453 2716 2525 Ingilinham,
2743 2459 2994 2526 quatuor
3023 2468 3221 2513 scaras
3240 2455 3295 2511 in
3322 2454 3624 2512 Saxoniam

1984 2541 2344 2614 dirigit,quze
2366 2542 2482 2599 Deo
2505 2542 2822 2600 auxiliante
2834 2543 3625 2601 victricesexstiterunt.Rex

1983 2630 2275 2702 gloriosus
2306 2629 2546 2687 Carolus
2574 2635 2833 2688 castrum
2884 2631 3255 2703 Sigiburgum
3288 2631 3345 2688 in
3379 2630 3625 2689 Saxonia

1982 2719 2160 2792 eepit,
2188 2719 2581 2789 Eresburgum
2612 2734 2787 2791 super
2817 2720 3099 2777 Wisaram
3123 2720 3383 2791 ﬂuvium,
3410 2721 3465 2776 in
3499 2720 3625 2778 loco

1985 2809 2082 2880 qui
2125 2807 2342 2865 dicitur
2391 2807 2766 2879 Brunisberg,
2802 2808 3138 2865 remdiﬁcat.
3174 2809 3380 2880 Sicque
3422 2808 3623 2866 Franci

1984 2899 2293 2966 utramque
2327 2896 2531 2967 ripam,
2568 2896 2782 2966 fugatis
2811 2900 2869 2951 et
2902 2897 3112 2968 partim
3144 2897 3351 2954 occisis
3390 2896 3625 2954 Saxoni-

1984 2984 2110 3054 bus,
2146 2984 2432 3040 obtinent.
2470 2984 2767 3041 Gloriosus
2807 2999 2912 3041 rex
2944 2984 3185 3041 Carolus
3222 2998 3407 3055 usque
3439 2984 3643 3057 Oboa-g

1979 3087 2141 3128 crum
2168 3071 2404 3129 ﬂuvium
2429 3072 2729 3129 Saxoniam
2764 3072 3022 3145 aliasque
3044 3076 3250 3143 gentes
3281 3087 3619 3146 peragrans,

1983 3160 2203 3233 recepit
2236 3160 2558 3232 obsidibus,
2585 3160 2639 3217 in
2672 3162 2968 3218 Franciam
3001 3161 3196 3218 rediit.
3222 3160 3436 3219 Audito
3469 3162 3621 3233 quod

1982 3249 2440 3320 Rothaugaudus
2461 3250 2875 3321 Longobardus
2895 3250 2951 3306 in
2977 3248 3278 3324 perﬁdiam
3301 3264 3508 3308 versus
3536 3264 3624 3308 es-

1982 3341 2091 3409 set,
2118 3336 2341 3393 Italiam
2365 3338 2578 3395 iterum
2594 3338 3378 3412 repetiit,septingentesimo
3393 3341 3623 3411 septua-

1979 3426 2200 3498 gesimo
2222 3432 2388 3485 sexto
2409 3442 2559 3485 anno
2585 3427 3007 3486 Incarnationis
3029 3427 3484 3485 Domini.0cciso
3515 3428 3624 3485 Ro-'

1978 3516 2716 3589 thaugaudo,Forojulium,
2740 3516 3156 3589 Tharavisium,
3182 3520 3357 3590 atque
3382 3516 3524 3574 alias
3545 3516 3623 3574 ci-

1979 3604 2193 3661 vitates
2217 3605 2271 3661 in
2296 3605 2573 3663 ditionem
2597 3621 2758 3663 suam
2783 3606 3028 3679 recepit,
3053 3619 3268 3679 easque
3291 3605 3527 3663 Francis
3549 3606 3619 3662 ad

1977 3693 2303 3750 custodiam
2327 3694 3053 3767 permisit.Heresburgum
3085 3697 3342 3752 castrum
3367 3696 3623 3752 Saxones

1979 3782 2257 3840 invadunt
2281 3786 2338 3839 et
2364 3784 2814 3841 destruunt.Sed
2838 3798 2969 3839 cum
2995 3786 3393 3855 praepararent
3410 3781 3620 3839 machi-

1977 3886 2080 3928 nas
2109 3876 2167 3929 et
2200 3872 2507 3944 petrarias,
2543 3876 2721 3944 atque
2751 3871 2957 3943 cletas,
2984 3876 3047 3928 ut
3080 3872 3329 3929 alterum
3360 3873 3618 3929 castrum

1977 3962 2381 4033 praeriperent,
2414 3960 2750 4018 videntibus
2788 3960 3157 4032 adversariis,
3192 3963 3610 4033 apparuerunt,

1976 4048 2031 4104 in
2058 4048 2286 4106 modum
2320 4048 2490 4121 scuti,
2514 4049 2629 4106 duo
2657 4049 2813 4121 globi
2847 4050 3209 4107 ﬁammantes
3230 4062 3404 4121 super
3433 4045 3616 4105 eccle-

1978 4136 2117 4195 siam
2149 4153 2277 4210 quae
2300 4138 2354 4194 in
2380 4138 2503 4212 ipso
2532 4142 2726 4197 castro
2757 4142 2903 4196 erat.
2939 4139 3062 4207 Qua
3083 4137 3304 4195 visione
3329 4136 3612 4209 pavefacti

1977 4229 2251 4299 Saxones,
2294 4227 2693 4299 relinquentes
2750 4228 3079 4285 universam
3131 4225 3614 4300 praeparationem

1975 4332 2159 4388 suam,
2185 4316 2263 4373 ita
2289 4317 2417 4386 fuga
2443 4316 2588 4388 lapsi
2612 4320 2768 4389 sunt,
2798 4321 2856 4375 ut
2893 4321 3159 4375 mutuosc
3189 4315 3401 4388 gladiis
3427 4314 3616 4373 conci-

1975 4407 2202 4464 derent.
2235 4408 2357 4463 Rex
2384 4406 2674 4477 gloriosus
2716 4407 2956 4465 Carolus
2988 4407 3200 4464 iterum
3234 4408 3489 4463 Saxones
3519 4418 3615 4476 ag-

1892 4482 1944 4543 D
1973 4512 2230 4569 gressus,
2256 4496 2679 4571 ﬁrmitatesque
2711 4498 2943 4556 illorum
2965 4511 3167 4556 omnes
3182 4496 3474 4568 obtinens,
3499 4509 3633 4568 quo,

1972 4586 2167 4659 Lippia
2190 4587 2707 4659 consurgit,omnia
2734 4602 3068 4660 peragrans,
3086 4586 3417 4644 universam
3440 4587 3612 4642 Saxo-

1971 4675 2121 4732 niam
2154 4677 2397 4749 recepit,
2427 4680 2491 4733 et
2548 4676 2903 4734 reaediﬁcato
2935 4675 3387 4747 Heresburgalio
3415 4677 3625 4754 castro,

1969 4780 2145 4837 super
2169 4765 2445 4839 Lippiam,
2473 4768 2729 4824 Saxones
2753 4782 2884 4824 cum
2908 4766 3191 4825 uxoribus
3210 4770 3268 4823 et
3292 4762 3609 4822 infantibus

1971 4855 2300 4927 baptizatos
2330 4855 2385 4911 in
2409 4855 2521 4913 ﬁde
2554 4855 2661 4914 sibi
2694 4856 3017 4931 conjunxit,
3043 4860 3100 4914 et
3127 4855 3403 4930 placitum
3435 4862 3608 4921 gene-

1969 4942 2091 5000 rale
2146 4948 2264 5001 tam
2323 4959 2397 5001 ex
2456 4945 2691 5003 Francis
2739 4961 2909 5019 quam
2962 4962 3035 5004 ex
3087 4944 3408 5003 Saxonibus
3456 4936 3605 4995 cele-

1970 5031 2157 5088 bravit
2191 5033 2262 5090 ad
2311 5035 2796 5092 Paterbrunnam.
2821 5034 3186 5105 Witichingis
3206 5046 3335 5090 cum
3371 5026 3608 5102 quibus-

1968 5121 2097 5178 dam
2140 5123 2464 5182 Saxonibus
2507 5124 2747 5182 rebellis
2794 5125 2850 5181 in
2902 5118 3370 5181 Nortbmanniam
3419 5121 3608 5177 trans-

1969 5209 2134 5282 fugit,
2189 5211 2465 5270 auxilium
2519 5214 2591 5270 ab
2639 5213 2726 5271 eis
2772 5217 2976 5270 contra
3028 5213 3240 5280 Regem
3289 5207 3606 5280 gloriosum

1968 5292 2233 5357 Carolum
2266 5300 2588 5374 postulans,
2623 5300 2936 5374 baptizatis
2985 5296 3310 5358 Saxonibus
3355 5303 3415 5356 et
3449 5299 3606 5372 inge-

1966 5387 2190 5445 nuitate
2219 5392 2277 5445 et
2310 5389 2479 5448 alodo
2509 5389 2642 5446 ﬁdei
2699 5388 2942 5445 ﬁrmitas
2970 5387 3247 5446 roborata
3280 5388 3325 5447 si
3359 5388 3607 5462 amplius

1966 5474 2173 5536 amiSsa
2223 5474 2663 5535 Christianitate
2714 5471 2767 5532 in
2823 5476 3125 5548 perﬁdiam
3175 5478 3616 5537 relaberentur

1908 5648 1929 5664 Α
1966 5562 2264 5643 Gloriosus
2309 5579 2412 5625 rex
2463 5564 2703 5658 Carolus
2744 5564 3316 5661 .‘paschacelebrato
3347 5567 3400 5625 in
3435 5565 3605 5649 Aqui-
