  <div class='ocr_page' id='page_1' title='image "/cluster/home/n/w/nwhite01/storage/ocr_20150623/123/hvd.32044054759857/069.png"; bbox 0 0 4086 6178; ppageno 0'>
   <div class='ocr_carea' id='block_1_1' title="bbox 433 255 540 317">
    <p class='ocr_par' dir='ltr' id='par_1_1' title="bbox 433 255 540 317">
     <span class='ocr_line' id='line_1_1' title="bbox 433 255 540 317; baseline 0.028 -3"><span class='ocrx_word' id='word_1_1' title='bbox 433 255 540 317; x_wconf 69' lang='grc' dir='ltr'><strong>ηπ</strong></span> 
     </span>
    </p>
   </div>
   <div class='ocr_carea' id='block_1_2' title="bbox 1503 251 2754 318">
    <p class='ocr_par' dir='ltr' id='par_1_2' title="bbox 1503 251 2754 318">
     <span class='ocr_line' id='line_1_2' title="bbox 1503 251 2754 318; baseline 0.006 -6"><span class='ocrx_word' id='word_1_2' title='bbox 1503 256 1561 312; x_wconf 90' lang='lat' dir='ltr'><strong>S.</strong></span> <span class='ocrx_word' id='word_1_3' title='bbox 1603 253 1862 316; x_wconf 85' lang='lat' dir='ltr'><strong>ADONIS</strong></span> <span class='ocrx_word' id='word_1_4' title='bbox 1899 251 2336 312; x_wconf 52' lang='lat' dir='ltr'><strong>ARCHIEPISC‘.</strong></span> <span class='ocrx_word' id='word_1_5' title='bbox 2380 255 2754 318; x_wconf 80' lang='lat' dir='ltr'><strong>VIENNENSI</strong></span> 
     </span>
    </p>
   </div>
   <div class='ocr_carea' id='block_1_3' title="bbox 3722 273 3830 331">
    <p class='ocr_par' dir='ltr' id='par_1_3' title="bbox 3722 273 3830 331">
     <span class='ocr_line' id='line_1_3' title="bbox 3722 273 3830 331; baseline 0.046 -5"><span class='ocrx_word' id='word_1_6' title='bbox 3722 273 3830 331; x_wconf 78' lang='grc'><strong>128</strong></span> 
     </span>
    </p>
   </div>
   <div class='ocr_carea' id='block_1_4' title="bbox 414 375 3830 462">
    <p class='ocr_par' dir='ltr' id='par_1_4' title="bbox 414 375 3830 462">
     <span class='ocr_line' id='line_1_4' title="bbox 414 375 3830 462; baseline 0.003 -28"><span class='ocrx_word' id='word_1_7' title='bbox 414 375 610 448; x_wconf 50' lang='grc' dir='ltr'><strong>,ιεηὶεὴ</strong></span> <span class='ocrx_word' id='word_1_8' title='bbox 679 375 738 434; x_wconf 88' lang='lat' dir='ltr'><strong>iu</strong></span> <span class='ocrx_word' id='word_1_9' title='bbox 785 376 924 437; x_wconf 90' lang='lat' dir='ltr'><strong>villa</strong></span> <span class='ocrx_word' id='word_1_10' title='bbox 990 393 1122 452; x_wconf 64' lang='lat' dir='ltr'><strong>qua</strong></span> <span class='ocrx_word' id='word_1_11' title='bbox 1169 379 1386 439; x_wconf 88' lang='lat' dir='ltr'><strong>dicitur</strong></span> <span class='ocrx_word' id='word_1_12' title='bbox 1433 381 1790 454; x_wconf 88' lang='lat' dir='ltr'><strong>Cassinogilo</strong></span> <span class='ocrx_word' id='word_1_13' title='bbox 1856 381 2074 455; x_wconf 86' lang='lat' dir='ltr'><strong>septin-</strong></span> <span class='ocrx_word' id='word_1_14' title='bbox 2101 376 2159 438; x_wconf 87' lang='lat' dir='ltr'><strong>A</strong></span> <span class='ocrx_word' id='word_1_15' title='bbox 2189 379 3830 462; x_wconf 85' lang='lat' dir='ltr'><strong>lentissimusrexCarolussuperAlbiamﬂuviumpontes</strong></span> 
     </span>
    </p>
   </div>
   <div class='ocr_carea' id='block_1_5' title="bbox 427 463 2074 540">
    <p class='ocr_par' dir='ltr' id='par_1_5' title="bbox 427 463 2074 540">
     <span class='ocr_line' id='line_1_5' title="bbox 427 463 2074 540; baseline 0.004 -17"><span class='ocrx_word' id='word_1_16' title='bbox 427 463 754 536; x_wconf 77' lang='lat' dir='ltr'><strong>gentesimo</strong></span> <span class='ocrx_word' id='word_1_17' title='bbox 781 467 1210 540; x_wconf 83' lang='lat' dir='ltr'><strong>septuagesimo</strong></span> <span class='ocrx_word' id='word_1_18' title='bbox 1239 475 1447 529; x_wconf 88' lang='lat' dir='ltr'><strong>octavo</strong></span> <span class='ocrx_word' id='word_1_19' title='bbox 1475 487 1626 530; x_wconf 89' lang='lat' dir='ltr'><strong>anno</strong></span> <span class='ocrx_word' id='word_1_20' title='bbox 1652 470 2074 531; x_wconf 87' lang='lat' dir='ltr'><strong>lncarnationis</strong></span> 
     </span>
    </p>
   </div>
   <div class='ocr_carea' id='block_1_6' title="bbox 426 553 2072 633">
    <p class='ocr_par' dir='ltr' id='par_1_6' title="bbox 426 553 2072 633">
     <span class='ocr_line' id='line_1_6' title="bbox 426 553 2072 633; baseline 0.005 -24"><span class='ocrx_word' id='word_1_21' title='bbox 426 553 650 610; x_wconf 84' lang='lat' dir='ltr'><strong>Domini</strong></span> <span class='ocrx_word' id='word_1_22' title='bbox 681 555 986 627; x_wconf 86' lang='lat' dir='ltr'><strong>Hispanias</strong></span> <span class='ocrx_word' id='word_1_23' title='bbox 1013 555 1363 628; x_wconf 82' lang='lat' dir='ltr'><strong>ingreditur.</strong></span> <span class='ocrx_word' id='word_1_24' title='bbox 1399 561 1538 618; x_wconf 89' lang='lat' dir='ltr'><strong>Nam</strong></span> <span class='ocrx_word' id='word_1_25' title='bbox 1571 565 1762 633; x_wconf 87' lang='lat' dir='ltr'><strong>antea,</strong></span> <span class='ocrx_word' id='word_1_26' title='bbox 1798 561 1988 620; x_wconf 88' lang='lat' dir='ltr'><strong>adhuc</strong></span> <span class='ocrx_word' id='word_1_27' title='bbox 2013 561 2072 618; x_wconf 88' lang='lat' dir='ltr'><strong>in</strong></span> 
     </span>
    </p>
   </div>
   <div class='ocr_carea' id='block_1_7' title="bbox 431 642 2075 721">
    <p class='ocr_par' dir='ltr' id='par_1_7' title="bbox 431 642 2075 721">
     <span class='ocr_line' id='line_1_7' title="bbox 431 642 2075 721; baseline 0.006 -22"><span class='ocrx_word' id='word_1_28' title='bbox 431 642 677 702; x_wconf 85' lang='lat' dir='ltr'><strong>Saxonia</strong></span> <span class='ocrx_word' id='word_1_29' title='bbox 709 643 952 716; x_wconf 90' lang='lat' dir='ltr'><strong>positus,</strong></span> <span class='ocrx_word' id='word_1_30' title='bbox 989 651 1294 720; x_wconf 80' lang='lat' dir='ltr'><strong>receperat</strong></span> <span class='ocrx_word' id='word_1_31' title='bbox 1327 649 1676 721; x_wconf 83' lang='lat' dir='ltr'><strong>legationem</strong></span> <span class='ocrx_word' id='word_1_32' title='bbox 1727 653 2075 710; x_wconf 88' lang='lat' dir='ltr'><strong>Sarracena-</strong></span> 
     </span>
    </p>
   </div>
   <div class='ocr_carea' id='block_1_8' title="bbox 435 732 2072 814">
    <p class='ocr_par' dir='ltr' id='par_1_8' title="bbox 435 732 2072 814">
     <span class='ocr_line' id='line_1_8' title="bbox 435 732 2072 814; baseline 0.006 -26"><span class='ocrx_word' id='word_1_33' title='bbox 435 747 582 803; x_wconf 89' lang='lat' dir='ltr'><strong>rum,</strong></span> <span class='ocrx_word' id='word_1_34' title='bbox 599 732 654 788; x_wconf 91' lang='lat' dir='ltr'><strong>in</strong></span> <span class='ocrx_word' id='word_1_35' title='bbox 685 747 797 804; x_wconf 90' lang='lat' dir='ltr'><strong>qua</strong></span> <span class='ocrx_word' id='word_1_36' title='bbox 821 733 927 791; x_wconf 78' lang='lat' dir='ltr'><strong>mit</strong></span> <span class='ocrx_word' id='word_1_37' title='bbox 949 733 1358 812; x_wconf 88' lang='lat' dir='ltr'><strong>lbinalaribus,</strong></span> <span class='ocrx_word' id='word_1_38' title='bbox 1374 745 1432 797; x_wconf 90' lang='lat' dir='ltr'><strong>et</strong></span> <span class='ocrx_word' id='word_1_39' title='bbox 1457 740 1630 814; x_wconf 84' lang='lat' dir='ltr'><strong>ﬁlius,</strong></span> <span class='ocrx_word' id='word_1_40' title='bbox 1645 741 1955 814; x_wconf 86' lang='lat' dir='ltr'><strong>Devisfexi,</strong></span> <span class='ocrx_word' id='word_1_41' title='bbox 1973 739 2072 814; x_wconf 87' lang='lat' dir='ltr'><strong>qui</strong></span> 
     </span>
    </p>
   </div>
   <div class='ocr_carea' id='block_1_9' title="bbox 433 819 2066 903">
    <p class='ocr_par' dir='ltr' id='par_1_9' title="bbox 433 819 2066 903">
     <span class='ocr_line' id='line_1_9' title="bbox 433 819 2066 903; baseline 0.007 -29"><span class='ocrx_word' id='word_1_42' title='bbox 433 819 634 876; x_wconf 91' lang='lat' dir='ltr'><strong>Latine</strong></span> <span class='ocrx_word' id='word_1_43' title='bbox 656 819 874 882; x_wconf 85' lang='lat' dir='ltr'><strong>dicitur</strong></span> <span class='ocrx_word' id='word_1_44' title='bbox 891 825 1124 899; x_wconf 73' lang='lat' dir='ltr'><strong>Ioseph.</strong></span> <span class='ocrx_word' id='word_1_45' title='bbox 1153 829 1464 887; x_wconf 90' lang='lat' dir='ltr'><strong>Destructa</strong></span> <span class='ocrx_word' id='word_1_46' title='bbox 1488 828 1668 900; x_wconf 81' lang='lat' dir='ltr'><strong>igitur</strong></span> <span class='ocrx_word' id='word_1_47' title='bbox 1688 829 2066 903; x_wconf 90' lang='lat' dir='ltr'><strong>Pampilonia,</strong></span> 
     </span>
    </p>
   </div>
   <div class='ocr_carea' id='block_1_10' title="bbox 427 908 2072 990">
    <p class='ocr_par' dir='ltr' id='par_1_10' title="bbox 427 908 2072 990">
     <span class='ocr_line' id='line_1_10' title="bbox 427 908 2072 990; baseline 0.007 -25"><span class='ocrx_word' id='word_1_48' title='bbox 427 908 587 979; x_wconf 86' lang='lat' dir='ltr'><strong>&#39;apud</strong></span> <span class='ocrx_word' id='word_1_49' title='bbox 613 909 1136 988; x_wconf 68' lang='lat' dir='ltr'><strong>Caesaraugustam,</strong></span> <span class='ocrx_word' id='word_1_50' title='bbox 1155 917 1480 976; x_wconf 89' lang='lat' dir='ltr'><strong>exercitum</strong></span> <span class='ocrx_word' id='word_1_51' title='bbox 1503 922 1621 976; x_wconf 92' lang='lat' dir='ltr'><strong>tam</strong></span> <span class='ocrx_word' id='word_1_52' title='bbox 1642 933 1716 976; x_wconf 89' lang='lat' dir='ltr'><strong>ex</strong></span> <span class='ocrx_word' id='word_1_53' title='bbox 1737 919 2072 990; x_wconf 87' lang='lat' dir='ltr'><strong>Burgundia</strong></span> 
     </span>
    </p>
   </div>
   <div class='ocr_carea' id='block_1_11' title="bbox 435 999 2072 1080">
    <p class='ocr_par' dir='ltr' id='par_1_11' title="bbox 435 999 2072 1080">
     <span class='ocr_line' id='line_1_11' title="bbox 435 999 2072 1080; baseline 0.009 -28"><span class='ocrx_word' id='word_1_54' title='bbox 435 1010 606 1067; x_wconf 91' lang='lat' dir='ltr'><strong>quam</strong></span> <span class='ocrx_word' id='word_1_55' title='bbox 637 1012 712 1054; x_wconf 88' lang='lat' dir='ltr'><strong>ex</strong></span> <span class='ocrx_word' id='word_1_56' title='bbox 767 999 1068 1072; x_wconf 90' lang='lat' dir='ltr'><strong>Bajovaria</strong></span> <span class='ocrx_word' id='word_1_57' title='bbox 1121 1005 1438 1078; x_wconf 84' lang='lat' dir='ltr'><strong>provincia,</strong></span> <span class='ocrx_word' id='word_1_58' title='bbox 1492 1007 1845 1080; x_wconf 87' lang='lat' dir='ltr'><strong>Septimauia</strong></span> <span class='ocrx_word' id='word_1_59' title='bbox 1895 1011 2072 1080; x_wconf 88' lang='lat' dir='ltr'><strong>atque</strong></span> 
     </span>
    </p>
   </div>
   <div class='ocr_carea' id='block_1_12' title="bbox 435 1085 2074 1168">
    <p class='ocr_par' dir='ltr' id='par_1_12' title="bbox 435 1085 2074 1168">
     <span class='ocr_line' id='line_1_12' title="bbox 435 1085 2074 1168; baseline 0.006 -26"><span class='ocrx_word' id='word_1_60' title='bbox 435 1085 833 1158; x_wconf 86' lang='lat' dir='ltr'><strong>Longobardia</strong></span> <span class='ocrx_word' id='word_1_61' title='bbox 857 1091 1177 1166; x_wconf 86' lang='lat' dir='ltr'><strong>conjunxit,</strong></span> <span class='ocrx_word' id='word_1_62' title='bbox 1205 1096 1466 1168; x_wconf 84' lang='lat' dir='ltr'><strong>acceptis</strong></span> <span class='ocrx_word' id='word_1_63' title='bbox 1485 1097 1786 1155; x_wconf 86' lang='lat' dir='ltr'><strong>obsidibus</strong></span> <span class='ocrx_word' id='word_1_64' title='bbox 1807 1097 1878 1154; x_wconf 92' lang='lat' dir='ltr'><strong>de</strong></span> <span class='ocrx_word' id='word_1_65' title='bbox 1899 1097 2074 1154; x_wconf 84' lang='lat' dir='ltr'><strong>[bini-</strong></span> 
     </span>
    </p>
   </div>
   <div class='ocr_carea' id='block_1_13' title="bbox 433 1170 2074 1255">
    <p class='ocr_par' dir='ltr' id='par_1_13' title="bbox 433 1170 2074 1255">
     <span class='ocr_line' id='line_1_13' title="bbox 433 1170 2074 1255; baseline 0.009 -28"><span class='ocrx_word' id='word_1_66' title='bbox 433 1170 614 1230; x_wconf 89' lang='lat' dir='ltr'><strong>laram</strong></span> <span class='ocrx_word' id='word_1_67' title='bbox 635 1177 693 1230; x_wconf 90' lang='lat' dir='ltr'><strong>et</strong></span> <span class='ocrx_word' id='word_1_68' title='bbox 717 1175 788 1232; x_wconf 91' lang='lat' dir='ltr'><strong>de</strong></span> <span class='ocrx_word' id='word_1_69' title='bbox 827 1179 1150 1254; x_wconf 87' lang='lat' dir='ltr'><strong>Abutauro,</strong></span> <span class='ocrx_word' id='word_1_70' title='bbox 1176 1181 1420 1255; x_wconf 89' lang='lat' dir='ltr'><strong>aliisque</strong></span> <span class='ocrx_word' id='word_1_71' title='bbox 1445 1183 1780 1242; x_wconf 89' lang='lat' dir='ltr'><strong>Sarracenis</strong></span> <span class='ocrx_word' id='word_1_72' title='bbox 1799 1183 2074 1254; x_wconf 88' lang='lat' dir='ltr'><strong>subjuga-</strong></span> 
     </span>
    </p>
   </div>
   <div class='ocr_carea' id='block_1_14' title="bbox 435 1259 2074 1343">
    <p class='ocr_par' dir='ltr' id='par_1_14' title="bbox 435 1259 2074 1343">
     <span class='ocr_line' id='line_1_14' title="bbox 435 1259 2074 1343; baseline 0.007 -27"><span class='ocrx_word' id='word_1_73' title='bbox 435 1259 512 1318; x_wconf 90' lang='lat' dir='ltr'><strong>tis</strong></span> <span class='ocrx_word' id='word_1_74' title='bbox 541 1263 812 1322; x_wconf 88' lang='lat' dir='ltr'><strong>Navarris</strong></span> <span class='ocrx_word' id='word_1_75' title='bbox 842 1270 901 1323; x_wconf 86' lang='lat' dir='ltr'><strong>et</strong></span> <span class='ocrx_word' id='word_1_76' title='bbox 940 1271 1338 1343; x_wconf 88' lang='lat' dir='ltr'><strong>Wasconibus,</strong></span> <span class='ocrx_word' id='word_1_77' title='bbox 1373 1272 1430 1328; x_wconf 91' lang='lat' dir='ltr'><strong>in</strong></span> <span class='ocrx_word' id='word_1_78' title='bbox 1481 1273 1778 1330; x_wconf 88' lang='lat' dir='ltr'><strong>Franciam</strong></span> <span class='ocrx_word' id='word_1_79' title='bbox 1829 1273 2074 1330; x_wconf 88' lang='lat' dir='ltr'><strong>reverti-</strong></span> 
     </span>
    </p>
   </div>
   <div class='ocr_carea' id='block_1_15' title="bbox 431 1351 2073 1432">
    <p class='ocr_par' dir='ltr' id='par_1_15' title="bbox 431 1351 2073 1432">
     <span class='ocr_line' id='line_1_15' title="bbox 431 1351 2073 1432; baseline 0.007 -27"><span class='ocrx_word' id='word_1_80' title='bbox 431 1351 532 1406; x_wconf 90' lang='lat' dir='ltr'><strong>tur</strong></span> <span class='ocrx_word' id='word_1_81' title='bbox 551 1359 597 1408; x_wconf 68' lang='grc' dir='ltr'><strong>δ.</strong></span> <span class='ocrx_word' id='word_1_82' title='bbox 627 1351 840 1410; x_wconf 91' lang='lat' dir='ltr'><strong>Orandi</strong></span> <span class='ocrx_word' id='word_1_83' title='bbox 871 1357 1060 1426; x_wconf 90' lang='lat' dir='ltr'><strong>gratia</strong></span> <span class='ocrx_word' id='word_1_84' title='bbox 1089 1359 1327 1416; x_wconf 84' lang='lat' dir='ltr'><strong>Romam</strong></span> <span class='ocrx_word' id='word_1_85' title='bbox 1360 1363 1489 1432; x_wconf 91' lang='lat' dir='ltr'><strong>post</strong></span> <span class='ocrx_word' id='word_1_86' title='bbox 1521 1359 1745 1432; x_wconf 89' lang='lat' dir='ltr'><strong>aliquot</strong></span> <span class='ocrx_word' id='word_1_87' title='bbox 1778 1375 1958 1418; x_wconf 88' lang='lat' dir='ltr'><strong>annos</strong></span> <span class='ocrx_word' id='word_1_88' title='bbox 1988 1361 2073 1416; x_wconf 90' lang='lat' dir='ltr'><strong>in-</strong></span> 
     </span>
    </p>
   </div>
   <div class='ocr_carea' id='block_1_16' title="bbox 431 1433 2071 1522">
    <p class='ocr_par' dir='ltr' id='par_1_16' title="bbox 431 1433 2071 1522">
     <span class='ocr_line' id='line_1_16' title="bbox 431 1433 2071 1522; baseline 0.005 -27"><span class='ocrx_word' id='word_1_89' title='bbox 431 1451 672 1510; x_wconf 84' lang='lat' dir='ltr'><strong>gressus</strong></span> <span class='ocrx_word' id='word_1_90' title='bbox 691 1442 764 1499; x_wconf 89' lang='lat' dir='ltr'><strong>ab</strong></span> <span class='ocrx_word' id='word_1_91' title='bbox 786 1443 1040 1502; x_wconf 84' lang='lat' dir='ltr'><strong>Adriano</strong></span> <span class='ocrx_word' id='word_1_92' title='bbox 1063 1447 1338 1519; x_wconf 89' lang='lat' dir='ltr'><strong>pontiﬁce</strong></span> <span class='ocrx_word' id='word_1_93' title='bbox 1367 1447 1522 1506; x_wconf 85' lang='lat' dir='ltr'><strong>ﬁlius</strong></span> <span class='ocrx_word' id='word_1_94' title='bbox 1550 1449 1677 1520; x_wconf 89' lang='lat' dir='ltr'><strong>ejus</strong></span> <span class='ocrx_word' id='word_1_95' title='bbox 1697 1433 1977 1522; x_wconf 84' lang='lat' dir='ltr'><strong>Pippinus</strong></span> <span class='ocrx_word' id='word_1_96' title='bbox 1997 1464 2071 1505; x_wconf 88' lang='lat' dir='ltr'><strong>ex</strong></span> 
     </span>
    </p>
   </div>
   <div class='ocr_carea' id='block_1_17' title="bbox 433 1531 2072 1610">
    <p class='ocr_par' dir='ltr' id='par_1_17' title="bbox 433 1531 2072 1610">
     <span class='ocr_line' id='line_1_17' title="bbox 433 1531 2072 1610; baseline 0.005 -26"><span class='ocrx_word' id='word_1_97' title='bbox 433 1542 602 1586; x_wconf 90' lang='lat' dir='ltr'><strong>sacro</strong></span> <span class='ocrx_word' id='word_1_98' title='bbox 633 1531 790 1588; x_wconf 88' lang='lat' dir='ltr'><strong>fonte</strong></span> <span class='ocrx_word' id='word_1_99' title='bbox 821 1534 1132 1608; x_wconf 85' lang='lat' dir='ltr'><strong>excipitur,</strong></span> <span class='ocrx_word' id='word_1_100' title='bbox 1168 1540 1344 1609; x_wconf 88' lang='lat' dir='ltr'><strong>atque</strong></span> <span class='ocrx_word' id='word_1_101' title='bbox 1367 1537 1482 1596; x_wconf 93' lang='lat' dir='ltr'><strong>duo</strong></span> <span class='ocrx_word' id='word_1_102' title='bbox 1506 1537 1606 1594; x_wconf 88' lang='lat' dir='ltr'><strong>ﬁlii</strong></span> <span class='ocrx_word' id='word_1_103' title='bbox 1629 1537 1947 1610; x_wconf 40' lang='lat' dir='ltr'><strong>ejusireges</strong></span> <span class='ocrx_word' id='word_1_104' title='bbox 1967 1538 2072 1594; x_wconf 92' lang='lat' dir='ltr'><strong>ini-</strong></span> 
     </span>
    </p>
   </div>
   <div class='ocr_carea' id='block_1_18' title="bbox 435 1615 2073 1700">
    <p class='ocr_par' dir='ltr' id='par_1_18' title="bbox 435 1615 2073 1700">
     <span class='ocr_line' id='line_1_18' title="bbox 435 1615 2073 1700; baseline 0.009 -30"><span class='ocrx_word' id='word_1_105' title='bbox 435 1615 565 1673; x_wconf 88' lang='lat' dir='ltr'><strong>tiati</strong></span> <span class='ocrx_word' id='word_1_106' title='bbox 595 1623 754 1677; x_wconf 84' lang='lat' dir='ltr'><strong>sunt.</strong></span> <span class='ocrx_word' id='word_1_107' title='bbox 786 1621 1088 1681; x_wconf 88' lang='lat' dir='ltr'><strong>Mediolani</strong></span> <span class='ocrx_word' id='word_1_108' title='bbox 1121 1627 1193 1683; x_wconf 91' lang='lat' dir='ltr'><strong>ab</strong></span> <span class='ocrx_word' id='word_1_109' title='bbox 1219 1627 1746 1700; x_wconf 44' lang='lat' dir='ltr'><strong>Thomafepiscopo</strong></span> <span class='ocrx_word' id='word_1_110' title='bbox 1777 1627 1893 1685; x_wconf 91' lang='lat' dir='ltr'><strong>ﬁlia</strong></span> <span class='ocrx_word' id='word_1_111' title='bbox 1943 1628 2073 1699; x_wconf 88' lang='lat' dir='ltr'><strong>ejus</strong></span> 
     </span>
    </p>
   </div>
   <div class='ocr_carea' id='block_1_19' title="bbox 2181 471 3830 550">
    <p class='ocr_par' dir='ltr' id='par_1_19' title="bbox 2181 471 3830 550">
     <span class='ocr_line' id='line_1_19' title="bbox 2181 471 3830 550; baseline 0.002 -22"><span class='ocrx_word' id='word_1_112' title='bbox 2181 471 2511 545; x_wconf 89' lang='lat' dir='ltr'><strong>constituit,</strong></span> <span class='ocrx_word' id='word_1_113' title='bbox 2535 478 2592 530; x_wconf 90' lang='lat' dir='ltr'><strong>et</strong></span> <span class='ocrx_word' id='word_1_114' title='bbox 2617 475 2671 531; x_wconf 94' lang='lat' dir='ltr'><strong>in</strong></span> <span class='ocrx_word' id='word_1_115' title='bbox 2696 477 2890 549; x_wconf 91' lang='lat' dir='ltr'><strong>capite</strong></span> <span class='ocrx_word' id='word_1_116' title='bbox 2915 477 3110 550; x_wconf 88' lang='lat' dir='ltr'><strong>pontis</strong></span> <span class='ocrx_word' id='word_1_117' title='bbox 3131 493 3205 536; x_wconf 90' lang='lat' dir='ltr'><strong>ex</strong></span> <span class='ocrx_word' id='word_1_118' title='bbox 3227 480 3477 548; x_wconf 88' lang='lat' dir='ltr'><strong>utraque</strong></span> <span class='ocrx_word' id='word_1_119' title='bbox 3501 479 3667 548; x_wconf 92' lang='lat' dir='ltr'><strong>parte</strong></span> <span class='ocrx_word' id='word_1_120' title='bbox 3691 475 3830 534; x_wconf 70' lang='lat' dir='ltr'><strong>aadi-</strong></span> 
     </span>
    </p>
   </div>
   <div class='ocr_carea' id='block_1_20' title="bbox 2184 558 3824 638">
    <p class='ocr_par' dir='ltr' id='par_1_20' title="bbox 2184 558 3824 638">
     <span class='ocr_line' id='line_1_20' title="bbox 2184 558 3824 638; baseline 0.005 -24"><span class='ocrx_word' id='word_1_121' title='bbox 2184 558 2376 617; x_wconf 88' lang='lat' dir='ltr'><strong>llcavit</strong></span> <span class='ocrx_word' id='word_1_122' title='bbox 2389 567 2580 619; x_wconf 85' lang='lat' dir='ltr'><strong>castra</strong></span> <span class='ocrx_word' id='word_1_123' title='bbox 2599 581 2613 632; x_wconf 92' lang='lat'><strong>;</strong></span> <span class='ocrx_word' id='word_1_124' title='bbox 2639 568 2814 636; x_wconf 89' lang='lat' dir='ltr'><strong>atque</strong></span> <span class='ocrx_word' id='word_1_125' title='bbox 2831 565 3086 638; x_wconf 90' lang='lat' dir='ltr'><strong>Sclavos,</strong></span> <span class='ocrx_word' id='word_1_126' title='bbox 3113 581 3361 638; x_wconf 89' lang='lat' dir='ltr'><strong>quorum</strong></span> <span class='ocrx_word' id='word_1_127' title='bbox 3375 564 3721 622; x_wconf 89' lang='lat' dir='ltr'><strong>vocabulum</strong></span> <span class='ocrx_word' id='word_1_128' title='bbox 3733 567 3824 622; x_wconf 91' lang='lat' dir='ltr'><strong>est</strong></span> 
     </span>
    </p>
   </div>
   <div class='ocr_carea' id='block_1_21' title="bbox 2180 647 3828 726">
    <p class='ocr_par' dir='ltr' id='par_1_21' title="bbox 2180 647 3828 726">
     <span class='ocr_line' id='line_1_21' title="bbox 2180 647 3828 726; baseline 0.004 -22"><span class='ocrx_word' id='word_1_129' title='bbox 2180 647 2370 721; x_wconf 86' lang='lat' dir='ltr'><strong>Wlizi,</strong></span> <span class='ocrx_word' id='word_1_130' title='bbox 2397 652 2748 723; x_wconf 86' lang='lat' dir='ltr'><strong>perdomuit.</strong></span> <span class='ocrx_word' id='word_1_131' title='bbox 2775 655 3038 712; x_wconf 86' lang='lat' dir='ltr'><strong>Habebat</strong></span> <span class='ocrx_word' id='word_1_132' title='bbox 3063 659 3256 712; x_wconf 90' lang='lat' dir='ltr'><strong>autem</strong></span> <span class='ocrx_word' id='word_1_133' title='bbox 3267 654 3382 725; x_wconf 92' lang='lat' dir='ltr'><strong>jam</strong></span> <span class='ocrx_word' id='word_1_134' title='bbox 3410 653 3666 725; x_wconf 90' lang='lat' dir='ltr'><strong>Selavos,</strong></span> <span class='ocrx_word' id='word_1_135' title='bbox 3684 669 3828 726; x_wconf 91' lang='lat' dir='ltr'><strong>quo-</strong></span> 
     </span>
    </p>
   </div>
   <div class='ocr_carea' id='block_1_22' title="bbox 2182 740 3828 816">
    <p class='ocr_par' dir='ltr' id='par_1_22' title="bbox 2182 740 3828 816">
     <span class='ocr_line' id='line_1_22' title="bbox 2182 740 3828 816; baseline 0.004 -22"><span class='ocrx_word' id='word_1_136' title='bbox 2182 752 2308 794; x_wconf 91' lang='lat' dir='ltr'><strong>rum</strong></span> <span class='ocrx_word' id='word_1_137' title='bbox 2337 740 2618 798; x_wconf 89' lang='lat' dir='ltr'><strong>vocabula</strong></span> <span class='ocrx_word' id='word_1_138' title='bbox 2652 747 2783 800; x_wconf 91' lang='lat' dir='ltr'><strong>sunt</strong></span> <span class='ocrx_word' id='word_1_139' title='bbox 2816 743 3026 816; x_wconf 91' lang='lat' dir='ltr'><strong>Swrbi,</strong></span> <span class='ocrx_word' id='word_1_140' title='bbox 3059 759 3282 801; x_wconf 90' lang='lat' dir='ltr'><strong>necnon</strong></span> <span class='ocrx_word' id='word_1_141' title='bbox 3315 747 3374 800; x_wconf 88' lang='lat' dir='ltr'><strong>et</strong></span> <span class='ocrx_word' id='word_1_142' title='bbox 3404 743 3659 800; x_wconf 89' lang='lat' dir='ltr'><strong>Abotriti</strong></span> <span class='ocrx_word' id='word_1_143' title='bbox 3687 763 3700 799; x_wconf 89' lang='lat'><strong>:</strong></span> <span class='ocrx_word' id='word_1_144' title='bbox 3725 743 3828 800; x_wconf 88' lang='lat' dir='ltr'><strong>bo-</strong></span> 
     </span>
    </p>
   </div>
   <div class='ocr_carea' id='block_1_23' title="bbox 2179 828 3824 902">
    <p class='ocr_par' dir='ltr' id='par_1_23' title="bbox 2179 828 3824 902">
     <span class='ocr_line' id='line_1_23' title="bbox 2179 828 3824 902; baseline 0.002 -20"><span class='ocrx_word' id='word_1_145' title='bbox 2179 840 2307 884; x_wconf 87' lang='lat' dir='ltr'><strong>rum</strong></span> <span class='ocrx_word' id='word_1_146' title='bbox 2339 828 2609 900; x_wconf 87' lang='lat' dir='ltr'><strong>princeps</strong></span> <span class='ocrx_word' id='word_1_147' title='bbox 2639 833 2764 886; x_wconf 90' lang='lat' dir='ltr'><strong>erat</strong></span> <span class='ocrx_word' id='word_1_148' title='bbox 2796 831 3064 888; x_wconf 90' lang='lat' dir='ltr'><strong>Wtizam.</strong></span> <span class='ocrx_word' id='word_1_149' title='bbox 3098 834 3422 888; x_wconf 89' lang='lat' dir='ltr'><strong>Avarorum</strong></span> <span class='ocrx_word' id='word_1_150' title='bbox 3451 845 3598 902; x_wconf 89' lang='lat' dir='ltr'><strong>gens</strong></span> <span class='ocrx_word' id='word_1_151' title='bbox 3621 829 3824 902; x_wconf 83' lang='lat' dir='ltr'><strong>eﬁ‘era,</strong></span> 
     </span>
    </p>
   </div>
   <div class='ocr_carea' id='block_1_24' title="bbox 2181 913 3828 991">
    <p class='ocr_par' dir='ltr' id='par_1_24' title="bbox 2181 913 3828 991">
     <span class='ocr_line' id='line_1_24' title="bbox 2181 913 3828 991; baseline 0.002 -21"><span class='ocrx_word' id='word_1_152' title='bbox 2181 913 2392 972; x_wconf 82' lang='lat' dir='ltr'><strong>finibus</strong></span> <span class='ocrx_word' id='word_1_153' title='bbox 2438 917 2878 988; x_wconf 86' lang='lat' dir='ltr'><strong>Bajovariorum</strong></span> <span class='ocrx_word' id='word_1_154' title='bbox 2927 919 3324 991; x_wconf 89' lang='lat' dir='ltr'><strong>infestissima,</strong></span> <span class='ocrx_word' id='word_1_155' title='bbox 3354 919 3636 976; x_wconf 87' lang='lat' dir='ltr'><strong>ecclesias</strong></span> <span class='ocrx_word' id='word_1_156' title='bbox 3663 917 3828 991; x_wconf 85' lang='lat' dir='ltr'><strong>Oppi-</strong></span> 
     </span>
    </p>
   </div>
   <div class='ocr_carea' id='block_1_25' title="bbox 2181 1003 3829 1080">
    <p class='ocr_par' dir='ltr' id='par_1_25' title="bbox 2181 1003 3829 1080">
     <span class='ocr_line' id='line_1_25' title="bbox 2181 1003 3829 1080; baseline 0.002 -21"><span class='ocrx_word' id='word_1_157' title='bbox 2181 1003 2370 1075; x_wconf 90' lang='lat' dir='ltr'><strong>daque</strong></span> <span class='ocrx_word' id='word_1_158' title='bbox 2395 1005 2550 1062; x_wconf 90' lang='lat' dir='ltr'><strong>circa</strong></span> <span class='ocrx_word' id='word_1_159' title='bbox 2575 1005 2718 1064; x_wconf 85' lang='lat' dir='ltr'><strong>ﬁnes</strong></span> <span class='ocrx_word' id='word_1_160' title='bbox 2750 1021 2889 1066; x_wconf 93' lang='lat' dir='ltr'><strong>suos</strong></span> <span class='ocrx_word' id='word_1_161' title='bbox 2917 1007 3326 1066; x_wconf 88' lang='lat' dir='ltr'><strong>immanissime</strong></span> <span class='ocrx_word' id='word_1_162' title='bbox 3349 1007 3716 1080; x_wconf 89' lang='lat' dir='ltr'><strong>depopulans</strong></span> <span class='ocrx_word' id='word_1_163' title='bbox 3743 1010 3829 1063; x_wconf 87' lang='lat' dir='ltr'><strong>at-</strong></span> 
     </span>
    </p>
   </div>
   <div class='ocr_carea' id='block_1_26' title="bbox 2182 1094 3826 1170">
    <p class='ocr_par' dir='ltr' id='par_1_26' title="bbox 2182 1094 3826 1170">
     <span class='ocr_line' id='line_1_26' title="bbox 2182 1094 3826 1170; baseline 0.002 -20"><span class='ocrx_word' id='word_1_164' title='bbox 2182 1107 2294 1164; x_wconf 88' lang='lat' dir='ltr'><strong>que</strong></span> <span class='ocrx_word' id='word_1_165' title='bbox 2321 1094 2652 1166; x_wconf 90' lang='lat' dir='ltr'><strong>devastans,</strong></span> <span class='ocrx_word' id='word_1_166' title='bbox 2682 1100 2839 1154; x_wconf 91' lang='lat' dir='ltr'><strong>metu</strong></span> <span class='ocrx_word' id='word_1_167' title='bbox 2873 1097 2948 1170; x_wconf 91' lang='lat' dir='ltr'><strong>pii</strong></span> <span class='ocrx_word' id='word_1_168' title='bbox 2979 1101 3036 1154; x_wconf 87' lang='lat' dir='ltr'><strong>et</strong></span> <span class='ocrx_word' id='word_1_169' title='bbox 3065 1095 3309 1168; x_wconf 82' lang='lat' dir='ltr'><strong>gloriosi</strong></span> <span class='ocrx_word' id='word_1_170' title='bbox 3341 1097 3496 1170; x_wconf 86' lang='lat' dir='ltr'><strong>regis</strong></span> <span class='ocrx_word' id='word_1_171' title='bbox 3523 1113 3589 1154; x_wconf 91' lang='lat' dir='ltr'><strong>ac</strong></span> <span class='ocrx_word' id='word_1_172' title='bbox 3609 1096 3826 1154; x_wconf 89' lang='lat' dir='ltr'><strong>timore</strong></span> 
     </span>
    </p>
   </div>
   <div class='ocr_carea' id='block_1_27' title="bbox 2179 1183 3830 1258">
    <p class='ocr_par' dir='ltr' id='par_1_27' title="bbox 2179 1183 3830 1258">
     <span class='ocr_line' id='line_1_27' title="bbox 2179 1183 3830 1258; baseline 0.002 -20"><span class='ocrx_word' id='word_1_173' title='bbox 2179 1183 2474 1241; x_wconf 89' lang='lat' dir='ltr'><strong>exercitus</strong></span> <span class='ocrx_word' id='word_1_174' title='bbox 2519 1183 2696 1257; x_wconf 92' lang='lat' dir='ltr'><strong>illius,</strong></span> <span class='ocrx_word' id='word_1_175' title='bbox 2726 1185 2984 1244; x_wconf 87' lang='lat' dir='ltr'><strong>dimissis</strong></span> <span class='ocrx_word' id='word_1_176' title='bbox 3027 1186 3404 1244; x_wconf 84' lang='lat' dir='ltr'><strong>ﬁrmitatibus</strong></span> <span class='ocrx_word' id='word_1_177' title='bbox 3443 1186 3565 1244; x_wconf 90' lang='lat' dir='ltr'><strong>suis</strong></span> <span class='ocrx_word' id='word_1_178' title='bbox 3593 1189 3651 1242; x_wconf 91' lang='lat' dir='ltr'><strong>et</strong></span> <span class='ocrx_word' id='word_1_179' title='bbox 3680 1201 3830 1258; x_wconf 71' lang='lat' dir='ltr'><strong>pra:-</strong></span> 
     </span>
    </p>
   </div>
   <div class='ocr_carea' id='block_1_28' title="bbox 2177 1271 3830 1348">
    <p class='ocr_par' dir='ltr' id='par_1_28' title="bbox 2177 1271 3830 1348">
     <span class='ocr_line' id='line_1_28' title="bbox 2177 1271 3830 1348; baseline 0.002 -21"><span class='ocrx_word' id='word_1_180' title='bbox 2177 1271 2362 1343; x_wconf 90' lang='lat' dir='ltr'><strong>sidiis,</strong></span> <span class='ocrx_word' id='word_1_181' title='bbox 2393 1273 2526 1344; x_wconf 86' lang='lat' dir='ltr'><strong>fuga</strong></span> <span class='ocrx_word' id='word_1_182' title='bbox 2556 1273 2833 1346; x_wconf 89' lang='lat' dir='ltr'><strong>elabitur,</strong></span> <span class='ocrx_word' id='word_1_183' title='bbox 2859 1289 2926 1332; x_wconf 89' lang='lat' dir='ltr'><strong>ac</strong></span> <span class='ocrx_word' id='word_1_184' title='bbox 2949 1274 3253 1347; x_wconf 87' lang='lat' dir='ltr'><strong>pristinam</strong></span> <span class='ocrx_word' id='word_1_185' title='bbox 3286 1275 3713 1348; x_wconf 86' lang='lat' dir='ltr'><strong>possessionem</strong></span> <span class='ocrx_word' id='word_1_186' title='bbox 3737 1288 3830 1330; x_wconf 86' lang='lat' dir='ltr'><strong>re-</strong></span> 
     </span>
    </p>
   </div>
   <div class='ocr_carea' id='block_1_29' title="bbox 2178 1361 3828 1444">
    <p class='ocr_par' dir='ltr' id='par_1_29' title="bbox 2178 1361 3828 1444">
     <span class='ocr_line' id='line_1_29' title="bbox 2178 1361 3828 1444; baseline 0.002 -26"><span class='ocrx_word' id='word_1_187' title='bbox 2178 1361 2410 1435; x_wconf 91' lang='lat' dir='ltr'><strong>linquit.</strong></span> <span class='ocrx_word' id='word_1_188' title='bbox 2430 1365 3032 1424; x_wconf 84' lang='lat' dir='ltr'><strong>Annolncarnationis</strong></span> <span class='ocrx_word' id='word_1_189' title='bbox 3053 1365 3276 1424; x_wconf 88' lang='lat' dir='ltr'><strong>Domini</strong></span> <span class='ocrx_word' id='word_1_190' title='bbox 3299 1363 3828 1444; x_wconf 77' lang='lat' dir='ltr'><strong>septingentesimo</strong></span> 
     </span>
    </p>
   </div>
   <div class='ocr_carea' id='block_1_30' title="bbox 2179 1453 3830 1526">
    <p class='ocr_par' dir='ltr' id='par_1_30' title="bbox 2179 1453 3830 1526">
     <span class='ocr_line' id='line_1_30' title="bbox 2179 1453 3830 1526; baseline 0.001 -18"><span class='ocrx_word' id='word_1_191' title='bbox 2179 1453 2551 1524; x_wconf 82' lang='lat' dir='ltr'><strong>nonagesimo</strong></span> <span class='ocrx_word' id='word_1_192' title='bbox 2599 1455 2874 1512; x_wconf 90' lang='lat' dir='ltr'><strong>secundo.</strong></span> <span class='ocrx_word' id='word_1_193' title='bbox 2909 1454 3068 1512; x_wconf 83' lang='lat' dir='ltr'><strong>Felix</strong></span> <span class='ocrx_word' id='word_1_194' title='bbox 3117 1453 3469 1512; x_wconf 86' lang='lat' dir='ltr'><strong>Aurelianus</strong></span> <span class='ocrx_word' id='word_1_195' title='bbox 3512 1453 3830 1526; x_wconf 90' lang='lat' dir='ltr'><strong>episcopus</strong></span> 
     </span>
    </p>
   </div>
   <div class='ocr_carea' id='block_1_31' title="bbox 2177 1541 3824 1616">
    <p class='ocr_par' dir='ltr' id='par_1_31' title="bbox 2177 1541 3824 1616">
     <span class='ocr_line' id='line_1_31' title="bbox 2177 1541 3824 1616; baseline 0.001 -20"><span class='ocrx_word' id='word_1_196' title='bbox 2177 1541 2490 1600; x_wconf 70' lang='lat' dir='ltr'><strong>haereticus</strong></span> <span class='ocrx_word' id='word_1_197' title='bbox 2537 1543 2936 1616; x_wconf 89' lang='lat' dir='ltr'><strong>deprehensus</strong></span> <span class='ocrx_word' id='word_1_198' title='bbox 2985 1543 3345 1616; x_wconf 89' lang='lat' dir='ltr'><strong>adoptivum,</strong></span> <span class='ocrx_word' id='word_1_199' title='bbox 3377 1557 3489 1600; x_wconf 91' lang='lat' dir='ltr'><strong>non</strong></span> <span class='ocrx_word' id='word_1_200' title='bbox 3521 1541 3824 1616; x_wconf 89' lang='lat' dir='ltr'><strong>proprium</strong></span> 
     </span>
    </p>
   </div>
   <div class='ocr_carea' id='block_1_32' title="bbox 2179 1629 3828 1691">
    <p class='ocr_par' dir='ltr' id='par_1_32' title="bbox 2179 1629 3828 1691">
     <span class='ocr_line' id='line_1_32' title="bbox 2179 1629 3828 1691; baseline 0.001 -5"><span class='ocrx_word' id='word_1_201' title='bbox 2179 1629 2380 1687; x_wconf 89' lang='lat' dir='ltr'><strong>Filium</strong></span> <span class='ocrx_word' id='word_1_202' title='bbox 2411 1632 2509 1688; x_wconf 90' lang='lat' dir='ltr'><strong>Dei</strong></span> <span class='ocrx_word' id='word_1_203' title='bbox 2541 1633 2843 1690; x_wconf 88' lang='lat' dir='ltr'><strong>Dominum</strong></span> <span class='ocrx_word' id='word_1_204' title='bbox 2884 1637 3148 1691; x_wconf 90' lang='lat' dir='ltr'><strong>nostrum</strong></span> <span class='ocrx_word' id='word_1_205' title='bbox 3176 1634 3371 1690; x_wconf 83' lang='lat' dir='ltr'><strong>Jesum</strong></span> <span class='ocrx_word' id='word_1_206' title='bbox 3401 1631 3690 1690; x_wconf 88' lang='lat' dir='ltr'><strong>Christum</strong></span> <span class='ocrx_word' id='word_1_207' title='bbox 3722 1630 3828 1688; x_wconf 90' lang='lat' dir='ltr'><strong>do-</strong></span> 
     </span>
    </p>
   </div>
   <div class='ocr_carea' id='block_1_33' title="bbox 435 1703 3828 1794">
    <p class='ocr_par' dir='ltr' id='par_1_33' title="bbox 435 1703 3828 1794">
     <span class='ocr_line' id='line_1_33' title="bbox 435 1703 3828 1794; baseline 0.005 -33"><span class='ocrx_word' id='word_1_208' title='bbox 435 1703 596 1794; x_wconf 85' lang='lat' dir='ltr'><strong>Gissa</strong></span> <span class='ocrx_word' id='word_1_209' title='bbox 621 1707 936 1783; x_wconf 88' lang='lat' dir='ltr'><strong>baptizata,</strong></span> <span class='ocrx_word' id='word_1_210' title='bbox 953 1715 1012 1769; x_wconf 90' lang='lat' dir='ltr'><strong>ct</strong></span> <span class='ocrx_word' id='word_1_211' title='bbox 1026 1719 1272 1786; x_wconf 86' lang='lat' dir='ltr'><strong>excepta</strong></span> <span class='ocrx_word' id='word_1_212' title='bbox 1297 1716 1814 1788; x_wconf 87' lang='lat' dir='ltr'><strong>septingentesimo</strong></span> <span class='ocrx_word' id='word_1_213' title='bbox 1837 1719 2071 1790; x_wconf 88' lang='lat' dir='ltr'><strong>octoge-</strong></span> <span class='ocrx_word' id='word_1_214' title='bbox 2099 1730 2149 1789; x_wconf 77' lang='grc' dir='ltr'>Β</span> <span class='ocrx_word' id='word_1_215' title='bbox 2178 1720 2521 1793; x_wconf 84' lang='lat' dir='ltr'><strong>gmatizans,</strong></span> <span class='ocrx_word' id='word_1_216' title='bbox 2539 1723 2634 1794; x_wconf 92' lang='lat' dir='ltr'><strong>qui</strong></span> <span class='ocrx_word' id='word_1_217' title='bbox 2652 1721 2718 1779; x_wconf 88' lang='lat' dir='ltr'><strong>ad</strong></span> <span class='ocrx_word' id='word_1_218' title='bbox 2739 1722 3107 1794; x_wconf 60' lang='lat' dir='ltr'><strong>prasentiam</strong></span> <span class='ocrx_word' id='word_1_219' title='bbox 3129 1721 3367 1780; x_wconf 76' lang='lat' dir='ltr'><strong>Adriani</strong></span> <span class='ocrx_word' id='word_1_220' title='bbox 3394 1719 3690 1794; x_wconf 86' lang='lat' dir='ltr'><strong>pontiﬁcis</strong></span> <span class='ocrx_word' id='word_1_221' title='bbox 3710 1721 3828 1778; x_wconf 82' lang='lat' dir='ltr'><strong>Ro-</strong></span> 
     </span>
    </p>
   </div>
   <div class='ocr_carea' id='block_1_34' title="bbox 433 1791 2073 1874">
    <p class='ocr_par' dir='ltr' id='par_1_34' title="bbox 433 1791 2073 1874">
     <span class='ocr_line' id='line_1_34' title="bbox 433 1791 2073 1874; baseline 0.009 -26"><span class='ocrx_word' id='word_1_222' title='bbox 433 1791 579 1850; x_wconf 90' lang='lat' dir='ltr'><strong>simo</strong></span> <span class='ocrx_word' id='word_1_223' title='bbox 603 1797 778 1854; x_wconf 87' lang='lat' dir='ltr'><strong>tertio</strong></span> <span class='ocrx_word' id='word_1_224' title='bbox 801 1813 950 1857; x_wconf 91' lang='lat' dir='ltr'><strong>anno</strong></span> <span class='ocrx_word' id='word_1_225' title='bbox 982 1802 1401 1861; x_wconf 89' lang='lat' dir='ltr'><strong>lncarnationis</strong></span> <span class='ocrx_word' id='word_1_226' title='bbox 1434 1804 1676 1861; x_wconf 90' lang='lat' dir='ltr'><strong>Domini.</strong></span> <span class='ocrx_word' id='word_1_227' title='bbox 1704 1803 2073 1874; x_wconf 85' lang='lat' dir='ltr'><strong>llildegardis</strong></span> 
     </span>
    </p>
   </div>
   <div class='ocr_carea' id='block_1_35' title="bbox 432 1881 2074 1963">
    <p class='ocr_par' dir='ltr' id='par_1_35' title="bbox 432 1881 2074 1963">
     <span class='ocr_line' id='line_1_35' title="bbox 432 1881 2074 1963; baseline 0.004 -22"><span class='ocrx_word' id='word_1_228' title='bbox 432 1881 630 1952; x_wconf 80' lang='lat' dir='ltr'><strong>regina</strong></span> <span class='ocrx_word' id='word_1_229' title='bbox 683 1885 870 1956; x_wconf 83' lang='lat' dir='ltr'><strong>pridie</strong></span> <span class='ocrx_word' id='word_1_230' title='bbox 903 1888 1137 1948; x_wconf 85' lang='lat' dir='ltr'><strong>Kalend.</strong></span> <span class='ocrx_word' id='word_1_231' title='bbox 1172 1892 1298 1948; x_wconf 89' lang='lat' dir='ltr'><strong>Maii</strong></span> <span class='ocrx_word' id='word_1_232' title='bbox 1340 1892 1537 1963; x_wconf 89' lang='lat' dir='ltr'><strong>vigilia</strong></span> <span class='ocrx_word' id='word_1_233' title='bbox 1569 1892 1938 1950; x_wconf 84' lang='lat' dir='ltr'><strong>Ascensionis</strong></span> <span class='ocrx_word' id='word_1_234' title='bbox 1968 1893 2074 1948; x_wconf 90' lang='lat' dir='ltr'><strong>Do-</strong></span> 
     </span>
    </p>
   </div>
   <div class='ocr_carea' id='block_1_36' title="bbox 432 1969 1888 2054">
    <p class='ocr_par' dir='ltr' id='par_1_36' title="bbox 432 1969 1888 2054">
     <span class='ocr_line' id='line_1_36' title="bbox 432 1969 1888 2054; baseline 0.011 -31"><span class='ocrx_word' id='word_1_235' title='bbox 432 1969 568 2025; x_wconf 88' lang='lat' dir='ltr'><strong>mini</strong></span> <span class='ocrx_word' id='word_1_236' title='bbox 601 1971 657 2028; x_wconf 92' lang='lat' dir='ltr'><strong>in</strong></span> <span class='ocrx_word' id='word_1_237' title='bbox 687 1973 823 2032; x_wconf 89' lang='lat' dir='ltr'><strong>villa</strong></span> <span class='ocrx_word' id='word_1_238' title='bbox 857 1993 984 2048; x_wconf 72' lang='lat' dir='ltr'><strong>quae</strong></span> <span class='ocrx_word' id='word_1_239' title='bbox 1016 1980 1233 2038; x_wconf 84' lang='lat' dir='ltr'><strong>dicitur</strong></span> <span class='ocrx_word' id='word_1_240' title='bbox 1262 1982 1590 2054; x_wconf 88' lang='lat' dir='ltr'><strong>Theudone,</strong></span> <span class='ocrx_word' id='word_1_241' title='bbox 1623 1983 1888 2040; x_wconf 90' lang='lat' dir='ltr'><strong>moritur.</strong></span> 
     </span>
    </p>
   </div>
   <div class='ocr_carea' id='block_1_37' title="bbox 500 2058 2070 2144">
    <p class='ocr_par' dir='ltr' id='par_1_37' title="bbox 500 2058 2070 2144">
     <span class='ocr_line' id='line_1_37' title="bbox 500 2058 2070 2144; baseline 0.009 -30"><span class='ocrx_word' id='word_1_242' title='bbox 500 2058 771 2119; x_wconf 89' lang='lat' dir='ltr'><strong>Tractum</strong></span> <span class='ocrx_word' id='word_1_243' title='bbox 800 2070 889 2122; x_wconf 92' lang='lat' dir='ltr'><strong>est</strong></span> <span class='ocrx_word' id='word_1_244' title='bbox 922 2067 1101 2138; x_wconf 88' lang='lat' dir='ltr'><strong>igitur</strong></span> <span class='ocrx_word' id='word_1_245' title='bbox 1133 2069 1348 2127; x_wconf 89' lang='lat' dir='ltr'><strong>bellum</strong></span> <span class='ocrx_word' id='word_1_246' title='bbox 1401 2072 1688 2128; x_wconf 85' lang='lat' dir='ltr'><strong>Saxonum</strong></span> <span class='ocrx_word' id='word_1_247' title='bbox 1739 2087 1844 2144; x_wconf 89' lang='lat' dir='ltr'><strong>per</strong></span> <span class='ocrx_word' id='word_1_248' title='bbox 1882 2071 2070 2144; x_wconf 90' lang='lat' dir='ltr'><strong>spatia</strong></span> 
     </span>
    </p>
   </div>
   <div class='ocr_carea' id='block_1_38' title="bbox 433 2155 2074 2242">
    <p class='ocr_par' dir='ltr' id='par_1_38' title="bbox 433 2155 2074 2242">
     <span class='ocr_line' id='line_1_38' title="bbox 433 2155 2074 2242; baseline 0.01 -42"><span class='ocrx_word' id='word_1_249' title='bbox 433 2159 883 2242; x_wconf 78' lang='lat' dir='ltr'><strong>annorum,cum</strong></span> <span class='ocrx_word' id='word_1_250' title='bbox 907 2155 963 2212; x_wconf 90' lang='lat' dir='ltr'><strong>in</strong></span> <span class='ocrx_word' id='word_1_251' title='bbox 987 2158 1287 2228; x_wconf 91' lang='lat' dir='ltr'><strong>perﬁdiam</strong></span> <span class='ocrx_word' id='word_1_252' title='bbox 1319 2174 1473 2232; x_wconf 73' lang='lat' dir='ltr'><strong>szepe</strong></span> <span class='ocrx_word' id='word_1_253' title='bbox 1505 2159 1933 2230; x_wconf 88' lang='lat' dir='ltr'><strong>relaberentur,</strong></span> <span class='ocrx_word' id='word_1_254' title='bbox 1963 2161 2074 2216; x_wconf 90' lang='lat' dir='ltr'><strong>for-</strong></span> 
     </span>
    </p>
   </div>
   <div class='ocr_carea' id='block_1_39' title="bbox 433 2234 2073 2320">
    <p class='ocr_par' dir='ltr' id='par_1_39' title="bbox 433 2234 2073 2320">
     <span class='ocr_line' id='line_1_39' title="bbox 433 2234 2073 2320; baseline 0.01 -33"><span class='ocrx_word' id='word_1_255' title='bbox 433 2234 658 2320; x_wconf 88' lang='lat' dir='ltr'><strong>tissimo</strong></span> <span class='ocrx_word' id='word_1_256' title='bbox 699 2254 836 2310; x_wconf 87' lang='lat' dir='ltr'><strong>rege</strong></span> <span class='ocrx_word' id='word_1_257' title='bbox 867 2259 997 2301; x_wconf 89' lang='lat' dir='ltr'><strong>cum</strong></span> <span class='ocrx_word' id='word_1_258' title='bbox 1031 2247 1266 2305; x_wconf 87' lang='lat' dir='ltr'><strong>Francis</strong></span> <span class='ocrx_word' id='word_1_259' title='bbox 1297 2263 1444 2320; x_wconf 92' lang='lat' dir='ltr'><strong>pene</strong></span> <span class='ocrx_word' id='word_1_260' title='bbox 1475 2263 1576 2307; x_wconf 92' lang='lat' dir='ltr'><strong>eos</strong></span> <span class='ocrx_word' id='word_1_261' title='bbox 1605 2249 1853 2306; x_wconf 88' lang='lat' dir='ltr'><strong>subinde</strong></span> <span class='ocrx_word' id='word_1_262' title='bbox 1888 2261 2073 2320; x_wconf 89' lang='lat' dir='ltr'><strong>usque</strong></span> 
     </span>
    </p>
   </div>
   <div class='ocr_carea' id='block_1_40' title="bbox 433 2319 2074 2408">
    <p class='ocr_par' dir='ltr' id='par_1_40' title="bbox 433 2319 2074 2408">
     <span class='ocr_line' id='line_1_40' title="bbox 433 2319 2074 2408; baseline 0.012 -33"><span class='ocrx_word' id='word_1_263' title='bbox 433 2319 506 2376; x_wconf 91' lang='lat' dir='ltr'><strong>ad</strong></span> <span class='ocrx_word' id='word_1_264' title='bbox 536 2320 992 2388; x_wconf 90' lang='lat' dir='ltr'><strong>internecionem</strong></span> <span class='ocrx_word' id='word_1_265' title='bbox 1041 2319 1348 2393; x_wconf 80' lang='lat' dir='ltr'><strong>obterente</strong></span> <span class='ocrx_word' id='word_1_266' title='bbox 1381 2339 1686 2408; x_wconf 72' lang='lat' dir='ltr'><strong>(anoruo.</strong></span> <span class='ocrx_word' id='word_1_267' title='bbox 1726 2337 1826 2395; x_wconf 77' lang='lat' dir='ltr'><strong>lib.</strong></span> <span class='ocrx_word' id='word_1_268' title='bbox 1863 2353 1920 2394; x_wconf 81' lang='lat' dir='ltr'><strong>ll.</strong></span> <span class='ocrx_word' id='word_1_269' title='bbox 1957 2319 2074 2394; x_wconf 73' lang='lat' dir='ltr'><strong>An-</strong></span> 
     </span>
    </p>
   </div>
   <div class='ocr_carea' id='block_1_41' title="bbox 428 2409 2074 2496">
    <p class='ocr_par' dir='ltr' id='par_1_41' title="bbox 428 2409 2074 2496">
     <span class='ocr_line' id='line_1_41' title="bbox 428 2409 2074 2496; baseline 0.011 -32"><span class='ocrx_word' id='word_1_270' title='bbox 428 2409 942 2496; x_wconf 70' lang='lat' dir='ltr'><strong>ml.).Witigingis</strong></span> <span class='ocrx_word' id='word_1_271' title='bbox 962 2424 1022 2476; x_wconf 88' lang='lat' dir='ltr'><strong>et</strong></span> <span class='ocrx_word' id='word_1_272' title='bbox 1047 2421 1175 2478; x_wconf 85' lang='lat' dir='ltr'><strong>Albi</strong></span> <span class='ocrx_word' id='word_1_273' title='bbox 1197 2438 1328 2481; x_wconf 88' lang='lat' dir='ltr'><strong>cum</strong></span> <span class='ocrx_word' id='word_1_274' title='bbox 1354 2425 1544 2496; x_wconf 85' lang='lat' dir='ltr'><strong>sociis,</strong></span> <span class='ocrx_word' id='word_1_275' title='bbox 1573 2425 1671 2496; x_wconf 90' lang='lat' dir='ltr'><strong>qui</strong></span> <span class='ocrx_word' id='word_1_276' title='bbox 1695 2425 1792 2483; x_wconf 90' lang='lat' dir='ltr'><strong>diu</strong></span> <span class='ocrx_word' id='word_1_277' title='bbox 1818 2427 2074 2482; x_wconf 89' lang='lat' dir='ltr'><strong>Saxones</strong></span> 
     </span>
    </p>
   </div>
   <div class='ocr_carea' id='block_1_42' title="bbox 432 2495 2067 2586">
    <p class='ocr_par' dir='ltr' id='par_1_42' title="bbox 432 2495 2067 2586">
     <span class='ocr_line' id='line_1_42' title="bbox 432 2495 2067 2586; baseline 0.009 -32"><span class='ocrx_word' id='word_1_278' title='bbox 432 2495 506 2554; x_wconf 87' lang='lat' dir='ltr'><strong>ad</strong></span> <span class='ocrx_word' id='word_1_279' title='bbox 537 2500 913 2562; x_wconf 90' lang='lat' dir='ltr'><strong>rebellionem</strong></span> <span class='ocrx_word' id='word_1_280' title='bbox 956 2519 1384 2584; x_wconf 91' lang='lat' dir='ltr'><strong>permoverant,</strong></span> <span class='ocrx_word' id='word_1_281' title='bbox 1421 2495 1786 2586; x_wconf 86' lang='lat' dir='ltr'><strong>perobsides</strong></span> <span class='ocrx_word' id='word_1_282' title='bbox 1824 2513 2067 2586; x_wconf 88' lang='lat' dir='ltr'><strong>recepti,</strong></span> 
     </span>
    </p>
   </div>
   <div class='ocr_carea' id='block_1_43' title="bbox 432 2587 2066 2681">
    <p class='ocr_par' dir='ltr' id='par_1_43' title="bbox 432 2587 2066 2681">
     <span class='ocr_line' id='line_1_43' title="bbox 432 2587 2066 2681; baseline 0.012 -41"><span class='ocrx_word' id='word_1_283' title='bbox 432 2587 725 2681; x_wconf 75' lang='lat' dir='ltr'><strong>atqueeis</strong></span> <span class='ocrx_word' id='word_1_284' title='bbox 756 2593 1166 2666; x_wconf 88' lang='lat' dir='ltr'><strong>benignissime</strong></span> <span class='ocrx_word' id='word_1_285' title='bbox 1197 2615 1227 2656; x_wconf 92' lang='lat' dir='ltr'><strong>a</strong></span> <span class='ocrx_word' id='word_1_286' title='bbox 1251 2602 1347 2672; x_wconf 93' lang='lat' dir='ltr'><strong>pio</strong></span> <span class='ocrx_word' id='word_1_287' title='bbox 1376 2617 1514 2674; x_wconf 87' lang='lat' dir='ltr'><strong>rege</strong></span> <span class='ocrx_word' id='word_1_288' title='bbox 1544 2603 1786 2676; x_wconf 88' lang='lat' dir='ltr'><strong>perﬁdia</strong></span> <span class='ocrx_word' id='word_1_289' title='bbox 1820 2600 2066 2672; x_wconf 87' lang='lat' dir='ltr'><strong>indulta,</strong></span> 
     </span>
    </p>
   </div>
   <div class='ocr_carea' id='block_1_44' title="bbox 432 2676 2074 2764">
    <p class='ocr_par' dir='ltr' id='par_1_44' title="bbox 432 2676 2074 2764">
     <span class='ocr_line' id='line_1_44' title="bbox 432 2676 2074 2764; baseline 0.009 -33"><span class='ocrx_word' id='word_1_290' title='bbox 432 2676 804 2764; x_wconf 77' lang='lat' dir='ltr'><strong>inAttiniaco</strong></span> <span class='ocrx_word' id='word_1_291' title='bbox 827 2683 1109 2756; x_wconf 89' lang='lat' dir='ltr'><strong>baptizati</strong></span> <span class='ocrx_word' id='word_1_292' title='bbox 1137 2690 1442 2748; x_wconf 90' lang='lat' dir='ltr'><strong>maximam</strong></span> <span class='ocrx_word' id='word_1_293' title='bbox 1467 2707 1666 2764; x_wconf 90' lang='lat' dir='ltr'><strong>pacem</strong></span> <span class='ocrx_word' id='word_1_294' title='bbox 1692 2691 1912 2762; x_wconf 90' lang='lat' dir='ltr'><strong>regioni</strong></span> <span class='ocrx_word' id='word_1_295' title='bbox 1937 2704 2074 2747; x_wconf 94' lang='lat' dir='ltr'><strong>con-</strong></span> 
     </span>
    </p>
   </div>
   <div class='ocr_carea' id='block_1_45' title="bbox 430 2759 2072 2852">
    <p class='ocr_par' dir='ltr' id='par_1_45' title="bbox 430 2759 2072 2852">
     <span class='ocr_line' id='line_1_45' title="bbox 430 2759 2072 2852; baseline 0.012 -38"><span class='ocrx_word' id='word_1_296' title='bbox 430 2759 714 2852; x_wconf 78' lang='lat' dir='ltr'><strong>tulerunt.</strong></span> <span class='ocrx_word' id='word_1_297' title='bbox 741 2771 1058 2846; x_wconf 88' lang='lat' dir='ltr'><strong>Arichisus,</strong></span> <span class='ocrx_word' id='word_1_298' title='bbox 1085 2777 1200 2834; x_wconf 91' lang='lat' dir='ltr'><strong>duo</strong></span> <span class='ocrx_word' id='word_1_299' title='bbox 1223 2759 1785 2852; x_wconf 68' lang='lat' dir='ltr'><strong>Beneventanorum,</strong></span> <span class='ocrx_word' id='word_1_300' title='bbox 1810 2793 1946 2850; x_wconf 90' lang='lat' dir='ltr'><strong>rege</strong></span> <span class='ocrx_word' id='word_1_301' title='bbox 1971 2779 2072 2834; x_wconf 91' lang='lat' dir='ltr'><strong>Ca-</strong></span> 
     </span>
    </p>
   </div>
   <div class='ocr_carea' id='block_1_46' title="bbox 431 2847 2070 2941">
    <p class='ocr_par' dir='ltr' id='par_1_46' title="bbox 431 2847 2070 2941">
     <span class='ocr_line' id='line_1_46' title="bbox 431 2847 2070 2941; baseline -0.004 -13"><span class='ocrx_word' id='word_1_302' title='bbox 431 2847 557 2941; x_wconf 64' lang='grc' dir='ltr'><strong>Ῐ⁰¹⁰</strong></span> <span class='ocrx_word' id='word_1_303' title='bbox 587 2855 738 2926; x_wconf 69' lang='grc' dir='ltr'><strong>θριιά</strong></span> <span class='ocrx_word' id='word_1_304' title='bbox 769 2859 1002 2919; x_wconf 81' lang='lat' dir='ltr'><strong>Romam</strong></span> <span class='ocrx_word' id='word_1_305' title='bbox 1054 2865 1262 2938; x_wconf 89' lang='lat' dir='ltr'><strong>posito,</strong></span> <span class='ocrx_word' id='word_1_306' title='bbox 1297 2883 1428 2926; x_wconf 91' lang='lat' dir='ltr'><strong>cum</strong></span> <span class='ocrx_word' id='word_1_307' title='bbox 1480 2871 1702 2941; x_wconf 89' lang='lat' dir='ltr'><strong>magnis</strong></span> <span class='ocrx_word' id='word_1_308' title='bbox 1731 2847 2070 2926; x_wconf 79' lang='lat' dir='ltr'><strong>muneribus</strong></span> 
     </span>
    </p>
   </div>
   <div class='ocr_carea' id='block_1_47' title="bbox 430 2938 2072 3029">
    <p class='ocr_par' dir='ltr' id='par_1_47' title="bbox 430 2938 2072 3029">
     <span class='ocr_line' id='line_1_47' title="bbox 430 2938 2072 3029; baseline 0.013 -35"><span class='ocrx_word' id='word_1_309' title='bbox 430 2938 770 3001; x_wconf 83' lang='lat' dir='ltr'><strong>Romoldum</strong></span> <span class='ocrx_word' id='word_1_310' title='bbox 794 2947 973 3007; x_wconf 76' lang='lat' dir='ltr'><strong>illium</strong></span> <span class='ocrx_word' id='word_1_311' title='bbox 995 2967 1162 3010; x_wconf 92' lang='lat' dir='ltr'><strong>suum</strong></span> <span class='ocrx_word' id='word_1_312' title='bbox 1185 2956 1360 3028; x_wconf 89' lang='lat' dir='ltr'><strong>misit,</strong></span> <span class='ocrx_word' id='word_1_313' title='bbox 1379 2938 1682 3029; x_wconf 75' lang='lat' dir='ltr'><strong>postulans</strong></span> <span class='ocrx_word' id='word_1_314' title='bbox 1703 2973 1773 3015; x_wconf 92' lang='lat' dir='ltr'><strong>ne</strong></span> <span class='ocrx_word' id='word_1_315' title='bbox 1795 2957 1944 3014; x_wconf 88' lang='lat' dir='ltr'><strong>infra</strong></span> <span class='ocrx_word' id='word_1_316' title='bbox 1967 2957 2072 3014; x_wconf 81' lang='lat' dir='ltr'><strong>du-</strong></span> 
     </span>
    </p>
   </div>
   <div class='ocr_carea' id='block_1_48' title="bbox 2185 1808 3826 1882">
    <p class='ocr_par' dir='ltr' id='par_1_48' title="bbox 2185 1808 3826 1882">
     <span class='ocr_line' id='line_1_48' title="bbox 2185 1808 3826 1882; baseline -0.001 -18"><span class='ocrx_word' id='word_1_317' title='bbox 2185 1808 2336 1864; x_wconf 91' lang='lat' dir='ltr'><strong>mani</strong></span> <span class='ocrx_word' id='word_1_318' title='bbox 2383 1809 2691 1882; x_wconf 89' lang='lat' dir='ltr'><strong>deductus,</strong></span> <span class='ocrx_word' id='word_1_319' title='bbox 2723 1810 2990 1868; x_wconf 67' lang='lat' dir='ltr'><strong>haeresim</strong></span> <span class='ocrx_word' id='word_1_320' title='bbox 3035 1810 3231 1867; x_wconf 87' lang='lat' dir='ltr'><strong>verbis</strong></span> <span class='ocrx_word' id='word_1_321' title='bbox 3267 1809 3632 1866; x_wconf 91' lang='lat' dir='ltr'><strong>solummodo</strong></span> <span class='ocrx_word' id='word_1_322' title='bbox 3662 1808 3826 1866; x_wconf 89' lang='lat' dir='ltr'><strong>abdi-</strong></span> 
     </span>
    </p>
   </div>
   <div class='ocr_carea' id='block_1_49' title="bbox 2181 1897 3821 1970">
    <p class='ocr_par' dir='ltr' id='par_1_49' title="bbox 2181 1897 3821 1970">
     <span class='ocr_line' id='line_1_49' title="bbox 2181 1897 3821 1970; baseline 0.001 -18"><span class='ocrx_word' id='word_1_323' title='bbox 2181 1897 2356 1953; x_wconf 89' lang='lat' dir='ltr'><strong>cavit.</strong></span> <span class='ocrx_word' id='word_1_324' title='bbox 2409 1897 2676 1970; x_wconf 87' lang='lat' dir='ltr'><strong>Synodus</strong></span> <span class='ocrx_word' id='word_1_325' title='bbox 2719 1898 2929 1956; x_wconf 86' lang='lat' dir='ltr'><strong>iterum</strong></span> <span class='ocrx_word' id='word_1_326' title='bbox 2979 1899 3128 1956; x_wconf 81' lang='lat' dir='ltr'><strong>facta</strong></span> <span class='ocrx_word' id='word_1_327' title='bbox 3173 1902 3379 1956; x_wconf 89' lang='lat' dir='ltr'><strong>contra</strong></span> <span class='ocrx_word' id='word_1_328' title='bbox 3423 1897 3821 1970; x_wconf 89' lang='lat' dir='ltr'><strong>supradictam</strong></span> 
     </span>
    </p>
   </div>
   <div class='ocr_carea' id='block_1_50' title="bbox 2183 1981 3826 2059">
    <p class='ocr_par' dir='ltr' id='par_1_50' title="bbox 2183 1981 3826 2059">
     <span class='ocr_line' id='line_1_50' title="bbox 2183 1981 3826 2059; baseline 0.003 -21"><span class='ocrx_word' id='word_1_329' title='bbox 2183 1981 2447 2041; x_wconf 72' lang='lat' dir='ltr'><strong>haeresim</strong></span> <span class='ocrx_word' id='word_1_330' title='bbox 2477 1985 2531 2040; x_wconf 93' lang='lat' dir='ltr'><strong>in</strong></span> <span class='ocrx_word' id='word_1_331' title='bbox 2565 1987 3001 2058; x_wconf 87' lang='lat' dir='ltr'><strong>Francanofurt,</strong></span> <span class='ocrx_word' id='word_1_332' title='bbox 3047 1987 3256 2058; x_wconf 89' lang='lat' dir='ltr'><strong>legatis</strong></span> <span class='ocrx_word' id='word_1_333' title='bbox 3282 1985 3620 2059; x_wconf 59' lang='lat' dir='ltr'><strong>apostolica</strong></span> <span class='ocrx_word' id='word_1_334' title='bbox 3665 1985 3826 2043; x_wconf 87' lang='lat' dir='ltr'><strong>sedis</strong></span> 
     </span>
    </p>
   </div>
   <div class='ocr_carea' id='block_1_51' title="bbox 2183 2072 3828 2148">
    <p class='ocr_par' dir='ltr' id='par_1_51' title="bbox 2183 2072 3828 2148">
     <span class='ocr_line' id='line_1_51' title="bbox 2183 2072 3828 2148; baseline 0.002 -20"><span class='ocrx_word' id='word_1_335' title='bbox 2183 2072 2654 2146; x_wconf 65' lang='lat' dir='ltr'><strong>praasidentibus,</strong></span> <span class='ocrx_word' id='word_1_336' title='bbox 2677 2074 3106 2147; x_wconf 84' lang='lat' dir='ltr'><strong>Theophylacto</strong></span> <span class='ocrx_word' id='word_1_337' title='bbox 3127 2079 3186 2132; x_wconf 92' lang='lat' dir='ltr'><strong>et</strong></span> <span class='ocrx_word' id='word_1_338' title='bbox 3210 2075 3502 2148; x_wconf 89' lang='lat' dir='ltr'><strong>Stephano</strong></span> <span class='ocrx_word' id='word_1_339' title='bbox 3531 2074 3828 2148; x_wconf 87' lang='lat' dir='ltr'><strong>episc0pis</strong></span> 
     </span>
    </p>
   </div>
   <div class='ocr_carea' id='block_1_52' title="bbox 2183 2163 3827 2236">
    <p class='ocr_par' dir='ltr' id='par_1_52' title="bbox 2183 2163 3827 2236">
     <span class='ocr_line' id='line_1_52' title="bbox 2183 2163 3827 2236; baseline 0.002 -20"><span class='ocrx_word' id='word_1_340' title='bbox 2183 2163 2538 2220; x_wconf 84' lang='lat' dir='ltr'><strong>auctoritate</strong></span> <span class='ocrx_word' id='word_1_341' title='bbox 2585 2169 2918 2222; x_wconf 88' lang='lat' dir='ltr'><strong>sanctorum</strong></span> <span class='ocrx_word' id='word_1_342' title='bbox 2956 2167 3215 2236; x_wconf 90' lang='lat' dir='ltr'><strong>Patrum,</strong></span> <span class='ocrx_word' id='word_1_343' title='bbox 3245 2165 3550 2222; x_wconf 88' lang='lat' dir='ltr'><strong>convictus</strong></span> <span class='ocrx_word' id='word_1_344' title='bbox 3576 2167 3634 2220; x_wconf 87' lang='lat' dir='ltr'><strong>et</strong></span> <span class='ocrx_word' id='word_1_345' title='bbox 3665 2163 3827 2221; x_wconf 90' lang='lat' dir='ltr'><strong>dam-</strong></span> 
     </span>
    </p>
   </div>
   <div class='ocr_carea' id='block_1_53' title="bbox 2183 2252 3826 2325">
    <p class='ocr_par' dir='ltr' id='par_1_53' title="bbox 2183 2252 3826 2325">
     <span class='ocr_line' id='line_1_53' title="bbox 2183 2252 3826 2325; baseline 0.002 -18"><span class='ocrx_word' id='word_1_346' title='bbox 2183 2255 2355 2308; x_wconf 89' lang='lat' dir='ltr'><strong>natus</strong></span> <span class='ocrx_word' id='word_1_347' title='bbox 2377 2256 2464 2308; x_wconf 91' lang='lat' dir='ltr'><strong>est</strong></span> <span class='ocrx_word' id='word_1_348' title='bbox 2489 2252 2702 2310; x_wconf 90' lang='lat' dir='ltr'><strong>iterum</strong></span> <span class='ocrx_word' id='word_1_349' title='bbox 2715 2252 2875 2310; x_wconf 89' lang='lat' dir='ltr'><strong>Felix</strong></span> <span class='ocrx_word' id='word_1_350' title='bbox 2896 2269 3027 2311; x_wconf 91' lang='lat' dir='ltr'><strong>cum</strong></span> <span class='ocrx_word' id='word_1_351' title='bbox 3049 2269 3253 2311; x_wconf 89' lang='lat' dir='ltr'><strong>errore</strong></span> <span class='ocrx_word' id='word_1_352' title='bbox 3275 2269 3400 2325; x_wconf 91' lang='lat' dir='ltr'><strong>suo,</strong></span> <span class='ocrx_word' id='word_1_353' title='bbox 3420 2257 3826 2325; x_wconf 89' lang='lat' dir='ltr'><strong>perpetuoque</strong></span> 
     </span>
    </p>
   </div>
   <div class='ocr_carea' id='block_1_54' title="bbox 2183 2340 3947 2414">
    <p class='ocr_par' dir='ltr' id='par_1_54' title="bbox 2183 2340 3947 2414">
     <span class='ocr_line' id='line_1_54' title="bbox 2183 2340 3947 2414; baseline -0.001 -18"><span class='ocrx_word' id='word_1_354' title='bbox 2183 2340 2391 2398; x_wconf 88' lang='lat' dir='ltr'><strong>exsilio</strong></span> <span class='ocrx_word' id='word_1_355' title='bbox 2415 2341 2567 2413; x_wconf 87' lang='lat' dir='ltr'><strong>apud</strong></span> <span class='ocrx_word' id='word_1_356' title='bbox 2591 2343 2931 2412; x_wconf 76' lang='lat' dir='ltr'><strong>Lugdunum</strong></span> <span class='ocrx_word' id='word_1_357' title='bbox 2955 2342 3254 2414; x_wconf 89' lang='lat' dir='ltr'><strong>relegatus</strong></span> <span class='ocrx_word' id='word_1_358' title='bbox 3272 2347 3360 2399; x_wconf 90' lang='lat' dir='ltr'><strong>est</strong></span> <span class='ocrx_word' id='word_1_359' title='bbox 3385 2360 3398 2398; x_wconf 89' lang='lat'><strong>:</strong></span> <span class='ocrx_word' id='word_1_360' title='bbox 3425 2356 3595 2414; x_wconf 91' lang='lat' dir='ltr'><strong>quem</strong></span> <span class='ocrx_word' id='word_1_361' title='bbox 3627 2342 3826 2398; x_wconf 86' lang='lat' dir='ltr'><strong>ferunt</strong></span> <span class='ocrx_word' id='word_1_362' title='bbox 3941 2390 3947 2394; x_wconf 82' lang='lat'><strong>.</strong></span> 
     </span>
    </p>
   </div>
   <div class='ocr_carea' id='block_1_55' title="bbox 2183 2428 3827 2503">
    <p class='ocr_par' dir='ltr' id='par_1_55' title="bbox 2183 2428 3827 2503">
     <span class='ocr_line' id='line_1_55' title="bbox 2183 2428 3827 2503; baseline 0.003 -20"><span class='ocrx_word' id='word_1_363' title='bbox 2183 2428 2236 2483; x_wconf 93' lang='lat' dir='ltr'><strong>in</strong></span> <span class='ocrx_word' id='word_1_364' title='bbox 2268 2428 2473 2485; x_wconf 92' lang='lat' dir='ltr'><strong>eodem</strong></span> <span class='ocrx_word' id='word_1_365' title='bbox 2503 2429 2630 2502; x_wconf 90' lang='lat' dir='ltr'><strong>ipso</strong></span> <span class='ocrx_word' id='word_1_366' title='bbox 2657 2446 2764 2488; x_wconf 90' lang='lat' dir='ltr'><strong>suo</strong></span> <span class='ocrx_word' id='word_1_367' title='bbox 2790 2445 2994 2488; x_wconf 90' lang='lat' dir='ltr'><strong>errore</strong></span> <span class='ocrx_word' id='word_1_368' title='bbox 3024 2435 3336 2489; x_wconf 91' lang='lat' dir='ltr'><strong>mortuum.</strong></span> <span class='ocrx_word' id='word_1_369' title='bbox 3365 2431 3476 2488; x_wconf 92' lang='lat' dir='ltr'><strong>Sed</strong></span> <span class='ocrx_word' id='word_1_370' title='bbox 3509 2429 3827 2503; x_wconf 81' lang='lat' dir='ltr'><strong>pseudosy-</strong></span> 
     </span>
    </p>
   </div>
   <div class='ocr_carea' id='block_1_56' title="bbox 2182 2516 3827 2592">
    <p class='ocr_par' dir='ltr' id='par_1_56' title="bbox 2182 2516 3827 2592">
     <span class='ocr_line' id='line_1_56' title="bbox 2182 2516 3827 2592; baseline 0.001 -19"><span class='ocrx_word' id='word_1_371' title='bbox 2182 2516 2372 2574; x_wconf 90' lang='lat' dir='ltr'><strong>nodus</strong></span> <span class='ocrx_word' id='word_1_372' title='bbox 2420 2533 2589 2590; x_wconf 88' lang='lat' dir='ltr'><strong>quam</strong></span> <span class='ocrx_word' id='word_1_373' title='bbox 2643 2520 2958 2592; x_wconf 89' lang='lat' dir='ltr'><strong>Septimam</strong></span> <span class='ocrx_word' id='word_1_374' title='bbox 3008 2520 3189 2578; x_wconf 75' lang='lat' dir='ltr'><strong>Graeci</strong></span> <span class='ocrx_word' id='word_1_375' title='bbox 3235 2520 3553 2592; x_wconf 86' lang='lat' dir='ltr'><strong>appellant,</strong></span> <span class='ocrx_word' id='word_1_376' title='bbox 3587 2534 3692 2592; x_wconf 90' lang='lat' dir='ltr'><strong>pro</strong></span> <span class='ocrx_word' id='word_1_377' title='bbox 3721 2517 3827 2575; x_wconf 82' lang='lat' dir='ltr'><strong>ad-</strong></span> 
     </span>
    </p>
   </div>
   <div class='ocr_carea' id='block_1_57' title="bbox 2181 2605 3831 2680">
    <p class='ocr_par' dir='ltr' id='par_1_57' title="bbox 2181 2605 3831 2680">
     <span class='ocr_line' id='line_1_57' title="bbox 2181 2605 3831 2680; baseline 0.001 -19"><span class='ocrx_word' id='word_1_378' title='bbox 2181 2605 2418 2663; x_wconf 90' lang='lat' dir='ltr'><strong>orandis</strong></span> <span class='ocrx_word' id='word_1_379' title='bbox 2433 2605 2781 2678; x_wconf 90' lang='lat' dir='ltr'><strong>imaginibus</strong></span> <span class='ocrx_word' id='word_1_380' title='bbox 2794 2607 3058 2665; x_wconf 89' lang='lat' dir='ltr'><strong>abdicata</strong></span> <span class='ocrx_word' id='word_1_381' title='bbox 3078 2607 3532 2680; x_wconf 89' lang='lat' dir='ltr'><strong>penitus.Tudun</strong></span> <span class='ocrx_word' id='word_1_382' title='bbox 3549 2606 3831 2680; x_wconf 89' lang='lat' dir='ltr'><strong>princeps</strong></span> 
     </span>
    </p>
   </div>
   <div class='ocr_carea' id='block_1_58' title="bbox 2181 2693 3824 2768">
    <p class='ocr_par' dir='ltr' id='par_1_58' title="bbox 2181 2693 3824 2768">
     <span class='ocr_line' id='line_1_58' title="bbox 2181 2693 3824 2768; baseline 0.001 -20"><span class='ocrx_word' id='word_1_383' title='bbox 2181 2694 2502 2752; x_wconf 87' lang='lat' dir='ltr'><strong>Avarorum</strong></span> <span class='ocrx_word' id='word_1_384' title='bbox 2535 2696 2605 2753; x_wconf 92' lang='lat' dir='ltr'><strong>ad</strong></span> <span class='ocrx_word' id='word_1_385' title='bbox 2647 2695 2802 2768; x_wconf 90' lang='lat' dir='ltr'><strong>pium</strong></span> <span class='ocrx_word' id='word_1_386' title='bbox 2833 2711 3028 2768; x_wconf 90' lang='lat' dir='ltr'><strong>regem</strong></span> <span class='ocrx_word' id='word_1_387' title='bbox 3070 2695 3338 2754; x_wconf 91' lang='lat' dir='ltr'><strong>Carolum</strong></span> <span class='ocrx_word' id='word_1_388' title='bbox 3370 2711 3430 2754; x_wconf 91' lang='lat' dir='ltr'><strong>se</strong></span> <span class='ocrx_word' id='word_1_389' title='bbox 3457 2693 3727 2766; x_wconf 86' lang='lat' dir='ltr'><strong>contulit,</strong></span> <span class='ocrx_word' id='word_1_390' title='bbox 3759 2698 3824 2751; x_wconf 90' lang='lat' dir='ltr'><strong>et</strong></span> 
     </span>
    </p>
   </div>
   <div class='ocr_carea' id='block_1_59' title="bbox 2177 2783 3824 2858">
    <p class='ocr_par' dir='ltr' id='par_1_59' title="bbox 2177 2783 3824 2858">
     <span class='ocr_line' id='line_1_59' title="bbox 2177 2783 3824 2858; baseline 0 -18"><span class='ocrx_word' id='word_1_391' title='bbox 2177 2797 2307 2840; x_wconf 88' lang='lat' dir='ltr'><strong>cum</strong></span> <span class='ocrx_word' id='word_1_392' title='bbox 2337 2783 2552 2856; x_wconf 88' lang='lat' dir='ltr'><strong>pepulo</strong></span> <span class='ocrx_word' id='word_1_393' title='bbox 2577 2800 2682 2842; x_wconf 91' lang='lat' dir='ltr'><strong>suo</strong></span> <span class='ocrx_word' id='word_1_394' title='bbox 2699 2785 2966 2856; x_wconf 90' lang='lat' dir='ltr'><strong>credens,</strong></span> <span class='ocrx_word' id='word_1_395' title='bbox 2992 2785 3344 2858; x_wconf 88' lang='lat' dir='ltr'><strong>baptizatus,</strong></span> <span class='ocrx_word' id='word_1_396' title='bbox 3372 2784 3707 2842; x_wconf 90' lang='lat' dir='ltr'><strong>muneribus</strong></span> <span class='ocrx_word' id='word_1_397' title='bbox 3727 2797 3824 2840; x_wconf 88' lang='lat' dir='ltr'><strong>re-</strong></span> 
     </span>
    </p>
   </div>
   <div class='ocr_carea' id='block_1_60' title="bbox 2177 2873 3824 2946">
    <p class='ocr_par' dir='ltr' id='par_1_60' title="bbox 2177 2873 3824 2946">
     <span class='ocr_line' id='line_1_60' title="bbox 2177 2873 3824 2946; baseline 0.001 -17"><span class='ocrx_word' id='word_1_398' title='bbox 2177 2873 2289 2944; x_wconf 91' lang='lat' dir='ltr'><strong>giis</strong></span> <span class='ocrx_word' id='word_1_399' title='bbox 2317 2873 2586 2946; x_wconf 88' lang='lat' dir='ltr'><strong>donatus,</strong></span> <span class='ocrx_word' id='word_1_400' title='bbox 2619 2873 2809 2932; x_wconf 88' lang='lat' dir='ltr'><strong>ﬁdelis</strong></span> <span class='ocrx_word' id='word_1_401' title='bbox 2831 2874 3004 2932; x_wconf 89' lang='lat' dir='ltr'><strong>rediit</strong></span> <span class='ocrx_word' id='word_1_402' title='bbox 3031 2893 3044 2930; x_wconf 90' lang='lat'><strong>:</strong></span> <span class='ocrx_word' id='word_1_403' title='bbox 3078 2874 3179 2932; x_wconf 91' lang='lat' dir='ltr'><strong>sed</strong></span> <span class='ocrx_word' id='word_1_404' title='bbox 3203 2877 3260 2930; x_wconf 89' lang='lat' dir='ltr'><strong>et</strong></span> <span class='ocrx_word' id='word_1_405' title='bbox 3283 2873 3560 2932; x_wconf 87' lang='lat' dir='ltr'><strong>Herricus</strong></span> <span class='ocrx_word' id='word_1_406' title='bbox 3583 2873 3824 2945; x_wconf 82' lang='lat' dir='ltr'><strong>Foroju-</strong></span> 
     </span>
    </p>
   </div>
   <div class='ocr_carea' id='block_1_61' title="bbox 2179 2961 3825 3035">
    <p class='ocr_par' dir='ltr' id='par_1_61' title="bbox 2179 2961 3825 3035">
     <span class='ocr_line' id='line_1_61' title="bbox 2179 2961 3825 3035; baseline 0.002 -19"><span class='ocrx_word' id='word_1_407' title='bbox 2179 2961 2379 3021; x_wconf 90' lang='lat' dir='ltr'><strong>liensis</strong></span> <span class='ocrx_word' id='word_1_408' title='bbox 2405 2964 2545 3035; x_wconf 88' lang='lat' dir='ltr'><strong>dux,</strong></span> <span class='ocrx_word' id='word_1_409' title='bbox 2575 2963 2730 3020; x_wconf 91' lang='lat' dir='ltr'><strong>civili</strong></span> <span class='ocrx_word' id='word_1_410' title='bbox 2762 2963 2916 3020; x_wconf 91' lang='lat' dir='ltr'><strong>bello</strong></span> <span class='ocrx_word' id='word_1_411' title='bbox 2945 2963 3099 3030; x_wconf 72' lang='lat' dir='ltr'><strong>inter</strong></span> <span class='ocrx_word' id='word_1_412' title='bbox 3120 2976 3182 3020; x_wconf 90' lang='lat' dir='ltr'><strong>se</strong></span> <span class='ocrx_word' id='word_1_413' title='bbox 3224 2966 3282 3018; x_wconf 92' lang='lat' dir='ltr'><strong>et</strong></span> <span class='ocrx_word' id='word_1_414' title='bbox 3321 2961 3493 3020; x_wconf 90' lang='lat' dir='ltr'><strong>vietis</strong></span> <span class='ocrx_word' id='word_1_415' title='bbox 3520 2964 3579 3018; x_wconf 91' lang='lat' dir='ltr'><strong>et</strong></span> <span class='ocrx_word' id='word_1_416' title='bbox 3609 2963 3825 3020; x_wconf 90' lang='lat' dir='ltr'><strong>occisis</strong></span> 
     </span>
    </p>
   </div>
   <div class='ocr_carea' id='block_1_62' title="bbox 427 3034 3825 3141">
    <p class='ocr_par' dir='ltr' id='par_1_62' title="bbox 427 3034 3825 3141">
     <span class='ocr_line' id='line_1_62' title="bbox 427 3034 3825 3141; baseline 0.004 -50"><span class='ocrx_word' id='word_1_417' title='bbox 427 3034 645 3141; x_wconf 43' lang='lat' dir='ltr'><strong>filium.</strong></span> <span class='ocrx_word' id='word_1_418' title='bbox 672 3035 1210 3141; x_wconf 65' lang='lat' dir='ltr'><strong>Depcventanorum</strong></span> <span class='ocrx_word' id='word_1_419' title='bbox 1259 3045 1550 3104; x_wconf 76' lang='lat' dir='ltr'><strong>introiret.</strong></span> <span class='ocrx_word' id='word_1_420' title='bbox 1587 3048 1696 3104; x_wconf 90' lang='lat' dir='ltr'><strong>Sed</strong></span> <span class='ocrx_word' id='word_1_421' title='bbox 1747 3061 1879 3104; x_wconf 91' lang='lat' dir='ltr'><strong>cum</strong></span> <span class='ocrx_word' id='word_1_422' title='bbox 1911 3049 2067 3102; x_wconf 89' lang='lat' dir='ltr'><strong>esset</strong></span> <span class='ocrx_word' id='word_1_423' title='bbox 2099 3077 2149 3141; x_wconf 69' lang='grc' dir='ltr'>Ο</span> <span class='ocrx_word' id='word_1_424' title='bbox 2180 3050 2403 3121; x_wconf 87' lang='lat' dir='ltr'><strong>Avaris,</strong></span> <span class='ocrx_word' id='word_1_425' title='bbox 2433 3034 2609 3108; x_wconf 77' lang='lat' dir='ltr'><strong>miSso</strong></span> <span class='ocrx_word' id='word_1_426' title='bbox 2629 3051 2966 3108; x_wconf 89' lang='lat' dir='ltr'><strong>Wonomiro</strong></span> <span class='ocrx_word' id='word_1_427' title='bbox 2990 3049 3438 3120; x_wconf 89' lang='lat' dir='ltr'><strong>Clavobringum</strong></span> <span class='ocrx_word' id='word_1_428' title='bbox 3459 3049 3652 3121; x_wconf 84' lang='lat' dir='ltr'><strong>gentis</strong></span> <span class='ocrx_word' id='word_1_429' title='bbox 3672 3051 3825 3106; x_wconf 87' lang='lat' dir='ltr'><strong>Ava-</strong></span> 
     </span>
    </p>
   </div>
   <div class='ocr_carea' id='block_1_63' title="bbox 430 3113 2070 3206">
    <p class='ocr_par' dir='ltr' id='par_1_63' title="bbox 430 3113 2070 3206">
     <span class='ocr_line' id='line_1_63' title="bbox 430 3113 2070 3206; baseline 0.012 -35"><span class='ocrx_word' id='word_1_430' title='bbox 430 3113 582 3175; x_wconf 91' lang='lat' dir='ltr'><strong>idem</strong></span> <span class='ocrx_word' id='word_1_431' title='bbox 615 3123 918 3186; x_wconf 88' lang='lat' dir='ltr'><strong>Arichisus</strong></span> <span class='ocrx_word' id='word_1_432' title='bbox 947 3137 1236 3204; x_wconf 72' lang='lat' dir='ltr'><strong>suspectae</strong></span> <span class='ocrx_word' id='word_1_433' title='bbox 1267 3135 1400 3192; x_wconf 90' lang='lat' dir='ltr'><strong>ﬁdei</strong></span> <span class='ocrx_word' id='word_1_434' title='bbox 1431 3137 1726 3206; x_wconf 88' lang='lat' dir='ltr'><strong>gloriosus</strong></span> <span class='ocrx_word' id='word_1_435' title='bbox 1757 3151 1861 3192; x_wconf 87' lang='lat' dir='ltr'><strong>rex</strong></span> <span class='ocrx_word' id='word_1_436' title='bbox 1891 3137 2070 3192; x_wconf 89' lang='lat' dir='ltr'><strong>Bene-</strong></span> 
     </span>
    </p>
   </div>
   <div class='ocr_carea' id='block_1_64' title="bbox 429 3211 2070 3302">
    <p class='ocr_par' dir='ltr' id='par_1_64' title="bbox 429 3211 2070 3302">
     <span class='ocr_line' id='line_1_64' title="bbox 429 3211 2070 3302; baseline 0.012 -43"><span class='ocrx_word' id='word_1_437' title='bbox 429 3211 668 3302; x_wconf 73' lang='lat' dir='ltr'><strong>ventum</strong></span> <span class='ocrx_word' id='word_1_438' title='bbox 700 3213 1114 3302; x_wconf 80' lang='lat' dir='ltr'><strong>proﬁciscitur.</strong></span> <span class='ocrx_word' id='word_1_439' title='bbox 1150 3221 1235 3277; x_wconf 88' lang='lat' dir='ltr'><strong>Ad</strong></span> <span class='ocrx_word' id='word_1_440' title='bbox 1265 3223 1436 3294; x_wconf 88' lang='lat' dir='ltr'><strong>cujus</strong></span> <span class='ocrx_word' id='word_1_441' title='bbox 1457 3224 1768 3281; x_wconf 89' lang='lat' dir='ltr'><strong>adventum</strong></span> <span class='ocrx_word' id='word_1_442' title='bbox 1793 3226 1912 3282; x_wconf 91' lang='lat' dir='ltr'><strong>dux</strong></span> <span class='ocrx_word' id='word_1_443' title='bbox 1945 3223 2070 3282; x_wconf 88' lang='lat' dir='ltr'><strong>Ari-</strong></span> 
     </span>
    </p>
   </div>
   <div class='ocr_carea' id='block_1_65' title="bbox 429 3290 2072 3384">
    <p class='ocr_par' dir='ltr' id='par_1_65' title="bbox 429 3290 2072 3384">
     <span class='ocr_line' id='line_1_65' title="bbox 429 3290 2072 3384; baseline 0.015 -38"><span class='ocrx_word' id='word_1_444' title='bbox 429 3290 644 3366; x_wconf 86' lang='lat' dir='ltr'><strong>chisus,</strong></span> <span class='ocrx_word' id='word_1_445' title='bbox 677 3299 886 3360; x_wconf 91' lang='lat' dir='ltr'><strong>relicto</strong></span> <span class='ocrx_word' id='word_1_446' title='bbox 916 3305 1264 3380; x_wconf 90' lang='lat' dir='ltr'><strong>Benevento,</strong></span> <span class='ocrx_word' id='word_1_447' title='bbox 1300 3290 1522 3368; x_wconf 81' lang='lat' dir='ltr'><strong>Salerni</strong></span> <span class='ocrx_word' id='word_1_448' title='bbox 1563 3327 1626 3369; x_wconf 94' lang='lat' dir='ltr'><strong>se</strong></span> <span class='ocrx_word' id='word_1_449' title='bbox 1657 3313 1919 3384; x_wconf 90' lang='lat' dir='ltr'><strong>reclusit,</strong></span> <span class='ocrx_word' id='word_1_450' title='bbox 1955 3327 2072 3370; x_wconf 89' lang='lat' dir='ltr'><strong>me-</strong></span> 
     </span>
    </p>
   </div>
   <div class='ocr_carea' id='block_1_66' title="bbox 427 3384 2064 3474">
    <p class='ocr_par' dir='ltr' id='par_1_66' title="bbox 427 3384 2064 3474">
     <span class='ocr_line' id='line_1_66' title="bbox 427 3384 2064 3474; baseline 0.013 -37"><span class='ocrx_word' id='word_1_451' title='bbox 427 3384 820 3474; x_wconf 64' lang='lat' dir='ltr'><strong>tuensvidere</strong></span> <span class='ocrx_word' id='word_1_452' title='bbox 845 3391 1048 3450; x_wconf 86' lang='lat' dir='ltr'><strong>faciem</strong></span> <span class='ocrx_word' id='word_1_453' title='bbox 1081 3397 1253 3470; x_wconf 89' lang='lat' dir='ltr'><strong>regis,</strong></span> <span class='ocrx_word' id='word_1_454' title='bbox 1280 3399 1426 3458; x_wconf 90' lang='lat' dir='ltr'><strong>duos</strong></span> <span class='ocrx_word' id='word_1_455' title='bbox 1457 3401 1606 3460; x_wconf 87' lang='lat' dir='ltr'><strong>ﬁlios</strong></span> <span class='ocrx_word' id='word_1_456' title='bbox 1625 3403 1861 3459; x_wconf 89' lang='lat' dir='ltr'><strong>obsides</strong></span> <span class='ocrx_word' id='word_1_457' title='bbox 1882 3401 2064 3474; x_wconf 89' lang='lat' dir='ltr'><strong>dedit,</strong></span> 
     </span>
    </p>
   </div>
   <div class='ocr_carea' id='block_1_67' title="bbox 427 3471 2068 3562">
    <p class='ocr_par' dir='ltr' id='par_1_67' title="bbox 427 3471 2068 3562">
     <span class='ocr_line' id='line_1_67' title="bbox 427 3471 2068 3562; baseline 0.012 -35"><span class='ocrx_word' id='word_1_458' title='bbox 427 3471 769 3534; x_wconf 82' lang='lat' dir='ltr'><strong>Romoldum</strong></span> <span class='ocrx_word' id='word_1_459' title='bbox 799 3485 856 3535; x_wconf 92' lang='lat' dir='ltr'><strong>et</strong></span> <span class='ocrx_word' id='word_1_460' title='bbox 888 3483 1264 3559; x_wconf 87' lang='lat' dir='ltr'><strong>Grimoldum,</strong></span> <span class='ocrx_word' id='word_1_461' title='bbox 1299 3503 1470 3562; x_wconf 89' lang='lat' dir='ltr'><strong>quem</strong></span> <span class='ocrx_word' id='word_1_462' title='bbox 1493 3492 1680 3549; x_wconf 92' lang='lat' dir='ltr'><strong>adhuc</strong></span> <span class='ocrx_word' id='word_1_463' title='bbox 1701 3506 1897 3550; x_wconf 88' lang='lat' dir='ltr'><strong>secum</strong></span> <span class='ocrx_word' id='word_1_464' title='bbox 1929 3471 2068 3548; x_wconf 80' lang='lat' dir='ltr'><strong>reti-</strong></span> 
     </span>
    </p>
   </div>
   <div class='ocr_carea' id='block_1_68' title="bbox 429 3569 2069 3654">
    <p class='ocr_par' dir='ltr' id='par_1_68' title="bbox 429 3569 2069 3654">
     <span class='ocr_line' id='line_1_68' title="bbox 429 3569 2069 3654; baseline 0.009 -30"><span class='ocrx_word' id='word_1_465' title='bbox 429 3569 603 3626; x_wconf 85' lang='lat' dir='ltr'><strong>nebat</strong></span> <span class='ocrx_word' id='word_1_466' title='bbox 625 3586 757 3629; x_wconf 90' lang='lat' dir='ltr'><strong>cum</strong></span> <span class='ocrx_word' id='word_1_467' title='bbox 771 3574 1035 3632; x_wconf 87' lang='lat' dir='ltr'><strong>maximis</strong></span> <span class='ocrx_word' id='word_1_468' title='bbox 1049 3579 1404 3638; x_wconf 88' lang='lat' dir='ltr'><strong>muneribus.</strong></span> <span class='ocrx_word' id='word_1_469' title='bbox 1424 3580 1536 3652; x_wconf 91' lang='lat' dir='ltr'><strong>Sic,</strong></span> <span class='ocrx_word' id='word_1_470' title='bbox 1551 3581 1854 3640; x_wconf 89' lang='lat' dir='ltr'><strong>obsidibus</strong></span> <span class='ocrx_word' id='word_1_471' title='bbox 1868 3595 2069 3654; x_wconf 90' lang='lat' dir='ltr'><strong>recep-</strong></span> 
     </span>
    </p>
   </div>
   <div class='ocr_carea' id='block_1_69' title="bbox 427 3654 2068 3743">
    <p class='ocr_par' dir='ltr' id='par_1_69' title="bbox 427 3654 2068 3743">
     <span class='ocr_line' id='line_1_69' title="bbox 427 3654 2068 3743; baseline 0.01 -31"><span class='ocrx_word' id='word_1_472' title='bbox 427 3654 664 3730; x_wconf 90' lang='lat' dir='ltr'><strong>tis,pius</strong></span> <span class='ocrx_word' id='word_1_473' title='bbox 683 3676 788 3719; x_wconf 87' lang='lat' dir='ltr'><strong>rex</strong></span> <span class='ocrx_word' id='word_1_474' title='bbox 803 3663 1044 3723; x_wconf 89' lang='lat' dir='ltr'><strong>Carolus</strong></span> <span class='ocrx_word' id='word_1_475' title='bbox 1065 3667 1406 3741; x_wconf 87' lang='lat' dir='ltr'><strong>revertitur,</strong></span> <span class='ocrx_word' id='word_1_476' title='bbox 1423 3669 2068 3743; x_wconf 88' lang='lat' dir='ltr'><strong>obstrictisjuramento</strong></span> 
     </span>
    </p>
   </div>
   <div class='ocr_carea' id='block_1_70' title="bbox 429 3745 2066 3831">
    <p class='ocr_par' dir='ltr' id='par_1_70' title="bbox 429 3745 2066 3831">
     <span class='ocr_line' id='line_1_70' title="bbox 429 3745 2066 3831; baseline 0.009 -29"><span class='ocrx_word' id='word_1_477' title='bbox 429 3745 872 3824; x_wconf 87' lang='lat' dir='ltr'><strong>Beneventanis,</strong></span> <span class='ocrx_word' id='word_1_478' title='bbox 891 3767 1022 3811; x_wconf 91' lang='lat' dir='ltr'><strong>cum</strong></span> <span class='ocrx_word' id='word_1_479' title='bbox 1042 3755 1315 3826; x_wconf 85' lang='lat' dir='ltr'><strong>pontifice</strong></span> <span class='ocrx_word' id='word_1_480' title='bbox 1353 3759 1608 3816; x_wconf 86' lang='lat' dir='ltr'><strong>Romano</strong></span> <span class='ocrx_word' id='word_1_481' title='bbox 1630 3762 1832 3816; x_wconf 88' lang='lat' dir='ltr'><strong>sancto</strong></span> <span class='ocrx_word' id='word_1_482' title='bbox 1851 3757 2066 3831; x_wconf 89' lang='lat' dir='ltr'><strong>pascha</strong></span> 
     </span>
    </p>
   </div>
   <div class='ocr_carea' id='block_1_71' title="bbox 424 3833 2070 3920">
    <p class='ocr_par' dir='ltr' id='par_1_71' title="bbox 424 3833 2070 3920">
     <span class='ocr_line' id='line_1_71' title="bbox 424 3833 2070 3920; baseline 0.008 -28"><span class='ocrx_word' id='word_1_483' title='bbox 424 3833 726 3896; x_wconf 88' lang='lat' dir='ltr'><strong>celebrato</strong></span> <span class='ocrx_word' id='word_1_484' title='bbox 737 3841 1228 3903; x_wconf 87' lang='lat' dir='ltr'><strong>Thassilonisduci</strong></span> <span class='ocrx_word' id='word_1_485' title='bbox 1241 3845 1674 3917; x_wconf 78' lang='lat' dir='ltr'><strong>Bajovariarum</strong></span> <span class='ocrx_word' id='word_1_486' title='bbox 1689 3848 1927 3920; x_wconf 88' lang='lat' dir='ltr'><strong>insuper</strong></span> <span class='ocrx_word' id='word_1_487' title='bbox 1941 3848 2070 3905; x_wconf 82' lang='lat' dir='ltr'><strong>mis-</strong></span> 
     </span>
    </p>
   </div>
   <div class='ocr_carea' id='block_1_72' title="bbox 327 3921 2060 4009">
    <p class='ocr_par' dir='ltr' id='par_1_72' title="bbox 327 3921 2060 4009">
     <span class='ocr_line' id='line_1_72' title="bbox 327 3921 2060 4009; baseline 0.006 -28"><span class='ocrx_word' id='word_1_488' title='bbox 327 4001 332 4006; x_wconf 23' lang='grc' dir='ltr'>ι</span> <span class='ocrx_word' id='word_1_489' title='bbox 424 3921 504 3980; x_wconf 90' lang='lat' dir='ltr'><strong>sis</strong></span> <span class='ocrx_word' id='word_1_490' title='bbox 519 3927 796 4000; x_wconf 81' lang='lat' dir='ltr'><strong>recentis,</strong></span> <span class='ocrx_word' id='word_1_491' title='bbox 812 3931 981 4002; x_wconf 87' lang='lat' dir='ltr'><strong>cujus</strong></span> <span class='ocrx_word' id='word_1_492' title='bbox 999 3933 1242 4004; x_wconf 87' lang='lat' dir='ltr'><strong>perﬁdia</strong></span> <span class='ocrx_word' id='word_1_493' title='bbox 1271 3939 1407 3992; x_wconf 92' lang='lat' dir='ltr'><strong>nota</strong></span> <span class='ocrx_word' id='word_1_494' title='bbox 1433 3937 1644 4008; x_wconf 89' lang='lat' dir='ltr'><strong>passim</strong></span> <span class='ocrx_word' id='word_1_495' title='bbox 1666 3936 2021 4009; x_wconf 88' lang='lat' dir='ltr'><strong>vulgabatur</strong></span> <span class='ocrx_word' id='word_1_496' title='bbox 2045 3953 2060 3991; x_wconf 90' lang='lat'><strong>:</strong></span> 
     </span>
    </p>
   </div>
   <div class='ocr_carea' id='block_1_73' title="bbox 422 4010 2065 4096">
    <p class='ocr_par' dir='ltr' id='par_1_73' title="bbox 422 4010 2065 4096">
     <span class='ocr_line' id='line_1_73' title="bbox 422 4010 2065 4096; baseline 0.011 -31"><span class='ocrx_word' id='word_1_497' title='bbox 422 4010 734 4085; x_wconf 89' lang='lat' dir='ltr'><strong>interjecto</strong></span> <span class='ocrx_word' id='word_1_498' title='bbox 755 4021 1018 4091; x_wconf 90' lang='lat' dir='ltr'><strong>tempore</strong></span> <span class='ocrx_word' id='word_1_499' title='bbox 1040 4021 1297 4093; x_wconf 89' lang='lat' dir='ltr'><strong>undique</strong></span> <span class='ocrx_word' id='word_1_500' title='bbox 1319 4024 1678 4082; x_wconf 85' lang='lat' dir='ltr'><strong>exercitibus</strong></span> <span class='ocrx_word' id='word_1_501' title='bbox 1700 4025 1876 4096; x_wconf 87' lang='lat' dir='ltr'><strong>regiis</strong></span> <span class='ocrx_word' id='word_1_502' title='bbox 1895 4025 2065 4082; x_wconf 91' lang='lat' dir='ltr'><strong>Thas-</strong></span> 
     </span>
    </p>
   </div>
   <div class='ocr_carea' id='block_1_74' title="bbox 421 4098 2060 4184">
    <p class='ocr_par' dir='ltr' id='par_1_74' title="bbox 421 4098 2060 4184">
     <span class='ocr_line' id='line_1_74' title="bbox 421 4098 2060 4184; baseline 0.007 -28"><span class='ocrx_word' id='word_1_503' title='bbox 421 4098 532 4156; x_wconf 89' lang='lat' dir='ltr'><strong>silo</strong></span> <span class='ocrx_word' id='word_1_504' title='bbox 543 4103 999 4176; x_wconf 89' lang='lat' dir='ltr'><strong>constrictus,ad</strong></span> <span class='ocrx_word' id='word_1_505' title='bbox 1014 4112 1363 4166; x_wconf 89' lang='lat' dir='ltr'><strong>conventum</strong></span> <span class='ocrx_word' id='word_1_506' title='bbox 1379 4111 1674 4182; x_wconf 89' lang='lat' dir='ltr'><strong>publicum</strong></span> <span class='ocrx_word' id='word_1_507' title='bbox 1689 4114 2060 4184; x_wconf 89' lang='lat' dir='ltr'><strong>Francorum,</strong></span> 
     </span>
    </p>
   </div>
   <div class='ocr_carea' id='block_1_75' title="bbox 423 4185 2066 4274">
    <p class='ocr_par' dir='ltr' id='par_1_75' title="bbox 423 4185 2066 4274">
     <span class='ocr_line' id='line_1_75' title="bbox 423 4185 2066 4274; baseline 0.009 -31"><span class='ocrx_word' id='word_1_508' title='bbox 423 4185 788 4262; x_wconf 88' lang='lat' dir='ltr'><strong>aliarumque</strong></span> <span class='ocrx_word' id='word_1_509' title='bbox 811 4196 1074 4266; x_wconf 86' lang='lat' dir='ltr'><strong>gentium</strong></span> <span class='ocrx_word' id='word_1_510' title='bbox 1103 4197 1438 4256; x_wconf 89' lang='lat' dir='ltr'><strong>subditione</strong></span> <span class='ocrx_word' id='word_1_511' title='bbox 1468 4214 1670 4258; x_wconf 92' lang='lat' dir='ltr'><strong>eorum</strong></span> <span class='ocrx_word' id='word_1_512' title='bbox 1697 4201 1814 4272; x_wconf 92' lang='lat' dir='ltr'><strong>jam</strong></span> <span class='ocrx_word' id='word_1_513' title='bbox 1847 4201 2066 4274; x_wconf 88' lang='lat' dir='ltr'><strong>posita-</strong></span> 
     </span>
    </p>
   </div>
   <div class='ocr_carea' id='block_1_76' title="bbox 423 4279 2066 4365">
    <p class='ocr_par' dir='ltr' id='par_1_76' title="bbox 423 4279 2066 4365">
     <span class='ocr_line' id='line_1_76' title="bbox 423 4279 2066 4365; baseline 0.008 -32"><span class='ocrx_word' id='word_1_514' title='bbox 423 4291 572 4365; x_wconf 84' lang='lat' dir='ltr'><strong>rum,</strong></span> <span class='ocrx_word' id='word_1_515' title='bbox 591 4279 647 4335; x_wconf 92' lang='lat' dir='ltr'><strong>in</strong></span> <span class='ocrx_word' id='word_1_516' title='bbox 661 4279 798 4339; x_wconf 91' lang='lat' dir='ltr'><strong>villa</strong></span> <span class='ocrx_word' id='word_1_517' title='bbox 813 4297 942 4355; x_wconf 64' lang='lat' dir='ltr'><strong>quae</strong></span> <span class='ocrx_word' id='word_1_518' title='bbox 957 4284 1174 4343; x_wconf 88' lang='lat' dir='ltr'><strong>dicitur</strong></span> <span class='ocrx_word' id='word_1_519' title='bbox 1195 4286 1471 4360; x_wconf 88' lang='lat' dir='ltr'><strong>Ingilena,</strong></span> <span class='ocrx_word' id='word_1_520' title='bbox 1488 4293 1588 4348; x_wconf 89' lang='lat' dir='ltr'><strong>aut</strong></span> <span class='ocrx_word' id='word_1_521' title='bbox 1611 4289 1834 4362; x_wconf 90' lang='lat' dir='ltr'><strong>volens,</strong></span> <span class='ocrx_word' id='word_1_522' title='bbox 1852 4295 1951 4348; x_wconf 93' lang='lat' dir='ltr'><strong>aut</strong></span> <span class='ocrx_word' id='word_1_523' title='bbox 1968 4305 2066 4365; x_wconf 78' lang='lat' dir='ltr'><strong>no-</strong></span> 
     </span>
    </p>
   </div>
   <div class='ocr_carea' id='block_1_77' title="bbox 427 4363 2064 4447">
    <p class='ocr_par' dir='ltr' id='par_1_77' title="bbox 427 4363 2064 4447">
     <span class='ocr_line' id='line_1_77' title="bbox 427 4363 2064 4447; baseline 0.01 -27"><span class='ocrx_word' id='word_1_524' title='bbox 427 4363 836 4438; x_wconf 90' lang='lat' dir='ltr'><strong>lens,occurrit</strong></span> <span class='ocrx_word' id='word_1_525' title='bbox 854 4389 870 4440; x_wconf 89' lang='lat'><strong>;</strong></span> <span class='ocrx_word' id='word_1_526' title='bbox 887 4371 942 4428; x_wconf 92' lang='lat' dir='ltr'><strong>in</strong></span> <span class='ocrx_word' id='word_1_527' title='bbox 961 4373 1150 4432; x_wconf 92' lang='lat' dir='ltr'><strong>medio</strong></span> <span class='ocrx_word' id='word_1_528' title='bbox 1164 4375 1392 4447; x_wconf 81' lang='lat' dir='ltr'><strong>posit-us</strong></span> <span class='ocrx_word' id='word_1_529' title='bbox 1408 4393 1538 4436; x_wconf 90' lang='lat' dir='ltr'><strong>cum</strong></span> <span class='ocrx_word' id='word_1_530' title='bbox 1559 4378 1882 4438; x_wconf 90' lang='lat' dir='ltr'><strong>criminalia</strong></span> <span class='ocrx_word' id='word_1_531' title='bbox 1898 4379 1950 4436; x_wconf 91' lang='lat' dir='ltr'><strong>ei</strong></span> <span class='ocrx_word' id='word_1_532' title='bbox 1965 4363 2064 4437; x_wconf 85' lang='lat' dir='ltr'><strong>ob-</strong></span> 
     </span>
    </p>
   </div>
   <div class='ocr_carea' id='block_1_78' title="bbox 416 4453 2056 4541">
    <p class='ocr_par' dir='ltr' id='par_1_78' title="bbox 416 4453 2056 4541">
     <span class='ocr_line' id='line_1_78' title="bbox 416 4453 2056 4541; baseline 0.009 -30"><span class='ocrx_word' id='word_1_533' title='bbox 416 4453 760 4531; x_wconf 90' lang='lat' dir='ltr'><strong>jicerentur,</strong></span> <span class='ocrx_word' id='word_1_534' title='bbox 796 4465 854 4517; x_wconf 92' lang='lat' dir='ltr'><strong>et</strong></span> <span class='ocrx_word' id='word_1_535' title='bbox 889 4460 1014 4534; x_wconf 90' lang='lat' dir='ltr'><strong>ipse</strong></span> <span class='ocrx_word' id='word_1_536' title='bbox 1050 4464 1306 4536; x_wconf 90' lang='lat' dir='ltr'><strong>perjuria</strong></span> <span class='ocrx_word' id='word_1_537' title='bbox 1337 4482 1440 4525; x_wconf 90' lang='lat' dir='ltr'><strong>sua</strong></span> <span class='ocrx_word' id='word_1_538' title='bbox 1473 4467 1706 4540; x_wconf 90' lang='lat' dir='ltr'><strong>publice</strong></span> <span class='ocrx_word' id='word_1_539' title='bbox 1750 4469 2056 4541; x_wconf 83' lang='lat' dir='ltr'><strong>fateretur,</strong></span> 
     </span>
    </p>
   </div>
   <div class='ocr_carea' id='block_1_79' title="bbox 421 4542 2058 4622">
    <p class='ocr_par' dir='ltr' id='par_1_79' title="bbox 421 4542 2058 4622">
     <span class='ocr_line' id='line_1_79' title="bbox 421 4542 2058 4622; baseline 0.009 -22"><span class='ocrx_word' id='word_1_540' title='bbox 421 4542 1008 4622; x_wconf 88' lang='lat' dir='ltr'><strong>damnatusipsecum</strong></span> <span class='ocrx_word' id='word_1_541' title='bbox 1022 4551 1140 4610; x_wconf 87' lang='lat' dir='ltr'><strong>ﬁlio</strong></span> <span class='ocrx_word' id='word_1_542' title='bbox 1153 4569 1258 4610; x_wconf 90' lang='lat' dir='ltr'><strong>suo</strong></span> <span class='ocrx_word' id='word_1_543' title='bbox 1269 4554 1576 4614; x_wconf 89' lang='lat' dir='ltr'><strong>Theudone</strong></span> <span class='ocrx_word' id='word_1_544' title='bbox 1591 4557 1661 4613; x_wconf 90' lang='lat' dir='ltr'><strong>ad</strong></span> <span class='ocrx_word' id='word_1_545' title='bbox 1677 4560 1922 4614; x_wconf 88' lang='lat' dir='ltr'><strong>mortem</strong></span> <span class='ocrx_word' id='word_1_546' title='bbox 1947 4560 2058 4615; x_wconf 91' lang='lat' dir='ltr'><strong>est.</strong></span> 
     </span>
    </p>
   </div>
   <div class='ocr_carea' id='block_1_80' title="bbox 419 4633 2064 4716">
    <p class='ocr_par' dir='ltr' id='par_1_80' title="bbox 419 4633 2064 4716">
     <span class='ocr_line' id='line_1_80' title="bbox 419 4633 2064 4716; baseline 0.009 -28"><span class='ocrx_word' id='word_1_547' title='bbox 419 4633 532 4690; x_wconf 90' lang='lat' dir='ltr'><strong>Sed</strong></span> <span class='ocrx_word' id='word_1_548' title='bbox 543 4633 850 4696; x_wconf 89' lang='lat' dir='ltr'><strong>clementia</strong></span> <span class='ocrx_word' id='word_1_549' title='bbox 865 4639 1120 4712; x_wconf 90' lang='lat' dir='ltr'><strong>piissime</strong></span> <span class='ocrx_word' id='word_1_550' title='bbox 1135 4643 1291 4714; x_wconf 89' lang='lat' dir='ltr'><strong>regis</strong></span> <span class='ocrx_word' id='word_1_551' title='bbox 1302 4644 1355 4700; x_wconf 90' lang='lat' dir='ltr'><strong>ei</strong></span> <span class='ocrx_word' id='word_1_552' title='bbox 1368 4644 1486 4702; x_wconf 89' lang='lat' dir='ltr'><strong>vita</strong></span> <span class='ocrx_word' id='word_1_553' title='bbox 1498 4649 2064 4716; x_wconf 86' lang='lat' dir='ltr'><strong>concessa,tonsura-</strong></span> 
     </span>
    </p>
   </div>
   <div class='ocr_carea' id='block_1_81' title="bbox 420 4719 2056 4805">
    <p class='ocr_par' dir='ltr' id='par_1_81' title="bbox 420 4719 2056 4805">
     <span class='ocr_line' id='line_1_81' title="bbox 420 4719 2056 4805; baseline 0.009 -29"><span class='ocrx_word' id='word_1_554' title='bbox 420 4719 466 4776; x_wconf 90' lang='lat' dir='ltr'><strong>ti</strong></span> <span class='ocrx_word' id='word_1_555' title='bbox 491 4720 546 4778; x_wconf 90' lang='lat' dir='ltr'><strong>in</strong></span> <span class='ocrx_word' id='word_1_556' title='bbox 569 4728 980 4786; x_wconf 89' lang='lat' dir='ltr'><strong>monasterium</strong></span> <span class='ocrx_word' id='word_1_557' title='bbox 1005 4732 1406 4804; x_wconf 66' lang='lat' dir='ltr'><strong>paenitentiam</strong></span> <span class='ocrx_word' id='word_1_558' title='bbox 1429 4733 1615 4791; x_wconf 91' lang='lat' dir='ltr'><strong>acturi</strong></span> <span class='ocrx_word' id='word_1_559' title='bbox 1650 4733 2056 4805; x_wconf 88' lang='lat' dir='ltr'><strong>recluduntur,</strong></span> 
     </span>
    </p>
   </div>
   <div class='ocr_carea' id='block_1_82' title="bbox 417 4810 2062 4895">
    <p class='ocr_par' dir='ltr' id='par_1_82' title="bbox 417 4810 2062 4895">
     <span class='ocr_line' id='line_1_82' title="bbox 417 4810 2062 4895; baseline 0.009 -29"><span class='ocrx_word' id='word_1_560' title='bbox 417 4813 479 4866; x_wconf 94' lang='lat' dir='ltr'><strong>et</strong></span> <span class='ocrx_word' id='word_1_561' title='bbox 492 4810 714 4884; x_wconf 90' lang='lat' dir='ltr'><strong>aliquot</strong></span> <span class='ocrx_word' id='word_1_562' title='bbox 733 4817 1167 4888; x_wconf 89' lang='lat' dir='ltr'><strong>Bajovariarum</strong></span> <span class='ocrx_word' id='word_1_563' title='bbox 1187 4821 1244 4877; x_wconf 91' lang='lat' dir='ltr'><strong>in</strong></span> <span class='ocrx_word' id='word_1_564' title='bbox 1257 4821 1524 4879; x_wconf 88' lang='lat' dir='ltr'><strong>exsilium</strong></span> <span class='ocrx_word' id='word_1_565' title='bbox 1541 4837 1645 4895; x_wconf 89' lang='lat' dir='ltr'><strong>pro</strong></span> <span class='ocrx_word' id='word_1_566' title='bbox 1660 4821 1901 4895; x_wconf 86' lang='lat' dir='ltr'><strong>perﬁdia</strong></span> <span class='ocrx_word' id='word_1_567' title='bbox 1916 4821 2062 4880; x_wconf 89' lang='lat' dir='ltr'><strong>dire-</strong></span> 
     </span>
    </p>
   </div>
   <div class='ocr_carea' id='block_1_83' title="bbox 414 4897 2062 4982">
    <p class='ocr_par' dir='ltr' id='par_1_83' title="bbox 414 4897 2062 4982">
     <span class='ocr_line' id='line_1_83' title="bbox 414 4897 2062 4982; baseline 0.009 -29"><span class='ocrx_word' id='word_1_568' title='bbox 414 4897 712 4960; x_wconf 52' lang='grc' dir='ltr'><strong>κίμϐιωοὶ</strong></span> <span class='ocrx_word' id='word_1_569' title='bbox 726 4917 857 4961; x_wconf 87' lang='lat' dir='ltr'><strong>cum</strong></span> <span class='ocrx_word' id='word_1_570' title='bbox 871 4906 1270 4976; x_wconf 86' lang='lat' dir='ltr'><strong>Longobardis</strong></span> <span class='ocrx_word' id='word_1_571' title='bbox 1286 4924 1535 4982; x_wconf 89' lang='lat' dir='ltr'><strong>pugnam</strong></span> <span class='ocrx_word' id='word_1_572' title='bbox 1550 4909 1772 4981; x_wconf 90' lang='lat' dir='ltr'><strong>ineunt,</strong></span> <span class='ocrx_word' id='word_1_573' title='bbox 1787 4910 2062 4968; x_wconf 90' lang='lat' dir='ltr'><strong>similiter</strong></span> 
     </span>
    </p>
   </div>
   <div class='ocr_carea' id='block_1_84' title="bbox 419 4990 2057 5068">
    <p class='ocr_par' dir='ltr' id='par_1_84' title="bbox 419 4990 2057 5068">
     <span class='ocr_line' id='line_1_84' title="bbox 419 4990 2057 5068; baseline 0.009 -25"><span class='ocrx_word' id='word_1_574' title='bbox 419 4990 625 5048; x_wconf 87' lang='lat' dir='ltr'><strong>etcum</strong></span> <span class='ocrx_word' id='word_1_575' title='bbox 648 4993 854 5051; x_wconf 88' lang='lat' dir='ltr'><strong>Avaris</strong></span> <span class='ocrx_word' id='word_1_576' title='bbox 867 4997 925 5050; x_wconf 93' lang='lat' dir='ltr'><strong>et</strong></span> <span class='ocrx_word' id='word_1_577' title='bbox 941 4996 1174 5054; x_wconf 89' lang='lat' dir='ltr'><strong>Francis</strong></span> <span class='ocrx_word' id='word_1_578' title='bbox 1197 4998 1293 5068; x_wconf 91' lang='lat' dir='ltr'><strong>qui</strong></span> <span class='ocrx_word' id='word_1_579' title='bbox 1317 4997 1373 5054; x_wconf 92' lang='lat' dir='ltr'><strong>in</strong></span> <span class='ocrx_word' id='word_1_580' title='bbox 1395 4997 1562 5056; x_wconf 90' lang='lat' dir='ltr'><strong>Italia</strong></span> <span class='ocrx_word' id='word_1_581' title='bbox 1583 4999 2057 5068; x_wconf 89' lang='lat' dir='ltr'><strong>commanebant;</strong></span> 
     </span>
    </p>
   </div>
   <div class='ocr_carea' id='block_1_85' title="bbox 421 5075 2062 5155">
    <p class='ocr_par' dir='ltr' id='par_1_85' title="bbox 421 5075 2062 5155">
     <span class='ocr_line' id='line_1_85' title="bbox 421 5075 2062 5155; baseline 0.01 -23"><span class='ocrx_word' id='word_1_582' title='bbox 421 5075 693 5136; x_wconf 89' lang='lat' dir='ltr'><strong>similiter</strong></span> <span class='ocrx_word' id='word_1_583' title='bbox 715 5081 869 5140; x_wconf 91' lang='lat' dir='ltr'><strong>inter</strong></span> <span class='ocrx_word' id='word_1_584' title='bbox 891 5083 1225 5155; x_wconf 89' lang='lat' dir='ltr'><strong>Bajovarios</strong></span> <span class='ocrx_word' id='word_1_585' title='bbox 1242 5089 1300 5142; x_wconf 92' lang='lat' dir='ltr'><strong>et</strong></span> <span class='ocrx_word' id='word_1_586' title='bbox 1321 5087 1538 5144; x_wconf 90' lang='lat' dir='ltr'><strong>Tauros</strong></span> <span class='ocrx_word' id='word_1_587' title='bbox 1561 5105 1574 5142; x_wconf 91' lang='lat'><strong>:</strong></span> <span class='ocrx_word' id='word_1_588' title='bbox 1601 5087 1658 5142; x_wconf 92' lang='lat' dir='ltr'><strong>in</strong></span> <span class='ocrx_word' id='word_1_589' title='bbox 1682 5086 1772 5144; x_wconf 92' lang='lat' dir='ltr'><strong>his</strong></span> <span class='ocrx_word' id='word_1_590' title='bbox 1791 5089 2062 5148; x_wconf 89' lang='lat' dir='ltr'><strong>omnibus</strong></span> 
     </span>
    </p>
   </div>
   <div class='ocr_carea' id='block_1_86' title="bbox 421 5161 2060 5240">
    <p class='ocr_par' dir='ltr' id='par_1_86' title="bbox 421 5161 2060 5240">
     <span class='ocr_line' id='line_1_86' title="bbox 421 5161 2060 5240; baseline 0.012 -21"><span class='ocrx_word' id='word_1_591' title='bbox 421 5161 668 5224; x_wconf 89' lang='lat' dir='ltr'><strong>victoria</strong></span> <span class='ocrx_word' id='word_1_592' title='bbox 701 5183 883 5240; x_wconf 89' lang='lat' dir='ltr'><strong>penes</strong></span> <span class='ocrx_word' id='word_1_593' title='bbox 913 5171 1165 5231; x_wconf 90' lang='lat' dir='ltr'><strong>Francos</strong></span> <span class='ocrx_word' id='word_1_594' title='bbox 1183 5173 1311 5231; x_wconf 87' lang='lat' dir='ltr'><strong>fuit.</strong></span> <span class='ocrx_word' id='word_1_595' title='bbox 1347 5175 1563 5232; x_wconf 91' lang='lat' dir='ltr'><strong>lterum</strong></span> <span class='ocrx_word' id='word_1_596' title='bbox 1595 5176 1767 5234; x_wconf 88' lang='lat' dir='ltr'><strong>Avari</strong></span> <span class='ocrx_word' id='word_1_597' title='bbox 1799 5193 1929 5236; x_wconf 91' lang='lat' dir='ltr'><strong>cum</strong></span> <span class='ocrx_word' id='word_1_598' title='bbox 1957 5179 2060 5238; x_wconf 87' lang='lat' dir='ltr'><strong>Ba-</strong></span> 
     </span>
    </p>
   </div>
   <div class='ocr_carea' id='block_1_87' title="bbox 418 5249 2060 5340">
    <p class='ocr_par' dir='ltr' id='par_1_87' title="bbox 418 5249 2060 5340">
     <span class='ocr_line' id='line_1_87' title="bbox 418 5249 2060 5340; baseline 0.013 -35"><span class='ocrx_word' id='word_1_599' title='bbox 418 5249 662 5321; x_wconf 89' lang='lat' dir='ltr'><strong>jovariis</strong></span> <span class='ocrx_word' id='word_1_600' title='bbox 683 5259 1137 5326; x_wconf 75' lang='lat' dir='ltr'><strong>praesidentibus</strong></span> <span class='ocrx_word' id='word_1_601' title='bbox 1157 5263 1392 5322; x_wconf 89' lang='lat' dir='ltr'><strong>Francis</strong></span> <span class='ocrx_word' id='word_1_602' title='bbox 1419 5279 1550 5322; x_wconf 92' lang='lat' dir='ltr'><strong>cum</strong></span> <span class='ocrx_word' id='word_1_603' title='bbox 1583 5279 1842 5338; x_wconf 85' lang='lat' dir='ltr'><strong>pugnare</strong></span> <span class='ocrx_word' id='word_1_604' title='bbox 1869 5267 2060 5340; x_wconf 86' lang='lat' dir='ltr'><strong>dispo-</strong></span> 
     </span>
    </p>
   </div>
   <div class='ocr_carea' id='block_1_88' title="bbox 421 5344 2057 5426">
    <p class='ocr_par' dir='ltr' id='par_1_88' title="bbox 421 5344 2057 5426">
     <span class='ocr_line' id='line_1_88' title="bbox 421 5344 2057 5426; baseline 0.011 -30"><span class='ocrx_word' id='word_1_605' title='bbox 421 5344 652 5412; x_wconf 87' lang='lat' dir='ltr'><strong>nerent,</strong></span> <span class='ocrx_word' id='word_1_606' title='bbox 675 5345 872 5416; x_wconf 80' lang='lat' dir='ltr'><strong>strage</strong></span> <span class='ocrx_word' id='word_1_607' title='bbox 894 5349 1228 5411; x_wconf 89' lang='lat' dir='ltr'><strong>valdissima</strong></span> <span class='ocrx_word' id='word_1_608' title='bbox 1249 5352 1405 5425; x_wconf 67' lang='lat' dir='ltr'><strong>cassi,</strong></span> <span class='ocrx_word' id='word_1_609' title='bbox 1431 5352 1676 5410; x_wconf 89' lang='lat' dir='ltr'><strong>maxima</strong></span> <span class='ocrx_word' id='word_1_610' title='bbox 1699 5369 1836 5426; x_wconf 89' lang='lat' dir='ltr'><strong>pars</strong></span> <span class='ocrx_word' id='word_1_611' title='bbox 1857 5369 2057 5415; x_wconf 89' lang='lat' dir='ltr'><strong>eorum</strong></span> 
     </span>
    </p>
   </div>
   <div class='ocr_carea' id='block_1_89' title="bbox 423 5427 2059 5526">
    <p class='ocr_par' dir='ltr' id='par_1_89' title="bbox 423 5427 2059 5526">
     <span class='ocr_line' id='line_1_89' title="bbox 423 5427 2059 5526; baseline 0.01 -42"><span class='ocrx_word' id='word_1_612' title='bbox 423 5427 600 5526; x_wconf 68' lang='lat' dir='ltr'><strong>ﬂuvio</strong></span> <span class='ocrx_word' id='word_1_613' title='bbox 623 5429 887 5491; x_wconf 88' lang='lat' dir='ltr'><strong>Danubio</strong></span> <span class='ocrx_word' id='word_1_614' title='bbox 909 5434 1252 5515; x_wconf 89' lang='lat' dir='ltr'><strong>intercepta,</strong></span> <span class='ocrx_word' id='word_1_615' title='bbox 1280 5441 1476 5516; x_wconf 89' lang='lat' dir='ltr'><strong>ibique</strong></span> <span class='ocrx_word' id='word_1_616' title='bbox 1498 5448 1702 5503; x_wconf 90' lang='lat' dir='ltr'><strong>necata</strong></span> <span class='ocrx_word' id='word_1_617' title='bbox 1723 5446 1831 5501; x_wconf 89' lang='lat' dir='ltr'><strong>est.</strong></span> <span class='ocrx_word' id='word_1_618' title='bbox 1858 5443 2059 5502; x_wconf 87' lang='lat' dir='ltr'><strong>Excel-</strong></span> 
     </span>
    </p>
   </div>
   <div class='ocr_carea' id='block_1_90' title="bbox 2180 3137 3820 3212">
    <p class='ocr_par' dir='ltr' id='par_1_90' title="bbox 2180 3137 3820 3212">
     <span class='ocr_line' id='line_1_90' title="bbox 2180 3137 3820 3212; baseline 0 -18"><span class='ocrx_word' id='word_1_619' title='bbox 2180 3153 2375 3194; x_wconf 91' lang='lat' dir='ltr'><strong>rorum</strong></span> <span class='ocrx_word' id='word_1_620' title='bbox 2413 3138 2584 3208; x_wconf 90' lang='lat' dir='ltr'><strong>longe</strong></span> <span class='ocrx_word' id='word_1_621' title='bbox 2631 3142 2791 3196; x_wconf 89' lang='lat' dir='ltr'><strong>retro</strong></span> <span class='ocrx_word' id='word_1_622' title='bbox 2837 3139 3204 3210; x_wconf 90' lang='lat' dir='ltr'><strong>temporibus</strong></span> <span class='ocrx_word' id='word_1_623' title='bbox 3231 3138 3490 3211; x_wconf 89' lang='lat' dir='ltr'><strong>quietum</strong></span> <span class='ocrx_word' id='word_1_624' title='bbox 3521 3137 3820 3212; x_wconf 89' lang='lat' dir='ltr'><strong>spoliavit,</strong></span> 
     </span>
    </p>
   </div>
   <div class='ocr_carea' id='block_1_91' title="bbox 2179 3225 3820 3300">
    <p class='ocr_par' dir='ltr' id='par_1_91' title="bbox 2179 3225 3820 3300">
     <span class='ocr_line' id='line_1_91' title="bbox 2179 3225 3820 3300; baseline 0.001 -16"><span class='ocrx_word' id='word_1_625' title='bbox 2179 3226 2538 3285; x_wconf 89' lang='lat' dir='ltr'><strong>ablatisinde</strong></span> <span class='ocrx_word' id='word_1_626' title='bbox 2557 3227 2852 3284; x_wconf 90' lang='lat' dir='ltr'><strong>thesauris</strong></span> <span class='ocrx_word' id='word_1_627' title='bbox 2874 3226 3058 3285; x_wconf 88' lang='lat' dir='ltr'><strong>multo</strong></span> <span class='ocrx_word' id='word_1_628' title='bbox 3081 3226 3220 3285; x_wconf 90' lang='lat' dir='ltr'><strong>illuc</strong></span> <span class='ocrx_word' id='word_1_629' title='bbox 3240 3231 3506 3300; x_wconf 90' lang='lat' dir='ltr'><strong>tempore</strong></span> <span class='ocrx_word' id='word_1_630' title='bbox 3526 3225 3820 3298; x_wconf 90' lang='lat' dir='ltr'><strong>collectis,</strong></span> 
     </span>
    </p>
   </div>
   <div class='ocr_carea' id='block_1_92' title="bbox 2179 3314 3818 3389">
    <p class='ocr_par' dir='ltr' id='par_1_92' title="bbox 2179 3314 3818 3389">
     <span class='ocr_line' id='line_1_92' title="bbox 2179 3314 3818 3389; baseline 0.001 -16"><span class='ocrx_word' id='word_1_631' title='bbox 2179 3331 2328 3388; x_wconf 89' lang='lat' dir='ltr'><strong>quos</strong></span> <span class='ocrx_word' id='word_1_632' title='bbox 2353 3316 2449 3388; x_wconf 90' lang='lat' dir='ltr'><strong>pio</strong></span> <span class='ocrx_word' id='word_1_633' title='bbox 2475 3315 2597 3387; x_wconf 88' lang='lat' dir='ltr'><strong>regi</strong></span> <span class='ocrx_word' id='word_1_634' title='bbox 2621 3315 2827 3374; x_wconf 89' lang='lat' dir='ltr'><strong>Carolo</strong></span> <span class='ocrx_word' id='word_1_635' title='bbox 2867 3316 3236 3389; x_wconf 92' lang='lat' dir='ltr'><strong>postmodum</strong></span> <span class='ocrx_word' id='word_1_636' title='bbox 3276 3314 3450 3372; x_wconf 89' lang='lat' dir='ltr'><strong>misit.</strong></span> <span class='ocrx_word' id='word_1_637' title='bbox 3477 3317 3546 3372; x_wconf 84' lang='lat' dir='ltr'><strong>Et</strong></span> <span class='ocrx_word' id='word_1_638' title='bbox 3569 3315 3665 3372; x_wconf 90' lang='lat' dir='ltr'><strong>ille</strong></span> <span class='ocrx_word' id='word_1_639' title='bbox 3695 3316 3818 3375; x_wconf 92' lang='lat' dir='ltr'><strong>Deo</strong></span> 
     </span>
    </p>
   </div>
   <div class='ocr_carea' id='block_1_93' title="bbox 2175 3404 3823 3478">
    <p class='ocr_par' dir='ltr' id='par_1_93' title="bbox 2175 3404 3823 3478">
     <span class='ocr_line' id='line_1_93' title="bbox 2175 3404 3823 3478; baseline 0.002 -18"><span class='ocrx_word' id='word_1_640' title='bbox 2175 3405 2400 3474; x_wconf 89' lang='lat' dir='ltr'><strong>gratias</strong></span> <span class='ocrx_word' id='word_1_641' title='bbox 2423 3405 2684 3463; x_wconf 82' lang='lat' dir='ltr'><strong>referens</strong></span> <span class='ocrx_word' id='word_1_642' title='bbox 2705 3405 2776 3462; x_wconf 91' lang='lat' dir='ltr'><strong>ad</strong></span> <span class='ocrx_word' id='word_1_643' title='bbox 2800 3404 3135 3462; x_wconf 90' lang='lat' dir='ltr'><strong>memoriam</strong></span> <span class='ocrx_word' id='word_1_644' title='bbox 3163 3409 3498 3462; x_wconf 90' lang='lat' dir='ltr'><strong>sanctorum</strong></span> <span class='ocrx_word' id='word_1_645' title='bbox 3523 3404 3823 3478; x_wconf 86' lang='lat' dir='ltr'><strong>apostolo-</strong></span> 
     </span>
    </p>
   </div>
   <div class='ocr_carea' id='block_1_94' title="bbox 2179 3493 3817 3566">
    <p class='ocr_par' dir='ltr' id='par_1_94' title="bbox 2179 3493 3817 3566">
     <span class='ocr_line' id='line_1_94' title="bbox 2179 3493 3817 3566; baseline 0.001 -17"><span class='ocrx_word' id='word_1_646' title='bbox 2179 3507 2330 3560; x_wconf 89' lang='lat' dir='ltr'><strong>rum,</strong></span> <span class='ocrx_word' id='word_1_647' title='bbox 2362 3496 2586 3566; x_wconf 89' lang='lat' dir='ltr'><strong>partem</strong></span> <span class='ocrx_word' id='word_1_648' title='bbox 2632 3493 2766 3550; x_wconf 90' lang='lat' dir='ltr'><strong>inde</strong></span> <span class='ocrx_word' id='word_1_649' title='bbox 2811 3493 2988 3562; x_wconf 90' lang='lat' dir='ltr'><strong>misit,</strong></span> <span class='ocrx_word' id='word_1_650' title='bbox 3029 3497 3252 3566; x_wconf 90' lang='lat' dir='ltr'><strong>partem</strong></span> <span class='ocrx_word' id='word_1_651' title='bbox 3281 3493 3625 3552; x_wconf 84' lang='lat' dir='ltr'><strong>ofﬁcialibus</strong></span> <span class='ocrx_word' id='word_1_652' title='bbox 3652 3494 3817 3564; x_wconf 86' lang='lat' dir='ltr'><strong>regni</strong></span> 
     </span>
    </p>
   </div>
   <div class='ocr_carea' id='block_1_95' title="bbox 2177 3581 3822 3658">
    <p class='ocr_par' dir='ltr' id='par_1_95' title="bbox 2177 3581 3822 3658">
     <span class='ocr_line' id='line_1_95' title="bbox 2177 3581 3822 3658; baseline -0.001 -17"><span class='ocrx_word' id='word_1_653' title='bbox 2177 3587 2238 3641; x_wconf 90' lang='lat' dir='ltr'><strong>et</strong></span> <span class='ocrx_word' id='word_1_654' title='bbox 2267 3581 2532 3641; x_wconf 89' lang='lat' dir='ltr'><strong>ecclesiis</strong></span> <span class='ocrx_word' id='word_1_655' title='bbox 2574 3583 2896 3640; x_wconf 90' lang='lat' dir='ltr'><strong>distribuit.</strong></span> <span class='ocrx_word' id='word_1_656' title='bbox 2928 3581 3218 3640; x_wconf 90' lang='lat' dir='ltr'><strong>Adrianus</strong></span> <span class='ocrx_word' id='word_1_657' title='bbox 3247 3596 3395 3656; x_wconf 91' lang='lat' dir='ltr'><strong>papa</strong></span> <span class='ocrx_word' id='word_1_658' title='bbox 3423 3582 3570 3641; x_wconf 90' lang='lat' dir='ltr'><strong>obiit</strong></span> <span class='ocrx_word' id='word_1_659' title='bbox 3598 3583 3822 3658; x_wconf 87' lang='lat' dir='ltr'><strong>septin-</strong></span> 
     </span>
    </p>
   </div>
   <div class='ocr_carea' id='block_1_96' title="bbox 2175 3671 3821 3745">
    <p class='ocr_par' dir='ltr' id='par_1_96' title="bbox 2175 3671 3821 3745">
     <span class='ocr_line' id='line_1_96' title="bbox 2175 3671 3821 3745; baseline 0 -15"><span class='ocrx_word' id='word_1_660' title='bbox 2175 3673 2500 3745; x_wconf 88' lang='lat' dir='ltr'><strong>gentesimo</strong></span> <span class='ocrx_word' id='word_1_661' title='bbox 2513 3671 2886 3744; x_wconf 85' lang='lat' dir='ltr'><strong>nonagesimo</strong></span> <span class='ocrx_word' id='word_1_662' title='bbox 2898 3675 3066 3730; x_wconf 86' lang='lat' dir='ltr'><strong>sexto</strong></span> <span class='ocrx_word' id='word_1_663' title='bbox 3077 3673 3278 3730; x_wconf 88' lang='lat' dir='ltr'><strong>lncarn</strong></span> <span class='ocrx_word' id='word_1_664' title='bbox 3287 3671 3498 3729; x_wconf 88' lang='lat' dir='ltr'><strong>ationis</strong></span> <span class='ocrx_word' id='word_1_665' title='bbox 3511 3673 3821 3730; x_wconf 83' lang='lat' dir='ltr'><strong>anno.Mox</strong></span> 
     </span>
    </p>
   </div>
   <div class='ocr_carea' id='block_1_97' title="bbox 2176 3759 3819 3834">
    <p class='ocr_par' dir='ltr' id='par_1_97' title="bbox 2176 3759 3819 3834">
     <span class='ocr_line' id='line_1_97' title="bbox 2176 3759 3819 3834; baseline 0 -14"><span class='ocrx_word' id='word_1_666' title='bbox 2176 3766 2240 3821; x_wconf 92' lang='lat' dir='ltr'><strong>ut</strong></span> <span class='ocrx_word' id='word_1_667' title='bbox 2289 3763 2403 3820; x_wconf 88' lang='lat' dir='ltr'><strong>Leo</strong></span> <span class='ocrx_word' id='word_1_668' title='bbox 2450 3761 2506 3818; x_wconf 91' lang='lat' dir='ltr'><strong>in</strong></span> <span class='ocrx_word' id='word_1_669' title='bbox 2555 3761 2684 3834; x_wconf 90' lang='lat' dir='ltr'><strong>ejus</strong></span> <span class='ocrx_word' id='word_1_670' title='bbox 2726 3761 2918 3820; x_wconf 90' lang='lat' dir='ltr'><strong>locum</strong></span> <span class='ocrx_word' id='word_1_671' title='bbox 2945 3760 3248 3834; x_wconf 90' lang='lat' dir='ltr'><strong>successit,</strong></span> <span class='ocrx_word' id='word_1_672' title='bbox 3279 3759 3468 3819; x_wconf 90' lang='lat' dir='ltr'><strong>missis</strong></span> <span class='ocrx_word' id='word_1_673' title='bbox 3494 3759 3706 3832; x_wconf 88' lang='lat' dir='ltr'><strong>legatis</strong></span> <span class='ocrx_word' id='word_1_674' title='bbox 3743 3763 3819 3820; x_wconf 91' lang='lat' dir='ltr'><strong>ad</strong></span> 
     </span>
    </p>
   </div>
   <div class='ocr_carea' id='block_1_98' title="bbox 2179 3847 3818 3924">
    <p class='ocr_par' dir='ltr' id='par_1_98' title="bbox 2179 3847 3818 3924">
     <span class='ocr_line' id='line_1_98' title="bbox 2179 3847 3818 3924; baseline 0 -18"><span class='ocrx_word' id='word_1_675' title='bbox 2179 3850 2336 3924; x_wconf 91' lang='lat' dir='ltr'><strong>pium</strong></span> <span class='ocrx_word' id='word_1_676' title='bbox 2384 3865 2580 3922; x_wconf 86' lang='lat' dir='ltr'><strong>regem</strong></span> <span class='ocrx_word' id='word_1_677' title='bbox 2631 3849 2920 3922; x_wconf 83' lang='lat' dir='ltr'><strong>Carolum,</strong></span> <span class='ocrx_word' id='word_1_678' title='bbox 2970 3849 3166 3908; x_wconf 89' lang='lat' dir='ltr'><strong>claves</strong></span> <span class='ocrx_word' id='word_1_679' title='bbox 3207 3847 3592 3908; x_wconf 83' lang='lat' dir='ltr'><strong>confessionis</strong></span> <span class='ocrx_word' id='word_1_680' title='bbox 3629 3850 3818 3908; x_wconf 91' lang='lat' dir='ltr'><strong>sancti</strong></span> 
     </span>
    </p>
   </div>
   <div class='ocr_carea' id='block_1_99' title="bbox 2175 3938 3821 4014">
    <p class='ocr_par' dir='ltr' id='par_1_99' title="bbox 2175 3938 3821 4014">
     <span class='ocr_line' id='line_1_99' title="bbox 2175 3938 3821 4014; baseline 0 -18"><span class='ocrx_word' id='word_1_681' title='bbox 2175 3939 2334 3998; x_wconf 88' lang='lat' dir='ltr'><strong>Petri</strong></span> <span class='ocrx_word' id='word_1_682' title='bbox 2357 3939 2530 3998; x_wconf 91' lang='lat' dir='ltr'><strong>simul</strong></span> <span class='ocrx_word' id='word_1_683' title='bbox 2551 3943 2607 3996; x_wconf 91' lang='lat' dir='ltr'><strong>et</strong></span> <span class='ocrx_word' id='word_1_684' title='bbox 2632 3939 2931 3997; x_wconf 87' lang='lat' dir='ltr'><strong>vexillium</strong></span> <span class='ocrx_word' id='word_1_685' title='bbox 2954 3939 3225 3996; x_wconf 71' lang='lat' dir='ltr'><strong>Romanae</strong></span> <span class='ocrx_word' id='word_1_686' title='bbox 3249 3938 3412 3996; x_wconf 90' lang='lat' dir='ltr'><strong>urbis</strong></span> <span class='ocrx_word' id='word_1_687' title='bbox 3434 3939 3668 3997; x_wconf 91' lang='lat' dir='ltr'><strong>direxit.</strong></span> <span class='ocrx_word' id='word_1_688' title='bbox 3684 3939 3821 4014; x_wconf 83' lang='lat' dir='ltr'><strong>Pip-</strong></span> 
     </span>
    </p>
   </div>
   <div class='ocr_carea' id='block_1_100' title="bbox 2176 4026 3824 4102">
    <p class='ocr_par' dir='ltr' id='par_1_100' title="bbox 2176 4026 3824 4102">
     <span class='ocr_line' id='line_1_100' title="bbox 2176 4026 3824 4102; baseline 0.001 -18"><span class='ocrx_word' id='word_1_689' title='bbox 2176 4029 2347 4102; x_wconf 89' lang='lat' dir='ltr'><strong>pinus</strong></span> <span class='ocrx_word' id='word_1_690' title='bbox 2374 4044 2478 4086; x_wconf 88' lang='lat' dir='ltr'><strong>rex</strong></span> <span class='ocrx_word' id='word_1_691' title='bbox 2501 4043 2530 4086; x_wconf 91' lang='lat' dir='ltr'><strong>a</strong></span> <span class='ocrx_word' id='word_1_692' title='bbox 2547 4032 2712 4101; x_wconf 90' lang='lat' dir='ltr'><strong>patre</strong></span> <span class='ocrx_word' id='word_1_693' title='bbox 2735 4027 2790 4084; x_wconf 91' lang='lat' dir='ltr'><strong>in</strong></span> <span class='ocrx_word' id='word_1_694' title='bbox 2812 4027 2976 4084; x_wconf 87' lang='lat' dir='ltr'><strong>Italia</strong></span> <span class='ocrx_word' id='word_1_695' title='bbox 2998 4027 3379 4096; x_wconf 79' lang='lat' dir='ltr'><strong>constitutus;</strong></span> <span class='ocrx_word' id='word_1_696' title='bbox 3409 4026 3465 4084; x_wconf 89' lang='lat' dir='ltr'><strong>in</strong></span> <span class='ocrx_word' id='word_1_697' title='bbox 3490 4029 3824 4086; x_wconf 88' lang='lat' dir='ltr'><strong>Pannonias</strong></span> 
     </span>
    </p>
   </div>
   <div class='ocr_carea' id='block_1_101' title="bbox 2173 4115 3819 4190">
    <p class='ocr_par' dir='ltr' id='par_1_101' title="bbox 2173 4115 3819 4190">
     <span class='ocr_line' id='line_1_101' title="bbox 2173 4115 3819 4190; baseline -0.001 -15"><span class='ocrx_word' id='word_1_698' title='bbox 2173 4133 2303 4176; x_wconf 93' lang='lat' dir='ltr'><strong>cum</strong></span> <span class='ocrx_word' id='word_1_699' title='bbox 2317 4117 2582 4174; x_wconf 90' lang='lat' dir='ltr'><strong>exercitu</strong></span> <span class='ocrx_word' id='word_1_700' title='bbox 2597 4115 3010 4190; x_wconf 89' lang='lat' dir='ltr'><strong>proﬁciscitur,</strong></span> <span class='ocrx_word' id='word_1_701' title='bbox 3025 4115 3307 4187; x_wconf 89' lang='lat' dir='ltr'><strong>ac,victor</strong></span> <span class='ocrx_word' id='word_1_702' title='bbox 3319 4115 3572 4187; x_wconf 88' lang='lat' dir='ltr'><strong>rediens,</strong></span> <span class='ocrx_word' id='word_1_703' title='bbox 3588 4121 3819 4189; x_wconf 90' lang='lat' dir='ltr'><strong>partem</strong></span> 
     </span>
    </p>
   </div>
   <div class='ocr_carea' id='block_1_102' title="bbox 2175 4203 3728 4277">
    <p class='ocr_par' dir='ltr' id='par_1_102' title="bbox 2175 4203 3728 4277">
     <span class='ocr_line' id='line_1_102' title="bbox 2175 4203 3728 4277; baseline 0.001 -15"><span class='ocrx_word' id='word_1_704' title='bbox 2175 4207 2586 4264; x_wconf 86' lang='lat' dir='ltr'><strong>thesaurorum</strong></span> <span class='ocrx_word' id='word_1_705' title='bbox 2617 4219 2745 4277; x_wconf 74' lang='lat' dir='ltr'><strong>quae</strong></span> <span class='ocrx_word' id='word_1_706' title='bbox 2774 4207 3134 4262; x_wconf 88' lang='lat' dir='ltr'><strong>remanserat</strong></span> <span class='ocrx_word' id='word_1_707' title='bbox 3163 4203 3234 4262; x_wconf 94' lang='lat' dir='ltr'><strong>ad</strong></span> <span class='ocrx_word' id='word_1_708' title='bbox 3263 4207 3489 4276; x_wconf 89' lang='lat' dir='ltr'><strong>patrem</strong></span> <span class='ocrx_word' id='word_1_709' title='bbox 3517 4205 3728 4263; x_wconf 85' lang='lat' dir='ltr'><strong>defert.</strong></span> 
     </span>
    </p>
   </div>
   <div class='ocr_carea' id='block_1_103' title="bbox 2247 4291 3820 4366">
    <p class='ocr_par' dir='ltr' id='par_1_103' title="bbox 2247 4291 3820 4366">
     <span class='ocr_line' id='line_1_103' title="bbox 2247 4291 3820 4366; baseline 0 -16"><span class='ocrx_word' id='word_1_710' title='bbox 2247 4293 2605 4353; x_wconf 88' lang='lat' dir='ltr'><strong>Barchinona</strong></span> <span class='ocrx_word' id='word_1_711' title='bbox 2626 4293 2856 4362; x_wconf 89' lang='lat' dir='ltr'><strong>civitas,</strong></span> <span class='ocrx_word' id='word_1_712' title='bbox 2872 4307 3000 4366; x_wconf 72' lang='lat' dir='ltr'><strong>quaa</strong></span> <span class='ocrx_word' id='word_1_713' title='bbox 3023 4307 3054 4350; x_wconf 91' lang='lat' dir='ltr'><strong>a</strong></span> <span class='ocrx_word' id='word_1_714' title='bbox 3077 4291 3312 4350; x_wconf 89' lang='lat' dir='ltr'><strong>Francis</strong></span> <span class='ocrx_word' id='word_1_715' title='bbox 3335 4291 3686 4364; x_wconf 89' lang='lat' dir='ltr'><strong>desciverat,</strong></span> <span class='ocrx_word' id='word_1_716' title='bbox 3714 4308 3820 4366; x_wconf 91' lang='lat' dir='ltr'><strong>per</strong></span> 
     </span>
    </p>
   </div>
   <div class='ocr_carea' id='block_1_104' title="bbox 2177 4381 3818 4456">
    <p class='ocr_par' dir='ltr' id='par_1_104' title="bbox 2177 4381 3818 4456">
     <span class='ocr_line' id='line_1_104' title="bbox 2177 4381 3818 4456; baseline 0 -16"><span class='ocrx_word' id='word_1_717' title='bbox 2177 4383 2378 4444; x_wconf 87' lang='lat' dir='ltr'><strong>Zatum</strong></span> <span class='ocrx_word' id='word_1_718' title='bbox 2407 4383 2787 4442; x_wconf 88' lang='lat' dir='ltr'><strong>Sarracenum</strong></span> <span class='ocrx_word' id='word_1_719' title='bbox 2818 4382 3174 4442; x_wconf 89' lang='lat' dir='ltr'><strong>restituitur.</strong></span> <span class='ocrx_word' id='word_1_720' title='bbox 3203 4383 3343 4440; x_wconf 87' lang='lat' dir='ltr'><strong>Nam</strong></span> <span class='ocrx_word' id='word_1_721' title='bbox 3373 4381 3524 4440; x_wconf 91' lang='lat' dir='ltr'><strong>idem</strong></span> <span class='ocrx_word' id='word_1_722' title='bbox 3553 4381 3625 4440; x_wconf 89' lang='lat' dir='ltr'><strong>ad</strong></span> <span class='ocrx_word' id='word_1_723' title='bbox 3657 4381 3818 4456; x_wconf 89' lang='lat' dir='ltr'><strong>pium</strong></span> 
     </span>
    </p>
   </div>
   <div class='ocr_carea' id='block_1_105' title="bbox 2175 4471 3814 4546">
    <p class='ocr_par' dir='ltr' id='par_1_105' title="bbox 2175 4471 3814 4546">
     <span class='ocr_line' id='line_1_105' title="bbox 2175 4471 3814 4546; baseline -0.001 -16"><span class='ocrx_word' id='word_1_724' title='bbox 2175 4489 2372 4546; x_wconf 88' lang='lat' dir='ltr'><strong>regem</strong></span> <span class='ocrx_word' id='word_1_725' title='bbox 2399 4471 2660 4544; x_wconf 90' lang='lat' dir='ltr'><strong>veniens,</strong></span> <span class='ocrx_word' id='word_1_726' title='bbox 2689 4487 2802 4530; x_wconf 89' lang='lat' dir='ltr'><strong>una</strong></span> <span class='ocrx_word' id='word_1_727' title='bbox 2847 4487 2979 4530; x_wconf 93' lang='lat' dir='ltr'><strong>cum</strong></span> <span class='ocrx_word' id='word_1_728' title='bbox 3015 4471 3255 4529; x_wconf 87' lang='lat' dir='ltr'><strong>civitate</strong></span> <span class='ocrx_word' id='word_1_729' title='bbox 3285 4471 3517 4528; x_wconf 88' lang='lat' dir='ltr'><strong>Semeth</strong></span> <span class='ocrx_word' id='word_1_730' title='bbox 3544 4471 3814 4530; x_wconf 88' lang='lat' dir='ltr'><strong>tradidit.</strong></span> 
     </span>
    </p>
   </div>
   <div class='ocr_carea' id='block_1_106' title="bbox 2174 4559 3816 4633">
    <p class='ocr_par' dir='ltr' id='par_1_106' title="bbox 2174 4559 3816 4633">
     <span class='ocr_line' id='line_1_106' title="bbox 2174 4559 3816 4633; baseline -0.001 -13"><span class='ocrx_word' id='word_1_731' title='bbox 2174 4561 2502 4622; x_wconf 91' lang='lat' dir='ltr'><strong>Ludovicus</strong></span> <span class='ocrx_word' id='word_1_732' title='bbox 2523 4561 2676 4620; x_wconf 84' lang='lat' dir='ltr'><strong>ﬁlius</strong></span> <span class='ocrx_word' id='word_1_733' title='bbox 2697 4561 2886 4633; x_wconf 85' lang='lat' dir='ltr'><strong>magni</strong></span> <span class='ocrx_word' id='word_1_734' title='bbox 2902 4559 3180 4632; x_wconf 91' lang='lat' dir='ltr'><strong>principis</strong></span> <span class='ocrx_word' id='word_1_735' title='bbox 3194 4559 3469 4632; x_wconf 90' lang='lat' dir='ltr'><strong>Caroli,in</strong></span> <span class='ocrx_word' id='word_1_736' title='bbox 3483 4559 3816 4633; x_wconf 85' lang='lat' dir='ltr'><strong>Hispaniam</strong></span> 
     </span>
    </p>
   </div>
   <div class='ocr_carea' id='block_1_107' title="bbox 2174 4647 3820 4724">
    <p class='ocr_par' dir='ltr' id='par_1_107' title="bbox 2174 4647 3820 4724">
     <span class='ocr_line' id='line_1_107' title="bbox 2174 4647 3820 4724; baseline -0.002 -14"><span class='ocrx_word' id='word_1_737' title='bbox 2174 4652 2455 4724; x_wconf 89' lang='lat' dir='ltr'><strong>mittitur,</strong></span> <span class='ocrx_word' id='word_1_738' title='bbox 2477 4655 2537 4708; x_wconf 92' lang='lat' dir='ltr'><strong>et</strong></span> <span class='ocrx_word' id='word_1_739' title='bbox 2559 4666 2691 4710; x_wconf 90' lang='lat' dir='ltr'><strong>cum</strong></span> <span class='ocrx_word' id='word_1_740' title='bbox 2713 4665 2783 4706; x_wconf 91' lang='lat' dir='ltr'><strong>eo</strong></span> <span class='ocrx_word' id='word_1_741' title='bbox 2805 4647 3049 4707; x_wconf 86' lang='lat' dir='ltr'><strong>Abdella</strong></span> <span class='ocrx_word' id='word_1_742' title='bbox 3074 4647 3430 4706; x_wconf 88' lang='lat' dir='ltr'><strong>Sarracenus</strong></span> <span class='ocrx_word' id='word_1_743' title='bbox 3452 4648 3608 4708; x_wconf 88' lang='lat' dir='ltr'><strong>ﬁlius</strong></span> <span class='ocrx_word' id='word_1_744' title='bbox 3627 4649 3820 4707; x_wconf 88' lang='lat' dir='ltr'><strong>Zathi-</strong></span> 
     </span>
    </p>
   </div>
   <div class='ocr_carea' id='block_1_108' title="bbox 2175 4733 3820 4812">
    <p class='ocr_par' dir='ltr' id='par_1_108' title="bbox 2175 4733 3820 4812">
     <span class='ocr_line' id='line_1_108' title="bbox 2175 4733 3820 4812; baseline -0.001 -16"><span class='ocrx_word' id='word_1_745' title='bbox 2175 4740 2484 4812; x_wconf 89' lang='lat' dir='ltr'><strong>binmauge</strong></span> <span class='ocrx_word' id='word_1_746' title='bbox 2524 4738 2702 4809; x_wconf 91' lang='lat' dir='ltr'><strong>regis,</strong></span> <span class='ocrx_word' id='word_1_747' title='bbox 2747 4735 2879 4808; x_wconf 89' lang='lat' dir='ltr'><strong>quia</strong></span> <span class='ocrx_word' id='word_1_748' title='bbox 2912 4736 3094 4792; x_wconf 84' lang='lat' dir='ltr'><strong>frater</strong></span> <span class='ocrx_word' id='word_1_749' title='bbox 3121 4733 3326 4808; x_wconf 89' lang='lat' dir='ltr'><strong>pulsus</strong></span> <span class='ocrx_word' id='word_1_750' title='bbox 3351 4735 3692 4794; x_wconf 79' lang='lat' dir='ltr'><strong>Mauritania</strong></span> <span class='ocrx_word' id='word_1_751' title='bbox 3722 4736 3820 4810; x_wconf 91' lang='lat' dir='ltr'><strong>pio</strong></span> 
     </span>
    </p>
   </div>
   <div class='ocr_carea' id='block_1_109' title="bbox 2172 4823 3820 4902">
    <p class='ocr_par' dir='ltr' id='par_1_109' title="bbox 2172 4823 3820 4902">
     <span class='ocr_line' id='line_1_109' title="bbox 2172 4823 3820 4902; baseline -0.002 -16"><span class='ocrx_word' id='word_1_752' title='bbox 2172 4829 2296 4902; x_wconf 90' lang='lat' dir='ltr'><strong>regi</strong></span> <span class='ocrx_word' id='word_1_753' title='bbox 2312 4827 2518 4887; x_wconf 86' lang='lat' dir='ltr'><strong>Carolo</strong></span> <span class='ocrx_word' id='word_1_754' title='bbox 2532 4841 2594 4884; x_wconf 91' lang='lat' dir='ltr'><strong>se</strong></span> <span class='ocrx_word' id='word_1_755' title='bbox 2605 4824 2995 4884; x_wconf 89' lang='lat' dir='ltr'><strong>commiserat.</strong></span> <span class='ocrx_word' id='word_1_756' title='bbox 3011 4826 3196 4882; x_wconf 89' lang='lat' dir='ltr'><strong>Porro</strong></span> <span class='ocrx_word' id='word_1_757' title='bbox 3208 4823 3271 4880; x_wconf 88' lang='lat' dir='ltr'><strong>Pi</strong></span> <span class='ocrx_word' id='word_1_758' title='bbox 3279 4823 3488 4897; x_wconf 89' lang='lat' dir='ltr'><strong>ppinus</strong></span> <span class='ocrx_word' id='word_1_759' title='bbox 3500 4824 3648 4882; x_wconf 88' lang='lat' dir='ltr'><strong>alius</strong></span> <span class='ocrx_word' id='word_1_760' title='bbox 3661 4823 3820 4882; x_wconf 89' lang='lat' dir='ltr'><strong>ﬁlius</strong></span> 
     </span>
    </p>
   </div>
   <div class='ocr_carea' id='block_1_110' title="bbox 2174 4911 3816 4989">
    <p class='ocr_par' dir='ltr' id='par_1_110' title="bbox 2174 4911 3816 4989">
     <span class='ocr_line' id='line_1_110' title="bbox 2174 4911 3816 4989; baseline -0.003 -14"><span class='ocrx_word' id='word_1_761' title='bbox 2174 4917 2246 4975; x_wconf 87' lang='lat' dir='ltr'><strong>ad</strong></span> <span class='ocrx_word' id='word_1_762' title='bbox 2269 4915 2689 4989; x_wconf 90' lang='lat' dir='ltr'><strong>disponendam</strong></span> <span class='ocrx_word' id='word_1_763' title='bbox 2703 4911 2927 4971; x_wconf 86' lang='lat' dir='ltr'><strong>Italiam</strong></span> <span class='ocrx_word' id='word_1_764' title='bbox 2941 4911 3342 4972; x_wconf 89' lang='lat' dir='ltr'><strong>constituitur.</strong></span> <span class='ocrx_word' id='word_1_765' title='bbox 3359 4911 3816 4984; x_wconf 88' lang='lat' dir='ltr'><strong>Norluidi,trans</strong></span> 
     </span>
    </p>
   </div>
   <div class='ocr_carea' id='block_1_111' title="bbox 2173 4999 3822 5073">
    <p class='ocr_par' dir='ltr' id='par_1_111' title="bbox 2173 4999 3822 5073">
     <span class='ocr_line' id='line_1_111' title="bbox 2173 4999 3822 5073; baseline -0.001 -12"><span class='ocrx_word' id='word_1_766' title='bbox 2173 5004 2400 5061; x_wconf 87' lang='lat' dir='ltr'><strong>Albiam</strong></span> <span class='ocrx_word' id='word_1_767' title='bbox 2425 5002 2956 5073; x_wconf 89' lang='lat' dir='ltr'><strong>sedentes,legatos</strong></span> <span class='ocrx_word' id='word_1_768' title='bbox 2977 4999 3172 5072; x_wconf 90' lang='lat' dir='ltr'><strong>regios</strong></span> <span class='ocrx_word' id='word_1_769' title='bbox 3193 4999 3291 5072; x_wconf 88' lang='lat' dir='ltr'><strong>qui</strong></span> <span class='ocrx_word' id='word_1_770' title='bbox 3312 5005 3453 5058; x_wconf 90' lang='lat' dir='ltr'><strong>tunc</strong></span> <span class='ocrx_word' id='word_1_771' title='bbox 3475 5000 3546 5058; x_wconf 91' lang='lat' dir='ltr'><strong>ad</strong></span> <span class='ocrx_word' id='word_1_772' title='bbox 3561 5000 3822 5072; x_wconf 87' lang='lat' dir='ltr'><strong>iustitias</strong></span> 
     </span>
    </p>
   </div>
   <div class='ocr_carea' id='block_1_112' title="bbox 2174 5088 3814 5162">
    <p class='ocr_par' dir='ltr' id='par_1_112' title="bbox 2174 5088 3814 5162">
     <span class='ocr_line' id='line_1_112' title="bbox 2174 5088 3814 5162; baseline -0.002 -14"><span class='ocrx_word' id='word_1_773' title='bbox 2174 5091 2470 5149; x_wconf 82' lang='lat' dir='ltr'><strong>faciendas</strong></span> <span class='ocrx_word' id='word_1_774' title='bbox 2513 5105 2644 5148; x_wconf 91' lang='lat' dir='ltr'><strong>cum</strong></span> <span class='ocrx_word' id='word_1_775' title='bbox 2695 5089 2780 5147; x_wconf 93' lang='lat' dir='ltr'><strong>eis</strong></span> <span class='ocrx_word' id='word_1_776' title='bbox 2825 5089 3234 5156; x_wconf 89' lang='lat' dir='ltr'><strong>versabantur,</strong></span> <span class='ocrx_word' id='word_1_777' title='bbox 3261 5088 3765 5162; x_wconf 89' lang='lat' dir='ltr'><strong>comprehendunt</strong></span> <span class='ocrx_word' id='word_1_778' title='bbox 3799 5107 3814 5144; x_wconf 87' lang='lat'><strong>:</strong></span> 
     </span>
    </p>
   </div>
   <div class='ocr_carea' id='block_1_113' title="bbox 2173 5175 3816 5256">
    <p class='ocr_par' dir='ltr' id='par_1_113' title="bbox 2173 5175 3816 5256">
     <span class='ocr_line' id='line_1_113' title="bbox 2173 5175 3816 5256; baseline -0.003 -17"><span class='ocrx_word' id='word_1_779' title='bbox 2173 5179 2450 5256; x_wconf 88' lang='lat' dir='ltr'><strong>quosdam</strong></span> <span class='ocrx_word' id='word_1_780' title='bbox 2475 5194 2549 5238; x_wconf 89' lang='lat' dir='ltr'><strong>ex</strong></span> <span class='ocrx_word' id='word_1_781' title='bbox 2571 5179 2657 5236; x_wconf 92' lang='lat' dir='ltr'><strong>eis</strong></span> <span class='ocrx_word' id='word_1_782' title='bbox 2679 5177 2976 5246; x_wconf 91' lang='lat' dir='ltr'><strong>occidunt,</strong></span> <span class='ocrx_word' id='word_1_783' title='bbox 3001 5175 3281 5248; x_wconf 89' lang='lat' dir='ltr'><strong>quosdam</strong></span> <span class='ocrx_word' id='word_1_784' title='bbox 3313 5177 3384 5235; x_wconf 89' lang='lat' dir='ltr'><strong>ad</strong></span> <span class='ocrx_word' id='word_1_785' title='bbox 3413 5177 3816 5234; x_wconf 89' lang='lat' dir='ltr'><strong>redimendum</strong></span> 
     </span>
    </p>
   </div>
   <div class='ocr_carea' id='block_1_114' title="bbox 2169 5265 3822 5328">
    <p class='ocr_par' dir='ltr' id='par_1_114' title="bbox 2169 5265 3822 5328">
     <span class='ocr_line' id='line_1_114' title="bbox 2169 5265 3822 5328; baseline -0.003 0"><span class='ocrx_word' id='word_1_786' title='bbox 2169 5269 2449 5328; x_wconf 90' lang='lat' dir='ltr'><strong>retinent.</strong></span> <span class='ocrx_word' id='word_1_787' title='bbox 2481 5267 2698 5325; x_wconf 90' lang='lat' dir='ltr'><strong>Deinde</strong></span> <span class='ocrx_word' id='word_1_788' title='bbox 2727 5271 2930 5326; x_wconf 88' lang='lat' dir='ltr'><strong>contra</strong></span> <span class='ocrx_word' id='word_1_789' title='bbox 2959 5267 3409 5324; x_wconf 89' lang='lat' dir='ltr'><strong>Trassucconem</strong></span> <span class='ocrx_word' id='word_1_790' title='bbox 3438 5265 3643 5324; x_wconf 91' lang='lat' dir='ltr'><strong>ducem</strong></span> <span class='ocrx_word' id='word_1_791' title='bbox 3667 5265 3822 5323; x_wconf 89' lang='lat' dir='ltr'><strong>Abo-</strong></span> 
     </span>
    </p>
   </div>
   <div class='ocr_carea' id='block_1_115' title="bbox 2171 5352 3817 5426">
    <p class='ocr_par' dir='ltr' id='par_1_115' title="bbox 2171 5352 3817 5426">
     <span class='ocr_line' id='line_1_115' title="bbox 2171 5352 3817 5426; baseline -0.001 -12"><span class='ocrx_word' id='word_1_792' title='bbox 2171 5357 2466 5416; x_wconf 86' lang='lat' dir='ltr'><strong>dritorum</strong></span> <span class='ocrx_word' id='word_1_793' title='bbox 2487 5359 2548 5415; x_wconf 92' lang='lat' dir='ltr'><strong>et</strong></span> <span class='ocrx_word' id='word_1_794' title='bbox 2572 5355 2919 5414; x_wconf 85' lang='lat' dir='ltr'><strong>Heburisum</strong></span> <span class='ocrx_word' id='word_1_795' title='bbox 2943 5354 3201 5426; x_wconf 87' lang='lat' dir='ltr'><strong>legatum</strong></span> <span class='ocrx_word' id='word_1_796' title='bbox 3231 5355 3603 5423; x_wconf 86' lang='lat' dir='ltr'><strong>Francorum,</strong></span> <span class='ocrx_word' id='word_1_797' title='bbox 3629 5352 3817 5412; x_wconf 87' lang='lat' dir='ltr'><strong>aciem</strong></span> 
     </span>
    </p>
   </div>
   <div class='ocr_carea' id='block_1_116' title="bbox 2171 5439 3820 5518">
    <p class='ocr_par' dir='ltr' id='par_1_116' title="bbox 2171 5439 3820 5518">
     <span class='ocr_line' id='line_1_116' title="bbox 2171 5439 3820 5518; baseline -0.004 -14"><span class='ocrx_word' id='word_1_798' title='bbox 2171 5445 2451 5518; x_wconf 87' lang='lat' dir='ltr'><strong>dirigunt.</strong></span> <span class='ocrx_word' id='word_1_799' title='bbox 2499 5447 2563 5502; x_wconf 87' lang='lat' dir='ltr'><strong>In</strong></span> <span class='ocrx_word' id='word_1_800' title='bbox 2595 5460 2665 5504; x_wconf 91' lang='lat' dir='ltr'><strong>eo</strong></span> <span class='ocrx_word' id='word_1_801' title='bbox 2707 5444 2838 5504; x_wconf 93' lang='lat' dir='ltr'><strong>loco</strong></span> <span class='ocrx_word' id='word_1_802' title='bbox 2873 5457 3027 5502; x_wconf 62' lang='lat' dir='ltr'><strong>caesa</strong></span> <span class='ocrx_word' id='word_1_803' title='bbox 3056 5447 3188 5502; x_wconf 89' lang='lat' dir='ltr'><strong>sunt</strong></span> <span class='ocrx_word' id='word_1_804' title='bbox 3220 5455 3295 5499; x_wconf 84' lang='lat' dir='ltr'><strong>ex</strong></span> <span class='ocrx_word' id='word_1_805' title='bbox 3321 5439 3647 5498; x_wconf 87' lang='lat' dir='ltr'><strong>Nortluidis</strong></span> <span class='ocrx_word' id='word_1_806' title='bbox 3679 5455 3820 5514; x_wconf 90' lang='lat' dir='ltr'><strong>qua-</strong></span> 
     </span>
    </p>
   </div>
   <div class='ocr_carea' id='block_1_117' title="bbox 480 5579 3818 5674">
    <p class='ocr_par' dir='ltr' id='par_1_117' title="bbox 480 5579 3818 5674">
     <span class='ocr_line' id='line_1_117' title="bbox 480 5579 3818 5674; baseline 0.001 -31"><span class='ocrx_word' id='word_1_807' title='bbox 480 5579 921 5662; x_wconf 55' lang='lat' dir='ltr'><strong>P-Pampiloniae</strong></span> <span class='ocrx_word' id='word_1_808' title='bbox 942 5598 1144 5652; x_wconf 84' lang='lat' dir='ltr'><strong>muros</strong></span> <span class='ocrx_word' id='word_1_809' title='bbox 1162 5590 1418 5654; x_wconf 83' lang='lat' dir='ltr'><strong>adventu</strong></span> <span class='ocrx_word' id='word_1_810' title='bbox 1440 5593 1939 5660; x_wconf 84' lang='lat' dir='ltr'><strong>Carolicorruisse</strong></span> <span class='ocrx_word' id='word_1_811' title='bbox 1951 5594 2195 5674; x_wconf 81' lang='lat' dir='ltr'><strong>scripsit</strong></span> <span class='ocrx_word' id='word_1_812' title='bbox 2205 5595 2500 5672; x_wconf 84' lang='lat' dir='ltr'><strong>Turpinus</strong></span> <span class='ocrx_word' id='word_1_813' title='bbox 2509 5598 2668 5659; x_wconf 89' lang='lat' dir='ltr'><strong>arch.</strong></span> <span class='ocrx_word' id='word_1_814' title='bbox 2693 5609 2747 5659; x_wconf 88' lang='lat' dir='ltr'><strong>c.</strong></span> <span class='ocrx_word' id='word_1_815' title='bbox 2772 5599 2826 5670; x_wconf 86' lang='lat'><strong>3,</strong></span> <span class='ocrx_word' id='word_1_816' title='bbox 2841 5595 2914 5656; x_wconf 86' lang='lat' dir='ltr'><strong>de</strong></span> <span class='ocrx_word' id='word_1_817' title='bbox 2926 5593 3056 5656; x_wconf 86' lang='lat' dir='ltr'><strong>Vita</strong></span> <span class='ocrx_word' id='word_1_818' title='bbox 3073 5590 3264 5654; x_wconf 86' lang='lat' dir='ltr'><strong>Caroli</strong></span> <span class='ocrx_word' id='word_1_819' title='bbox 3285 5589 3470 5666; x_wconf 75' lang='lat' dir='ltr'><strong>Magni</strong></span> <span class='ocrx_word' id='word_1_820' title='bbox 3481 5590 3818 5652; x_wconf 82' lang='lat' dir='ltr'><strong>etRolandi.</strong></span> 
     </span>
    </p>
   </div>
  </div>
