4078 6180
203 309 298 363 129
1373 305 1799 365 CHRONICON.
1849 336 1918 346 —
1956 304 2152 364 AETAS
2191 307 2429 364 SEXTA.

3497 316 3603 370 130

200 436 328 485 tuor
356 425 544 484 millia
573 446 587 482 :
618 425 820 484 cmteri
845 439 1043 498 pacem
1069 430 1340 498 petentes
1363 430 1588 502 seipsos
1616 429 1851 486 dedide-
1878 430 1931 491 A
1964 429 2104 488 lium
2122 430 2176 486 in
2191 430 2435 488 ecclesia
2462 430 2614 487 beati
2641 428 2798 485 Petri
2823 430 3069 502 apostoli
3087 435 3373 503 praesente
3387 435 3602 506 popqu

201 522 352 574 runt.
395 517 782 572 Viennensem
809 520 946 572 tunc
970 518 1250 587 temporis
1272 518 1806 588 Ecclesiam,Ursus
1831 539 1843 574 :

203 603 318 659 Αάο
337 603 788 673 Lugdunensem
813 603 1130 660 Ecclesiam
1154 607 1415 674 regebat.
1433 608 1568 661 Post
1593 607 1848 661 Adonem

201 706 378 762 nepos
407 690 540 759 ejus
575 690 836 746 llduinus
860 690 1157 762 paululum
1187 692 1623 762 Lugdunensem
1657 692 1852 749 Eccle-

200 779 335 834 siam
395 794 512 834 non
567 778 879 850 episcopus
925 779 1115 835 tenuit
1153 800 1165 834 :
1199 786 1256 836 et
1291 783 1613 838 abscedens
1643 781 1852 838 Lirinis

200 865 404 922 insulae
431 865 788 922 monasterio
805 867 1197 923 monachalem
1212 870 1711 926 conversationem
1729 885 1851 926 sus-

199 953 374 1024 cepit.
416 955 553 1009 Post
587 954 815 1023 Ursum,
843 952 1031 1009 nimiaa
1062 954 1457 1026 simplicitatis
1487 956 1846 1029 episcopum,

201 1039 398 1095 Wlferi
437 1053 608 1110 quem
643 1037 947 1096 Wltreiam
983 1041 1172 1112 patrio
1205 1045 1430 1100 nomine
1454 1044 1846 1116 appellarunt,

201 1127 543 1197 Baiovarius
571 1128 955 1185 Viennensem
994 1127 1392 1201 episCOpatum
1424 1132 1702 1203 suscepit.

271 1213 420 1288 [799]
441 1217 624 1270 Porro
649 1214 1092 1283 Lugdunensem
1119 1217 1435 1275 Leidradus
1464 1218 1553 1274 vir
1583 1217 1847 1276 saeculari

201 1303 474 1373 dignitati
508 1302 956 1375 intentissimus,
973 1309 1030 1360 et
1065 1304 1267 1361 honori
1292 1305 1632 1378 reipublicze
1663 1305 1844 1378 utilis,

202 1392 347 1449 rexit
372 1390 697 1448 Ecclesiam
726 1391 1109 1450 Viennensem
1140 1394 1341 1450 Wlferi
1366 1396 1531 1453 annis
1555 1396 1845 1453 undecim.

200 1479 618 1537 Constantinus
639 1479 961 1552 imperator
984 1498 1012 1538 a
1037 1483 1160 1539 suis
1181 1488 1392 1555 captus
1424 1490 1482 1540 et
1516 1489 1850 1542 excaecatus

203 1570 481 1626 est.lrena
498 1573 686 1624 mater
699 1569 826 1638 ejus
840 1569 913 1625 im
924 1570 1182 1641 pcratrix
1201 1572 1698 1644 Constantinopoli
1715 1572 1851 1628 resi-

203 1658 337 1714 dens
352 1662 492 1713 octo
509 1671 693 1712 annos
708 1661 834 1728 post
854 1658 1181 1730 imperavit.
1193 1661 1326 1716 Haec
1341 1661 1409 1716 ad
1426 1660 1848 1718 excellentissi-

1962 535 2168 578 manus
2197 520 2515 592 imponens,
2543 519 2924 590 jurejurando
2954 519 3219 576 invocato
3244 526 3459 579 sanctae
3480 524 3601 580 Tri-

1909 683 1912 686 ν
1961 611 2164 666 nitatis
2196 612 2424 667 nomine
2455 610 2791 667 videntibus
2821 614 2878 665 et
2911 608 3283 667 audientibus
3305 612 3596 684 omnibus,

1961 700 2243 757 satisfecit
2276 715 2337 756 se
2367 699 2661 756 conscium
2695 713 2804 755 non
2836 713 2964 755 esse
2991 698 3252 756 criminis
3273 701 3426 756 unde
3460 701 3603 758 falso

1959 788 2329 861 culpabatur.
2358 789 2569 845 Eodem
2594 789 2686 845 die
2713 793 2986 859 receptus
3007 793 3095 844 est
3126 788 3430 844 Zacharias
3453 787 3605 858 lega-

1959 880 2059 933 tus
2107 879 2179 933 ab
2224 876 2634 948 Hierosolymis
2666 881 2988 947 revertens,
3025 875 3193 933 simul
3226 881 3284 931 et
3316 891 3446 932 cum
3479 876 3605 948 ipso

1964 965 2311 1037 patriarchae
2334 965 2680 1036 legati,cum
2705 964 2968 1021 clavibus
2991 963 3247 1036 sepulcri
3263 963 3508 1036 Domini,
3527 965 3605 1022 ci-

1961 1053 2160 1110 vitatis
2202 1069 2432 1125 quoque
2465 1069 2531 1111 ac
2565 1053 2778 1111 montis
2809 1053 3019 1110 Oliveti
3054 1054 3388 1110 deferentes
3428 1055 3604 1111 etiam

1958 1141 2236 1198 vexillum
2263 1143 2440 1199 urbis.
2466 1145 2526 1198 In
2549 1143 2640 1198 die
2663 1147 2865 1198 sancto
2884 1141 3210 1199 nativitatis
3229 1142 3451 1198 Domini
3471 1147 3608 1200 ante

1956 1231 2374 1288 confessionem
2399 1232 2554 1288 Petri
2587 1230 2856 1303 apostoli,
2889 1246 3019 1288 cum
3051 1230 3341 1301 gloriosus
3371 1245 3476 1288 rex
3509 1232 3609 1288 Ca-

1960 1319 2121 1376 rolus
2152 1321 2224 1377 ab
2256 1321 2518 1377 oratione
2571 1320 2947 1391 surrexisset,
2983 1322 3094 1376 Leo
3127 1320 3386 1391 pontifex
3424 1321 3604 1392 capiti

1959 1408 2084 1478 ejus
2113 1425 2384 1466 coronam
2410 1409 2682 1481 imposuit
2706 1410 2905 1480 sicque
2928 1410 3000 1464 ab
3026 1408 3296 1465 universo
3320 1411 3605 1466 Romano-

1959 1512 2086 1553 rum
2112 1497 2324 1569 populo
2347 1497 2726 1554 acclamatum
2749 1501 2836 1553 est
2863 1517 2874 1552 :
2911 1495 3115 1552 Carolo
3137 1497 3401 1566 Augusto
3427 1511 3457 1552 a
3484 1498 3602 1553 Deo

1957 1589 2257 1656 coronato,
2277 1599 2481 1654 magno
2503 1589 2558 1640 et
2583 1583 3170 1656 paciﬁcoimperatori
3186 1584 3596 1654 Romanorum,

1955 1673 2076 1728 vita
2102 1677 2158 1727 et
2187 1672 2450 1729 victoria.
2479 1672 2763 1728 Perfectis
2787 1671 3122 1742 laudibus,a
3149 1670 3421 1742 pontifice
3445 1685 3605 1727 more

203 1763 347 1804 mum
370 1762 577 1836 regem
603 1747 869 1804 εθΐοίυῐη
895 1748 1243 1818 legationem
1272 1765 1375 1821 ρνο
1402 1765 1542 1822 P309
1565 1751 1847 1807 servanda
1887 1780 1933 1836 ῃ
1969 1761 2316 1834 principium
2353 1761 2723 1832 antiquorum
2757 1759 3034 1817 adoratus
3064 1764 3174 1831 est,
3200 1763 3376 1831 atque
3410 1758 3608 1815 ablato

204 1839 370 1895 misit.
391 1835 577 1893 Stella
594 1853 723 1908 quae
738 1838 935 1895 Martis
949 1839 1183 1911 dicitur,
1201 1854 1269 1896 eo
1285 1855 1477 1896 annoa
1492 1840 1850 1897 menseJulio

205 1941 380 1998 usque
413 1927 487 1983 ad
523 1925 700 1982 alium
736 1941 988 1983 mensem
1019 1927 1232 1984 Iulium
1270 1929 1452 1985 videri
1491 1943 1602 1985 non
1637 1929 1848 2001 potuit.

204 2015 472 2072 Baleares
505 2014 713 2071 insulae
745 2029 774 2070 a
807 2015 1020 2071 Mauris
1051 2020 1107 2072 et
1136 2017 1474 2074 Sarracenis
1496 2017 1850 2088 depraedatze

204 2111 349 2163 sunt.
406 2104 704 2161 Hadefons
755 2118 860 2160 rex
900 2105 1156 2162 Gallicize
1189 2111 1247 2162 et
1278 2108 1552 2178 Austriae,
1590 2108 1850 2179 praedata

207 2194 502 2266 Olisipona
555 2193 760 2250 ultima
801 2193 1040 2249 civitate
1075 2195 1384 2268 Hispaniae,
1419 2195 1683 2252 victoriae
1719 2195 1852 2252 insi-

204 2284 348 2353 gnia,
385 2283 610 2340 multas
647 2281 877 2352 loricas,
927 2283 1131 2355 mulos,
1178 2285 1557 2356 captivosque
1604 2287 1848 2355 Mauros,

205 2368 456 2438 glorioso
479 2368 604 2437 regi
629 2367 833 2423 Carolo
859 2383 962 2438 per
987 2367 1210 2439 legatos
1235 2371 1408 2426 misit.
1438 2371 1677 2427 Romani
1704 2385 1853 2427 anno

208 2457 627 2513 lncarnationis
667 2455 887 2512 Domini
928 2457 1448 2529 septingentesimo
1482 2459 1854 2530 nonagesimo

208 2560 368 2616 nono,
396 2547 650 2601 Leonem
677 2544 1030 2616 pontiﬁcem,
1057 2547 1307 2618 septimo
1333 2547 1572 2604 Kalend.
1601 2548 1750 2618 Maii,
1777 2547 1856 2604 le-

209 2635 353 2690 tania
393 2633 636 2703 majore,
667 2638 903 2704 captum
928 2641 1394 2707 excaecaverunt,
1426 2643 1486 2693 ut
1518 2638 1724 2708 fertur,
1750 2636 1852 2691 lin-

203 2737 493 2792 guamque
529 2721 711 2794 ipsius
743 2722 1155 2793 praeciderunt.
1192 2725 1423 2782 Positus
1455 2726 1652 2796 itaque
1676 2726 1732 2780 in
1754 2740 1856 2782 cu-

207 2811 423 2880 stodia,
475 2825 576 2882 per
625 2825 854 2866 murum
915 2814 1090 2868 noctu
1150 2814 1376 2883 aufugit
1430 2813 1500 2870 ad
1550 2814 1854 2871 ecclesiam

209 2899 364 2955 beati
399 2899 580 2970 Petri,
619 2898 716 2955 ubi
747 2903 888 2956 tunc
941 2900 1088 2955 forte
1133 2899 1311 2970 legati
1365 2903 1714 2958 Francorum
1760 2903 1857 2958 ad-

209 2993 369 3043 erant
406 3007 420 3042 :
452 2987 588 3044 inde
621 2987 870 3060 primum
895 2987 1192 3060 Spoletum
1217 2989 1527 3059 deductus,
1555 3004 1621 3046 ac
1646 2990 1856 3046 deinde

211 3077 279 3133 ad
315 3077 636 3147 gloriosum
670 3091 865 3146 regem
898 3077 1162 3134 Carolum
1197 3078 1252 3133 in
1285 3077 1590 3134 Saxoniam
1639 3079 1694 3133 in
1731 3078 1857 3135 loco

213 3166 539 3236 quidicitur
554 3166 958 3236 Badrabunnc,
979 3165 1175 3239 ibique
1189 3167 1506 3224 honorifice
1525 3171 1854 3238 susceptus,

211 3258 382 3325 atque
429 3270 563 3310 cum
615 3255 818 3311 eodem
861 3255 1077 3311 honore
1109 3257 1344 3312 Romam
1380 3257 1676 3312 remissus.
1713 3258 1857 3312 Ava-

213 3358 405 3399 rorum
434 3359 581 3414 gens
613 3345 669 3399 in
704 3340 1006 3416 perﬁdiam
1035 3344 1286 3417 relapsa,
1315 3345 1618 3402 Herrieum
1651 3346 1855 3401 ducem

211 3432 663 3502 Forojuliensem
686 3432 838 3503 apud
858 3434 1207 3490 Tarsatieam
1232 3434 1520 3491 Liburnize
1533 3433 1854 3504 civitatem,

213 3520 432 3578 insidiis
461 3521 924 3577 circumventum
957 3523 1314 3593 opprimunt.

282 3609 565 3666 Ceraldus
599 3624 828 3680 quoque
853 3609 1168 3679 Bajovariae
1194 3611 1526 3682 praefectus,
1553 3610 1859 3668 commisso

216 3700 411 3771 praelio
439 3715 573 3757 cum
609 3699 834 3769 Avaris,
860 3700 1166 3756 occiditur.
1197 3701 1307 3756 Sed
1335 3700 1605 3757 Baleares
1631 3699 1856 3769 insulae,

216 3803 338 3860 qua:
369 3805 401 3844 a
425 3789 644 3846 Mauris
663 3793 720 3844 et
748 3789 1083 3845 Sarracenis
1107 3790 1461 3860 deprzedataz
1490 3789 1743 3858 fuerant,
1770 3803 1860 3843 ac-

215 3884 381 3950 cepto
403 3894 433 3934 a
459 3877 698 3934 Francis
719 3877 937 3934 auxilio
961 3883 1018 3933 et
1046 3878 1152 3948 ipsi
1183 3893 1310 3934 sese
1337 3878 1711 3934 dediderunt.
1740 3875 1860 3933 Bri-

218 3971 410 4024 tonum
441 3967 605 4038 signa
637 3971 694 4022 et
729 3981 888 4022 arma
921 3966 1133 4023 ducum
1166 3966 1496 4024 nominibus
1520 3966 1752 4024 illorum
1778 3966 1860 4022 in-

215 4057 427 4127 scripta
463 4071 570 4128 per
601 4055 902 4111 Widonem
934 4054 1348 4127 Marchensem,
1384 4055 1482 4128 qui
1515 4060 1699 4113 totam
1740 4055 1861 4111 Bri-

217 4145 428 4201 taniam
502 4144 986 4216 perlustraverat,
1059 4159 1302 4216 eamque
1371 4145 1426 4201 in
1505 4145 1859 4202 deditionem

217 4237 543 4304 acceperat,
576 4231 832 4303 glorioso
865 4233 986 4303 regi
1020 4233 1224 4290 Carolo
1265 4233 1459 4290 delata
1509 4238 1667 4306 sunt,
1712 4237 1862 4290 tota-

219 4335 322 4392 que
359 4322 658 4378 Britannia
690 4327 832 4379 tunc
866 4322 1114 4394 primum
1151 4323 1384 4380 Francis
1413 4322 1722 4393 subjugata
1747 4327 1856 4380 est.

220 4411 516 4468 Gloriosus
565 4426 668 4468 rex
710 4411 951 4468 Carolus
983 4411 1361 4483 reliquiarum
1395 4412 1859 4468 benedictionem

1888 3126 1936 3188 C

1968 1849 2190 1922 patritii
2226 1849 2474 1920 nomine,
2511 1850 2665 1920 quod
2701 1849 2947 1920 primum
2971 1849 3027 1904 in
3051 1848 3253 1904 eadem
3279 1848 3423 1904 urbe
3447 1861 3609 1904 acce-

1963 1943 2151 2010 perat,
2168 1939 2491 2010 Imperator
2512 1941 2570 1994 et
2595 1939 2892 2006 Augustus
2917 1935 3266 2008 appellatur.
3294 1936 3378 1992 Ad
3403 1934 3608 1991 missas

1964 2027 2224 2098 pontifex
2256 2027 2583 2097 ingreditur
2608 2041 2739 2082 cum
2770 2025 2931 2081 clero
2953 2041 3077 2081 suo.

2037 2116 2179 2186 [800]
2235 2115 2474 2172 Carolus
2522 2115 2840 2185 imperator
2873 2113 3092 2184 primus
3123 2125 3196 2167 ex
3225 2114 3401 2180 gente
3436 2111 3608 2166 Fran-

1960 2217 2183 2272 corum,
2219 2201 2382 2258 annis
2424 2200 2807 2272 quadraginta
2852 2199 3128 2270 quinque.
3164 2197 3264 2254 Hic
3298 2202 3605 2268 postquam

1963 2292 2196 2348 Romam
2248 2291 2545 2361 ingressus
2595 2287 2965 2362 imperatoris
3004 2291 3062 2343 et
3116 2286 3348 2356 augusti
3400 2299 3607 2341 nomen

1965 2380 2229 2452 sumpsit,
2259 2379 2432 2449 jussit
2464 2394 2567 2436 eos
2599 2379 2694 2450 qui
2731 2377 3060 2450 pontiﬁcem
3092 2377 3337 2432 Leonem
3366 2379 3488 2430 tam
3530 2374 3614 2429 in-

1964 2468 2205 2524 honeste
2227 2467 2642 2540 etjindecenter
2656 2467 3003 2539 deponendo
3025 2462 3608 2532 contumeliaverant,

1963 2555 2073 2611 sibi
2117 2553 2405 2624 exhiberi,
2440 2559 2498 2610 et
2543 2553 2866 2624 quaestione
2900 2553 2971 2609 de
3005 2551 3090 2608 eis
3112 2550 3331 2621 habita,
3358 2549 3487 2620 lege
3518 2563 3608 2604 ro-

1965 2657 2151 2713 mana,
2188 2648 2249 2699 ut
2286 2644 2371 2698 rei
2397 2642 2755 2713 magestatis,
2793 2641 2987 2712 capite
3020 2637 3274 2696 damnati
3307 2640 3461 2693 sunt.
3496 2637 3608 2692 Pro

1967 2747 2210 2803 quorum
2244 2736 2437 2788 tamen
2471 2731 2588 2787 vita
2626 2745 2773 2802 papa
2805 2734 2862 2785 et
2901 2728 3162 2800 pontifex
3200 2723 3610 2796 benignissime

1967 2821 2297 2878 intercessit
2325 2839 2340 2889 ;
2371 2820 2538 2890 cujus
2569 2821 2843 2891 precibus
2873 2819 3192 2888 imperator
3223 2815 3309 2872 eis
3337 2814 3515 2871 vitam
3551 2818 3608 2869 et

1968 2910 2222 2965 membra
2251 2909 2592 2979 perdonavit
2627 2927 2640 2962 :
2676 2907 2732 2961 in
2756 2905 3025 2963 exsilium
3051 2909 3243 2960 tamen
3271 2917 3375 2973 pro
3401 2901 3611 2959 facino-

1968 2997 2048 3052 ris
2071 2994 2469 3064 magnitudine
2498 2993 2646 3064 pulsi
2667 2997 2823 3049 sunt.
2842 2991 3023 3061 Hujus
3046 2989 3314 3046 factionis
3338 2988 3610 3060 princeps

1967 3082 2262 3141 Paschalis
2292 3081 2699 3139 Nomenclator
2730 3079 2979 3138 exstitit.
3006 3077 3257 3136 Privatis
3279 3081 3336 3134 et
3363 3076 3612 3149 publicis

1970 3174 2147 3229 rebus
2177 3170 2496 3242 dispositis,
2532 3171 2781 3241 septimo
2812 3168 3050 3225 Kalend.
3079 3166 3252 3222 Maias
3283 3167 3458 3222 Roma
3484 3180 3614 3237 pro-

1971 3264 2178 3330 fectus,
2207 3259 2504 3332 Spoletum
2527 3259 2706 3316 venit.
2734 3260 2944 3315 Factus
2966 3259 3053 3313 est
3077 3259 3472 3324 terrzemotus,
3501 3253 3615 3326 pri-

1969 3352 2062 3407 die
2093 3349 2214 3406 Kal.
2251 3349 2378 3405 Maii
2414 3349 2553 3404 hora
2587 3347 2774 3404 noctis
2810 3346 3085 3415 secunda,
3122 3344 3218 3415 qui
3254 3357 3398 3415 pene
3430 3346 3613 3398 totam

1971 3439 2195 3495 Italiam
2217 3439 2533 3508 concussit,
2552 3438 2605 3492 in
2631 3440 2857 3492 tantum
2882 3439 3180 3492 uttectum
3197 3431 3350 3489 beati
3366 3431 3613 3503 apostoli

1968 3528 2153 3596 Pauli,
2179 3542 2309 3584 cum
2343 3527 2462 3583 suis
2484 3525 2755 3582 trabibus
2778 3539 2979 3594 magna
3004 3539 3076 3580 ex
3101 3525 3267 3594 parte
3291 3521 3610 3591 decideret,

1968 3621 2025 3672 et
2062 3618 2239 3672 urbes
2269 3619 2444 3685 atque
2477 3618 2702 3669 montes
2734 3613 2789 3668 in
2824 3611 3169 3683 quibusdam
3196 3610 3463 3681 partibus
3486 3622 3614 3666 rue-

1970 3710 2120 3761 rent.
2156 3705 2256 3760 Hic
2286 3707 2660 3759 terrmmotus
2690 3707 2747 3758 et
2782 3702 2837 3756 in
2871 3700 3069 3756 Galliis
3110 3704 3166 3755 et
3205 3698 3260 3754 in
3295 3695 3616 3753 Germaniis

1971 3791 2150 3849 multa
2185 3790 2308 3848 loca
2343 3790 2517 3845 etiam
2547 3788 2860 3846 concussit.
2889 3784 3232 3843 Pestilentia
3259 3798 3488 3856 quoque
3513 3784 3614 3839 im-

1971 3880 2156 3936 manis
2189 3882 2429 3950 propter
2461 3876 2761 3933 mollitiam
2793 3874 3018 3947 hyemis
3047 3874 3195 3929 facta
3219 3877 3328 3929 est.
3364 3870 3612 3943 Elephas

1969 3984 2100 4026 cum
2125 3967 2254 4024 aliis
2276 3966 2533 4024 donariis
2566 3981 2596 4022 a
2631 3979 2767 4035 rege
2798 3967 3108 4020 Persarum
3133 3965 3323 4019 Aaron
3348 3958 3614 4016 Amirali-

1971 4072 2107 4114 num
2141 4054 2479 4128 imperatori
2517 4069 2618 4127 per
2650 4054 2877 4124 legatos
2905 4051 3179 4108 mittitur.
3207 4049 3447 4122 Capitur
3478 4049 3614 4103 Bar-

1970 4146 2216 4204 chinona
2246 4145 2456 4202 civitas
2485 4143 2774 4216 Hispaniae
2818 4141 3049 4199 biennio
3081 4141 3340 4210 obsessa,
3372 4137 3615 4208 ejusque

1974 4236 2287 4306 praefectus
2309 4236 2484 4290 Zatus
2502 4248 2633 4290 cum
2662 4231 2928 4304 plurimis
2968 4230 3096 4287 aliis
3146 4226 3500 4286 Sarracenis.
3543 4225 3614 4282 Et

1973 4321 2030 4376 in
2061 4321 2226 4376 Italia
2258 4320 2476 4376 Theare
2525 4318 2798 4376 similiter
2823 4318 3032 4375 civitas
3070 4321 3241 4390 capta
3274 4319 3330 4372 et
3365 4314 3611 4384 intenta,

1974 4413 2148 4481 atque
2163 4407 2466 4465 Roselmus
2489 4408 2803 4480 praefectus
2842 4407 3017 4462 etiam
3041 4405 3223 4477 ipsius
3237 4403 3617 4475 comprehen-

220 4499 286 4556 de
331 4499 607 4570 sepulero
636 4498 861 4555 Domini
899 4514 929 4555 a
965 4479 1292 4571 patriarcha
1334 4498 1861 4572 Hierosolymitano
1888 4479 1941 4540 D
1973 4479 2151 4553 ditur.
2169 4498 2407 4568 Unaque
2431 4479 2524 4553 die
2546 4497 2718 4553 Zatus
2740 4499 2798 4551 et
2824 4494 3128 4552 Roselmus
3149 4493 3218 4550 ad
3243 4489 3614 4565 praesentiam

221 4588 562 4662 suscipiens,
598 4588 845 4645 maxima
871 4589 1019 4645 dona
1057 4603 1159 4661 per
1198 4587 1529 4645 Zachariam
1563 4589 1864 4660 presbyte-

222 4691 342 4733 rum
377 4677 793 4749 Hierosolymis
823 4675 894 4732 ad
921 4680 1117 4734 sancta
1149 4675 1270 4732 loca
1298 4675 1568 4732 remittit.
1591 4676 1865 4744 Leutgar-

223 4765 308 4823 dis
329 4767 533 4837 regina
555 4766 818 4838 Turonis,
847 4765 1032 4838 pridie
1055 4766 1244 4821 Nonas
1271 4763 1473 4821 Junias
1503 4762 1861 4834 defungitur,

223 4853 415 4927 ibique
447 4855 754 4928 sepelitur.
779 4857 915 4911 Post
941 4855 1062 4911 hac
1085 4853 1334 4910 eximius
1354 4868 1458 4908 rex
1490 4851 1730 4908 Carolus
1755 4853 1867 4907 Ita-

225 4942 352 5000 liam
377 4944 727 5015 ingreditur,
754 4943 1036 5000 orationis
1056 4943 1244 5014 gratia
1267 4944 1502 4998 Romam
1525 4941 1824 5014 profectus
1849 4959 1861 4994 :

221 5033 308 5088 cui
332 5031 594 5090 occurrit
623 5032 964 5088 duodecimo
989 5033 1060 5088 ab
1087 5030 1447 5103 Urbelapide
1470 5033 1582 5088 Leo
1606 5030 1868 5102 pontifex

225 5135 469 5193 eumque
483 5136 615 5178 cum
637 5137 860 5178 summo
883 5121 1102 5178 honore
1131 5121 1386 5192 suscepit
1413 5119 1636 5177 decima
1662 5124 1867 5176 octava

231 5209 462 5267 Kalend.
500 5211 800 5266 Decembr.
838 5213 949 5266 Per
979 5214 1202 5281 septem
1244 5209 1442 5279 itaque
1475 5209 1600 5265 dies
1633 5223 1868 5280 operam

231 5296 404 5371 dedit,
442 5305 506 5356 ut
541 5313 608 5355 ea
642 5313 772 5370 quae
805 5313 1109 5370 perperam
1144 5297 1221 5354 ibi
1255 5303 1383 5354 acta
1411 5298 1664 5368 fuerant,
1691 5298 1870 5353 nuda-

232 5393 445 5445 rentur.
474 5387 587 5445 Sed
612 5392 670 5444 et
696 5389 810 5443 Leo
832 5387 1094 5459 pontifex
1118 5387 1188 5444 de
1214 5385 1460 5456 objectis
1485 5385 1595 5443 sibi
1617 5384 1870 5443 crimini-

235 5475 336 5532 bus
372 5478 470 5535 diu
517 5492 718 5550 agens,
752 5492 882 5533 cum
926 5475 1044 5547 jam
1093 5475 1498 5533 criminatores
1531 5473 1867 5545 refellisset,

233 5567 526 5625 ambonem
576 5565 941 5636 conscendit,
975 5569 1035 5624 et
1083 5579 1258 5639 super
1307 5568 1574 5624 sanctum
1616 5566 1872 5635 Evange-

1975 4585 2345 4657 imperatoris
2412 4585 2670 4656 deducti,
2714 4584 2771 4641 in
2840 4583 3108 4641 exsilium
3184 4581 3400 4639 retrusi
3458 4583 3614 4638 sunt.

1974 4674 2139 4731 Irene
2183 4673 2524 4746 imperatrix
2554 4674 2625 4730 ad
2659 4673 3073 4744 imperatorem
3106 4669 3373 4728 Carolum
3397 4667 3609 4724 iterum

1976 4763 2128 4820 misit
2155 4779 2259 4834 pro
2289 4778 2428 4835 pace
2462 4763 2614 4818 inter
2653 4763 2904 4818 Francos
2944 4765 3000 4817 et
3045 4761 3275 4818 Graecos
3310 4753 3611 4813 firmanda.

2047 4850 2590 4909 Hortonacivitasin
2605 4849 2770 4907 Italia
2786 4851 2841 4905 in
2857 4849 3211 4906 deditionem
3226 4849 3461 4916 accepta
3483 4842 3618 4911 ;Lu-

1975 4940 2130 4997 ceria
2155 4955 2385 5011 quoque
2411 4938 2702 5011 frequenti
2724 4938 3026 4996 obsidione
3052 4938 3312 5006 fatigata,
3334 4935 3390 4988 et
3411 4931 3533 5001 ipsa
3559 4928 3616 4984 in

1979 5028 2334 5085 deditionem
2350 5027 2935 5098 venit.Winusus,qui
2953 5025 3172 5099 Spoleti
3189 5016 3458 5094 praesidio
3477 5031 3621 5089 prae-

1978 5121 2127 5187 erat,
2146 5116 2386 5173 adversa
2402 5114 2737 5172 valetudine
2756 5115 3050 5185 fatigatus,
3066 5115 3123 5168 et
3146 5110 3420 5166 obsessus
3443 5122 3473 5164 a
3497 5105 3621 5163 Gri-

1980 5206 2170 5263 maldo
2195 5207 2730 5263 Beneventanorum
2757 5205 2924 5268 duce,
2949 5201 3194 5272 capitur.
3221 5197 3402 5265 Quem
3425 5201 3620 5254 tamen

1979 5295 2585 5366 honoriﬁcetenuit,et
2603 5289 3046 5366 postmodumim
3067 5287 3321 5359 peratori
3338 5287 3616 5345 reddidit.

2055 5385 2197 5460 [803]
2255 5385 2417 5442 Circa
2458 5384 2734 5458 palatium
2767 5377 3134 5450 Aquisgrani,
3167 5393 3317 5436 anno
3357 5380 3622 5436 lncarna-

1981 5475 2156 5532 tionis
2203 5473 2426 5530 Domini
2474 5468 2955 5540 octingentesimo
2995 5468 3195 5540 tertio,
3246 5471 3621 5524 terrmmotus

1981 5565 2169 5624 factus
2197 5567 2328 5631 est;
2361 5561 2494 5620 inde
2515 5557 2842 5618 mortalitas
2868 5559 3204 5619 subsecuta.
3231 5559 3399 5618 [rene
3421 5557 3494 5613 ab
3516 5554 3618 5610 im-
