  <div class='ocr_page' id='page_1' title='image "/cluster/home/n/w/nwhite01/storage/ocr_20150623/123/hvd.32044054759857/071.png"; bbox 0 0 4078 6180; ppageno 0'>
   <div class='ocr_carea' id='block_1_1' title="bbox 420 289 515 341">
    <p class='ocr_par' dir='ltr' id='par_1_1' title="bbox 420 289 515 341">
     <span class='ocr_line' id='line_1_1' title="bbox 420 289 515 341; baseline 0.011 -1"><span class='ocrx_word' id='word_1_1' title='bbox 420 289 515 341; x_wconf 78' lang='grc'>131</span> 
     </span>
    </p>
   </div>
   <div class='ocr_carea' id='block_1_2' title="bbox 1481 257 2775 324">
    <p class='ocr_par' dir='ltr' id='par_1_2' title="bbox 1481 257 2775 324">
     <span class='ocr_line' id='line_1_2' title="bbox 1481 257 2775 324; baseline -0.006 0"><span class='ocrx_word' id='word_1_2' title='bbox 1481 269 1537 324; x_wconf 82' lang='grc'><strong>8.</strong></span> <span class='ocrx_word' id='word_1_3' title='bbox 1581 259 1841 324; x_wconf 77' lang='lat' dir='ltr'><strong>A’DONIS</strong></span> <span class='ocrx_word' id='word_1_4' title='bbox 1879 257 2316 320; x_wconf 72' lang='lat' dir='ltr'><strong>ARCHIEPISC.</strong></span> <span class='ocrx_word' id='word_1_5' title='bbox 2359 260 2775 319; x_wconf 83' lang='lat' dir='ltr'><strong>VIENNENSIS</strong></span> 
     </span>
    </p>
   </div>
   <div class='ocr_carea' id='block_1_3' title="bbox 3725 255 3840 318">
    <p class='ocr_par' dir='ltr' id='par_1_3' title="bbox 3725 255 3840 318">
     <span class='ocr_line' id='line_1_3' title="bbox 3725 255 3840 318; baseline -0.026 0"><span class='ocrx_word' id='word_1_6' title='bbox 3725 255 3840 318; x_wconf 67' lang='lat'><strong>13‘2</strong></span> 
     </span>
    </p>
   </div>
   <div class='ocr_carea' id='block_1_4' title="bbox 420 379 3832 484">
    <p class='ocr_par' dir='ltr' id='par_1_4' title="bbox 420 379 3832 484">
     <span class='ocr_line' id='line_1_4' title="bbox 420 379 3832 484; baseline -0.008 -20"><span class='ocrx_word' id='word_1_7' title='bbox 420 407 582 484; x_wconf 82' lang='lat' dir='ltr'><strong>pario</strong></span> <span class='ocrx_word' id='word_1_8' title='bbox 610 398 898 475; x_wconf 87' lang='lat' dir='ltr'><strong>deposita,</strong></span> <span class='ocrx_word' id='word_1_9' title='bbox 922 400 981 453; x_wconf 90' lang='lat' dir='ltr'><strong>et</strong></span> <span class='ocrx_word' id='word_1_10' title='bbox 1003 393 1364 484; x_wconf 69' lang='lat' dir='ltr'><strong>Nicephorus</strong></span> <span class='ocrx_word' id='word_1_11' title='bbox 1385 386 2053 484; x_wconf 75' lang='lat' dir='ltr'><strong>imperatorConstanti-</strong></span> <span class='ocrx_word' id='word_1_12' title='bbox 2082 387 2139 449; x_wconf 83' lang='lat' dir='ltr'><strong>A</strong></span> <span class='ocrx_word' id='word_1_13' title='bbox 2165 400 2272 443; x_wconf 91' lang='lat' dir='ltr'><strong>suo</strong></span> <span class='ocrx_word' id='word_1_14' title='bbox 2333 385 2663 455; x_wconf 80' lang='lat' dir='ltr'><strong>subjectum</strong></span> <span class='ocrx_word' id='word_1_15' title='bbox 2715 382 2826 442; x_wconf 84' lang='lat' dir='ltr'><strong>sibi</strong></span> <span class='ocrx_word' id='word_1_16' title='bbox 2871 381 3198 456; x_wconf 83' lang='lat' dir='ltr'><strong>cymbalum</strong></span> <span class='ocrx_word' id='word_1_17' title='bbox 3244 379 3459 439; x_wconf 76' lang='lat' dir='ltr'><strong>tinnire</strong></span> <span class='ocrx_word' id='word_1_18' title='bbox 3489 381 3783 440; x_wconf 91' lang='lat' dir='ltr'><strong>faciebant</strong></span> <span class='ocrx_word' id='word_1_19' title='bbox 3818 401 3832 437; x_wconf 91' lang='lat'>:</span> 
     </span>
    </p>
   </div>
   <div class='ocr_carea' id='block_1_5' title="bbox 420 474 2068 570">
    <p class='ocr_par' dir='ltr' id='par_1_5' title="bbox 420 474 2068 570">
     <span class='ocr_line' id='line_1_5' title="bbox 420 474 2068 570; baseline -0.016 -15"><span class='ocrx_word' id='word_1_20' title='bbox 420 474 615 570; x_wconf 75' lang='lat' dir='ltr'><strong>nopoli</strong></span> <span class='ocrx_word' id='word_1_21' title='bbox 632 474 889 560; x_wconf 85' lang='lat' dir='ltr'><strong>creatus,</strong></span> <span class='ocrx_word' id='word_1_22' title='bbox 905 485 1002 559; x_wconf 87' lang='lat' dir='ltr'><strong>qui</strong></span> <span class='ocrx_word' id='word_1_23' title='bbox 1025 483 1250 556; x_wconf 78' lang='lat' dir='ltr'><strong>legatos</strong></span> <span class='ocrx_word' id='word_1_24' title='bbox 1269 496 1406 540; x_wconf 91' lang='lat' dir='ltr'><strong>suos</strong></span> <span class='ocrx_word' id='word_1_25' title='bbox 1430 495 1542 539; x_wconf 90' lang='lat' dir='ltr'><strong>una</strong></span> <span class='ocrx_word' id='word_1_26' title='bbox 1563 493 1696 538; x_wconf 93' lang='lat' dir='ltr'><strong>cum</strong></span> <span class='ocrx_word' id='word_1_27' title='bbox 1718 475 1934 548; x_wconf 75' lang='lat' dir='ltr'><strong>legatis</strong></span> <span class='ocrx_word' id='word_1_28' title='bbox 1960 474 2068 570; x_wconf 73' lang='lat' dir='ltr'><strong>im-</strong></span> 
     </span>
    </p>
   </div>
   <div class='ocr_carea' id='block_1_6' title="bbox 422 562 2069 662">
    <p class='ocr_par' dir='ltr' id='par_1_6' title="bbox 422 562 2069 662">
     <span class='ocr_line' id='line_1_6' title="bbox 422 562 2069 662; baseline -0.016 -16"><span class='ocrx_word' id='word_1_29' title='bbox 422 562 714 662; x_wconf 75' lang='lat' dir='ltr'><strong>peratoris</strong></span> <span class='ocrx_word' id='word_1_30' title='bbox 763 575 952 634; x_wconf 84' lang='lat' dir='ltr'><strong>Caroli</strong></span> <span class='ocrx_word' id='word_1_31' title='bbox 1005 571 1250 630; x_wconf 82' lang='lat' dir='ltr'><strong>remisit.</strong></span> <span class='ocrx_word' id='word_1_32' title='bbox 1285 573 1424 627; x_wconf 85' lang='lat' dir='ltr'><strong>Nam</strong></span> <span class='ocrx_word' id='word_1_33' title='bbox 1475 569 1794 644; x_wconf 74' lang='lat' dir='ltr'><strong>imperator</strong></span> <span class='ocrx_word' id='word_1_34' title='bbox 1825 562 2069 622; x_wconf 86' lang='lat' dir='ltr'><strong>Carolus</strong></span> 
     </span>
    </p>
   </div>
   <div class='ocr_carea' id='block_1_7' title="bbox 421 653 2068 743">
    <p class='ocr_par' dir='ltr' id='par_1_7' title="bbox 421 653 2068 743">
     <span class='ocr_line' id='line_1_7' title="bbox 421 653 2068 743; baseline -0.016 -8"><span class='ocrx_word' id='word_1_35' title='bbox 421 653 584 735; x_wconf 56' lang='lat' dir='ltr'><strong>lesse</strong></span> <span class='ocrx_word' id='word_1_36' title='bbox 631 667 968 743; x_wconf 85' lang='lat' dir='ltr'><strong>episcOpum</strong></span> <span class='ocrx_word' id='word_1_37' title='bbox 1017 661 1483 730; x_wconf 87' lang='lat' dir='ltr'><strong>Ambianensem,</strong></span> <span class='ocrx_word' id='word_1_38' title='bbox 1527 660 1584 715; x_wconf 92' lang='lat' dir='ltr'><strong>et</strong></span> <span class='ocrx_word' id='word_1_39' title='bbox 1639 653 2068 726; x_wconf 89' lang='lat' dir='ltr'><strong>Elinigaudium</strong></span> 
     </span>
    </p>
   </div>
   <div class='ocr_carea' id='block_1_8' title="bbox 419 745 2064 824">
    <p class='ocr_par' dir='ltr' id='par_1_8' title="bbox 419 745 2064 824">
     <span class='ocr_line' id='line_1_8' title="bbox 419 745 2064 824; baseline -0.015 -2"><span class='ocrx_word' id='word_1_40' title='bbox 419 760 694 824; x_wconf 88' lang='lat' dir='ltr'><strong>comitem</strong></span> <span class='ocrx_word' id='word_1_41' title='bbox 725 749 1284 824; x_wconf 82' lang='lat' dir='ltr'><strong>Constantinopolim</strong></span> <span class='ocrx_word' id='word_1_42' title='bbox 1315 748 1633 806; x_wconf 85' lang='lat' dir='ltr'><strong>direxerat.</strong></span> <span class='ocrx_word' id='word_1_43' title='bbox 1669 745 2064 816; x_wconf 85' lang='lat' dir='ltr'><strong>Susceperunt</strong></span> 
     </span>
    </p>
   </div>
   <div class='ocr_carea' id='block_1_9' title="bbox 423 827 2071 917">
    <p class='ocr_par' dir='ltr' id='par_1_9' title="bbox 423 827 2071 917">
     <span class='ocr_line' id='line_1_9' title="bbox 423 827 2071 917; baseline -0.015 -7"><span class='ocrx_word' id='word_1_44' title='bbox 423 855 620 910; x_wconf 91' lang='lat' dir='ltr'><strong>autem</strong></span> <span class='ocrx_word' id='word_1_45' title='bbox 631 844 810 917; x_wconf 80' lang='lat' dir='ltr'><strong>legati</strong></span> <span class='ocrx_word' id='word_1_46' title='bbox 832 837 1138 914; x_wconf 89' lang='lat' dir='ltr'><strong>Nicephori</strong></span> <span class='ocrx_word' id='word_1_47' title='bbox 1153 835 1525 912; x_wconf 89' lang='lat' dir='ltr'><strong>imperatoris</strong></span> <span class='ocrx_word' id='word_1_48' title='bbox 1540 831 1850 906; x_wconf 89' lang='lat' dir='ltr'><strong>epistolam</strong></span> <span class='ocrx_word' id='word_1_49' title='bbox 1867 827 2071 886; x_wconf 91' lang='lat' dir='ltr'><strong>inscri-</strong></span> 
     </span>
    </p>
   </div>
   <div class='ocr_carea' id='block_1_10' title="bbox 425 917 2071 1014">
    <p class='ocr_par' dir='ltr' id='par_1_10' title="bbox 425 917 2071 1014">
     <span class='ocr_line' id='line_1_10' title="bbox 425 917 2071 1014; baseline -0.016 -16"><span class='ocrx_word' id='word_1_50' title='bbox 425 945 604 1014; x_wconf 90' lang='lat' dir='ltr'><strong>ptam,</strong></span> <span class='ocrx_word' id='word_1_51' title='bbox 638 935 710 992; x_wconf 88' lang='lat' dir='ltr'><strong>de</strong></span> <span class='ocrx_word' id='word_1_52' title='bbox 739 931 980 990; x_wconf 70' lang='lat' dir='ltr'><strong>Fmdere</strong></span> <span class='ocrx_word' id='word_1_53' title='bbox 1011 927 1175 1002; x_wconf 89' lang='lat' dir='ltr'><strong>pacis</strong></span> <span class='ocrx_word' id='word_1_54' title='bbox 1197 925 1396 1014; x_wconf 85' lang='lat' dir='ltr'><strong>sicque</strong></span> <span class='ocrx_word' id='word_1_55' title='bbox 1415 923 1522 982; x_wconf 91' lang='lat' dir='ltr'><strong>tali</strong></span> <span class='ocrx_word' id='word_1_56' title='bbox 1547 926 1718 1014; x_wconf 74' lang='lat' dir='ltr'><strong>pacto</strong></span> <span class='ocrx_word' id='word_1_57' title='bbox 1743 917 2071 977; x_wconf 89' lang='lat' dir='ltr'><strong>Constanti-</strong></span> 
     </span>
    </p>
   </div>
   <div class='ocr_carea' id='block_1_11' title="bbox 427 1011 2070 1101">
    <p class='ocr_par' dir='ltr' id='par_1_11' title="bbox 427 1011 2070 1101">
     <span class='ocr_line' id='line_1_11' title="bbox 427 1011 2070 1101; baseline -0.015 -15"><span class='ocrx_word' id='word_1_58' title='bbox 427 1011 679 1101; x_wconf 80' lang='lat' dir='ltr'><strong>nopolim</strong></span> <span class='ocrx_word' id='word_1_59' title='bbox 715 1017 934 1078; x_wconf 87' lang='lat' dir='ltr'><strong>reversi</strong></span> <span class='ocrx_word' id='word_1_60' title='bbox 991 1021 1144 1076; x_wconf 91' lang='lat' dir='ltr'><strong>sunt.</strong></span> <span class='ocrx_word' id='word_1_61' title='bbox 1183 1013 1454 1072; x_wconf 89' lang='lat' dir='ltr'><strong>Gofridus</strong></span> <span class='ocrx_word' id='word_1_62' title='bbox 1484 1025 1591 1068; x_wconf 90' lang='lat' dir='ltr'><strong>rex</strong></span> <span class='ocrx_word' id='word_1_63' title='bbox 1619 1011 1908 1066; x_wconf 90' lang='lat' dir='ltr'><strong>Danorum</strong></span> <span class='ocrx_word' id='word_1_64' title='bbox 1941 1020 2070 1080; x_wconf 90' lang='lat' dir='ltr'><strong>pro-</strong></span> 
     </span>
    </p>
   </div>
   <div class='ocr_carea' id='block_1_12' title="bbox 428 1097 2070 1184">
    <p class='ocr_par' dir='ltr' id='par_1_12' title="bbox 428 1097 2070 1184">
     <span class='ocr_line' id='line_1_12' title="bbox 428 1097 2070 1184; baseline -0.014 -10"><span class='ocrx_word' id='word_1_65' title='bbox 428 1097 581 1174; x_wconf 77' lang='lat' dir='ltr'><strong>misit</strong></span> <span class='ocrx_word' id='word_1_66' title='bbox 617 1127 678 1171; x_wconf 87' lang='lat' dir='ltr'><strong>se</strong></span> <span class='ocrx_word' id='word_1_67' title='bbox 711 1109 958 1184; x_wconf 90' lang='lat' dir='ltr'><strong>primum</strong></span> <span class='ocrx_word' id='word_1_68' title='bbox 991 1105 1064 1164; x_wconf 91' lang='lat' dir='ltr'><strong>ad</strong></span> <span class='ocrx_word' id='word_1_69' title='bbox 1091 1097 1844 1176; x_wconf 68' lang='lat' dir='ltr'><strong>colloquiumjmperatoris</strong></span> <span class='ocrx_word' id='word_1_70' title='bbox 1865 1098 2070 1153; x_wconf 87' lang='lat' dir='ltr'><strong>ventu-</strong></span> 
     </span>
    </p>
   </div>
   <div class='ocr_carea' id='block_1_13' title="bbox 429 1183 2072 1263">
    <p class='ocr_par' dir='ltr' id='par_1_13' title="bbox 429 1183 2072 1263">
     <span class='ocr_line' id='line_1_13' title="bbox 429 1183 2072 1263; baseline -0.016 0"><span class='ocrx_word' id='word_1_71' title='bbox 429 1219 558 1263; x_wconf 86' lang='lat' dir='ltr'><strong>rum</strong></span> <span class='ocrx_word' id='word_1_72' title='bbox 593 1221 608 1258; x_wconf 90' lang='lat'><strong>:</strong></span> <span class='ocrx_word' id='word_1_73' title='bbox 641 1199 744 1258; x_wconf 89' lang='lat' dir='ltr'><strong>sed</strong></span> <span class='ocrx_word' id='word_1_74' title='bbox 775 1193 1020 1256; x_wconf 92' lang='lat' dir='ltr'><strong>consilio</strong></span> <span class='ocrx_word' id='word_1_75' title='bbox 1041 1207 1280 1252; x_wconf 89' lang='lat' dir='ltr'><strong>suorum</strong></span> <span class='ocrx_word' id='word_1_76' title='bbox 1299 1190 1566 1260; x_wconf 90' lang='lat' dir='ltr'><strong>territus,</strong></span> <span class='ocrx_word' id='word_1_77' title='bbox 1594 1202 1698 1260; x_wconf 90' lang='lat' dir='ltr'><strong>per</strong></span> <span class='ocrx_word' id='word_1_78' title='bbox 1719 1187 1946 1256; x_wconf 83' lang='lat' dir='ltr'><strong>legatos</strong></span> <span class='ocrx_word' id='word_1_79' title='bbox 1969 1183 2072 1239; x_wconf 86' lang='lat' dir='ltr'><strong>im-</strong></span> 
     </span>
    </p>
   </div>
   <div class='ocr_carea' id='block_1_14' title="bbox 430 1279 2073 1368">
    <p class='ocr_par' dir='ltr' id='par_1_14' title="bbox 430 1279 2073 1368">
     <span class='ocr_line' id='line_1_14' title="bbox 430 1279 2073 1368; baseline -0.012 -18"><span class='ocrx_word' id='word_1_80' title='bbox 430 1289 689 1368; x_wconf 87' lang='lat' dir='ltr'><strong>peratori</strong></span> <span class='ocrx_word' id='word_1_81' title='bbox 730 1286 884 1360; x_wconf 91' lang='lat' dir='ltr'><strong>quod</strong></span> <span class='ocrx_word' id='word_1_82' title='bbox 923 1283 1107 1342; x_wconf 92' lang='lat' dir='ltr'><strong>voluit</strong></span> <span class='ocrx_word' id='word_1_83' title='bbox 1138 1279 1433 1338; x_wconf 88' lang='lat' dir='ltr'><strong>mandavit</strong></span> <span class='ocrx_word' id='word_1_84' title='bbox 1468 1299 1481 1334; x_wconf 93' lang='lat'>:</span> <span class='ocrx_word' id='word_1_85' title='bbox 1518 1279 1838 1368; x_wconf 73' lang='lat' dir='ltr'><strong>imperator</strong></span> <span class='ocrx_word' id='word_1_86' title='bbox 1869 1287 2073 1330; x_wconf 92' lang='lat' dir='ltr'><strong>omnes</strong></span> 
     </span>
    </p>
   </div>
   <div class='ocr_carea' id='block_1_15' title="bbox 429 1362 2073 1446">
    <p class='ocr_par' dir='ltr' id='par_1_15' title="bbox 429 1362 2073 1446">
     <span class='ocr_line' id='line_1_15' title="bbox 429 1362 2073 1446; baseline -0.013 -8"><span class='ocrx_word' id='word_1_87' title='bbox 429 1362 688 1438; x_wconf 86' lang='lat' dir='ltr'><strong>Saxones</strong></span> <span class='ocrx_word' id='word_1_88' title='bbox 727 1374 825 1446; x_wconf 88' lang='lat' dir='ltr'><strong>qui</strong></span> <span class='ocrx_word' id='word_1_89' title='bbox 860 1378 1021 1429; x_wconf 89' lang='lat' dir='ltr'><strong>trans</strong></span> <span class='ocrx_word' id='word_1_90' title='bbox 1051 1369 1276 1426; x_wconf 84' lang='lat' dir='ltr'><strong>Albiam</strong></span> <span class='ocrx_word' id='word_1_91' title='bbox 1309 1374 1365 1425; x_wconf 91' lang='lat' dir='ltr'><strong>et</strong></span> <span class='ocrx_word' id='word_1_92' title='bbox 1399 1367 1457 1422; x_wconf 92' lang='lat' dir='ltr'><strong>in</strong></span> <span class='ocrx_word' id='word_1_93' title='bbox 1488 1362 1815 1422; x_wconf 84' lang='lat' dir='ltr'><strong>Wibmhodi</strong></span> <span class='ocrx_word' id='word_1_94' title='bbox 1848 1362 2073 1419; x_wconf 90' lang='lat' dir='ltr'><strong>habita-</strong></span> 
     </span>
    </p>
   </div>
   <div class='ocr_carea' id='block_1_16' title="bbox 430 1449 2068 1539">
    <p class='ocr_par' dir='ltr' id='par_1_16' title="bbox 430 1449 2068 1539">
     <span class='ocr_line' id='line_1_16' title="bbox 430 1449 2068 1539; baseline -0.013 -13"><span class='ocrx_word' id='word_1_95' title='bbox 430 1470 590 1539; x_wconf 88' lang='lat' dir='ltr'><strong>bant,</strong></span> <span class='ocrx_word' id='word_1_96' title='bbox 643 1479 774 1523; x_wconf 91' lang='lat' dir='ltr'><strong>cum</strong></span> <span class='ocrx_word' id='word_1_97' title='bbox 822 1458 1167 1519; x_wconf 88' lang='lat' dir='ltr'><strong>mulieribus</strong></span> <span class='ocrx_word' id='word_1_98' title='bbox 1197 1461 1256 1515; x_wconf 90' lang='lat' dir='ltr'><strong>et</strong></span> <span class='ocrx_word' id='word_1_99' title='bbox 1288 1453 1609 1512; x_wconf 85' lang='lat' dir='ltr'><strong>infantibus</strong></span> <span class='ocrx_word' id='word_1_100' title='bbox 1658 1449 1963 1508; x_wconf 90' lang='lat' dir='ltr'><strong>transtulit</strong></span> <span class='ocrx_word' id='word_1_101' title='bbox 2012 1449 2068 1504; x_wconf 91' lang='lat' dir='ltr'><strong>in</strong></span> 
     </span>
    </p>
   </div>
   <div class='ocr_carea' id='block_1_17' title="bbox 431 1558 2071 1718">
    <p class='ocr_par' dir='ltr' id='par_1_17' title="bbox 431 1558 2071 1718">
     <span class='ocr_line' id='line_1_17' title="bbox 431 1558 2071 1718; baseline -0.014 -13"><span class='ocrx_word' id='word_1_102' title='bbox 431 1558 852 1718; x_wconf 48' lang='lat' dir='ltr'><strong>Frfgginno</strong></span> <span class='ocrx_word' id='word_1_103' title='bbox 877 1634 1299 1696; x_wconf 89' lang='lat' dir='ltr'><strong>Incarnationis</strong></span> <span class='ocrx_word' id='word_1_104' title='bbox 1326 1631 1548 1690; x_wconf 89' lang='lat' dir='ltr'><strong>Domini</strong></span> <span class='ocrx_word' id='word_1_105' title='bbox 1588 1627 2071 1700; x_wconf 81' lang='lat' dir='ltr'><strong>octingentesimo</strong></span> 
     </span>
    </p>
   </div>
   <div class='ocr_carea' id='block_1_18' title="bbox 2177 469 3830 544">
    <p class='ocr_par' dir='ltr' id='par_1_18' title="bbox 2177 469 3830 544">
     <span class='ocr_line' id='line_1_18' title="bbox 2177 469 3830 544; baseline -0.001 -15"><span class='ocrx_word' id='word_1_106' title='bbox 2177 474 2396 532; x_wconf 91' lang='lat' dir='ltr'><strong>additis</strong></span> <span class='ocrx_word' id='word_1_107' title='bbox 2416 474 2473 532; x_wconf 91' lang='lat' dir='ltr'><strong>in</strong></span> <span class='ocrx_word' id='word_1_108' title='bbox 2493 475 2696 532; x_wconf 91' lang='lat' dir='ltr'><strong>eodem</strong></span> <span class='ocrx_word' id='word_1_109' title='bbox 2717 472 2977 544; x_wconf 87' lang='lat' dir='ltr'><strong>ejusdem</strong></span> <span class='ocrx_word' id='word_1_110' title='bbox 3001 470 3225 530; x_wconf 90' lang='lat' dir='ltr'><strong>numeri</strong></span> <span class='ocrx_word' id='word_1_111' title='bbox 3242 469 3564 544; x_wconf 89' lang='lat' dir='ltr'><strong>equitibus,</strong></span> <span class='ocrx_word' id='word_1_112' title='bbox 3591 471 3692 543; x_wconf 89' lang='lat' dir='ltr'><strong>qui</strong></span> <span class='ocrx_word' id='word_1_113' title='bbox 3718 485 3830 544; x_wconf 88' lang='lat' dir='ltr'><strong>per</strong></span> 
     </span>
    </p>
   </div>
   <div class='ocr_carea' id='block_1_19' title="bbox 2177 559 3827 635">
    <p class='ocr_par' dir='ltr' id='par_1_19' title="bbox 2177 559 3827 635">
     <span class='ocr_line' id='line_1_19' title="bbox 2177 559 3827 635; baseline -0.002 -15"><span class='ocrx_word' id='word_1_114' title='bbox 2177 562 2484 620; x_wconf 87' lang='lat' dir='ltr'><strong>duodecim</strong></span> <span class='ocrx_word' id='word_1_115' title='bbox 2512 563 2797 620; x_wconf 79' lang='lat' dir='ltr'><strong>fenestras</strong></span> <span class='ocrx_word' id='word_1_116' title='bbox 2823 560 3128 635; x_wconf 88' lang='lat' dir='ltr'><strong>completis</strong></span> <span class='ocrx_word' id='word_1_117' title='bbox 3155 559 3316 618; x_wconf 90' lang='lat' dir='ltr'><strong>horis</strong></span> <span class='ocrx_word' id='word_1_118' title='bbox 3344 559 3606 631; x_wconf 83' lang='lat' dir='ltr'><strong>exibant,</strong></span> <span class='ocrx_word' id='word_1_119' title='bbox 3633 563 3691 616; x_wconf 90' lang='lat' dir='ltr'><strong>et</strong></span> <span class='ocrx_word' id='word_1_120' title='bbox 3718 559 3827 616; x_wconf 91' lang='lat' dir='ltr'><strong>im-</strong></span> 
     </span>
    </p>
   </div>
   <div class='ocr_carea' id='block_1_20' title="bbox 2179 647 3831 725">
    <p class='ocr_par' dir='ltr' id='par_1_20' title="bbox 2179 647 3831 725">
     <span class='ocr_line' id='line_1_20' title="bbox 2179 647 3831 725; baseline -0.002 -15"><span class='ocrx_word' id='word_1_121' title='bbox 2179 651 2349 725; x_wconf 88' lang='lat' dir='ltr'><strong>pulsu</strong></span> <span class='ocrx_word' id='word_1_122' title='bbox 2377 651 2730 724; x_wconf 88' lang='lat' dir='ltr'><strong>egressionis</strong></span> <span class='ocrx_word' id='word_1_123' title='bbox 2756 665 2876 708; x_wconf 70' lang='lat' dir='ltr'><strong>sum</strong></span> <span class='ocrx_word' id='word_1_124' title='bbox 2903 649 3148 707; x_wconf 89' lang='lat' dir='ltr'><strong>totidem</strong></span> <span class='ocrx_word' id='word_1_125' title='bbox 3177 649 3468 706; x_wconf 81' lang='lat' dir='ltr'><strong>fenestras</strong></span> <span class='ocrx_word' id='word_1_126' title='bbox 3497 662 3628 720; x_wconf 63' lang='lat' dir='ltr'><strong>qua</strong></span> <span class='ocrx_word' id='word_1_127' title='bbox 3660 647 3831 721; x_wconf 90' lang='lat' dir='ltr'><strong>prius</strong></span> 
     </span>
    </p>
   </div>
   <div class='ocr_carea' id='block_1_21' title="bbox 2177 736 3832 814">
    <p class='ocr_par' dir='ltr' id='par_1_21' title="bbox 2177 736 3832 814">
     <span class='ocr_line' id='line_1_21' title="bbox 2177 736 3832 814; baseline -0.002 -17"><span class='ocrx_word' id='word_1_128' title='bbox 2177 745 2343 798; x_wconf 90' lang='lat' dir='ltr'><strong>erant</strong></span> <span class='ocrx_word' id='word_1_129' title='bbox 2389 744 2630 814; x_wconf 60' lang='lat' dir='ltr'><strong>apertas,</strong></span> <span class='ocrx_word' id='word_1_130' title='bbox 2658 740 3032 810; x_wconf 89' lang='lat' dir='ltr'><strong>claudebant,</strong></span> <span class='ocrx_word' id='word_1_131' title='bbox 3066 752 3289 796; x_wconf 90' lang='lat' dir='ltr'><strong>necnon</strong></span> <span class='ocrx_word' id='word_1_132' title='bbox 3317 740 3375 794; x_wconf 91' lang='lat' dir='ltr'><strong>et</strong></span> <span class='ocrx_word' id='word_1_133' title='bbox 3407 736 3521 794; x_wconf 89' lang='lat' dir='ltr'><strong>alia</strong></span> <span class='ocrx_word' id='word_1_134' title='bbox 3551 736 3738 794; x_wconf 89' lang='lat' dir='ltr'><strong>multa</strong></span> <span class='ocrx_word' id='word_1_135' title='bbox 3773 736 3832 794; x_wconf 90' lang='lat' dir='ltr'><strong>in</strong></span> 
     </span>
    </p>
   </div>
   <div class='ocr_carea' id='block_1_22' title="bbox 2179 824 3834 902">
    <p class='ocr_par' dir='ltr' id='par_1_22' title="bbox 2179 824 3834 902">
     <span class='ocr_line' id='line_1_22' title="bbox 2179 824 3834 902; baseline 0 -19"><span class='ocrx_word' id='word_1_136' title='bbox 2179 828 2305 902; x_wconf 90' lang='lat' dir='ltr'><strong>ipso</strong></span> <span class='ocrx_word' id='word_1_137' title='bbox 2349 829 2648 901; x_wconf 88' lang='lat' dir='ltr'><strong>horologio</strong></span> <span class='ocrx_word' id='word_1_138' title='bbox 2696 833 2863 886; x_wconf 89' lang='lat' dir='ltr'><strong>erant</strong></span> <span class='ocrx_word' id='word_1_139' title='bbox 2913 827 3076 884; x_wconf 91' lang='lat' dir='ltr'><strong>mira.</strong></span> <span class='ocrx_word' id='word_1_140' title='bbox 3107 828 3262 884; x_wconf 89' lang='lat' dir='ltr'><strong>Tunc</strong></span> <span class='ocrx_word' id='word_1_141' title='bbox 3303 824 3590 900; x_wconf 89' lang='lat' dir='ltr'><strong>temporis</strong></span> <span class='ocrx_word' id='word_1_142' title='bbox 3632 824 3834 883; x_wconf 85' lang='lat' dir='ltr'><strong>delata</strong></span> 
     </span>
    </p>
   </div>
   <div class='ocr_carea' id='block_1_23' title="bbox 2179 912 3837 989">
    <p class='ocr_par' dir='ltr' id='par_1_23' title="bbox 2179 912 3837 989">
     <span class='ocr_line' id='line_1_23' title="bbox 2179 912 3837 989; baseline -0.004 -14"><span class='ocrx_word' id='word_1_143' title='bbox 2179 921 2312 976; x_wconf 91' lang='lat' dir='ltr'><strong>sunt</strong></span> <span class='ocrx_word' id='word_1_144' title='bbox 2351 932 2482 976; x_wconf 90' lang='lat' dir='ltr'><strong>ossa</strong></span> <span class='ocrx_word' id='word_1_145' title='bbox 2531 915 2686 974; x_wconf 88' lang='lat' dir='ltr'><strong>beati</strong></span> <span class='ocrx_word' id='word_1_146' title='bbox 2732 915 3000 989; x_wconf 86' lang='lat' dir='ltr'><strong>Cypriani</strong></span> <span class='ocrx_word' id='word_1_147' title='bbox 3028 930 3060 972; x_wconf 92' lang='lat' dir='ltr'><strong>a</strong></span> <span class='ocrx_word' id='word_1_148' title='bbox 3091 913 3462 986; x_wconf 86' lang='lat' dir='ltr'><strong>Carthagine,</strong></span> <span class='ocrx_word' id='word_1_149' title='bbox 3512 928 3646 972; x_wconf 90' lang='lat' dir='ltr'><strong>cum</strong></span> <span class='ocrx_word' id='word_1_150' title='bbox 3697 912 3837 970; x_wconf 87' lang='lat' dir='ltr'><strong>reli-</strong></span> 
     </span>
    </p>
   </div>
   <div class='ocr_carea' id='block_1_24' title="bbox 2181 1002 3833 1078">
    <p class='ocr_par' dir='ltr' id='par_1_24' title="bbox 2181 1002 3833 1078">
     <span class='ocr_line' id='line_1_24' title="bbox 2181 1002 3833 1078; baseline -0.003 -15"><span class='ocrx_word' id='word_1_151' title='bbox 2181 1005 2333 1078; x_wconf 90' lang='lat' dir='ltr'><strong>quiis</strong></span> <span class='ocrx_word' id='word_1_152' title='bbox 2406 1007 2710 1063; x_wconf 89' lang='lat' dir='ltr'><strong>beatorum</strong></span> <span class='ocrx_word' id='word_1_153' title='bbox 2762 1003 3192 1060; x_wconf 90' lang='lat' dir='ltr'><strong>Scillitanorum</strong></span> <span class='ocrx_word' id='word_1_154' title='bbox 3238 1006 3582 1075; x_wconf 89' lang='lat' dir='ltr'><strong>martyrum,</strong></span> <span class='ocrx_word' id='word_1_155' title='bbox 3641 1002 3833 1060; x_wconf 88' lang='lat' dir='ltr'><strong>Serati</strong></span> 
     </span>
    </p>
   </div>
   <div class='ocr_carea' id='block_1_25' title="bbox 2179 1090 3836 1166">
    <p class='ocr_par' dir='ltr' id='par_1_25' title="bbox 2179 1090 3836 1166">
     <span class='ocr_line' id='line_1_25' title="bbox 2179 1090 3836 1166; baseline -0.002 -14"><span class='ocrx_word' id='word_1_156' title='bbox 2179 1095 2583 1166; x_wconf 91' lang='lat' dir='ltr'><strong>sociorumque</strong></span> <span class='ocrx_word' id='word_1_157' title='bbox 2612 1093 2758 1165; x_wconf 86' lang='lat' dir='ltr'><strong>ejus,</strong></span> <span class='ocrx_word' id='word_1_158' title='bbox 2788 1097 2846 1149; x_wconf 91' lang='lat' dir='ltr'><strong>ct</strong></span> <span class='ocrx_word' id='word_1_159' title='bbox 2880 1093 3066 1166; x_wconf 90' lang='lat' dir='ltr'><strong>posita</strong></span> <span class='ocrx_word' id='word_1_160' title='bbox 3112 1094 3248 1150; x_wconf 87' lang='lat' dir='ltr'><strong>sunt</strong></span> <span class='ocrx_word' id='word_1_161' title='bbox 3294 1091 3352 1148; x_wconf 93' lang='lat' dir='ltr'><strong>in</strong></span> <span class='ocrx_word' id='word_1_162' title='bbox 3391 1090 3642 1149; x_wconf 90' lang='lat' dir='ltr'><strong>ecclesia</strong></span> <span class='ocrx_word' id='word_1_163' title='bbox 3675 1090 3836 1148; x_wconf 88' lang='lat' dir='ltr'><strong>beati</strong></span> 
     </span>
    </p>
   </div>
   <div class='ocr_carea' id='block_1_26' title="bbox 2177 1179 3825 1256">
    <p class='ocr_par' dir='ltr' id='par_1_26' title="bbox 2177 1179 3825 1256">
     <span class='ocr_line' id='line_1_26' title="bbox 2177 1179 3825 1256; baseline -0.004 -16"><span class='ocrx_word' id='word_1_164' title='bbox 2177 1184 2414 1241; x_wconf 86' lang='lat' dir='ltr'><strong>Joannis</strong></span> <span class='ocrx_word' id='word_1_165' title='bbox 2433 1182 2711 1256; x_wconf 65' lang='lat' dir='ltr'><strong>Baptistae</strong></span> <span class='ocrx_word' id='word_1_166' title='bbox 2734 1181 2790 1238; x_wconf 91' lang='lat' dir='ltr'><strong>in</strong></span> <span class='ocrx_word' id='word_1_167' title='bbox 2809 1181 3048 1239; x_wconf 90' lang='lat' dir='ltr'><strong>civitate</strong></span> <span class='ocrx_word' id='word_1_168' title='bbox 3071 1179 3459 1252; x_wconf 90' lang='lat' dir='ltr'><strong>Lugdunensi.</strong></span> <span class='ocrx_word' id='word_1_169' title='bbox 3489 1179 3825 1251; x_wconf 87' lang='lat' dir='ltr'><strong>Sarraceni,</strong></span> 
     </span>
    </p>
   </div>
   <div class='ocr_carea' id='block_1_27' title="bbox 2181 1267 3836 1345">
    <p class='ocr_par' dir='ltr' id='par_1_27' title="bbox 2181 1267 3836 1345">
     <span class='ocr_line' id='line_1_27' title="bbox 2181 1267 3836 1345; baseline -0.002 -15"><span class='ocrx_word' id='word_1_170' title='bbox 2181 1273 2443 1330; x_wconf 89' lang='lat' dir='ltr'><strong>Sardinia</strong></span> <span class='ocrx_word' id='word_1_171' title='bbox 2491 1270 2664 1344; x_wconf 89' lang='lat' dir='ltr'><strong>pulsi,</strong></span> <span class='ocrx_word' id='word_1_172' title='bbox 2696 1270 2945 1345; x_wconf 91' lang='lat' dir='ltr'><strong>primum</strong></span> <span class='ocrx_word' id='word_1_173' title='bbox 2991 1285 3124 1326; x_wconf 92' lang='lat' dir='ltr'><strong>cum</strong></span> <span class='ocrx_word' id='word_1_174' title='bbox 3154 1268 3354 1326; x_wconf 88' lang='lat' dir='ltr'><strong>Sardis</strong></span> <span class='ocrx_word' id='word_1_175' title='bbox 3379 1267 3648 1342; x_wconf 73' lang='lat' dir='ltr'><strong>praelium</strong></span> <span class='ocrx_word' id='word_1_176' title='bbox 3678 1283 3836 1326; x_wconf 88' lang='lat' dir='ltr'><strong>com-</strong></span> 
     </span>
    </p>
   </div>
   <div class='ocr_carea' id='block_1_28' title="bbox 2181 1357 3837 1434">
    <p class='ocr_par' dir='ltr' id='par_1_28' title="bbox 2181 1357 3837 1434">
     <span class='ocr_line' id='line_1_28' title="bbox 2181 1357 3837 1434; baseline -0.003 -16"><span class='ocrx_word' id='word_1_177' title='bbox 2181 1362 2486 1434; x_wconf 90' lang='lat' dir='ltr'><strong>miserunt,</strong></span> <span class='ocrx_word' id='word_1_178' title='bbox 2516 1361 2745 1418; x_wconf 90' lang='lat' dir='ltr'><strong>amissis</strong></span> <span class='ocrx_word' id='word_1_179' title='bbox 2769 1360 2962 1417; x_wconf 90' lang='lat' dir='ltr'><strong>tribus</strong></span> <span class='ocrx_word' id='word_1_180' title='bbox 2989 1357 3246 1416; x_wconf 88' lang='lat' dir='ltr'><strong>millibus</strong></span> <span class='ocrx_word' id='word_1_181' title='bbox 3268 1372 3528 1428; x_wconf 91' lang='lat' dir='ltr'><strong>suorum,</strong></span> <span class='ocrx_word' id='word_1_182' title='bbox 3561 1358 3617 1414; x_wconf 92' lang='lat' dir='ltr'><strong>in</strong></span> <span class='ocrx_word' id='word_1_183' title='bbox 3642 1357 3837 1414; x_wconf 84' lang='lat' dir='ltr'><strong>Corsi-</strong></span> 
     </span>
    </p>
   </div>
   <div class='ocr_carea' id='block_1_29' title="bbox 2178 1445 3832 1522">
    <p class='ocr_par' dir='ltr' id='par_1_29' title="bbox 2178 1445 3832 1522">
     <span class='ocr_line' id='line_1_29' title="bbox 2178 1445 3832 1522; baseline -0.002 -14"><span class='ocrx_word' id='word_1_184' title='bbox 2178 1465 2306 1508; x_wconf 89' lang='lat' dir='ltr'><strong>cam</strong></span> <span class='ocrx_word' id='word_1_185' title='bbox 2335 1451 2561 1509; x_wconf 91' lang='lat' dir='ltr'><strong>directo</strong></span> <span class='ocrx_word' id='word_1_186' title='bbox 2586 1466 2763 1509; x_wconf 91' lang='lat' dir='ltr'><strong>cursu</strong></span> <span class='ocrx_word' id='word_1_187' title='bbox 2791 1451 3206 1522; x_wconf 88' lang='lat' dir='ltr'><strong>pervenerunt,</strong></span> <span class='ocrx_word' id='word_1_188' title='bbox 3235 1446 3433 1518; x_wconf 91' lang='lat' dir='ltr'><strong>ibique</strong></span> <span class='ocrx_word' id='word_1_189' title='bbox 3457 1461 3591 1505; x_wconf 92' lang='lat' dir='ltr'><strong>cum</strong></span> <span class='ocrx_word' id='word_1_190' title='bbox 3633 1445 3832 1504; x_wconf 88' lang='lat' dir='ltr'><strong>classe</strong></span> 
     </span>
    </p>
   </div>
   <div class='ocr_carea' id='block_1_30' title="bbox 2181 1535 3832 1612">
    <p class='ocr_par' dir='ltr' id='par_1_30' title="bbox 2181 1535 3832 1612">
     <span class='ocr_line' id='line_1_30' title="bbox 2181 1535 3832 1612; baseline -0.003 -15"><span class='ocrx_word' id='word_1_191' title='bbox 2181 1539 2276 1597; x_wconf 92' lang='lat' dir='ltr'><strong>cui</strong></span> <span class='ocrx_word' id='word_1_192' title='bbox 2299 1540 2617 1611; x_wconf 90' lang='lat' dir='ltr'><strong>Burgarius</strong></span> <span class='ocrx_word' id='word_1_193' title='bbox 2633 1554 2831 1597; x_wconf 92' lang='lat' dir='ltr'><strong>comes</strong></span> <span class='ocrx_word' id='word_1_194' title='bbox 2854 1541 3126 1612; x_wconf 59' lang='lat' dir='ltr'><strong>praeerat,</strong></span> <span class='ocrx_word' id='word_1_195' title='bbox 3142 1535 3650 1609; x_wconf 88' lang='lat' dir='ltr'><strong>decertantes,aut</strong></span> <span class='ocrx_word' id='word_1_196' title='bbox 3666 1535 3832 1607; x_wconf 91' lang='lat' dir='ltr'><strong>victi,</strong></span> 
     </span>
    </p>
   </div>
   <div class='ocr_carea' id='block_1_31' title="bbox 2181 1626 3833 1702">
    <p class='ocr_par' dir='ltr' id='par_1_31' title="bbox 2181 1626 3833 1702">
     <span class='ocr_line' id='line_1_31' title="bbox 2181 1626 3833 1702; baseline -0.003 -15"><span class='ocrx_word' id='word_1_197' title='bbox 2181 1635 2280 1688; x_wconf 90' lang='lat' dir='ltr'><strong>aut</strong></span> <span class='ocrx_word' id='word_1_198' title='bbox 2315 1629 2498 1701; x_wconf 89' lang='lat' dir='ltr'><strong>fugati</strong></span> <span class='ocrx_word' id='word_1_199' title='bbox 2535 1634 2692 1702; x_wconf 91' lang='lat' dir='ltr'><strong>sunt,</strong></span> <span class='ocrx_word' id='word_1_200' title='bbox 2721 1629 2948 1686; x_wconf 89' lang='lat' dir='ltr'><strong>amissis</strong></span> <span class='ocrx_word' id='word_1_201' title='bbox 2973 1627 3291 1685; x_wconf 91' lang='lat' dir='ltr'><strong>tredecims</strong></span> <span class='ocrx_word' id='word_1_202' title='bbox 3317 1627 3564 1684; x_wconf 87' lang='lat' dir='ltr'><strong>navibus</strong></span> <span class='ocrx_word' id='word_1_203' title='bbox 3594 1626 3738 1698; x_wconf 86' lang='lat' dir='ltr'><strong>suis,</strong></span> <span class='ocrx_word' id='word_1_204' title='bbox 3771 1631 3833 1682; x_wconf 89' lang='lat' dir='ltr'><strong>et</strong></span> 
     </span>
    </p>
   </div>
   <div class='ocr_carea' id='block_1_32' title="bbox 433 1715 3838 1814">
    <p class='ocr_par' dir='ltr' id='par_1_32' title="bbox 433 1715 3838 1814">
     <span class='ocr_line' id='line_1_32' title="bbox 433 1715 3838 1814; baseline -0.005 -24"><span class='ocrx_word' id='word_1_205' title='bbox 433 1715 664 1806; x_wconf 77' lang='lat' dir='ltr'><strong>quarto,</strong></span> <span class='ocrx_word' id='word_1_206' title='bbox 695 1731 808 1786; x_wconf 88' lang='lat' dir='ltr'><strong>Leo</strong></span> <span class='ocrx_word' id='word_1_207' title='bbox 838 1724 1100 1800; x_wconf 83' lang='lat' dir='ltr'><strong>pontifex</strong></span> <span class='ocrx_word' id='word_1_208' title='bbox 1137 1724 1426 1780; x_wconf 80' lang='lat' dir='ltr'><strong>Romanus</strong></span> <span class='ocrx_word' id='word_1_209' title='bbox 1456 1721 1512 1776; x_wconf 93' lang='lat' dir='ltr'><strong>in</strong></span> <span class='ocrx_word' id='word_1_210' title='bbox 1546 1718 1844 1814; x_wconf 55' lang='lat' dir='ltr'><strong>liranciam</strong></span> <span class='ocrx_word' id='word_1_211' title='bbox 1887 1715 2067 1814; x_wconf 75' lang='lat' dir='ltr'><strong>venit,</strong></span> <span class='ocrx_word' id='word_1_212' title='bbox 2099 1754 2152 1814; x_wconf 78' lang='grc' dir='ltr'>Β</span> <span class='ocrx_word' id='word_1_213' title='bbox 2185 1718 2450 1792; x_wconf 87' lang='lat' dir='ltr'><strong>plurimis</strong></span> <span class='ocrx_word' id='word_1_214' title='bbox 2469 1735 2706 1778; x_wconf 89' lang='lat' dir='ltr'><strong>suorum</strong></span> <span class='ocrx_word' id='word_1_215' title='bbox 2729 1717 3074 1776; x_wconf 91' lang='lat' dir='ltr'><strong>interfectis.</strong></span> <span class='ocrx_word' id='word_1_216' title='bbox 3100 1715 3450 1776; x_wconf 87' lang='lat' dir='ltr'><strong>Godefridus</strong></span> <span class='ocrx_word' id='word_1_217' title='bbox 3470 1730 3706 1790; x_wconf 88' lang='lat' dir='ltr'><strong>quoque</strong></span> <span class='ocrx_word' id='word_1_218' title='bbox 3726 1730 3838 1773; x_wconf 88' lang='lat' dir='ltr'><strong>rex</strong></span> 
     </span>
    </p>
   </div>
   <div class='ocr_carea' id='block_1_33' title="bbox 433 1805 2072 1883">
    <p class='ocr_par' dir='ltr' id='par_1_33' title="bbox 433 1805 2072 1883">
     <span class='ocr_line' id='line_1_33' title="bbox 433 1805 2072 1883; baseline -0.013 -4"><span class='ocrx_word' id='word_1_219' title='bbox 433 1805 782 1878; x_wconf 80' lang='lat' dir='ltr'><strong>Rhemorum</strong></span> <span class='ocrx_word' id='word_1_220' title='bbox 830 1815 1068 1874; x_wconf 91' lang='lat' dir='ltr'><strong>civitate</strong></span> <span class='ocrx_word' id='word_1_221' title='bbox 1121 1814 1427 1883; x_wconf 89' lang='lat' dir='ltr'><strong>susceptus</strong></span> <span class='ocrx_word' id='word_1_222' title='bbox 1477 1829 1491 1865; x_wconf 90' lang='lat'>:</span> <span class='ocrx_word' id='word_1_223' title='bbox 1547 1808 1867 1881; x_wconf 88' lang='lat' dir='ltr'><strong>imperator</strong></span> <span class='ocrx_word' id='word_1_224' title='bbox 1917 1805 2072 1860; x_wconf 89' lang='lat' dir='ltr'><strong>Cari-</strong></span> 
     </span>
    </p>
   </div>
   <div class='ocr_carea' id='block_1_34' title="bbox 433 1893 2072 1968">
    <p class='ocr_par' dir='ltr' id='par_1_34' title="bbox 433 1893 2072 1968">
     <span class='ocr_line' id='line_1_34' title="bbox 433 1893 2072 1968; baseline -0.012 0"><span class='ocrx_word' id='word_1_225' title='bbox 433 1910 589 1968; x_wconf 88' lang='lat' dir='ltr'><strong>siaco</strong></span> <span class='ocrx_word' id='word_1_226' title='bbox 639 1906 772 1965; x_wconf 91' lang='lat' dir='ltr'><strong>villa</strong></span> <span class='ocrx_word' id='word_1_227' title='bbox 821 1903 1187 1962; x_wconf 89' lang='lat' dir='ltr'><strong>nativitatem</strong></span> <span class='ocrx_word' id='word_1_228' title='bbox 1237 1898 1456 1956; x_wconf 89' lang='lat' dir='ltr'><strong>Domini</strong></span> <span class='ocrx_word' id='word_1_229' title='bbox 1507 1913 1637 1956; x_wconf 91' lang='lat' dir='ltr'><strong>cum</strong></span> <span class='ocrx_word' id='word_1_230' title='bbox 1679 1911 1750 1953; x_wconf 94' lang='lat' dir='ltr'><strong>eo</strong></span> <span class='ocrx_word' id='word_1_231' title='bbox 1779 1893 2072 1952; x_wconf 89' lang='lat' dir='ltr'><strong>celebrem</strong></span> 
     </span>
    </p>
   </div>
   <div class='ocr_carea' id='block_1_35' title="bbox 435 1983 2076 2068">
    <p class='ocr_par' dir='ltr' id='par_1_35' title="bbox 435 1983 2076 2068">
     <span class='ocr_line' id='line_1_35' title="bbox 435 1983 2076 2068; baseline -0.01 -12"><span class='ocrx_word' id='word_1_232' title='bbox 435 1997 623 2068; x_wconf 92' lang='lat' dir='ltr'><strong>duxit,</strong></span> <span class='ocrx_word' id='word_1_233' title='bbox 655 1994 866 2052; x_wconf 90' lang='lat' dir='ltr'><strong>deinde</strong></span> <span class='ocrx_word' id='word_1_234' title='bbox 900 1988 1270 2064; x_wconf 87' lang='lat' dir='ltr'><strong>Aquisgrani,</strong></span> <span class='ocrx_word' id='word_1_235' title='bbox 1300 1994 1357 2044; x_wconf 92' lang='lat' dir='ltr'><strong>et</strong></span> <span class='ocrx_word' id='word_1_236' title='bbox 1389 1988 1666 2044; x_wconf 89' lang='lat' dir='ltr'><strong>donatum</strong></span> <span class='ocrx_word' id='word_1_237' title='bbox 1699 1983 1921 2055; x_wconf 90' lang='lat' dir='ltr'><strong>magnis</strong></span> <span class='ocrx_word' id='word_1_238' title='bbox 1953 1997 2076 2040; x_wconf 89' lang='lat' dir='ltr'><strong>mu-</strong></span> 
     </span>
    </p>
   </div>
   <div class='ocr_carea' id='block_1_36' title="bbox 435 2071 2071 2158">
    <p class='ocr_par' dir='ltr' id='par_1_36' title="bbox 435 2071 2071 2158">
     <span class='ocr_line' id='line_1_36' title="bbox 435 2071 2071 2158; baseline -0.011 -14"><span class='ocrx_word' id='word_1_239' title='bbox 435 2085 676 2144; x_wconf 91' lang='lat' dir='ltr'><strong>neribus</strong></span> <span class='ocrx_word' id='word_1_240' title='bbox 712 2098 816 2158; x_wconf 91' lang='lat' dir='ltr'><strong>per</strong></span> <span class='ocrx_word' id='word_1_241' title='bbox 854 2079 1214 2151; x_wconf 89' lang='lat' dir='ltr'><strong>Bajovariam</strong></span> <span class='ocrx_word' id='word_1_242' title='bbox 1246 2077 1331 2134; x_wconf 93' lang='lat' dir='ltr'><strong>ire</strong></span> <span class='ocrx_word' id='word_1_243' title='bbox 1366 2075 1659 2134; x_wconf 91' lang='lat' dir='ltr'><strong>volentem</strong></span> <span class='ocrx_word' id='word_1_244' title='bbox 1690 2072 1901 2132; x_wconf 85' lang='lat' dir='ltr'><strong>deduci</strong></span> <span class='ocrx_word' id='word_1_245' title='bbox 1937 2071 2071 2128; x_wconf 91' lang='lat' dir='ltr'><strong>fecit</strong></span> 
     </span>
    </p>
   </div>
   <div class='ocr_carea' id='block_1_37' title="bbox 435 2159 2075 2247">
    <p class='ocr_par' dir='ltr' id='par_1_37' title="bbox 435 2159 2075 2247">
     <span class='ocr_line' id='line_1_37' title="bbox 435 2159 2075 2247; baseline -0.011 -14"><span class='ocrx_word' id='word_1_246' title='bbox 435 2189 619 2247; x_wconf 89' lang='lat' dir='ltr'><strong>usque</strong></span> <span class='ocrx_word' id='word_1_247' title='bbox 631 2176 980 2230; x_wconf 83' lang='lat' dir='ltr'><strong>Ravennam.</strong></span> <span class='ocrx_word' id='word_1_248' title='bbox 999 2171 1181 2226; x_wconf 90' lang='lat' dir='ltr'><strong>Causa</strong></span> <span class='ocrx_word' id='word_1_249' title='bbox 1203 2165 1489 2223; x_wconf 90' lang='lat' dir='ltr'><strong>adventus</strong></span> <span class='ocrx_word' id='word_1_250' title='bbox 1510 2164 1637 2236; x_wconf 89' lang='lat' dir='ltr'><strong>ejus</strong></span> <span class='ocrx_word' id='word_1_251' title='bbox 1660 2162 1789 2235; x_wconf 92' lang='lat' dir='ltr'><strong>fuit,</strong></span> <span class='ocrx_word' id='word_1_252' title='bbox 1816 2161 1950 2234; x_wconf 88' lang='lat' dir='ltr'><strong>quia</strong></span> <span class='ocrx_word' id='word_1_253' title='bbox 1973 2159 2075 2216; x_wconf 90' lang='lat' dir='ltr'><strong>im-</strong></span> 
     </span>
    </p>
   </div>
   <div class='ocr_carea' id='block_1_38' title="bbox 437 2250 2080 2338">
    <p class='ocr_par' dir='ltr' id='par_1_38' title="bbox 437 2250 2080 2338">
     <span class='ocr_line' id='line_1_38' title="bbox 437 2250 2080 2338; baseline -0.01 -16"><span class='ocrx_word' id='word_1_254' title='bbox 437 2267 674 2338; x_wconf 90' lang='lat' dir='ltr'><strong>perator</strong></span> <span class='ocrx_word' id='word_1_255' title='bbox 688 2261 922 2319; x_wconf 89' lang='lat' dir='ltr'><strong>miserat</strong></span> <span class='ocrx_word' id='word_1_256' title='bbox 949 2259 1020 2316; x_wconf 88' lang='lat' dir='ltr'><strong>ad</strong></span> <span class='ocrx_word' id='word_1_257' title='bbox 1042 2271 1174 2314; x_wconf 89' lang='lat' dir='ltr'><strong>eum</strong></span> <span class='ocrx_word' id='word_1_258' title='bbox 1201 2270 1304 2328; x_wconf 93' lang='lat' dir='ltr'><strong>pro</strong></span> <span class='ocrx_word' id='word_1_259' title='bbox 1329 2253 1414 2311; x_wconf 88' lang='lat' dir='ltr'><strong>rei</strong></span> <span class='ocrx_word' id='word_1_260' title='bbox 1439 2250 2080 2322; x_wconf 83' lang='lat' dir='ltr'><strong>veritateinquirenda,</strong></span> 
     </span>
    </p>
   </div>
   <div class='ocr_carea' id='block_1_39' title="bbox 437 2339 2074 2424">
    <p class='ocr_par' dir='ltr' id='par_1_39' title="bbox 437 2339 2074 2424">
     <span class='ocr_line' id='line_1_39' title="bbox 437 2339 2074 2424; baseline -0.009 -15"><span class='ocrx_word' id='word_1_261' title='bbox 437 2351 506 2424; x_wconf 91' lang='lat' dir='ltr'><strong>si,</strong></span> <span class='ocrx_word' id='word_1_262' title='bbox 564 2349 718 2424; x_wconf 91' lang='lat' dir='ltr'><strong>quod</strong></span> <span class='ocrx_word' id='word_1_263' title='bbox 769 2349 1090 2416; x_wconf 85' lang='lat' dir='ltr'><strong>ferebatur,</strong></span> <span class='ocrx_word' id='word_1_264' title='bbox 1123 2343 1360 2415; x_wconf 86' lang='lat' dir='ltr'><strong>sanguis</strong></span> <span class='ocrx_word' id='word_1_265' title='bbox 1407 2342 1618 2400; x_wconf 87' lang='lat' dir='ltr'><strong>Christi</strong></span> <span class='ocrx_word' id='word_1_266' title='bbox 1671 2341 1726 2397; x_wconf 91' lang='lat' dir='ltr'><strong>in</strong></span> <span class='ocrx_word' id='word_1_267' title='bbox 1773 2339 2074 2398; x_wconf 89' lang='lat' dir='ltr'><strong>civitatem</strong></span> 
     </span>
    </p>
   </div>
   <div class='ocr_carea' id='block_1_40' title="bbox 433 2427 2076 2508">
    <p class='ocr_par' dir='ltr' id='par_1_40' title="bbox 433 2427 2076 2508">
     <span class='ocr_line' id='line_1_40' title="bbox 433 2427 2076 2508; baseline -0.01 -10"><span class='ocrx_word' id='word_1_268' title='bbox 433 2441 662 2498; x_wconf 71' lang='lat' dir='ltr'><strong>Mantua</strong></span> <span class='ocrx_word' id='word_1_269' title='bbox 686 2437 888 2496; x_wconf 90' lang='lat' dir='ltr'><strong>fuisset</strong></span> <span class='ocrx_word' id='word_1_270' title='bbox 913 2437 1205 2508; x_wconf 89' lang='lat' dir='ltr'><strong>repertus.</strong></span> <span class='ocrx_word' id='word_1_271' title='bbox 1229 2434 1484 2504; x_wconf 84' lang='lat' dir='ltr'><strong>Accepta</strong></span> <span class='ocrx_word' id='word_1_272' title='bbox 1499 2430 1678 2502; x_wconf 91' lang='lat' dir='ltr'><strong>igitur</strong></span> <span class='ocrx_word' id='word_1_273' title='bbox 1701 2427 1963 2502; x_wconf 77' lang='lat' dir='ltr'><strong>pontifex</strong></span> <span class='ocrx_word' id='word_1_274' title='bbox 1982 2441 2076 2484; x_wconf 90' lang='lat' dir='ltr'><strong>oc-</strong></span> 
     </span>
    </p>
   </div>
   <div class='ocr_carea' id='block_1_41' title="bbox 2185 1803 3832 1877">
    <p class='ocr_par' dir='ltr' id='par_1_41' title="bbox 2185 1803 3832 1877">
     <span class='ocr_line' id='line_1_41' title="bbox 2185 1803 3832 1877; baseline -0.005 -7"><span class='ocrx_word' id='word_1_275' title='bbox 2185 1815 2473 1872; x_wconf 89' lang='lat' dir='ltr'><strong>Danorum</strong></span> <span class='ocrx_word' id='word_1_276' title='bbox 2496 1810 2550 1867; x_wconf 92' lang='lat' dir='ltr'><strong>in</strong></span> <span class='ocrx_word' id='word_1_277' title='bbox 2577 1808 2892 1866; x_wconf 80' lang='lat' dir='ltr'><strong>Abodritos</strong></span> <span class='ocrx_word' id='word_1_278' title='bbox 2907 1823 3040 1865; x_wconf 90' lang='lat' dir='ltr'><strong>cum</strong></span> <span class='ocrx_word' id='word_1_279' title='bbox 3061 1805 3326 1864; x_wconf 90' lang='lat' dir='ltr'><strong>exercitu</strong></span> <span class='ocrx_word' id='word_1_280' title='bbox 3348 1805 3669 1877; x_wconf 90' lang='lat' dir='ltr'><strong>trajiciens,</strong></span> <span class='ocrx_word' id='word_1_281' title='bbox 3692 1803 3832 1864; x_wconf 88' lang='lat' dir='ltr'><strong>licet</strong></span> 
     </span>
    </p>
   </div>
   <div class='ocr_carea' id='block_1_42' title="bbox 2179 1893 3828 1968">
    <p class='ocr_par' dir='ltr' id='par_1_42' title="bbox 2179 1893 3828 1968">
     <span class='ocr_line' id='line_1_42' title="bbox 2179 1893 3828 1968; baseline -0.006 -7"><span class='ocrx_word' id='word_1_282' title='bbox 2179 1905 2526 1960; x_wconf 85' lang='lat' dir='ltr'><strong>Brasconem</strong></span> <span class='ocrx_word' id='word_1_283' title='bbox 2577 1899 2785 1956; x_wconf 90' lang='lat' dir='ltr'><strong>ducem</strong></span> <span class='ocrx_word' id='word_1_284' title='bbox 2831 1896 3251 1954; x_wconf 85' lang='lat' dir='ltr'><strong>Ahodritorum</strong></span> <span class='ocrx_word' id='word_1_285' title='bbox 3296 1894 3429 1952; x_wconf 91' lang='lat' dir='ltr'><strong>loco</strong></span> <span class='ocrx_word' id='word_1_286' title='bbox 3477 1893 3828 1968; x_wconf 87' lang='lat' dir='ltr'><strong>pepulisset,</strong></span> 
     </span>
    </p>
   </div>
   <div class='ocr_carea' id='block_1_43' title="bbox 2183 1983 3829 2064">
    <p class='ocr_par' dir='ltr' id='par_1_43' title="bbox 2183 1983 3829 2064">
     <span class='ocr_line' id='line_1_43' title="bbox 2183 1983 3829 2064; baseline -0.007 -14"><span class='ocrx_word' id='word_1_287' title='bbox 2183 1993 2474 2064; x_wconf 90' lang='lat' dir='ltr'><strong>aliumque</strong></span> <span class='ocrx_word' id='word_1_288' title='bbox 2497 1992 2702 2048; x_wconf 89' lang='lat' dir='ltr'><strong>ducem</strong></span> <span class='ocrx_word' id='word_1_289' title='bbox 2717 1986 2852 2045; x_wconf 91' lang='lat' dir='ltr'><strong>dolo</strong></span> <span class='ocrx_word' id='word_1_290' title='bbox 2863 1990 3098 2060; x_wconf 89' lang='lat' dir='ltr'><strong>captum</strong></span> <span class='ocrx_word' id='word_1_291' title='bbox 3115 1983 3482 2058; x_wconf 89' lang='lat' dir='ltr'><strong>patibulosus</strong></span> <span class='ocrx_word' id='word_1_292' title='bbox 3505 1983 3829 2058; x_wconf 89' lang='lat' dir='ltr'><strong>pendisset,</strong></span> 
     </span>
    </p>
   </div>
   <div class='ocr_carea' id='block_1_44' title="bbox 2184 2072 3832 2152">
    <p class='ocr_par' dir='ltr' id='par_1_44' title="bbox 2184 2072 3832 2152">
     <span class='ocr_line' id='line_1_44' title="bbox 2184 2072 3832 2152; baseline -0.007 -13"><span class='ocrx_word' id='word_1_293' title='bbox 2184 2095 2392 2152; x_wconf 91' lang='lat' dir='ltr'><strong>magno</strong></span> <span class='ocrx_word' id='word_1_294' title='bbox 2419 2086 2613 2136; x_wconf 90' lang='lat' dir='ltr'><strong>tamen</strong></span> <span class='ocrx_word' id='word_1_295' title='bbox 2640 2076 2939 2150; x_wconf 90' lang='lat' dir='ltr'><strong>copiarum</strong></span> <span class='ocrx_word' id='word_1_296' title='bbox 2966 2088 3203 2132; x_wconf 88' lang='lat' dir='ltr'><strong>suarum</strong></span> <span class='ocrx_word' id='word_1_297' title='bbox 3243 2072 3601 2130; x_wconf 90' lang='lat' dir='ltr'><strong>detrimento</strong></span> <span class='ocrx_word' id='word_1_298' title='bbox 3627 2085 3832 2129; x_wconf 88' lang='lat' dir='ltr'><strong>rever-</strong></span> 
     </span>
    </p>
   </div>
   <div class='ocr_carea' id='block_1_45' title="bbox 2185 2159 3831 2232">
    <p class='ocr_par' dir='ltr' id='par_1_45' title="bbox 2185 2159 3831 2232">
     <span class='ocr_line' id='line_1_45' title="bbox 2185 2159 3831 2232; baseline -0.008 -3"><span class='ocrx_word' id='word_1_299' title='bbox 2185 2186 2285 2229; x_wconf 90' lang='lat' dir='ltr'><strong>sus</strong></span> <span class='ocrx_word' id='word_1_300' title='bbox 2327 2173 2436 2227; x_wconf 89' lang='lat' dir='ltr'><strong>est.</strong></span> <span class='ocrx_word' id='word_1_301' title='bbox 2469 2167 2674 2225; x_wconf 85' lang='lat' dir='ltr'><strong>Amisit</strong></span> <span class='ocrx_word' id='word_1_302' title='bbox 2707 2166 2860 2224; x_wconf 90' lang='lat' dir='ltr'><strong>enim</strong></span> <span class='ocrx_word' id='word_1_303' title='bbox 2891 2163 2968 2221; x_wconf 92' lang='lat' dir='ltr'><strong>ibi</strong></span> <span class='ocrx_word' id='word_1_304' title='bbox 3000 2162 3180 2220; x_wconf 82' lang='lat' dir='ltr'><strong>filium</strong></span> <span class='ocrx_word' id='word_1_305' title='bbox 3212 2160 3414 2219; x_wconf 90' lang='lat' dir='ltr'><strong>fratris</strong></span> <span class='ocrx_word' id='word_1_306' title='bbox 3437 2159 3528 2219; x_wconf 91' lang='lat' dir='ltr'><strong>sui</strong></span> <span class='ocrx_word' id='word_1_307' title='bbox 3555 2159 3831 2232; x_wconf 82' lang='lat' dir='ltr'><strong>Raginol-</strong></span> 
     </span>
    </p>
   </div>
   <div class='ocr_carea' id='block_1_46' title="bbox 2184 2249 3829 2332">
    <p class='ocr_par' dir='ltr' id='par_1_46' title="bbox 2184 2249 3829 2332">
     <span class='ocr_line' id='line_1_46' title="bbox 2184 2249 3829 2332; baseline -0.006 -14"><span class='ocrx_word' id='word_1_308' title='bbox 2184 2261 2342 2332; x_wconf 91' lang='lat' dir='ltr'><strong>dum,</strong></span> <span class='ocrx_word' id='word_1_309' title='bbox 2359 2259 2456 2332; x_wconf 89' lang='lat' dir='ltr'><strong>qui</strong></span> <span class='ocrx_word' id='word_1_310' title='bbox 2479 2258 2535 2314; x_wconf 93' lang='lat' dir='ltr'><strong>in</strong></span> <span class='ocrx_word' id='word_1_311' title='bbox 2555 2253 2990 2330; x_wconf 90' lang='lat' dir='ltr'><strong>oppugnatione</strong></span> <span class='ocrx_word' id='word_1_312' title='bbox 3002 2250 3304 2323; x_wconf 90' lang='lat' dir='ltr'><strong>cujusdam</strong></span> <span class='ocrx_word' id='word_1_313' title='bbox 3320 2249 3518 2322; x_wconf 88' lang='lat' dir='ltr'><strong>oppidi</strong></span> <span class='ocrx_word' id='word_1_314' title='bbox 3542 2264 3676 2308; x_wconf 90' lang='lat' dir='ltr'><strong>cum</strong></span> <span class='ocrx_word' id='word_1_315' title='bbox 3701 2249 3829 2322; x_wconf 91' lang='lat' dir='ltr'><strong>plu-</strong></span> 
     </span>
    </p>
   </div>
   <div class='ocr_carea' id='block_1_47' title="bbox 2185 2337 3831 2418">
    <p class='ocr_par' dir='ltr' id='par_1_47' title="bbox 2185 2337 3831 2418">
     <span class='ocr_line' id='line_1_47' title="bbox 2185 2337 3831 2418; baseline -0.007 -10"><span class='ocrx_word' id='word_1_316' title='bbox 2185 2351 2346 2408; x_wconf 90' lang='lat' dir='ltr'><strong>rimis</strong></span> <span class='ocrx_word' id='word_1_317' title='bbox 2391 2351 2678 2405; x_wconf 89' lang='lat' dir='ltr'><strong>Danorum</strong></span> <span class='ocrx_word' id='word_1_318' title='bbox 2725 2342 3080 2418; x_wconf 90' lang='lat' dir='ltr'><strong>primoribus</strong></span> <span class='ocrx_word' id='word_1_319' title='bbox 3128 2340 3474 2397; x_wconf 90' lang='lat' dir='ltr'><strong>interfectus</strong></span> <span class='ocrx_word' id='word_1_320' title='bbox 3503 2343 3613 2396; x_wconf 89' lang='lat' dir='ltr'><strong>est.</strong></span> <span class='ocrx_word' id='word_1_321' title='bbox 3648 2337 3831 2396; x_wconf 82' lang='lat' dir='ltr'><strong>Filius</strong></span> 
     </span>
    </p>
   </div>
   <div class='ocr_carea' id='block_1_48' title="bbox 2185 2425 3833 2510">
    <p class='ocr_par' dir='ltr' id='par_1_48' title="bbox 2185 2425 3833 2510">
     <span class='ocr_line' id='line_1_48' title="bbox 2185 2425 3833 2510; baseline -0.009 -13"><span class='ocrx_word' id='word_1_322' title='bbox 2185 2445 2379 2499; x_wconf 91' lang='lat' dir='ltr'><strong>autem</strong></span> <span class='ocrx_word' id='word_1_323' title='bbox 2409 2433 2780 2510; x_wconf 87' lang='lat' dir='ltr'><strong>imperatoris</strong></span> <span class='ocrx_word' id='word_1_324' title='bbox 2820 2432 3060 2489; x_wconf 89' lang='lat' dir='ltr'><strong>Carolus</strong></span> <span class='ocrx_word' id='word_1_325' title='bbox 3099 2430 3157 2486; x_wconf 93' lang='lat' dir='ltr'><strong>in</strong></span> <span class='ocrx_word' id='word_1_326' title='bbox 3185 2429 3431 2486; x_wconf 90' lang='lat' dir='ltr'><strong>Linones</strong></span> <span class='ocrx_word' id='word_1_327' title='bbox 3457 2432 3515 2485; x_wconf 89' lang='lat' dir='ltr'><strong>et</strong></span> <span class='ocrx_word' id='word_1_328' title='bbox 3547 2425 3833 2484; x_wconf 86' lang='lat' dir='ltr'><strong>Smeldin-</strong></span> 
     </span>
    </p>
   </div>
   <div class='ocr_carea' id='block_1_49' title="bbox 431 2515 2075 2601">
    <p class='ocr_par' dir='ltr' id='par_1_49' title="bbox 431 2515 2073 2599">
     <span class='ocr_line' id='line_1_49' title="bbox 431 2515 2073 2599; baseline -0.01 -11"><span class='ocrx_word' id='word_1_329' title='bbox 431 2528 685 2599; x_wconf 88' lang='lat' dir='ltr'><strong>casione,</strong></span> <span class='ocrx_word' id='word_1_330' title='bbox 726 2527 784 2582; x_wconf 89' lang='lat' dir='ltr'><strong>in</strong></span> <span class='ocrx_word' id='word_1_331' title='bbox 832 2521 1288 2595; x_wconf 91' lang='lat' dir='ltr'><strong>Longobardiam</strong></span> <span class='ocrx_word' id='word_1_332' title='bbox 1337 2519 1502 2592; x_wconf 91' lang='lat' dir='ltr'><strong>quasi</strong></span> <span class='ocrx_word' id='word_1_333' title='bbox 1552 2524 1657 2592; x_wconf 88' lang='lat' dir='ltr'><strong>pro</strong></span> <span class='ocrx_word' id='word_1_334' title='bbox 1697 2515 2073 2589; x_wconf 89' lang='lat' dir='ltr'><strong>inquisitione</strong></span> 
     </span>
    </p>
   </div>
   <div class='ocr_carea' id='block_1_50' title="bbox 2184 2515 3834 2601">
    <p class='ocr_par' dir='ltr' id='par_1_50' title="bbox 2184 2515 3834 2601">
     <span class='ocr_line' id='line_1_50' title="bbox 2184 2515 3834 2601; baseline -0.01 -13"><span class='ocrx_word' id='word_1_335' title='bbox 2184 2545 2301 2601; x_wconf 88' lang='lat' dir='ltr'><strong>cos,</strong></span> <span class='ocrx_word' id='word_1_336' title='bbox 2333 2528 2430 2600; x_wconf 89' lang='lat' dir='ltr'><strong>qui</strong></span> <span class='ocrx_word' id='word_1_337' title='bbox 2460 2527 2530 2584; x_wconf 93' lang='lat' dir='ltr'><strong>ad</strong></span> <span class='ocrx_word' id='word_1_338' title='bbox 2560 2521 2934 2582; x_wconf 88' lang='lat' dir='ltr'><strong>Godefridum</strong></span> <span class='ocrx_word' id='word_1_339' title='bbox 2972 2520 3330 2590; x_wconf 90' lang='lat' dir='ltr'><strong>defecerant,</strong></span> <span class='ocrx_word' id='word_1_340' title='bbox 3371 2515 3700 2574; x_wconf 89' lang='lat' dir='ltr'><strong>exercitum</strong></span> <span class='ocrx_word' id='word_1_341' title='bbox 3735 2516 3834 2573; x_wconf 92' lang='lat' dir='ltr'><strong>cui</strong></span> 
     </span>
    </p>
   </div>
   <div class='ocr_carea' id='block_1_51' title="bbox 433 2605 2078 2688">
    <p class='ocr_par' dir='ltr' id='par_1_51' title="bbox 433 2605 2078 2688">
     <span class='ocr_line' id='line_1_51' title="bbox 433 2605 2078 2688; baseline -0.01 -12"><span class='ocrx_word' id='word_1_342' title='bbox 433 2617 599 2688; x_wconf 86' lang='lat' dir='ltr'><strong>exiit,</strong></span> <span class='ocrx_word' id='word_1_343' title='bbox 619 2615 753 2672; x_wconf 91' lang='lat' dir='ltr'><strong>inde</strong></span> <span class='ocrx_word' id='word_1_344' title='bbox 774 2627 959 2686; x_wconf 88' lang='lat' dir='ltr'><strong>usque</strong></span> <span class='ocrx_word' id='word_1_345' title='bbox 981 2612 1054 2669; x_wconf 90' lang='lat' dir='ltr'><strong>ad</strong></span> <span class='ocrx_word' id='word_1_346' title='bbox 1077 2611 1488 2683; x_wconf 88' lang='lat' dir='ltr'><strong>imperatorem</strong></span> <span class='ocrx_word' id='word_1_347' title='bbox 1509 2605 1795 2680; x_wconf 88' lang='lat' dir='ltr'><strong>pervenit.</strong></span> <span class='ocrx_word' id='word_1_348' title='bbox 1821 2605 2078 2662; x_wconf 82' lang='lat' dir='ltr'><strong>Theodo-</strong></span> 
     </span>
    </p>
   </div>
   <div class='ocr_carea' id='block_1_52' title="bbox 434 2694 2076 2780">
    <p class='ocr_par' dir='ltr' id='par_1_52' title="bbox 434 2694 2076 2780">
     <span class='ocr_line' id='line_1_52' title="bbox 434 2694 2076 2780; baseline -0.01 -14"><span class='ocrx_word' id='word_1_349' title='bbox 434 2701 535 2766; x_wconf 84' lang='lat' dir='ltr'><strong>rus</strong></span> <span class='ocrx_word' id='word_1_350' title='bbox 565 2706 872 2780; x_wconf 90' lang='lat' dir='ltr'><strong>Capuanus</strong></span> <span class='ocrx_word' id='word_1_351' title='bbox 904 2701 1175 2776; x_wconf 90' lang='lat' dir='ltr'><strong>princeps</strong></span> <span class='ocrx_word' id='word_1_352' title='bbox 1204 2701 1540 2756; x_wconf 84' lang='lat' dir='ltr'><strong>Hunnorum</strong></span> <span class='ocrx_word' id='word_1_353' title='bbox 1567 2700 1809 2770; x_wconf 88' lang='lat' dir='ltr'><strong>propter</strong></span> <span class='ocrx_word' id='word_1_354' title='bbox 1840 2694 2076 2751; x_wconf 88' lang='lat' dir='ltr'><strong>infesta-</strong></span> 
     </span>
    </p>
   </div>
   <div class='ocr_carea' id='block_1_53' title="bbox 434 2782 2072 2864">
    <p class='ocr_par' dir='ltr' id='par_1_53' title="bbox 434 2782 2072 2864">
     <span class='ocr_line' id='line_1_53' title="bbox 434 2782 2072 2864; baseline -0.007 -11"><span class='ocrx_word' id='word_1_355' title='bbox 434 2797 652 2855; x_wconf 91' lang='lat' dir='ltr'><strong>tionem</strong></span> <span class='ocrx_word' id='word_1_356' title='bbox 703 2793 1038 2852; x_wconf 90' lang='lat' dir='ltr'><strong>Sclavorum</strong></span> <span class='ocrx_word' id='word_1_357' title='bbox 1068 2791 1235 2864; x_wconf 91' lang='lat' dir='ltr'><strong>(erat</strong></span> <span class='ocrx_word' id='word_1_358' title='bbox 1286 2787 1438 2845; x_wconf 90' lang='lat' dir='ltr'><strong>enim</strong></span> <span class='ocrx_word' id='word_1_359' title='bbox 1484 2787 1636 2846; x_wconf 90' lang='lat' dir='ltr'><strong>idem</strong></span> <span class='ocrx_word' id='word_1_360' title='bbox 1671 2782 2072 2855; x_wconf 90' lang='lat' dir='ltr'><strong>Christianus)</strong></span> 
     </span>
    </p>
   </div>
   <div class='ocr_carea' id='block_1_54' title="bbox 435 2872 2073 2943">
    <p class='ocr_par' dir='ltr' id='par_1_54' title="bbox 435 2872 2073 2943">
     <span class='ocr_line' id='line_1_54' title="bbox 435 2872 2073 2943; baseline -0.008 -2"><span class='ocrx_word' id='word_1_361' title='bbox 435 2884 623 2943; x_wconf 87' lang='lat' dir='ltr'><strong>locum</strong></span> <span class='ocrx_word' id='word_1_362' title='bbox 673 2882 782 2941; x_wconf 89' lang='lat' dir='ltr'><strong>sibi</strong></span> <span class='ocrx_word' id='word_1_363' title='bbox 824 2881 948 2939; x_wconf 91' lang='lat' dir='ltr'><strong>dari</strong></span> <span class='ocrx_word' id='word_1_364' title='bbox 981 2880 1055 2938; x_wconf 90' lang='lat' dir='ltr'><strong>ad</strong></span> <span class='ocrx_word' id='word_1_365' title='bbox 1083 2877 1462 2935; x_wconf 90' lang='lat' dir='ltr'><strong>habitandum</strong></span> <span class='ocrx_word' id='word_1_366' title='bbox 1495 2875 1651 2932; x_wconf 90' lang='lat' dir='ltr'><strong>inter</strong></span> <span class='ocrx_word' id='word_1_367' title='bbox 1683 2872 1981 2931; x_wconf 89' lang='lat' dir='ltr'><strong>Sabariam</strong></span> <span class='ocrx_word' id='word_1_368' title='bbox 2013 2876 2073 2928; x_wconf 90' lang='lat' dir='ltr'><strong>et</strong></span> 
     </span>
    </p>
   </div>
   <div class='ocr_carea' id='block_1_55' title="bbox 436 2961 2077 3042">
    <p class='ocr_par' dir='ltr' id='par_1_55' title="bbox 436 2961 2077 3042">
     <span class='ocr_line' id='line_1_55' title="bbox 436 2961 2077 3042; baseline -0.007 -12"><span class='ocrx_word' id='word_1_369' title='bbox 436 2975 753 3032; x_wconf 88' lang='lat' dir='ltr'><strong>Carnutum</strong></span> <span class='ocrx_word' id='word_1_370' title='bbox 785 2973 858 3029; x_wconf 91' lang='lat' dir='ltr'><strong>ab</strong></span> <span class='ocrx_word' id='word_1_371' title='bbox 889 2971 1242 3042; x_wconf 89' lang='lat' dir='ltr'><strong>imperatore</strong></span> <span class='ocrx_word' id='word_1_372' title='bbox 1260 2964 1598 3039; x_wconf 87' lang='lat' dir='ltr'><strong>postulavit.</strong></span> <span class='ocrx_word' id='word_1_373' title='bbox 1624 2964 1806 3033; x_wconf 86' lang='lat' dir='ltr'><strong>Quem</strong></span> <span class='ocrx_word' id='word_1_374' title='bbox 1828 2961 2077 3036; x_wconf 88' lang='lat' dir='ltr'><strong>impera-</strong></span> 
     </span>
    </p>
   </div>
   <div class='ocr_carea' id='block_1_56' title="bbox 434 3052 2070 3132">
    <p class='ocr_par' dir='ltr' id='par_1_56' title="bbox 434 3052 2070 3132">
     <span class='ocr_line' id='line_1_56' title="bbox 434 3052 2070 3132; baseline -0.008 -12"><span class='ocrx_word' id='word_1_375' title='bbox 434 3068 532 3120; x_wconf 87' lang='lat' dir='ltr'><strong>tor</strong></span> <span class='ocrx_word' id='word_1_376' title='bbox 561 3062 808 3132; x_wconf 90' lang='lat' dir='ltr'><strong>benigne</strong></span> <span class='ocrx_word' id='word_1_377' title='bbox 857 3057 1136 3129; x_wconf 88' lang='lat' dir='ltr'><strong>suscepit,</strong></span> <span class='ocrx_word' id='word_1_378' title='bbox 1183 3060 1242 3111; x_wconf 91' lang='lat' dir='ltr'><strong>et</strong></span> <span class='ocrx_word' id='word_1_379' title='bbox 1293 3053 1566 3126; x_wconf 90' lang='lat' dir='ltr'><strong>precibus</strong></span> <span class='ocrx_word' id='word_1_380' title='bbox 1614 3052 1743 3122; x_wconf 91' lang='lat' dir='ltr'><strong>ejus</strong></span> <span class='ocrx_word' id='word_1_381' title='bbox 1789 3066 2070 3122; x_wconf 90' lang='lat' dir='ltr'><strong>annuens,</strong></span> 
     </span>
    </p>
   </div>
   <div class='ocr_carea' id='block_1_57' title="bbox 438 3113 2155 3214">
    <p class='ocr_par' dir='ltr' id='par_1_57' title="bbox 438 3113 2155 3214">
     <span class='ocr_line' id='line_1_57' title="bbox 438 3113 2155 3214; baseline -0.01 -5"><span class='ocrx_word' id='word_1_382' title='bbox 438 3113 775 3208; x_wconf 49' lang='lat' dir='ltr'><strong>muneribus</strong></span> <span class='ocrx_word' id='word_1_383' title='bbox 804 3113 1082 3203; x_wconf 78' lang='lat' dir='ltr'><strong>donatum</strong></span> <span class='ocrx_word' id='word_1_384' title='bbox 1113 3113 1311 3200; x_wconf 73' lang='lat' dir='ltr'><strong>redire</strong></span> <span class='ocrx_word' id='word_1_385' title='bbox 1341 3140 1620 3214; x_wconf 89' lang='lat' dir='ltr'><strong>permisit.</strong></span> <span class='ocrx_word' id='word_1_386' title='bbox 1649 3141 1971 3212; x_wconf 89' lang='lat' dir='ltr'><strong>Imperator</strong></span> <span class='ocrx_word' id='word_1_387' title='bbox 1993 3113 2076 3195; x_wconf 56' lang='lat' dir='ltr'><strong>in;</strong></span> <span class='ocrx_word' id='word_1_388' title='bbox 2105 3113 2155 3178; x_wconf 70' lang='grc' dir='ltr'>Ο</span> 
     </span>
    </p>
   </div>
   <div class='ocr_carea' id='block_1_58' title="bbox 421 3228 2076 3304">
    <p class='ocr_par' dir='ltr' id='par_1_58' title="bbox 421 3228 2076 3304">
     <span class='ocr_line' id='line_1_58' title="bbox 421 3228 2076 3304; baseline -0.005 -10"><span class='ocrx_word' id='word_1_389' title='bbox 421 3243 530 3296; x_wconf 81' lang='lat' dir='ltr'><strong>~ter</strong></span> <span class='ocrx_word' id='word_1_390' title='bbox 561 3235 711 3292; x_wconf 86' lang='lat' dir='ltr'><strong>ﬁlios</strong></span> <span class='ocrx_word' id='word_1_391' title='bbox 741 3250 876 3292; x_wconf 89' lang='lat' dir='ltr'><strong>suos</strong></span> <span class='ocrx_word' id='word_1_392' title='bbox 907 3247 1085 3304; x_wconf 89' lang='lat' dir='ltr'><strong>regna</strong></span> <span class='ocrx_word' id='word_1_393' title='bbox 1108 3230 1309 3302; x_wconf 90' lang='lat' dir='ltr'><strong>dividi,</strong></span> <span class='ocrx_word' id='word_1_394' title='bbox 1335 3235 1396 3286; x_wconf 93' lang='lat' dir='ltr'><strong>ut</strong></span> <span class='ocrx_word' id='word_1_395' title='bbox 1421 3229 1598 3287; x_wconf 90' lang='lat' dir='ltr'><strong>sciret</strong></span> <span class='ocrx_word' id='word_1_396' title='bbox 1624 3228 1870 3300; x_wconf 91' lang='lat' dir='ltr'><strong>quisque</strong></span> <span class='ocrx_word' id='word_1_397' title='bbox 1902 3228 1950 3285; x_wconf 90' lang='lat' dir='ltr'><strong>si</strong></span> <span class='ocrx_word' id='word_1_398' title='bbox 1981 3244 2076 3286; x_wconf 91' lang='lat' dir='ltr'><strong>su-</strong></span> 
     </span>
    </p>
   </div>
   <div class='ocr_carea' id='block_1_59' title="bbox 438 3317 2076 3401">
    <p class='ocr_par' dir='ltr' id='par_1_59' title="bbox 438 3317 2076 3401">
     <span class='ocr_line' id='line_1_59' title="bbox 438 3317 2076 3401; baseline -0.007 -17"><span class='ocrx_word' id='word_1_399' title='bbox 438 3332 667 3401; x_wconf 90' lang='lat' dir='ltr'><strong>perstes</strong></span> <span class='ocrx_word' id='word_1_400' title='bbox 693 3328 870 3394; x_wconf 91' lang='lat' dir='ltr'><strong>esset,</strong></span> <span class='ocrx_word' id='word_1_401' title='bbox 895 3336 1067 3394; x_wconf 89' lang='lat' dir='ltr'><strong>quam</strong></span> <span class='ocrx_word' id='word_1_402' title='bbox 1093 3324 1317 3392; x_wconf 89' lang='lat' dir='ltr'><strong>partem</strong></span> <span class='ocrx_word' id='word_1_403' title='bbox 1339 3318 1494 3376; x_wconf 89' lang='lat' dir='ltr'><strong>tueri</strong></span> <span class='ocrx_word' id='word_1_404' title='bbox 1525 3323 1581 3374; x_wconf 90' lang='lat' dir='ltr'><strong>et</strong></span> <span class='ocrx_word' id='word_1_405' title='bbox 1617 3332 1820 3388; x_wconf 86' lang='lat' dir='ltr'><strong>regere</strong></span> <span class='ocrx_word' id='word_1_406' title='bbox 1845 3317 2076 3376; x_wconf 90' lang='lat' dir='ltr'><strong>debuis-</strong></span> 
     </span>
    </p>
   </div>
   <div class='ocr_carea' id='block_1_60' title="bbox 438 3407 2074 3478">
    <p class='ocr_par' dir='ltr' id='par_1_60' title="bbox 438 3407 2074 3478">
     <span class='ocr_line' id='line_1_60' title="bbox 438 3407 2074 3478; baseline -0.006 -4"><span class='ocrx_word' id='word_1_407' title='bbox 438 3419 546 3474; x_wconf 87' lang='lat' dir='ltr'><strong>set.</strong></span> <span class='ocrx_word' id='word_1_408' title='bbox 597 3415 1026 3472; x_wconf 87' lang='lat' dir='ltr'><strong>Testamentum</strong></span> <span class='ocrx_word' id='word_1_409' title='bbox 1075 3409 1209 3465; x_wconf 88' lang='lat' dir='ltr'><strong>inde</strong></span> <span class='ocrx_word' id='word_1_410' title='bbox 1259 3409 1474 3466; x_wconf 88' lang='lat' dir='ltr'><strong>factum</strong></span> <span class='ocrx_word' id='word_1_411' title='bbox 1505 3407 1970 3478; x_wconf 90' lang='lat' dir='ltr'><strong>etjurejurando</strong></span> <span class='ocrx_word' id='word_1_412' title='bbox 2001 3409 2074 3466; x_wconf 90' lang='lat' dir='ltr'><strong>ab</strong></span> 
     </span>
    </p>
   </div>
   <div class='ocr_carea' id='block_1_61' title="bbox 435 3496 2075 3578">
    <p class='ocr_par' dir='ltr' id='par_1_61' title="bbox 435 3496 2075 3578">
     <span class='ocr_line' id='line_1_61' title="bbox 435 3496 2075 3578; baseline -0.005 -16"><span class='ocrx_word' id='word_1_413' title='bbox 435 3501 816 3578; x_wconf 89' lang='lat' dir='ltr'><strong>optimatibus</strong></span> <span class='ocrx_word' id='word_1_414' title='bbox 849 3501 1196 3556; x_wconf 87' lang='lat' dir='ltr'><strong>Francorum</strong></span> <span class='ocrx_word' id='word_1_415' title='bbox 1243 3498 1669 3568; x_wconf 79' lang='lat' dir='ltr'><strong>confirmatum,</strong></span> <span class='ocrx_word' id='word_1_416' title='bbox 1707 3496 1876 3554; x_wconf 91' lang='lat' dir='ltr'><strong>Leoni</strong></span> <span class='ocrx_word' id='word_1_417' title='bbox 1910 3511 2075 3570; x_wconf 74' lang='lat' dir='ltr'><strong>papae</strong></span> 
     </span>
    </p>
   </div>
   <div class='ocr_carea' id='block_1_62' title="bbox 437 3587 2076 3664">
    <p class='ocr_par' dir='ltr' id='par_1_62' title="bbox 437 3587 2076 3664">
     <span class='ocr_line' id='line_1_62' title="bbox 437 3587 2076 3664; baseline -0.004 -14"><span class='ocrx_word' id='word_1_418' title='bbox 437 3592 666 3664; x_wconf 89' lang='lat' dir='ltr'><strong>missus,</strong></span> <span class='ocrx_word' id='word_1_419' title='bbox 700 3594 763 3650; x_wconf 92' lang='lat' dir='ltr'><strong>ut</strong></span> <span class='ocrx_word' id='word_1_420' title='bbox 797 3604 967 3646; x_wconf 90' lang='lat' dir='ltr'><strong>manu</strong></span> <span class='ocrx_word' id='word_1_421' title='bbox 997 3603 1101 3646; x_wconf 91' lang='lat' dir='ltr'><strong>sua</strong></span> <span class='ocrx_word' id='word_1_422' title='bbox 1141 3587 1561 3644; x_wconf 89' lang='lat' dir='ltr'><strong>subscriberet.</strong></span> <span class='ocrx_word' id='word_1_423' title='bbox 1598 3587 1762 3642; x_wconf 85' lang='lat' dir='ltr'><strong>Anno</strong></span> <span class='ocrx_word' id='word_1_424' title='bbox 1811 3587 2076 3643; x_wconf 87' lang='lat' dir='ltr'><strong>Incarna-</strong></span> 
     </span>
    </p>
   </div>
   <div class='ocr_carea' id='block_1_63' title="bbox 427 3673 2078 3748">
    <p class='ocr_par' dir='ltr' id='par_1_63' title="bbox 427 3673 2078 3748">
     <span class='ocr_line' id='line_1_63' title="bbox 427 3673 2078 3748; baseline -0.004 -9"><span class='ocrx_word' id='word_1_425' title='bbox 427 3681 616 3740; x_wconf 85' lang='lat' dir='ltr'><strong>tionis</strong></span> <span class='ocrx_word' id='word_1_426' title='bbox 643 3679 863 3738; x_wconf 91' lang='lat' dir='ltr'><strong>Domini</strong></span> <span class='ocrx_word' id='word_1_427' title='bbox 897 3675 1380 3748; x_wconf 86' lang='lat' dir='ltr'><strong>octingentesimo</strong></span> <span class='ocrx_word' id='word_1_428' title='bbox 1401 3681 1590 3747; x_wconf 90' lang='lat' dir='ltr'><strong>sexto,</strong></span> <span class='ocrx_word' id='word_1_429' title='bbox 1613 3673 1820 3734; x_wconf 89' lang='lat' dir='ltr'><strong>classis</strong></span> <span class='ocrx_word' id='word_1_430' title='bbox 1850 3689 1881 3732; x_wconf 90' lang='lat' dir='ltr'><strong>a</strong></span> <span class='ocrx_word' id='word_1_431' title='bbox 1913 3677 2078 3734; x_wconf 81' lang='lat' dir='ltr'><strong>Nice-</strong></span> 
     </span>
    </p>
   </div>
   <div class='ocr_carea' id='block_1_64' title="bbox 438 3761 2074 3844">
    <p class='ocr_par' dir='ltr' id='par_1_64' title="bbox 438 3761 2074 3844">
     <span class='ocr_line' id='line_1_64' title="bbox 438 3761 2074 3844; baseline -0.006 -15"><span class='ocrx_word' id='word_1_432' title='bbox 438 3771 622 3844; x_wconf 89' lang='lat' dir='ltr'><strong>phoro</strong></span> <span class='ocrx_word' id='word_1_433' title='bbox 652 3761 1026 3842; x_wconf 79' lang='lat' dir='ltr'><strong>imperatore,</strong></span> <span class='ocrx_word' id='word_1_434' title='bbox 1048 3765 1141 3824; x_wconf 91' lang='lat' dir='ltr'><strong>cui</strong></span> <span class='ocrx_word' id='word_1_435' title='bbox 1173 3763 1372 3822; x_wconf 87' lang='lat' dir='ltr'><strong>Niceta</strong></span> <span class='ocrx_word' id='word_1_436' title='bbox 1400 3764 1681 3837; x_wconf 88' lang='lat' dir='ltr'><strong>patricius</strong></span> <span class='ocrx_word' id='word_1_437' title='bbox 1703 3768 1975 3837; x_wconf 70' lang='lat' dir='ltr'><strong>praeerat,</strong></span> <span class='ocrx_word' id='word_1_438' title='bbox 2002 3763 2074 3821; x_wconf 92' lang='lat' dir='ltr'><strong>ad</strong></span> 
     </span>
    </p>
   </div>
   <div class='ocr_carea' id='block_1_65' title="bbox 439 3853 2076 3934">
    <p class='ocr_par' dir='ltr' id='par_1_65' title="bbox 439 3853 2076 3934">
     <span class='ocr_line' id='line_1_65' title="bbox 439 3853 2076 3934; baseline -0.005 -15"><span class='ocrx_word' id='word_1_439' title='bbox 439 3859 898 3934; x_wconf 89' lang='lat' dir='ltr'><strong>recuperandam</strong></span> <span class='ocrx_word' id='word_1_440' title='bbox 945 3855 1286 3913; x_wconf 89' lang='lat' dir='ltr'><strong>Dalmatiam</strong></span> <span class='ocrx_word' id='word_1_441' title='bbox 1337 3854 1611 3912; x_wconf 90' lang='lat' dir='ltr'><strong>mittitur.</strong></span> <span class='ocrx_word' id='word_1_442' title='bbox 1649 3853 1894 3928; x_wconf 88' lang='lat' dir='ltr'><strong>Eclipsis</strong></span> <span class='ocrx_word' id='word_1_443' title='bbox 1924 3854 2076 3912; x_wconf 57' lang='lat' dir='ltr'><strong>lunae</strong></span> 
     </span>
    </p>
   </div>
   <div class='ocr_carea' id='block_1_66' title="bbox 441 3941 2076 4018">
    <p class='ocr_par' dir='ltr' id='par_1_66' title="bbox 441 3941 2076 4018">
     <span class='ocr_line' id='line_1_66' title="bbox 441 3941 2076 4018; baseline -0.003 -14"><span class='ocrx_word' id='word_1_444' title='bbox 441 3951 650 4018; x_wconf 88' lang='lat' dir='ltr'><strong>quarta</strong></span> <span class='ocrx_word' id='word_1_445' title='bbox 679 3946 872 4002; x_wconf 88' lang='lat' dir='ltr'><strong>Nonas</strong></span> <span class='ocrx_word' id='word_1_446' title='bbox 889 3941 1249 4014; x_wconf 90' lang='lat' dir='ltr'><strong>Septembris</strong></span> <span class='ocrx_word' id='word_1_447' title='bbox 1271 3941 1398 4011; x_wconf 90' lang='lat' dir='ltr'><strong>fuit,</strong></span> <span class='ocrx_word' id='word_1_448' title='bbox 1413 3945 1607 3998; x_wconf 89' lang='lat' dir='ltr'><strong>stante</strong></span> <span class='ocrx_word' id='word_1_449' title='bbox 1629 3941 1750 3999; x_wconf 89' lang='lat' dir='ltr'><strong>sole</strong></span> <span class='ocrx_word' id='word_1_450' title='bbox 1774 3943 1830 3998; x_wconf 93' lang='lat' dir='ltr'><strong>in</strong></span> <span class='ocrx_word' id='word_1_451' title='bbox 1855 3942 2076 4000; x_wconf 90' lang='lat' dir='ltr'><strong>decima</strong></span> 
     </span>
    </p>
   </div>
   <div class='ocr_carea' id='block_1_67' title="bbox 443 4029 2078 4104">
    <p class='ocr_par' dir='ltr' id='par_1_67' title="bbox 443 4029 2078 4104">
     <span class='ocr_line' id='line_1_67' title="bbox 443 4029 2078 4104; baseline -0.001 -13"><span class='ocrx_word' id='word_1_452' title='bbox 443 4037 607 4092; x_wconf 89' lang='lat' dir='ltr'><strong>sexta</strong></span> <span class='ocrx_word' id='word_1_453' title='bbox 638 4037 804 4104; x_wconf 89' lang='lat' dir='ltr'><strong>parte</strong></span> <span class='ocrx_word' id='word_1_454' title='bbox 839 4029 1078 4100; x_wconf 89' lang='lat' dir='ltr'><strong>virginis</strong></span> <span class='ocrx_word' id='word_1_455' title='bbox 1109 4049 1123 4085; x_wconf 88' lang='lat'>:</span> <span class='ocrx_word' id='word_1_456' title='bbox 1156 4029 1291 4086; x_wconf 90' lang='lat' dir='ltr'><strong>luna</strong></span> <span class='ocrx_word' id='word_1_457' title='bbox 1323 4032 1517 4086; x_wconf 88' lang='lat' dir='ltr'><strong>autem</strong></span> <span class='ocrx_word' id='word_1_458' title='bbox 1548 4031 1739 4086; x_wconf 90' lang='lat' dir='ltr'><strong>stabat</strong></span> <span class='ocrx_word' id='word_1_459' title='bbox 1773 4029 1829 4087; x_wconf 82' lang='lat' dir='ltr'><strong>in</strong></span> <span class='ocrx_word' id='word_1_460' title='bbox 1853 4031 2078 4090; x_wconf 85' lang='lat' dir='ltr'><strong>decima</strong></span> 
     </span>
    </p>
   </div>
   <div class='ocr_carea' id='block_1_68' title="bbox 443 4117 2072 4194">
    <p class='ocr_par' dir='ltr' id='par_1_68' title="bbox 443 4117 2072 4194">
     <span class='ocr_line' id='line_1_68' title="bbox 443 4117 2072 4194; baseline -0.003 -15"><span class='ocrx_word' id='word_1_461' title='bbox 443 4125 608 4180; x_wconf 87' lang='lat' dir='ltr'><strong>sexta</strong></span> <span class='ocrx_word' id='word_1_462' title='bbox 618 4123 786 4194; x_wconf 89' lang='lat' dir='ltr'><strong>parte</strong></span> <span class='ocrx_word' id='word_1_463' title='bbox 802 4118 1064 4190; x_wconf 88' lang='lat' dir='ltr'><strong>piscium.</strong></span> <span class='ocrx_word' id='word_1_464' title='bbox 1088 4118 1218 4191; x_wconf 85' lang='lat' dir='ltr'><strong>Ipso</strong></span> <span class='ocrx_word' id='word_1_465' title='bbox 1233 4131 1384 4175; x_wconf 89' lang='lat' dir='ltr'><strong>anno</strong></span> <span class='ocrx_word' id='word_1_466' title='bbox 1399 4117 1586 4190; x_wconf 91' lang='lat' dir='ltr'><strong>pridie</strong></span> <span class='ocrx_word' id='word_1_467' title='bbox 1599 4117 1736 4176; x_wconf 87' lang='lat' dir='ltr'><strong>Idus</strong></span> <span class='ocrx_word' id='word_1_468' title='bbox 1747 4119 2072 4191; x_wconf 84' lang='lat' dir='ltr'><strong>Februarii,</strong></span> 
     </span>
    </p>
   </div>
   <div class='ocr_carea' id='block_1_69' title="bbox 443 4203 2075 4280">
    <p class='ocr_par' dir='ltr' id='par_1_69' title="bbox 443 4203 2075 4280">
     <span class='ocr_line' id='line_1_69' title="bbox 443 4203 2075 4280; baseline 0 -14"><span class='ocrx_word' id='word_1_469' title='bbox 443 4209 578 4270; x_wconf 90' lang='lat' dir='ltr'><strong>luna</strong></span> <span class='ocrx_word' id='word_1_470' title='bbox 591 4207 811 4267; x_wconf 89' lang='lat' dir='ltr'><strong>decima</strong></span> <span class='ocrx_word' id='word_1_471' title='bbox 829 4203 1078 4280; x_wconf 90' lang='lat' dir='ltr'><strong>septima</strong></span> <span class='ocrx_word' id='word_1_472' title='bbox 1088 4206 1259 4264; x_wconf 89' lang='lat' dir='ltr'><strong>stella</strong></span> <span class='ocrx_word' id='word_1_473' title='bbox 1273 4221 1402 4279; x_wconf 68' lang='lat' dir='ltr'><strong>quae</strong></span> <span class='ocrx_word' id='word_1_474' title='bbox 1415 4211 1657 4266; x_wconf 91' lang='lat' dir='ltr'><strong>vocatur</strong></span> <span class='ocrx_word' id='word_1_475' title='bbox 1675 4209 1700 4264; x_wconf 71' lang='grc' dir='ltr'><strong>«Ι</strong></span> <span class='ocrx_word' id='word_1_476' title='bbox 1708 4207 1832 4266; x_wconf 89' lang='lat' dir='ltr'><strong>ovis</strong></span> <span class='ocrx_word' id='word_1_477' title='bbox 1852 4208 1972 4266; x_wconf 91' lang='lat' dir='ltr'><strong>visa</strong></span> <span class='ocrx_word' id='word_1_478' title='bbox 1985 4214 2075 4267; x_wconf 89' lang='lat' dir='ltr'><strong>est</strong></span> 
     </span>
    </p>
   </div>
   <div class='ocr_carea' id='block_1_70' title="bbox 443 4296 2078 4372">
    <p class='ocr_par' dir='ltr' id='par_1_70' title="bbox 443 4296 2078 4372">
     <span class='ocr_line' id='line_1_70' title="bbox 443 4296 2078 4372; baseline 0.001 -16"><span class='ocrx_word' id='word_1_479' title='bbox 443 4299 694 4358; x_wconf 90' lang='lat' dir='ltr'><strong>transire</strong></span> <span class='ocrx_word' id='word_1_480' title='bbox 717 4312 820 4372; x_wconf 90' lang='lat' dir='ltr'><strong>per</strong></span> <span class='ocrx_word' id='word_1_481' title='bbox 839 4311 986 4355; x_wconf 91' lang='lat' dir='ltr'><strong>eam.</strong></span> <span class='ocrx_word' id='word_1_482' title='bbox 999 4296 1194 4354; x_wconf 91' lang='lat' dir='ltr'><strong>Tertio</strong></span> <span class='ocrx_word' id='word_1_483' title='bbox 1206 4296 1344 4354; x_wconf 91' lang='lat' dir='ltr'><strong>ldus</strong></span> <span class='ocrx_word' id='word_1_484' title='bbox 1361 4297 1707 4356; x_wconf 80' lang='lat' dir='ltr'><strong>Februarias</strong></span> <span class='ocrx_word' id='word_1_485' title='bbox 1721 4298 1826 4356; x_wconf 91' lang='lat' dir='ltr'><strong>fuit</strong></span> <span class='ocrx_word' id='word_1_486' title='bbox 1841 4297 2078 4372; x_wconf 89' lang='lat' dir='ltr'><strong>eclipsis</strong></span> 
     </span>
    </p>
   </div>
   <div class='ocr_carea' id='block_1_71' title="bbox 441 4385 2081 4461">
    <p class='ocr_par' dir='ltr' id='par_1_71' title="bbox 441 4385 2081 4461">
     <span class='ocr_line' id='line_1_71' title="bbox 441 4385 2081 4461; baseline -0.001 -14"><span class='ocrx_word' id='word_1_487' title='bbox 441 4387 582 4447; x_wconf 90' lang='lat' dir='ltr'><strong>solis</strong></span> <span class='ocrx_word' id='word_1_488' title='bbox 594 4385 781 4446; x_wconf 88' lang='lat' dir='ltr'><strong>media</strong></span> <span class='ocrx_word' id='word_1_489' title='bbox 794 4385 1108 4458; x_wconf 88' lang='lat' dir='ltr'><strong>die,stante</strong></span> <span class='ocrx_word' id='word_1_490' title='bbox 1123 4388 1373 4456; x_wconf 89' lang='lat' dir='ltr'><strong>utroque</strong></span> <span class='ocrx_word' id='word_1_491' title='bbox 1389 4385 1578 4444; x_wconf 90' lang='lat' dir='ltr'><strong>sidere</strong></span> <span class='ocrx_word' id='word_1_492' title='bbox 1594 4387 1652 4444; x_wconf 92' lang='lat' dir='ltr'><strong>in</strong></span> <span class='ocrx_word' id='word_1_493' title='bbox 1664 4387 1906 4459; x_wconf 91' lang='lat' dir='ltr'><strong>vigesim</strong></span> <span class='ocrx_word' id='word_1_494' title='bbox 1921 4389 2081 4461; x_wconf 90' lang='lat' dir='ltr'><strong>quin-</strong></span> 
     </span>
    </p>
   </div>
   <div class='ocr_carea' id='block_1_72' title="bbox 2181 2605 3834 2692">
    <p class='ocr_par' dir='ltr' id='par_1_72' title="bbox 2181 2605 3834 2692">
     <span class='ocr_line' id='line_1_72' title="bbox 2181 2605 3834 2692; baseline -0.008 -15"><span class='ocrx_word' id='word_1_495' title='bbox 2181 2621 2458 2692; x_wconf 69' lang='lat' dir='ltr'><strong>praeerat,</strong></span> <span class='ocrx_word' id='word_1_496' title='bbox 2483 2618 2697 2686; x_wconf 91' lang='lat' dir='ltr'><strong>quanta</strong></span> <span class='ocrx_word' id='word_1_497' title='bbox 2723 2609 2911 2685; x_wconf 91' lang='lat' dir='ltr'><strong>potuit</strong></span> <span class='ocrx_word' id='word_1_498' title='bbox 2951 2608 3281 2678; x_wconf 90' lang='lat' dir='ltr'><strong>celeritate,</strong></span> <span class='ocrx_word' id='word_1_499' title='bbox 3309 2605 3695 2679; x_wconf 88' lang='lat' dir='ltr'><strong>transposuit.</strong></span> <span class='ocrx_word' id='word_1_500' title='bbox 3723 2607 3834 2663; x_wconf 85' lang='lat' dir='ltr'><strong>Po-</strong></span> 
     </span>
    </p>
   </div>
   <div class='ocr_carea' id='block_1_73' title="bbox 2185 2694 3834 2781">
    <p class='ocr_par' dir='ltr' id='par_1_73' title="bbox 2185 2694 3834 2781">
     <span class='ocr_line' id='line_1_73' title="bbox 2185 2694 3834 2781; baseline -0.009 -14"><span class='ocrx_word' id='word_1_501' title='bbox 2185 2707 2516 2781; x_wconf 90' lang='lat' dir='ltr'><strong>pulatisque</strong></span> <span class='ocrx_word' id='word_1_502' title='bbox 2541 2703 2996 2773; x_wconf 90' lang='lat' dir='ltr'><strong>circumquaque</strong></span> <span class='ocrx_word' id='word_1_503' title='bbox 3019 2712 3222 2756; x_wconf 92' lang='lat' dir='ltr'><strong>eorum</strong></span> <span class='ocrx_word' id='word_1_504' title='bbox 3244 2695 3420 2767; x_wconf 90' lang='lat' dir='ltr'><strong>agris,</strong></span> <span class='ocrx_word' id='word_1_505' title='bbox 3443 2694 3700 2753; x_wconf 89' lang='lat' dir='ltr'><strong>transito</strong></span> <span class='ocrx_word' id='word_1_506' title='bbox 3723 2695 3834 2752; x_wconf 83' lang='lat' dir='ltr'><strong>ite-</strong></span> 
     </span>
    </p>
   </div>
   <div class='ocr_carea' id='block_1_74' title="bbox 2185 2784 3828 2862">
    <p class='ocr_par' dir='ltr' id='par_1_74' title="bbox 2185 2784 3828 2862">
     <span class='ocr_line' id='line_1_74' title="bbox 2185 2784 3828 2862; baseline -0.009 -8"><span class='ocrx_word' id='word_1_507' title='bbox 2185 2813 2312 2856; x_wconf 89' lang='lat' dir='ltr'><strong>rum</strong></span> <span class='ocrx_word' id='word_1_508' title='bbox 2341 2794 2506 2852; x_wconf 85' lang='lat' dir='ltr'><strong>Albia</strong></span> <span class='ocrx_word' id='word_1_509' title='bbox 2535 2791 2732 2862; x_wconf 82' lang='lat' dir='ltr'><strong>ﬂuvio,</strong></span> <span class='ocrx_word' id='word_1_510' title='bbox 2757 2787 3031 2846; x_wconf 91' lang='lat' dir='ltr'><strong>incolumi</strong></span> <span class='ocrx_word' id='word_1_511' title='bbox 3053 2786 3318 2844; x_wconf 90' lang='lat' dir='ltr'><strong>exercitu</strong></span> <span class='ocrx_word' id='word_1_512' title='bbox 3340 2785 3397 2841; x_wconf 91' lang='lat' dir='ltr'><strong>in</strong></span> <span class='ocrx_word' id='word_1_513' title='bbox 3423 2784 3734 2842; x_wconf 89' lang='lat' dir='ltr'><strong>Saxoniam</strong></span> <span class='ocrx_word' id='word_1_514' title='bbox 3763 2798 3828 2842; x_wconf 91' lang='lat' dir='ltr'><strong>se</strong></span> 
     </span>
    </p>
   </div>
   <div class='ocr_carea' id='block_1_75' title="bbox 2184 2873 3828 2958">
    <p class='ocr_par' dir='ltr' id='par_1_75' title="bbox 2184 2873 3828 2958">
     <span class='ocr_line' id='line_1_75' title="bbox 2184 2873 3828 2958; baseline -0.009 -14"><span class='ocrx_word' id='word_1_515' title='bbox 2184 2885 2426 2958; x_wconf 90' lang='lat' dir='ltr'><strong>recepit.</strong></span> <span class='ocrx_word' id='word_1_516' title='bbox 2459 2883 2570 2940; x_wconf 90' lang='lat' dir='ltr'><strong>Sed</strong></span> <span class='ocrx_word' id='word_1_517' title='bbox 2599 2879 2948 2938; x_wconf 89' lang='lat' dir='ltr'><strong>Godefridus</strong></span> <span class='ocrx_word' id='word_1_518' title='bbox 2975 2877 3278 2934; x_wconf 91' lang='lat' dir='ltr'><strong>destructo</strong></span> <span class='ocrx_word' id='word_1_519' title='bbox 3301 2873 3563 2947; x_wconf 91' lang='lat' dir='ltr'><strong>emporio</strong></span> <span class='ocrx_word' id='word_1_520' title='bbox 3589 2874 3746 2946; x_wconf 89' lang='lat' dir='ltr'><strong>quod</strong></span> <span class='ocrx_word' id='word_1_521' title='bbox 3772 2873 3828 2929; x_wconf 93' lang='lat' dir='ltr'><strong>in</strong></span> 
     </span>
    </p>
   </div>
   <div class='ocr_carea' id='block_1_76' title="bbox 2185 2962 3830 3036">
    <p class='ocr_par' dir='ltr' id='par_1_76' title="bbox 2185 2962 3830 3036">
     <span class='ocr_line' id='line_1_76' title="bbox 2185 2962 3830 3036; baseline -0.007 -3"><span class='ocrx_word' id='word_1_522' title='bbox 2185 2974 2396 3033; x_wconf 90' lang='lat' dir='ltr'><strong>Oceani</strong></span> <span class='ocrx_word' id='word_1_523' title='bbox 2444 2973 2644 3029; x_wconf 90' lang='lat' dir='ltr'><strong>littore</strong></span> <span class='ocrx_word' id='word_1_524' title='bbox 2687 2967 3071 3027; x_wconf 88' lang='lat' dir='ltr'><strong>constitutum</strong></span> <span class='ocrx_word' id='word_1_525' title='bbox 3113 2964 3306 3036; x_wconf 84' lang='lat' dir='ltr'><strong>lingua</strong></span> <span class='ocrx_word' id='word_1_526' title='bbox 3336 2963 3632 3021; x_wconf 88' lang='lat' dir='ltr'><strong>Danorum</strong></span> <span class='ocrx_word' id='word_1_527' title='bbox 3661 2962 3830 3021; x_wconf 80' lang='lat' dir='ltr'><strong>Relic</strong></span> 
     </span>
    </p>
   </div>
   <div class='ocr_carea' id='block_1_77' title="bbox 2183 3051 3829 3133">
    <p class='ocr_par' dir='ltr' id='par_1_77' title="bbox 2183 3051 3829 3133">
     <span class='ocr_line' id='line_1_77' title="bbox 2183 3051 3829 3133; baseline -0.007 -13"><span class='ocrx_word' id='word_1_528' title='bbox 2183 3057 2942 3133; x_wconf 89' lang='lat' dir='ltr'><strong>dicebatur,translatisque</strong></span> <span class='ocrx_word' id='word_1_529' title='bbox 2966 3055 3100 3112; x_wconf 93' lang='lat' dir='ltr'><strong>inde</strong></span> <span class='ocrx_word' id='word_1_530' title='bbox 3121 3051 3611 3125; x_wconf 84' lang='lat' dir='ltr'><strong>negotiatoribus,</strong></span> <span class='ocrx_word' id='word_1_531' title='bbox 3632 3051 3829 3110; x_wconf 88' lang='lat' dir='ltr'><strong>soluta</strong></span> 
     </span>
    </p>
   </div>
   <div class='ocr_carea' id='block_1_78' title="bbox 2183 3141 3833 3222">
    <p class='ocr_par' dir='ltr' id='par_1_78' title="bbox 2183 3141 3833 3222">
     <span class='ocr_line' id='line_1_78' title="bbox 2183 3141 3833 3222; baseline -0.007 -12"><span class='ocrx_word' id='word_1_532' title='bbox 2183 3151 2369 3210; x_wconf 90' lang='lat' dir='ltr'><strong>classe</strong></span> <span class='ocrx_word' id='word_1_533' title='bbox 2415 3150 2485 3208; x_wconf 90' lang='lat' dir='ltr'><strong>ad</strong></span> <span class='ocrx_word' id='word_1_534' title='bbox 2531 3152 2761 3222; x_wconf 91' lang='lat' dir='ltr'><strong>portum</strong></span> <span class='ocrx_word' id='word_1_535' title='bbox 2792 3147 2889 3218; x_wconf 89' lang='lat' dir='ltr'><strong>qui</strong></span> <span class='ocrx_word' id='word_1_536' title='bbox 2918 3145 3223 3216; x_wconf 91' lang='lat' dir='ltr'><strong>Liestborp</strong></span> <span class='ocrx_word' id='word_1_537' title='bbox 3271 3142 3508 3213; x_wconf 91' lang='lat' dir='ltr'><strong>dicitur,</strong></span> <span class='ocrx_word' id='word_1_538' title='bbox 3539 3157 3675 3200; x_wconf 90' lang='lat' dir='ltr'><strong>cum</strong></span> <span class='ocrx_word' id='word_1_539' title='bbox 3705 3141 3833 3200; x_wconf 84' lang='lat' dir='ltr'><strong>uni-</strong></span> 
     </span>
    </p>
   </div>
   <div class='ocr_carea' id='block_1_79' title="bbox 2185 3231 3835 3305">
    <p class='ocr_par' dir='ltr' id='par_1_79' title="bbox 2185 3231 3835 3305">
     <span class='ocr_line' id='line_1_79' title="bbox 2185 3231 3835 3305; baseline -0.005 -8"><span class='ocrx_word' id='word_1_540' title='bbox 2185 3255 2356 3298; x_wconf 86' lang='lat' dir='ltr'><strong>verso</strong></span> <span class='ocrx_word' id='word_1_541' title='bbox 2396 3238 2657 3296; x_wconf 91' lang='lat' dir='ltr'><strong>exercitu</strong></span> <span class='ocrx_word' id='word_1_542' title='bbox 2686 3252 2792 3294; x_wconf 92' lang='lat' dir='ltr'><strong>suo</strong></span> <span class='ocrx_word' id='word_1_543' title='bbox 2821 3234 2979 3292; x_wconf 89' lang='lat' dir='ltr'><strong>venit</strong></span> <span class='ocrx_word' id='word_1_544' title='bbox 3012 3254 3024 3288; x_wconf 95' lang='lat'>:</span> <span class='ocrx_word' id='word_1_545' title='bbox 3061 3233 3139 3290; x_wconf 88' lang='lat' dir='ltr'><strong>ibi</strong></span> <span class='ocrx_word' id='word_1_546' title='bbox 3169 3246 3272 3305; x_wconf 90' lang='lat' dir='ltr'><strong>per</strong></span> <span class='ocrx_word' id='word_1_547' title='bbox 3300 3231 3522 3302; x_wconf 86' lang='lat' dir='ltr'><strong>aliquot</strong></span> <span class='ocrx_word' id='word_1_548' title='bbox 3556 3231 3684 3288; x_wconf 91' lang='lat' dir='ltr'><strong>dies</strong></span> <span class='ocrx_word' id='word_1_549' title='bbox 3714 3246 3835 3288; x_wconf 93' lang='lat' dir='ltr'><strong>mo-</strong></span> 
     </span>
    </p>
   </div>
   <div class='ocr_carea' id='block_1_80' title="bbox 2186 3319 3834 3400">
    <p class='ocr_par' dir='ltr' id='par_1_80' title="bbox 2186 3319 3834 3400">
     <span class='ocr_line' id='line_1_80' title="bbox 2186 3319 3834 3400; baseline -0.008 -11"><span class='ocrx_word' id='word_1_550' title='bbox 2186 3335 2370 3400; x_wconf 89' lang='lat' dir='ltr'><strong>ratus,</strong></span> <span class='ocrx_word' id='word_1_551' title='bbox 2395 3327 2636 3383; x_wconf 90' lang='lat' dir='ltr'><strong>limitem</strong></span> <span class='ocrx_word' id='word_1_552' title='bbox 2659 3325 2822 3396; x_wconf 82' lang='lat' dir='ltr'><strong>regni</strong></span> <span class='ocrx_word' id='word_1_553' title='bbox 2845 3324 2934 3382; x_wconf 92' lang='lat' dir='ltr'><strong>sui</strong></span> <span class='ocrx_word' id='word_1_554' title='bbox 2955 3321 3052 3394; x_wconf 91' lang='lat' dir='ltr'><strong>qui</strong></span> <span class='ocrx_word' id='word_1_555' title='bbox 3078 3321 3383 3378; x_wconf 89' lang='lat' dir='ltr'><strong>Saxoniam</strong></span> <span class='ocrx_word' id='word_1_556' title='bbox 3407 3319 3649 3393; x_wconf 88' lang='lat' dir='ltr'><strong>respicit</strong></span> <span class='ocrx_word' id='word_1_557' title='bbox 3673 3319 3834 3377; x_wconf 88' lang='lat' dir='ltr'><strong>vallo</strong></span> 
     </span>
    </p>
   </div>
   <div class='ocr_carea' id='block_1_81' title="bbox 2187 3408 3832 3486">
    <p class='ocr_par' dir='ltr' id='par_1_81' title="bbox 2187 3408 3832 3486">
     <span class='ocr_line' id='line_1_81' title="bbox 2187 3408 3832 3486; baseline -0.007 -9"><span class='ocrx_word' id='word_1_558' title='bbox 2187 3419 2412 3477; x_wconf 89' lang='lat' dir='ltr'><strong>munire</strong></span> <span class='ocrx_word' id='word_1_559' title='bbox 2439 3415 2766 3486; x_wconf 88' lang='lat' dir='ltr'><strong>constituit,</strong></span> <span class='ocrx_word' id='word_1_560' title='bbox 2791 3417 2854 3472; x_wconf 91' lang='lat' dir='ltr'><strong>ut</strong></span> <span class='ocrx_word' id='word_1_561' title='bbox 2885 3414 2956 3469; x_wconf 90' lang='lat' dir='ltr'><strong>ab</strong></span> <span class='ocrx_word' id='word_1_562' title='bbox 2978 3409 3250 3469; x_wconf 91' lang='lat' dir='ltr'><strong>orientali</strong></span> <span class='ocrx_word' id='word_1_563' title='bbox 3279 3408 3455 3467; x_wconf 90' lang='lat' dir='ltr'><strong>maris</strong></span> <span class='ocrx_word' id='word_1_564' title='bbox 3476 3409 3630 3480; x_wconf 89' lang='lat' dir='ltr'><strong>sinu,</strong></span> <span class='ocrx_word' id='word_1_565' title='bbox 3655 3423 3832 3482; x_wconf 89' lang='lat' dir='ltr'><strong>quem</strong></span> 
     </span>
    </p>
   </div>
   <div class='ocr_carea' id='block_1_82' title="bbox 2188 3495 3832 3571">
    <p class='ocr_par' dir='ltr' id='par_1_82' title="bbox 2188 3495 3832 3571">
     <span class='ocr_line' id='line_1_82' title="bbox 2188 3495 3832 3571; baseline -0.007 -7"><span class='ocrx_word' id='word_1_566' title='bbox 2188 3508 2270 3564; x_wconf 93' lang='lat' dir='ltr'><strong>illi</strong></span> <span class='ocrx_word' id='word_1_567' title='bbox 2311 3504 2732 3565; x_wconf 84' lang='lat' dir='ltr'><strong>Hostharsaltia</strong></span> <span class='ocrx_word' id='word_1_568' title='bbox 2780 3502 3002 3571; x_wconf 88' lang='lat' dir='ltr'><strong>dicunt,</strong></span> <span class='ocrx_word' id='word_1_569' title='bbox 3053 3514 3236 3571; x_wconf 89' lang='lat' dir='ltr'><strong>usque</strong></span> <span class='ocrx_word' id='word_1_570' title='bbox 3285 3498 3357 3555; x_wconf 92' lang='lat' dir='ltr'><strong>ad</strong></span> <span class='ocrx_word' id='word_1_571' title='bbox 3402 3495 3832 3557; x_wconf 91' lang='lat' dir='ltr'><strong>occidentalem</strong></span> 
     </span>
    </p>
   </div>
   <div class='ocr_carea' id='block_1_83' title="bbox 2187 3586 3832 3664">
    <p class='ocr_par' dir='ltr' id='par_1_83' title="bbox 2187 3586 3832 3664">
     <span class='ocr_line' id='line_1_83' title="bbox 2187 3586 3832 3664; baseline -0.008 -10"><span class='ocrx_word' id='word_1_572' title='bbox 2187 3598 2673 3654; x_wconf 88' lang='lat' dir='ltr'><strong>Oceanumtotam</strong></span> <span class='ocrx_word' id='word_1_573' title='bbox 2694 3591 2942 3664; x_wconf 89' lang='lat' dir='ltr'><strong>Egidore</strong></span> <span class='ocrx_word' id='word_1_574' title='bbox 2956 3587 3211 3648; x_wconf 85' lang='lat' dir='ltr'><strong>ﬂuminis</strong></span> <span class='ocrx_word' id='word_1_575' title='bbox 3227 3586 3620 3660; x_wconf 90' lang='lat' dir='ltr'><strong>aquilonalem</strong></span> <span class='ocrx_word' id='word_1_576' title='bbox 3645 3586 3832 3660; x_wconf 90' lang='lat' dir='ltr'><strong>ripam</strong></span> 
     </span>
    </p>
   </div>
   <div class='ocr_carea' id='block_1_84' title="bbox 2188 3675 3840 3755">
    <p class='ocr_par' dir='ltr' id='par_1_84' title="bbox 2188 3675 3840 3755">
     <span class='ocr_line' id='line_1_84' title="bbox 2188 3675 3840 3755; baseline -0.009 -10"><span class='ocrx_word' id='word_1_577' title='bbox 2188 3687 2544 3745; x_wconf 89' lang='lat' dir='ltr'><strong>munimento</strong></span> <span class='ocrx_word' id='word_1_578' title='bbox 2589 3682 2726 3740; x_wconf 90' lang='lat' dir='ltr'><strong>valli</strong></span> <span class='ocrx_word' id='word_1_579' title='bbox 2755 3683 3114 3755; x_wconf 88' lang='lat' dir='ltr'><strong>protegeret,</strong></span> <span class='ocrx_word' id='word_1_580' title='bbox 3148 3691 3260 3735; x_wconf 91' lang='lat' dir='ltr'><strong>una</strong></span> <span class='ocrx_word' id='word_1_581' title='bbox 3291 3680 3519 3734; x_wconf 89' lang='lat' dir='ltr'><strong>tantum</strong></span> <span class='ocrx_word' id='word_1_582' title='bbox 3549 3679 3721 3748; x_wconf 89' lang='lat' dir='ltr'><strong>porta</strong></span> <span class='ocrx_word' id='word_1_583' title='bbox 3751 3675 3840 3732; x_wconf 87' lang='lat' dir='ltr'><strong>di-</strong></span> 
     </span>
    </p>
   </div>
   <div class='ocr_carea' id='block_1_85' title="bbox 2187 3760 3838 3850">
    <p class='ocr_par' dir='ltr' id='par_1_85' title="bbox 2187 3760 3838 3850">
     <span class='ocr_line' id='line_1_85' title="bbox 2187 3760 3838 3850; baseline -0.008 -18"><span class='ocrx_word' id='word_1_584' title='bbox 2187 3777 2380 3850; x_wconf 83' lang='lat' dir='ltr'><strong>missa,</strong></span> <span class='ocrx_word' id='word_1_585' title='bbox 2413 3789 2516 3848; x_wconf 92' lang='lat' dir='ltr'><strong>per</strong></span> <span class='ocrx_word' id='word_1_586' title='bbox 2543 3786 2714 3846; x_wconf 90' lang='lat' dir='ltr'><strong>quam</strong></span> <span class='ocrx_word' id='word_1_587' title='bbox 2740 3783 2906 3828; x_wconf 89' lang='lat' dir='ltr'><strong>carra</strong></span> <span class='ocrx_word' id='word_1_588' title='bbox 2936 3771 2996 3825; x_wconf 91' lang='lat' dir='ltr'><strong>et</strong></span> <span class='ocrx_word' id='word_1_589' title='bbox 3025 3766 3255 3838; x_wconf 89' lang='lat' dir='ltr'><strong>equites</strong></span> <span class='ocrx_word' id='word_1_590' title='bbox 3282 3761 3472 3821; x_wconf 89' lang='lat' dir='ltr'><strong>emitti</strong></span> <span class='ocrx_word' id='word_1_591' title='bbox 3529 3760 3838 3834; x_wconf 89' lang='lat' dir='ltr'><strong>recipique</strong></span> 
     </span>
    </p>
   </div>
   <div class='ocr_carea' id='block_1_86' title="bbox 2187 3849 3839 3940">
    <p class='ocr_par' dir='ltr' id='par_1_86' title="bbox 2187 3849 3839 3940">
     <span class='ocr_line' id='line_1_86' title="bbox 2187 3849 3839 3940; baseline -0.012 -15"><span class='ocrx_word' id='word_1_592' title='bbox 2187 3849 2536 3940; x_wconf 89' lang='lat' dir='ltr'><strong>potuissent.</strong></span> <span class='ocrx_word' id='word_1_593' title='bbox 2563 3859 3117 3918; x_wconf 91' lang='lat' dir='ltr'><strong>Nordanimbrorum</strong></span> <span class='ocrx_word' id='word_1_594' title='bbox 3141 3869 3245 3911; x_wconf 90' lang='lat' dir='ltr'><strong>rex</strong></span> <span class='ocrx_word' id='word_1_595' title='bbox 3260 3851 3479 3910; x_wconf 90' lang='lat' dir='ltr'><strong>Eardof</strong></span> <span class='ocrx_word' id='word_1_596' title='bbox 3497 3865 3682 3940; x_wconf 90' lang='lat' dir='ltr'><strong>regno</strong></span> <span class='ocrx_word' id='word_1_597' title='bbox 3704 3849 3839 3940; x_wconf 5' lang='lat' dir='ltr'><strong>pupl-</strong></span> 
     </span>
    </p>
   </div>
   <div class='ocr_carea' id='block_1_87' title="bbox 2178 3939 3839 4024">
    <p class='ocr_par' dir='ltr' id='par_1_87' title="bbox 2178 3939 3839 4024">
     <span class='ocr_line' id='line_1_87' title="bbox 2178 3939 3839 4024; baseline -0.014 -6"><span class='ocrx_word' id='word_1_598' title='bbox 2178 3939 2970 4024; x_wconf 69' lang='lat' dir='ltr'><strong>&#39;susBritannize,Noviomagi</strong></span> <span class='ocrx_word' id='word_1_599' title='bbox 2985 3945 3056 4002; x_wconf 92' lang='lat' dir='ltr'><strong>ad</strong></span> <span class='ocrx_word' id='word_1_600' title='bbox 3071 3945 3485 4017; x_wconf 90' lang='lat' dir='ltr'><strong>imperatorem</strong></span> <span class='ocrx_word' id='word_1_601' title='bbox 3497 3939 3682 4008; x_wconf 91' lang='lat' dir='ltr'><strong>venit;</strong></span> <span class='ocrx_word' id='word_1_602' title='bbox 3700 3939 3839 3996; x_wconf 91' lang='lat' dir='ltr'><strong>inde</strong></span> 
     </span>
    </p>
   </div>
   <div class='ocr_carea' id='block_1_88' title="bbox 2187 4028 3842 4114">
    <p class='ocr_par' dir='ltr' id='par_1_88' title="bbox 2187 4028 3842 4114">
     <span class='ocr_line' id='line_1_88' title="bbox 2187 4028 3842 4114; baseline -0.013 -9"><span class='ocrx_word' id='word_1_603' title='bbox 2187 4050 2422 4104; x_wconf 80' lang='lat' dir='ltr'><strong>Romam</strong></span> <span class='ocrx_word' id='word_1_604' title='bbox 2445 4038 2853 4114; x_wconf 86' lang='lat' dir='ltr'><strong>proficiscitur,</strong></span> <span class='ocrx_word' id='word_1_605' title='bbox 2874 4051 3006 4094; x_wconf 90' lang='lat' dir='ltr'><strong>cum</strong></span> <span class='ocrx_word' id='word_1_606' title='bbox 3027 4032 3238 4106; x_wconf 87' lang='lat' dir='ltr'><strong>legatis</strong></span> <span class='ocrx_word' id='word_1_607' title='bbox 3260 4029 3634 4106; x_wconf 89' lang='lat' dir='ltr'><strong>postmodum</strong></span> <span class='ocrx_word' id='word_1_608' title='bbox 3657 4028 3842 4101; x_wconf 90' lang='lat' dir='ltr'><strong>impe-</strong></span> 
     </span>
    </p>
   </div>
   <div class='ocr_carea' id='block_1_89' title="bbox 2189 4115 3841 4202">
    <p class='ocr_par' dir='ltr' id='par_1_89' title="bbox 2189 4115 3841 4202">
     <span class='ocr_line' id='line_1_89' title="bbox 2189 4115 3841 4202; baseline -0.013 -9"><span class='ocrx_word' id='word_1_609' title='bbox 2189 4133 2404 4192; x_wconf 91' lang='lat' dir='ltr'><strong>ratoris</strong></span> <span class='ocrx_word' id='word_1_610' title='bbox 2422 4137 2480 4188; x_wconf 90' lang='lat' dir='ltr'><strong>et</strong></span> <span class='ocrx_word' id='word_1_611' title='bbox 2505 4125 2797 4202; x_wconf 84' lang='lat' dir='ltr'><strong>pontificis</strong></span> <span class='ocrx_word' id='word_1_612' title='bbox 2818 4124 2874 4180; x_wconf 90' lang='lat' dir='ltr'><strong>in</strong></span> <span class='ocrx_word' id='word_1_613' title='bbox 2902 4137 3145 4194; x_wconf 88' lang='lat' dir='ltr'><strong>regnum</strong></span> <span class='ocrx_word' id='word_1_614' title='bbox 3175 4135 3344 4178; x_wconf 88' lang='lat' dir='ltr'><strong>suum</strong></span> <span class='ocrx_word' id='word_1_615' title='bbox 3372 4115 3702 4176; x_wconf 90' lang='lat' dir='ltr'><strong>reducitur.</strong></span> <span class='ocrx_word' id='word_1_616' title='bbox 3729 4115 3841 4172; x_wconf 80' lang='lat' dir='ltr'><strong>Re-</strong></span> 
     </span>
    </p>
   </div>
   <div class='ocr_carea' id='block_1_90' title="bbox 2187 4203 3844 4286">
    <p class='ocr_par' dir='ltr' id='par_1_90' title="bbox 2187 4203 3844 4286">
     <span class='ocr_line' id='line_1_90' title="bbox 2187 4203 3844 4286; baseline -0.011 -6"><span class='ocrx_word' id='word_1_617' title='bbox 2187 4219 2556 4280; x_wconf 87' lang='lat' dir='ltr'><strong>vertentibus</strong></span> <span class='ocrx_word' id='word_1_618' title='bbox 2584 4213 2783 4286; x_wconf 90' lang='lat' dir='ltr'><strong>legati,</strong></span> <span class='ocrx_word' id='word_1_619' title='bbox 2812 4211 3136 4284; x_wconf 80' lang='lat' dir='ltr'><strong>Adulphus,</strong></span> <span class='ocrx_word' id='word_1_620' title='bbox 3171 4209 3408 4266; x_wconf 90' lang='lat' dir='ltr'><strong>natione</strong></span> <span class='ocrx_word' id='word_1_621' title='bbox 3437 4208 3608 4276; x_wconf 88' lang='lat' dir='ltr'><strong>Saxo,</strong></span> <span class='ocrx_word' id='word_1_622' title='bbox 3642 4203 3844 4262; x_wconf 88' lang='lat' dir='ltr'><strong>diaco-</strong></span> 
     </span>
    </p>
   </div>
   <div class='ocr_carea' id='block_1_91' title="bbox 2188 4290 3841 4378">
    <p class='ocr_par' dir='ltr' id='par_1_91' title="bbox 2188 4290 3841 4378">
     <span class='ocr_line' id='line_1_91' title="bbox 2188 4290 3841 4378; baseline -0.011 -12"><span class='ocrx_word' id='word_1_623' title='bbox 2188 4325 2298 4368; x_wconf 91' lang='lat' dir='ltr'><strong>nus</strong></span> <span class='ocrx_word' id='word_1_624' title='bbox 2335 4305 2540 4364; x_wconf 89' lang='lat' dir='ltr'><strong>Leonis</strong></span> <span class='ocrx_word' id='word_1_625' title='bbox 2567 4301 2859 4378; x_wconf 86' lang='lat' dir='ltr'><strong>pontificis</strong></span> <span class='ocrx_word' id='word_1_626' title='bbox 2885 4315 2915 4357; x_wconf 92' lang='lat' dir='ltr'><strong>a</strong></span> <span class='ocrx_word' id='word_1_627' title='bbox 2945 4295 3152 4372; x_wconf 90' lang='lat' dir='ltr'><strong>piratis</strong></span> <span class='ocrx_word' id='word_1_628' title='bbox 3177 4296 3430 4369; x_wconf 90' lang='lat' dir='ltr'><strong>capitur.</strong></span> <span class='ocrx_word' id='word_1_629' title='bbox 3464 4291 3677 4351; x_wconf 66' lang='lat' dir='ltr'><strong>Castori</strong></span> <span class='ocrx_word' id='word_1_630' title='bbox 3708 4290 3841 4350; x_wconf 91' lang='lat' dir='ltr'><strong>sine</strong></span> 
     </span>
    </p>
   </div>
   <div class='ocr_carea' id='block_1_92' title="bbox 2189 4381 3845 4473">
    <p class='ocr_par' dir='ltr' id='par_1_92' title="bbox 2189 4381 3845 4473">
     <span class='ocr_line' id='line_1_92' title="bbox 2189 4381 3845 4473; baseline -0.01 -17"><span class='ocrx_word' id='word_1_631' title='bbox 2189 4395 2453 4473; x_wconf 88' lang='lat' dir='ltr'><strong>periculo</strong></span> <span class='ocrx_word' id='word_1_632' title='bbox 2465 4393 2856 4466; x_wconf 90' lang='lat' dir='ltr'><strong>trajiciuntur.</strong></span> <span class='ocrx_word' id='word_1_633' title='bbox 2867 4387 3169 4461; x_wconf 83' lang='lat' dir='ltr'><strong>Adulphus</strong></span> <span class='ocrx_word' id='word_1_634' title='bbox 3184 4385 3240 4442; x_wconf 94' lang='lat' dir='ltr'><strong>in</strong></span> <span class='ocrx_word' id='word_1_635' title='bbox 3255 4382 3615 4441; x_wconf 89' lang='lat' dir='ltr'><strong>Britanniam</strong></span> <span class='ocrx_word' id='word_1_636' title='bbox 3630 4381 3845 4473; x_wconf 84' lang='lat' dir='ltr'><strong>reduc-</strong></span> 
     </span>
    </p>
   </div>
   <div class='ocr_carea' id='block_1_93' title="bbox 441 4472 3845 4560">
    <p class='ocr_par' dir='ltr' id='par_1_93' title="bbox 441 4472 3845 4560">
     <span class='ocr_line' id='line_1_93' title="bbox 441 4472 3845 4560; baseline -0.002 -25"><span class='ocrx_word' id='word_1_637' title='bbox 441 4483 518 4552; x_wconf 79' lang='lat' dir='ltr'><strong>ta_</strong></span> <span class='ocrx_word' id='word_1_638' title='bbox 526 4481 692 4552; x_wconf 90' lang='lat' dir='ltr'><strong>parte</strong></span> <span class='ocrx_word' id='word_1_639' title='bbox 713 4475 956 4549; x_wconf 87' lang='lat' dir='ltr'><strong>aquarii.</strong></span> <span class='ocrx_word' id='word_1_640' title='bbox 972 4477 1096 4533; x_wconf 91' lang='lat' dir='ltr'><strong>Uno</strong></span> <span class='ocrx_word' id='word_1_641' title='bbox 1119 4473 1438 4547; x_wconf 89' lang='lat' dir='ltr'><strong>eodemque</strong></span> <span class='ocrx_word' id='word_1_642' title='bbox 1451 4477 1854 4534; x_wconf 86' lang='lat' dir='ltr'><strong>annoterluna</strong></span> <span class='ocrx_word' id='word_1_643' title='bbox 1873 4479 2078 4536; x_wconf 91' lang='lat' dir='ltr'><strong>obscu-</strong></span> <span class='ocrx_word' id='word_1_644' title='bbox 2104 4472 2158 4535; x_wconf 94' lang='lat' dir='ltr'><strong>D</strong></span> <span class='ocrx_word' id='word_1_645' title='bbox 2187 4472 2306 4560; x_wconf 60' lang='lat' dir='ltr'><strong>ius,</strong></span> <span class='ocrx_word' id='word_1_646' title='bbox 2331 4502 2361 4544; x_wconf 82' lang='lat' dir='ltr'><strong>a</strong></span> <span class='ocrx_word' id='word_1_647' title='bbox 2383 4484 2633 4559; x_wconf 83' lang='lat' dir='ltr'><strong>quodam</strong></span> <span class='ocrx_word' id='word_1_648' title='bbox 2648 4479 3247 4552; x_wconf 81' lang='lat' dir='ltr'><strong>redemptus,Romam</strong></span> <span class='ocrx_word' id='word_1_649' title='bbox 3262 4487 3540 4532; x_wconf 90' lang='lat' dir='ltr'><strong>reversus</strong></span> <span class='ocrx_word' id='word_1_650' title='bbox 3553 4472 3845 4548; x_wconf 63' lang='lat' dir='ltr'><strong>est.fl‘ras-</strong></span> 
     </span>
    </p>
   </div>
   <div class='ocr_carea' id='block_1_94' title="bbox 445 4563 2078 4638">
    <p class='ocr_par' dir='ltr' id='par_1_94' title="bbox 445 4563 2078 4638">
     <span class='ocr_line' id='line_1_94' title="bbox 445 4563 2078 4638; baseline -0.001 -12"><span class='ocrx_word' id='word_1_651' title='bbox 445 4570 765 4638; x_wconf 87' lang='lat' dir='ltr'><strong>rataest,et</strong></span> <span class='ocrx_word' id='word_1_652' title='bbox 789 4565 876 4623; x_wconf 92' lang='lat' dir='ltr'><strong>sol</strong></span> <span class='ocrx_word' id='word_1_653' title='bbox 895 4563 1095 4638; x_wconf 87' lang='lat' dir='ltr'><strong>semel,</strong></span> <span class='ocrx_word' id='word_1_654' title='bbox 1117 4568 1177 4620; x_wconf 92' lang='lat' dir='ltr'><strong>et</strong></span> <span class='ocrx_word' id='word_1_655' title='bbox 1200 4563 1358 4622; x_wconf 91' lang='lat' dir='ltr'><strong>acies</strong></span> <span class='ocrx_word' id='word_1_656' title='bbox 1378 4563 1538 4622; x_wconf 64' lang='lat' dir='ltr'><strong>mirae</strong></span> <span class='ocrx_word' id='word_1_657' title='bbox 1561 4565 1975 4636; x_wconf 88' lang='lat' dir='ltr'><strong>magnitudinis</strong></span> <span class='ocrx_word' id='word_1_658' title='bbox 1998 4567 2078 4625; x_wconf 90' lang='lat' dir='ltr'><strong>vi-</strong></span> 
     </span>
    </p>
   </div>
   <div class='ocr_carea' id='block_1_95' title="bbox 445 4652 2082 4725">
    <p class='ocr_par' dir='ltr' id='par_1_95' title="bbox 445 4652 2082 4725">
     <span class='ocr_line' id='line_1_95' title="bbox 445 4652 2082 4725; baseline -0.004 -6"><span class='ocrx_word' id='word_1_659' title='bbox 445 4671 542 4718; x_wconf 53' lang='lat' dir='ltr'><strong>sat.</strong></span> <span class='ocrx_word' id='word_1_660' title='bbox 567 4655 886 4713; x_wconf 79' lang='lat' dir='ltr'><strong>Ratbertus</strong></span> <span class='ocrx_word' id='word_1_661' title='bbox 897 4653 1106 4710; x_wconf 90' lang='lat' dir='ltr'><strong>missus</strong></span> <span class='ocrx_word' id='word_1_662' title='bbox 1127 4652 1517 4725; x_wconf 89' lang='lat' dir='ltr'><strong>imperatoris,</strong></span> <span class='ocrx_word' id='word_1_663' title='bbox 1534 4652 1633 4724; x_wconf 91' lang='lat' dir='ltr'><strong>qui</strong></span> <span class='ocrx_word' id='word_1_664' title='bbox 1652 4652 1724 4708; x_wconf 91' lang='lat' dir='ltr'><strong>de</strong></span> <span class='ocrx_word' id='word_1_665' title='bbox 1737 4653 1976 4710; x_wconf 87' lang='lat' dir='ltr'><strong>Oriente</strong></span> <span class='ocrx_word' id='word_1_666' title='bbox 1992 4669 2082 4712; x_wconf 89' lang='lat' dir='ltr'><strong>re-</strong></span> 
     </span>
    </p>
   </div>
   <div class='ocr_carea' id='block_1_96' title="bbox 446 4741 2082 4822">
    <p class='ocr_par' dir='ltr' id='par_1_96' title="bbox 446 4741 2082 4822">
     <span class='ocr_line' id='line_1_96' title="bbox 446 4741 2082 4822; baseline -0.006 -14"><span class='ocrx_word' id='word_1_667' title='bbox 446 4745 810 4814; x_wconf 87' lang='lat' dir='ltr'><strong>vertebatur,</strong></span> <span class='ocrx_word' id='word_1_668' title='bbox 827 4757 937 4800; x_wconf 91' lang='lat' dir='ltr'><strong>una</strong></span> <span class='ocrx_word' id='word_1_669' title='bbox 951 4757 1082 4800; x_wconf 91' lang='lat' dir='ltr'><strong>cum</strong></span> <span class='ocrx_word' id='word_1_670' title='bbox 1095 4741 1304 4812; x_wconf 89' lang='lat' dir='ltr'><strong>legatis</strong></span> <span class='ocrx_word' id='word_1_671' title='bbox 1318 4741 1475 4813; x_wconf 90' lang='lat' dir='ltr'><strong>regis</strong></span> <span class='ocrx_word' id='word_1_672' title='bbox 1495 4743 1804 4822; x_wconf 80' lang='lat' dir='ltr'><strong>Persarum</strong></span> <span class='ocrx_word' id='word_1_673' title='bbox 1819 4743 2082 4814; x_wconf 91' lang='lat' dir='ltr'><strong>defungi-</strong></span> 
     </span>
    </p>
   </div>
   <div class='ocr_carea' id='block_1_97' title="bbox 425 4830 2080 4905">
    <p class='ocr_par' dir='ltr' id='par_1_97' title="bbox 425 4830 2080 4905">
     <span class='ocr_line' id='line_1_97' title="bbox 425 4830 2080 4905; baseline -0.005 -7"><span class='ocrx_word' id='word_1_674' title='bbox 425 4845 564 4898; x_wconf 83' lang='lat' dir='ltr'><strong>‘tur.</strong></span> <span class='ocrx_word' id='word_1_675' title='bbox 580 4837 814 4896; x_wconf 77' lang='lat' dir='ltr'><strong>Munera</strong></span> <span class='ocrx_word' id='word_1_676' title='bbox 824 4836 1020 4890; x_wconf 91' lang='lat' dir='ltr'><strong>autem</strong></span> <span class='ocrx_word' id='word_1_677' title='bbox 1032 4831 1129 4902; x_wconf 93' lang='lat' dir='ltr'><strong>huj</strong></span> <span class='ocrx_word' id='word_1_678' title='bbox 1139 4830 1361 4888; x_wconf 90' lang='lat' dir='ltr'><strong>usmodi</strong></span> <span class='ocrx_word' id='word_1_679' title='bbox 1379 4835 1536 4903; x_wconf 90' lang='lat' dir='ltr'><strong>sunt,</strong></span> <span class='ocrx_word' id='word_1_680' title='bbox 1563 4845 1692 4902; x_wconf 66' lang='lat' dir='ltr'><strong>quas</strong></span> <span class='ocrx_word' id='word_1_681' title='bbox 1708 4830 1886 4902; x_wconf 89' lang='lat' dir='ltr'><strong>legati</strong></span> <span class='ocrx_word' id='word_1_682' title='bbox 1904 4831 1977 4888; x_wconf 92' lang='lat' dir='ltr'><strong>im</strong></span> <span class='ocrx_word' id='word_1_683' title='bbox 1986 4847 2080 4905; x_wconf 92' lang='lat' dir='ltr'><strong>pe-</strong></span> 
     </span>
    </p>
   </div>
   <div class='ocr_carea' id='block_1_98' title="bbox 449 4919 2083 4995">
    <p class='ocr_par' dir='ltr' id='par_1_98' title="bbox 449 4919 2083 4995">
     <span class='ocr_line' id='line_1_98' title="bbox 449 4919 2083 4995; baseline -0.004 -11"><span class='ocrx_word' id='word_1_684' title='bbox 449 4926 631 4986; x_wconf 88' lang='lat' dir='ltr'><strong>ratori</strong></span> <span class='ocrx_word' id='word_1_685' title='bbox 647 4923 1008 4994; x_wconf 87' lang='lat' dir='ltr'><strong>detulerunt,</strong></span> <span class='ocrx_word' id='word_1_686' title='bbox 1035 4919 1384 4995; x_wconf 89' lang='lat' dir='ltr'><strong>papilionem</strong></span> <span class='ocrx_word' id='word_1_687' title='bbox 1403 4927 1460 4977; x_wconf 94' lang='lat' dir='ltr'><strong>et</strong></span> <span class='ocrx_word' id='word_1_688' title='bbox 1482 4921 1737 4978; x_wconf 88' lang='lat' dir='ltr'><strong>tentoria</strong></span> <span class='ocrx_word' id='word_1_689' title='bbox 1759 4921 1895 4978; x_wconf 88' lang='lat' dir='ltr'><strong>atrii</strong></span> <span class='ocrx_word' id='word_1_690' title='bbox 1919 4922 2083 4980; x_wconf 91' lang='lat' dir='ltr'><strong>bissi-</strong></span> 
     </span>
    </p>
   </div>
   <div class='ocr_carea' id='block_1_99' title="bbox 426 5009 2084 5088">
    <p class='ocr_par' dir='ltr' id='par_1_99' title="bbox 426 5009 2084 5088">
     <span class='ocr_line' id='line_1_99' title="bbox 426 5009 2084 5088; baseline -0.002 -16"><span class='ocrx_word' id='word_1_691' title='bbox 426 5021 542 5088; x_wconf 74' lang='lat' dir='ltr'><strong>‘na,</strong></span> <span class='ocrx_word' id='word_1_692' title='bbox 563 5017 726 5076; x_wconf 88' lang='lat' dir='ltr'><strong>vario</strong></span> <span class='ocrx_word' id='word_1_693' title='bbox 742 5013 959 5086; x_wconf 90' lang='lat' dir='ltr'><strong>colore,</strong></span> <span class='ocrx_word' id='word_1_694' title='bbox 983 5009 1156 5070; x_wconf 88' lang='lat' dir='ltr'><strong>simul</strong></span> <span class='ocrx_word' id='word_1_695' title='bbox 1186 5025 1317 5067; x_wconf 88' lang='lat' dir='ltr'><strong>cum</strong></span> <span class='ocrx_word' id='word_1_696' title='bbox 1342 5009 1574 5067; x_wconf 85' lang='lat' dir='ltr'><strong>funibus</strong></span> <span class='ocrx_word' id='word_1_697' title='bbox 1597 5009 1720 5082; x_wconf 92' lang='lat' dir='ltr'><strong>pari</strong></span> <span class='ocrx_word' id='word_1_698' title='bbox 1743 5010 1946 5068; x_wconf 90' lang='lat' dir='ltr'><strong>ordine</strong></span> <span class='ocrx_word' id='word_1_699' title='bbox 1971 5010 2084 5068; x_wconf 84' lang='lat' dir='ltr'><strong>dis-</strong></span> 
     </span>
    </p>
   </div>
   <div class='ocr_carea' id='block_1_100' title="bbox 448 5099 2083 5180">
    <p class='ocr_par' dir='ltr' id='par_1_100' title="bbox 448 5099 2083 5180">
     <span class='ocr_line' id='line_1_100' title="bbox 448 5099 2083 5180; baseline -0.002 -18"><span class='ocrx_word' id='word_1_700' title='bbox 448 5104 681 5176; x_wconf 90' lang='lat' dir='ltr'><strong>tinctis;</strong></span> <span class='ocrx_word' id='word_1_701' title='bbox 705 5105 877 5180; x_wconf 89' lang='lat' dir='ltr'><strong>pallia</strong></span> <span class='ocrx_word' id='word_1_702' title='bbox 899 5102 1083 5162; x_wconf 88' lang='lat' dir='ltr'><strong>serica</strong></span> <span class='ocrx_word' id='word_1_703' title='bbox 1107 5101 1286 5157; x_wconf 90' lang='lat' dir='ltr'><strong>multa</strong></span> <span class='ocrx_word' id='word_1_704' title='bbox 1309 5102 1366 5155; x_wconf 90' lang='lat' dir='ltr'><strong>et</strong></span> <span class='ocrx_word' id='word_1_705' title='bbox 1392 5099 1666 5173; x_wconf 90' lang='lat' dir='ltr'><strong>pretiosa,</strong></span> <span class='ocrx_word' id='word_1_706' title='bbox 1685 5099 2002 5157; x_wconf 90' lang='lat' dir='ltr'><strong>balsamum</strong></span> <span class='ocrx_word' id='word_1_707' title='bbox 2023 5105 2083 5158; x_wconf 91' lang='lat' dir='ltr'><strong>et</strong></span> 
     </span>
    </p>
   </div>
   <div class='ocr_carea' id='block_1_101' title="bbox 448 5190 2082 5267">
    <p class='ocr_par' dir='ltr' id='par_1_101' title="bbox 448 5190 2082 5267">
     <span class='ocr_line' id='line_1_101' title="bbox 448 5190 2082 5267; baseline -0.002 -17"><span class='ocrx_word' id='word_1_708' title='bbox 448 5193 660 5252; x_wconf 91' lang='lat' dir='ltr'><strong>odores</strong></span> <span class='ocrx_word' id='word_1_709' title='bbox 677 5201 852 5267; x_wconf 90' lang='lat' dir='ltr'><strong>atque</strong></span> <span class='ocrx_word' id='word_1_710' title='bbox 877 5197 1169 5266; x_wconf 90' lang='lat' dir='ltr'><strong>unguenta</strong></span> <span class='ocrx_word' id='word_1_711' title='bbox 1195 5192 1226 5258; x_wconf 91' lang='lat'><em>(</em></span> <span class='ocrx_word' id='word_1_712' title='bbox 1239 5190 1465 5262; x_wconf 70' lang='lat' dir='ltr'><strong>Regina</strong></span> <span class='ocrx_word' id='word_1_713' title='bbox 1485 5190 1558 5247; x_wconf 77' lang='lat' dir='ltr'><strong>de</strong></span> <span class='ocrx_word' id='word_1_714' title='bbox 1575 5191 1794 5248; x_wconf 75' lang='lat' dir='ltr'><strong>Annal.</strong></span> <span class='ocrx_word' id='word_1_715' title='bbox 1808 5197 1862 5261; x_wconf 88' lang='lat'><strong>).</strong></span> <span class='ocrx_word' id='word_1_716' title='bbox 1889 5191 2000 5248; x_wconf 91' lang='lat' dir='ltr'><strong>Sed</strong></span> <span class='ocrx_word' id='word_1_717' title='bbox 2023 5195 2082 5247; x_wconf 91' lang='lat' dir='ltr'><strong>et</strong></span> 
     </span>
    </p>
   </div>
   <div class='ocr_carea' id='block_1_102' title="bbox 447 5277 2086 5354">
    <p class='ocr_par' dir='ltr' id='par_1_102' title="bbox 447 5277 2086 5354">
     <span class='ocr_line' id='line_1_102' title="bbox 447 5277 2086 5354; baseline -0.002 -14"><span class='ocrx_word' id='word_1_718' title='bbox 447 5281 811 5354; x_wconf 85' lang='lat' dir='ltr'><strong>horologium</strong></span> <span class='ocrx_word' id='word_1_719' title='bbox 834 5283 1166 5343; x_wconf 88' lang='lat' dir='ltr'><strong>aurichalco</strong></span> <span class='ocrx_word' id='word_1_720' title='bbox 1188 5285 1314 5337; x_wconf 89' lang='lat' dir='ltr'><strong>arte</strong></span> <span class='ocrx_word' id='word_1_721' title='bbox 1329 5277 1659 5337; x_wconf 90' lang='lat' dir='ltr'><strong>mechanica</strong></span> <span class='ocrx_word' id='word_1_722' title='bbox 1683 5278 1905 5336; x_wconf 90' lang='lat' dir='ltr'><strong>mirifce</strong></span> <span class='ocrx_word' id='word_1_723' title='bbox 1931 5294 2086 5336; x_wconf 90' lang='lat' dir='ltr'><strong>com-</strong></span> 
     </span>
    </p>
   </div>
   <div class='ocr_carea' id='block_1_103' title="bbox 426 5367 2087 5448">
    <p class='ocr_par' dir='ltr' id='par_1_103' title="bbox 426 5367 2087 5448">
     <span class='ocr_line' id='line_1_103' title="bbox 426 5367 2087 5448; baseline -0.004 -18"><span class='ocrx_word' id='word_1_724' title='bbox 426 5370 722 5448; x_wconf 82' lang='lat' dir='ltr'><strong>positum,</strong></span> <span class='ocrx_word' id='word_1_725' title='bbox 754 5371 810 5427; x_wconf 90' lang='lat' dir='ltr'><strong>in</strong></span> <span class='ocrx_word' id='word_1_726' title='bbox 845 5386 958 5443; x_wconf 91' lang='lat' dir='ltr'><strong>quo</strong></span> <span class='ocrx_word' id='word_1_727' title='bbox 990 5370 1295 5431; x_wconf 90' lang='lat' dir='ltr'><strong>duodecim</strong></span> <span class='ocrx_word' id='word_1_728' title='bbox 1322 5369 1595 5426; x_wconf 90' lang='lat' dir='ltr'><strong>horarum</strong></span> <span class='ocrx_word' id='word_1_729' title='bbox 1625 5381 1832 5425; x_wconf 91' lang='lat' dir='ltr'><strong>cursus</strong></span> <span class='ocrx_word' id='word_1_730' title='bbox 1864 5367 1936 5424; x_wconf 89' lang='lat' dir='ltr'><strong>ad</strong></span> <span class='ocrx_word' id='word_1_731' title='bbox 1967 5367 2087 5425; x_wconf 89' lang='lat' dir='ltr'><strong>cle-</strong></span> 
     </span>
    </p>
   </div>
   <div class='ocr_carea' id='block_1_104' title="bbox 453 5454 2089 5537">
    <p class='ocr_par' dir='ltr' id='par_1_104' title="bbox 453 5454 2089 5537">
     <span class='ocr_line' id='line_1_104' title="bbox 453 5454 2089 5537; baseline -0.004 -16"><span class='ocrx_word' id='word_1_732' title='bbox 453 5463 722 5537; x_wconf 84' lang='lat' dir='ltr'><strong>psydram</strong></span> <span class='ocrx_word' id='word_1_733' title='bbox 770 5462 1134 5534; x_wconf 88' lang='lat' dir='ltr'><strong>vertebatur,</strong></span> <span class='ocrx_word' id='word_1_734' title='bbox 1184 5476 1316 5521; x_wconf 92' lang='lat' dir='ltr'><strong>cum</strong></span> <span class='ocrx_word' id='word_1_735' title='bbox 1361 5459 1607 5518; x_wconf 90' lang='lat' dir='ltr'><strong>totidem</strong></span> <span class='ocrx_word' id='word_1_736' title='bbox 1657 5455 1826 5515; x_wconf 75' lang='lat' dir='ltr'><strong>aereis</strong></span> <span class='ocrx_word' id='word_1_737' title='bbox 1870 5454 2089 5529; x_wconf 89' lang='lat' dir='ltr'><strong>pillulis</strong></span> 
     </span>
    </p>
   </div>
   <div class='ocr_carea' id='block_1_105' title="bbox 427 5547 2088 5634">
    <p class='ocr_par' dir='ltr' id='par_1_105' title="bbox 427 5547 2088 5634">
     <span class='ocr_line' id='line_1_105' title="bbox 427 5547 2088 5634; baseline -0.004 -22"><span class='ocrx_word' id='word_1_738' title='bbox 427 5555 585 5634; x_wconf 70' lang='lat' dir='ltr'><strong>&#39;qua:</strong></span> <span class='ocrx_word' id='word_1_739' title='bbox 615 5553 687 5615; x_wconf 88' lang='lat' dir='ltr'><strong>ad</strong></span> <span class='ocrx_word' id='word_1_740' title='bbox 709 5551 1157 5628; x_wconf 87' lang='lat' dir='ltr'><strong>completionem</strong></span> <span class='ocrx_word' id='word_1_741' title='bbox 1178 5552 1453 5613; x_wconf 90' lang='lat' dir='ltr'><strong>horarum</strong></span> <span class='ocrx_word' id='word_1_742' title='bbox 1477 5547 1846 5622; x_wconf 85' lang='lat' dir='ltr'><strong>decidebant,</strong></span> <span class='ocrx_word' id='word_1_743' title='bbox 1868 5549 1927 5605; x_wconf 89' lang='lat' dir='ltr'><strong>et</strong></span> <span class='ocrx_word' id='word_1_744' title='bbox 1947 5560 2088 5608; x_wconf 89' lang='lat' dir='ltr'><strong>casu</strong></span> 
     </span>
    </p>
   </div>
   <div class='ocr_carea' id='block_1_106' title="bbox 2185 4559 3845 4638">
    <p class='ocr_par' dir='ltr' id='par_1_106' title="bbox 2185 4559 3845 4638">
     <span class='ocr_line' id='line_1_106' title="bbox 2185 4559 3845 4638; baseline -0.013 0"><span class='ocrx_word' id='word_1_745' title='bbox 2185 4595 2256 4638; x_wconf 91' lang='lat' dir='ltr'><strong>co</strong></span> <span class='ocrx_word' id='word_1_746' title='bbox 2279 4576 2398 4635; x_wconf 91' lang='lat' dir='ltr'><strong>dux</strong></span> <span class='ocrx_word' id='word_1_747' title='bbox 2420 4571 2835 4632; x_wconf 85' lang='lat' dir='ltr'><strong>Abodritorum</strong></span> <span class='ocrx_word' id='word_1_748' title='bbox 2854 4565 3102 4625; x_wconf 91' lang='lat' dir='ltr'><strong>collecta</strong></span> <span class='ocrx_word' id='word_1_749' title='bbox 3116 4562 3308 4622; x_wconf 86' lang='lat' dir='ltr'><strong>valida</strong></span> <span class='ocrx_word' id='word_1_750' title='bbox 3324 4577 3518 4633; x_wconf 89' lang='lat' dir='ltr'><strong>manu,</strong></span> <span class='ocrx_word' id='word_1_751' title='bbox 3542 4576 3573 4619; x_wconf 94' lang='lat' dir='ltr'><strong>a</strong></span> <span class='ocrx_word' id='word_1_752' title='bbox 3599 4559 3845 4619; x_wconf 88' lang='lat' dir='ltr'><strong>Saxoni-</strong></span> 
     </span>
    </p>
   </div>
   <div class='ocr_carea' id='block_1_107' title="bbox 2191 4651 3839 4728">
    <p class='ocr_par' dir='ltr' id='par_1_107' title="bbox 2191 4651 3839 4728">
     <span class='ocr_line' id='line_1_107' title="bbox 2191 4651 3839 4728; baseline -0.01 -4"><span class='ocrx_word' id='word_1_753' title='bbox 2191 4668 2299 4724; x_wconf 90' lang='lat' dir='ltr'><strong>bus</strong></span> <span class='ocrx_word' id='word_1_754' title='bbox 2319 4664 2497 4722; x_wconf 88' lang='lat' dir='ltr'><strong>etiam</strong></span> <span class='ocrx_word' id='word_1_755' title='bbox 2524 4658 2741 4728; x_wconf 84' lang='lat' dir='ltr'><strong>auxilio</strong></span> <span class='ocrx_word' id='word_1_756' title='bbox 2769 4660 3033 4728; x_wconf 91' lang='lat' dir='ltr'><strong>accepto,</strong></span> <span class='ocrx_word' id='word_1_757' title='bbox 3057 4653 3281 4711; x_wconf 90' lang='lat' dir='ltr'><strong>vicinos</strong></span> <span class='ocrx_word' id='word_1_758' title='bbox 3307 4668 3446 4711; x_wconf 90' lang='lat' dir='ltr'><strong>suos</strong></span> <span class='ocrx_word' id='word_1_759' title='bbox 3469 4654 3711 4723; x_wconf 90' lang='lat' dir='ltr'><strong>Scovos,</strong></span> <span class='ocrx_word' id='word_1_760' title='bbox 3737 4651 3839 4724; x_wconf 90' lang='lat' dir='ltr'><strong>qui</strong></span> 
     </span>
    </p>
   </div>
   <div class='ocr_carea' id='block_1_108' title="bbox 2187 4738 3882 4818">
    <p class='ocr_par' dir='ltr' id='par_1_108' title="bbox 2187 4738 3882 4818">
     <span class='ocr_line' id='line_1_108' title="bbox 2187 4738 3882 4818; baseline -0.009 -8"><span class='ocrx_word' id='word_1_761' title='bbox 2187 4753 2360 4810; x_wconf 88' lang='lat' dir='ltr'><strong>Wltzi</strong></span> <span class='ocrx_word' id='word_1_762' title='bbox 2375 4751 3006 4818; x_wconf 89' lang='lat' dir='ltr'><strong>dicuntur,aggressus,</strong></span> <span class='ocrx_word' id='word_1_763' title='bbox 3025 4745 3180 4800; x_wconf 87' lang='lat' dir='ltr'><strong>ferro</strong></span> <span class='ocrx_word' id='word_1_764' title='bbox 3192 4746 3250 4800; x_wconf 91' lang='lat' dir='ltr'><strong>et</strong></span> <span class='ocrx_word' id='word_1_765' title='bbox 3266 4741 3383 4814; x_wconf 91' lang='lat' dir='ltr'><strong>igni</strong></span> <span class='ocrx_word' id='word_1_766' title='bbox 3397 4743 3588 4798; x_wconf 89' lang='lat' dir='ltr'><strong>vastat</strong></span> <span class='ocrx_word' id='word_1_767' title='bbox 3609 4760 3622 4796; x_wconf 93' lang='lat'>:</span> <span class='ocrx_word' id='word_1_768' title='bbox 3645 4738 3848 4797; x_wconf 90' lang='lat' dir='ltr'><strong>Senel-</strong></span> <span class='ocrx_word' id='word_1_769' title='bbox 3871 4738 3882 4745; x_wconf 88' lang='grc'><strong>’</strong></span> 
     </span>
    </p>
   </div>
   <div class='ocr_carea' id='block_1_109' title="bbox 2191 4829 3847 4911">
    <p class='ocr_par' dir='ltr' id='par_1_109' title="bbox 2191 4829 3847 4911">
     <span class='ocr_line' id='line_1_109' title="bbox 2191 4829 3847 4911; baseline -0.007 -14"><span class='ocrx_word' id='word_1_770' title='bbox 2191 4842 2499 4911; x_wconf 89' lang='lat' dir='ltr'><strong>dingorum</strong></span> <span class='ocrx_word' id='word_1_771' title='bbox 2523 4835 2827 4894; x_wconf 89' lang='lat' dir='ltr'><strong>maximam</strong></span> <span class='ocrx_word' id='word_1_772' title='bbox 2854 4833 3154 4892; x_wconf 90' lang='lat' dir='ltr'><strong>civitatem</strong></span> <span class='ocrx_word' id='word_1_773' title='bbox 3181 4834 3478 4906; x_wconf 88' lang='lat' dir='ltr'><strong>expugnat</strong></span> <span class='ocrx_word' id='word_1_774' title='bbox 3505 4849 3519 4887; x_wconf 89' lang='lat'><strong>:</strong></span> <span class='ocrx_word' id='word_1_775' title='bbox 3546 4835 3731 4902; x_wconf 90' lang='lat' dir='ltr'><strong>atque</strong></span> <span class='ocrx_word' id='word_1_776' title='bbox 3753 4829 3847 4886; x_wconf 90' lang='lat' dir='ltr'><strong>his</strong></span> 
     </span>
    </p>
   </div>
   <div class='ocr_carea' id='block_1_110' title="bbox 2193 4919 3847 4995">
    <p class='ocr_par' dir='ltr' id='par_1_110' title="bbox 2193 4919 3847 4995">
     <span class='ocr_line' id='line_1_110' title="bbox 2193 4919 3847 4995; baseline -0.006 -11"><span class='ocrx_word' id='word_1_777' title='bbox 2193 4925 2560 4984; x_wconf 88' lang='lat' dir='ltr'><strong>successibus</strong></span> <span class='ocrx_word' id='word_1_778' title='bbox 2605 4938 2806 4981; x_wconf 89' lang='lat' dir='ltr'><strong>omnes</strong></span> <span class='ocrx_word' id='word_1_779' title='bbox 2853 4921 2950 4995; x_wconf 92' lang='lat' dir='ltr'><strong>qui</strong></span> <span class='ocrx_word' id='word_1_780' title='bbox 2977 4923 3050 4978; x_wconf 92' lang='lat' dir='ltr'><strong>ab</strong></span> <span class='ocrx_word' id='word_1_781' title='bbox 3077 4934 3147 4978; x_wconf 93' lang='lat' dir='ltr'><strong>eo</strong></span> <span class='ocrx_word' id='word_1_782' title='bbox 3175 4921 3538 4992; x_wconf 89' lang='lat' dir='ltr'><strong>defecerant,</strong></span> <span class='ocrx_word' id='word_1_783' title='bbox 3571 4919 3646 4977; x_wconf 90' lang='lat' dir='ltr'><strong>ad</strong></span> <span class='ocrx_word' id='word_1_784' title='bbox 3677 4932 3847 4977; x_wconf 88' lang='lat' dir='ltr'><strong>suam</strong></span> 
     </span>
    </p>
   </div>
   <div class='ocr_carea' id='block_1_111' title="bbox 2195 5010 3848 5084">
    <p class='ocr_par' dir='ltr' id='par_1_111' title="bbox 2195 5010 3848 5084">
     <span class='ocr_line' id='line_1_111' title="bbox 2195 5010 3848 5084; baseline -0.005 -10"><span class='ocrx_word' id='word_1_785' title='bbox 2195 5014 2532 5081; x_wconf 85' lang='lat' dir='ltr'><strong>societatem</strong></span> <span class='ocrx_word' id='word_1_786' title='bbox 2580 5011 2796 5070; x_wconf 86' lang='lat' dir='ltr'><strong>reverti</strong></span> <span class='ocrx_word' id='word_1_787' title='bbox 2848 5013 3060 5083; x_wconf 89' lang='lat' dir='ltr'><strong>coegit.</strong></span> <span class='ocrx_word' id='word_1_788' title='bbox 3098 5011 3266 5084; x_wconf 83' lang='lat'><strong>[809.]</strong></span> <span class='ocrx_word' id='word_1_789' title='bbox 3318 5010 3585 5084; x_wconf 90' lang='lat' dir='ltr'><strong>Synodus</strong></span> <span class='ocrx_word' id='word_1_790' title='bbox 3634 5022 3848 5081; x_wconf 90' lang='lat' dir='ltr'><strong>magna</strong></span> 
     </span>
    </p>
   </div>
   <div class='ocr_carea' id='block_1_112' title="bbox 2193 5097 3851 5174">
    <p class='ocr_par' dir='ltr' id='par_1_112' title="bbox 2193 5097 3851 5174">
     <span class='ocr_line' id='line_1_112' title="bbox 2193 5097 3851 5174; baseline -0.005 -12"><span class='ocrx_word' id='word_1_791' title='bbox 2193 5103 2538 5174; x_wconf 89' lang='lat' dir='ltr'><strong>Craniaquis</strong></span> <span class='ocrx_word' id='word_1_792' title='bbox 2554 5106 2968 5174; x_wconf 89' lang='lat' dir='ltr'><strong>congregatur,</strong></span> <span class='ocrx_word' id='word_1_793' title='bbox 2993 5115 3144 5159; x_wconf 88' lang='lat' dir='ltr'><strong>anno</strong></span> <span class='ocrx_word' id='word_1_794' title='bbox 3165 5099 3593 5159; x_wconf 89' lang='lat' dir='ltr'><strong>Incarnationis</strong></span> <span class='ocrx_word' id='word_1_795' title='bbox 3615 5097 3851 5156; x_wconf 90' lang='lat' dir='ltr'><strong>Domini</strong></span> 
     </span>
    </p>
   </div>
   <div class='ocr_carea' id='block_1_113' title="bbox 2193 5188 3850 5264">
    <p class='ocr_par' dir='ltr' id='par_1_113' title="bbox 2193 5188 3850 5264">
     <span class='ocr_line' id='line_1_113' title="bbox 2193 5188 3850 5264; baseline -0.005 -11"><span class='ocrx_word' id='word_1_796' title='bbox 2193 5192 2678 5263; x_wconf 88' lang='lat' dir='ltr'><strong>octingentesimo</strong></span> <span class='ocrx_word' id='word_1_797' title='bbox 2705 5207 2876 5262; x_wconf 88' lang='lat' dir='ltr'><strong>nono,</strong></span> <span class='ocrx_word' id='word_1_798' title='bbox 2901 5191 2956 5246; x_wconf 93' lang='lat' dir='ltr'><strong>in</strong></span> <span class='ocrx_word' id='word_1_799' title='bbox 2980 5205 3090 5261; x_wconf 89' lang='lat' dir='ltr'><strong>qua</strong></span> <span class='ocrx_word' id='word_1_800' title='bbox 3117 5189 3336 5264; x_wconf 89' lang='lat' dir='ltr'><strong>synodo</strong></span> <span class='ocrx_word' id='word_1_801' title='bbox 3361 5188 3433 5246; x_wconf 91' lang='lat' dir='ltr'><strong>de</strong></span> <span class='ocrx_word' id='word_1_802' title='bbox 3457 5188 3850 5262; x_wconf 87' lang='lat' dir='ltr'><strong>processione</strong></span> 
     </span>
    </p>
   </div>
   <div class='ocr_carea' id='block_1_114' title="bbox 2197 5277 3853 5356">
    <p class='ocr_par' dir='ltr' id='par_1_114' title="bbox 2197 5277 3853 5356">
     <span class='ocr_line' id='line_1_114' title="bbox 2197 5277 3853 5356; baseline -0.005 -14"><span class='ocrx_word' id='word_1_803' title='bbox 2197 5281 2448 5356; x_wconf 91' lang='lat' dir='ltr'><strong>Spiritus</strong></span> <span class='ocrx_word' id='word_1_804' title='bbox 2461 5280 2648 5338; x_wconf 90' lang='lat' dir='ltr'><strong>sancti</strong></span> <span class='ocrx_word' id='word_1_805' title='bbox 2669 5279 2916 5352; x_wconf 73' lang='lat' dir='ltr'><strong>quaestio</strong></span> <span class='ocrx_word' id='word_1_806' title='bbox 2935 5278 3213 5350; x_wconf 88' lang='lat' dir='ltr'><strong>agitatur,</strong></span> <span class='ocrx_word' id='word_1_807' title='bbox 3233 5283 3429 5336; x_wconf 90' lang='lat' dir='ltr'><strong>utrum</strong></span> <span class='ocrx_word' id='word_1_808' title='bbox 3455 5277 3611 5336; x_wconf 88' lang='lat' dir='ltr'><strong>sicut</strong></span> <span class='ocrx_word' id='word_1_809' title='bbox 3643 5291 3853 5350; x_wconf 86' lang='lat' dir='ltr'><strong>procc-</strong></span> 
     </span>
    </p>
   </div>
   <div class='ocr_carea' id='block_1_115' title="bbox 2197 5367 3853 5442">
    <p class='ocr_par' dir='ltr' id='par_1_115' title="bbox 2197 5367 3853 5442">
     <span class='ocr_line' id='line_1_115' title="bbox 2197 5367 3853 5442; baseline -0.004 -11"><span class='ocrx_word' id='word_1_810' title='bbox 2197 5372 2334 5431; x_wconf 91' lang='lat' dir='ltr'><strong>dita</strong></span> <span class='ocrx_word' id='word_1_811' title='bbox 2366 5372 2562 5442; x_wconf 91' lang='lat' dir='ltr'><strong>Patre,</strong></span> <span class='ocrx_word' id='word_1_812' title='bbox 2593 5371 2670 5428; x_wconf 90' lang='lat' dir='ltr'><strong>ita</strong></span> <span class='ocrx_word' id='word_1_813' title='bbox 2703 5371 2979 5442; x_wconf 89' lang='lat' dir='ltr'><strong>procedat</strong></span> <span class='ocrx_word' id='word_1_814' title='bbox 3011 5385 3042 5426; x_wconf 90' lang='lat' dir='ltr'><strong>a</strong></span> <span class='ocrx_word' id='word_1_815' title='bbox 3068 5367 3232 5426; x_wconf 92' lang='lat' dir='ltr'><strong>Filio.</strong></span> <span class='ocrx_word' id='word_1_816' title='bbox 3265 5369 3426 5424; x_wconf 84' lang='lat' dir='ltr'><strong>Hanc</strong></span> <span class='ocrx_word' id='word_1_817' title='bbox 3455 5367 3853 5440; x_wconf 65' lang='lat' dir='ltr'><strong>quaestionem</strong></span> 
     </span>
    </p>
   </div>
   <div class='ocr_carea' id='block_1_116' title="bbox 2194 5457 3856 5530">
    <p class='ocr_par' dir='ltr' id='par_1_116' title="bbox 2194 5457 3856 5530">
     <span class='ocr_line' id='line_1_116' title="bbox 2194 5457 3856 5530; baseline -0.004 -12"><span class='ocrx_word' id='word_1_818' title='bbox 2194 5464 2443 5518; x_wconf 84' lang='lat' dir='ltr'><strong>Joannes</strong></span> <span class='ocrx_word' id='word_1_819' title='bbox 2469 5459 2786 5518; x_wconf 90' lang='lat' dir='ltr'><strong>monachus</strong></span> <span class='ocrx_word' id='word_1_820' title='bbox 2814 5457 3380 5530; x_wconf 86' lang='lat' dir='ltr'><strong>Hierosolymitanus</strong></span> <span class='ocrx_word' id='word_1_821' title='bbox 3399 5459 3691 5528; x_wconf 90' lang='lat' dir='ltr'><strong>moverat,</strong></span> <span class='ocrx_word' id='word_1_822' title='bbox 3717 5470 3856 5514; x_wconf 90' lang='lat' dir='ltr'><strong>cum</strong></span> 
     </span>
    </p>
   </div>
   <div class='ocr_carea' id='block_1_117' title="bbox 2174 5543 3859 5624">
    <p class='ocr_par' dir='ltr' id='par_1_117' title="bbox 2174 5543 3859 5624">
     <span class='ocr_line' id='line_1_117' title="bbox 2174 5543 3859 5624; baseline -0.003 -15"><span class='ocrx_word' id='word_1_823' title='bbox 2174 5545 2400 5624; x_wconf 80' lang='lat' dir='ltr'><strong>regula</strong></span> <span class='ocrx_word' id='word_1_824' title='bbox 2425 5552 2486 5608; x_wconf 90' lang='lat' dir='ltr'><strong>et</strong></span> <span class='ocrx_word' id='word_1_825' title='bbox 2515 5547 2659 5608; x_wconf 80' lang='lat' dir='ltr'><strong>fides</strong></span> <span class='ocrx_word' id='word_1_826' title='bbox 2699 5545 3102 5610; x_wconf 85' lang='lat' dir='ltr'><strong>ecclesiastica</strong></span> <span class='ocrx_word' id='word_1_827' title='bbox 3151 5545 3338 5604; x_wconf 79' lang='lat' dir='ltr'><strong>firmet</strong></span> <span class='ocrx_word' id='word_1_828' title='bbox 3384 5543 3673 5624; x_wconf 87' lang='lat' dir='ltr'><strong>Spiritum</strong></span> <span class='ocrx_word' id='word_1_829' title='bbox 3723 5557 3859 5606; x_wconf 86' lang='lat' dir='ltr'><strong>san-</strong></span> 
     </span>
    </p>
   </div>
  </div>
