4078 6180
242 292 341 357 133

1417 291 1851 355 CHRONICON.‘
1886 327 1954 337 --
1992 291 2188 357 aras
2227 291 2467 364 SEXTA.

3538 300 3642 367 134

236 427 394 481 ctum
431 437 462 479 a
498 426 667 495 patre
697 423 758 476 et
789 418 933 477 Filio
964 418 1303 492 procedere,
1329 433 1441 478 non
1462 424 1748 491 creatum,
1774 432 1884 476 non
1913 421 1968 481 A
1997 428 2175 483 ventu
2205 428 2489 489 advocato
2519 429 2887 504 Aquisgrani,
2914 428 3200 489 Ludovico
3229 430 3347 490 ﬁlio
3375 447 3484 491 suo
3511 430 3636 506 regi

235 512 525 584 genitum,
559 511 663 567 sed
696 509 855 566 Patri
887 514 944 565 et
980 509 1121 566 Filio
1149 514 1504 567 coaternum
1546 515 1603 566 et
1644 509 1893 567 consub-

241 599 603 660 stantialem.
640 600 855 655 Nomen
899 602 1093 655 autem
1137 598 1523 670 processionis
1565 612 1596 654 a
1627 599 1801 654 Patre
1830 600 1887 652 et

237 690 379 747 Filio
406 690 465 745 in
491 688 839 761 Apocalypsi
865 687 944 743 ita
968 678 1170 759 aperte
1197 682 1284 744 eSt
1313 687 1562 760 positum
1599 706 1612 741 :
1642 705 1670 740 ‹‹
1695 687 1760 741 Et
1802 700 1892 742 os-

235 777 432 835 tendit
484 776 623 832 mihi
675 777 852 849 (haud
886 775 1127 834 dubium
1175 776 1311 847 quin
1365 774 1628 847 angelus)
1677 775 1891 831 ﬁumen

233 881 403 938 aqua
428 866 569 924 vita
590 865 961 938 splendidum
986 871 1260 937 tanquam
1291 865 1655 939 crystallum,
1691 879 1893 936 proce-

238 954 385 1010 dens
407 955 483 1010 de
506 955 649 1011 sede
672 953 773 1010 Dei
796 958 854 1009 et
881 954 1047 1024 Agni.
1073 974 1103 1006 ››
1136 956 1197 1009 1η
1230 953 1433 1010 eadem
1467 953 1643 1009 etiam
1673 952 1893 1025 synodo

234 1042 556 1114 quasitum
578 1047 667 1099 est
690 1044 749 1098 et
772 1041 1120 1098 ventilatum
1145 1042 1216 1098 de
1239 1045 1398 1099 statu
1422 1039 1809 1097 Ecclesiarum
1832 1042 1888 1095 et

233 1130 443 1188 ordine
486 1129 872 1202 singularum,
911 1130 1195 1203 cujusque
1223 1128 1684 1188 conversationis
1712 1128 1890 1185 etiam

231 1217 434 1277 clerici
456 1233 591 1277 esse
612 1219 1215 1290 debent.Trasco,dux
1244 1217 1746 1288 Abodritorum,in
1775 1231 1891 1273 em-

236 1307 399 1380 porio
421 1306 590 1364 Relic
613 1321 719 1380 per
746 1306 941 1364 dolum
964 1321 994 1363 a
1016 1307 1329 1365 comitibus
1353 1305 1648 1363 Godefridi
1671 1305 1895 1362 interﬁ-

230 1397 408 1468 citur,
433 1398 497 1452 et
520 1395 813 1453 Aureolus
833 1396 931 1468 qui
959 1395 1331 1453 Nicomarcia
1372 1393 1661 1468 Hispania
1714 1398 1891 1465 atque

235 1482 437 1540 Gallia
460 1487 631 1540 trans
657 1485 998 1556 Pyrenaum
1026 1487 1229 1541 contra
1261 1483 1465 1540 Oscam
1494 1483 1565 1539 ad
1597 1483 1896 1538 Caesarau-

234 1578 467 1645 gustam
493 1572 816 1643 residebat,
843 1572 1124 1630 moritur:
1151 1576 1207 1629 et
1233 1575 1480 1629 Amoroz
1504 1570 1890 1628 ministerium

233 1664 357 1733 ejus
369 1662 626 1733 invadit,
640 1665 698 1718 et
713 1661 783 1718 ad
797 1662 1102 1720 castellum
1118 1662 1299 1735 ipsius
1316 1661 1590 1735 praesidia
1605 1658 1891 1732 disponit:

2001 518 2347 589 Aquitanico
2375 499 2604 594 imperii
2632 499 2903 579 coronam
2933 519 3228 592 imposuit,
3259 526 3316 577 et
3343 499 3640 594 imperalis
3689 499 3704 509 ’

2000 608 2245 665 nominis
2282 610 2392 667 sibi
2432 615 2762 668 consortem
2806 608 2963 667 fecit.
3010 608 3366 666 Bernardum
3407 623 3640 682 quoque

2000 702 2271 769 nepotem
2318 716 2483 758 suum
2532 700 2711 759 ﬁlium
2758 698 2985 773 Pippini
3035 697 3216 755 Italia
3271 698 3529 770 prafecit
3580 701 3640 755 et

2002 802 2196 858 regem
2227 789 2508 861 appellari
2532 789 2725 861 jussit.
2757 787 3007 846 Concilia
3038 801 3269 859 quoque
3298 787 3355 843 in
3385 786 3641 860 quinque

2003 876 2271 948 partibus
2301 878 2462 949 regni
2506 879 2592 935 sui
2635 879 2706 935 ad
2745 876 3089 947 corrigenda
3140 890 3269 947 qua
3316 874 3642 934 necessaria

2002 966 2213 1037 forent,
2246 966 2370 1022 ﬁeri
2399 967 2703 1024 constituit
2734 964 3114 1037 Moguntiaco,
3140 964 3353 1035 Remis,
3378 963 3642 1035 Turonis,

2004 1054 2323 1126 Cabillone,
2357 1056 2591 1113 Arelate
2617 1074 2632 1123 ;
2663 1055 2801 1127 quid
2831 1059 3116 1111 statutum
3146 1053 3343 1125 fuerit,
3375 1052 3431 1109 in
3462 1052 3647 1111 archi-

2000 1145 2088 1203 vis
2134 1146 2519 1204 Ecclesiarum
2570 1145 2663 1204 vel
2715 1144 2912 1219 palatii
2961 1144 3273 1202 invenitur.
3324 1144 3647 1216 Imperator

2003 1235 2263 1308 Carolus,
2293 1236 2382 1292 vir
2413 1237 2468 1292 in
2497 1236 2651 1293 omni
2683 1234 3060 1307 dispositione
3091 1232 3318 1306 imperii
3346 1237 3643 1304 strenuus,

2002 1325 2248 1382 dilatato
2278 1325 2522 1398 imperio
2544 1330 2600 1382 et
2630 1340 2770 1398 pace
2797 1324 3033 1381 Francis
3052 1336 3470 1395 usquequaque
3496 1336 3649 1379 com-

2004 1414 2211 1486 posita,
2243 1429 2391 1471 anno
2431 1413 2851 1471 Incarnationis
2894 1410 3115 1469 Domini
3156 1409 3644 1480 octingentesimo

2003 1503 2361 1573 sexagesimo
2387 1502 2566 1559 tertio
2593 1500 2943 1572 Aquisgrani
2978 1498 3245 1569 moritur,
3270 1502 3327 1555 et
3357 1497 3646 1570 sepelitur

2002 1591 2225 1649 decimo
2254 1592 2430 1648 tertio
2468 1607 2615 1647 anno
2656 1595 2963 1663 postquam
3006 1588 3326 1660 imperator
3369 1586 3649 1644 acclama-

1998 1686 2096 1739 tus
2123 1686 2234 1752 est,
2265 1679 2435 1737 simul
2463 1695 2664 1737 omnes
2690 1694 2870 1736 annos
2895 1675 3281 1750 quadraginta
3307 1674 3565 1747 quinque
3588 1678 3648 1731 et

235 1752 419 1842 quia?!
436 1751 1182 1842 impera?°’e_mtra“3it9m
1197 1766 1329 1810 cum
1343 1751 1463 1842 ἔαξε
1479 1752 1668 1807 facere
1682 1748 1889 1842 νὀωξιν
1925 1777 1980 1840 Β
2007 1785 2076 1827 eo
2104 1748 2352 1842 amplius
2380 1783 2646 1839 regnans.
2682 1748 3013 1824 Bernardus
3038 1764 3403 1821 Viennensus
3428 1763 3650 1835 episco-

236 1840 334 1897 sed
384 1840 923 1897 intervenientibus
959 1839 1171 1910 causis,
1216 1855 1313 1897 res
1339 1839 1566 1897 infecta
1598 1837 1895 1895 remansit.

236 1928 523 2001 Pippinus
551 1942 658 1984 rex
696 1927 899 1999 Italia,
942 1928 1186 2000 perﬁdia
1230 1926 1441 1985 ducum
1479 1926 1897 1985 Veneticorum

245 2016 551 2088 incitatus,
570 2016 871 2074 Venetiam
890 2016 1047 2074 bello
1070 2022 1228 2073 terra
1255 2017 1515 2087 marique
1531 2015 1704 2088 jussit
1729 2028 1907 2087 appe-

248 2113 376 2164 tere
402 2126 417 2161 :
451 2106 839 2178 subjectaque
864 2106 1127 2176 Venetia,
1154 2120 1219 2162 ac
1241 2106 1490 2163 ducibus
1509 2106 1636 2176 ejus
1656 2104 1712 2159 in
1733 2102 1904 2160 ditio-

246 2210 375 2253 nem
407 2195 695 2266 acceptis,
726 2195 986 2251 eamdem
1012 2193 1259 2252 classem
1285 2195 1356 2251 ad
1378 2192 1678 2250 Dalmatia
1702 2190 1901 2248 littora

251 2284 537 2342 vastanda
568 2284 746 2340 misit.
781 2284 890 2340 Sed
921 2299 1051 2342 cum
1074 2283 1290 2341 Paulus
1312 2281 1676 2354 Cephalenia
1702 2281 1904 2353 prafe-

251 2378 386 2431 ctns
412 2388 551 2431 cum
582 2372 867 2438 Orientali
896 2373 1085 2430 classe
1125 2374 1194 2429 ad
1225 2371 1505 2430 auxilium
1528 2369 1807 2427 Dalmatis
1830 2369 1907 2425 fe-

244 2463 488 2520 rendum
517 2463 890 2532 adventaret,
923 2461 1083 2532 regia
1114 2460 1319 2519 classis
1350 2461 1418 2517 ad
1447 2460 1683 2533 propria
1705 2472 1904 2529 regre-

243 2551 419 2608 ditur.
453 2551 805 2608 Godcfridus
828 2565 934 2607 rex
958 2552 1246 2607 Danorum
1270 2565 1300 2606 a
1326 2550 1576 2621 quodam
1599 2564 1706 2607 suo
1732 2546 1904 2605 satel-

243 2640 344 2696 lite
374 2639 755 2710 interﬁcitur,
801 2642 859 2695 et
902 2639 1210 2710 Ermingus
1251 2638 1406 2696 ﬁlius
1446 2638 1645 2695 fratris
1681 2637 1809 2709 ejus
1840 2635 1898 2692 in

247 2743 431 2800 regno
458 2728 741 2787 succedit.
775 2729 842 2784 Et
874 2727 1154 2801 Pippinus
1185 2742 1290 2784 rex
1318 2727 1498 2785 Italia
1526 2730 1733 2785 octavo
1772 2725 1904 2782 idus

238 2817 403 2889 Iulii,
435 2832 581 2874 anno
604 2817 1066 2875 lncarnationnis
1085 2817 1395 2875 Dominica
1425 2814 1903 2887 octingintesimo

244 2905 475 2964 decimo
501 2905 859 2976 defungitur.
898 2908 1223 2978 Imperator
1252 2907 1605 2962 Francorum
1638 2902 1898 2973 Carolus,

244 3011 372 3053 cum
397 2995 725 3067 Nicephoro
756 2995 1397 3067 Constantinopolitano
1421 2993 1774 3065 imperatore
1803 3006 1902 3063 pa-

246 3098 311 3141 ce
346 3078 537 3155 facta,
572 3083 873 3141 Venetiam
904 3083 1147 3155 recepit.
1188 3082 1470 3140 Ambulaz
1501 3078 1895 3137 Cordubensis

248 3173 537 3247 Hispania
560 3188 665 3230 rex
688 3188 821 3231 cum
846 3173 1199 3246 imperatore
1225 3171 1559 3245 paciscitur,
1576 3173 1634 3226 et
1661 3169 1894 3225 Abdera
1925 3142 1977 3207 δ

247 3278 399 3320 mum
446 3262 630 3320 ﬁlium
669 3262 799 3332 ejus
836 3263 1081 3318 Amaroz
1123 3262 1565 3331 Casaraugusta
1608 3257 1796 3332 pellit,
1834 3261 1891 3314 et

249 3352 451 3410 Oscam
492 3352 717 3408 intrare
745 3350 1063 3424 compellit.
1096 3350 1341 3422 Eclipsis
1368 3349 1508 3406 solis
1537 3352 1593 3405 et
1626 3347 1777 3405 luna
1808 3346 1898 3404 bis

250 3456 316 3498 eo
336 3456 490 3498 anno
515 3440 606 3496 ﬁt:
633 3441 793 3510 solis,
820 3441 1067 3514 septimo
1088 3440 1224 3497 Idus
1249 3439 1451 3510 Iulias,
1478 3442 1533 3495 et
1560 3437 1747 3511 pridie
1769 3435 1892 3493 Kal.

252 3531 625 3599 Decembris;
678 3529 854 3601 luna,
899 3531 1242 3588 duodecimo
1288 3529 1526 3586 Kalend.
1582 3528 1784 3598 Iulias,
1837 3530 1896 3583 et

252 3620 471 3679 decimo
498 3620 752 3693 septimo
795 3619 1033 3676 Kalend.
1076 3621 1311 3676 Ianuar.
1358 3616 1593 3674 Corcica
1636 3615 1823 3673 insula
1866 3630 1898 3671 a

252 3710 866 3768 Sarracenis‘vastata.
901 3710 1021 3765 Pax
1063 3706 1330 3780 sequenti
1354 3721 1503 3764 anno
1528 3706 1681 3762 inter
1720 3705 1898 3776 impe-

252 3804 504 3856 ratorem
517 3803 574 3855 et
600 3797 974 3868 Hermingum
990 3799 1279 3855 Danorum
1296 3810 1492 3867 regem
1504 3793 1899 3866 componitur.

253 3886 471 3944 Pharus
492 3900 700 3957 magna
726 3900 855 3958 qua
877 3886 948 3942 ad
974 3883 1371 3954 navigantium
1392 3897 1601 3939 cursus
1617 3878 1902 3938 constitu-

255 3981 331 4047 ta,
360 3991 471 4034 non
504 3975 677 4046 longe
718 3990 750 4031 a
793 3973 1026 4031 Bolonia
1069 3973 1310 4030 civitate
1353 3970 1643 4029 maritima
1684 3970 1899 4039 fuerat,

258 4071 645 4137 restauratur,
675 4063 872 4135 ibique
895 4066 1215 4121 nocturnus
1238 4060 1387 4133 ignis
1412 4059 1772 4119 accenditur.
1801 4058 1906 4113 Ca-

260 4155 415 4214 rolus
434 4155 621 4227 major
642 4150 1435 4225 ﬁliusimperatoris,priedie
1459 4151 1648 4207 Nonas
1670 4148 1907 4204 Decem-

256 4245 429 4316 brias,
478 4260 632 4302 anno
677 4242 1101 4301 Incarnationis
1147 4241 1369 4299 Domini
1418 4237 1906 4312 octingentesimo

262 4334 478 4393 decimo
508 4334 694 4407 primo
721 4332 1081 4404 defungitur.
1114 4332 1229 4389 Nec
1258 4331 1442 4389 multo
1473 4333 1600 4403 post
1644 4327 1904 4385 Hermin-

260 4438 361 4493 gus
385 4426 678 4481 Danorum
710 4436 816 4479 rex
857 4421 1121 4478 moritur.
1170 4421 1229 4476 In
1274 4418 1400 4490 ejus
1442 4418 1569 4477 loco
1609 4418 1750 4474 Dani
1797 4415 1906 4475 sibi

2015 1874 2124 1930 pus
2148 1861 2297 1928 erat,
2326 1862 2383 1913 et
2416 1855 2732 1913 Leidardus
2772 1853 3192 1925 Lugdunensis,
3222 1852 3318 1924 qui
3360 1850 3526 1909 initio
3549 1851 3651 1907 im—

2013 1946 2159 2019 perii
2208 1944 2479 2002 Ludovici
2520 1942 2891 2015 imperatoris
2937 1940 3260 1999 Suessionis
3311 1937 3650 1995 monasterii

2012 2035 2201 2092 locum
2225 2033 2414 2107 petiit,
2439 2036 2495 2088 et
2520 2032 2575 2088 in
2601 2032 2726 2088 loco
2747 2032 2872 2103 ejus
2894 2029 3238 2100 Agobardus
3260 2026 3522 2098 ejusdem
3551 2027 3654 2085 Ec-

2011 2123 2204 2181 clesia
2231 2122 2702 2194 chorepiscopus,
2745 2118 3149 2177 consentiente
3191 2116 3548 2188 imperatore
3589 2119 3649 2173 et

1996 2210 2281 2271 'universa
2310 2211 2603 2269 Gallorum
2634 2209 3036 2282 episcOporum
3067 2205 3308 2279 synodo,
3343 2202 3654 2277 episcopus

2000 2300 2370 2359 substitutus
2397 2302 2507 2357 cst.
2540 2298 2703 2366 Quod
2734 2296 2967 2368 quidam
3006 2294 3321 2352 defendere
3361 2289 3649 2364 volentes,

2014 2388 2285 2446 dixerunt
2309 2387 2576 2445 eumdem
2597 2382 2991 2442 venerabilem
3015 2380 3387 2453 Agobardum
3412 2396 3442 2438 a
3460 2381 3656 2438 tribus

2012 2478 2304 2551 episcopis
2330 2477 2386 2532 in
2430 2475 2566 2533 sede
2614 2472 3003 2544 Lugdunensi,
3047 2471 3290 2542 jubente
3346 2469 3650 2541 Leidrado,

2014 2567 2190 2625 fuisse
2218 2566 2568 2623 ordinatum.
2616 2563 2725 2619 Sed
2766 2560 3041 2620 canonica
3082 2559 3404 2617 auctoritas
3442 2563 3553 2631 est,
3597 2558 3655 2615 in

2012 2672 2124 2715 una
2153 2655 2393 2713 civitate
2423 2654 2569 2711 duos
2594 2652 2898 2725 episcopos
2925 2665 3037 2707 non
3080 2664 3230 2721 esse,
3273 2663 3379 2707 nec
3419 2648 3653 2705 vivente

2012 2745 2286 2817 episcopo
2304 2755 2697 2800 successorem
2723 2738 2832 2796 sibi
2855 2739 3071 2795 debere
3091 2736 3420 2807 eligere.Ac
3436 2734 3655 2792 idcirco

2013 2833 2111 2890 illa
2139 2846 2483 2905 quacunque
2509 2844 2683 2886 causa
2712 2826 2931 2897 regula
2956 2825 3230 2882 Ecclesia
3272 2822 3563 2895 prateriri
3596 2821 3653 2878 in

2011 2924 2177 2977 tanto
2199 2919 2402 2976 ordine
2430 2918 2558 2974 ﬁxa
2587 2930 2697 2971 non
2731 2914 2968 2970 debent.

2088 3007 2229 3081 [815]
2280 3005 2604 3063 Ludovicus
2652 3002 2991 3074 imperator,
3043 2997 3231 3056 Caroli
3280 2995 3657 3070 imperatoris

2012 3098 2188 3168 ﬁlius,
2220 3095 2485 3166 regnavit
2514 3092 2682 3150 annis
2708 3089 2883 3164 paulo
2928 3088 3117 3146 minus
3155 3089 3287 3144 octo
3326 3090 3384 3142 et
3424 3084 3655 3157 viginti,

2006 3190 2229 3244 amator
2250 3184 2433 3242 totius
2456 3181 2692 3255 pietatis
2716 3184 2771 3236 et
2800 3176 3120 3248 religionis,
3145 3188 3373 3232 omnem
3393 3172 3657 3231 ordinem

2007 3272 2472 3333 ecclesiasticum
2504 3271 2597 3343 pio
2624 3269 2819 3327 studio
2841 3279 3150 3323 exornans.
3195 3262 3298 3321 Hic
3326 3261 3673 3334 ingressum.

2007 3363 2235 3436 imperii
2258 3361 2512 3420 secunda
2536 3363 2592 3417 et
2619 3357 2844 3431 placida
2870 3355 3067 3428 quiete
3091 3352 3315 3411 habuit:
3338 3365 3516 3425 porro
3528 3348 3660 3407 ﬁnis

2008 3454 2135 3525 ejus
2160 3452 2362 3511 multis
2382 3445 2954 3508 incommoditatibus
2973 3448 3032 3500 et
3057 3440 3519 3501 adversitatibus
3532 3437 3664 3496 fati-

2007 3547 2199 3613 gatur.
2234 3541 2335 3598 Hic
2384 3539 2537 3595 inter
2577 3537 2689 3594 alia
2730 3533 2972 3591 miriﬁca
3012 3535 3071 3589 et
3114 3530 3284 3588 nimis
3325 3527 3660 3586 honoranda

2007 3634 2185 3703 epera
2217 3644 2317 3687 sua
2348 3628 2402 3684 in
2434 3625 2587 3683 omni
2619 3622 2863 3697 imperio
2892 3636 3018 3693 suo,
3052 3620 3173 3677 sive
3207 3619 3263 3675 in
3295 3616 3500 3687 Gallia,
3538 3614 3662 3674 sive

2010 3720 2066 3775 in
2092 3716 2545 3787 Germania,sive
2570 3714 2626 3770 in
2650 3712 2836 3782 Italia,
2861 3710 3087 3781 legatos
3110 3707 3293 3779 dedit,
3320 3705 3418 3778 qui
3449 3718 3664 3777 paupe-

2014 3824 2142 3867 rum
2171 3812 2227 3864 et
2258 3818 2670 3878 oppressorum
2698 3800 2960 3872 justitias
2987 3797 3304 3868 diligenter
3329 3795 3661 3867 quarerent

2014 3904 2071 3955 et
2095 3895 2456 3969 singulorum
2484 3891 2866 3949 necessitates
2879 3888 2951 3945 ad
2977 3886 3211 3961 plenum
3234 3880 3665 3953 audirent.Epi-

2013 3985 2278 4059 scopales
2307 3983 2484 4041 etiam
2513 3982 2764 4053 synodos
2799 3981 3041 4051 propter
3081 3971 3497 4045 reintegranda
3537 3983 3668 4027 san-

2011 4080 2239 4135 ctorum
2256 4076 2495 4131 Patrum
2518 4071 2827 4140 statuta,et
2846 4064 3307 4123 Christianarum
3331 4059 3666 4132 regularum

2016 4164 2485 4224 observationem
2525 4159 2742 4231 ubique
2784 4155 2911 4213 ﬁeri
2950 4152 3231 4215 decrevit.
3265 4149 3376 4209 Sed
3406 4148 3533 4221 ejus
3556 4147 3667 4221 piis

2017 4254 2229 4313 studiis
2277 4251 2663 4321 malignorum
2712 4246 2939 4303 insidia
2984 4241 3267 4317 impedire
3318 4238 3665 4313 plerumque

2020 4342 2359 4400 moliuntur.
2395 4341 2535 4396 Nam
2568 4336 2738 4408 longa
2768 4334 2934 4407 quies
2959 4331 3282 4406 perﬁdiam,
3310 4325 3552 4402 perﬁdia
3577 4339 3668 4381 re-

2021 4429 2354 4499 bellionem,
2382 4425 2627 4484 rebellio
2656 4424 2969 4482 discrimen
2994 4418 3220 4493 imperii
3243 4417 3499 4491 pariunt.
3522 4413 3667 4472 Huic

264 4513 593 4573 Herioldum
614 4517 670 4570 et
696 4512 1111 4584 Raganfridum
1132 4510 1699 4583 regesconstituunt.
1717 4509 1900 4579 Impe-

2023 4518 2282 4594 piissimo
2296 4513 2633 4592 imperatori
2657 4529 2730 4570 ex
2746 4509 3177 4580 Hermengarde
3195 4505 3391 4579 regina
3404 4509 3530 4562 tres
3540 4501 3664 4574 ﬁlii,

268 4608 416 4660 rator
444 4600 1125 4674 Constantinopolitanus
1150 4599 1514 4673 Nicephorus
1545 4599 1673 4669 post
1697 4594 1914 4651 multas

271 4698 320 4747 et
357 4693 617 4764 insignes
655 4691 950 4761 victorias,
1002 4690 1311 4748 commisso
1360 4686 1564 4761 pralio
1612 4684 1669 4741 in
1716 4683 1911 4740 Moesia

278 4781 559 4851 provincia
603 4795 734 4838 cum
784 4779 1068 4852 Bulgaris,
1121 4779 1387 4837 moritur.
1439 4778 1500 4832 In
1548 4774 1675 4847 ejus
1723 4772 1912 4831 locum

276 4870 502 4929 licbael
526 4885 710 4943 gener
736 4867 863 4940 ejus
892 4868 1210 4941 imperator
1237 4871 1476 4927 creatur
1502 4885 1515 4922 :
1546 4864 1714 4936 cujus
1736 4860 1914 4933 legati

277 4961 612 5032 Aquisgrani
643 4960 717 5017 ad
747 4960 1160 5032 imperatorem
1189 4956 1457 5015 Carolum
1488 4954 1668 5024 missi,
1712 4951 1918 5011 laudes

276 5064 421 5108 more
453 5067 559 5108 suo
588 5050 887 5121 dixerunt,
920 5049 1332 5122 imperatorem
1361 5050 1418 5103 et
1450 5044 1726 5103 Basilium
1752 5041 1917 5099 illum

281 5139 653 5214 appellantes.
678 5140 747 5195 Et
773 5137 934 5212 pacis
953 5137 1154 5195 libello
1177 5139 1249 5194 ab
1274 5137 1627 5209 imperatore
1652 5135 1914 5204 accepto,

280 5234 329 5284 et
349 5230 539 5317 denuo
563 5245 595 5286 a
618 5230 807 5286 Leone
832 5243 978 5301 papa
1000 5229 1217 5298 Roma,
1244 5226 1465 5283 reversi
1489 5227 1645 5282 sunt.
1680 5218 1921 5278 Grimal-

281 5325 378 5387 dus
402 5330 950 5386 Beneventanorum
992 5327 1111 5383 dux
1152 5340 1222 5382 eo
1263 5324 1431 5381 modo
1474 5320 1808 5395 paciscitur,
1855 5319 1918 5375 ut

282 5413 471 5484 viginti
513 5415 777 5486 quinque
825 5412 1005 5470 millia
1054 5411 1368 5470 solidorum
1415 5408 1598 5467 auria
1630 5408 1921 5462 Beneven-

283 5504 423 5562 tanis
458 5504 764 5563 annuatim
808 5504 1043 5562 Francis
1081 5500 1472 5561 solverentur.
1523 5495 1921 5555 Anno~Incar-

278 5594 522 5656 nationis
551 5593 783 5657 Domini
805 5591 1288 5671 octingentesimo
1310 5589 1487 5651 tertio
1507 5583 1767 5664 generali
1787 5594 1923 5643 con-

2024 4623 2270 4681 quorum
2306 4603 2751 4680 primogenitum
2794 4598 3214 4669 Chlotharium,
3262 4595 3446 4670 primo
3486 4596 3669 4650 Casa-

2022 4696 2342 4770 rem,deine
2355 4697 2685 4753 consortem
2699 4690 2926 4764 imperii
2941 4687 3240 4747 adscribit:
3257 4686 3350 4745 cui
3363 4690 3422 4743 et
3444 4682 3666 4740 Italiam

2024 4788 2093 4846 ad
2120 4786 2439 4859 regendum
2462 4781 2770 4841 commisit:
2797 4774 3459 4854 Pippinum,Aquitania
3472 4784 3668 4859 regem

2026 4878 2161 4935 facit
2189 4858 2207 4931 τί
2237 4874 2478 4932 tertium
2510 4870 2863 4930 Ludovicum
2897 4866 3217 4941 Bajovariis
3236 4877 3430 4935 regem
3450 4858 3671 4917 consti-

2024 4964 2159 5023 tuit.
2193 4964 2332 5021 Cum
2357 4962 2537 5034 igitur
2556 4959 2742 5017 omnis
2766 4962 3027 5033 potestas
3049 4958 3399 5012 Francorum
3422 4948 3532 5006 sub
3555 4962 3672 5005 mo-

2027 5055 2231 5112 derato
2254 5052 2374 5110 otio
2396 5051 2751 5122 studeret,et
2776 5049 3036 5119 regimen
3058 5042 3262 5102 vicinis
3280 5036 3672 5110 gentibusim—

2027 5147 2293 5218 poneret,
2340 5142 2572 5215 quidam
2617 5144 2840 5198 tantam
2883 5152 3043 5211 spem
3083 5131 3216 5191 boni
3247 5143 3357 5186 non
3386 5129 3668 5218 ferentes,

2028 5217 2267 5292 uxorem
2281 5231 2510 5289 nomine
2532 5230 2733 5288 Iudith
2759 5228 3031 5286 dilectam
3056 5217 3398 5292 imperatori
3422 5219 3672 5277 factione

2026 5338 2131 5381 sua
2162 5322 2481 5395 abripiunt,
2518 5332 2762 5391 eamque
2786 5332 2860 5372 ex
2882 5314 3066 5369 latere
3088 5308 3198 5367 viri
3222 5307 3276 5366 in
3302 5309 3671 5384 Aquitaniam

2027 5413 2136 5470 sub
2157 5411 2426 5469 custodia
2455 5406 2867 5480 transponunt.
2895 5402 3034 5470 Qua
3054 5398 3190 5459 licet
3214 5399 3287 5456 ad
3306 5399 3417 5457 viri
3438 5398 3671 5455 tborum

2030 5500 2294 5571 redierit,
2337 5497 2626 5555 ebulliens
2666 5498 2858 5549 tamen
2902 5490 3281 5564 quorumdam
3309 5485 3527 5545 malitia
3557 5496 3668 5571 non

2029 5569 2418 5666 quievit.Qua
2441 5598 2625 5661 usque
2650 5582 2794 5643 adeo
2815 5582 3001 5643 crevit
3026 5585 3089 5642 ut
3111 5594 3224 5643 una
3242 5591 3375 5638 cum
3396 5569 3668 5653 pontiﬁce
