4078 6180
433 317 538 371 138

1513 305 1572 362 S.
1605 303 1863 362 ADONIS
1900 300 2337 362 ARCHIEPISC.
2379 301 2796 359 VIENNENSIS

3726 295 3825 351 136

433 438 686 492 Romano
712 443 824 488 non
854 427 1039 488 solum
1068 439 1344 501 proceres
1370 426 1555 500 regni,
1578 427 1680 485 sed
1705 427 1881 484 etiam
1903 431 2072 484 natos
2100 427 2157 489 Α
2187 425 2625 484 Fontaneticum
2670 439 2774 481 eos
2813 419 3089 480 concitat.
3137 415 3333 476 Iuncti
3380 415 3497 473 duo
3548 413 3824 479 adversus

430 520 557 592 ejus
579 518 861 577 adversus
888 516 1302 589 imperatorem
1332 515 1708 586 permoverit.
1737 515 1877 571 Nam
1908 515 1979 572 ab
2006 528 2077 572 eo

430 609 740 669 universus
765 605 1015 680 populus
1042 604 1337 675 deficiens,
1370 604 1441 660 ad
1467 603 1615 662 filios
1644 604 1772 676 ejus
1799 618 1861 662 se
1887 606 2077 662 trans-

334 710 337 711 '
430 698 567 757 tulit
594 718 606 754 :
638 696 761 770 ipse
787 698 988 752 tentus
1014 695 1124 752 sub
1144 692 1433 763 custodia,
1462 692 1803 750 indecenter
1828 691 2079 750 recludi-

433 789 554 858 tur,
594 800 660 842 ac
699 799 857 841 arma
896 782 949 840 ei
989 782 1383 839 auferuntur:
1427 796 1575 839 uxor
1607 780 1795 853 ipsius
1823 780 1880 837 in
1911 780 2076 837 Italia

434 873 722 933 servanda
765 871 1170 930 committitur.
1221 868 1331 926 Sed
1381 873 1526 928 nutu
1569 869 1765 926 divino
1806 872 1937 942 post
1987 871 2078 925 tot

436 964 678 1021 adversa
708 960 960 1020 secunda
988 960 1329 1019 succedunt.
1364 957 1569 1032 Populi
1601 959 1755 1017 versi
1786 959 1857 1016 ad
1900 956 2081 1030 ι)ωηί-

434 1052 679 1109 tentiam
705 1065 879 1109 causa
911 1049 1045 1106 facti
1077 1048 1135 1104 in
1165 1046 1373 1105 melius
1401 1051 1785 1119 commutant,
1810 1046 2078 1105 eumdem

434 1138 624 1212 ipsum
652 1138 1063 1211 imperatorem
1086 1136 1140 1191 in
1165 1135 1384 1193 honore
1409 1135 1654 1208 pristino
1676 1138 1986 1208 reponunt,
2020 1136 2077 1190 et

437 1227 681 1302 pristina
710 1225 996 1297 dignitate
1023 1224 1368 1282 revestiunt.
1402 1223 1526 1279 Filii
1556 1238 1790 1296 quoque
1819 1223 1947 1295 ejus
1974 1238 2080 1295 pro

435 1315 743 1375 commisso
763 1313 989 1372 veniam
1010 1317 1355 1385 exposcunt,
1373 1311 1677 1383 Chlotario
1694 1313 1811 1384 jam
1835 1311 2083 1383 impera-

436 1403 575 1475 tori,
607 1406 670 1461 ut
701 1406 868 1459 extra
910 1399 1154 1471 Italiam,
1196 1399 1304 1456 nisi
1340 1399 1585 1470 jubente
1613 1398 1871 1470 piissimo
1913 1402 2081 1471 patre

436 1490 751 1564 ejus,nullo
774 1494 945 1563 pacto
969 1489 1312 1562 procederet
1336 1487 1773 1545 inducitur.Sed
1796 1486 2081 1544 variantia

434 1583 700 1652 tempora
722 1593 874 1636 nunc
895 1578 1321 1648 adversa,nunc
1336 1590 1616 1649 prospera
1632 1574 2085 1647 minantur.Pip—

435 1667 574 1742 pino
600 1667 691 1725 his
716 1667 923 1724 diebus
951 1665 1202 1737 denique
1231 1668 1485 1737 mortuo,
1514 1665 1586 1721 ad
1626 1663 2083 1736 componendam

2187 531 2384 587 unum,
2400 517 2511 574 heu
2529 518 2543 572 ε
2559 514 2827 574 omnibus
2847 510 3190 570 Christianis
3212 507 3590 566 lamentabile
3615 505 3824 563 bellum

2187 608 2245 663 et
2261 605 2473 663 sociale
2496 620 2561 663 ac
2583 603 2755 662 civile
2783 603 3112 660 conferunt.
3149 601 3268 657 Non
3299 597 3478 655 armis
3499 595 3822 666 dissimiles,

2188 709 2299 751 non
2327 693 2530 751 habitu
2558 692 2750 764 gentis
2777 689 3061 760 distincti,
3092 688 3278 746 solum
3316 686 3535 744 castris
3573 683 3819 743 obversi.

2189 782 2538 840 Francorum
2553 781 2893 839 innumerus
2905 776 3290 851 populusacie
3310 774 3489 847 gladii
3514 774 3744 844 feritur,
3767 776 3822 829 et

2187 870 2325 929 olim
2363 871 2640 943 gentibus
2675 868 2908 927 caeteris
2935 863 3337 935 formidabilis,
3370 863 3427 920 in
3457 862 3701 920 vulnere
3727 875 3828 919 suo

2190 960 2527 1020 bacchatur.
2548 961 2799 1017 Cruenta
2812 954 3058 1015 victoria
3082 955 3311 1013 duobus
3330 957 3527 1010 tamen
3550 950 3830 1008 fratribus

2190 1049 2553 1108 inscribitur.
2569 1048 2798 1105 Tertius
2810 1046 3086 1116 elabitur,
3103 1048 3278 1116 atque
3292 1040 3641 1114 Aquisgrani
3664 1040 3721 1096 in
3745 1053 3830 1095 re-

2187 1139 2339 1211 giam
2360 1139 2597 1197 tandem
2619 1152 2681 1196 se
2706 1136 2948 1209 recepit.
2975 1133 3275 1192 Gloriosus
3296 1131 3508 1189 deinde
3530 1144 3638 1187 rex
3656 1132 3827 1201 atque

2190 1228 2444 1302 inclytus
2482 1224 2715 1301 juvenis
2752 1225 3013 1296 Carolus,
3048 1238 3161 1281 non
3198 1221 3368 1293 longe
3400 1223 3553 1293 post,
3584 1218 3826 1290 impigre

2191 1333 2303 1376 una
2324 1333 2454 1376 cum
2480 1318 2661 1374 fratre
2684 1313 2973 1373 Ludovico
2994 1327 3116 1371 rem
3130 1315 3383 1384 coeptam
3396 1307 3719 1367 accelerat”:
3745 1310 3829 1364 at-

2192 1421 2304 1478 que
2328 1406 2660 1463 Lotharium
2684 1406 2921 1461 fratrem
2936 1402 3348 1474 imperatorem
3362 1399 3434 1456 ab
3449 1395 3826 1469 Aquisgranis

2191 1476 2441 1552 terrent.
2469 1494 2577 1562 Qui
2602 1493 2777 1551 nimia
2802 1491 3109 1549 celeritate
3131 1503 3244 1547 una
3257 1503 3387 1546 cum
3418 1476 3602 1545 uxore
3624 1500 3691 1543 ac
3704 1484 3835 1542 filiis

2196 1598 2377 1655 usque
2401 1584 2747 1653 Lugdunum
2770 1596 2837 1638 ac
2858 1579 3136 1637 Viennam
3159 1574 3554 1650 progreditur.
3574 1573 3657 1631 Ibi
3680 1587 3833 1630 rece-

2194 1672 2310 1746 ptis
2322 1672 2524 1744 c0piis,
2541 1668 2966 1742 aliquantulum
2980 1666 3265 1726 substitit.
3283 1666 3350 1722 Et
3368 1662 3833 1722 discurrentibus

437 1755 808 1828 Aquitaniam
831 1770 943 1812 una
965 1769 1097 1812 eum
1131 1768 1314 1812 uxore
1348 1768 1517 1826 quam
1528 1753 1645 1825 jam
1666 1755 1962 1824 receptam
1991 1752 2081 1807 ha-

2194 1761 2402 1832 legatis
2424 1762 2496 1818 ad
2524 1759 2900 1832 colloquium,
2917 1762 3039 1815 tres
3065 1758 3279 1813 fratres
3302 1755 3358 1810 in
3381 1751 3629 1810 insulam
3642 1765 3833 1846 quam-

434 1843 777 1915 habebat,et
794 1859 867 1901 ex
886 1857 997 1915 qua
1013 1841 1292 1915 inclytum
1316 1842 1495 1898 filium
1521 1840 1788 1898 Carolum
1810 1855 2085 1913 suscepe-

435 1938 686 2004 rat,eum
699 1933 962 1990 exercitu
976 1930 1304 2003 ingreditur
1321 1949 1337 2000 ;
1353 1930 1486 2003 quia
1499 1933 1703 1987 contra
1721 1928 2085 1986 voluntatem

435 2020 862 2094 ejus,Aquitani
886 2020 1066 2077 illium
1086 2018 1395 2092 Pippinum
1410 2018 1639 2075 nomine
1661 2032 1857 2088 regem
1875 2017 1987 2074 sibi
2016 2018 2090 2073 fe-

435 2113 659 2169 cerant.
686 2110 824 2167 Cum
848 2107 966 2165 illic
987 2111 1142 2166 esset
1166 2108 1484 2180 imperator
1506 2105 1851 2177 Ludovicus,
1882 2120 1957 2163 ex
1978 2104 2090 2178 pri-

435 2212 529 2254 mo
552 2196 1275 2269 matrimonio,Ludovicus
1296 2195 1513 2252 tertius
1534 2193 1689 2252 filius
1711 2195 1838 2267 ejus
1848 2195 1966 2266 jam
1992 2208 2090 2267 pa-

439 2286 518 2342 tri
547 2285 759 2343 iterum
782 2285 1083 2356 adversus,
1110 2284 1330 2357 primos
1355 2283 1676 2341 Germanias
1722 2283 1944 2355 perfide
1975 2282 2085 2340 sibi

433 2374 637 2447 jurare
650 2372 969 2447 compellit.
986 2375 1103 2431 Hoc
1126 2372 1300 2430 misso
1325 2373 1647 2446 imperator
1671 2375 2089 2444 accepto,com—
2114 2406 2117 2409 -

440 2462 617 2520 misso
640 2462 966 2534 Aquitania:
990 2460 1170 2533 regno
1202 2461 1520 2533 majoribus
1543 2461 1896 2518 Francorum
1920 2464 1979 2516 et
2004 2459 2087 2515 in-

439 2551 598 2624 clyto
622 2549 827 2608 Carolo
849 2551 967 2608 filio
988 2565 1093 2608 suo
1116 2564 1255 2621 rege
1277 2548 1584 2621 Aquitanis
1597 2548 1758 2619 dato,
1785 2561 2085 2620 uxoreque

441 2654 543 2699 sua
558 2640 889 2711 gratissima
909 2640 985 2697 ibi
1002 2639 1258 2710 dimissa,
1276 2637 1440 2696 ocius
1460 2637 1583 2710 ipse
1599 2652 1879 2694 occursus
1895 2635 2013 2692 filio
2028 2636 2085 2692 in

440 2727 778 2785 Germanias
794 2729 1090 2786 exercitus
1111 2727 1201 2785 sui
1225 2726 1823 2798 cOpiastransponens
1837 2724 2089 2795 ingredi-

439 2819 558 2875 tur.
582 2816 666 2875 Ibi
690 2831 891 2889 pacem
915 2816 1078 2889 regni
1102 2816 1397 2889 aliquibus
1410 2815 1617 2872 diebus
1639 2814 1972 2887 disponens,
1989 2816 2087 2872 ad-

437 2920 606 2965 versa
620 2905 955 2964 valetudine
970 2903 1247 2977 fatigatus
1260 2905 1411 2962 diem
1423 2904 1631 2961 clausit
1648 2904 1913 2961 ultimum
1937 2918 2086 2962 anno

438 2996 512 3054 ab
552 2996 959 3055 Incarnatione
981 2994 1204 3052 Domini
1236 2993 1722 3066 octingentesimo
1765 2993 2087 3065 quadrage-

438 3083 603 3142 simo.
634 3086 858 3156 Corpus
884 3084 1011 3154 ejus
1042 3084 1114 3139 ab
1141 3082 1414 3155 episeopo
1445 3084 1710 3153 Drogone
1742 3082 1924 3138 fratre
1958 3082 2085 3153 ejus

439 3171 635 3230 exalia
653 3170 1060 3243 femina,simul
1080 3176 1137 3227 et
1162 3186 1193 3227 a
1220 3171 1572 3243 primoribus
1594 3171 1948 3227 Francorum
1970 3172 2082 3227 Me-

441 3259 848 3319 diomatricum
872 3258 1152 3330 delatum,
1169 3258 1415 3329 atquein
1429 3257 1675 3315 ecclesia
1693 3258 1848 3314 beati
1872 3257 2081 3315 Arnul—

440 3347 899 3423 phiconfessoris
911 3349 1208 3406 conditum
1223 3352 1331 3405 est.
1350 3348 1530 3419 Hujus
1544 3346 1919 3419 imperatoris
1939 3350 2083 3403 tem-

442 3453 605 3511 pore,
634 3453 767 3510 pars
804 3437 1072 3510 corporis
1119 3436 1275 3494 beati
1326 3435 1650 3492 Sebastiani
1691 3436 1966 3509 martyris
2007 3437 2080 3494 ad

442 3526 863 3586 Suessionieam
893 3527 1097 3584 urbem
1121 3524 1335 3582 delata:
1364 3524 1460 3581 ubi
1497 3523 1678 3581 multa
1713 3524 1856 3580 mira
1880 3525 1935 3580 in
1962 3524 2081 3584 lau-

441 3616 572 3675 dem
594 3616 693 3673 Dei
713 3615 1129 3688 omnipotentis
1144 3614 1302 3672 varia
1330 3628 1547 3685 genera
1579 3614 1895 3672 sanitatum
1925 3615 2081 3672 infir-

430 3706 547 3765 mis
572 3706 805 3765 collata.
841 3707 983 3764 Ossa
1014 3718 1245 3777 quoque
1268 3706 1573 3761 beatorum
1597 3709 1915 3777 martyrum
1948 3705 2082 3777 Hip-

436 3797 619 3871 polyti
641 3800 698 3853 et
712 3796 958 3854 Tiburtii
982 3795 1054 3852 ab
1077 3795 1222 3852 urbe
1237 3792 1634 3867 deportata,in
1657 3791 1905 3851 ecclesia
1922 3793 2078 3851 beati

434 3886 692 3959 Dionysii
706 3884 979 3959 martyris
991 3884 1047 3941 in
1064 3884 1368 3941 territorio
1386 3882 1699 3940 Parisiensi
1714 3882 1888 3954 digno
1901 3883 2081 3941 hono-

438 3990 503 4033 re
522 3975 1117 4034 condita.Bernardus
1140 3975 1327 4031 adhuc
1354 3978 1412 4029 et
1428 3974 1774 4043 Agobardus
1797 3973 2080 4031 Viennen-

440 4077 562 4121 sem
585 4063 899 4122 Ecelesiam
921 4067 977 4118 et
1006 4061 1889 4133 Lugdunensem'regebant.Qui
1912 4063 2080 4119 ambo

439 4153 596 4226 apud
618 4153 1027 4225 imperatorem
1059 4149 1260 4223 delati,
1287 4149 1537 4207 desertis
1577 4147 1842 4207 ecclesiis
1881 4150 1938 4207 in
1969 4153 2081 4209 Ita-

437 4239 594 4313 liam,
618 4240 690 4298 ad
722 4240 902 4299 filium
925 4239 1298 4313 imperatoris
1311 4238 1708 4297 Chlotharium
1731 4252 1793 4295 se
1813 4241 2078 4298 contule-

436 4334 595 4403 runt,
619 4336 677 4387 et
702 4330 1070 4403 postmodum
1120 4329 1230 4403 piis
1255 4328 1708 4401 imperatoribus
1745 4329 2075 4404 agentibus,

2197 1851 2326 1908 dam
2346 1850 2632 1907 Teduanze
2654 1848 2925 1906 veniunt:
2957 1846 3036 1903 ibi
3058 1846 3167 1903 sub
3192 1842 3442 1915 quodam
3466 1843 3639 1913 pacto
3660 1839 3832 1911 impe-

2198 1940 2345 1997 rium
2369 1939 2521 1996 inter
2545 1952 2605 1995 se
2624 1935 2886 1994 dividere
2908 1936 3195 1993 statuunt.
3213 1931 3306 1989 Sic
3330 1928 3640 1987 Lotharius
3662 1927 3833 2000 impe-

2197 2033 2359 2087 rator
2400 2028 2455 2084 in
2496 2026 2855 2099 superiorem
2900 2022 3198 2080 Franciam
3248 2018 3587 2077 revertitur.
3647 2016 3834 2074 Diviso

2198 2117 2564 2192 postmodum
2593 2114 2857 2187 imperio,
2882 2111 3282 2184 unusquisque
3305 2122 3506 2166 eorum
3521 2106 3593 2163 ad
3610 2108 3830 2178 partem

2196 2221 2358 2265 suam
2398 2205 2711 2276 regendam
2740 2207 2799 2259 et
2846 2200 3263 2273 disponendam
3297 2194 3689 2270 progreditur.
3716 2196 3831 2253 Non

2197 2295 2380 2354 multo
2402 2298 2530 2368 post
2556 2292 2861 2352 Lotharius
2886 2290 3067 2348 filium
3092 2303 3259 2347 suum
3273 2285 3649 2357 Ludovicum,
3666 2298 3831 2356 quem

2195 2384 2253 2441 in
2276 2384 2440 2441 Italia
2463 2397 2658 2454 regem
2682 2382 2924 2451 fecerat,
2951 2383 3011 2437 ut
3037 2375 3413 2449 imperatoris
3437 2388 3644 2432 nomen
3667 2372 3836 2430 sorti-

2196 2477 2381 2544 retur,
2408 2487 2514 2545 per
2552 2473 2875 2541 Drogonem
2907 2472 3180 2541 patruum
3212 2467 3449 2522 Romam
3482 2462 3686 2519 mistit.
3733 2462 3830 2520 Cui

2197 2561 2433 2632 Sergius
2449 2561 2565 2632 jam
2586 2563 2729 2617 tunc
2753 2557 3016 2631 pontifex
3035 2569 3307 2613 coronam
3332 2552 3628 2626 imposuit,
3654 2550 3838 2609 accla-

2196 2654 2389 2707 mante
2413 2649 2683 2706 universo
2714 2647 2946 2719 populo,
2978 2645 3297 2716 imperator
3327 2645 3384 2698 et
3420 2642 3718 2710 Augustus
3746 2642 3833 2695 est

2195 2739 2503 2797 salutatus.
2536 2735 2842 2793 Lotharius
2871 2735 3189 2806 imperator
3218 2729 3497 2788 infirmari
3527 2742 3590 2786 se
3612 2726 3836 2799 conspi-

2195 2828 2376 2898 ciens,
2425 2841 2664 2897 regnum
2713 2825 2865 2881 inter
2904 2822 3053 2879 filios
3104 2819 3333 2891 dividit,
3384 2816 3588 2875 Carolo
3629 2815 3834 2873 minori

2193 2915 2555 2974 Provinciam
2577 2920 2633 2971 et
2666 2917 2891 2986 partem
2919 2909 3298 2981 Burgundiae:
3343 2905 3616 2964 Lothario
3646 2905 3836 2962 medio

2196 3004 2314 3061 filio
2334 3004 2529 3062 sedem
2555 3019 2713 3061 suam
2741 3022 2753 3057 :
2780 3000 3067 3058 Ludovico
3090 2996 3430 3070 imperatori
3455 2994 3680 3052 Italiam
3703 3008 3838 3052 con-

2193 3092 2424 3162 signare
2459 3093 2645 3163 jubet.
2690 3092 2819 3162 Ipse
2862 3103 3000 3146 vero
3040 3087 3097 3143 in
3139 3085 3387 3143 Prumias
3420 3081 3836 3141 monasterium

2194 3198 2371 3254 regno
2398 3182 2680 3254 temporis
2700 3195 2762 3237 se
2792 3193 3012 3235 exuens
3035 3176 3364 3247 ingreditur
3387 3176 3749 3244 tonsuratus,
3775 3177 3835 3229 et

2192 3271 2431 3328 monacb
2441 3286 2508 3327 us
2518 3269 2780 3339 effectus,
2798 3267 3017 3338 aliquot
3033 3266 3241 3322 diebus
3255 3261 3619 3335 interpositis
3633 3262 3840 3319 defun-

2189 3360 2368 3430 gitur,
2393 3372 2543 3414 anno
2573 3359 2645 3413 ab
2668 3355 3071 3413 Incarnatione
3100 3351 3320 3410 Domini
3352 3349 3840 3420 octingentesimo

2193 3446 2552 3518 sexagesimo
2582 3444 2805 3516 quinto,
2843 3442 3069 3514 imperii
3110 3455 3251 3499 vero
3294 3438 3573 3509 vigesimo
3615 3438 3838 3503 tertio;

2192 3541 2367 3609 atque
2412 3534 2491 3592 ibi
2533 3535 2586 3589 in
2631 3532 2865 3591 basilica
2907 3528 3460 3588 saneti‘Salvatoris
3491 3542 3523 3584 a
3556 3526 3842 3585 fratribus

2192 3617 3411 3692 reverentcrhumatur.llujusimperatoris
3424 3621 3691 3688 tempore
3705 3631 3842 3674 ossa

2192 3712 2511 3772 beatissimi
2534 3711 2776 3768 Andeoli
2802 3709 3093 3781 martyris,
3118 3707 3245 3779 ipso
3258 3706 3579 3777 revelante,
3597 3710 3841 3777 reperta

2191 3804 2246 3862 in
2262 3805 2388 3861 loco
2401 3801 2499 3874 qui
2522 3799 2848 3872 antiquitus
2870 3798 3153 3854 Gentibus
3174 3795 3412 3867 dicitur,
3432 3795 3488 3851 in
3502 3794 3839 3854 Vivariensi

2191 3892 2466 3966 parochia
2489 3890 2620 3948 sito.
2657 3887 2986 3945 Bernardus
3013 3885 3357 3944 Viennensis
3384 3883 3699 3957 episcopus
3727 3884 3843 3942 sub

2190 3981 2365 4053 hujus
2401 3979 2645 4052 imperio
2687 3978 2953 4048 moritur,
2998 3980 3054 4033 et
3096 3974 3421 4046 Aglimatus
3448 3973 3843 4031 Viennensem

2190 4069 2446 4141 suscepit
2473 4068 2893 4140 episcOpatum.
2926 4064 3134 4122 Amulo
3161 4079 3392 4137 quoque
3431 4062 3848 4135 Lugdunensis

2187 4158 2501 4232 episcopus
2530 4156 2801 4213 efficitur.
2817 4156 2890 4212 Et
2913 4154 3176 4227 pontifex
3204 4155 3499 4212 Romanus
3520 4153 3848 4224 Gregorius

2190 4247 2438 4305 moritur
2462 4249 2640 4317 atque
2666 4245 2793 4316 ejus
2818 4243 2948 4301 loco
2971 4243 3208 4313 Sergius
3236 4242 3562 4300 ordinatur.
3594 4241 3703 4298 Illo
3741 4241 3848 4299 de-

2190 4335 2407 4407 functo,
2443 4335 2555 4391 Leo
2584 4333 2865 4391 succedit.
2896 4332 3021 4400 Quo
3063 4333 3340 4403 obeunte,
3384 4330 3744 4388 Benedictus
3783 4330 3849 4386 in

436 4420 780 4491 Agobardus
812 4420 1273 4492 Lugdunensem,
1324 4418 1657 4475 Bernardus
1687 4417 2075 4478 Viennensem
2105 4493 2147 4497 _
2188 4424 2327 4482 sede
2367 4422 2684 4497 apostolica
2727 4420 3130 4493 substituitur,
3169 4421 3287 4492 jam
3316 4424 3511 4477 tamen
3558 4418 3851 4477 defuncto

432 4509 871 4583 ,sedemrecepit
897 4514 1054 4583 :post
1071 4507 1902 4584 pauculosannosAgobardus
1922 4509 2076 4581 apud
2105 4493 2158 4555 D
2188 4493 2459 4571 Lothario
2496 4512 2869 4585 imperatore.
2908 4512 3024 4569 Sub
3060 4510 3234 4581 hujus
3268 4508 3645 4581 imperatoris
3692 4512 3853 4566 tem-

437 4599 756 4656 Sanctonas
778 4599 835 4656 in
865 4600 1242 4672 expeditione
1266 4600 1677 4674 regiajpositus
1709 4601 2069 4672 defungitur.

440 4686 585 4761 [841]
629 4688 938 4747 Lotharius
976 4688 1316 4763 imperator,
1349 4690 1501 4748 filius
1529 4691 1770 4764 piissimi
1798 4690 2073 4750 Ludovici

436 4776 826 4851 imperatoris,
876 4778 1040 4835 annis
1089 4778 1438 4850 quindecim.
1491 4780 1635 4839 Huic
1682 4783 1850 4854 pater
1896 4780 2076 4853 impe-

435 4869 583 4928 rium
627 4873 754 4943 post
798 4872 1042 4927 mortem
1073 4884 1236 4927 suam
1266 4871 1608 4928 decreverat
1636 4890 1648 4926 :
1679 4870 1783 4927 sed
1816 4869 2073 4928 sinistris

437 4959 787 5019 consiliariis
807 4958 957 5016 idem
981 4958 1401 5030 usus,animum
1415 4959 1600 5032 patris
1614 4974 1725 5016 non
1750 4974 1954 5033 parum
1979 4959 2076 5018 lae-

439 5045 600 5119 dens,
626 5066 731 5122 pro
753 5048 1093 5121 integritate
1115 5048 1215 5105 vix
1237 5052 1461 5121 partem
1489 5049 1654 5121 regni
1677 5049 1928 5106 obtineri
1960 5065 2076 5108 me-

439 5134 878 5209 ruit.Siquidem
902 5139 1114 5197 iterum
1139 5137 1268 5211 pius
1290 5142 1458 5211 pater
1479 5153 1701 5195 memor
1730 5138 1933 5197 inﬂicti
1957 5140 2078 5197 vul-

439 5222 598 5279 neris
636 5223 938 5298 imperium
977 5228 1245 5287 dividens
1279 5226 1497 5299 juniori
1542 5228 1749 5285 Carolo
1798 5229 2073 5301 majorem

441 5312 666 5386 partem
703 5314 1054 5385 primoribus
1084 5321 1450 5376 sacramento
1489 5317 1735 5376 firmatis
1764 5317 2070 5391 disposuit.

439 5399 745 5458 Lotharius
776 5401 971 5475 itaque
998 5412 1128 5477 post
1158 5407 1554 5467 humationem
1581 5405 1823 5478 gloriosi
1865 5406 2070 5479 patris,

439 5488 710 5562 sequenti
733 5503 883 5546 anno
905 5492 977 5547 ab
990 5494 1153 5552 Italia
1167 5510 1458 5569 egressus,
1473 5500 1599 5554 tum
1613 5494 1920 5569 imperium
1936 5495 2077 5551 arri-

438 5592 579 5655 pere
601 5576 860 5637 molitur.
894 5578 981 5637 Ob
1011 5580 1069 5638 id
1097 5583 1378 5644 adversus
1407 5585 1690 5645 fratribus
1721 5583 1777 5642 in
1806 5580 2072 5658 praelium

2186 4618 2349 4676 pore,
2380 4601 2578 4674 Segari
2609 4603 3147 4659 Beneventanorum
3176 4598 3296 4656 dux
3323 4613 3355 4655 a
3394 4597 3519 4656 suis
3555 4596 3853 4655 interﬁci-

2184 4696 2304 4765 tur,
2335 4697 2393 4750 et
2421 4693 2493 4750 ab
2524 4688 3005 4747 interfectoribus
3026 4688 3327 4745 Sarraceni
3353 4701 3384 4743 a
3409 4687 3853 4744 Beneventanis

2186 4781 2434 4852 evocati,
2477 4780 2629 4835 intra
2666 4777 2965 4835 civitatem
3002 4778 3396 4833 Beneventum
3440 4774 3848 4847 recipiuntur.

2260 4868 2585 4927 Ludovicus
2611 4866 2930 4939 imperator
2961 4866 3017 4922 in
3056 4862 3242 4922 Italia.
3274 4863 3399 4935 Hic,
3436 4866 3566 4936 post
3607 4862 3853 4920 obitum

2186 4958 2392 5033 patris,
2422 4961 2629 5015 octavo
2657 4972 2826 5029 anno,
2856 4959 3086 5013 mortuo
3130 4955 3310 5011 fratre
3353 4968 3460 5010 suo
3501 4951 3715 5009 Carolo
3743 4951 3858 5009 mi-

2185 5064 2348 5121 nore,
2378 5052 2436 5105 et
2467 5048 2728 5119 Lugduni
2758 5046 3010 5120 sepulto,
3042 5045 3098 5102 in
3128 5043 3482 5102 monasterio
3516 5042 3709 5100 sancti
3740 5045 3860 5099 Pe-

2183 5136 2284 5208 tri,
2318 5136 2374 5193 iu
2403 5135 2652 5193 ecclesia
2680 5139 2897 5193 sanctae
2925 5134 3117 5192 Mariae
3145 5146 3377 5205 semper
3404 5130 3670 5203 virginis,
3705 5146 3860 5189 cum

2187 5226 2368 5283 fratre
2396 5224 2667 5281 Lothario
2692 5238 2933 5294 regnum
2958 5222 3159 5280 fratris
3184 5220 3398 5279 mortui
3422 5220 3704 5293 partitur.
3737 5222 3864 5277 Ac-

2184 5314 2340 5387 cepit
2365 5316 2557 5371 autem
2584 5316 2808 5385 partem
2828 5311 3262 5382 Transjurensis
3284 5309 3637 5380 Burgundiae
3661 5308 3865 5366 simul

2186 5407 2244 5462 et
2267 5402 2627 5460 Provinciam
2656 5422 2667 5456 :
2703 5401 2987 5472 reliquam
3011 5403 3236 5473 partem
3262 5398 3569 5455 Lotharius
3593 5411 3703 5452 rex
3729 5398 3865 5454 sibi

2185 5492 2449 5550 retinuit.
2476 5492 2638 5548 Anno
2660 5489 3081 5547 Incarnationis
3101 5488 3323 5547 Domini
3343 5486 3872 5557 octingentesimo

2189 5579 2668 5656 quinquagesimo
2690 5578 3152 5652 primo,jubente
3177 5580 3365 5651 patre,
3382 5574 3719 5634 Ludovicus
3744 5575 3877 5635 im-
