4086 6178
305 294 408 347 137

1449 275 1876 339 CHRONICON.
1905 305 1974 315 —
2003 275 2199 332 IETAS
2227 277 2465 337 SEXTA.

3609 305 3714 361 138

308 419 551 485 perator
584 413 638 470 in
691 412 968 471 ducatum
1001 410 1538 468 Beneventanorum
1580 410 1783 464 contra
1817 418 1960 496 prae-
1989 404 2043 461 A
2077 401 2166 474 lis,
2194 404 2499 496 immatura
2544 414 2729 467 morte
2771 416 3099 484 praereptus
3137 419 3265 472 est:
3310 417 3552 480 Carolus
3573 438 3709 496 quo-

305 503 450 561 sidia
487 505 909 562 Saracenorum
942 500 1262 557 exvrcitum
1294 503 1507 568 movet,
1543 502 1622 565 et,
1650 494 1960 551 interfecto

303 594 452 650 duce
495 595 939 661 Saracenorum,
972 589 1326 645 Amalmater
1371 588 1762 643 Beneventum
1802 597 1960 639 rece-

309 681 412 753 pit.
452 683 527 736 At
553 680 862 738 Lotharius
886 693 1011 750 rex,
1040 678 1220 733 frater
1242 675 1386 746 ejus,
1415 690 1444 730 a
1471 673 1664 746 pravis
1692 670 1959 728 consilia-

302 770 404 826 riis
436 771 743 841 deceptus,
779 769 877 824 diu
911 767 980 823 de
1016 767 1261 823 duarum
1295 764 1635 820 feminarum
1667 760 1957 819 connubio

300 858 632 916 vacillando
663 872 809 930 pene
833 859 1016 913 totam
1044 854 1359 911 Ecclesiam
1393 857 1595 910 contra
1620 867 1681 909 se
1703 850 1957 908 concita-

301 949 402 1005 vit.
442 948 532 1003 Ob
567 946 623 1003 id
648 947 762 1004 duo
787 943 1222 1016 metropolitani
1245 942 1501 1014 episcopi
1532 941 1872 997 Trevericus
1895 943 1952 996 et

304 1033 632 1104 Colonicus,
680 1032 1119 1090 Theuthaudius
1176 1035 1234 1086 et
1295 1030 1606 1087 Guntharis
1663 1029 1951 1085 sententia

302 1124 621 1196 apostolica
655 1122 932 1178 damnati.
961 1123 1159 1177 Coetus
1209 1118 1515 1190 synodales
1551 1119 1796 1175 subinde
1819 1133 1951 1174 evo-

302 1214 433 1270 cati.
493 1213 749 1269 Patruus
795 1209 921 1281 ejus
972 1208 1451 1282 praeclarissimus
1484 1208 1537 1263 in
1574 1207 1809 1277 regibus
1852 1209 1951 1263 Ca-

304 1300 463 1357 rolus
510 1314 642 1357 eum
693 1300 744 1356 ei
800 1298 1013 1356 saniori
1073 1295 1316 1354 consilio
1367 1310 1594 1368 semper
1642 1293 1950 1352 consulere

301 1389 500 1460 vellet,
536 1385 1207 1456 nihilominusjuvenilis
1238 1385 1462 1442 animus
1493 1384 1562 1440 ad
1588 1384 1946 1455 voluptatem

303 1491 564 1551 princeps
616 1477 941 1546 resisteret,
974 1477 1208 1532 tandem
1262 1475 1517 1545 vincere,
1549 1473 1750 1531 volens
1779 1479 1944 1531 extra

297 1566 605 1624 consilium
656 1565 820 1622 Italia
873 1565 1189 1636 ingressus,
1225 1565 1296 1620 ad
1347 1565 1585 1619 fratrem
1638 1565 1946 1636 imperato-

299 1671 413 1714 rem
439 1657 548 1726 ire,
576 1657 971 1713 Beneventum
1007 1654 1368 1726 aggreditur.
1396 1652 1698 1710 Piissimus
1720 1668 1823 1709 rex
1846 1655 1945 1710 Ca-

2073 507 2206 581 que,
2232 494 2320 550 vir
2340 495 2484 552 satis
2504 497 2762 556 honestae
2789 500 2985 557 forma:
3003 501 3253 575 juvenis,
3279 521 3384 563 rex
3404 494 3711 581 Aquitanis

2065 579 2181 647 jam
2208 585 2586 655 constitutus,
2615 587 2856 644 adversa
2886 587 3132 661 primum
3163 579 3506 656 molestatus
3532 604 3589 656 et
3614 602 3710 658 de-

2070 669 2411 729 honestatus
2455 674 2684 746 injuria,
2729 677 2992 733 moritur.
3038 681 3200 737 Anno
3230 681 3425 753 itaque
3447 687 3709 745 lncarna-

2071 757 2242 816 tionis
2289 762 2597 820 Dominieas
2621 766 3106 836 octingentesimo
3134 772 3492 841 sexagesimo
3519 781 3704 850 sexto,

2069 853 2349 916 regnante
2371 853 2572 908 eodem
2599 853 2804 910 Carolo
2827 855 3096 912 Ludovici
3121 856 3382 928 filio,duo
3405 861 3504 918 filii
3529 864 3704 937 illius,

2001 953 2003 955 ·
2070 940 2128 991 ut
2161 937 2378 996 dictum
2408 945 2518 1011 est,
2552 942 2900 1000 moriuntur.
2917 945 3236 1016 ‘Lotharius
3257 949 3437 1008 abbas
3457 957 3515 1008 et
3544 954 3707 1012 Caro-

2067 1024 2156 1082 lus
2180 1041 2280 1082 rex
2305 1029 3078 1102 Aquitanorum,avunculus
3101 1052 3330 1108 quoque
3353 1039 3479 1109 ejus
3500 1042 3707 1101 Rodul-

2069 1115 2213 1185 phus
2234 1117 2602 1177 consiliarius
2628 1122 2961 1193 primusque
2987 1122 3184 1194 palatii
3209 1127 3494 1186 hominem
3519 1133 3700 1189 exuit:

2064 1219 2282 1261 necnon
2315 1211 2371 1261 et
2401 1209 2739 1280 Rodulpbus
2761 1211 3232 1285 archiepiscopus
3257 1217 3699 1287 Aquitanorum.

2064 1295 2130 1348 Et
2161 1295 2274 1350 duo
2298 1297 2589 1368 principes
2630 1300 2979 1372 Aquitaniei,
3008 1303 3323 1362 Landricus
3344 1311 3402 1362 et
3433 1309 3600 1368 Muno
3622 1313 3704 1369 in-

2061 1386 2152 1438 ter
2181 1399 2240 1440 se
2270 1385 2612 1443 dimicantes
2639 1394 2820 1445 semet
2855 1390 3214 1448 interimunt.
3250 1395 3543 1456 Robertus
3564 1415 3704 1471 quo-

2060 1487 2170 1542 que
2193 1477 2368 1544 atque
2395 1475 2750 1548 Ranulphus,
2780 1477 2884 1534 viri
2910 1479 3070 1537 mira:
3103 1484 3380 1552 potentiae
3411 1487 3704 1561 armisque

2059 1563 2314 1618 strenuis
2353 1569 2409 1618 ct
2455 1564 2606 1620 inter
2650 1565 2995 1638 primosipsi
3028 1569 3253 1640 priores
3285 1573 3702 1636 Northmanno-

2037 1648 2205 1721 'rum,
2233 1651 2425 1721 gladio
2449 1659 2748 1711 necantur.
2776 1656 3033 1728 Denique
3072 1659 3396 1733 Lotharius,
3423 1670 3557 1723 ante
3579 1668 3702 1725 obi-

297 1744 453 1802 rolus
484 1745 543 1800 in
578 1745 685 1801 hoc
718 1743 928 1800 itinere
965 1743 1090 1814 ejus
1121 1742 1390 1812 assensit,
1425 1741 1472 1797 si
1505 1742 1654 1798 forte
1684 1741 1776 1798 vel
1809 1758 1942 1800 con-
1971 1755 2024 1816 Β
2057 1745 2177 1796 tum
2203 1741 2386 1812 patris
2407 1743 2494 1799 sui
2519 1743 2790 1801 Ludovici
2821 1745 3209 1820 imperatoris,
3235 1749 3459 1810 decimo
3489 1759 3695 1816 octavo

293 1833 421 1891 silio
453 1832 751 1906 pontificis
802 1833 1037 1889 Romani
1088 1834 1400 1904 superatus
1436 1829 1692 1900 tandem,
1727 1846 1756 1887 a
1789 1847 1851 1888 re
1884 1832 1948 1886 il-

294 1923 446 1979 licita
475 1921 847 1993 quiesceret:
885 1920 1149 1992 plurimis
1193 1924 1386 1975 tamen
1433 1919 1724 1991 episcopis
1763 1921 1949 1978 Gallo-
1987 1945 1993 1956 η

293 2028 416 2070 rum
445 2011 1014 2082 contradicentibus,
1049 2012 1145 2082 qui
1175 2010 1386 2082 spiritu
1419 2010 1517 2065 Dei
1547 2011 1688 2066 tacti
1721 2012 1947 2082 perieu-

294 2100 405 2159 lum
427 2101 709 2172 generale
734 2101 788 2155 in
813 2099 1075 2157 Ecclesia
1090 2098 1192 2155 Dei
1215 2099 1356 2154 oriri
1384 2099 1692 2169 timebant,
1713 2113 1784 2155 ne
1809 2115 1951 2172 pon-

292 2190 431 2246 tifex
462 2190 759 2246 Romanus
787 2189 1081 2246 favoribus
1113 2187 1424 2245 inclinatus
1447 2203 1476 2244 a
1507 2186 1945 2248 definitionibus

294 2279 529 2351 pietatis
553 2279 962 2348 exorbitando,
1001 2279 1269 2334 Romanae
1317 2278 1588 2335 Ecclesiae
1619 2277 1828 2335 vulnus
1855 2294 1943 2336 er-

292 2369 436 2426 roris
465 2367 778 2437 indigeret.
813 2367 1079 2423 Perrexit
1114 2369 1439 2424 secundum
1470 2367 1699 2426 libitum
1749 2384 1938 2440 suum,

289 2457 398 2527 egit
426 2457 584 2528 apud
611 2455 927 2512 Ecelesiam
953 2457 1268 2513 Romanam
1294 2455 1446 2528 quod
1470 2455 1521 2512 ei
1550 2471 1653 2528 pro
1676 2462 1940 2529 tempore

283 2545 500 2616 justum
530 2544 736 2601 visum.
771 2544 880 2600 Sed
923 2559 1052 2600 cum
1086 2545 1328 2615 rediret,
1366 2544 1525 2600 falsis
1554 2547 1770 2616 spebus
1802 2546 1940 2603 inci-

285 2637 461 2701 tatus,
493 2633 690 2690 divino
720 2633 934 2688 indicio
964 2632 1310 2703 infirmatus,
1345 2649 1528 2704 usque
1580 2633 1935 2691 Placentiam

283 2723 577 2778 civitatem
611 2721 898 2793 pervenit,
935 2721 1130 2792 ibique
1161 2721 1472 2779 defunctus
1506 2722 1560 2776 in
1591 2723 1838 2779 ecclesia
1872 2725 1930 2782 B.

284 2810 554 2868 Antonini
587 2810 861 2882 martyris
911 2811 1214 2882 sepelitur.
1246 2813 1410 2868 Anno
1450 2812 1935 2882 octingentesimo

284 2901 644 2972 sexagesimo
689 2899 944 2958 secundo
991 2914 1230 2970 regnum
1277 2900 1402 2971 ejus
1447 2901 1686 2971 gloriosi
1741 2905 1930 2975 patrui

284 2990 402 3061 ejus
430 2989 587 3046 inter
615 3005 675 3047 se
705 2989 990 3046 dividunt.
1026 2991 1096 3045 At
1128 2988 1452 3047 Ludovicus
1475 2990 1817 3062 imperator,
1849 2993 1930 3049 in-

2060 1844 2208 1885 anno
2232 1834 2443 1888 unctus
2465 1833 2536 1887 ab
2560 1831 2930 1906 imperatore,
2954 1839 3079 1893 tres
3101 1836 3247 1895 filios
3269 1854 3342 1895 ex
3363 1841 3699 1914 Ermengar-

2059 1921 2129 1974 de
2153 1919 2408 1989 Hugonis
2434 1919 2548 1976 ﬁlia
2571 1921 2794 1978 habuit.
2820 1924 2928 1990 Qui
2951 1924 3217 1984 dividens
3239 1942 3480 1998 regnum
3509 1935 3695 2003 patris

2055 2023 2183 2063 eum
2212 2009 2460 2065 fratibus
2499 2010 2637 2082 suis,
2663 2011 2886 2082 accepit
2917 2027 3156 2083 regnum
3204 2017 3610 2093 Romanorum,
3634 2029 3694 2080 et

2057 2100 2237 2152 totam
2263 2097 2570 2167 Italiam,et
2597 2099 3098 2171 partenizFranciae
3119 2103 3697 2179 orientalem,totam-

2057 2200 2167 2254 que
2195 2186 2564 2256 provinciam.
2601 2188 2922 2246 Ludovicus
2948 2205 3089 2247 vero
3135 2198 3352 2264 praeter
3399 2197 3690 2272 Noricam,

2055 2289 2223 2344 quam
2250 2275 2520 2346 habebat,
2545 2277 2733 2333 tenuit
2760 2293 2936 2348 regna
2966 2295 3094 2350 qua)
3127 2286 3292 2353 pater
3313 2299 3455 2344 suus
3483 2286 3564 2342 illi
3597 2289 3695 2347 de-

2053 2364 2240 2433 derat,
2269 2365 2324 2420 id
2353 2371 2439 2422 est
2471 2365 3279 2443 Alamanniam,Thoringiam,
3307 2375 3689 2449 Austrasiam,

2053 2455 2378 2526 Saxoniam,
2403 2458 2458 2512 et
2485 2457 2826 2526 Avarorum,
2852 2457 2907 2513 id
2929 2462 3017 2514 est
3041 2459 3398 2533 Hunnorum,
3425 2478 3686 2535 regnum.

2051 2542 2291 2600 Carolus
2313 2559 2542 2614 quoque
2567 2545 2938 2603 medietatem
2980 2548 3233 2606 Francia:
3274 2551 3346 2607 ab
3383 2553 3688 2612 occidente

2048 2637 2103 2687 et
2126 2636 2309 2688 totam
2333 2633 3114 2706 NeustriamBritanniam,et
3141 2639 3444 2697 maximam
3459 2647 3686 2713 partem

2049 2721 2434 2791 Burgundiae:
2481 2723 2720 2793 Cotiam,
2764 2725 3122 2796 Vasconiam,
3157 2728 3530 2798 Aquitaniam
3554 2733 3688 2789 sub-

2045 2815 2201 2866 moto
2242 2811 2372 2867 inde
2414 2811 2658 2883 Pippino
2705 2811 2822 2869 lilio
2851 2813 3099 2884 Pippini,
3128 2820 3187 2870 et
3234 2817 3290 2871 in
3333 2821 3687 2878 monasterio

2044 2902 2097 2955 S.
2126 2900 2378 2956 Medardi
2403 2905 2654 2957 attonso.
2683 2901 2781 2969 Cui
2807 2904 3008 2972 postea
3033 2902 3165 2959 inde
3190 2919 3293 2974 per
3316 2905 3508 2976 fugam
3529 2908 3687 2980 elap-

2040 3006 2138 3046 sus
2162 2990 2216 3044 in
2240 2987 2608 3058 Aquitaniam
2632 3001 2934 3057 regressus
2957 2988 3140 3046 multo
3168 2995 3430 3064 tempore
3465 2995 3686 3066 fugien-

281 3092 515 3150 gressus
563 3081 978 3147 Beneventum,
1028 3091 1177 3133 anno
1231 3075 1651 3134 lncarnationis
1703 3079 1924 3135 Domini
1955 3109 2005 3172 Ο
2041 3080 2114 3136 do
2137 3077 2327 3134 latuit.
2357 3078 2688 3147 Iterumque
2712 3092 2742 3132 a
2768 3077 3071 3149 Ranulpno
3105 3082 3348 3150 praefato
3379 3097 3482 3154 per
3511 3083 3681 3143 [idem

284 3167 766 3238 octingentesimo
796 3166 1155 3236 sexagesimo
1182 3170 1407 3237 octavo,
1441 3181 1586 3237 pene
1618 3168 1807 3224 omnia
1834 3184 1926 3226 ca-

284 3257 447 3315 stella
497 3262 556 3312 et
605 3256 817 3328 oppida
865 3255 1424 3324 Beneventanorum,
1457 3271 1586 3326 quae
1615 3271 1644 3311 a
1694 3258 1928 3314 Francis

287 3350 653 3405 recesserant
679 3345 1094 3416 Saracenisque
1122 3360 1184 3401 se
1208 3343 1543 3415 junxerant,
1571 3347 1677 3401 sub
1706 3346 1925 3404 ditione

282 3451 378 3493 sua
403 3435 654 3507 recepit,
681 3433 803 3491 loca
827 3438 1317 3505 sanctorum,quw
1359 3433 1515 3504 impii
1547 3435 1820 3492 Saraceni
1860 3453 1924 3495 ac

285 3525 485 3596 perfidi
520 3523 834 3580 Christiani
861 3523 1346 3595 contaminarant,
1381 3524 1494 3580 Deo
1545 3525 1812 3595 adjutore
1844 3527 1924 3582 in-

280 3614 598 3670 staurando
625 3619 682 3669 et
716 3614 1100 3670 restaurando
1134 3613 1420 3684 purgavit.
1453 3613 1722 3671 Nieolaus
1750 3631 1918 3688 papa,

277 3701 361 3758 vir
392 3703 676 3774 religione
711 3703 1057 3775 przeeipuus,
1092 3703 1354 3758 moritur.
1391 3704 1470 3758 Ac
1519 3702 1572 3758 in
1605 3704 1755 3760 atrio
1786 3718 1919 3761 ante

279 3797 474 3863 portas
524 3795 582 3848 Β.
635 3793 814 3863 Petri,
859 3807 969 3848 non
1024 3791 1248 3862 longea
1298 3791 1572 3848 membris
1621 3793 1917 3850 Benedicti

281 3881 726 3952 pradecessoris
740 3881 826 3938 sui
845 3880 1145 3953 sepelitur.
1166 3879 1265 3950 Cuj
1277 3885 1470 3936 ustem
1480 3895 1618 3952 pore
1632 3881 1916 3939 translata

274 3976 400 4027 sunt
435 3973 692 4028 membra
722 3975 1054 4028 sanctorum
1087 3970 1316 4026 Eusebii
1359 3985 1423 4026 ac
1455 3971 1719 4027 Pontiani
1753 3972 1918 4028 Vien-

275 4061 527 4130 natibus,
557 4065 614 4116 et
644 4061 699 4116 in
732 4059 968 4117 basilica
994 4058 1389 4131 apostolorum
1421 4064 1762 4117 reverenter
1783 4076 1918 4118 con-

276 4147 414 4205 dita.
446 4149 591 4207 Huic
639 4148 930 4206 Adrianus
957 4148 1011 4204 in
1058 4148 1371 4220 episc0pali
1400 4149 1604 4206 ordine
1630 4149 1910 4207 succedit.

273 4237 408 4295 Pius
434 4244 492 4295 et
525 4237 776 4310 inclytus
805 4251 907 4294 rex
955 4237 1212 4308 Carolus,
1244 4236 1462 4308 aliquot
1507 4253 1685 4296 annos
1714 4239 1916 4296 adver-

271 4340 370 4384 sus
397 4327 586 4385 Danos
614 4331 791 4399 atque
820 4327 1244 4383 Northmannos
1290 4325 1464 4383 variis
1492 4327 1801 4386 eventibus
1833 4329 1915 4386 di-

270 4414 508 4488 micans,
541 4421 773 4489 pontem
798 4416 958 4472 mirae
984 4415 1275 4472 firmitatis
1297 4419 1603 4473 adversum
1634 4415 1911 4489 impetum

268 4518 467 4563 eorum
516 4520 694 4578 super
740 4505 977 4563 fluvium
1032 4508 1352 4578 Sequanam
1411 4504 1534 4560 fieri
1580 4505 1908 4577 constituit,

267 4595 475 4669 positis
501 4593 557 4654 in
599 4595 908 4669 utriusque
953 4595 1244 4668 capitibus
1271 4591 1528 4652 castellis
1557 4594 1911 4652 artificiosis-

265 4684 408 4742 sime
439 4685 716 4757 fundatis,
749 4685 804 4742 in
833 4684 1042 4758 quibus
1069 4684 1139 4740 ad
1169 4683 1493 4741 custodiam
1526 4681 1685 4753 regni
1715 4683 1910 4754 prasi-

267 4771 357 4831 dia
380 4774 673 4848 deposuit.
702 4771 885 4845 Hujus
908 4773 984 4846 pii
1009 4773 1164 4844 regis
1185 4771 1442 4830 studium
1468 4786 1614 4844 pene
1640 4771 1694 4828 in
1720 4771 1911 4845 dispo-

267 4863 471 4922 nendis
497 4862 690 4923 causis
719 4862 1135 4922 ecclesiasticis
1159 4861 1442 4919 hactenus
1470 4860 1674 4933 viguit.
1708 4862 1810 4920 Hic
1839 4877 1911 4918 ex

268 4952 464 5023 regina
513 4953 901 5010 Ermentrude
942 4956 1193 5024 quatuor
1221 4949 1369 5008 ﬁlios
1396 4951 1651 5024 suscepit
1683 4969 1696 5007 :
1732 4951 1914 5008 Ludo-

266 5040 477 5113 vicum,
530 5041 820 5113 Carolum,
873 5039 1314 5098 Carlomannum
1355 5044 1413 5097 et
1445 5039 1797 5097 Lotharium.
1832 5041 1913 5096 Ex

267 5128 356 5188 his
381 5131 500 5188 Deo
529 5131 584 5187 in
624 5129 883 5188 clericali
912 5128 1120 5188 habitu
1145 5129 1291 5187 duos
1317 5127 1553 5199 obtulit,
1588 5127 1915 5186 Carloman-

271 5233 421 5291 num,
445 5224 506 5278 et
531 5219 868 5278 Lotharium
894 5238 906 5275 :
934 5219 1033 5279 sed
1058 5216 1381 5290 Lotharius,
1408 5232 1552 5294 puer
1576 5219 1738 5277 bona)
1762 5218 1914 5277 indo-

582 5475 845 5549 Pnnon.
872 5480 1148 5549 CXXIII.

1945 4463 1996 4524 D

2040 3169 2321 3238 deceptus
2334 3171 2508 3236 est,et
2526 3166 2595 3223 ad
2613 3165 2878 3223 Carolum
2893 3167 3538 3239 adductus,Silvanecto
3553 3188 3683 3245 per-

2041 3261 2218 3329 petuo
2239 3261 2328 3314 est
2351 3255 2556 3313 exsilio
2581 3256 3212 3315 detrusus.Ludovicus
3231 3273 3371 3315 vero
3395 3275 3499 3317 rex
3519 3263 3681 3319 Nori-

2036 3346 2326 3416 corum,id
2351 3351 2438 3402 est
2467 3344 3203 3415 Bajovariorum,Ludovici
3228 3347 3596 3419 imperatoris
3619 3352 3680 3408 li-

2038 3436 2168 3505 lius,
2192 3451 2340 3492 anno
2365 3434 2782 3492 lncarnationis
2802 3434 3022 3490 Domini
3045 3435 3529 3507 octingentesimo
3553 3453 3682 3512 sep-

2036 3524 2358 3594 tuagesimo
2380 3527 2586 3580 octavo
2626 3537 2866 3593 regnum
2910 3524 3063 3580 inter
3105 3523 3254 3582 filios
3282 3541 3418 3584 suos
3458 3511 3678 3600 divisit,

2036 3614 2477 3670 Carlomannum
2502 3610 3153 3682 videlicet,Ludovicum
3175 3618 3234 3670 et
3259 3615 3681 3689 Carolum,ipse

2032 3708 2225 3758 tamen
2250 3715 2426 3772 super
2450 3700 2598 3757 ﬁlios
2632 3700 3021 3771 principatum
3052 3706 3276 3760 tenens.
3304 3705 3468 3760 Anno
3489 3706 3682 3762 incar-

2034 3791 2284 3847 nationis
2308 3789 2529 3844 Domini
2551 3788 3035 3858 octingentesimo
3075 3791 3505 3862 septuagesimo
3527 3806 3679 3851 nono

2031 3896 2103 3937 ex
2127 3881 2232 3935 hac
2255 3879 2372 3934 vita
2397 3877 2668 3946 decessit,
2688 3881 2743 3932 et
2770 3881 3000 3934 mortuo
3017 3877 3134 3947 jam
3159 3877 3278 3935 lilio
3297 3879 3424 3948 ejus
3446 3880 3673 3954 Carolo,

2031 3968 2239 4040 reliqui
2265 3967 2364 4023 ﬁlii
2390 3980 2629 4036 regnum
2653 3965 2780 4036 ejus
2801 3967 3068 4036 sequenti
3093 3981 3241 4023 anno
3265 3967 3420 4025 inter
3441 3982 3506 4026 se
3519 3970 3676 4042 apud

2029 4058 2469 4114 Ambianensem
2513 4055 2714 4112 urbem
2757 4070 2920 4126 aqua
2949 4060 3106 4114 sorte
3139 4056 3494 4128 partiuntur.
3520 4059 3671 4126 Quo-

2029 4162 2154 4205 rum
2179 4145 2413 4216 alter,id
2434 4149 2523 4202 est
2548 4144 3025 4217 Ludovicus,post
3048 4150 3173 4204 tres
3196 4160 3377 4206 annos
3399 4148 3669 4208 moritur.

2026 4241 2207 4294 Porro
2231 4237 2412 4292 frater
2436 4233 2618 4306 ipsius
2639 4234 2910 4291 Ludovici
2937 4233 3479 4307 Carolus,Ludovici
3496 4239 3675 4312 impe-

2027 4326 2241 4383 ratoris
2261 4323 2591 4394 filius,anno
2614 4323 3036 4381 lncarnationis
3059 4325 3282 4382 Domini
3307 4326 3675 4398 octingente-

2030 4416 2173 4474 simo
2205 4412 2630 4485 septuagesimo
2677 4412 2924 4484 septimo
2957 4413 3228 4484 moriens,
3260 4414 3581 4487 reliquerat
3612 4418 3675 4472 li-

2028 4505 2167 4562 lium
2193 4501 2565 4571 Ludovicum,
2593 4501 2689 4573 qui
2732 4501 2934 4557 eodem
2961 4515 3111 4558 anno
3139 4517 3381 4573 regnum
3414 4505 3676 4578 suscepit

2022 4597 2349 4666 paternum.
2377 4593 2500 4658 Quo
2522 4594 2788 4662 tempore
2807 4590 3056 4648 Joannes
3089 4606 3232 4663 papa
3259 4591 3314 4648 in
3339 4591 3559 4651 Gallias
3577 4607 3672 4650 ve-

2019 4683 2123 4740 nit.
2151 4684 2218 4739 Et
2243 4680 2397 4754 apud
2435 4679 2735 4738 civitatem
2762 4681 2976 4737 Trecas
3017 4679 3120 4738 diu
3153 4684 3416 4740 moratus
3437 4686 3548 4752 est,
3574 4681 3673 4738 ha-

2020 4773 2262 4845 buitque
2275 4771 2553 4843 synodum
2568 4768 3056 4842 episcoporum,in
3072 4784 3184 4842 qua
3198 4771 3674 4830 ImmaurusLau-

2020 4862 2156 4919 duni
2187 4859 2402 4917 Davitti
2432 4857 2764 4930 episcOpus,
2797 4862 2928 4930 post
2960 4857 3318 4918 avulsionem
3367 4858 3667 4918 oculorum

2021 4964 2256 5009 suorum
2289 4947 2634 5021 episcopatu
2664 4953 2754 5005 est
2785 4948 3052 5006 donatus.
3086 4946 3408 5006 Ludovicus
3438 4961 3670 5019 quoque

2023 5038 2176 5096 illius
2199 5035 2410 5108 Caroli,
2441 5035 2707 5093 Carolum
2733 5036 2830 5108 qui
2873 5036 3069 5095 dictus
3088 5040 3178 5094 est
3209 5033 3465 5106 Simplex
3490 5035 3672 5096 hare-

2024 5127 2153 5184 dem
2167 5126 2328 5197 regni
2346 5139 2594 5199 puerum
2620 5123 2860 5184 dimisit.
2879 5125 2987 5193 Qui
3003 5121 3355 5183 Ludovicum
3369 5137 3443 5182 ex
3455 5125 3670 5197 Eagina

2027 5215 2340 5292 Anglorum
2362 5214 2519 5288 regis
2535 5213 2672 5287 filia,
2687 5219 2997 5286 antequam
3020 5215 3232 5283 captus
3251 5218 3428 5287 esset,
3442 5215 3664 5287 genuit.

3146 5472 3184 5535 5
