4086 6178
402 286 505 343 139
1454 281 1507 335 S.
1555 278 1811 336 ADONIS
1851 278 2286 336 ARCHIEPISC.
2329 280 2743 339 VIENNENSIS
3678 290 3806 345 ~uo

1341 511 2019 637 SANCTI
2126 512 2849 679 ADONIS

1626 734 2017 791 VIENNENSIS
2066 734 2567 791 ARCHIEPISCOPI

637 926 3554 1181 MARTYBOLOGIUM

1492 1300 1597 1355 AD.
1627 1299 1770 1356 MSS.
1793 1298 2219 1357 EXEMPLARIA
2242 1298 2663 1357 RECENSITUM

395 403 3799 441 mm

997 1449 1170 1521 Opera
1194 1455 1245 1506 et
1267 1449 1439 1506 studio
1464 1450 1765 1508 Heumann
1790 1450 2067 1508 Roswmm
2114 1449 2458 1522 Ultrajecliui
2503 1448 2774 1507 societatis
2797 1449 2921 1507 Iesu
2943 1447 3188 1522 theologi.

1941 1624 2248 1677 PRECEDIT

960 1782 1367 1887 VETUS
1444 1783 2043 1887 ROMANUM
2135 1782 3221 1891 MARTYROLOGIUM

1276 1975 1543 2050 OPERI
1596 1976 1760 2051 SUO
1840 1977 1957 2049 AB
2008 1976 2307 2051 ADONE
2362 1975 2906 2053 PRZEMISSUM.

1982 2133 2193 2147 .—

1520 2209 1627 2281 (Ex
1670 2207 2028 2267 Bibliotheca
2074 2210 2312 2266 Patrum
2365 2208 2661 2280 maxima.)

1270 2437 1887 2543 EPISTOLA
1988 2438 2888 2543 DEDICATORIA.

1876 2684 1961 2768 S.
2034 2684 2130 2767 D.
2196 2683 2293 2766 N.

630 2915 1292 3085 PAULO
1406 2918 1524 3078 V
1638 2913 2622 3083 PONTIFICI
2743 2914 3535 3082 MAXIMO

1654 3211 2281 3295 BEATITATEM
2351 3212 2502 3293 PP.

441 3421 675 3479 Romam
705 3414 880 3487 redit,
912 3413 1274 3473 sanctissime
1301 3415 1496 3486 Pater,
1532 3413 1686 3487 quod
1716 3415 1909 3473 Romae
1937 3413 2074 3472 olim
2095 3418 2464 3487 conceptum,
2489 3413 2640 3486 quod
2671 3414 2847 3472 Roma
2878 3414 3223 3488 profectum,
3256 3416 3410 3489 quod
3443 3418 3679 3477 Romam
3707 3420 3783 3479 ad

367 3507 609 3581 originis
637 3519 756 3564 suae
783 3504 979 3563 sedem
1009 3503 1316 3561 anhelabat
1346 3505 1548 3575 Vetus,
1581 3502 1639 3559 id
1667 3507 1755 3561 est
1784 3504 2102 3562 Romanum
2124 3501 2635 3576 Martyrologium:
2669 3501 2823 3575 quod
2848 3503 3314 3575 praedecessores
3344 3506 3525 3565 vestri
3555 3522 3781 3568 summa

365 3611 506 3656 cura
536 3596 593 3653 in
637 3595 792 3652 Urbe
819 3592 1151 3665 collectum,
1181 3591 1461 3663 singulari
1495 3591 1607 3648 ﬁde
1634 3592 2052 3665 conscriptum,
2083 3592 2331 3650 maximo
2360 3591 2642 3649 beneficio
2670 3591 2726 3648 in
2754 3591 2992 3649 Romani
3020 3592 3182 3651 orbis
3208 3592 3490 3653 dioeceses
3509 3597 3785 3655 transmi-

312 3704 328 3717 ·
367 3688 590 3744 serunt.
621 3685 690 3741 Et
718 3697 858 3741 vero
886 3681 1039 3738 redit
1069 3681 1139 3738 ad
1170 3680 1367 3739 solem
1416 3679 1634 3752 radius,
1665 3681 1738 3736 ad
1787 3682 2002 3737 fontem
2032 3680 2275 3751 rivulus,
2308 3680 2379 3737 ad
2428 3680 2685 3752 stipitem
2738 3695 2954 3751 ramus,
2983 3681 3056 3738 ad
3082 3681 3293 3740 ccelum
3323 3683 3504 3743 sidus.
3539 3687 3780 3743 Romam

366 3773 542 3847 redit,
573 3771 672 3831 ubi
704 3770 1039 3845 apostolicae
1065 3770 1223 3827 sedis
1244 3769 1425 3827 cardo
1448 3773 1507 3825 et
1535 3775 1711 3843 caput
1750 3770 2036 3837 vertitur;
2079 3770 2178 3827 ubi
2226 3768 2496 3826 veritatis
2539 3769 2724 3840 origo,
2776 3768 2910 3825 ﬁdei
2954 3775 3152 3842 caput,
3201 3770 3463 3830 caelestis
3517 3774 3782 3846 Magistri

364 3864 630 3921 doctrina
659 3864 962 3928 servatur;
992 3859 1090 3917 ubi
1121 3858 1360 3932 pietatis
1379 3858 1536 3928 viget
1566 3857 1783 3931 schola,
1800 3858 1898 3916 ubi
1922 3858 2318 3930 apostolorum
2333 3856 2517 3928 fulget
2540 3857 2879 3929 metropolis
2904 3876 2920 3927 ;
2946 3858 3045 3915 ubi
3065 3857 3387 3917 clarissime
3409 3861 3609 3918 mundi
3636 3861 3783 3920 1am-

364 3953 565 4026 pades,
597 3953 814 4008 Petrus
838 3954 897 4006 et
927 3949 1162 4019 Paulus,
1194 3948 1390 4005 lucent
1440 3948 1748 4020 (Anacl.1,
1778 3948 1947 4019 epist.
1982 3951 2044 4017 3;
2091 3948 2259 4020 Cypr.
2292 3947 2364 4003 de
2407 3946 2569 4003 Unit.
2612 3947 2789 4016 an;
2834 3947 3054 4004 Sozom.
3102 3946 3139 4003 l.
3184 3962 3249 4005 In
3275 3963 3326 4006 c.
3375 3953 3428 4008 7.
3476 3949 3774 4023 Chrysost.

363 4041 516 4101 Item.
549 4045 637 4111 31,
665 4041 734 4097 in
759 4053 836 4095 vn
866 4037 1080 4107 Rom).

387 4168 393 4174 .
436 4126 523 4185 Ad
549 4142 681 4185 eum
711 4126 863 4184 redit
893 4140 924 4182 a
951 4125 1119 4195 cujus
1144 4124 1281 4181 olim
1311 4123 1863 4196 praedecessoribus,
1896 4125 2022 4196 ipso
2068 4123 2363 4182 nascentis
2409 4121 2683 4196 Ecclesia)
2727 4122 2989 4195 exordio,
3021 4124 3305 4197 originem
3337 4125 3501 4185 duxit
3529 4148 3542 4184 :
3577 4142 3608 4186 a
3646 4129 3776 4188 Cle-

364 4220 580 4288 mente,
595 4216 849 4288 inquam,
864 4216 908 4285 l,
925 4216 1179 4271 Romano
1201 4212 1496 4286 pontifice,
1513 4212 1611 4285 qui
1638 4212 1859 4285 primus
1882 4212 2227 4283 regionatim
2250 4212 2512 4269 notarios
2532 4210 2856 4283 distribuit,
2874 4212 3150 4284 quigesta
3174 4218 3493 4288 martyrum
3519 4215 3773 4276 sollicite

363 4311 423 4363 et
449 4305 700 4375 curiose,
732 4318 837 4376 per
863 4317 1025 4361 suam
1056 4303 1301 4374 quisque
1328 4301 1644 4373 regionem,
1680 4301 2110 4374 perquirerent.
2142 4301 2281 4358 Inde
2303 4303 2556 4357 Anteros
2582 4298 2898 4370 diligenter
2929 4303 3251 4374 perquisita
3281 4303 3338 4360 in
3369 4303 3769 4364 ecclesiastica

361 4392 655 4452 tabularia
682 4390 905 4449 retulit.
932 4393 1068 4448 Post
1097 4390 1382 4448 Fabianus
1408 4390 1681 4461 majorem
1711 4404 1942 4462 quoque
1966 4404 2167 4448 curam
2196 4388 2459 4447 adhibuit
2490 4402 2562 4445 ne
2589 4387 2729 4459 quid
2757 4388 3028 4448 simulata
3057 4390 3171 4449 fide
3200 4393 3512 4466 irreperet,
3547 4394 3772 4469 perspi-

362 4496 532 4542 caces
559 4481 819 4553 ﬁdosque
843 4480 991 4539 cibis
1017 4480 1389 4537 diaconorum
1415 4478 1617 4537 oculos
1645 4478 1890 4537 notariis
1918 4477 2304 4550 adiungendo.
2337 4478 2462 4546 Quo
2492 4476 2727 4549 quidem
2755 4492 2994 4536 munere
3025 4480 3197 4538 fortia
3233 4487 3569 4541 sanctorum
3614 4483 3765 4542 facta

361 4571 695 4643 colligendi,
714 4575 776 4627 ut
798 4568 941 4627 nihil
964 4569 1262 4641 antiquius
1283 4569 1437 4641 apud
1461 4573 1676 4626 sanctae
1699 4570 1969 4625 Romanas
1992 4567 2265 4627 Ecclesiae
2307 4566 2591 4641 praesules
2619 4565 2749 4638 fuit,
2776 4567 2855 4624 ita
2896 4566 3039 4623 nihil
3054 4557 3405 4640 praeclarius
3425 4571 3642 4645 suscipi
3667 4587 3769 4646 po-

361 4661 499 4733 tuit,
531 4675 703 4732 quam
734 4674 934 4717 eorum
964 4659 1296 4720 memoriam
1321 4657 1655 4730 posteritati
1680 4655 2109 4727 commendare,
2137 4671 2381 4728 quorum
2405 4655 2626 4739 animas
2647 4653 2706 4709 in
2726 4653 2939 4711 coelum
2962 4659 3253 4730 receptas,
3277 4661 3337 4715 et
3363 4659 3463 4716 Dei
3487 4658 3782 4718 fruitione‘

364 4751 567 4807 beatas
588 4748 907 4821 loquuntur
933 4746 1231 4819 miracula,
1260 4746 1472 4803 votivas
1499 4749 1795 4802 testantur
1821 4743 2061 4817 tabulae,
2093 4748 2157 4807 ut
2188 4759 2303 4801 non
2330 4747 2450 4800 tam
2473 4742 2566 4815 pie
2596 4741 2653 4798 id
2679 4742 2947 4814 credere,
2974 4758 3146 4816 quam
3170 4746 3473 4805 verissime
3494 4748 3762 4820 proﬁteri

364 4839 668 4909 possimus.
686 4838 911 4895 Habent
935 4836 1088 4893 enim
1112 4835 1305 4892 nescio
1328 4848 1498 4905 quam
1518 4833 1632 4890 vim
1656 4833 1727 4889 ad
1749 4832 2121 4890 excitandum
2144 4833 2237 4891 vel
2259 4831 2586 4902 augendum
2609 4830 2665 4886 in
2680 4831 2974 4890 mentibus
2996 4832 3255 4892 fidelium
3270 4832 3517 4895 internas
3532 4836 3768 4909 religio-

365 4925 453 4982 nis
472 4926 762 4998 ardorem,
786 4928 849 4982 ut
876 4916 1155 4996 praeclare
1182 4922 1317 4980 olim
1346 4921 1516 4978 divus
1540 4922 1653 4977 Leo
1678 4920 1979 4993 scripserit
2009 4920 2166 4994 (Leo,
2187 4934 2361 4979 carm.
2393 4919 2465 4976 de
2487 4919 2558 4977 S.
2589 4920 2770 4978 Later.
2793 4936 2819 4990 ;
2846 4921 3111 4980 Ambros.
3142 4937 3318 4983 eorm.
3353 4928 3441 4997 39,
3472 4927 3545 4985 de
3567 4926 3767 4986 Naza-

361 5011 456 5068 rio
482 5013 543 5068 et
568 5014 777 5086 Celso).
802 5011 889 5069 Ad
913 5010 1295 5069 erudiendum
1318 5009 1418 5065 Dei
1440 5007 1738 5081 populum,
1764 5007 2055 5065 nullorum
2078 5012 2167 5065 est
2192 5007 2395 5065 utilior
2416 5007 2597 5065 forma
2622 5022 2792 5080 quam
2816 5014 3135 5083 martyrum
3169 5012 3505 5086 eloquentia
3532 5036 3545 5071 :
3578 5014 3769 5074 facilis

366 5098 437 5153 ad
461 5099 885 5159 exhortandum
908 5098 983 5157 sit
1006 5097 1176 5168 ratio,
1201 5097 1402 5155 efﬁcax
1431 5096 1501 5153 ad
1526 5095 2205 5168 suadendum,validiora
2219 5100 2413 5152 tamen
2434 5099 2568 5153 sunt
2593 5096 2859 5169 exempla
2881 5113 3051 5170 quam
3075 5103 3253 5160 verba
3287 5122 3301 5158 :
3332 5107 3390 5160 et
3414 5101 3647 5176 plenius
3672 5107 3765 5163 est

363 5198 542 5257 opere
567 5185 774 5244 docere
797 5202 968 5260 quam
990 5200 1150 5245 voce.
1167 5186 1391 5242 Habent
1413 5188 1471 5241 et
1497 5184 1675 5240 robur
1688 5183 1781 5242 vel
1804 5184 2112 5242 maximum
2125 5184 2195 5241 ad
2221 5183 2500 5254 majorum
2516 5182 2687 5242 fidem
2709 5185 3048 5257 pectoribus
3069 5188 3342 5261 primitus
3369 5191 3765 5266 inserendam,

362 5272 646 5330 tenacius.
664 5276 868 5347 Magni,
885 5276 1070 5348 inquit
1101 5288 1343 5346 magnus
1369 5272 1727 5346 Ambrosius,
1746 5273 1988 5347 periculi
2012 5288 2110 5331 res
2128 5277 2238 5344 est,
2255 5272 2302 5330 si
2328 5274 2457 5344 post
2480 5272 2897 5344 prophetarum
2921 5278 3179 5349 oracula,
3209 5283 3339 5352 post
3364 5280 3765 5353 apostolorum

362 5362 715 5432 testimonia,
769 5368 894 5435 post
946 5368 1266 5437 martyrum
1311 5362 1572 5435 vulnera,
1622 5366 1879 5420 veterem
1927 5362 2099 5419 fidem
2145 5361 2309 5435 quasi
2357 5358 2641 5417 novellam
2692 5358 2989 5422 discutere
3017 5380 3366 5439 praesumus;
3395 5372 3454 5426 et
3484 5373 3614 5442 post
3642 5373 3764 5427 tam

364 5450 699 5510 manifestos
719 5450 914 5521 duces,
941 5451 995 5509 in
1018 5466 1217 5513 errore
1241 5467 1578 5527 permaneas
1601 5471 1614 5509 :
1639 5455 1696 5510 et
1721 5454 1850 5526 post
1873 5450 2240 5511 morientium
2264 5447 2526 5521 sudores,
2541 5447 2725 5508 otiosa
2748 5449 3143 5525 disputatione
3161 5456 3500 5516 contendas.
3542 5456 3765 5526 Quodsi
