4086 6178
330 227 426 279 141
1363 217 1969 277 MARTYROLOGIUM
2013 218 2152 274 CUM
2202 220 2713 280 ADDITAMENTIS
3635 246 3739 299 142

328 347 464 405 olim
485 346 736 407 illustris
757 345 890 404 ﬁdei
915 346 1135 404 athleta
1161 345 1532 415 Athanasius,
1552 345 1756 414 ingens
1775 343 1888 399 sibi
1912 343 2138 399 lucrum
2161 347 2217 399 et
2245 343 2562 402 utilitatem
2589 346 2776 420 duxit,
2807 353 2961 422 quod
2988 357 3157 415 unius
3180 360 3598 422 recordaretur
3621 368 3734 424 An-

328 437 506 505 tonii;
530 452 678 509 quas
706 436 838 492 ﬁdei
869 436 1144 506 ﬂammas,
1175 449 1322 506 quos
1347 434 1631 527 virtutum
1651 433 1947 527 igniculos
1975 432 2353 527 i_n-hominum
2385 434 2960 527 animisexcitabunt
2981 447 3066 499 tot
3088 453 3403 519 martyrum
3424 453 3728 527 trabeata,

325 531 415 582 tot
446 531 810 599 purpurata,
828 529 916 582 tot
932 527 1417 591 russataturma,
1433 523 1541 577 sub
1567 521 1738 578 unius
1759 520 1892 577 fidei
1917 519 2179 577 rutilanti
2205 521 2492 579 ﬂammula
2517 525 2852 599 militantes,
2868 534 2926 585 et
2950 531 3197 590 diversis
3217 536 3476 596 victoria
3498 519 3732 599 coronis

327 615 772 686 insignita?tot
815 615 1236 683 confessorum,
1262 615 1351 702 tot
1393 610 1682 702 virginum
1732 613 2080 702 praetextata
2123 609 2368 680 agmina,
2397 611 2450 666 in
2481 613 2742 672 diversas
2761 618 3038 677 cohortes
3077 621 3319 695 tributa,
3351 625 3727 702 diversasque

332 705 623 762 virtutum
653 702 976 776 manipulos
1001 717 1133 759 cum
1163 699 1526 759 exultatione
1552 699 2027 756 circumferentia
2054 700 2078 752 ?

397 794 538 850 Inde
567 794 802 861 factum,
830 796 891 849 ut
915 805 1046 848 cum
1072 792 1216 846 Acta
1241 793 1559 861 martyrum
1585 793 1745 845 tanta
1768 803 1907 845 cura
1932 793 1987 843 et
2015 788 2315 859 diligentia
2343 790 2682 863 pcrquisita,
2703 807 2805 864 per
2819 797 3310 858 notariossancta
3333 803 3602 862 Romana
3625 807 3724 864 Ec-

323 881 515 939 clesia
539 880 891 953 conscripta,
909 894 1011 951 per
1034 878 1306 934 diaconos
1328 877 1580 947 cognita,
1597 892 1663 934 ac
1687 879 1916 934 demum
1941 892 2044 950 per
2067 878 2240 948 ipsos,
2270 880 2551 934 Romanos
2574 881 2878 950 pontiﬁces
2901 885 3165 957 probata,
3183 892 3360 958 atque
3376 889 3428 945 in
3452 891 3726 950 Ecclesia

322 971 575 1028 archivis
599 969 923 1040 recondita,
939 969 993 1024 in
1010 968 1350 1025 immensum
1365 971 1799 1036 exarescerent,
1818 967 1992 1021 breve
2007 980 2078 1020 ex
2093 965 2294 1021 iisdem
2311 965 2779 1036 Martyrologium
2793 971 3130 1043 conﬁceret,
3150 975 3401 1045 quodies
3427 982 3651 1037 tantum
3665 986 3722 1038 et

326 1059 490 1116 locus
513 1058 820 1131 passionis,
851 1062 911 1114 ut
935 1056 1108 1112 habet
1135 1058 1189 1113 S.
1215 1056 1548 1127 Gregorius,
1577 1059 1912 1121 notaretur;
1942 1059 2116 1125 atque
2142 1055 2220 1108 ita
2246 1052 2470 1110 facilius
2493 1070 2692 1111 eorum
2723 1059 2995 1116 memoria
3020 1061 3205 1120 sacris
3233 1065 3554 1138 ditptychis
3578 1069 3726 1127 inse-

322 1152 575 1217 reretur,
604 1152 663 1204 et
686 1146 1026 1203 eorumdem
1051 1146 1108 1202 in
1133 1145 1406 1203 Missariis
1429 1144 1726 1202 solemniis
1747 1143 2220 1200 commemoratio
2245 1144 2432 1198 fieret.
2453 1143 2615 1210 Quod
2641 1146 2871 1216 quidem
2895 1151 3363 1223 Martyrologium
3388 1156 3726 1216 Viennensis

321 1236 797 1309 archiepiscopus
817 1234 961 1305 Ado,
978 1249 1108 1291 cum
1133 1236 1420 1291 Ravenna
1441 1231 1878 1303 ecclesiasticis,
1900 1236 1959 1289 ut
1984 1232 2182 1302 credo,
2202 1232 2448 1301 negotiis
2471 1240 2793 1306 occupatus
2814 1243 3174 1311 versaretur,
3192 1255 3222 1296 a
3247 1248 3450 1300 sancto
3474 1246 3723 1316 quodam

319 1327 597 1400 episcopo
621 1327 847 1394 nactus,
874 1322 970 1395 qui
996 1322 1053 1378 id
1076 1337 1107 1378 a
1129 1324 1383 1379 Romano
1406 1322 1681 1394 pontiﬁce
1705 1326 2036 1392 acceperat,
2065 1336 2168 1376 suo
2191 1321 2600 1392 Martyrologio
2631 1326 3045 1395 prati-gendum
3077 1330 3275 1398 duxit;
3299 1331 3424 1401 ejus
3446 1333 3721 1392 videlicet

320 1429 560 1485 memor,
608 1412 760 1484 quod
804 1413 877 1468 ab
921 1411 1259 1468 Innocentio
1287 1413 1308 1466 Ι
1337 1410 1473 1467 olim
1503 1411 1786 1482 scriptum
1819 1429 1830 1464 :
1865 1411 2088 1480 (Innoc.
2121 1411 2162 1478 l,
2187 1410 2354 1480 epist.
2384 1414 2476 1477 25,
2505 1408 2586 1464 ad
2607 1409 2900 1479 synodum
2928 1410 3234 1483 C'Italoed.,
3265 1414 3419 1484 apud
3447 1416 3718 1488 August.,

317 1505 548 1576 epist).
575 1504 646 1560 Ut
676 1501 810 1558 inde
836 1506 1130 1560 sumerent
1147 1503 1380 1558 catera
1403 1499 1692 1572 ecclesia,
1708 1499 1865 1556 velut
1892 1499 1962 1554 de
1986 1499 2162 1554 natali
2179 1514 2282 1554 suo
2307 1499 2462 1554 fonte
2477 1512 2641 1568 aqua
2655 1502 2883 1555 cuncta
2898 1501 3308 1573 procederent,
3325 1508 3383 1558 et
3407 1518 3512 1576 per
3531 1504 3721 1563 diver-

317 1607 404 1650 sas
436 1591 628 1650 totius
653 1590 850 1648 mundi
878 1591 1145 1662 regiones
1173 1591 1303 1663 puri
1332 1590 1542 1662 capitis
1570 1591 1927 1660 incorrupta
1955 1592 2343 1644 remanerent.

383 1682 530 1738 Fero
558 1696 713 1737 nunc
741 1680 814 1736 ad
841 1681 1220 1738 Sanctitatem
1246 1681 1508 1737 Vestram
1533 1680 1713 1736 Vetus
1734 1679 1842 1735 hoc
1865 1680 2252 1734 Romanorum
2275 1676 2766 1750 Martyrologium,
2793 1678 2945 1750 quod
2977 1680 3289 1750 Gregorius
3312 1683 3575 1755 pontifex
3601 1700 3718 1744 ma-

315 1771 503 1828 ximus
517 1770 590 1827 ad
603 1771 907 1841 Eulogium
921 1769 1374 1827 Alexandrinum
1389 1769 1726 1842 episcOpum
1739 1768 2022 1838 scribens,
2040 1783 2144 1839 per
2156 1770 2354 1824 orbem
2374 1767 2703 1824 universum
2720 1767 3045 1840 dispersum
3059 1774 3116 1825 et
3131 1771 3354 1842 optavit
3368 1776 3426 1828 et
3439 1773 3712 1832 credidit.

314 1859 455 1915 Fero
485 1859 642 1930 quod
671 1859 796 1915 Ado
828 1858 992 1915 annis
1023 1857 1231 1914 abhinc
1263 1857 1614 1928 octingentis
1633 1859 1783 1914 tanti
1830 1857 1987 1928 fecit,
2017 1863 2077 1914 ut
2100 1857 2434 1914 venerabile
2458 1862 2515 1912 et
2563 1857 2971 1929 perantiquum
3015 1857 3272 1931 duxerit,
3297 1860 3524 1932 sibique
3553 1863 3714 1921 velut

315 1947 497 2019 prima
528 1947 725 2020 operis
751 1948 839 2004 sui
873 1947 1222 2004 lineamenta
1245 1947 1589 2004 adumbrata
1614 1947 2006 2020 proposuerit,
2033 1947 2186 2019 quod
2209 1947 2329 2004 suis
2350 1961 2552 2004 rursus
2582 1947 2879 2004 coloribus
2906 1947 3193 2020 pingeret,
3227 1949 3376 2008 lucis
3403 1951 3715 2024 splendore

317 2034 662 2094 illustraret.
690 2038 834 2092 Fero
859 2035 1012 2108 quod
1037 2035 1109 2092 ad
1133 2035 1285 2092 hunc
1312 2052 1492 2108 usque
1516 2036 1667 2092 diem
1690 2036 1859 2094 latuit
1889 2057 1900 2092 :
1926 2037 2093 2107 cujus
2116 2035 2406 2092 desiderio
2430 2041 2735 2107 tantopere
2761 2037 3042 2106 ﬂagrabat
3068 2036 3386 2095 cardinalis
3407 2039 3709 2112 Baronius,

315 2129 369 2182 ut
392 2127 571 2182 animi
594 2126 682 2184 sui
706 2130 891 2184 testes
911 2125 1144 2184 tabulas
1164 2129 1397 2183 exstare
1419 2126 1624 2197 voluit,
1644 2127 1856 2199 quibus
1868 2127 2152 2183 editorem
2167 2127 2477 2195 excitaret,
2495 2130 2552 2180 et
2576 2125 2824 2195 gratiam
2850 2128 2982 2180 ante
3007 2125 3352 2183 beneﬁcium
3376 2133 3707 2200 reponeret.

315 2216 422 2274 Hoc
442 2215 630 2287 igitur
646 2215 1116 2288 Martyrologium
1141 2215 1413 2272 ﬁdentius
1435 2215 1507 2272 ad
1532 2217 2195 2290 SanctitatemVestram
2215 2217 2434 2285 defero,
2453 2219 2668 2286 quanto
2689 2215 2942 2286 plurium
2960 2215 3435 2285 gravissimorum
3452 2217 3711 2276 virorum

313 2305 636 2380 patrocinio
668 2305 1009 2364 comitatum
1037 2306 1216 2363 venit.

375 2447 630 2519 Adjunxi
659 2448 841 2522 ipsius
862 2449 1078 2506 Adonis
1099 2449 1438 2506 Viennensis
1460 2449 1883 2523 archiepiscopi
1908 2446 2400 2521 Martyrologium,
2426 2463 2493 2504 ea
2518 2446 2628 2503 ﬁde
2651 2461 2907 2520 curaque
2937 2449 3312 2524 recensitum,
3339 2456 3400 2509 ut
3424 2453 3709 2516 aﬂlrmarc

312 2555 417 2597 non
448 2553 659 2596 verear
688 2554 892 2612 parum
921 2538 978 2596 id
1007 2554 1038 2596 a
1066 2539 1288 2596 calamo
1335 2543 1643 2612 menteque
1689 2540 1949 2598 auctoris
1995 2541 2217 2595 abesse.
2249 2539 2537 2594 Intererat
2588 2537 2850 2609 profecto
2879 2537 3237 2609 Reipublica
3267 2541 3609 2602 Christiana
3639 2560 3709 2604 ne

310 2630 444 2702 quid
473 2629 664 2701 magni
695 2630 804 2686 viri
832 2628 1008 2687 titulo
1036 2629 1333 2702 legeretur
1362 2631 1515 2702 quod
1546 2629 1728 2702 ipsius
1755 2645 1866 2685 non
1898 2632 2074 2699 esset,
2107 2645 2176 2684 ne
2207 2628 2346 2699 quid
2366 2631 2712 2699 corruptum
2759 2626 2886 2697 ejus
2929 2629 3156 2685 nomine
3205 2629 3705 2707 circumferretur,

308 2719 495 2777 aliena
522 2725 780 2778 assutum
806 2735 1008 2789 manu;
1034 2736 1104 2776 ne
1127 2720 1236 2776 viri
1260 2721 1673 2778 auctoritatem
1703 2724 1904 2776 secuta
1930 2719 2264 2790 posteritas,
2295 2719 2514 2774 erroris
2537 2717 2826 2774 funiculos
2849 2722 3147 2787 necteret;
3173 2734 3244 2775 ne
3267 2735 3498 2792 quoque
3521 2723 3706 2780 Adoni

308 2808 620 2882 quidquam
649 2808 1108 2881 abjudicaretur,
1139 2809 1233 2866 cui
1264 2809 1654 2866 certissimum
1684 2809 1755 2863 ab
1789 2807 2041 2864 unanimi
2074 2807 2340 2863 codicum
2378 2807 2653 2876 suffragio
2675 2806 3071 2864 testimonium
3096 2812 3269 2865 esset.
3303 2809 3364 2863 Id
3390 2809 3527 2866 olim
3557 2812 3705 2867 tanti

308 2897 438 2955 fecit
487 2897 757 2970 Aloysius
805 2897 1148 2971 Lipomanus
1194 2898 1542 2955 Veronensis
1586 2896 1834 2969 primum
1863 2896 2189 2968 episcopus,
2225 2896 2358 2951 inde
2388 2893 2810 2965 Bergomensis,
2844 2894 2933 2950 vir
2960 2895 3356 2968 gravissimus,
3389 2901 3448 2954 et
3473 2899 3706 2956 concilii

304 2985 621 3044 Tridentini
650 3003 781 3046 cum
811 2987 1050 3058 collegis
1078 3003 1313 3060 prases,
1349 2991 1408 3044 ut
1439 3002 1581 3044 auro
1612 2991 1815 3043 contra
1848 2987 2088 3042 charum
2128 2985 2382 3042 duxerit.

369 3078 506 3134 Hac
533 3077 715 3149 igitur
743 3078 933 3135 omnia
962 3078 1032 3136 ad
1064 3080 1374 3135 Romanam
1411 3077 1606 3135 sedem
1637 3077 1855 3148 defero,
1889 3075 2252 3133 sanctissime
2279 3077 2473 3145 Pater,
2505 3075 2575 3131 ad
2609 3073 2776 3146 cujus
2802 3073 2938 3131 olim
2968 3075 3314 3132 insessorem
3342 3076 3703 3136 Theodorum

304 3179 507 3238 papam
537 3167 795 3224 Africani
828 3169 1030 3224 Patres
1061 3182 1164 3225 sua
1205 3166 1502 3234 detulere;
1529 3181 1797 3238 magnum
1820 3167 2024 3238 utique
2048 3170 2105 3221 et
2131 3165 2560 3222 indeﬁcientem
2582 3165 2849 3221 omnibus
2878 3163 3220 3222 Christianis
3249 3165 3465 3223 ﬂuenta
3495 3166 3704 3225 redun-

303 3254 534 3312 dantem
566 3257 722 3329 apud
751 3255 1127 3330 apostolicam
1159 3256 1354 3315 sedem
1385 3257 1704 3315 consistere
1736 3258 1971 3328 fontem,
2006 3255 2146 3312 nihil
2175 3255 2554 3326 ambigentes.
2588 3255 2666 3308 De
2697 3268 2810 3325 quo
2840 3251 3011 3310 rivuli
3046 3253 3354 3326 prodeunt,
3373 3255 3696 3326 afﬂuenter,

305 3344 635 3403 universum
683 3346 1002 3418 largissime
1053 3347 1365 3419 irrigantes
1409 3349 1608 3405 orbem
1642 3347 2119 3405 Christianorum.
2157 3346 2257 3403 Cui
2291 3345 2464 3401 etiam
2496 3344 2552 3400 in
2598 3344 2874 3401 honorem
2910 3343 3227 3400 beatissimi
3259 3344 3416 3400 Petri
3464 3345 3700 3402 Patrum

301 3431 536 3491 decreta
586 3435 942 3508 peculiarem
989 3451 1214 3494 omnem
1260 3437 1577 3494 decrevere
1625 3436 2032 3508 reverentiam,
2069 3436 2123 3492 in
2176 3434 2544 3506 requirendis
2572 3433 2672 3490 Dei
2702 3436 2896 3490 rebus.
2931 3432 3070 3500 Qua
3101 3433 3332 3490 omnino
3359 3437 3418 3489 et
3449 3432 3699 3490 sollicite

300 3520 532 3594 debent,
570 3525 815 3582 maxime
843 3540 981 3583 vero
1002 3525 1275 3598 justeque
1308 3528 1380 3583 ab
1410 3526 1534 3600 ipso
1565 3525 1879 3600 prasulum
1910 3525 2227 3581 examinari
2263 3525 2484 3581 vertice
2515 3522 2839 3596 apostolico
2871 3543 2881 3577 :
2915 3522 3082 3594 cujus
3103 3527 3336 3580 vetusta
3364 3522 3700 3580 sollicitudo

300 3615 379 3668 est
412 3616 533 3669 tam
563 3613 712 3671 mala
744 3615 1040 3688 damnare,
1075 3631 1244 3688 quam
1275 3618 1523 3689 probare
1558 3616 1866 3674 laudanda.

364 3702 580 3774 Accipe
629 3704 828 3776 igitur,
877 3704 1249 3763 Sanctissime
1295 3708 1489 3777 Pater,
1523 3705 1627 3764 has
1672 3706 1887 3778 primas
1917 3708 2251 3761 sanctorum
2282 3702 2597 3774 primitias;
2626 3705 2684 3757 et
2715 3704 2775 3758 ut
2809 3699 2944 3755 olim
2974 3697 3138 3756 Pauli
3168 3701 3204 3767 1⁸
3219 3699 3502 3756 beneﬁcio
3529 3713 3699 3756 sacra

299 3795 626 3849 sanctorum
657 3793 898 3867 lipsana,
931 3794 1204 3867 collapsis
1231 3799 1526 3854 vetustate
1555 3794 1927 3864 cameteriis,
1961 3808 2064 3865 per
2092 3792 2317 3861 titulos,
2351 3790 2666 3847 diaconias'
2699 3792 2757 3844 et
2791 3787 3112 3843 monateria
3153 3788 3316 3844 fuere
3354 3787 3692 3858 distributa,

303 3882 356 3935 ut
381 3879 501 3938 aris
530 3880 978 3956 honorarentur,
1031 3891 1383 3945 ornarentur
1422 3885 1730 3955 memoriis,
1768 3884 1848 3940 ita
1877 3881 2040 3940 Pauli
2079 3884 2120 3938 V
2155 3880 2499 3937 beneﬁcium
2551 3878 2825 3950 loquatur
2875 3875 3207 3948 posteritas,
3241 3877 3397 3949 quod
3444 3875 3696 3935 latentes

296 3973 627 4028 sanctorum
657 3972 793 4032 vita
822 3974 879 4032 in
907 3979 1172 4048 apertum
1206 3975 1624 4049 producantur,
1658 3979 1715 4034 et
1748 3975 1936 4034 lucem
1967 3973 2271 4047 aspiciant.
2305 3973 2388 4028 Ita
2412 3987 2593 4030 voveo
2626 3989 2636 4024 :

2249 4144 2587 4205 Sanotitati
2624 4143 2836 4204 νάειν-ιε
2863 4144 3103 4205 devotus
3116 4144 3316 4218 ﬁlim.

2637 4236 2998 4294 Hanlnenws
3033 4236 3382 4298 Roswsvnus
3413 4240 3468 4297 S.
3497 4240 3547 4296 J.

1495 4498 1921 4584 LECTORI
1989 4495 2481 4582 SALUTEM.

357 4803 541 4860 Vetus
567 4799 677 4858 hoc
705 4800 1022 4870 Romanum
1053 4795 1528 4870 Martyrologium
1556 4793 1842 4870 expressi
1859 4811 1932 4870 ex
2079 4792 2648 4870 _Etsi‘duos_codic_es
2665 4810 2800 4856 mss.
2821 4796 3221 4870 Martyrologii
3241 4796 3684 4870 Adonishabue-

290 4872 488 4929 codice
513 4887 646 4928 mss.
672 4868 1044 4941 Pantaleonis
1067 4866 1614 4941 qua'ColoniaeD.
1635 4866 1928 4941 Benedicti
2042 4866 2149 4923 rim
2181 4867 2294 4941 (de
2316 4866 2526 4938 quibus
2547 4867 2741 4941 dicam
2791 4868 2860 4924 ad
2904 4866 3095 4941 ipsum
3125 4866 3440 4941 Adonem),
3473 4867 3528 4941 i_n
3559 4866 3682 4925 solo

293 4941 503 5021 familia
531 4942 786 5021 celebris
812 4940 1046 5021 abbatia
1075 4938 1382 5021 est,_quem
1407 4939 1542 5021 mihi
1574 4938 1930 5021 perbenigne
2043 4941 2252 5021 tamen.
2282 4938 2389 5021 hoc
2418 4938 2598 5021 tertio
2629 4940 2680 4994 S.
2713 4938 3118 5021 Pantaleonis,
3141 4943 3311 4996 vetus
3333 4938 3448 5021 hoc
3471 4939 3682 5020 Poma-

292 4983 986 5090 Eafz'viiiﬁsig'é'éié‘hfe‘hfé‘is
1011 4983 1643 5090 subum’isitfi’raﬁxu'm
1665 4983 1773 5090 hoc
1801 4983 1926 5090 earat
2042 5023 2175 5090 num
2206 5007 2678 5090 Martyrologium
2707 4983 3484 5090 comparuitféuarejsjcubi
3513 4983 3680 5090 error

293 5084 508 5161 Adonis
535 5082 969 5161 Martyrologio,
995 5083 1097 5161 cui.
1118 5084 1240 5161 Ad_o
1262 5081 1386 5152 ipse
1410 5080 1925 5161 olim-praﬁxerat,
2042 5077 2253 5159 aliquis
2290 5077 2616 5161 inrepserit,
2649 5077 3000 5161 memineris
3026 5078 3582 5161 quamndliﬂl'ci‘lesit
3607 5095 3681 5137 ex

295 5155 370 5225 uti
399 5159 658 5212 testatur
687 5149 825 5225 'ejus
859 5149 1157 5225 praefatio.
1189 5149 1388 5225 Exeo
1433 5149 1636 5225 codice
1681 5149 1929 5207 Jacobus
2042 5150 2211 5225 unius
2236 5149 2456 5225 codicis
2487 5149 2617 5222 ﬁde,
2645 5167 2772 5225 qua
2796 5149 3681 5225 subinde—vacillat,ﬁdelissime

295 5224 611 5296 losander,
656 5221 1387 5296 Carthusiarcoloniensis
1432 5222 1762 5296 religiosus,
1795 5225 1928 5296 ante
2041 5221 2228 5296 omnia
2280 5221 2628 5296 exprimere.
2664 5221 2946 5296 ’Operam
2986 5224 3148 5296 certe
3203 5221 3337 5278 dedi
3391 5227 3454 5296 ut
3508 5237 3680 5294 quam

297 5308 466 5374 annos
538 5291 789 5374 aliquot
830 5295 1049 5374 Adonis
1093 5291 1566 5374 Martyrologium
1598 5291 1925 5374 expressit,
2041 5293 2283 5374 maxima
2340 5291 2450 5374 ﬁde
2503 5291 2753 5374 haberes
2795 5291 3002 5374 omnia.
3053 5291 3682 5374 Hinc‘paucula'qua

297 5368 496 5445 omisso
543 5362 889 5445 hoc_veteri
935 5367 1193 5445 Romano
1239 5362 1928 5445 Martyrologioimagno
2039 5362 2313 5445 videntur
2333 5362 3440 5445 ab_ex.scrip_toreinserta,quod}tdoni
3463 5362 3678 5445 desint,

303 5440 478 5510 tamen
506 5439 633 5510 ejus
663 5439 720 5496 in
753 5436 1060 5496 doctorum
1089 5435 1347 5492 virorum
1378 5431 1581 5491 animis
1604 5431 1929 5491 relicto'de-
2039 5434 2384 5510 q_ui_veteris
2413 5433 2586 5510 hujus
2621 5431 3015 5510 Martyrologii
3044 5431 3310 5510 vestigiis
3347 5431 3683 5510 semperﬂa-

296 5502 554 5568 siderio.'
2039 5502 2212 5577 sistit,
2239 5503 2466 5577 virgula
2491 5502 2692 5559 notavi
2722 5502 2785 5558 et'
2811 5503 2866 5560 in
2897 5502 3153 5577 margine
3184 5502 3376 5561 monui
3411 5502 3591 5557 Adoni
3614 5515 3681 5557 ea
