4086 6178
293 257 390 312 149

322 377 448 434 2v

317 648 366 702 3.
410 659 467 702 vr

315 737 364 790 ι.
408 748 488 791 vn

311 1182 358 1233 7.
402 1191 468 1234 Ill

308 1359 355 1411 8.
399 1368 453 1410 IV

306 1537 351 1589 9.
398 1549 428 1587 v

276 1627 351 1678 10.
366 1637 447 1682 δη

271 1893 347 1944 11.
391 1902 467 1944 vn

271 1979 348 2032 12.
392 1990 410 2032 ι

271 2155 343 2209 13.
387 2167 426 2210 ιι

271 2335 341 2389 II.
385 2347 445 2390 ιιι

273 2515 344 2566 l5.
388 2526 442 2566 Iv

266 2691 342 2744 16.
385 2702 418 2741 v

261 2870 340 2920 17.
384 2881 434 2921 vr

266 2956 340 3010 I8.
381 2967 457 3010 vn

265 3221 338 3273 19.
381 3233 398 3274 ι

263 3308 340 3361 ιο.
382 3320 421 3362 ιι

269 3573 344 3627 21.
387 3587 447 3628 ιιι

271 3750 445 3806 221v

273 3930 427 3984 23.v

276 4195 354 4248 24.
395 4209 451 4250 VI

1315 258 1918 321 mmmowcwu
1952 260 2092 320 CUM
2125 261 2648 320 ADDITAMENTIS.
3581 237 3685 329 1‘30

1067 395 1122 442 IV
1159 381 1300 443 Non.
1379 385 1718 460 Hypapante
1750 388 1993 446 Domini.

1383 475 1679 547 Casarea,
1715 475 1963 534 Cornelii
1991 477 2369 550 centurionis,
2406 476 2589 550 ipsius
2617 475 2780 536 urbis
2809 475 3087 550 episcOpi.

1387 563 1456 620 Et
1489 565 1800 636 Aproniani
1834 565 2108 638 martyris
2135 567 2346 624 Roma.

1059 665 1121 708 ιιι
1159 651 1300 708 Non.
1382 652 1441 709 Β.
1479 653 1727 710 Celerini
1761 653 2008 725 diaconi,
2054 659 2112 712 et
2157 655 2435 713 Celerina
2479 653 2621 711 avia
2661 653 2806 726 ejus,
2851 657 2908 710 et
2961 654 3316 726 Laurentini,
3350 661 3406 714 et
3450 657 3674 728 Ignatii.

1078 753 1118 796 ιι
1154 739 1295 796 Non.
1375 741 1436 798 In
1466 740 1704 799 civitate
1727 741 1957 816 Egypti
1979 745 2228 815 Thmuis,
2249 743 2403 800 beati
2426 743 2640 800 Philea
2663 743 2924 814 ejusdem
2947 743 3110 802 urbis
3132 743 3390 818 episcopi
3420 749 3476 803 et
3492 745 3678 805 Philo-

1450 829 1591 886 romi
1621 829 1864 901 tribuni,
1897 836 1954 888 et
1989 831 2494 889 innumerabilium
2527 835 2867 904 martyrum.

1115 917 1308 976 Nona.
1387 916 1444 973 S.
1479 919 1721 988 Agatha
1751 920 2011 992 virginis,
2047 922 2199 994 apud
2231 922 2528 979 civitatem
2560 919 2992 980 Catanensium.

1083 1020 1179 1063 vm
1218 1006 1298 1063 Id.
1379 1007 1545 1078 Apud
1580 1008 1897 1067 Casaream
1930 1011 2326 1083 Cappadocia,
2362 1013 2416 1067 8.
2451 1011 2757 1068 Dorothea
2789 1010 3052 1082 virginis,
3091 1015 3148 1068 ct
3191 1011 3488 1086 TbeOphili
3514 1014 3676 1072 scho-

1451 1094 1660 1154 lastici.

1092 1197 1167 1239 vn
1206 1182 1284 1239 Id.
1367 1183 1559 1241 Sancti
1594 1187 1881 1258 Moysetis,
1917 1188 2034 1260 qui,
2071 1192 2306 1260 petente
2339 1188 2559 1247 Mauvia
2601 1190 3051 1247 Sarracenorum
3104 1188 3323 1262 regina,
3368 1189 3677 1264 episcopus

1446 1273 1638 1344 gentis
1669 1275 1826 1333 illius
1859 1278 2048 1336 factus
2073 1282 2184 1336 est.

1129 1375 1183 1417 v1
1223 1361 1301 1417 Id.
1382 1363 1474 1418 SS.
1510 1363 1783 1436 Dionysii,
1817 1364 2124 1436 Emiliani,
2160 1370 2220 1422 et
2253 1366 2594 1422 Sebastiani.

1378 1451 1764 1524 Alexandria,
1801 1455 1853 1510 S.
1891 1454 2108 1511 Cointa
2142 1455 2430 1525 martyris.

1141 1553 1174 1592 ν
1214 1539 1293 1596 Id.
1374 1541 1760 1613 Alexandria,
1797 1542 2116 1614 Apollonia
2147 1541 2407 1611 virginis.

1127 1644 1180 1685 IV
1220 1629 1300 1684 Id.
1380 1631 1592 1701 Roma,
1626 1631 1823 1701 Zotici,
1860 1631 2082 1701 Irenai,
2121 1631 2423 1704 Hyacinthi
2454 1635 2512 1688 et
2546 1633 2816 1689 Amantii.

1373 1719 1440 1773 Et
1473 1719 1694 1776 Soteris
1723 1719 1981 1790 virginis.

1376 1806 1475 1864 Via
1509 1807 1806 1879 Lavicana,
1843 1809 2090 1867 militum
2123 1809 2342 1867 decem.

1095 1909 1155 1951 ιιι
1197 1893 1276 1950 Id.
1357 1886 1743 1966 Alexandria,
1781 1897 1835 1954 S.
1875 1897 2210 1970 Euphrasia
2242 1897 2503 1969 virginis.

1120 1997 1160 2040 ιι
1203 1982 1282 2038 Id.
1364 1983 1718 2055 Barcinona,
1755 1985 1993 2044 Eulalia
2026 1987 2266 2057 virginis
2297 1991 2354 2042 et
2379 1986 2673 2058 martyris.

1377 2071 1762 2144 Alexandria,
1796 2074 2018 2132 Molesti
2050 2079 2108 2132 et
2143 2074 2446 2131 Ammonii.

1140 2159 1290 2217 ldus.
1373 2161 1552 2230 Agabi
1589 2160 1886 2234 propheta
1918 2161 1972 2218 in
2005 2164 2161 2220 Novo
2191 2163 2579 2231 Testamento,
2615 2161 2769 2233 apud
2803 2160 3182 2220 Antiochiam.

1372 2250 1432 2304 In
1457 2249 1710 2306 Militana
1744 2250 2046 2306 Armenia.
2080 2250 2132 2305 S.
2170 2248 2468 2321 Polyeucti
2504 2254 2672 2305 mart.

912 2350 1002 2392 xvi
1044 2337 1104 2392 K.
1151 2337 1284 2393 Mar.
1365 2338 1578 2408 Roma,
1613 2337 1904 2396 Valentini
1939 2337 2287 2411 presbyteri.

1374 2427 1439 2482 Et
1473 2427 1655 2484 sancti
1688 2427 1974 2484 Valentini
2008 2424 2460 2483 Interamnensis
2487 2424 2767 2498 epiSCOpi.

1062 2527 1130 2569 xv
1171 2511 1290 2570 Kal.
1370 2515 1583 2584 Roma,
1618 2516 1802 2572 sancti
1836 2516 2106 2572 Bratonis
2136 2515 2428 2586 martyris.

1370 2603 1535 2675 Apud
1570 2605 1871 2673 Scbasten,
1908 2601 2098 2675 passio
2129 2603 2181 2658 8.
2220 2602 2399 2660 Blavii
2437 2601 2563 2676 [al.,
2601 2601 2796 2674 Blasii]
2832 2602 3115 2676 episcopi.

1035 2704 1124 2747 xxv
1166 2689 1285 2747 Kal.
1368 2691 1563 2748 Sancti
1597 2691 1850 2749 Onesimi
1893 2690 2162 2763 apostoli.

1372 2781 1438 2834 Et
1470 2779 1525 2835 in
1561 2779 1772 2849 Cumis,
1809 2780 1862 2834 S.
1895 2778 2141 2836 Iuliana
2173 2778 2436 2850 virginis.

1025 2881 1125 2924 xm
1165 2866 1284 2923 Kal.
1367 2869 1426 2924 ln
1459 2867 1716 2936 Perside,
1754 2869 1812 2922 Β.
1853 2865 2214 2937 Polychronii
2247 2867 2425 2938 episc.
2463 2871 2523 2922 et
2558 2871 2726 2922 mart.

1054 2969 1132 3012 xu
1171 2954 1293 3012 Kal.
1375 2955 1807 3026 Hierosolymis,
1844 2954 2125 3010 Simeonis
2155 2954 2412 3025 episc0pi
2445 2957 2504 3009 et
2537 2957 2706 3009 mart.

1371 3044 1435 3098 Et
1489 3045 1702 3113 Roma,
1759 3045 2076 3113 martyrum
2127 3040 2370 3111 Claudii,
2424 3040 2840 3114 Prapedigna,
2886 3040 3218 3110 Alexandri,
3265 3040 3321 3098 et
3362 3039 3567 3110 Cutia,
3613 3044 3672 3098 et

1442 3130 1688 3188 Maximi.

997 3233 1053 3276 χι
1094 3219 1212 3276 Kal.
1294 3221 1506 3290 Roma,
1541 3218 1766 3274 Gabinii
1802 3217 2132 3290 presbyteri
2165 3221 2224 3274 et
2257 3218 2549 3292 martyris.

1013 3321 1045 3362 χ
1086 3305 1206 3364 Kal.
1285 3301 1452 3379 Apud
1503 3309 1732 3379 Tyrum,
1785 3311 2104 3378 martyrum
2155 3322 2399 3379 quorum
2450 3318 2751 3362 numerum
2803 3303 2901 3359 Dei
2942 3300 3234 3359 scitientia
3275 3300 3396 3357 sola
3428 3300 3672 3372 colligit,

1371 3411 1515 3466 quos
1546 3395 1822 3453 Veturius
1853 3394 2131 3466 magister
2163 3394 2402 3465 militia,
2424 3395 2666 3466 jubcnte
2692 3391 3068 3461 Diocletiano,
3098 3389 3345 3447 diversis
3365 3389 3678 3448 tormentis

1375 3483 1607 3542 occidit.

997 3589 1050 3630 IX
1093 3573 1212 3630 Kal.
1294 3575 1353 3630 In
1385 3572 1599 3643 Sicilia,
1665 3578 1982 3646 martyrum
2023 3571 2393 3644 septuaginta
2446 3585 2648 3628 novem
2699 3571 2807 3628 sub
2847 3569 3223 3639 Diocletiano,
3267 3567 3513 3627 diversis
3553 3571 3676 3624 tor-

1374 3661 1584 3718 mentis
1615 3675 1935 3734 passorum.

955 3765 1053 3807 vm
1092 3749 1214 3807 Kal.
1294 3750 1459 3822 Apud
1492 3749 1877 3817 Antiochiam,
1915 3746 2201 3804 Cathedra
2235 3743 2422 3802 sancti
2447 3741 2626 3797 Petri.

1298 3837 1684 3907 Alexandria,
1719 3837 1894 3894 Abilii
1929 3835 2205 3907 episcopi.

1297 3927 1463 3998 Apud
1497 3926 1787 3997 Sirmium,
1821 3924 2030 3982 Sinerii
2068 3923 2229 3995 [Ado,
2265 3917 2505 3993 Syreny]
2543 3914 2825 3973 monachi.

1305 4015 1700 4086 Quadraginta
1733 4014 1848 4072 duo
1885 4013 2046 4087 [Ado,
2081 4010 2381 4081 sexaginta
2413 4007 2548 4079 duo]
2585 4007 2923 4076 martyrum.

1306 4107 1519 4176 Roma,
1553 4103 1859 4176 Polycarpi
1895 4099 2244 4175 presbyteri.

1299 4195 1352 4249 S.
1387 4193 1642 4250 Matthia
1673 4190 1942 4265 apostoli.

1303 4281 1370 4336 Et
1403 4281 1664 4338 Inventio
1693 4278 1906 4354 capitis
1937 4275 2335 4350 pracursoris.

1299 4369 1468 4442 Apud
1499 4371 1818 4427 Casaream
1850 4365 2249 4438 Cappadocia,
2284 4360 2468 4431 Sergii
2501 4365 2671 4417 mart.

1299 4459 1466 4533 Apud
1504 4458 1832 4532 Egyptum,
1885 4452 2183 4523 Victorini,
2231 4448 2502 4520 Victoris,
2545 4446 2875 4519 Nicophori,
2913 4444 3233 4511 Claudiani,
3290 4443 3474 4500 Diosc.
3514 4442 3677 4498 Sera-

1380 4548 1566 4620 pionis
1595 4553 1656 4604 et
1685 4547 1897 4619 Papia.

1297 4635 1462 4708 Apud
1493 4637 1735 4705 Pergem
1766 4631 2122 4705 Pamphilia,
2160 4627 2313 4686 beati
2348 4625 2608 4684 Nestoris
2639 4623 2918 4696 episcopi.

1308 4722 1696 4794 Alexandria,
1731 4721 2041 4780 Alexandri
2074 4717 2313 4790 gloriosi
2348 4715 2504 4773 senis
2535 4712 2718 4786 episc.

1297 4793 1689 4883 Alexandria,
1722 4811 1932 4870 Iuliani
1965 4809 2256 4880 martyris,
2290 4811 2348 4863 et
2383 4804 2545 4874 Euni,
2581 4802 2677 4874 qui
2711 4815 2842 4858 cum
2875 4800 3000 4873 ipso
3041 4814 3177 4858 senc
3222 4801 3273 4854 in
3317 4793 3677 4855 confessione

1313 4901 1674 4973 perduravit.

1032 5006 1071 5048 ιι
1113 4990 1233 5048 Kal.

980 3942 1056 3984 vn
1097 3927 1218 3984 Kal.

1003 4207 1056 4249 v1
1095 4192 1216 4249 Kal.

1028 4477 1057 4515 v
1097 4459 1218 4518 Kal.

1001 4652 1054 4693 IV
1095 4637 1214 4693 Kal.

994 4829 1054 4873 ιιι
1095 4815 1215 4872 Kal.
