4078 6180
373 267 471 323 181

1434 251 1489 306 S.
1534 248 1792 307 ADONIS
1828 247 2264 306 ARCHIEPISC.
2298 243 2714 305 VIENNENSIS
3672 229 3777 285 152

372 360 3776 408 ___________________________________________..

413 907 463 959 1.
508 915 561 959 IV

414 1086 542 1139 2.v

414 1352 464 1404 3.
506 1360 563 1405 νι

416 1615 468 1670 4.
511 1625 590 1671 vn

419 1883 534 1937 5.1

421 2055 471 2109 6.
516 2065 556 2110 II

420 2233 472 2285 7.
516 2241 579 2286 III

425 2407 477 2463 8.
521 2418 575 2461 ιν

423 2585 552 2639 9.ν

392 2762 477 2817 10.
521 2772 576 2816 VI

393 2939 477 2992 11.
520 2947 598 2991 VII

393 3113 480 3168 12.
524 3123 543 3167 ι

396 3287 482 3343 13.
525 3296 566 3341 II

398 3643 484 3698 '15.
530 3652 584 3698 ιν

397 3730 482 3787 16.
526 3742 561 3786 v

398 3909 483 3962 17.
528 3918 583 3962 VI

398 3998 483 4050 18.
528 4003 606 4050 vu

398 4170 483 4223 19.
527 4181 547 4224 ι

1723 534 2041 612 MENSIS
2089 534 2475 609 MARTIUS

1550 736 1754 789 mser
1804 736 1949 789 DIES
1999 733 2198 799 xxxx;
2247 733 2407 787 LUNA
2441 733 2592 784 xxx.

1108 869 1231 954 Kal.
1263 896 1427 953 Mart.
1507 896 1848 952 Sanctorum
1898 894 2216 964 martyrum
2258 889 2642 947 ducentorum
2671 882 2972 954 sexaginta
3007 874 3375 950 temporibus
3399 869 3649 942 Claudii,
3679 869 3779 944 qui

1581 981 1674 1041 via
1703 981 1921 1038 Salaria
1951 993 2187 1037 arenam
2212 977 2498 1036 fodientes
2521 973 2776 1034 damnati
2807 973 3057 1032 fuerant.

1185 1089 1238 1134 νι
1295 1076 1436 1133 Νοιι.
1515 1074 1730 1143 Roma,
1764 1069 1949 1128 Iovini
1978 1074 2035 1126 et
2067 1066 2296 1125 Basilei.

1512 1162 1580 1220 Et
1612 1138 1993 1233 plurimorum
2035 1159 2353 1228 martyrum
2395 1154 2504 1212 sub
2541 1151 2875 1211 Alexandro
2922 1144 3158 1221 capitali
3208 1140 3499 1203 sententia
3546 1138 3786 1201 damna-

1579 1252 1792 1307 torum.

1082 1392 1096 1403 .
1210 1355 1244 1397 ν
1299 1340 1441 1399 Non.
1519 1338 1615 1395 SS.
1666 1336 2006 1396 Hemitherii
2068 1340 2128 1394 et
2191 1332 2525 1393 Cheledonii
2590 1331 2743 1406 apud
2795 1326 3154 1401 Calogurrim
3212 1320 3490 1398 martyrio
3540 1331 3787 1379 corona-

1582 1432 1796 1485 torum.
2164 1462 2169 1467 -

1519 1516 1782 1588 Casara,
1812 1514 2013 1572 Marini
2053 1514 2280 1585 militis,
2310 1516 2370 1572 et
2400 1511 2612 1572 Asterii
2645 1507 2960 1569 senatoris.

1214 1623 1266 1664 IV
1322 1607 1464 1665 Non.
1544 1605 1701 1664 Lucii
1732 1618 1895 1677 papa
1916 1608 1974 1662 et
2006 1602 2298 1676 martyris.

1547 1696 1613 1752 Et
1648 1647 1968 1766 martyrum
1996 1647 2419 1763 nongentorum
2452 1690 2551 1763 qui
2579 1692 2712 1748 sunt
2746 1686 2919 1762 positi
2949 1685 3007 1743 in
3035 1678 3375 1745 coemeterio
3416 1677 3487 1738 ad
3520 1647 3786 1737 sanctam

1627 1781 1916 1840 Ceciliam.

1209 1889 1271 1932 ιιι
1329 1873 1469 1931 Non.
1551 1870 1869 1941 Antiocha,
1904 1870 2109 1929 Phoca
2139 1868 2430 1941 martyris.

1552 1964 1621 2019 Et
1650 1960 1833 2018 sancti
1864 1958 2097 2017 Eusebii
2128 1956 2376 2016 Palatini
2404 1960 2463 2013 et
2493 1954 2738 2013 aliorum
2766 1956 2899 2010 octo
2931 1949 3096 2026 [Αάο,
3127 1947 3353 2020 novem]
3385 1950 3554 2003 mart.

1249 2063 1288 2105 ιι
1334 2048 1473 2104 Non.
1552 2048 1921 2119 Nicomedia,
1957 2048 2208 2106 Victoris
2244 2050 2302 2104 et
2331 2042 2633 2115 Victorini,
2664 2041 2762 2115 qui
2793 2041 2849 2097 in
2878 2054 3117 2098 carcere
3146 2051 3382 2097 cursum
3415 2033 3552 2092 vita
3582 2029 3788 2105 imple-

1626 2143 1857 2197 verunt.

1285 2226 1478 2283 Nona.
1558 2227 1619 2283 In
1650 2225 1991 2284 Mauritania
2017 2225 2259 2284 civitate
2284 2221 2867 2291 Turburbitanorum,
2899 2218 2993 2276 SS.
3020 2220 3341 2290 martyrum
3364 2218 3673 2290 Perpetua
3702 2222 3794 2275 et-

1632 2315 1971 2373 Felicitatis.

1229 2416 1329 2460 vm
1385 2402 1467 2460 Id.
1548 2404 1716 2475 Apud
1750 2403 2176 2474 Carthaginem,
2209 2400 2395 2459 sancti
2425 2398 2689 2457 Pontiani
2719 2397 2966 2470 diaconi,
3011 2399 3072 2455 Β.
3120 2395 3408 2470 Cypriani,
3455 2394 3553 2467 qui
3601 2394 3793 2453 Domi-

1632 2506 1766 2549 num
1782 2506 2010 2564 semper
2033 2491 2089 2548 in
2113 2488 2480 2563 passionibus
2491 2487 2612 2546 suis
2622 2487 2976 2559 glorificans,
2991 2500 3265 2545 coronam
3279 2485 3415 2543 vita
3438 2482 3791 2558 promeruit.

1255 2591 1333 2638 vn
1393 2579 1474 2638 Id.
1554 2581 1615 2638 In
1645 2582 1898 2653 Nyssena
1926 2580 2190 2637 civitate'
2220 2577 2407 2637 sancti
2437 2576 2698 2647 Gregorii
2725 2575 2981 2649 epiSCOpi
3012 2574 3213 2634 fratris
3241 2572 3456 2632 Basilii.

1625 2668 1980 2740 Barcinona,
2015 2654 2249 2726 Paciani
2277 2664 2557 2739 episcopi.
2794 2660 2797 2667 ’

1282 2772 1337 2815 vr
1394 2757 1475 2815 Id.
1555 2758 1830 2832 Apamia,
1862 2755 2180 2815 Alexandri
2205 2761 2263 2815 et
2296 2756 2412 2813 Caii
2443 2755 2514 2813 de
2547 2755 2843 2813 Eumenia.

1553 2848 1617 2904 In
1644 2847 1905 2919 Perside,
1936 2850 2256 2921 martyrum
2285 2860 2526 2903 numero
2558 2844 2947 2917 quadraginta
2976 2842 3243 2901 duorum.

1301 2949 1332 2988 v
1389 2934 1472 2990 Id.
1550 2934 1720 3007 Apud
1766 2935 2065 2992 Sebastem
2111 2933 2398 2991 Armenia
2445 2933 2702 3005 minoris,
2766 2932 3151 3006 quadraginta
3201 2930 3469 3002 militum,
3518 2934 3800 3005 tempore

1635 3022 1835 3082 Licinii
1864 3023 2041 3096 regis.
2308 3074 2315 3085 .

1293 3124 1346 3166 ιν
1404 3110 1487 3167 Id.
1568 3111 1661 3166 SS.
1697 3111 2033 3182 pontiﬁcum
2066 3110 2327 3182 Gregorii
2359 3114 2415 3168 et
2446 3109 2787 3169 Innocentii.

1564 3198 1932 3269 Nicomedia,
1966 3198 2126 3257 Petri
2156 3198 2447 3272 martyris,
2481 3198 2753 3257 Dorothei
2781 3202 2839 3256 et
2882 3197 3152 3270 Gorgonii
3193 3202 3514 3272 martyrum
3554 3198 3795 3258 sodalis.

1274 3298 1337 3342 ιιι
1396 3285 1477 3341 Id.
1557 3285 1924 3358 Nicomedia,
1960 3286 2276 3345 Macedonii
2308 3287 2657 3360 presbyteri,
2690 3286 2952 3346 Patritia
2980 3285 3198 3357 uxoris,
3233 3291 3292 3344 et
3326 3287 3460 3345 ﬁlia
3499 3286 3797 3345 Modesta.

1304 3388 1346 3432 ιι
1401 3373 1484 3431 Id.
1561 3376 1776 3447 Roma,
1820 3380 2141 3449 martyrum
2191 3375 2575 3448 quadraginta
2620 3380 2680 3433 et
2719 3380 2852 3434 octo
2893 3376 2989 3447 qui
3037 3376 3317 3450 baptizati
3359 3380 3494 3435 sunt
3542 3390 3573 3433 a
3621 3376 3802 3434 beato

1635 3464 1812 3521 Petro
1840 3464 2124 3537 apostolo,
2157 3480 2289 3523 cum
2317 3468 2625 3523 teneretur
2656 3465 2710 3522 in
2742 3465 3005 3523 custodia
3032 3484 3047 3536 ;
3092 3467 3190 3539 qui
3229 3481 3429 3524 omnes
3469 3464 3802 3523 Neroniana

1635 3551 1832 3622 gladio
1858 3554 2187 3626 consumpti
2220 3558 2373 3612 sunt.

1336 3638 1489 3698 Idus.
1569 3638 2007 3714 Thessalonica,
2040 3644 2313 3701 Matrona
2345 3642 2571 3700 ancilla
2596 3645 2656 3698 et
2684 3643 2975 3715 martyris.

1077 3743 1191 3788 xvn
1250 3729 1312 3786 K.
1346 3730 1485 3802 Apr.
1563 3731 1778 3802 Roma,
1806 3730 2026 3804 Cyriaci
2051 3731 2344 3805 martyris,
2370 3730 2558 3803 Largi,
2574 3735 2633 3787 et
2657 3731 2976 3802 Smaragdi,
2993 3735 3052 3788 et
3075 3730 3472 3790 Crescentiani
3498 3730 3798 3804 martyris,

1628 3822 1687 3877 et
1722 3819 1967 3879 aliorum
1994 3819 2220 3893 viginti.

1196 3921 1289 3963 xvr
1348 3906 1471 3964 Kal.
1551 3908 1604 3966 S.
1640 3910 1870 3966 Patritii
1904 3909 2180 3983 episcOpi,
2217 3909 2313 3980 qui
2347 3909 2569 3981 primus
2598 3908 2751 3981 apud
2786 3910 2986 3967 Scotos
3010 3908 3367 3982 praedicavit.

1217 4010 1288 4051 xv
1348 3994 1469 4052 Kal.
1550 3997 1744 4055 Sancti
1767 3998 2081 4055 Alexandri
2103 3998 2381 4070 episcopi,
2398 3998 2496 4069 qui
2516 4013 2648 4055 cum
2672 3998 2939 4057 Narcisso
2960 3996 3498 4070 Hierosolymitana
3523 3996 3802 4056 Ecclesia

1605 4086 2066 4155 gubernaculum
2095 4086 2372 4158 suscepit.

1178 4183 1271 4226 xxv
1328 4168 1449 4227 Kal.
1529 4172 1590 4228 In
1620 4173 1948 4230 Penarense
1977 4174 2238 4245 civitate,
2270 4175 2330 4231 B.
2363 4174 2617 4245 Joannis,
2652 4189 2874 4245 magna
2904 4174 3235 4234 sanctitatis
3262 4175 3389 4233 viri.

1529 4260 1700 4334 Apud
1730 4261 2095 4333 Surrentum,
2126 4261 2344 4333 Quinti,
2388 4261 2704 4335 Quintilla,
2746 4262 3070 4335 Quartilla,
3113 4264 3332 4323 Martia
3373 4264 3535 4339 μῶυ,
3573 4263 3797 4336 Marci].

1601 4365 1733 4408 cum
1764 4350 1895 4409 aliis
1919 4355 2052 4408 octo
2084 4351 2247 4424 [Ado,
2280 4350 2527 4422 novem].

1169 4449 1271 4493 xm
1329 4435 1451 4493 Kal.
1530 4439 1826 4513 Archippi,
1858 4439 2271 4498 commilitonis
2295 4438 2457 4497 Pauli
2497 4440 2766 4513 apostoli.

1198 4538 1278 4582 χιι
1335 4524 1457 4583 Kal.
1540 4530 1599 4584 In
1633 4529 1869 4587 Cassino
1892 4534 2107 4601 castro,
2141 4529 2440 4588 Benedicti
2470 4530 2717 4589 abbatis.

1538 4616 1605 4671 Et
1636 4616 1968 4690 Serapionis
1994 4619 2381 4678 anachoreta.

1213 4720 1269 4761 χι
1326 4705 1449 4763 Kal.
1529 4704 1831 4777 Narbona,
1866 4707 2051 4765 sancti
2082 4709 2246 4766 Pauli
2276 4709 2554 4783 episcopi,
2590 4706 2859 4778 discipuli
2891 4706 3304 4778 apostolorum.

1242 4808 1276 4851 χ
1335 4795 1456 4853 Kal.
1536 4797 1595 4851 In
1628 4795 1840 4866 Africa,
1877 4799 2197 4868 martyrum
2226 4798 2563 4867 Victoriani,
2590 4793 2926 4867 Frumentii,
2954 4794 3092 4854 item
3124 4800 3181 4853 et
3214 4795 3551 4869 Frumentii,
3577 4802 3636 4855 et
3658 4797 3804 4856 duo-

1605 4900 1732 4942 rum
1762 4898 2169 4955 germanorum
2201 4885 2514 4943 Vandaliea
2547 4883 2953 4973 persecutione
2984 4886 3093 4944 sub
3122 4886 3452 4944 Hunnerico
3491 4899 3629 4957 rege
3670 4901 3804 4960 pas-

1606 4988 1821 5031 SOI‘UIII.

1214 5076 1270 5119 ιχ
1328 5061 1449 5119 Kal.
1530 5064 1742 5133 Romae,
1786 5062 2066 5135 Pigmenii
2108 5061 2437 5135 presbyteri
2479 5064 2537 5118 et
2581 5062 2870 5135 martyris,
2915 5061 3131 5137 sepulti
3174 5064 3229 5122 in
3268 5064 3607 5124 cameterio
3654 5065 3803 5124 Pon-

1609 5150 1769 5207 tiani.

1176 5254 1274 5299 vm
1333 5239 1453 5297 Kal.
1533 5239 1913 5297 Annuntiatio
1943 5238 2256 5310 Dominica,
2291 5242 2348 5295 et
2380 5237 2701 5297 cruoiﬁxio.

1613 5329 1824 5399 Roma,
1860 5328 2035 5385 Cirini
2070 5326 2361 5401 martyris.
