4078 6180
262 217 354 276 153

256 698 335 751 Ἦ.
381 707 420 750 ll

257 787 335 840 28.
379 795 442 840 III

259 965 337 1019 29.
381 974 435 1017 ιν

272 4474 341 4528 18.
378 4486 437 4531 ΠΙ

274 4653 344 4708 19.
383 4667 436 4711 Π

276 4829 415 4885 20.v

657 4656 698 4711 K

665 4831 708 4889 L

877 3954 1014 3996 xvm
1043 3942 1104 3996 K.
1151 3942 1273 3998 Mai.

1275 208 1876 272 MARTYROLOGIUM
1917 211 2057 268 CUM
2090 211 2613 268 ADDITAMENTIS.
3545 228 3649 290 15‘

1347 335 1714 407 Nicomedia,
1747 335 1906 394 Dula
1935 334 2228 408 martyris.

1348 427 1516 501 Apud
1546 423 1835 496 Sirmium,
1870 425 2073 484 Irenai
2103 422 2362 498 episcopi
2391 429 2448 482 et
2478 424 2771 499 martyris.

1015 527 1092 572 vn
1150 511 1271 570 Kal.
1350 513 1564 586 Roma,
1596 515 1783 572 sancti
1816 515 2035 573 Castuli
2061 515 2302 586 Zatarii
2323 514 2543 589 palatii.

1347 602 1515 675 Apud
1547 602 1908 677 Pantapolim
1937 605 2148 676 Lybia,
2181 603 2462 662 Theodori
2494 605 2775 678 episcopi.

1009 705 1064 748 vr
1134 689 1255 748 Kal.
1336 691 1505 764 Apud
1539 690 1870 766 Egyptum,
1903 692 2140 752 Joannis
2170 692 2460 764 Eremita,
2495 693 2824 766 prophetici
2853 695 3097 768 spiritus
3124 696 3252 756 viri.

1036 795 1067 834 v
1129 779 1250 837 Kal.
1331 781 1495 854 Apud
1529 781 1848 840 Casaream
1877 782 2222 853 Palastina,
2257 785 2575 854 martyrum
2605 781 2808 856 Prisci,
2840 783 3066 856 Malchi,
3096 789 3154 844 et
3185 785 3520 862 Alexandri,
3545 792 3643 864 qui

1417 872 1825 942 persecutione
1854 872 2143 931 Valeriani
2174 870 2378 929 bestiis
2403 870 2606 928 traditi
2636 876 2795 930 sunt.

1058 973 1111 1015 IV
1151 956 1272 1015 Kal.
1352 959 1520 1033 Apud
1549 961 1820 1034 Africam,
1845 963 2242 1020 confessorum
2271 962 2652 1033 Armogastis,
2695 961 3034 1035 Archinimi,
3058 966 3116 1022 et
3141 965 3352 1038 Satyri,
3382 970 3646 1043 tempore

1424 1049 1752 1108 Vandalica
1780 1049 2220 1124 persecutionis.

1035 1151 1097 1194 ιιι
1137 1136 1258 1194 Kal.
1337 1139 1548 1210 Roma,
1582 1139 1806 1207 Quirini
1835 1140 2058 1198 tribuni
2086 1144 2144 1197 et
2175 1141 2465 1213 martyris,
2501 1139 2686 1213 patris
2711 1145 2931 1201 sancta
2961 1141 3234 1202 Balbina.

1063 1240 1102 1284 ιι
1141 1225 1262 1284 Kal.
1341 1228 1554 1299 Roma,
1680 1227 1936 1287 Balbina
1967 1229 2228 1301 virginis,
2259 1229 2506 1302 sepulta
2532 1227 2589 1287 in
2618 1231 2957 1290 coemeterio
2983 1232 3327 1292 Pratextati
3349 1233 3518 1306 juxta
3552 1252 3646 1311 pa-

1421 1320 1570 1374 trem
1651 1315 1923 1374 uirinum.

1421 1320 1570 1374 trem
1601 1315 1923 1374 Ouirinum.

1578 1633 1893 1708 MENSIS
1962 1632 2306 1708 APRILIS

1464 1832 1667 1884 HABET
1697 1833 1838 1884 DIES
1863 1833 2016 1900 XXX,
2053 1834 2213 1885 LUNA
2248 1833 2423 1884 XXIX.

958 1986 1079 2044 Kal.
1123 1988 1261 2060 Apr.
1341 1987 1555 2056 Roma,
1587 1987 1897 2046 Theodota
1928 1985 2146 2046 sororis
2169 1987 2442 2060 martyris
2472 1987 2781 2060 Hermetis,
2815 2002 2944 2061 qua
2966 1988 3076 2048 sub
3099 1990 3412 2050 Aureliano
3433 1998 3645 2069 marty-

1419 2076 1647 2148 rizavit,
1684 2077 1913 2148 sepulta
1945 2077 2036 2133 via
2067 2075 2304 2134 Salaria.

1035 2180 1089 2223 Iv
1127 2165 1268 2224 Non.
1349 2165 1518 2238 Apud
1543 2167 1825 2224 Casarem
1862 2165 2262 2239 Cappadocia,
2299 2167 2352 2222 S.
2385 2165 2718 2225 Theodosia
2763 2165 3006 2240 virginis
3032 2172 3092 2226 et
3119 2168 3394 2243 martyris
3436 2170 3648 2246 capitis

1027 2356 1085 2400 ιιι
1126 2343 1266 2400 Non.
1345 2269 1786 2414 Thgfssjonica,
1818 2343 2106 2416 virginum
2138 2346 2366 2418 Agapes
2395 2347 2453 2401 et
2486 2343 2756 2402 Chionia.

1347 2431 1555 2503 Tomis,
1590 2433 1818 2505 Evagrii
1848 2438 1904 2490 et
1947 2433 2204 2505 Benigni.

1348 2521 1516 2593 Apud
1543 2523 2006 2594 Tauromenium,
2043 2522 2231 2580 sancti
2260 2521 2575 2579 Pancratii.

1041 2624 1081 2666 ιι
1121 2610 1261 2668 Non.
1342 2610 1666 2681 Mediolani,
1700 2612 1758 2668 Β.
1796 2611 2083 2670 Ambrosii
2114 2611 2374 2684 episcopi
2404 2614 2461 2668 et
2490 2609 2858 2668 confessoris.

1071 2699 1264 2757 Nona.
1341 2699 1782 2772 Thessalonica,
1817 2703 1871 2758 S.
1905 2702 2102 2758 [renes
2139 2701 2398 2770 virginis.

1345 2789 1512 2860 Apud
1541 2789 1870 2863 :Egyptum,
1905 2789 2219 2860 Martiana,
2250 2788 2570 2860 Nicanoris,
2604 2788 2912 2861 Apollonii.

1045 2891 1143 2934 vm
1185 2877 1265 2932 Id.
1344 2878 1504 2948 Xysti
1537 2893 1700 2950 papa
1727 2883 1786 2934 et
1817 2878 2108 2951 martyris,
2140 2878 2504 2950 temporibus
2535 2877 2771 2934 Adriani
2805 2877 2978 2950 passi.

1074 2981 1153 3022 vn
1191 2965 1273 3021 Id.
1355 2967 1687 3039 liegesippi,
1721 2967 1818 3040 qui
1848 2967 2075 3024 vicinus
2105 2966 2556 3038 apostolicorum
2587 2969 2919 3038 temporum
2951 2964 3202 3024 exstitit.

1079 3070 1134 3112 vr
1174 3055 1255 3112 Id.
1334 3055 1595 3126 Turonis,
1621 3056 1898 3129 Perpetui
1925 3054 2205 3127 episcopi.

1119 3160 1150 3202 ν
1190 3143 1271 3200 Id.
1352 3145 1694 3216 Antiochia,
1732 3143 2007 3203 Prochori
2039 3143 2288 3213 diaconi,
2322 3142 2420 3215 qui
2454 3157 2601 3200 unus
2629 3146 2718 3201 est
2747 3142 2820 3200 de
2846 3146 3090 3217 septem.

1343 3233 1509 3304 Apud
1543 3234 1830 3303 Sirmium,
1864 3249 1940 3291 vn
1969 3232 2280 3304 virginum,
2316 3247 2444 3305 qua
2474 3232 2529 3289 in
2562 3247 2739 3290 unum
2771 3236 3068 3292 coronata
3096 3236 3252 3291 sunt.

1093 3335 1148 3378 Iv
1185 3320 1267 3376 Id.
1350 3321 1672 3379 Ezechielis
1703 3322 2030 3394 PrOpheta.

1346 3411 1559 3482 Roma,
1593 3413 1908 3484 Martyrum
1942 3410 2343 3484 plurimorum,
2377 3409 2473 3482 qui
2509 3409 2580 3468 ab
2615 3411 2946 3470 Alexandro
2979 3425 3126 3486 papa
3157 3411 3436 3485 baptizati
3487 3419 3642 3474 sunt.

1082 3515 1144 3558 ιιι
1182 3500 1264 3557 Id.
1348 3499 1623 3571 Gortina,
1658 3500 1908 3572 Philippi
1957 3499 2236 3573 episcopi,
2289 3499 2385 3572 qui
2428 3498 2644 3558 claruit
2674 3494 2950 3556 Antonini
2978 3497 3111 3556 Veri
3142 3501 3200 3556 et
3232 3496 3390 3558 Lucii
3427 3502 3648 3574 tempo-

1418 3588 1601 3646 ribus.

1101 3689 1140 3732 ιι
1181 3675 1260 3731 Id.
1342 3675 1442 3733 Via
1479 3677 1734 3749 Aurelia,
1769 3677 1903 3735 Iulii
1940 3693 2104 3751 papa
2133 3682 2190 3735 ct
2222 3678 2574 3736 confessoris
2608 3677 2715 3736 sub
2747 3675 3084 3734 Constantio
3122 3674 3340 3732 ariano.

1114 3762 1266 3820 Idus.
1346 3765 1514 3838 Apud
1543 3769 1884 3838 Pergamum
1916 3767 2085 3838 Asia,
2109 3763 2289 3839 Carpi
2315 3766 2644 3841 episcopiet
2660 3763 2911 3838 Papyrii,
2931 3761 3306 3834 Agathonica
3331 3765 3388 3819 et
3406 3761 3645 3823 aliarum

1425 3854 1756 3912 multarum.

1357 3944 1569 4014 Roma,
1588 3943 1643 4000 in
1658 3944 1998 4002 coemeterio
2020 3945 2382 4016 Pratoxtati,
2401 3947 2721 4016 martyrum
2741 3938 3006 4009 Tiburtii,
3024 3936 3382 3998 Valerianiet
3397 3940 3644 4001 Maximi.

1345 4032 1649 4105 Corduba,
1687 4033 2043 4107 Olympiadis
2073 4039 2131 4092 et
2164 4035 2408 4092 Maximi.

1352 4121 1412 4178 In
1443 4122 1628 4192 Italia,
1667 4123 1930 4195 Maronis,
1964 4125 2324 4197 Eutychetis,
2358 4127 2415 4180 et
2449 4120 2754 4178 Victorini.

1354 4212 1519 4284 Apud
1573 4213 1930 4285 Corinthum,
1969 4213 2188 4270 Callisti
2221 4218 2278 4270 et
2308 4210 2530 4280 Carisii,
2564 4225 2697 4268 cum
2737 4208 2867 4268 aliis
2895 4223 2993 4282 vn,
3027 4209 3083 4268 in
3116 4207 3275 4268 mare
3305 4223 3645 4271 mersorum.

1353 4300 1519 4372 Apud
1555 4300 1828 4374 Africam,
1865 4303 2047 4360 sancti
2079 4300 2400 4374 Mappalici.

1356 4388 1696 4461 Antiochia,
1731 4391 1889 4446 Petri
1922 4389 2144 4447 diaconi
2176 4394 2234 4445 et
2268 4388 2659 4459 Hermogenis.

1351 4477 1518 4548 Apud
1551 4479 1835 4535 Mesanam
1867 4477 2110 4550 Apulia,
2145 4476 2464 4535 Eleutherii
2496 4475 2775 4550 episcopi,
2810 4479 2868 4534 et
2901 4474 3128 4535 Anthia
3161 4475 3365 4535 matris
3393 4475 3537 4548 ejus.

1346 4564 1562 4636 Roma,
1599 4564 1885 4637 Apollonii
1917 4566 2220 4624 senatoris.

1007 4668 1109 4712 xm
1148 4655 1268 4712 Kal.
1352 4654 1518 4728 Apud
1553 4655 1912 4726 Corinthum,
1945 4655 2196 4712 Timonis
2224 4654 2447 4712 diaconi
2479 4655 2551 4712 de
2583 4658 2825 4726 septem.

1354 4745 1415 4801 In
1447 4743 1721 4814 Militana,
1757 4745 2118 4817 Hermogeni,
2155 4744 2292 4813 Caii,
2327 4742 2615 4815 Expediti,
2652 4742 2983 4815 Aristonici,
3016 4744 3142 4804 Ruﬁ
3176 4743 3411 4804 Galata.

1012 4845 1092 4890 xu
1151 4831 1272 4890 Kal.
1352 4832 1615 4889 Inventio
1646 4836 1975 4890 sanctarum
2008 4831 2383 4903 reliquiarum
2416 4832 2728 4890 multarum
2759 4833 3008 4891 instabel
3049 4843 3094 4890 α.

983 4043 1099 4086 xvu
1140 4030 1261 4086 KaL

1017 4221 1109 4264 xvr
1150 4209 1271 4266 Kal.

1037 4310 1108 4353 xv
1149 4297 1270 4356 Kal.

1015 4488 1108 4532 xxv
1148 4474 1270 4533 Kal.

332 4980 1906 5057 [ngguﬁosauctarmreliqmmultanmimta-
2011 4988 2120 5057 est,
2165 4986 2320 5055 quod
2369 4985 2461 5043 hic
2511 4987 2710 5057 postea
2743 4985 2992 5057 habetur
3022 4992 3089 5045 17
3118 4983 3501 5057 Novembris:
3535 4985 3647 5044 Dc-

279 5046 368 5136 ἒει
399 5053 816 5136 Ηί⁰.ὶίἓ¹ἷ9.¹¹⁰.η
849 5046 1228 5136 ωθᾴἐοοξίεθτ
1276 5056 1435 5136 haesi.
1479 5057 1901 5136 «etiamnum

281 5116 472 5199 Pareo.
507 5123 662 5199 Nihil
689 5124 862 5199 hujus
885 5127 968 5199 rei
993 5127 1048 5182 in
1074 5127 1272 5199 Adone
1296 5126 1388 5199 vel
1415 5116 1470 5182 in
1494 5126 1606 5183 alio
1629 5129 1904 5199 Martyro-

283 5187 416 5269 logio
434 5194 709 5269 occurrit.
738 5187 1012 5269 Sfuspicor
1033 5197 1294 5269 additum
1309 5197 1414 5254 hoc
1430 5199 1502 5253 ab
1515 5187 1897 5269 exscriptore,

2011 5053 2235 5130 dicatio
2255 5057 2452 5130 sancti
2473 5053 2644 5130 Petri
2663 5057 2744 5130 qd
2761 5055 3074 5130 Μᾳζχῖίίαθο,
3098 5055 3248 5128 quod
3269 5053 3648 5130 Μαιυῃιῃιζω-

2009 5129 2170 5184 rium
2198 5142 2347 5198 esse,
2381 5128 2632 5185 vicinum
2665 5125 2969 5198 Stabuléto
2993 5125 3422 5198 monasterium,
3450 5127 3527 5184 ibi
3553 5126 3648 5186 ﬂr-

2015 5197 2339 5270 mabimus.
2365 5199 2472 5255 Sed
2507 5213 2635 5270 qua
2667 5197 2865 5270 multa
2908 5199 3012 5270 ha,
3035 5202 3103 5270 et
3136 5197 3366 5270 quando
3396 5197 3647 5257 inventa

283 5263 331 5313 et
369 5263 653 5335 designari
692 5263 929 5324 celebre
969 5267 1392 5348 monasterium.
1419 5268 1568 5348 apud
1603 5263 1904 5326 Eburones
2013 5268 2120 5325 reli
2167 5270 2277 5326 uia
2300 5270 2356 5326 in
2381 5263 2684 5327 Stabuleto
2711 5270 2735 5322 ?
2759 5263 3283 5348 .Certius'dixerim,
3308 5269 3539 5340 quando
3560 5285 3649 5326 re-

287 5330 1676 5397 StabelowmseuStabulatmﬁusmcionismea
1691 5338 1905 5396 fundus
2010 5284 2262 5397 congita
2293 5346 2354 5397 et
2385 5339 2694 5397 occultata
2725 5342 2859 5394 sint.
2895 5337 3239 5397 Suzebertus
3270 5354 3325 5397 in
3369 5340 3648 5397 Chronico

287 5330 1905 5412 Stabelo'hmseuStabulatmﬁuspicionismeafundus
2010 5355 2118 5397 con

2165 5340 2262 5398 ita
2293 5346 2354 5397 et
2385 5339 2694 5398 occultata
2725 5337 2859 5394 sint.
2895 5337 3239 5407 Sigebertus
3269 5337 3342 5397 in'
3369 5340 3648 5398 Chronico
