4078 6180
289 246 383 303 157

317 893 366 946 1.
409 902 452 945 ιι

315 1069 365 1124 2.
409 1080 474 1124 ιιι

323 1249 370 1302 3.
414 1259 471 1304 ιν

311 1515 436 1568 LV

313 1694 360 1745 5.
403 1703 460 1745 VI

278 3386 356 3440 13.
399 3396 476 3441 VII

268 3652 348 3708 14.
394 3663 412 3706 ι

268 3742 347 3795 15.
391 3751 431 3796 ιι

267 3919 347 3972 16.
394 3928 456 3972 III

265 4008 348 4061 17.
392 4019 447 4060 IV

263 4096 349 4149 18.
394 4108 425 4147 v

270 4184 357 4239 19.
399 4195 456 4238 v1

272 4452 359 4506 Ὦ.

284 4541 346 4594 21
361 4579 374 4594 .

282 4629 371 4684 22.

276 4717 363 4770 23.

279 4804 364 4862 2L

281 4979 366 5036 25.

285 5069 367 5126 26.

289 5159 369 5214 27.

291 5246 369 5304 28.

401 4462 458 4505 VI

418 4552 436 4594 Ι

416 4641 456 4682 Il

405 4727 468 4772 m

405 4817 461 4860 ιν

405 4992 442 5035 ν

407 5082 464 5126 τι

409 5171 488 5218 ΥΠ

409 5261 430 5305 I

1315 242 1918 305 MARTYROLOGIUM
1960 245 2101 302 CUM
2132 245 2657 303 ADDITAMENTIS.
3586 250 3688 310 ws

1695 535 2012 610 MENSIS
2073 534 2340 610 MAIUS

1506 734 1709 786 HABE'I'
1747 735 1889 786 DIES
1922 735 2100 804 XXXI,
2144 735 2305 790 LUNA
2332 735 2461 787 XXX

944 887 1065 948 Kal.
1108 888 1232 948 Mai.
1308 888 1572 948 Ieremia
1620 890 1945 964 Propheta.

1319 979 1385 1036 Et
1414 979 1822 1052 Apostolorum
1852 979 2124 1053 Philippi,
2154 984 2212 1037 et
2234 981 2429 1040 Jacobi
2471 981 2669 1040 fratris
2695 981 2936 1040 Domini.

1006 1081 1062 1125 vr
1097 1067 1239 1126 Non.
1319 1068 1615 1126 Athanasii
1647 1068 2054 1127 Alexandrina
2077 1069 2238 1128 urbis
2271 1069 2548 1144 episcopi.

1314 1157 1382 1213 Et
1416 1157 1712 1214 Saturnini
1739 1162 1797 1215 et
1827 1159 2115 1230 Neopolis,
2134 1159 2229 1230 qui
2263 1159 2315 1215 in
2341 1174 2576 1218 carcere
2607 1157 3044 1232 requieverunt.

1020 1260 1054 1302 v
1093 1247 1236 1302 Non.
1317 1246 1760 1319 Hierosolymis,
1794 1248 2059 1305 Inventio
2091 1251 2309 1306 sancta
2338 1248 2559 1306 Crucis.

1313 1335 1505 1394 Roma
1532 1335 1622 1394 via
1652 1337 2034 1408 Numentana,
2066 1336 2380 1394 Alexandri
2410 1340 2601 1411 Papa,
2636 1341 2694 1395 et
2729 1335 2954 1396 Eventii
2979 1340 3037 1394 et
3073 1335 3354 1395 Theoduli
3384 1337 3686 1412 presbyte-

1383 1439 1598 1483 rerum.

1001 1526 1054 1570 IV
1092 1512 1234 1570 Non.
1314 1514 1373 1568 In
1401 1514 1641 1572 civitate
1680 1516 1828 1571 Gaza
1862 1513 2091 1589 Sylvani
2123 1514 2379 1590 episcOpi
2411 1531 2542 1574 cum
2575 1514 2841 1590 plurimis
2877 1513 3229 1574 clericorum
3261 1532 3498 1576 suorum
3518 1533 3682 1577 coro-

1384 1603 1524 1660 nati.

998 1703 1059 1746 ιιι
1096 1690 1237 1746 Νοη.
1318 1691 1708 1764 Alexandria,
1741 1693 1925 1750 sancti
1956 1695 2245 1767 Euthymii
2271 1693 2496 1752 diaconi
2528 1695 2583 1752 in
2612 1707 2852 1753 carcere
2875 1691 3249 1767 quiescentis.

1309 1780 1746 1853 Thessalonica,
1781 1783 1983 1841 Irenai
2015 1787 2072 1839 et
2112 1783 2430 1856 Peregrini.

995 1881 1035 1924 ιι
1073 1868 1215 1925 Non.
1296 1869 1355 1924 Β.
1383 1869 1579 1926 Evodii
1612 1870 1898 1944 Episcopi,
1933 1873 2036 1945 qui
2067 1873 2290 1946 primus
2317 1874 2388 1929 ab
2419 1871 2699 1947 apostolis
2731 1871 3052 1932 Antiochia
3083 1872 3394 1931 ordinatus
3421 1876 3531 1930 cst.

1305 1958 1372 2013 Et
1405 1959 1459 2015 8.
1491 1960 1647 2017 Lucii
1676 1961 2040 2034 Cyrenensis,
2071 1961 2168 2033 qui
2201 1963 2440 2035 Cyrena
2471 1964 2542 2020 ab
2566 1961 2848 2036 apostolis
2889 1962 3199 2037 episcopus
3227 1961 3533 2019 ordinatus
3562 1963 3673 2018 est.

1299 2045 1366 2102 Et
1394 2048 1446 2103 S.
1477 2047 1712 2105 Joannis
1738 2050 1986 2122 apostoli
2030 2053 2261 2122 quando
2289 2054 2422 2108 ante
2449 2051 2692 2124 portam'
2709 2050 2967 2108 Latinam
3012 2050 3069 2108 in
3113 2049 3396 2108 ferventis
3431 2046 3544 2106 olei
3579 2049 3678 2106 do-

1379 2133 1516 2192 lium
1547 2136 1759 2195 missus
1785 2142 1893 2195 est.
2838 2139 2852 2152 ’

1044 2222 1237 2282 Nona.
1313 2223 1608 2282 Iuvenalis
1635 2227 1926 2298 martyris.

1308 2315 1376 2372 Et
1411 2316 1622 2374 Flavia
1649 2315 1976 2374 Domitilla.

1303 2404 1670 2478 Nicomedia,
1691 2407 1937 2478 Augusti
1969 2411 2025 2462 et
2062 2401 2390 2476 Augustini.

1002 2505 1101 2550 vm
1139 2491 1220 2550 Id.
1300 2494 1604 2552 Mediolani
1647 2497 1700 2552 S.
1734 2495 1984 2553 Victoris
2011 2493 2301 2566 martyris.

1018 2594 1096 2637 vn
1133 2580 1214 2638 Id.
1294 2583 1354 2640 In
1376 2584 1615 2641 Perside
1644 2589 1962 2656 martyrum
1992 2597 2150 2640 cccx.

1306 2673 1473 2744 Apud
1507 2673 1779 2730 Nazianzi
1812 2671 2109 2745 oppidum,
2145 2667 2404 2740 Gregorii
2434 2666 2690 2742 episcopi
2723 2665 2973 2739 theolog.

1053 2773 1109 2815 VI
1149 2758 1229 2816 Id.
1307 2761 1415 2817 Job
1444 2763 1763 2833 propheta.

1306 2848 1406 2904 Via
1439 2849 1657 2920 Latina,
1689 2848 1960 2906 Gordiani
1990 2852 2048 2904 et
2079 2845 2394 2920 Epimachi.

1301 2935 1366 2991 Et
1399 2936 1691 3008 Calepodii
1723 2937 1877 2994 senis
1907 2936 2255 3009 presbyteri.

1061 3036 1094 3077 ν
1135 3021 1216 3080 Id.
1296 3024 1489 3082 Roma
1518 3025 1606 3080 via
1643 3024 1882 3095 Salaria,
1920 3027 1972 3080 S.
2010 3022 2286 3082 Anthimi.

1028 3125 1082 3168 iv
1122 3111 1202 3168 Id.
1284 3113 1342 3169 In
1373 3113 1713 3170 cameterio
1745 3113 2092 3184 Pretextati,
2129 3111 2318 3183 Nerei,
2355 3114 2412 3166 et
2448 3107 2695 3168 Achillei
2731 3107 2998 3168 fratrum.

1300 3201 1401 3258 Via
1433 3201 1689 3273 Aurelia,
1723 3203 1908 3259 sancti
1939 3199 2229 3259 Pancratii
2262 3198 2552 3272 martyris.

1307 3291 1373 3346 Et
1408 3291 1680 3364 Dionysii.

1039 3392 1100 3436 ιιι
1142 3377 1224 3435 Id.
1306 3380 1552 3436 Servatii
1582 3380 1870 3453 Episcopi.

1301 3469 1354 3524 S.
1386 3468 1577 3526 Maria
1609 3467 1679 3524 ad
1723 3471 2011 3540 martyres
2055 3463 2438 3523 dedicationis
2488 3464 2615 3524 dies
2663 3465 2877 3538 agitur,
2929 3480 2958 3522 a
3032 3462 3326 3525 Bonifacio
3364 3463 3516 3540 Papa
3566 3467 3681 3523 sta-

1374 3559 1560 3613 tutus.

1053 3659 1094 3701 ιι
1133 3644 1214 3700 Id.
1293 3645 1354 3700 In
1389 3644 1572 3716 Syria,
1608 3645 1860 3702 Victoris
1891 3648 1950 3701 et
1983 3645 2223 3702 Corona
2257 3648 2597 3716 martyrum.

1061 3731 1214 3790 Idus.
1293 3733 1588 3804 Torquati,
1627 3733 2042 3805 Ctesiphontis,
2081 3732 2350 3802 Secundi,
2385 3729 2683 3803 Indalecii,
2723 3729 2956 3803 Cacilii,
2991 3729 3186 3803 Esicii,
3223 3728 3546 3806 Euphrasii,
3582 3729 3677 3803 qui

1318 3821 1511 3877 Roma
1543 3822 1614 3878 ab
1645 3821 1926 3892 apostolis
1954 3820 2210 3877 ordinati
2243 3824 2398 3876 sunt.

825 3923 940 3968 xm
979 3909 1042 3966 K.
1085 3909 1213 3966 Jun.
1296 3909 1357 3966 In
1389 3909 1627 3979 Isauria,
1666 3908 1920 3981 Aquilini
1954 3913 2013 3966 et
2046 3907 2384 3966 Victoriani.

960 4013 1050 4054 xw
1093 3997 1214 4055 Kal.
1295 3999 1355 4054 In
1385 3997 1606 4070 Tuscia,
1640 3997 1907 4070 Torpetis
1940 3998 2213 4071 martyris
2245 3997 2360 4056 sub
2394 3998 2638 4055 Nerone.

984 4101 1057 4144 xv
1095 4085 1217 4144 Kal.
1302 4087 1468 4160 Apud
1491 4086 1820 4160 :Egyptum,
1853 4086 2110 4145 Dioscori
2144 4086 2408 4144 lectoris.

966 4191 1059 4233 xxv
1098 4175 1219 4233 Kal.
1300 4177 1513 4247 Roma,
1547 4175 1911 4234 Potentiana
1943 4176 2206 4248 virginis.

1308 4266 1376 4322 Et
1406 4263 1740 4335 Prudentis,
1777 4265 2048 4337 discipuli
2080 4263 2263 4321 Pauli.

1309 4357 1377 4413 Et
1410 4355 1666 4413 Caloceri
1695 4359 1754 4413 et
1786 4355 2062 4412 Partheni
2094 4354 2521 4412 Eunuchorum.

975 4459 1076 4502 xm
1113 4443 1236 4502 Kal.
1315 4445 1416 4501 Via
1447 4443 1685 4512 Salaria,
1722 4445 1775 4500 S.
1811 4443 2035 4500 Basilia
2068 4442 2308 4514 virginis
2336 4447 2395 4500 et
2428 4441 2718 4517 martyris.

1007 4549 1086 4591 χιι
1124 4532 1247 4590 Kal.
1327 4534 1386 4588 In
1416 4531 1756 4588 Mauritania
1791 4532 2151 4603 Caesariensi,
2181 4532 2480 4604 Timothei,
2512 4531 2679 4590 Polii.

1031 4638 1089 4681 ιι
1127 4620 1248 4681 Kal.
1328 4623 1389 4679 In
1418 4619 1631 4692 Africa,
1668 4621 1821 4677 Casti
1853 4625 1911 4678 et
1942 4620 2173 4678 Emilii.

1045 4726 1082 4768 χ
1123 4709 1244 4768 Kal.

1012 4815 1069 4859 ix
1107 4799 1228 4858 Kal.
1311 4802 1364 4856 S.
1401 4796 1688 4857 Vincentii
1721 4797 2014 4870 martyris.

1314 4889 1376 4945 In
1407 4886 1596 4958 Istria,
1627 4885 1826 4958 Zoelli,
1862 4885 2099 4943 Silvani.

978 4991 1078 5036 vm
1115 4975 1238 5035 Kal.
1317 4977 1380 5034 In
1409 4975 1747 5035 cameterio
1776 4974 2140 5045 Pratextati,
2171 4975 2224 5032 S.
2263 4973 2477 5033 Urbani
2508 4972 2765 5048 episcopi
2795 4977 2854 5033 et
2899 4973 3189 5048 martyris.

995 5081 1073 5125 vn
1115 5066 1236 5124 Kal.
1320 5065 1488 5139 Apud
1519 5065 1796 5137 Athenas,
1832 5063 2112 5134 Quadrati
2144 5063 2418 5138 discipuli
2451 5063 2867 5139 apostolorum.

1020 5171 1077 5215 vr
1117 5155 1240 5214 Kal.
1323 5156 1386 5215 In
1418 5155 1606 5216 Masia
1637 5156 1878 5214 civitate
1906 5153 2329 5226 Dorostorensi,
2361 5152 2497 5213 Julii
2526 5150 2817 5225 martyris.

1039 5261 1075 5304 ν
1114 5244 1238 5305 Kal.
1316 5245 1555 5306 Ioannis
1580 5247 1771 5321 Papa.

1325 5335 1388 5394 In
1423 5334 1706 5408 Sardinia,
1738 5331 1970 5408 Emilii,
2005 5330 2227 5396 Felicis.
