4086 6178
251 314 336 366 165
1221 297 1232 302 5
1253 306 1856 364 MARTYROLOGIUM

2012 306 2038 362 Ι
2071 305 2596 363 ΑΒΒῙΤΔΜΕΝΤΙε.
3523 312 3625 368 166

249 437 322 491 29.
362 446 438 490 vn
675 431 720 486 Ν
1033 443 1089 487 ιν
1123 427 1246 487 Kal.
1325 430 1540 501 Romae,
1576 428 1782 487 Felicis
1813 443 1976 502 papa
2007 434 2064 485 et
2099 429 2372 502 martyris
2403 427 2515 486 sub
2546 427 2902 486 Constantio.

1324 519 1392 575 Et
1429 517 1730 591 Simplicii,
1767 517 2023 576 Faustini
2055 522 2112 574 et
2148 515 2446 574 Beatricis.

247 614 320 667 30.
362 623 380 666 ι
673 606 717 663 Ο
1015 621 1076 665 ιιι
1118 606 1238 664 Kal.
1319 607 1532 678 Romae,
1560 605 1764 663 Abdon
1796 612 1853 664 et
1890 605 2112 664 Sennis.

1322 695 1578 754 Turbulo
1610 694 1995 766 Lucernariae,
2029 694 2307 765 Maximae,
2342 692 2647 752 Donatillaa
2678 698 2736 753 et
2771 693 3052 755 Secundae
3082 693 3390 766 virginum.

244 792 317 844 31.
358 801 396 843 ιι
665 785 705 840 Ρ
1033 799 1074 841 ιι
1115 783 1236 841 Kal.
1321 785 1619 855 Caesareae,
1656 782 1814 841 Fabii
1847 783 2137 857 martyris.

247 930 548 998 martyrum
563 924 888 996 distinguit.
907 924 1253 1052 Agobardus
1275 939 1504 996 quoque
1528 925 1868 995 Lugdunen-
1978 924 2367 981 taleomonem
2393 924 2620 995 Vigiliis
2652 925 2706 981 in
2740 924 2969 996 Apulia.
2998 923 3317 982 Pantaleon
3347 927 3540 983 autem
3563 929 3622 981 et

247 997 313 1052 sis
331 997 641 1052 eniscoous
663 995 917 1052 carmine
981 1010 1011 1052 e
1035 995 1238 1052 barum
1263 995 1641 1052 reliquiarum
1658 995 1869 1052 advcn-
1979 995 2392 1052 Pantaleemon
2420 997 2571 1052 idem
2598 996 2943 1052 quibusdam
2969 1010 3176 1052 nomen
3195 1015 3208 1052 :
3227 1010 3356 1052 nam
3371 993 3622 1052 auiPan-

244 997 313 1053 sis
331 995 641 1068 episcopus
663 995 917 1068 carmine
940 995 1011 1052 de
1035 995 1238 1068 harum
1263 995 1641 1068 reliquiarum
1658 995 1869 1068 advcn-
1979 995 2392 1068 Pantaleemon
2420 997 2571 1052 idem
2598 995 2949 1068 quibusdam
2969 1010 3176 1053 nomen
3195 1010 3356 1068 :Anam
3371 995 3624 1068 quiAPan-

245 1073 317 1138 tu,
342 1064 711 1146 Pantaleonis
732 1081 940 1146 nomen
973 1067 1265 1146 exprimit.
1294 1064 1501 1146 Plures
1533 1066 1712 1146 igitur
1749 1067 1867 1146 iue-
1977 1067 2173 1146 t_ale_on
2226 1068 2386 1146 Rom.
2423 1064 2716 1146 Martyrol.
2752 1066 3177 1146 Pantaleemon‘
3210 1065 3264 1122 in
3292 1064 3624 1146 .Me'nologio

247 1137 362 1195 runt
383 1137 786 1210 Pantaleones.
817 1139 988 1210 certe
1013 1137 1067 1194 in
1083 1137 1376 1210 Martyrol.
1396 1139 1556 1210 Rom.
1577 1142 1661 1194 27.
1677 1137 1790 1194 Jul.
1808 1141 1865 1193 et
1979 1137 2195 1210 dicitur
2221 1158 2232 1194 :
2263 1138 2358 1210 ubi
2382 1145 2443 1194 et
2467 1137 2616 1210 alius
2637 1137 2953 1195 Pantaleon
2971 1144 3035 1195 17
3054 1137 3411 1210 Septembris
3433 1137 3625 1195 socius

247 1209 733 1266 Pantaleomonem
750 1208 1033 1267 medicum
1057 1208 1402 1266 Nicomediae
1425 1209 1622 1278 habes,
1641 1213 1698 1265 et
1724 1211 1867 1264 Pan-
1979 1208 2342 1280 Charalampi
2367 1209 2658 1282 martyris.

1520 1489 1838 1565 MENSIS
1890 1486 2337 1565 AUGUSTUS

1400 1664 1601 1714 HABET
1656 1665 1795 1714 DIES
1831 1664 2009 1731 XXXI,
2054 1665 2213 1716 LUNA
2263 1663 2444 1717 XXIX.

271 1826 312 1876 1.
351 1833 407 1876 Ill
669 1819 712 1885 Q
932 1816 1053 1874 Kal.
1099 1819 1243 1888 Aug.
1325 1818 1538 1887 Romae,
1575 1817 1646 1874 ad
1681 1819 1734 1874 S.
1770 1820 2007 1877 Petrum
2043 1818 2111 1874 ad
2146 1819 2404 1877 Vincula.

1324 1905 1663 1977 Antiochiae,
1701 1906 1792 1962 SS.
1829 1906 2306 1965 Machabzeorum.

1322 1992 1737 2066 Philadelphiae
1770 2000 2088 2068 martyrum
2123 1995 2340 2068 Cyrilli,
2377 1993 2620 2070 Aquilae,
2656 1995 2813 2054 Petri
2845 2003 2903 2054 et
2936 1995 3200 2057 aliorum.

1326 2082 1625 2152 Vercellis,
1661 2083 1894 2140 Eusebii
1926 2084 2203 2157 epis00pi.

267 2178 310 2230 ἢ.
349 2188 400 2230 ιν
660 2173 700 2228 R
1012 2187 1065 2228 Iv
1105 2173 1244 2229 Non.
1325 2173 1538 2241 Romae,
1573 2172 1848 2242 Stephani
1881 2187 2045 2244 papae
2075 2178 2131 2228 et
2167 2173 2457 2245 martyris.

1326 2260 1386 2315 In
1420 2258 1705 2331 Bithynia,
1739 2258 2048 2324 Theodotae
2078 2276 2208 2320 cum
2242 2261 2435 2320 tribus
2464 2261 2615 2320 filiis.

271 2355 311 2406 3.
351 2367 379 2406 ν
661 2351 696 2403 S
1005 2365 1064 2408 ιιι
1105 2350 1244 2406 Νοιι.
1325 2347 1754 2421 Hierosolymis,
1791 2350 2053 2407 Inventio
2081 2351 2344 2425 corporis
2395 2352 2549 2410 beati
2591 2351 2886 2426 Stephani,
2922 2351 3270 2424 Gamalielis,
3306 2353 3619 2426 Nicomedi,

1399 2437 1643 2494 Abibon.

1399 2453 1643 2495 ADIDOD.

1327 2524 1847 2599 Constantinopoli,
1883 2527 2159 2585 Hermelli
2196 2531 2486 2604 martyris.

267 2621 307 2674 4.
344 2631 393 2672 v1
636 2617 678 2671 Τ
1020 2631 1058 2672 ιι
1101 2615 1238 2672 Non.
1322 2614 1645 2672 Aristarchi
1678 2615 1880 2688 discipl

1020 2631 1058 2672 ιι
1101 2615 1238 2672 Non.
1322 2614 1645 2672 Aristarchi
1678 2614 1948 2688 discipuli
1982 2617 2400 2690 apostolorum.

1325 2704 1384 2759 ln
1414 2708 1618 2776 crypta
1652 2704 1951 2776 Arenaria,
1987 2707 2291 2766 Tertullini
2324 2709 2596 2782 martyris
2627 2710 2840 2767 Romae.

267 2800 306 2850 5.
348 2809 416 2850 vn
636 2795 678 2851 ν
1051 2794 1242 2850 Νοιιω.
1321 2793 1382 2848 In
1415 2793 1654 2849 civitate
1685 2795 1945 2864 Augusta
1979 2795 2034 2851 in
2068 2797 2310 2867 Rhmtia,
2349 2801 2563 2856 sancta
2595 2797 2747 2855 Afra:
2780 2797 3070 2868 martyris.

265 2889 307 2939 6.
347 2900 361 2939 ι
630 2886 673 2938 A
1015 2897 1112 2939 vm
1153 2882 1234 2939 Id.
1314 2883 1507 2938 Romae
1540 2883 1631 2938 via
1663 2883 1866 2954 Appia,
1903 2883 2048 2941 Xisti
2083 2901 2247 2957 papae
2277 2891 2336 2942 et
2371 2887 2660 2958 martyris.

1324 2970 1658 3028 Felicissimi
1690 2976 1747 3027 et
1779 2973 2011 3043 Agapiti
2043 2973 2414 3031 diaconorum
2449 2975 2504 3029 in
2534 2974 2872 3032 cmmeterio
2903 2975 3266 3031 Praetextati.

265 3067 306 3118 7.
344 3078 379 3118 ιι
626 3062 664 3116 Β
1044 3075 1118 3117 vn
1159 3059 1239 3116 ld.
1320 3059 1487 3131 Apud
1520 3059 1804 3131 Aretium,
1841 3061 2046 3117 Donati
2077 3061 2334 3134 episcopi
2367 3066 2425 3120 et
2460 3063 2755 3135 martyris.

1327 3150 1540 3218 Romae,
1575 3149 1754 3218 Petri,
1787 3148 2051 3221 Julianae,
2083 3167 2213 3208 cum
2247 3150 2376 3209 aliis
2407 3167 2562 3210 xvm.

1325 3235 1650 3308 Mediolani,
1687 3237 1881 3294 Fausti
1916 3240 2207 3311 martyris.

269 3331 311 3385 8.
347 3343 404 3386 ιιι
624 3329 662 3384 C
1065 3341 1120 3384 νι
1161 3325 1240 3382 id.
1320 3327 1532 3396 Romae,
1550 3326 1640 3383 via
1665 3325 1936 3398 Ostiensi,
1955 3327 2177 3400 Cyriaci
2201 3330 2474 3403 martyris
2495 3345 2626 3389 cum
2651 3329 2781 3388 aliis
2803 3345 2895 3388 xxi
2919 3328 3150 3403 quando
3170 3344 3271 3388 vm
3297 3327 3392 3388 die
3413 3329 3630 3389 mensis

1396 3416 1644 3486 Augusti
1677 3415 1966 3474 reconditi
1999 3422 2152 3475 sunt.

271 3512 313 3564 9.
350 3524 398 3566 Iv
621 3509 661 3562 ί)
1099 3523 1129 3561 v
1171 3507 1250 3563 ld.
1331 3507 1544 3577 Romae,
1579 3507 1818 3564 Romani
1850 3507 2070 3565 militis.

1325 3594 1532 3665 Vigilia
1564 3595 1749 3652 sancti
1782 3596 2097 3653 Laurentii.

245 3695 310 3745 10.
350 3705 377 3744 ν
618 3689 658 3743 Ε
1079 3701 1132 3744 ιγ
1172 3686 1253 3742 id.
1332 3686 1546 3756 Romae,
1582 3685 1874 3742 Laurentii
1907 3686 2276 3745 archidiacon
2309 3688 2600 3760 martyris.

1324 3775 1393 3830 Et
1427 3773 1674 3831 militum
1706 3789 1865 3831 CLXV.

247 3873 312 3923 11.
349 3882 398 3924 γι
617 3866 655 3921 F
1067 3879 1129 3922 ιιι
1153 3855 1251 3920 Μ.
1330 3865 1525 3919 Romae
1557 3863 1708 3919 inter
1740 3863 1884 3920 duas
1915 3863 2128 3935 lauros,
2163 3865 2408 3922 Tiburtii
2441 3865 2732 3936 martyris.

1326 3954 1394 4008 Et
1427 3953 1702 4009 Susannze
1732 3952 1974 4022 virginis
2008 3953 2298 4025 martyris.

246 4048 314 4100 12.
354 4059 423 4101 vn
609 4045 651 4099 G
1091 4057 1132 4100 ιι
1173 4041 1254 4100 Id.
1337 4043 1587 4112 Catanae,
1623 4041 1788 4113 Eupli
1821 4041 2048 4099 diaconi
2077 4047 2134 4099 et
2168 4044 2460 4116 martyris.

1325 4133 1386 4188 ln
1416 4131 1600 4204 Syria,
1638 4130 1866 4188 Macarii
1895 4136 1954 4187 et
1985 4130 2218 4189 Juliani.

246 4225 316 4278 13.
353 4238 369 4279 ι
605 4224 646 4278 Η
1096 4220 1248 4279 Idus.
1329 4222 1543 4291 Romae,
1559 4218 1854 4291 Hippolyti
1877 4222 2149 4293 martyris
2168 4236 2299 4281 cum
2314 4221 2528 4280 familia
2544 4235 2667 4293 sua,
2682 4224 2742 4278 et
2765 4220 2820 4276 S.
2838 4218 3192 4292 Concordia,
3211 4218 3460 4280 nutricis
3477 4219 3630 4295 ejus,

1328 4310 1390 4365 In
1423 4311 1546 4366 foro
1578 4307 1768 4380 Syllae,
1806 4309 2082 4367 Cassiani.

250 4402 317 4456 11.
357 4415 393 4457 ιι
620 4400 636 4456 l
848 4415 942 4458 xix
983 4401 1045 4456 K.
1093 4399 1250 4472 Sept.
1331 4400 1546 4467 Romae,
1574 4395 1804 4454 Eusebii
1829 4397 2156 4470 presbyteri
2180 4402 2236 4455 et
2260 4397 2631 4470 confessoris,
2656 4398 2765 4457 sub
2787 4396 3126 4457 Constantio
3155 4397 3387 4470 Ariano,
3411 4395 3629 4471 sepulti

1330 4489 1389 4543 In
1420 4485 1766 4544 coemeterio
1797 4485 2039 4543 Callisti.

250 4580 318 4630 15.
356 4592 412 4634 ιιι
603 4579 643 4634 K
948 4591 1085 4636 xvm
1124 4575 1247 4634 Kal.
1325 4575 1552 4632 Sanctae
1583 4576 1782 4631 Manus
1813 4572 2104 4630 dormitio.

1329 4663 1523 4720 Sancti
1553 4661 1824 4718 Tharsitii
1857 4662 2108 4734 acolythi
2141 4667 2201 4720 et
2235 4663 2528 4736 martyris.

252 4755 320 4807 16.
357 4767 407 4810 ιν
605 4755 644 4810 L
972 4768 1086 4811 xvu
1126 4751 1247 4810 Kal.
1327 4753 1389 4808 In
1419 4751 1588 4808 Nicea
1622 4749 1924 4823 Bithyniae,
1959 4750 2175 4808 Ursatii
2203 4751 2555 4810 confessoris
2585 4752 2694 4809 sub
2725 4749 2959 4808 Licinio.

1329 4843 1543 4911 Romae,
1579 4840 1832 4912 Serena,
1868 4840 2066 4896 uxoris
2097 4838 2438 4898 Diocletiani
2470 4839 2736 4910 Augusti.

255 4932 324 4983 17.
362 4945 409 4987 ιν.
592 4931 639 4986 M
986 4945 1080 4989 xvi
1120 4929 1242 4987 Kal.
1322 4931 1383 4987 In
1407 4929 1956 5001 Africa,martyrum
1982 4928 2511 4998 LiberatiAbbatis,
2531 4928 2804 4987 Bonifacii
2828 4927 3075 4999 diaconi,
3093 4927 3277 4985 Servii
3299 4930 3359 4984 et
3381 4924 3626 4996 Rustici,

1407 5023 1465 5074 et
1498 5018 1742 5074 aliorum
1774 5019 1881 5074 sub
1913 5016 2242 5073 Wandalica
2278 5015 2702 5089 persecutione.

1334 5109 1632 5175 Caesareae,
1669 5105 1986 5161 Mammetis
2018 5105 2309 5176 martyris.

257 5193 325 5247 18.
363 5208 414 5251 vr
590 5195 632 5252 N
1018 5209 1089 5252 xv
1129 5193 1251 5252 Kal.
1331 5195 1390 5248 ln
1424 5194 1780 5251 Praenestina
1811 5193 2071 5262 civitate,
2106 5193 2338 5265 Agapiti
2373 5193 2666 5266 martyris.

1335 5284 1548 5352 Romae,
1581 5283 1818 5339 Joannis
1847 5285 1906 5337 ct
1940 5281 2124 5353 Crispi
2159 5283 2655 5354 presbyterorum.

262 5371 331 5424 19.
366 5385 439 5428 vu
586 5372 630 5428 0
700 5445 709 5450 _
989 5387 1083 5429 xxv
1122 5370 1244 5428 Kal.
1329 5371 1519 5428 Sancti
1552 5371 1735 5440 Magni
1779 5384 1878 5426 seu
1913 5369 2158 5426 Andreae
2189 5371 2481 5442 martyris,
2518 5386 2649 5429 cum
2684 5369 2855 5427 sociis
2886 5365 3114 5424 duobus
3146 5364 3381 5426 milibus
3418 5382 3627 5427 nxcm.

1335 5461 1548 5529 Romae,
1579 5457 1716 5515 Julii
1745 5457 2034 5514 senatoris
2064 5463 2121 5514 et
2156 5458 2448 5529 martyris.

264 5544 336 5598 20.
374 5560 390 5600 ι
587 5549 626 5606 Ρ
996 5563 1096 5607 xm
1135 5547 1258 5606 Kal.
1338 5545 1620 5606 Samuelis
1652 5544 1969 5617 prophetae.
