4086 6178
418 282 522 339 167
1448 266 1527 322 -s.
1572 263 1829 322 morus
1870 260 2304 321 ARCHIEPISC.
2347 258 2761 317 VlENNENSlS
3154 232 3159 237 ’
3228 294 3233 298 ο
3707 246 3811 317 les

1516 390 1585 446 Et
1617 386 1925 461 Porphyrii
1958 383 2206 441 hominis
2237 383 2356 440 Dei.

417 498 506 552 21.
550 505 591 550 ιι
762 488 808 555 ρ
1192 493 1273 537 χιι
1311 477 1432 535 Kal.
1511 476 1758 548 Salona,
1794 474 2084 533 Anastasii
2115 473 2406 546 martyris.

417 587 505 642 22.
551 595 615 640 ιιι
760 577 807 632 R
1216 583 1274 627 XI
1315 566 1438 624 Kal.
1517 567 1713 622 Roma
1742 564 1833 621 via
1869 563 2145 635 Ostiensi,
2177 562 2478 621 Timothai
2511 563 2803 636 martyris.

1521 654 1591 710 Et
1625 652 1859 711 Antonii
1892 652 2184 726 martyris.
2918 697 2927 703 .

1521 743 1591 798 Et
1625 742 2069 815 peregrinorum
2101 744 2421 815 martyrum
2451 740 2749 811 Martialis,
2802 737 3071 812 Epicteti.
3109 734 3411 795 Saturnini
3461 749 3592 793 cum
3647 735 3825 793 sociis

1583 845 1811 889 eorum.

419 943 508 999 23.
551 951 606 994 ιν
769 933 807 988 S
1243 937 1279 980 ι
1319 920 1443 980 Kal.
1522 921 1737 991 Roma,
1771 918 2087 993 Hippolyti,
2122 919 2375 989 Quiriaci
2406 926 2465 978 et
2499 918 2795 979 Archillai.

1513 1008 1737 1067 Zachai
1767 1008 2046 1082 episcOpi.

1519 1089 1764 1155 Theona
1802 1096 2081 1171 episcopi.

420 1209 509 1265 24.
552 1218 586 1261 v
756 1200 798 1255 Τ
1224 1206 1281 1249 ιχ
1320 1189 1443 1248 Kal.
1523 1186 1929 1246 Bartholomai
1961 1185 2209 1259 apostoli
2239 1191 2298 1244 et
2331 1187 2620 1259 martyris.

1518 1279 1715 1335 Massa
1747 1275 2039 1347 Candida,
2074 1274 2428 1346 Carthagini.

419 1387 509 1441 25.
550 1395 605 1440 vl
753 1380 797 1432 A
1187 1383 1286 1426 vm
1326 1366 1448 1424 Kal.
1528 1367 1740 1437 Roma,
1776 1363 2005 1422 Genesii
2036 1365 2327 1436 martyris,
2363 1364 2538 1421 mimi.
2571 1361 2913 1435 Thymelica
2946 1361 3090 1421 artis
3118 1360 3396 1432 magister
3426 1357 3555 1417 fuit.

1519 1454 1588 1510 Et
1622 1453 1806 1509 sancti
1832 1452 2068 1510 Genesii
2099 1452 2501 1510 Arlelatensis.

1520 1543 1735 1613 Roma,
1783 1545 2036 1613 quatuor
2082 1544 2402 1612 martyrum
2447 1540 2702 1612 Eusebii,
2735 1539 3025 1611 Pontiani,
3058 1535 3363 1610 Peregrini
3401 1540 3463 1594 et
3504 1533 3824 1592 Vincentii.

421 1649 511 1705 26.
553 1658 632 1701 vn
750 1641 792 1697 Β
1203 1647 1278 1690 vn
1318 1629 1439 1688 Kal.
1521 1629 1824 1702 Zephyrini
1858 1644 2041 1701 papa.

1519 1718 1742 1788 Irenai,
1779 1718 2051 1776 Abundii.

1521 1805 1836 1878 Bergamis,
1872 1806 2207 1865 Alexandri.

1523 1896 1690 1969 Apud
1723 1892 2121 1966 Victimilium,
2156 1893 2406 1952 Secundi
2437 1894 2727 1967 martyris.

417 2004 506 2059 27.
548 2013 568 2055 ι
750 1996 791 2051 C
1220 2002 1275 2044 νι
1316 1984 1438 2043 Kal.
1518 1986 1748 2056 Capua,
1782 1982 1910 2039 Ruﬁ
1943 1982 2235 2055 martyris,
2271 1982 2623 2055 Apollinaris
2652 1981 2941 2055 discipuli.

1517 2073 1723 2143 Tomis,
1759 2072 2076 2129 Marcellini
2105 2076 2164 2129 et
2196 2073 2469 2131 Mannea.

419 2180 509 2235 28.
553 2190 594 2232 ιι
749 2173 793 2227 D
1253 2180 1285 2221 ν
1323 2163 1446 2221 Kal.
1524 2162 1740 2231 Roma,
1775 2160 2067 2218 Hermetis
2095 2160 2387 2231 martyris.

1520 2253 1583 2308 ln
1615 2249 1828 2320 Africa,
1865 2247 2175 2320 Augustini
2204 2247 2482 2321 episcopi.
2526 2292 2534 2299 .

1521 2337 2041 2409 Constantinopoli,
2076 2338 2259 2394 sancti
2294 2335 2609 2393 Alexandri
2640 2334 2919 2407 episcopi.

420 2445 509 2501 29.
551 2454 614 2498 ιιι
758 2438 802 2495 Ε
1221 2447 1275 2488 ιν
1314 2429 1436 2487 Kal.
1512 2429 1709 2485 Roma
1741 2426 1812 2484 ad
1847 2428 2059 2484 Arcum
2091 2424 2368 2496 Faustini,
2404 2424 2631 2481 Sabina
2662 2422 2953 2493 martyris.

1519 2517 1600 2574 Eo
1631 2515 1724 2573 die
1754 2519 2072 2572 veneratur
2103 2513 2414 2571 decollatio
2447 2512 2501 2569 S.
2535 2509 2771 2569 Joannis
2801 2509 3098 2583 Baptista.

423 2622 510 2676 30.
553 2631 608 2675 tv
763 2615 804 2672 F
1210 2623 1274 2667 ιιι
1312 2607 1435 2665 Kal.
1514 2606 1616 2664 Via
1648 2603 1921 2676 Ostiensi,
1949 2602 2157 2660 Felicis
2186 2605 2243 2658 et
2278 2603 2324 2673 -ι-
2352 2600 2599 2657 Audacti
2630 2602 2969 2670 martyrum.

425 2711 511 2766 31.
555 2721 587 2763 v
758 2703 801 2758 G
1241 2712 1281 2756 ιι
1321 2695 1445 2754 Kal.
1525 2693 1693 2768 Apud
1726 2693 2003 2763 Athenas,
2038 2690 2331 2762 Aristidis,
2367 2689 2463 2762 qui
2496 2688 2750 2746 Adriano
2790 2686 3044 2759 Principi
3077 2685 3149 2743 de
3180 2683 3461 2756 religione
3493 2680 3830 2739 Christiana

1594 2784 1775 2841 libros
1805 2781 2041 2840 obtulit.

423 2984 3828 3022 _____________________.____________.——_._

1658 3174 1991 3250 MENSIS
2050 3171 2587 3248 SEPTEMBRIS

1617 3402 1819 3452 HABET
1874 3399 2021 3479 DIES,
2063 3400 2217 3465 XXX,
2275 3399 2437 3449 LUNA
2487 3400 2614 3448 ΧΧΧ

461 3628 514 3680 1.
559 3636 611 3678 νι
758 3617 802 3674 Η
1119 3609 1241 3670 Kal.
1285 3609 1442 3682 Sept.
1518 3608 1655 3664 Jesu
1685 3606 1840 3662 Nave
1869 3610 1929 3661 et
1962 3603 2193 3661 Gedeon
2227 3602 2663 3676 prophetarum.

1523 3696 1755 3768 Capua,
1788 3691 1971 3749 Prisci
2004 3691 2295 3763 martyris,
2331 3690 2403 3748 de
2435 3690 2553 3748 illis
2582 3690 2839 3764 antiquis
2870 3689 3083 3749 Christi
3114 3689 3435 3764 discipulis.

1521 3784 1689 3859 Apud
1721 3783 2042 3840 Casaream
2074 3779 2473 3853 Cappadocia,
2507 3779 2744 3851 Longini
2776 3777 2977 3839 militis
3006 3784 3066 3838 et
3098 3778 3389 3853 martyris,
3415 3778 3514 3854 qui
3538 3777 3694 3841 latus
3715 3780 3831 3841 Do-

1591 3869 1729 3926 mini
1762 3868 1820 3925 in
1848 3884 2025 3928 cruce
2056 3869 2306 3942 aperuit.

456 3980 511 4034 2.
552 3987 630 4031 vn
776 3970 796 4026 l
1203 3977 1259 4021 iv
1296 3961 1438 4031 Non.
1518 3958 1685 4031 Apud
1717 3958 2034 4031 Apamiam,
2072 3957 2344 4015 Antonini
2387 3959 2678 4030 martyris.

761 4057 806 4113 K
1201 4064 1264 4108 ιιι
1302 4048 1443 4106 Non.
1520 4047 1735 4116 Roma,
1769 4044 2064 4119 Seraphia
2101 4044 2364 4118 virginis,
2408 4060 2464 4103 ιν
2511 4045 2635 4104 Kal.
2689 4044 2936 4118 Augusti
2997 4060 3202 4119 passa,
3264 4060 3324 4105 ιι.
3385 4045 3508 4105 Kal.
3570 4047 3829 4122 sepulta

1594 4148 1658 4192 ιιι
1687 4133 1827 4191 Non.
1863 4132 2224 4206 Septembris
2254 4133 2531 4192 memoria
2564 4132 2848 4206 passionis
2876 4132 3006 4206 ejus
3032 4133 3341 4194 celebrior.

458 4240 511 4297 ι.
553 4249 595 4293 ιι
761 4233 802 4289 L
1230 4240 1271 4284 ιι
1308 4225 1450 4283 Νοιι.
1528 4221 1735 4294 Moysis
1773 4221 2094 4295 propheta.

1517 4312 1781 4383 Ancyra,
1814 4315 2135 4383 martyrum
2166 4310 2344 4369 trium
2385 4325 2722 4385 puerorum,
2755 4310 2968 4385 Ruﬁni,
3003 4310 3241 4385 Silvani,
3274 4310 3555 4372 Vitalica.

758 4410 808 4466 ll
1244 4402 1435 4461 Nona.
1514 4400 1727 4473 Roma,
1744 4399 2024 4458 Victorini
2048 4400 2338 4473 martyris,
2367 4400 2567 4459 fratris
2587 4400 2867 4474 Severini,
2895 4401 2992 4475 qui
3015 4405 3146 4475 post
3168 4401 3369 4460 miram
3394 4402 3824 4477 panitudinem

1592 4488 1907 4545 Amiterna
1936 4488 2100 4547 urbis
2128 4488 2437 4563 episcopus
2466 4495 2526 4549 et
2559 4495 2780 4564 martyr
2814 4490 3003 4550 factus
3031 4494 3142 4550 est.

1517 4578 1733 4648 Roma,
1766 4577 2034 4634 Herconi.

455 4684 508 4740 6.
550 4693 605 4739 iv
751 4676 796 4734 N
1240 4684 1318 4729 vn
1358 4667 1440 4727 ld.
1517 4664 1806 4724 Zacharia
1838 4665 2161 4738 propheta.

1516 4756 1584 4813 Et
1618 4752 1961 4826 Onesiphori
1991 4753 2157 4813 Pauli
2189 4742 2478 4828 disCipuli.

1517 4846 1584 4902 Et
1615 4844 2012 4902 confessorum
2043 4842 2348 4902 Donatiani
2376 4848 2435 4901 et
2464 4848 2834 4904 caterorum.

452 4956 507 5009 7,
551 4965 605 5011 ιν
750 4946 797 5005 0
1239 4953 1316 4997 vn
1354 4936 1437 4995 ld.
1512 4933 1754 4992 Joannis
1788 4933 2081 5006 martyris,
2116 4933 2214 5005 qui
2254 4933 2602 4993 Nicomedia
2642 4936 2752 4994 sub
2790 4933 3148 4996 Diocletiano
3178 4934 3391 4998 librum
3423 4936 3637 5013 iniqua
3668 4937 3822 5012 legis

1588 5021 1918 5081 minutatim
1949 5022 2282 5096 discerpsit.

454 5130 509 5185 8.
550 5138 604 5183 VI
744 5126 786 5181 P
1262 5130 1317 5174 vi
1354 5114 1438 5172 Id.
1514 5110 1801 5170 Nativitas
1830 5112 1932 5168 Dei
1962 5108 2276 5169 Genitricis
2304 5112 2522 5169 MANE.

1515 5202 1583 5259 Et
1615 5198 1854 5258 Adriani
1885 5199 2160 5274 martyris
2185 5214 2318 5259 cum
2347 5214 2488 5259 nm
2519 5200 2891 5275 martyribus.
2952 5248 2957 5257 .

1514 5289 1584 5348 Et
1613 5287 1877 5347 Natalia.

455 5392 509 5450 9.
551 5400 629 5446 vn
738 5385 784 5454 ρ
1280 5395 1315 5441 v
1353 5380 1436 5440 ld.
1512 5377 1881 5449 Nicomedia,
1914 5376 2189 5437 Dorothei
2220 5381 2277 5435 et
2312 5376 2583 5450 Gargonii
2623 5381 2941 5453 martyrum
2983 5393 3227 5454 quorum
3259 5393 3429 5454 unus,
3462 5380 3816 5455 Gorgonius,

1585 5467 1823 5525 Romam
1852 5466 2227 5528 transfertur.

1518 5558 1580 5616 In
1612 5553 1857 5630 Sabinis,
1889 5554 2215 5630 Hyacinthi,
2249 5554 2564 5618 Alexandri
2594 5555 2861 5618 Tiburtii.
