4078 6180
267 297 364 350 177

291 421 341 475 9.
383 429 460 476 vn

258 510 341 563 to.
385 520 402 561 ι

254 689 309 740 11
383 696 422 740 ll

249 1071 333 1132 η.
377 1089 438 1132 ιιι

247 1338 328 1392 13.
373 1350 428 1392 Iv

247 1427 326 1480 16.
371 1439 408 1478 v

241 1693 320 1744 13.
364 1703 425 1744 τι

241 1779 318 1831 16.
364 1791 444 1833 vn

235 1957 315 2009 17.
360 1968 384 2011 ι

235 2227 308 2280 18.
354 2237 402 2279 ll

233 2405 305 2456 19.
351 2415 420 2457 ιιι

228 2579 304 2632 20.
347 2590 408 2632 ιν

229 2668 306 2720 21.
349 2681 388 2716 v

226 2844 308 2897 22.
358 2855 416 2896 τι

227 3199 306 3252 23.
351 3210 432 3252 vu

225 3551 372 3605 2L!

225 3729 302 3781 23.
346 3740 388 3783 ιι

224 3995 301 4048 26.
344 4007 409 4050 ιιι

223 4085 302 4137 27.
346 4097 402 4138 iv

223 4174 380 4227 28.v

222 4261 301 4313 29.
347 4273 408 4314 νι

222 4437 301 4490 30.
346 4450 428 4492 vn

222 4701 301 4754 31.
347 4715 364 4755 ι

653 1337 690 1391 L

641 1423 689 1481 Μ

643 1690 687 1744 Ν

639 1776 685 1832 0

633 2402 676 2455 R

639 2577 675 2631 S

631 2663 672 2721 Τ

599 3992 642 4046 D

592 4080 635 4136 E

593 4170 632 4223 Ρ

595 4258 634 4311 G

592 4436 631 4490 Η

1080 432 1112 472 v
1150 416 1233 474 Id.

1058 521 1112 564 Iv
1153 505 1234 563 Id.

1058 697 1119 741 ιιι
1158 683 1239 740 Id.

1072 1089 1112 1133 ιι
1152 1075 1233 1131 ld.

1091 1338 1242 1395 ldus.

813 1438 908 1481 xix
950 1424 1072 1484 Kal.
1114 1427 1244 1484 Jan.

925 1703 1062 1746 xvm
1103 1688 1226 1747 Kal.

948 1791 1063 1834 xvn
1101 1776 1224 1834 Kal.

970 1967 1062 2013 xvx
1100 1953 1222 2013 Kal.

982 2235 1052 2279 xv
1089 2220 1212 2278 Kal.

956 2413 1048 2456 χιιι
1086 2398 1209 2456 Kal.

949 2590 1049 2634 xm
1088 2576 1210 2634 Kal.

977 2679 1053 2722 χιι
1094 2663 1213 2722 Kal.

1007 2855 1062 2897 χι
1102 2841 1223 2898 Kal.

1021 3211 1054 3252 x
1094 3193 1214 3252 Kal.

1268 289 1868 350 MARTYROLOGIUM
1929 289 2069 348 ουιι
2128 289 2652 350 ADDITAMENTIS.
3545 313 3645 365 178

1311 416 1608 474 Leocadia
1639 414 1900 485 virginis.

1313 506 1550 564 Eulalia
1582 505 1826 576 virginis
1854 510 1912 562 et
1944 504 2234 577 martyris.

1317 595 1557 666 Spoleti,
1595 588 1951 667 Carpophori
1984 590 2331 666 presbyteri,
2367 597 2426 649 et
2458 594 2706 651 Abundii
2741 593 2986 652 diaconi.

1319 682 1572 740 Danielis
1604 682 1923 755 propheta.

1314 773 1526 843 Roma,
1562 771 1786 828 Damasi
1822 785 2002 843 papa.

1314 863 1381 919 Et
1415 866 1734 932 martyrum
1765 859 2050 929 Pontiani,
2079 860 2440 930 Pratextati,
2468 865 2526 915 et
2548 859 2856 916 Thrasonis
2878 860 2973 930 qui
3001 862 3351 932 martyribus
3374 865 3444 921 de
3469 867 3640 922 facul-

1381 950 1606 1006 tatibus
1637 949 1756 1006 suis
1786 949 2156 1006 ministravit.

1313 1073 1700 1145 Alexandria,
1734 1073 2048 1147 Epimachii
2078 1078 2135 1130 et
2169 1073 2503 1130 Alexandri.

1312 1165 1382 1220 Et
1412 1169 1742 1221 sanctarum
1785 1168 2036 1235 quatuor
2076 1162 2402 1233 mulierum,
2445 1164 2847 1236 Ammonaria,
2891 1165 3208 1238 Mercuria,
3243 1166 3545 1242 Dionysia,
3579 1175 3641 1228 et

1381 1255 1724 1313 Amonaria.
2893 1257 2906 1268 ’

1321 1339 1639 1411 Syracusis,
1677 1340 1863 1398 Lucia
1891 1341 2134 1412 virginis
2161 1346 2219 1398 et
2253 1341 2544 1412 martyris.

1323 1428 1662 1500 Antiochia,
1696 1429 1884 1500 Drusi,
1917 1428 2144 1500 Zosimi,
2178 1432 2235 1484 et
2267 1427 2568 1485 Theodori.

1308 1513 1694 1586 Alexandria,
1714 1516 1974 1586 Heronis,
2012 1517 2256 1585 Arsenii,
2290 1520 2349 1572 et
2381 1516 2605 1586 lsidori,
2639 1521 2696 1572 et
2720 1515 2995 1574 Dioscori.

1304 1603 1365 1658 In
1398 1603 1604 1674 Cypro,
1639 1604 1982 1675 Spiridionis
2011 1604 2286 1676 episcopi.

1308 1692 1367 1747 In
1401 1691 1612 1761 Africa,
1647 1693 1936 1748 Valeriani
1968 1693 2222 1765 episc0pi
2255 1699 2313 1749 et
2345 1695 2713 1766 confessoris,
2748 1695 3055 1753 Vandalica
3100 1700 3521 1768 persecutione.

1303 1779 1636 1848 Martyrium
1671 1786 2000 1837 sanctorum
2034 1781 2287 1850 Anania,
2325 1781 2567 1851 Azaria,
2603 1781 2865 1839 Misaelis.

1297 1868 1356 1923 In
1388 1867 1608 1939 Tuscia,
1643 1869 1913 1926 Barbara
1943 1869 2185 1939 virginis
2214 1873 2270 1924 et
2306 1870 2595 1940 martyris.

1299 1956 1622 2013 Translatio
1656 1957 1859 2028 [gnat-ii
1893 1957 2147 2028 episc0pi
2181 1963 2236 2012 et
2273 1958 2546 2028 martyris
2578 1957 2914 2015 Antiochia.

1296 2045 1363 2100 Et
1406 2045 1625 2117 Lazari,
1671 2061 1839 2119 quem
1883 2047 2146 2104 Christus
2196 2048 2586 2119 resuscitavit,
2621 2054 2680 2104 et
2721 2049 2958 2105 Martha
3009 2052 3226 2107 sororis
3265 2053 3392 2121 ejus
3432 2054 3485 2109 in
3530 2057 3628 2110 Be-

1369 2133 1586 2191 thania.

1291 2222 1418 2280 Rufi
1449 2227 1507 2278 et
1538 2222 1743 2280 Zosimi
1776 2222 1846 2278 de
1878 2223 2079 2294 primis
2111 2222 2412 2294 discipulis
2443 2222 2674 2294 Christi,
2714 2237 2817 2295 per
2849 2239 2994 2295 quos
3023 2224 3278 2284 Ecclesia
3311 2227 3383 2284 de
3411 2229 3626 2287 Iudaeis

1367 2316 1427 2368 et
1461 2313 1676 2370 Gracis
1705 2311 1994 2385 primitiva
2029 2310 2268 2369 fundata
2298 2313 2406 2364 est.
3621 2328 3632 2343 -

1291 2401 1454 2473 Apud
1487 2399 1816 2473 Egyptum,
1844 2399 2093 2456 Nemesii
2125 2397 2418 2468 martyris,
2447 2395 2543 2468 qui
2591 2409 2694 2468 per
2716 2395 3061 2454 calumniam
3089 2399 3251 2469 quasi
3278 2398 3631 2472 latrojudicn

1363 2487 1594 2545 delatus
1622 2494 1732 2546 est.

1292 2576 1676 2648 Alexandria,
1713 2577 2023 2647 Ammonis,
2058 2577 2318 2644 Zenonis,
2353 2573 2672 2644 Ptolomai,
2711 2574 2968 2644 Ingenui,
3003 2574 3323 2647 Theophili.

1292 2666 1518 2722 Thoma
1550 2666 1817 2738 apostoli.

1291 2754 1351 2809 In
1383 2753 1603 2825 Tuscia,
1636 2754 1870 2810 Joannis
1899 2757 1957 2809 et
1990 2752 2163 2810 Festi.
2861 2803 2863 2806 .

1302 2843 1515 2911 Roma,
1559 2857 1670 2898 xxx
1708 2846 2026 2913 martyrum
2067 2842 2176 2898 sub
2218 2839 2594 2910 Diocletiano,
2631 2839 2720 2896 via
2765 2840 3045 2898 Lavicana
3079 2841 3231 2897 inter
3263 2839 3408 2899 duas
3439 2842 3634 2899 lauros

1363 2929 1749 3001 sepultorum.

1294 3016 1678 3088 Alexandria,
1714 3016 2046 3074 Ischirionis
2077 3015 2368 3087 martyris.

1291 3105 1360 3162 Et
1393 3103 1637 3161 aliorum
1671 3103 2247 3176 quamplurimorum,
2283 3103 2436 3159 inter
2466 3117 2612 3174 quos
2639 3115 2818 3174 senex
2851 3100 3206 3161 Charemon.

1294 3195 1508 3266 Roma,
1534 3192 1805 3251 Victoria
1838 3191 2126 3263 martyris.

1291 3281 1657 3353 Nicomedia,
1695 3285 2012 3352 martyrum
2045 3295 2135 3336 xx.

1175 3419 1177 3421 .
1290 3371 1504 3440 Romae,
1532 3369 1762 3426 Cervuli
1795 3367 2142 3439 agritudine
2174 3365 2462 3436 dissoluti,
2490 3367 2547 3424 in
2577 3366 2824 3425 ecclesia
2857 3369 3011 3427 beati
3047 3368 3361 3432 Clementis
3387 3375 3623 3447 sepulti,

996 3561 1051 3604 lx
1091 3545 1213 3604 Kal.

951 3739 1052 3782 vm
1090 3721 1211 3781 Kal.

971 4003 1048 4047 vn
1086 3986 1207 4046 Kal.

991 4093 1047 4136 v1
1085 4077 1207 4134 Kal.

1007 4181 1040 4221 v
1080 4164 1202 4222 Kal.

987 4269 1040 4310 ιν
1080 4253 1201 4311 Kal.

984 4449 1046 4492 ιιι
1086 4430 1208 4492 Kal.

1007 4714 1046 4756 ιι
1086 4697 1206 4756 Kal.

1366 3458 1463 3515 ubi
1495 3458 1768 3514 Dominus
1800 3471 1904 3528 per
1935 3455 2095 3513 illum
2129 3456 2271 3512 mira
2303 3455 2534 3528 operari
2567 3455 2861 3527 dignatur.

1293 3545 1499 3617 Vigilia
1529 3545 1752 3603 Natalis
1781 3544 2022 3600 Domini.

1291 3634 1456 3706 Apud
1492 3633 1810 3706 Spoletum,
1848 3630 2111 3703 Gregorii
2145 3632 2472 3705 presbyteri
2505 3635 2563 3688 et
2598 3633 2890 3704 martyris.

1291 3724 1589 3779 NATIVITAS
1619 3723 1828 3778 DOMINI
1858 3721 2172 3778 secundum
2205 3734 2456 3777 carnem.

1284 3812 1498 3880 Roma,
1535 3809 1873 3866 Anastasia.

1282 3900 1352 3955 Et
1385 3897 1676 3968 Eugenia.

1287 3986 1564 4060 Stephani
1596 3984 2059 4058 protomartyris.

1281 4076 1516 4133 Joannis
1546 4073 1794 4147 apostoli
1823 4078 1883 4129 et
1914 4069 2310 4144 evangelista,
2346 4069 2499 4142 apud
2534 4067 2840 4142 Ephesum.

1283 4164 1600 4234 Bethleem,
1635 4166 1967 4221 sanctorum
1999 4159 2416 4218 Innocentium.

1280 4254 1459 4310 David
1491 4252 1662 4324 regis.

1287 4344 1356 4399 Et
1387 4341 1676 4415 TrOphimi
1709 4340 1984 4412 episcopi,
2022 4335 2290 4408 discipuli
2325 4333 2738 4408 apostolorum.

1287 4431 1456 4505 Apud
1486 4429 1804 4503 Spoletum,
1831 4426 2023 4484 Sabini
2045 4424 2323 4498 episcopi,
2348 4423 2776 4496 Exsupcmntii,
2803 4426 2863 4481 et
2886 4420 3159 4494 Marcelli,
3186 4427 3246 4480 et
3277 4424 3617 4482 Venustiani

1359 4535 1489 4581 cum
1522 4533 1704 4578 uxore
1733 4520 1791 4573 et
1825 4515 1958 4572 ﬁliis
1990 4535 2002 4570 :
2039 4513 2134 4587 qui
2167 4513 2319 4587 passi
2351 4529 2430 4571 vn
2460 4515 2594 4571 ldus
2623 4512 2974 4582 Decembris,
3013 4511 3390 4589 festivitatem
3425 4512 3620 4584 sepul—

1356 4613 1506 4666 tura
1537 4608 1752 4665 habent
1785 4622 1847 4664 ιιι
1879 4604 2116 4663 Kalend.
2149 4602 2425 4663 Januarii.

1287 4699 1500 4767 Roma,
1535 4694 1815 4766 Sylvestri
1848 4709 2010 4767 papa
2041 4698 2098 4751 et
2129 4692 2495 4751 confessoris.

1289 4786 1355 4842 Et
1391 4787 1606 4843 sancta
1639 4782 1930 4840 Columba
1960 4782 2219 4853 virginis.

1291 5080 2548 5123 *ψ*-
