4078 6180
415 277 519 330 179

1417 271 1471 327 s.
1517 269 1773 331 ADONIS
1809 273 2244 337 ARCHIEPISC.
2301 279 2716 342 vmuuuusrs
3310 360 3332 372 .
3707 298 3807 354 180
3848 277 3857 287 '

418 428 3800 466 Μῃ-

759 532 936 619 QUO
991 531 1342 606 GENERE
1393 531 1720 607 CULTUS
1774 533 2048 608 .SANTI
2118 537 2589 618 MARTYRES
2654 520 3166 623 VENERANDI
3220 551 3469 626 SUNT.

854 709 972 780 Em
1002 709 1190 781 libris
1240 710 1325 782 B.
1363 707 1722 802 Augustini
1755 713 2043 807 episcopi
2080 716 2229 805 (lib.
2270 741 2354 790 xx
2384 688 2610 793 contra
2644 724 2986 797 Faustum.
3027 752 3173 821 cap.
3214 733 3308 803 2!
3328 734 3378 822 .)

1910 891 2331 911 ᾗ

491 989 746 1083 Papulus
792 986 1180 1083 Christianus
1203 987 1537 1083 memorias
1558 994 1878 1083 martyrum
1920 992 2056 1049 reli-
2084 994 2139 1054 A
2170 1002 2227 1054 et
2253 1013 2415 1056 sacra
2429 1002 2753 1071 gentilium.
2772 1004 3026 1072 Quorum
3042 970 3362 1067 similitudo
3386 1010 3442 1069 in
3465 1012 3810 1083 quibusdam

422 1081 580 1151 giosa
596 1079 963 1136 solemnitate
984 1078 1377 1149 concelebrat,
1395 1082 1453 1135 et
1469 1079 1539 1136 ad
1555 1081 1924 1138 excitandam
1941 1083 2069 1139 imi-

422 1169 721 1240 tationem,
738 1174 795 1225 et
810 1174 873 1226 ut
889 1168 1113 1226 meritis
1125 1183 1324 1226 eorum
1338 1169 1727 1241 consocietur,
1747 1175 1924 1243 atque
1942 1186 2070 1229 ora-

423 1259 681 1318 tionibus
710 1259 1056 1331 adjuvetur:
1092 1259 1417 1330 ita‘tamen,
1454 1262 1515 1317 ut
1549 1259 1691 1317 nulli
1726 1266 2065 1332 martyrum,

425 1350 527 1407 sed
552 1350 658 1422 ipsi
684 1350 798 1406 Deo
822 1353 1159 1419 martyrum,
1178 1349 1440 1419 quamvis
1462 1349 1518 1406 in
1544 1350 1837 1407 memoriis
1860 1356 2071 1422 marty-

431 1454 556 1497 rum
588 1438 1015 1495 constituamus
1044 1436 1270 1494 altaria.
1309 1438 1449 1506 Quis
1478 1438 1629 1495 enim
1663 1438 1989 1496 antistitum
2013 1440 2069 1496 in

430 1528 571 1585 locis
588 1532 920 1585 sanctorum
934 1541 1244 1598 corporum
1260 1528 1558 1600 assistens,
1578 1527 1747 1585 altari
1762 1528 2072 1600 aliquando

430 1615 575 1671 dixit
602 1636 614 1670 :
643 1614 951 1671 Oﬂ‘erimus
970 1614 1077 1670 tibi
1100 1611 1293 1685 Petre,
1311 1619 1408 1673 aut
1425 1615 1622 1686 Paule,
1641 1622 1739 1673 aut
1755 1618 2074 1689 Cypriane?

432 1704 541 1762 Sed
575 1704 727 1775 quod
757 1703 1023 1773 oﬁ‘ertur,
1047 1703 1293 1761 offertur
1322 1705 1456 1774 Deo,
1484 1705 1580 1775 qui
1606 1710 1891 1775 martyres
1911 1721 2075 1763 coro-

431 1794 609 1864 navit,
638 1793 790 1865 apud
823 1792 1129 1849 memorias
1159 1808 1359 1849 eorum
1393 1808 1538 1864 quos
1558 1794 1889 1863 coronavit;
1915 1799 1977 1852 ut
2001 1810 2074 1851 ex

434 1882 690 1953 ipsorum
715 1880 970 1938 locorum
986 1880 1376 1937 admonitione
1399 1880 1581 1951 major
1611 1880 1854 1938 affectus
1873 1897 2075 1939 exsur-

430 1974 551 2040 gat,
571 1970 640 2028 ad
668 1970 987 2040 augendam
1010 1970 1377 2040 charitatem,
1394 1974 1453 2026 et
1477 1970 1531 2025 in
1556 1969 1687 2027 illos
1702 1970 2073 2040 quosimitari

429 2074 757 2130 possumus,
781 2063 838 2115 et
865 2059 920 2114 in
944 2058 1103 2115 illum
1130 2074 1243 2129 quo
1263 2058 1574 2128 adjuvante
1599 2059 1901 2129 possimus.
1931 2059 2077 2115 Coli-

432 2165 560 2207 mus
579 2164 720 2220 ergo
743 2153 1030 2219 martyres
1050 2163 1120 2205 eo
1140 2148 1303 2205 cultu
1328 2148 1659 2205 dilectionis
1671 2151 1728 2205 et
1754 2149 2072 2219 societatis,

436 2254 552 2309 quo
573 2242 630 2295 et
657 2239 713 2293 in
734 2238 839 2295 hac
856 2238 979 2294 vita
1002 2237 1276 2294 coluntur
1300 2238 1484 2295 sancti
1507 2237 1767 2294 homines
1790 2238 1910 2308 Dei,
1938 2253 2078 2308 quo-

2179 1087 2354 1144 etiam
2395 1091 2664 1162 superbis
2704 1091 3031 1152 hominibus
3069 1110 3346 1169 expressa
3385 1104 3474 1157 est
3512 1120 3525 1157 :
3557 1101 3709 1160 sicut
3751 1103 3818 1160 de

2182 1176 2509 1249 Babyloniae
2533 1179 2875 1250 quibusdam
2892 1184 3130 1254 regibus
3144 1187 3434 1245 memoriae
3456 1191 3821 1249 commenda-

2182 1267 2301 1321 tum
2334 1270 2619 1324 tenemus.
2655 1269 2817 1325 Unde
2848 1276 3086 1329 sanctus
3114 1273 3313 1331 Daniel
3346 1281 3721 1337 accusatores
3760 1294 3822 1337 ac

2182 1359 2589 1425 persecutores
2602 1356 2868 1428 pertulit,
2886 1360 3039 1429 quod
3055 1361 3210 1432 regis
3221 1362 3415 1421 edicto
3429 1367 3822 1437 proposito,ut

2182 1441 2322 1497 nihil
2339 1457 2368 1498 a
2384 1457 2673 1515 quoquam
2687 1445 2803 1501 Deo
2817 1451 3122 1517 peteretur
3144 1449 3251 1507 nisi
3275 1466 3303 1507 a
3329 1466 3466 1522 rege
3480 1452 3622 1524 solo,
3643 1455 3823 1512 Deum

2184 1545 2369 1601 suum,
2407 1532 2513 1589 hoc
2544 1537 2631 1589 e'st
2665 1549 2840 1591 unum
2871 1539 2927 1590 et
2962 1550 3163 1594 verum
3204 1540 3383 1595 Deum
3433 1540 3680 1598 adorare
3733 1542 3827 1599 de-

2184 1620 2529 1692 precarique
2551 1621 2952 1692 deprehensus
2970 1630 3058 1681 est
3078 1645 3089 1679 :
3109 1626 3205 1696 qui
3238 1632 3430 1693 autem
3455 1643 3513 1685 se
3537 1629 3590 1685 in
3615 1630 3827 1687 memo-

2183 1708 2288 1765 riis
2334 1714 2651 1780 martyrum
2704 1710 3013 1781 inebriant,
3048 1715 3335 1783 quomodo
3365 1730 3394 1771 a
3428 1717 3595 1774 nobis
3618 1732 3828 1791 appro-

2186 1797 2308 1852 bari
2345 1802 2606 1869 possunt,
2640 1813 2770 1855 cum
2802 1813 2920 1868 eos,
2956 1800 3183 1857 etiamsi
3216 1802 3271 1857 in
3303 1803 3571 1861 domibus
3608 1805 3735 1862 suis
3773 1806 3824 1862 id

2186 1884 2421 1954 faciant,
2437 1899 2574 1941 sana
2601 1884 2862 1941 doctrina
2879 1887 3222 1943 condemnet
3238 1890 3555 1956 ?Sed,aliud
3568 1896 3655 1947 est
3673 1893 3827 1964 quod

2187 1973 2477 2043 docemus,
2504 1971 2659 2029 aliud
2687 1974 2836 2043 quod
2863 1975 3236 2044 sustinemus,
3263 1977 3420 2034 aliud
3443 1980 3593 2049 quod
3628 1980 3831 2051 praeci-

2188 2073 2326 2132 pere
2344 2060 2636 2130 jubemur,
2663 2058 2819 2116 aliud
2844 2061 2998 2131 quod
3020 2064 3331 2121 emendare
3354 2066 3749 2137 praecipimus,
3772 2072 3829 2123 et

2186 2149 2369 2205 donec
2400 2148 2792 2219 emendemus,
2825 2147 3082 2206 tolerare
3121 2152 3557 2224 compellimur;
3588 2154 3706 2211 alia
3747 2160 3831 2213 est

2187 2236 2488 2308 disciplina
2506 2236 2982 2307 Christianorum,
3001 2237 3112 2295 alia
3128 2239 3356 2297 luxuria
3378 2240 3831 2313 vinolentorum,

434 2343 560 2384 rum
583 2343 685 2384 cor
707 2327 778 2383 ad
798 2326 974 2383 talem
1000 2342 1104 2398 pro
1125 2326 1459 2396 evangelica
1480 2327 1731 2383 veritate
1747 2327 2071 2398 passionem
2102 2348 2153 2407 Β
2188 2325 2279 2382 vel
2302 2340 2468 2381 error
2491 2324 2870 2395 inﬁrmorum,
2894 2331 3294 2384 verumtamen
3316 2334 3374 2385 et
3397 2329 3453 2385 in
3477 2329 3583 2387 hoc
3604 2330 3738 2403 ipso
3759 2331 3838 2387 di-

434 2420 700 2485 paratum
749 2428 877 2471 esse
926 2413 1239 2480 sentimus;
1270 2413 1372 2469 sed
1415 2413 1546 2470 illos
1582 2416 1749 2469 tanto
1781 2412 2069 2484 devotius,

435 2508 653 2574 quanto
668 2503 931 2560 securius
944 2505 1073 2574 post
1090 2501 1312 2557 incerta
1326 2500 1513 2557 omnia
1528 2506 1834 2572 superata;
1860 2506 2077 2571 quanto

435 2592 611 2649 etiam
645 2591 939 2648 ﬁdentiori
971 2590 1142 2647 laude
1176 2589 1562 2661 praedicamus
1576 2589 1692 2660 jam
1726 2589 1780 2645 in
1810 2589 1928 2645 vita
1956 2588 2079 2645 feli-

434 2680 578 2737 ciori
602 2681 873 2750 victores,
904 2694 1071 2751 quam
1098 2678 1153 2734 in
1175 2679 1284 2736 ista
1310 2679 1497 2735 adhuc
1520 2693 1703 2749 usque
1728 2682 2072 2749 pugnantes.

438 2772 507 2824 At
543 2768 643 2825 illo
672 2768 856 2834 cultu,
893 2768 988 2840 qui
1023 2769 1445 2848 Graecezarrpua
1470 2767 1704 2837 dicitur,
1741 2766 1942 2822 Latine
1966 2781 2079 2823 uno

436 2867 618 2923 verbo
647 2866 757 2923 dici
795 2880 904 2922 non
938 2868 1150 2937 potest,
1175 2879 1305 2922 cum
1337 2865 1411 2921 sit
1445 2864 1707 2935 quaedam
1739 2863 1974 2935 proprie
1997 2862 2081 2918 di-

436 2953 664 3011 vinitati
698 2954 893 3011 debita
925 2955 1197 3025 servitus,
1215 2967 1320 3010 nec
1348 2952 1611 3023 colimus,
1638 2966 1743 3009 nec
1772 2950 2079 3008 colendum

437 3043 729 3114 docemus,
775 3042 880 3099 nisi
924 3057 1099 3099 unum
1140 3043 1337 3098 Deum.
1384 3043 1523 3097 Cum
1564 3045 1757 3098 autem
1809 3040 1878 3096 ad
1929 3040 2081 3096 hunc

434 3131 656 3191 cultum
690 3131 979 3202 pertineat
1003 3129 1223 3186 oblatio
1247 3127 1513 3186 sacrificii
1546 3128 1731 3199 (unde
1756 3127 2082 3184 idololatrte

438 3223 733 3289 dicuntur,
753 3219 848 3289 qui
874 3219 979 3274 hoc
1002 3218 1177 3274 etiam
1203 3216 1373 3273 idolis
1397 3216 1708 3286 exhibent)
1732 3214 1891 3271 nullo
1914 3215 2082 3272 modo

432 3309 553 3365 tale
585 3305 1113 3378 aliquidoﬂ‘erimus
1156 3310 1255 3362 aut
1295 3303 1653 3360 offerendum
1688 3303 2077 3376 praecipimus,

434 3397 526 3454 vel
550 3397 819 3467 cuiquam
851 3395 1090 3465 martyri
1114 3393 1205 3451 vel
1229 3393 1498 3464 cuiquam
1523 3397 1738 3449 sanctas
1762 3392 1966 3449 anima;
1991 3392 2082 3448 vel

437 3485 705 3555 cuiquam
722 3483 946 3555 angelo,
972 3487 1030 3539 et
1047 3482 1310 3553 quisquis
1333 3481 1388 3537 in
1412 3481 1562 3537 hunc
1583 3495 1842 3536 errorem
1866 3479 2084 3536 delabi-

436 3577 553 3641 tur,
578 3570 897 3643 corripitur
911 3586 1015 3643 per
1031 3584 1223 3627 sanam
1249 3567 1593 3638 doctrinam,
1614 3568 1735 3624 sive
1752 3572 1812 3624 ut
1827 3568 2084 3641 corriga-

436 3659 684 3731 tur,sive
707 3663 766 3715 ut
790 3657 1280 3716 caveatur.Etiam
1314 3655 1422 3728 ipsi
1459 3655 1764 3726 sancti,vel
1798 3654 2077 3724 homines,

437 3747 528 3804 vel
544 3746 1023 3818 angeli,exhiberi
1039 3745 1147 3802 sibi
1166 3744 1551 3815 nolunt,quod
1568 3743 1663 3800 uni
1680 3742 1900 3798 Domini
1916 3742 2085 3798 debe-

440 3836 487 3891 ri
502 3838 734 3893 norunt.
753 3834 1034 3907 Apparuit
1050 3835 1154 3890 hoc
1170 3833 1227 3889 in
1242 3832 1420 3889 Paulo
1434 3836 1491 3888 et
1510 3832 1767 3888 Barnaba
1784 3830 2077 3902 (Act.x1v),

437 3938 567 3982 cum
588 3924 859 3981 commoti
884 3921 1196 3991 miraculis,
1225 3936 1354 3991 quae
1377 3934 1482 3991 per
1504 3934 1603 3975 eos
1625 3920 1773 3975 facta
1799 3922 1953 3987 sunt,
1983 3920 2083 3989 Ly-

438 4012 622 4069 caonii
646 4017 922 4082 tanquam
946 4011 1056 4066 diis
1078 4008 1375 4064 immolare
1413 4006 1727 4063 voluerunt
1746 4026 1757 4061 :
1774 4006 2084 4063 conscissis

440 4099 591 4155 enim
612 4096 1128 4165 vestimentissuis,
1144 4094 1492 4152 conﬁtentes
1504 4097 1562 4148 et
1578 4093 2000 4165 persuadentes
2020 4109 2081 4150 se

442 4186 581 4241 deos
595 4200 707 4241 non
720 4197 868 4253 esse,
887 4183 995 4239 ista
1010 4182 1119 4239 sibi
1145 4180 1268 4237 ﬁeri
1291 4184 1625 4237 vetuerunt.
1648 4180 1929 4251 Apparuit
1946 4185 2003 4237 et
2026 4180 2082 4237 in

444 4272 842 4344 angelis,sicut
857 4272 913 4327 in
928 4268 1811 4344 Apocalypsilegimus(00p.xrx
1838 4273 1896 4326 et
1921 4270 2079 4341 χχιι),

444 4360 712 4430 angelum
737 4375 797 4417 se
820 4358 1048 4416 adorari
1072 4357 1475 4429 prohibentem
1489 4372 1553 4414 ac
1567 4357 1858 4413 dicentem
1884 4357 2085 4413 adora-

442 4448 555 4505 tori
589 4464 693 4505 suo
725 4468 737 4503 :
773 4449 1097 4505 Conservus
1136 4450 1273 4504 tuus
1303 4461 1427 4504 sum
1458 4447 1515 4502 et
1552 4447 1793 4503 fratrum
1812 4450 2080 4514 tuorum,

445 4536 747 4593 Dominum
770 4536 964 4594 adora.
982 4538 1096 4593 Ista
1119 4534 1227 4592 sibi
1251 4534 1419 4606 plane
1442 4534 1678 4605 superbi
1703 4534 1945 4615 spiritus
1967 4533 2087 4589 exi-

444 4629 610 4696 gunt,
630 4625 894 4683 diabolus
914 4629 971 4682 et
996 4624 1184 4696 angeli
1198 4622 1343 4695 ejus,
1358 4623 1506 4681 sicut
1531 4638 1635 4697 per
1656 4623 1843 4681 omnia
1865 4621 2083 4693 templa

2186 2418 2338 2471 stant
2359 2412 2668 2485 plurimum
2681 2412 2870 2484 culpae
2882 2413 3308 2473 vinolentorum
3321 2421 3377 2474 et
3393 2417 3834 2492 sacrilegorum,

2188 2505 2377 2573 Longe
2411 2501 2625 2574 quippe
2657 2500 2896 2559 minoris
2926 2504 3154 2573 peccati
3184 2509 3295 2575 est,
3320 2506 3545 2564 ebrium
3576 2507 3779 2565 redire
3807 2523 3836 2566 a

2187 2591 2560 2661 martyribus,
2589 2603 2758 2660 quam
2788 2588 2882 2646 vel
2908 2589 3167 2660 jejunum
3199 2594 3530 2651 sacrificare
3568 2596 3840 2667 martyri-

2188 2683 2313 2737 bus.
2334 2678 2670 2735 Sacriilcare
2694 2677 3048 2748 martyribus
3070 2677 3208 2751 dixi,
3227 2697 3337 2738 non
3362 2681 3481 2739 dixi
3505 2683 3839 2742 sacriﬁcare

2188 2770 2304 2825 Deo
2346 2768 2401 2823 in
2436 2764 2727 2823 memoriis
2769 2770 3088 2836 martyrum
3122 2786 3135 2822 :
3169 2768 3322 2839 quod
3368 2770 3840 2841 frequentissime

2191 2856 2449 2926 facimus,
2483 2854 2583 2910 illo
2603 2854 2887 2910 duntaxat
2914 2853 3051 2925 ritu,
3080 2870 3194 2927 quo
3218 2856 3327 2913 sibi
3351 2857 3666 2915 sacrificari
3694 2859 3837 2916 Novi

2188 2943 2539 3001 Testamenti
2562 2940 3027 2997 manilestatione
3054 2944 3370 3016 praecepit:
3401 2944 3553 3016 quod
3579 2946 3837 3018 pertinet

2192 3033 2263 3092 ad
2286 3025 2448 3089 illum
2471 3032 2692 3089 cultum
2716 3036 2813 3105 qui
2830 3032 3045 3110 λατρσια
3063 3032 3299 3103 dicitur,
3317 3038 3375 3089 et
3400 3033 3497 3090 uni
3518 3033 3632 3090 Deo
3662 3033 3840 3090 debe-

2190 3134 2307 3187 tur.
2348 3129 2627 3201 [Proinde
2656 3144 2857 3188 verum
2881 3130 3250 3200 sacrificium,
3277 3129 3427 3200 quod
3457 3129 3555 3187 uni
3576 3143 3723 3187 vero
3747 3129 3842 3187 de-

2193 3219 2366 3274 betur
2394 3219 2529 3287 Deo,
2557 3233 2670 3288 quo
2692 3216 2818 3287 ejus
2849 3217 3033 3275 altare
3065 3216 3223 3274 solus
3254 3217 3520 3275 Christus
3549 3215 3837 3289 implevit,

2194 3306 2247 3361 in
2278 3305 2529 3361 victimis
2562 3321 2836 3377 pecorum
2870 3306 3094 3362 imitata
3118 3305 3400 3362 daemonia
3424 3305 3534 3362 sibi
3564 3320 3842 3377 arrogan-

2192 3399 2284 3450 ter
2298 3398 2640 3465 exposcunt,
2669 3395 2821 3450 unde
2845 3393 3161 3465 Apostolus
3185 3393 3356 3450 dicit:
3378 3394 3847 3461 Qmimmolant

2186 3482 2390 3554 gentes
2402 3482 2707 3540 dementis
2719 3483 2894 3539 immo
2902 3483 3050 3552 lant,
3065 3482 3248 3539 etnon
3257 3483 3377 3539 Deo
3392 3482 3648 3546 (1001:):
3662 3488 3718 3552 ),
3732 3496 3842 3539 non

2195 3570 2346 3642 quod
2374 3570 2730 3628 offerebatur
2749 3570 3011 3642 culpans,
3040 3571 3142 3627 sed
3166 3570 3299 3641 quia
3323 3569 3439 3627 illis
3459 3570 3841 3627 offerebatur.

2194 3658 2421 3714 Hebraei
2453 3662 2646 3714 autem
2679 3657 2735 3713 in
2765 3658 3018 3716 victimis
3048 3672 3320 3730 pecorum
3353 3672 3496 3729 quas
3517 3656 3845 3714 offerebant

2193 3746 2312 3802 Deo
2345 3744 2542 3802 multis
2571 3751 2629 3801 et
2659 3744 2840 3803 variis
2880 3744 3086 3816 modis,
3123 3745 3271 3802 sicut
3307 3760 3370 3801 re
3400 3748 3561 3801 tanta
3603 3744 3844 3816 dignum

2191 3837 2338 3903 erat,
2358 3833 2720 3905 prophetiam
2744 3832 3124 3890 celebrabant
3143 3833 3355 3889 futura;
3380 3832 3651 3902 victimas,
3670 3846 3847 3903 quam

2195 3919 3001 3988 Christusobtulit.Undejam
3018 3918 3328 3975 Christiani
3344 3918 3564 3991 peracti
3578 3918 3844 3992 ejusdem

2192 4007 2339 4063 sacri
2351 4006 2460 4062 ﬁcii
2484 4006 2816 4063 memoriam
2839 4006 3142 4062 celebrant
3157 4008 3526 4063 sacrosancta
3541 4004 3844 4063 oblatione

2192 4098 2249 4150 et
2287 4093 2730 4165 participatione
2749 4093 3013 4165 corporis
3034 4097 3091 4150 et
3116 4094 3421 4165 Sanguinis
3445 4092 3704 4165 Christi.]
3734 4094 3848 4151 Hu-

2188 4182 2284 4253 jus
2314 4182 2581 4239 sacriﬁcii
2611 4197 2749 4240 caro
2779 4185 2837 4239 et
2870 4182 3108 4253 sanguis
3132 4187 3266 4239 ante
3288 4184 3599 4240 adventum
3626 4181 3847 4240 Christi

2197 4284 2299 4340 per
2329 4269 2596 4326 victimas
2624 4267 3064 4326 similitudinem
3098 4269 3583 4342 promittebatur;
3617 4269 3672 4325 in
3718 4284 3848 4342 pas-

2195 4355 2355 4412 sione
2386 4356 2598 4412 Christi
2634 4370 2737 4429 per
2759 4356 2941 4429 ipsam
2964 4356 3273 4414 veritatem
3298 4356 3687 4424 reddebatur;
3713 4359 3847 4429 post

2196 4458 2496 4501 ascensum
2549 4442 2760 4504 Christi
2815 4461 2919 4520 per
2970 4449 3394 4505 sacramentum
3445 4444 3721 4503 memoria
3752 4460 3847 4503 ce-

2198 4532 2487 4590 lcbratur.

1215 4879 1848 4971 ROSWEIDUS
1917 4878 2494 4966 BENEVOLO
2570 4878 3040 4967 LECTORI

1929 5062 2348 5075 ψ

518 5162 784 5233 Aloysius
809 5162 1152 5233 Lipomanus
1174 5159 1863 5233 episcopusYeronensis,
1882 5160 2086 5217 ilustre
2115 5151 2168 5211 D
2200 5173 2346 5233 rum,
2376 5156 3002 5233 _succcdaneum_Surio
3033 5155 3213 5225 dedit,
3242 5157 3346 5215 hoc
3369 5157 3846 5230 Martyrologium

445 5227 852 5301 ltalize'decus,
873 5227 1036 5291 tomo
1058 5248 1163 5290 suo
1177 5227 1474 5301 quartode
1502 5228 1648 5301 Vitis
1662 5229 1754 5285 SS.
1774 5227 1977 5301 ann.,il
1991 5236 2094 5287 554
2206 5227 2419 5301 Adonis
2450 5228 2735 5301 integrius
2764 5227 2968 5301 edidit.

444 5302 704 5373 Venetiis
736 5298 915 5373 edito,
950 5318 1060 5359 non
1092 5298 1284 5373 pauca
1325 5298 1655 5373 exAAdonis
1680 5298 2093 5373 Martyrologio

446 5387 549 5456 us-
588 5372 864 5456 dclibavit
901 5368 1193 5456 ίιρφρρηθ.
1214 5368 2088 5456 stitisses?ingemuit=

448 5444 628 5521 Qmpe
639 5456 859 5521 om
869 5441 1035 5521 πίΙιὶζ
1042 5441 1193 5521 ἀτιαῄ
1206 5441 1272 5521 in
1282 5453 1558 5521 compara
1565 5441 1722 5521 tione
1733 5441 1922 5521 iltins.
1932 5442 2007 5520 De
2016 5441 2025 5491 i
2034 5456 2093 5520 n-

2274 5300 2383 5355 Sed
2404 5314 2533 5354 cum
2558 5299 2649 5369 hic
2671 5303 2727 5353 et
2753 5298 3012 5354 ordinem
3038 5298 3370 5369 mutaverit,
3398 5303 3453 5354 et
3482 5299 3741 5369 quaedam
3764 5299 3847 5369 ab

2203 5369 2389 5427 aliena
2407 5384 2571 5425 manu
2591 5368 3186 5442 inseruerit,paucula
3209 5367 3548 5442 dempserit,
3566 5367 3847 5442 nonnulla

2203 5454 2433 5511 quoque
2447 5443 2750 5495 assecutus
2772 5454 2881 5494 non
2903 5439 3081 5520 fuerit
3101 5458 3115 5507 ;
3138 5439 3845 5520 placuit'rursusAdonem

445 5511 517 5591 d_e
541 5514 793 5571 Jacobus
808 5510 1466 5591 Mosand‘er,_Carthusias
1486 5510 2095 5591 Coloniensisinsignis
2204 5510 2528 5591 recensere,
2554 5523 2806 5591 eumque
2827 5511 3073 5581 pristino
3091 5510 3271 5591 ultori
3303 5510 3718 5591 restituere,‘et
3743 5524 3849 5591 v_e—

444 5582 732 5653 alumnus,
770 5598 920 5639 anno
954 5584 1108 5649 1581,
1135 5585 1292 5638 tomo
1314 5582 1561 5655 septimo
1591 5582 1663 5639 de
1693 5581 1840 5639 Vitis
1870 5585 2093 5641 sancto-

2200 5581 2312 5638 teri
2338 5578 2745 5652 Martyrologio
2769 5578 3040 5648 Rbmano,
3057 5580 3204 5638 sicut
3231 5581 3353 5653 ipse
3374 5580 3509 5637 olim
3533 5578 3687 5651 fecit,
3703 5580 3847 5636 sub-
