4086 6178
303 272 389 327 181
1317 265 1923 327 MARTYROLOGIUM
1963 268 2104 328 CUM
2155 270 2666 332 ADDITAMENTIS

3589 281 3697 337 182

293 397 548 469 necter_e_.
574 391 736 469 Quod
763 397 824 451 ut
848 407 928 469 ex
942 392 1440 469 ﬁdeprastarem,
1469 393 1751 469 tresmihi
1775 397 1935 469 vete-
1963 395 2020 458 A
2048 410 2199 469 rere,
2231 401 2290 455 et
2319 396 2622 469 gloriosos’
2638 397 2855 457 milites
2893 395 3053 456 velut
3094 397 3150 456 iu
3189 396 3370 459 aciem
3400 399 3689 458 educere:

294 480 385 524 res
405 465 641 524 codices
660 465 821 537 fuere
844 463 1122 536 subsidio,
1140 463 1495 537 perbenigne
1518 480 1548 522 a
1572 464 1819 537 diversis
1842 481 1938 523 an-

290 537 589 610 tiquitatis
609 536 1018 610 ecclesiastica
1036 536 1798 610 fautoribuscommuuicati.
1817 537 1939 593 Pri-

288 606 418 666 mus
450 609 557 664 fuit
590 609 773 665 sancti
807 608 1179 680 Pantaleouis
1218 606 1488 676 Colonia,
1525 621 1695 680 quem
1731 622 1940 680 suppe-

289 680 499 739 ditavit
526 680 827 736 Cartbusia
853 678 1227 749 Coloniensis,
1269 693 1343 735 ex
1382 692 1493 747 qua
1535 678 1659 734 Ado
1695 678 1939 736 curante

289 749 593 809 Mosandro
608 751 925 809 prodierat.
944 750 1270 808 Secundum
1295 753 1500 806 nactus
1523 763 1647 805 sum
1673 750 1744 806 ab
1768 751 1941 806 Ever-

290 820 556 903 bodiensi
580 819 812 903 abbatis
832 822 997 903 juxta
1022 820 1367 903 S_ichemium
1394 819 1693 903 ;_tertium,
1709 834 1739 903 _a
1765 821 1940 903 Petro

291 892 716 960 Scriverio.Qui
731 896 788 947 et
805 891 851 950 si
868 891 1078 962 singuli
1092 907 1154 949 se
1167 894 1466 948 vetustate
1480 906 1580 947 sua
1600 891 1934 962 probarent,

290 964 509 1021 tertius
539 967 730 1019 tamen
763 962 1186 1034 eminebatnisi
1210 962 1362 1034 quod
1387 962 1517 1034 huic
1544 962 1725 1034 prima
1748 962 1937 1034 omnia

293 1035 556 1104 deerant,
593 1048 776 1104 usque
809 1033 878 1090 ad
908 1033 1194 1104 Martium,
1227 1032 1284 1089 et
1320 1047 1455 1104 pars
1483 1032 1739 1089 inlunio
1764 1032 1941 1090 Julio—

294 1076 696 1183 angustat?
708 1076 1015 1175 ‘i'EtZEr‘EIH
1032 1076 1306 1183 ’Ᾱῖὅῆξιῇ
1320 1076 1940 1183 ’ἑὲᾖὲᾁξθῖιῖἑὶὺξῆξξο

293 1173 494 1233 ordine
519 1173 825 1246 modoque,
846 1173 957 1244 quo
981 1190 1131 1232 nunc
1154 1173 1418 1246 exhibeo;
1439 1173 1674 1246 Littera
1697 1173 1941 1246 singulis

295 1246 683 1317 Martyrologii
712 1244 933 1303 diebus
972 1246 1246 1317 praﬁxa,
1291 1245 1346 1301 in
1387 1244 1511 1301 solo
1541 1249 1707 1301 erant
1739 1245 1939 1301 codice

294 1316 729 1374 Everbodiensi.

361 1387 552 1454 Quare
584 1402 656 1443 ne
690 1386 938 1457 mireris,
974 1386 1177 1457 lector,
1213 1385 1304 1442 hic
1347 1385 1401 1457 in
1436 1386 1942 1457 frontemartyro-

289 1429 1941 1528 ιοέῖϊῖὶἅοὶὶἷε’ῖιόιῖιῖἕῖἑῖἔᾚῦεἳὶᾶυϊτάὶἲὲῖςὶίέἑῶἓὲὁᾶε

284 1528 628 1585 sanctorum
643 1529 1041 1599 apostolorum
1053 1527 1113 1585 et
1127 1527 1632 1599 reliquerit/mgni
1655 1527 1941 1599 discipuli

284 1600 395 1657 aut
438 1600 629 1656 vieini
674 1598 1170 1670 successoresque
1214 1598 1478 1670 ipsorum
1524 1598 1941 1670 apostatarum

270 1669 555 1740 fuerunt.
602 1669 752 1725 Nihil
793 1669 944 1725 enim
986 1667 1097 1725 sibi
1129 1667 1488 1740 auctoribus,
1524 1667 1710 1740 libris,
1735 1667 1939 1740 iisque

2046 468 2230 544 voluit
2264 468 2497 544 eosdem
2528 486 2742 544 rursus
2765 470 2820 527 in
2855 469 3154 544 principiis
3173 474 3231 526 et
3257 474 3383 544 post
3410 471 3693 544 principia

2048 540 2399 666 gi‘tlétmrclguvi
2443 541 2622 599 duces
2661 540 2875 612 solent)
2918 540 3334 613 intercurrere,
3388 540 3540 613 quod
3588 540 3695 601 cur

2048 625 2339 669 mutemus
2365 625 2381 667 ’ἑ

2120 682 2375 755 Adonem
2416 697 2556 755 vero
2596 682 2978 755 Viennensem
3020 681 3538 755 archiepiscopum,
3582 698 3694 740 non

2046 752 2443 825 Trevirensem
2477 754 2653 825 (quod
2682 753 3090 825 existimarunt
3128 752 3457 825 Alo'ysus'et
3480 755 3699 811 Mosan-

2049 821 2175 891 dcr)
2207 823 2293 895 uti
2326 821 2739 895 Martyrologii,
2776 825 2854 879 ita
2887 827 2945 880 et
2977 824 3150 895 hujus
3186 821 3697 895 libelliauctorem

2048 907 2195 967 esse,
2216 893 2383 967 fidem
2408 894 2540 950 facit
2563 893 2749 967 codex
2770 893 3237 967 Everbodiensis,
3267 894 3363 967 qui
3385 894 3538 951 hunc
3559 894 3699 967 titus

2050 962 2174 1039 lux_n_
2193 965 2369 1039 prafe
2378 969 2428 1019 rt
2446 984 2459 1019 :
2485 965 2610 1022 Ade
2630 966 2990 1039 fiennensis
3010 962 3501 1039 archiepiscopus,
3520 965 3700 1039 quasi

2050 1035 2413 1162 epilogat‘um
2452 1036 2816 1120 oompilapit,
2856 1037 3147 1108 insipiens
3188 1035 3230 1095 ᾱ
3236 1035 3702 1162 {festivitatibus

2050 1118 2190 1162 anas
2257 1106 2466 1162 lorum.
2508 1108 2619 1162 aut
2661 1108 3109 1162 discipulorum.
3149 1123 3232 1162 au
3302 1120 3702 1162 successorum

2048 1106 2466 1180 apostolorum,
2508 1106 2619 1164 aut
2661 1106 3109 1180 discipumm,
3131 1106 3267 1180 cui
3302 1120 3704 1180 successoer

2049 1176 2643 1257 eorm._Nam_quem
2676 1176 3265 1257 ante—titulumdedi,
3309 1183 3402 1257 est
3441 1192 3472 1233 e
3494 1176 3701 1257 codice

2050 1248 2235 1320 sancti
2266 1248 2641 1305 Pantaleonis
2672 1292 2686 1319 ,
2722 1248 2777 1305 in
2812 1264 2923 1320 quo
2956 1250 3079 1305 Ado
3108 1248 3259 1306 ante
3282 1253 3453 1305 vetus
3494 1250 3702 1320 Marty-

2050 1264 2235 1303 sancu
2268 1264 2641 1305 Pantaleoms
2672 1292 2686 1319 ,
2722 1265 2777 1305 in
2812 1264 2923 1320 quo
2956 1264 3079 1305 Auo
3108 1264 3241 1306 ante
3282 1264 3453 1305 vetus
3495 1264 3636 1305 mari.
3679 1278 3699 1289 -

2050 1316 2333 1399 relegium
2358 1320 2698 1399 Roma-num,
2717 1323 2779 1399 ut
2805 1335 2979 1399 supra
3005 1319 3202 1399 habes,
3222 1264 3699 1399 prafatu.r,_nu1_Ya

2050 1387 2429 1461 diciinctione
2452 1387 2827 1461 episcopatus
2850 1387 3095 1461 adjecta.
3113 1387 3562 1461 Vieunensishic
3578 1389 3702 1445 Ado

2051 1458 2234 1515 multo
2255 1458 2579 1532 Trevireusi
2611 1458 2703 1532 est
2733 1458 3047 1532 antiquior,
3082 1476 3209 1517 nam
3244 1461 3342 1516 ille
3380 1460 3526 1515 vixit
3557 1463 3703 1532 tem-

2052 1544 2190 1600 pore
2216 1530 2451 1587 Joannis
2480 1533 2621 1601 VIII,
2655 1531 2809 1588 circa
2843 1530 3053 1588 auuum
3082 1537 3224 1589 879:
3259 1532 3330 1588 ad
3373 1545 3505 1588 eum
3548 1530 3700 1601 enim

2050 1599 2258 1673 annum
2295 1599 2614 1658 Chronicon
2647 1618 2811 1659 suum
2857 1602 3149 1673 perduxit.
3198 1601 3362 1658 Alter
3402 1615 3543 1658 vero
3578 1599 3700 1657 sive

2051 1669 2174 1726 Ado
2215 1671 2334 1744 sive
2376 1672 2801 1744 Udotempore
2833 1669 3094 1744 Gregorii
3135 1675 3250 1743 VII,
3293 1672 3448 1729 circa
3490 1685 3701 1728 annum

283 1738 1365 1808 vetustissimisdedi;nihilinvulgato
1380 1738 1932 1807 Adone,nisiiisdem
1964 1750 2016 1808 Β
2049 1745 2188 1797 1076
2220 1742 2435 1799 Adonis
2465 1738 2807 1800 Viennensis
2835 1738 3047 1801 natalis
3078 1738 3485 1802 inter'sanctos
3505 1756 3702 1807 recen-

284 1810 746 1880 sufi‘ragantibus
762 1811 1073 1867 mutavi.Et
1088 1824 1227 1867 vero
1240 1808 1422 1866 libelli
1440 1808 1933 1880 hujusaurtorita-

283 1885 399 1937 tem
424 1877 633 1938 tuetur
658 1881 780 1953 ipse
803 1882 925 1938 Ado
948 1881 1003 1938 in
1035 1896 1140 1938 suo
1170 1877 1578 1953 Martyrolog’io
1600 1877 1931 1953 2AJulii,,ubi

285 1955 597 2024 postquam
622 1948 880 2024 breviter
900 1956 1232 2024 sanctorum
1261 1948 1520 2007 ProcesSi
1535 1955 1592 2024 et
1608 1948 1929 2024 Martiniani

285 2019 612 2093 martyrum
635 2023 915 2093 meminit,
933 2022 1125 2080 addit:
1156 2021 1625 2093 Quormnpassio
1644 2021 1712 2077 in
1734 2019 1932 2093 libello

282 2090 1100 2171 apostolorumsuprahotata
1114 2093 1236 2171 est:
1261 2107 1390 2171 qua
1411 2090 1590 2171 uerba
1614 2091 1668 2171 in
1693 2090 1931 2171 vulgato

283 2161 486 2235 Adone
512 2161 940 2235 desiderantur,
970 2163 1132 2235 utiet
1157 2161 1429 2235 nonuulla
1453 2162 1581 2218 alia.
1609 2161 1774 2235 Quod
1798 2161 1930 2217 inde

283 2234 516 2304 accidit,
555 2235 708 2305 quod
731 2231 1032 2293 Mosander
1054 2233 1314 2305 libellum
1339 2234 1487 2290 hunc
1512 2231 1925 2305 apostolorum,

283 2302 508 2385 passim
551 2302 965 2385 martyrologio
993 2306 1236 2385 Adonis,
1262 2302 1563 2385 ‘locis‘suis
1581 2302 1926 2385 inseruerit,

283 2373 350 2432 iis
366 2376 684 2446 submotis,
700 2373 1380 2448 quabreviculetautum
1395 2375 1466 2431 de
1490 2373 1933 2448 iisdemsanctis

281 2450 482 2518 notata
515 2444 854 2518 eranthed
885 2447 1041 2505 aliud
1075 2447 1198 2504 Ado
1222 2446 1345 2518 ipse
1365 2445 1669 2518 consilium
1695 2444 1925 2501 inierat.

281 2516 476 2589 Voluit
512 2516 827 2589 apostolos,
862 2532 1179 2589 eorumque
1202 2515 1568 2589 successores
1591 2515 1747 2589 viros
1768 2530 1932 2585 apos-

282 2587 512 2658 tolicos,
529 2586 690 2645 velut
706 2586 885 2646 duces
896 2589 951 2645 in
969 2586 1157 2645 fronte
1169 2586 1436 2660 generosi
1450 2586 1746 2643 exercitus
1760 2599 1932 2658 appa-

2048 1811 2198 1867 situs
2248 1812 2499 1870 habetur
2540 1819 2609 1870 16
2657 1815 2926 1872 Decemb.
2995 1815 3227 1873 Vienna
3274 1814 3434 1872 beati
3477 1811 3702 1872 Adonis

2044 1882 2313 1956 episwpi
2334 1885 2394 1956 et
2416 1886 2798 1956 confessoris.

2114 1952 2276 2020 Quo'd
2302 1954 2394 2026 hic
2421 1955 2475 2010 in
2502 1952 2918 2026 martyrologio
2933 1955 3150 2012 Adonis
3173 1954 3401 2026 initium
3424 1952 3693 2026 sumitur,

2043 2036 2215 2095 nonda
2242 2025 2515 2081 Kalendis
2543 2021 2923 2095 Januariifut
2956 2027 3239 2083 hactenus
3262 2025 3505 2094 editum,
3540 2021 3641 2079 sed
3665 2036 3696 2078 a

2041 2092 2253 2167 Yigilia
2302 2096 2590 2167 Navitatis
2634 2092 2878 2167 Domini,
2934 2096 3085 2153 scias
3130 2096 3237 2167 hoc
3289 2092 3700 2167 estARomanép

2039 2162 2309 2244 Ecciesia
2332 2166 2449 2224 ritu
2467 2166 2705 2244 factum,
2734 2162 3014 2244 qua'anni
3037 2166 3313 2244 epocham
3339 2165 3473 2244 olim
3496 2162 3698 2244 habuit

2040 2234 2415 2308 Nativitatem
2458 2233 2701 2308 Christi,
2747 2233 2804 2293 et
2832 2252 2862 2293 a
2904 2233 3183 2308 Vespéris
3229 2234 3453 2307 Vigilia
3486 2233 3686 2308 ipsius

2040 2304 2374 2380 Nativitatis
2403 2322 2614 2380 annum
2645 2304 3083 2380 auspicabatur.
3111 2304 3460 2380 Constanter
3484 2304 3563 2361 ita
3604 2318 3701 2359 ex-

2040 2375 2475 2460 hib‘ebantntria
2518 2394 2622 2460 ms.
2648 2375 3052 2460 _exem_plaria,
3088 2378 3318 2460 “quibus
3358 2391 3500 2460 usus
3548 2389 3694 2460 sum.

2043 2445 2187 2503 Vide
2216 2451 2273 2502 ct
2309 2447 2390 2505 Cl.
2426 2450 2490 2506 V.
2524 2448 2688 2507 Pauli
2728 2452 2785 2507 et
2828 2445 3053 2508 Petavii
3086 2445 3394 2524 S'yutagma
3436 2447 3509 2505 de
3554 2447 3699 2520 Epo-

2043 2517 2151 2572 cha
2182 2532 2488 2572 annorum.

2038 2531 2151 2574 cna
2182 2532 2488 2577 annorum.

457 2825 1019 2968 LIBELLUS
1138 2826 1278 2967 DE
1369 2825 2362 2967 FESTIVITATIBUS
2448 2828 2627 2969 SS.
2721 2826 3610 2968 APOSTOLORUM

285 3032 380 3105 Et
417 3031 882 3128 reliquorum
905 3032 1030 3127 qui
1053 3029 1399 3126 discipuli
1429 3034 1553 3104 aut
1574 3029 1793 3102 vicini
1818 3048 2448 3125 successoresque
2472 3031 2808 3123 ipsorum
2831 3029 3337 3124 apostolorum
3367 3028 3689 3101 fuerunt.

664 3257 725 3314 Ε.
768 3254 844 3314 III
878 3258 1014 3315 ΚΑι..
1042 3259 1189 3315 lum
1219 3258 1311 3330 (29
1346 3258 1566 3331 Junii).

353 3349 621 3419 (Hieron,
644 3347 719 3406 de
735 3346 961 3422 Seript.
984 3347 1149 3407 Eccl.
1183 3364 1232 3406 c.
1268 3348 1334 3420 ι.)
1365 3350 1558 3405 Roma
1580 3346 1792 3405 natalis
1814 3348 1946 3403 bea-

286 3439 476 3495 torum
507 3434 913 3509 apostolorum
941 3435 1104 3494 Petri
1141 3440 1201 3492 et
1238 3434 1424 3506 Pauli,
1473 3435 1570 3508 qui
1614 3435 1766 3508 passi
1809 3437 1944 3491 sunt

286 3525 391 3582 sub
413 3525 669 3595 Nerone,
703 3525 877 3582 Basso
905 3526 963 3580 et
995 3524 1178 3581 Tusco
1204 3522 1564 3581 consulibus.
1614 3525 1827 3578 Petrus
1857 3534 1944 3577 se-

283 3612 473 3670 cundo
506 3611 735 3670 Claudii
765 3625 934 3682 anno,
961 3615 1090 3684 post
1114 3610 1515 3684 episcopatum
1538 3608 1945 3690 Antiochensis

284 3699 582 3769 Ecclesia,
602 3703 662 3756 et
682 3699 1197 3772 pradicatiouucm
1212 3698 1592 3772 dispersionis
1604 3713 1825 3767 eorum,
1844 3696 1945 3768 qul

286 3788 353 3845 de
389 3787 841 3846 circumcisione
880 3787 1275 3860 crediderant,
1329 3788 1384 3845 in
1435 3790 1640 3858 Ponto,
1693 3786 1936 3857 Galatia,

286 3877 676 3951 Cappadocia,
708 3877 861 3948 Asia,
886 3881 945 3934 et
969 3877 1256 3949 Bithynia,
1291 3876 1360 3934 ad
1386 3876 1835 3949 expugnandum
1860 3874 1942 3949 Si:

283 3980 517 4023 monem
551 3980 781 4037 magum
812 3967 1046 4023 Romam
1078 3966 1288 4023 missus
1325 3969 1450 4033 est;
1494 3964 1691 4037 ibique
1730 3955 1939 4034 vigint‘

283 4054 544 4127 quinque
599 4054 767 4112 annis
830 4054 1170 4113 cathedram
1236 4053 1661 4112 sacerdotalem
1725 4053 1934 4124 tenuit,

280 4158 465 4215 usque
498 4143 574 4201 ad
611 4144 877 4201 ultimum
909 4159 1119 4203 annum
1152 4144 1416 4215 Neronis,
1442 4159 1471 4201 a
1506 4158 1621 4215 quo
1653 4147 1709 4199 et
1737 4141 1941 4200 afﬁxus

279 4233 461 4302 cruci,
513 4232 794 4303 martyrio
849 4237 1167 4290 coronatus
1203 4235 1314 4303 est,
1360 4232 1555 4304 capite
1595 4232 1666 4288 ad
1717 4235 1936 4288 terram

278 4336 470 4392 verso,
517 4325 574 4378 et
620 4322 676 4378 in
718 4321 965 4380 sublime
1001 4322 1249 4395 pedibus
1276 4321 1542 4393 elevatis,
1577 4336 1846 4379 asserens
1872 4336 1935 4377 se

281 4409 607 4481 indignum,
667 4411 765 4482 qui
818 4412 1269 4482 cruciﬁgeretur
1321 4415 1385 4468 ut
1442 4411 1717 4469 Dominus
1772 4426 1931 4468 suus.

283 4498 566 4570 Sepultus
595 4499 650 4555 in
693 4498 896 4555 eadem
939 4501 1103 4570 urbe,
1148 4500 1205 4556 in
1245 4499 1542 4569 Vaticano,
1580 4498 1747 4568 juxta
1784 4498 1934 4555 viam

1968 3254 2017 3317 C
2048 3256 2419 3328 Evangelium
2450 3256 2682 3329 Christi,
2717 3258 2951 3315 Romam
2983 3256 3214 3314 vinctus
3245 3255 3455 3314 missus
3493 3258 3614 3323 est;
3637 3260 3697 3311 et

2051 3346 2201 3403 sicut
2226 3346 2347 3419 ipse
2373 3347 2427 3403 in
2450 3346 2701 3403 secunda
2726 3345 2983 3417 Epistola
3005 3345 3075 3403 ad
3096 3345 3455 3403 Timotheum
3470 3343 3694 3414 scribit,

2053 3434 2339 3493 liberatus
2369 3435 2440 3491 de
2472 3450 2571 3491 ore
2604 3434 2788 3491 leonis
2815 3435 2917 3506 (II
2946 3434 3091 3492 Tim.
3128 3434 3225 3505 iv),
3251 3431 3525 3490 videlicet
3552 3433 3699 3490 fero-

2050 3522 2266 3581 cissimi
2300 3522 2695 3596 persecutoris
2716 3522 2978 3594 Neronis,
3007 3521 3381 3592 Evangelium
3405 3520 3618 3578 Christi
3643 3520 3699 3577 in

2052 3612 2385 3670 Occidentis
2414 3627 2644 3683 quoque
2674 3611 2940 3683 partibus
2963 3610 3323 3682 pradicavit.
3350 3610 3418 3666 Et
3443 3609 3535 3667 hic
3559 3623 3701 3680 ergo

2052 3705 2261 3773 quarto
2293 3700 2516 3758 decimo
2547 3700 2789 3756 Neronis
2811 3714 2979 3768 anno,
3005 3698 3207 3754 eodem
3232 3697 3325 3753 die
3350 3712 3463 3767 quo
3487 3698 3700 3754 Petrus

2050 3792 2243 3847 Roma
2266 3804 2370 3861 pro
2393 3787 2623 3844 Christo
2643 3787 2835 3858 capite
2856 3790 3187 3856 truncatur,
3206 3784 3592 3857 sepultusque
3606 3790 3695 3841 est

2049 3879 2105 3935 in
2136 3877 2225 3934 via
2256 3876 2507 3933 Ostiensi
2541 3890 2689 3932 anno
2720 3878 2848 3947 post
2901 3873 3226 3946 passionem
3266 3873 3490 3930 Domini
3514 3872 3696 3943 trige-

2048 3964 2193 4024 simo
2252 3964 2519 4037 septimo.
2572 3963 2782 4020 Scribit
2835 3966 3030 4020 autem
3084 3975 3309 4032 novem,
3354 3961 3426 4017 ad
3468 3964 3692 4034 septem

2046 4052 2353 4123 Ecclesias,
2387 4050 2702 4123 epistolas:
2738 4051 2808 4107 ad
2841 4050 3127 4106 Romanos
3158 4063 3363 4115 uuam;
3396 4047 3466 4104 ad
3499 4048 3696 4105 Corin-

2045 4143 2199 4201 thios
2221 4142 2394 4209 duas;
2418 4140 2491 4199 ad
2531 4138 2763 4197 Galatas
2803 4154 3006 4207 unam;
3056 4137 3128 4196 ad
3174 4136 3450 4211 Ephesios
3490 4151 3693 4206 uuam;

2045 4233 2117 4289 ad
2175 4231 2577 4303 Philippenses
2633 4243 2835 4297 unam;
2867 4228 2939 4285 ad
2980 4227 3350 4286 Colossenses
3380 4242 3552 4284 unam
3579 4245 3594 4295 ;
3621 4227 3693 4284 ad

2043 4319 2587 4378 Thessalonicenses
2599 4318 2762 4375 duas.
2783 4320 3078 4375 Praterea
3102 4317 3170 4373 ad
3196 4315 3513 4388 discipulos
3525 4331 3691 4373 suos:

2042 4409 2340 4466 Timotheo
2371 4408 2534 4479 duas,
2567 4408 2692 4465 Tito
2724 4421 2913 4477 unam,
2956 4405 3277 4462 Philemoni
3321 4420 3524 4473 unam;
3565 4404 3693 4477 Epi-

2042 4497 2191 4557 stola
2218 4502 2432 4569 autem,
2467 4513 2597 4570 qua
2630 4498 2817 4565 fertur
2846 4495 2917 4553 ad
2946 4496 3241 4567 Hebraeos,
3277 4509 3389 4551 non
3422 4494 3550 4565 ejus
3568 4509 3697 4551 cre-

282 4586 716 4657 ‘I'riumphalem
746 4586 932 4645 totius
958 4587 1121 4645 orbis
1159 4587 1537 4645 veneratione
1575 4585 1930 4643 celebratur.
1972 4608 2024 4668 D
2054 4589 2234 4660 ditur,
2262 4591 2503 4661 propter
2524 4586 2658 4658 styli
2681 4585 3082 4657 sermonisque
3105 4584 3559 4644 dissonantiam:
3590 4582 3691 4640 sed

287 4672 532 4746 Scripsit
565 4674 712 4732 duas
728 4675 1028 4747 epistolas,
1045 4690 1175 4746 qua
1200 4674 1514 4732 Catholica
1536 4673 1941 4744 nominantur;

289 4778 537 4834 quarum
569 4764 825 4821 secunda
857 4779 887 4821 a
918 4764 1215 4837 plerisque
1244 4765 1372 4837 ejus
1401 4768 1668 4836 negatur,
1702 4766 1945 4836 prepter

287 4853 425 4924 styli
455 4868 592 4911 cum
625 4853 820 4924 priore
851 4851 1266 4910 dissonantiam
1293 4871 1309 4921 ;
1341 4853 1443 4911 sed
1478 4858 1536 4909 et
1570 4852 1943 4924 Evangelium

283 4939 450 5011 juxta
485 4943 760 5011 Marcum,
795 4940 892 5012 qui
935 4941 1168 4998 auditor
1206 4941 1333 5013 ejus
1371 4946 1434 4997 et
1474 4942 1770 5013 interpres
1812 4942 1940 5014 fuit,

288 5029 465 5103 hujus
490 5029 727 5088 dicitur.
754 5028 908 5086 Libri
941 5032 1156 5101 autem,
1190 5043 1222 5086 e
1254 5028 1467 5101 quibus
1496 5045 1645 5087 unus
1668 5032 1943 5088 Actorum

288 5120 418 5191 ejus
446 5118 748 5188 scribitur,
780 5116 930 5174 alius
968 5116 1284 5189 Evangelii,
1326 5118 1542 5175 tertius
1575 5117 1945 5176 Pradicatio—

289 5209 398 5278 uis,
461 5213 711 5280 quartus
760 5211 1133 5285 Αποκαλὺψιως
1181 5206 1421 5278 quintus
1475 5207 1722 5279 Judicii,
1791 5208 1944 5265 inter

291 5304 656 5379 apocryphas
684 5304 1010 5376 scripturas
1036 5303 1442 5377 repudiantur.

358 5392 567 5465 (Ibid.,
598 5408 650 5451 c.
684 5393 765 5464 2.)
800 5391 1015 5450 Paulus
1045 5407 1275 5465 quoque
1306 5397 1439 5465 post
1469 5392 1793 5465 passionem
1836 5394 1943 5449 Do-

291 5481 433 5537 mini
459 5482 741 5553 vigesimo
769 5481 975 5553 quinto
1005 5496 1174 5552 anno,
1200 5481 1258 5538 id
1281 5485 1370 5539 est
1394 5482 1655 5539 secundo
1678 5481 1936 5551 Neronis,

292 5573 605 5670 postqan
639 5572 714 5629 ab
757 5570 1079 5630 Jerusalem
1122 5585 1304 5643 usque
1345 5569 1636 5641 Illyricum
1688 5569 1941 5643 replevit

2055 4677 2147 4735 vel
2176 4678 2474 4748 Barnaba,
2500 4676 2666 4746 juxta
2697 4673 3148 4742 Tertullianum;
3186 4673 3281 4731 vel
3321 4674 3488 4730 Luca
3524 4685 3695 4728 evan-

2055 4766 2301 4838 gelista,
2330 4765 2496 4836 juxta
2524 4763 2838 4836 quosdam;
2870 4762 2962 4819 vel
2987 4761 3319 4832 Clementis,
3344 4762 3538 4816 Roma
3561 4760 3691 4830 post
3788 4810 3797 4817 κ

2055 4854 2328 4912 Ecclesia
2368 4853 2647 4926 episcopi,
2690 4866 2861 4925 quem
2903 4851 3123 4922 dicunt,
3168 4848 3491 4907 sententias
3528 4845 3691 4902 Pauli

2058 4944 2295 5017 proprio
2334 4943 2635 5001 ordinasse
2676 4945 2733 4999 et
2776 4954 3014 4999 ornasse
3056 4952 3363 5005 sermone;
3406 4934 3499 4993 vel
3528 4939 3692 4992 certe

2054 5033 2211 5105 (quia
2235 5031 2450 5089 Paulus
2471 5032 2764 5089 scribebat
2788 5030 2856 5087 ad
2883 5030 3176 5097 Hebraea,
3203 5030 3261 5083 et
3286 5026 3528 5098 propter
3551 5023 3695 5081 iuvi-

2056 5121 2206 5178 diam
2248 5121 2336 5178 sui
2379 5120 2531 5193 apud
2571 5134 2672 5177 eos
2712 5119 2977 5189 nominis,
3018 5115 3255 5172 titulum
3298 5113 3355 5168 in
3407 5112 3694 5185 principio

2053 5208 2427 5266 salutationis
2455 5211 2890 5281 amputaverat;
2924 5205 3239 5274 scripserat
3273 5207 3468 5258 autem
3495 5207 3558 5259 ut
3584 5203 3693 5259 He-

2054 5299 2251 5355 braus
2276 5297 2578 5367 Hebraice,
2612 5295 2670 5351 id
2693 5299 2779 5352 est
2806 5309 2911 5350 suo
2940 5289 3172 5360 eloquio
3194 5288 3602 5363 disertissime)
3624 5305 3690 5347 ea

2051 5401 2182 5459 qua
2207 5385 2558 5457 eloquenter
2580 5384 2796 5452 scripta
2823 5381 3049 5437 fuerant
3066 5377 3121 5433 in
3137 5379 3402 5450 Hebrao,
3418 5378 3692 5450 eloquen-

2050 5474 2170 5532 tius
2198 5473 2449 5530 vertisse
2472 5472 2527 5527 in
2559 5472 2819 5526 Gracum
2850 5471 2908 5523 et
2940 5467 3086 5523 hanc
3108 5481 3236 5525 esse
3255 5481 3509 5535 causam,
3536 5464 3688 5535 quod

2051 5585 2082 5627 a
2112 5568 2349 5627 cateris
2376 5565 2539 5623 Pauli
2571 5561 2840 5635 epistolis
2869 5562 3204 5636 discrepare
3234 5563 3519 5623 videatur.
3556 5556 3692 5625 Ejus
