4078 6180
370 240 475 294 183

1429 229 1483 286 S.
1522 227 1779 287 ADONIS
1820 228 2254 289 ARCHIEPISC.
2296 228 2711 299 VIENNENSIS

3663 235 3769 297 186

360 362 560 435 itaque
590 373 737 429 esse,
773 371 882 415 non
914 353 1178 428 alterius,
1211 361 1333 414 tota
1366 353 1618 435 Ecclesia
1646 356 1762 428 jam
1805 356 2007 413 firmis-
2038 358 2091 416 A
2120 351 2391 411 Ecclesia
2449 353 2650 424 fidem,
2708 352 3013 412 confestim
3080 350 3227 420 hanc
3292 349 3648 427 descriptam
3710 355 3771 414 in

361 430 504 510 sime
537 454 718 506 tenet.
757 439 977 519 chunt
1013 442 1242 517 quidam
1275 450 1334 503 (ι
1369 430 1645 503 ad'Leodi
1670 460 1871 511 'enses,
1909 444 2007 502 sed

361 542 434 599 ab
465 537 732 594 omnibus
761 535 1116 608 exploditur.
1164 536 1263 592 Hic
1297 536 1368 591 de
1400 536 1559 612 tribu
1595 534 1907 606 Benjamin.
1950 538 2009 591 et

362 627 574 700 oppido
604 627 840 695 Judaa,
877 623 1191 695 Gigascalis
1223 624 1348 697 [al.,
1384 622 1685 694 Gischalis]
1725 623 1869 679 fuit:
1897 638 2012 695 quo

362 732 391 774 a
424 715 695 773 Romanis
716 718 907 785 capto,
941 727 1070 771 cum
1105 713 1450 784 parentibus
1480 712 1602 769 suis
1621 712 1897 769 Tharsum
1931 712 2012 767 Si-

363 804 511 862 licia
523 800 924 874 commigravit
943 820 958 869 ;
974 816 1001 858 a
1029 802 1240 871 quibus
1260 801 1334 857 ob
1356 801 1611 857 studium
1637 799 1784 871 legis
1808 801 2015 857 missus

363 892 801 963 Jerosolymam,
836 906 865 946 a
899 887 1211 946 Camaliele
1244 889 1579 946 doctissimo
1601 889 1725 946 viro
1746 888 2014 952 eruditus

365 987 454 1054 est
480 981 628 1053 (Act.
654 995 735 1037 vn
756 979 816 1037 et
836 979 932 1051 rx).
953 980 1092 1036 Cum
1116 983 1307 1035 autem
1335 977 1696 1035 interfuisset
1720 977 1844 1034 neci
1870 992 2016 1034 mar-

362 1070 512 1138 tyris
544 1068 836 1141 Stephani,
861 1073 919 1125 et
943 1066 1200 1139 acceptis
1219 1066 1487 1138 epistolis
1511 1081 1539 1122 a
1569 1066 1840 1138 pontifice
1873 1070 2017 1122 tem-

365 1157 465 1229 pli,
502 1157 573 1214 ad
606 1155 1045 1230 prosequendos
1074 1170 1178 1212 eos
1219 1155 1317 1225 qui
1362 1154 1589 1211 Christo
1616 1152 2012 1225 crediderant,

2121 440 2433 514 Evangelio
2464 458 2588 511 suo,
2622 442 2786 499 verbi
2817 441 3040 500 Domini
3081 442 3416 501 aeternitate
3454 442 3767 503 stabilivit.

2122 530 2380 605 Rogatus
2436 530 2720 603 siquidem
2792 532 2864 588 ab
2924 530 3072 590 Asia
3130 531 3421 604 episcopis
3487 533 3775 593 adversus

2125 621 2460 679 Corinthum
2501 621 2762 691 aliosque
2801 620 3127 691 haereticos,
3169 624 3232 676 et
3271 621 3517 678 maxime
3563 628 3773 680 contra

2122 712 2552 769 Ebiomatarum
2602 710 2805 781 dogma
2856 717 2996 767 tunc
3043 724 3421 782 consurgens,
3468 711 3565 782 qui
3617 726 3775 770 asse-

2124 804 2257 857 runt
2292 799 2581 857 Christum
2616 803 2750 856 ante
2782 798 3012 856 Mariam
3046 814 3157 855 non
3198 798 3394 870 fuisse,
3435 800 3779 873 compulsus

2123 895 2211 947 est
2261 890 2553 947 scribendi
2593 888 2889 961 Evangelii
2938 893 3202 947 sanctum
3252 904 3399 961 opus
3447 890 3773 963 suscipere.

2127 981 2340 1037 Ferunt
2389 984 2448 1035 et
2499 978 2668 1037 aliam
2718 995 2953 1037 causam
3003 979 3177 1051 hujus
3221 979 3565 1051 scriptura;
3620 980 3780 1052 quod

2124 1083 2254 1125 cum
2303 1067 2540 1138 legisset
2591 1068 2865 1140 Mattbai,
2916 1068 3110 1138 Marci,
3152 1072 3212 1124 et
3253 1068 3418 1126 Luca
3456 1067 3779 1142 volumina,

2128 1156 2463 1229 probaverit
2498 1156 2730 1227 quidem
2762 1160 2989 1213 textum
3021 1155 3301 1228 historia,
3326 1161 3385 1213 et
3406 1170 3547 1214 vera
3569 1171 3674 1214 eos
3696 1156 3786 1215 di-

365 1247 702 1303 Damascum
721 1242 1819 1318 pergeret,revelationecompulsusad
1846 1240 2017 1299 fidem
2128 1243 2281 1302 xisse
2312 1244 2651 1315 ﬂrmaverit,
2695 1246 2795 1302 sed
2834 1244 3004 1303 unius
3032 1248 3260 1302 tantum
3292 1245 3445 1315 anni,
3482 1245 3541 1302 in
3572 1260 3692 1317 quo
3719 1249 3787 1303 et

364 1349 468 1391 vas
488 1333 793 1391 electionis
813 1333 884 1390 de
906 1336 1285 1406 persecutore
1307 1330 1631 1390 translatus
1651 1335 2018 1402 est,cumque
2130 1348 2334 1406 passus
2354 1338 2442 1390 est
2459 1332 2740 1403 Christus,
2767 1337 2824 1389 et
2850 1338 2975 1405 post
2997 1347 3292 1390 carcerem
3311 1333 3567 1404 Joannis,
3602 1333 3790 1392 histo-

368 1422 616 1493 primum
631 1422 702 1480 ad
729 1421 1243 1494 pradicationnem
1267 1421 1395 1493 ejus
1407 1420 1643 1491 Sergius
1664 1418 1880 1477 Paulus
1894 1432 2022 1501 pro:
2131 1422 2274 1480 riam
2300 1421 2577 1479 tenuisse.
2594 1422 2995 1484 Pratermisso
3017 1422 3214 1493 itaque
3239 1435 3407 1492 anno,
3431 1422 3602 1493 cujus
3625 1427 3789 1479 acta-

369 1510 573 1568 consul
606 1511 779 1583 Cypri
812 1509 1183 1580 credidisset,
1219 1509 1292 1566 ab
1322 1523 1412 1580 eo,
1448 1507 1607 1581 quod
1636 1523 1767 1566 eum
1808 1504 2023 1565 Christl

373 1598 486 1655 fide
521 1601 856 1670 subegerat,
891 1598 1138 1655 sortitus
1168 1601 1256 1654 est
1289 1612 1515 1654 nomen.

680 1722 738 1777 F.
782 1722 829 1776 ll
870 1721 1005 1777 KAL.
1042 1720 1368 1776 Decansnis
1398 1720 1492 1792 (30
1517 1719 1710 1791 Nota).

450 1843 510 1897 ln
531 1839 771 1898 civitate
795 1839 999 1894 Patras
1022 1834 1334 1907 provincia
1357 1832 1608 1901 Achaia,
1637 1831 1848 1889 natalis
1871 1832 2025 1890 beati

371 1929 622 1986 Andreae
648 1925 917 1999 apostoli,
944 1925 1039 1995 qui
1062 1923 1237 1981 etiam
1261 1923 1411 1994 apud
1438 1921 1725 1992 Scythiam
1753 1920 2028 1993 pradica-

313 2047 319 2053 -
370 2017 474 2074 vit.
516 2016 614 2074 Hic
652 2014 1024 2072 beatissimus
1056 2010 1356 2084 apostolus
1377 2011 1449 2068 ab
1468 2009 1658 2081 Egaa
1684 2009 2028 2082 proconsule

372 2105 600 2164 Achaia
634 2103 1115 2176 comprehensus,
1158 2115 1286 2157 cum
1332 2102 1778 2172 perseveranter
1819 2099 1874 2155 in
1916 2098 2029 2155 fide

378 2194 592 2253 Christi
620 2199 680 2250 et
703 2190 1004 2262 Evangelii
1029 2189 1352 2247 ministerio
1375 2188 1636 2255 duraret,
1672 2186 2032 2261 insuperabi-

373 2283 563 2354 lisque
601 2284 886 2349 maneret,
930 2292 1170 2336 carcere
1203 2278 1448 2350 primum
1479 2276 1731 2346 clausus,
1775 2275 1907 2333 inde
1936 2289 2029 2332 co-

374 2387 494 2428 ram
523 2368 872 2443 proconsule
898 2367 1238 2437 gravissime
1259 2380 1464 2435 casus,
1491 2365 1559 2422 ad
1576 2364 1840 2423 ultimum
1855 2379 2028 2422 cruce

381 2460 578 2531 ligatis
604 2458 870 2515 manibus
890 2460 948 2513 et
974 2454 1239 2528 pedibus,
1268 2455 1615 2525 funibusque
1637 2457 1763 2510 toto
1781 2467 2027 2524 corpore

373 2554 599 2617 tensus,
636 2552 697 2603 ut
731 2544 958 2614 longius
996 2543 1386 2612 cruciaretur,
1431 2541 1607 2599 biduo
1648 2540 1786 2598 inibi
1826 2555 2027 2613 super-

372 2636 539 2705 vixit,
585 2649 696 2691 non
739 2647 973 2689 cessans
1015 2646 1081 2687 ea
1126 2646 1254 2701 qua
1303 2629 1515 2686 Christi
1565 2632 1699 2686 sunt
1749 2630 2023 2701 populum

375 2724 605 2782 docere.
643 2723 901 2793 Cumque
941 2720 1018 2791 hi,
1064 2719 1161 2790 qui
1202 2734 1305 2791 per
1347 2734 1477 2775 enm
1520 2718 1749 2775 Christo
1788 2718 2025 2775 Domino

370 2810 767 2879 crediderant,
795 2808 938 2866 satis
960 2813 1199 2879 agerent
1224 2812 1288 2864 ut
1313 2807 1724 2879 deponeretur,
1750 2805 2023 2877 Egaam-

375 2916 507 2974 que,
544 2904 608 2957 ut
641 2900 747 2955 hoc
780 2897 1112 2970 perﬁceret,
1148 2897 1441 2954 nolentem
1475 2895 1863 2969 impellerent,
1890 2910 2023 2969 apo-

378 2989 565 3048 stolus
611 2985 833 3043 Domini
864 2986 1281 3042 circumstante
1316 2980 1548 3058 populo,
1583 2986 1641 3040 et
1672 2982 1861 3054 IEgaa
1894 2999 2022 3055 pro-

390 3074 650 3146 consule,
677 3078 739 3132 ut
765 3074 1113 3143 solveretur,
1140 3077 1370 3143 agente,
1398 3076 1527 3144 post
1549 3072 1724 3128 verba
1754 3072 2037 3130 orationis
2065 3061 2114 3123 C

378 3165 604 3236 fulgore
634 3162 857 3219 calesti
884 3162 1003 3217 fere
1028 3176 1139 3217 una
1164 3160 1415 3232 desuper
1434 3158 1845 3217 circumfulsus
1865 3160 2029 3237 hora,

381 3267 512 3312 cum
573 3251 698 3322 ipso
748 3249 965 3307 lumine
1014 3247 1366 3305 abscedente
1416 3247 1691 3304 emittens
1737 3247 2029 3318 spiritum,

376 3337 639 3416 perrexit
674 3336 785 3393 fine
810 3338 982 3393 beato
1008 3335 1076 3392 ad
1101 3335 1423 3392 Dominum.
1451 3336 1684 3406 (Euseb.
1711 3335 1777 3392 in
1805 3333 2033 3405 chron)

387 3429 562 3500 Cujus
584 3425 1008 3484 sanctissimum
1045 3438 1260 3496 corpus
1290 3422 1596 3479 Maximilla
1628 3421 2031 3495 potentissima

390 3520 785 3574 matronarum
821 3516 1163 3569 reverenter
1194 3511 1521 3584 depositum
1562 3510 1889 3584 sepelevit;
1930 3510 2033 3567 sed

387 3603 828 3674 emergentibus
850 3601 1032 3671 annis,
1052 3600 1439 3659 sacratissima
1454 3600 1580 3671 ejus
1592 3615 1741 3671 ossa,
1758 3598 2034 3658 vicesimo

383 3690 711 3751 Constantii
742 3689 1111 3762 imperatoris
1142 3704 1310 3761 anno,
1346 3689 1418 3745 ab
1449 3687 1662 3746 Achaia
1709 3687 2033 3747 Constanti-

383 3779 636 3856 nopolim
669 3778 955 3837 translata
988 3782 1139 3835 sout.

690 3903 753 3959 D.
789 3902 909 3958 VIII
950 3902 1086 3958 Ean.
1123 3903 1370 3960 Aucusrr
1401 3901 1491 3973 (25
1518 3901 1720 3974 Julii).

464 4015 686 4073 Natalis
708 4015 863 4071 beati
885 4014 1082 4070 Jacobi
1107 4014 1376 4084 apostoli,
1405 4014 1603 4071 fratris
1618 4015 1855 4073 Joannis
1868 4029 2040 4072 evan-

393 4102 642 4176 gelista,
679 4101 775 4172 qui
805 4100 1131 4158 decollatus
1162 4106 1251 4157 est
1285 4102 1356 4167 ab
1388 4100 1613 4157 Herode
1645 4116 1782 4172 rege
1811 4104 2039 4158 Jeroso-

389 4190 561 4259 limis,
598 4194 659 4246 ut
696 4187 842 4244 liber
874 4193 1106 4245 actuum
1131 4186 1525 4260 apostolorum
1550 4187 1719 4246 docet
1747 4189 1895 4261 (cap.
1925 4188 2035 4259 12).

395 4278 580 4349 Hujus
621 4277 753 4333 beat
783 4276 941 4333 ssimi
983 4274 1230 4348 apostoli
1274 4290 1437 4334 sacra
1477 4291 1604 4335 ossa
1638 4278 1708 4334 ad
1740 4277 2044 4351 Hispanias

389 4364 673 4424 translata
707 4370 766 4422 et
800 4365 855 4421 in
882 4364 1102 4422 ultimis
1122 4379 1320 4423 earum
1346 4364 1575 4437 ﬁnibus,
1601 4366 1888 4427 vedelicet
1910 4373 2045 4426 con"

2131 1527 2163 1570 a
2186 1511 2377 1569 tribus
2397 1511 2661 1583 exposita
2686 1512 2936 1581 fuerant,
2954 1510 3276 1583 superioris
3296 1511 3601 1584 temporis,
3620 1517 3788 1569 ante-

2135 1614 2304 1672 quam
2326 1601 2576 1658 Joannes
2594 1599 2972 1657 clauderetur
2993 1600 3048 1656 in
3071 1614 3386 1670 carcerem,
3403 1606 3569 1670 gesta
3585 1614 3791 1657 narra-

2048 1707 2102 1768 Β
2133 1688 2415 1747 vit.Sicut
2440 1689 2805 1747 manifestum
2826 1702 2953 1745 esse
2978 1687 3194 1760 poterit
3219 1687 3325 1758 his,
3345 1687 3441 1759 qui
3465 1688 3790 1759 diligenter

2140 1782 2390 1849 quatuor
2421 1776 2861 1848 Evangeliorum
2890 1776 3180 1834 volumina
3213 1775 3459 1848 legerint
3488 1793 3504 1844 ;
3536 1790 3666 1848 qna
3689 1790 3791 1833 res

2142 1871 2201 1923 et
2230 1869 2537 1945 διαφωνίαν,
2574 1865 2629 1922 id
2674 1870 2760 1923 est
2818 1865 3231 1923 dissonantiam
3293 1879 3421 1937 qua
3471 1864 3791 1923 videbatur

2136 1963 2371 2023 Joannis
2401 1978 2528 2021 esse
2559 1979 2688 2022 cum
2718 1963 2952 2022 cateris
2981 1961 3157 2020 tollit.
3192 1963 3320 2035 Ipse
3360 1966 3556 2020 autem
3597 1976 3791 2034 usque

2139 2053 2208 2109 ad
2232 2052 2456 2124 Trajani
2482 2051 3032 2124 principistempora
3048 2065 3448 2124 perseverans,
3466 2054 3622 2107 totas
3634 2049 3792 2107 Asia

2140 2140 2401 2198 fundavit
2444 2140 2713 2212 rexitque
2761 2140 3087 2209 Ecclesias;
3126 2144 3185 2197 et
3241 2139 3543 2197 confectus
3598 2138 3787 2211 senio,

2137 2229 2433 2300 sexagimo
2456 2233 2661 2287 octavo
2687 2232 2815 2301 post
2838 2229 3200 2302 passionnem
3223 2227 3445 2285 Domini
3467 2242 3616 2286 anno
3639 2242 3794 2285 mor-

2136 2323 2294 2388 tuus,
2323 2318 2490 2388 juxta
2520 2317 2782 2373 eamdem
2818 2319 3020 2375 urbem
3052 2316 3320 2390 sepultus
3359 2320 3489 2374 est:
3540 2315 3792 2389 Scripsit

2138 2410 2330 2464 autem
2356 2412 2416 2462 et
2441 2421 2609 2463 unam
2633 2405 3149 2480 epistolam,cujus
3167 2405 3467 2464 exordium
3482 2409 3601 2462 est:
3623 2403 3799 2473 Quod

2139 2495 2354 2553 fuitab
2375 2495 2572 2565 initio,
2591 2511 2718 2567 qua
2743 2496 2814 2553 ab
2840 2493 3552 2553 universisecclesiasticis
3570 2497 3631 2550 et
3655 2506 3798 2551 eru-

2046 2628 2051 2637 ,
2136 2584 2274 2641 ditis
2302 2584 2445 2641 viris
2473 2586 2773 2655 probatur.
2809 2584 3076 2656 Reliqua
3107 2588 3304 2642 autem
3345 2582 3495 2655 dua,
3540 2596 3793 2653 quarum

2136 2672 2481 2746 principium
2501 2676 2588 2729 est
2608 2692 2621 2728 :
2638 2673 2860 2731 Senior
2871 2672 3092 2731 Electa
3105 2672 3356 2730 domina
3368 2671 3604 2730 ctuti:
3623 2671 3794 2744 ejus;

2133 2766 2191 2818 et
2227 2761 2526 2832 sequentis
2551 2781 2563 2816 :
2589 2762 2809 2820 Senior
2834 2761 2987 2820 Gaio
3008 2761 3381 2832 charissima,
3405 2759 3640 2818 Joannis
3662 2769 3799 2833 pre'

2131 2850 2353 2922 sbyteri
2385 2864 2514 2908 esse
2547 2852 2618 2907 ab
2654 2849 2950 2923 aliquibus
2978 2854 3300 2922 putantur;
3344 2848 3443 2909 sed
3485 2861 3635 2907 nunc
3669 2849 3796 2921 jam

2135 2939 2427 3010 generalis
2456 2939 2730 2998 Ecclesia
2759 2954 3082 2997 consensus
3112 2939 3306 3009 habet,
3341 2937 3493 3010 quod
3525 2937 3628 2994 bas
3649 2935 3797 3009 quo-

2144 3043 2256 3100 que
2287 3027 2567 3101 epistolas
2593 3031 2842 3086 Joannes
2873 3028 3172 3100 apostolus
3199 3026 3517 3100 scripserit.

2604 3167 2664 3221 Β.
2709 3167 2842 3223 ΚΑι.
2887 3167 3020 3225 Mm
3049 3167 3096 3239 (1
3132 3166 3332 3240 Maii).

2214 3277 2436 3336 Natalis
2466 3279 2768 3337 beatorum
2791 3279 3183 3352 apostolorum
3205 3279 3457 3354 Philippi
3479 3283 3537 3338 et
3558 3280 3800 3349 Jacobi;

2142 3381 2215 3423 ex
2248 3365 2460 3438 quibus
2488 3366 2791 3439 Philippus
2817 3384 2948 3426 cum
2984 3384 3130 3441 pene
3166 3368 3459 3440 Scythiam
3498 3368 3569 3425 ad
3611 3368 3790 3428 fidem

2144 3454 2355 3511 Christi
2377 3455 2783 3523 convertisset,
2812 3456 3169 3528 diaconibus,
3205 3457 3565 3529 presbyteris
3583 3460 3644 3513 et
3673 3458 3805 3530 epi-

2143 3542 2335 3615 scopis
2374 3542 2452 3600 ibi
2491 3543 2849 3616 constitutis,
2886 3559 3161 3603 reversus
3189 3550 3280 3603 est
3321 3545 3393 3602 ad
3437 3545 3646 3617 Asiam,
3694 3547 3799 3605 ubi

2141 3630 2863 3703 continua-praedicatione
2895 3648 3000 3706 per
3031 3633 3253 3705 aliquot
3282 3647 3464 3691 annos
3493 3632 3795 3706 insistens,

2145 3720 2577 3779 multitudinem
2611 3722 2956 3794 populorum
2999 3720 3230 3781 Christo
3258 3722 3476 3780 laboris
3506 3723 3615 3795 piis
3644 3736 3802 3780 sem-

2146 3826 2249 3884 per
2280 3810 2602 3868 inserviens
2631 3809 2894 3870 lucratus
2923 3816 3033 3870 est.
3068 3811 3296 3885 Quique
3324 3812 3477 3884 apud
3519 3811 3803 3884 HierOpo-

2147 3898 2244 3955 lim
2294 3899 2444 3957 Asia
2488 3899 2785 3958 civitatem
2836 3900 3128 3972 dormivit,
3181 3915 3310 3958 cum
3360 3901 3626 3973 patribus
3672 3900 3803 3959 suis

2148 3989 2320 4045 beato
2364 3988 2474 4044 fine
2511 3988 2795 4061 sepultus.

2220 4075 2474 4145 (Hieron.
2499 4076 2741 4134 chccl.
2757 4076 3048 4149 Scripta.
3064 4075 3407 4147 2.)Jacobus
3426 4090 3585 4146 vero,
3612 4076 3800 4148 quiet

2150 4164 2331 4221 frater
2362 4164 2581 4221 Domini
2614 4164 2848 4236 legitur,
2880 4170 3264 4236 cognomento
3282 4168 3483 4225 Justus
3513 4169 3642 4239 post
3667 4180 3803 4239 pas-

2149 4252 2366 4311 sionem
2392 4253 2612 4309 Domini
2634 4253 2831 4311 statim
2863 4254 2935 4311 ab
2957 4253 3237 4327 apostolis
3266 4253 3797 4326 Hierosolymorum

2149 4339 2457 4413 episcOpus
2476 4342 2781 4400 ordinatus
2799 4347 2909 4401 est.
2934 4343 3035 4401 Hic
3058 4343 3129 4401 de
3153 4349 3320 4401 utero
3333 4343 3536 4401 matris
3556 4346 3801 4402 sanctus

385 4461 478 4515 tra
512 4468 669 4511 mare
700 4453 1091 4511 Britannicum
1114 4452 1365 4524 condita,
1389 4416 1770 4514 celeberrima
1793 4456 2021 4516 illarum
2054 4416 2103 4479 θ
2139 4422 2269 4500 tu“,
2313 4428 2509 4524 limum
2550 4435 2607 4488 et
2650 4431 2893 4489 “ceram
2940 4447 3051 4491 3°“
3096 4432 3263 4503 bibit,
3296 4447 3529 4490 carnem
3570 4430 3795 4491 “nam

388 4541 649 4619 gentium
680 4542 1055 4599 veneratione
1086 4542 1452 4599 excoluntur.

705 4665 767 4721 D.
812 4665 881 4720 VI
921 4665 1055 4721 KAL.
1097 4665 1360 4723 Jauuxnu
1400 4665 1491 4738 (27
1527 4665 1711 4738 Dea).

462 4778 719 4853 (Hieron.
772 4779 843 4837 dc
890 4779 1052 4838 Eccl.
1094 4781 1319 4854 SWip.,
1368 4795 1419 4838 c.
1473 4780 1547 4852 9).
1601 4779 1819 4838 Natalis
1878 4781 2031 4837 beati

388 4870 627 4929 Joannis
676 4872 840 4943 apost
884 4867 920 4924 li
972 4869 1585 4950 evangelistatquem
1624 4872 1792 4929 Jesus
1820 4870 2029 4928 amavit

395 4960 724 5031 plurimum,
761 4958 857 5031 qui
889 4958 1197 5016 secundam
1224 4965 1353 5032 post
1376 4960 1657 5017 Neronem
1682 4959 2035 5032 persecutio-

395 5060 525 5102 nem
554 5053 823 5106 movente
851 5046 1194 5116 Domitiano,
1222 5051 1597 5118 posteaquam
1622 5047 1676 5104 in
1701 5047 1829 5107 oleo
1852 5047 2034 5119 ignito

398 5132 699 5192 demersus
746 5136 887 5193 nihil
936 5151 1139 5209 passus
1177 5139 1287 5205 est,
1330 5135 1387 5191 in
1436 5137 1737 5193 Patbmum
1788 5136 2032 5195 insulam

394 5217 694 5289 relegatus
721 5224 862 5279 vidit
898 5222 1317 5298 Apocalypsim.
1352 5223 1663 5280 interfecto
1702 5230 1895 5281 autem
1931 5227 2035 5281 υς-

396 5305 657 5376 mitiano,
710 5314 767 5363 et
811 5313 958 5370 actis
1003 5315 1132 5386 ejus
1168 5313 1242 5370 ob
1289 5309 1518 5368 nimiam
1565 5311 1974 5368 crudelitatem
2002 5327 2032 5368 a

402 5398 606 5455 senatu
656 5394 935 5467 rescissis,
987 5405 1094 5459 sub
1149 5400 1454 5459 Pertinace
1511 5398 1685 5457 redit
1743 5392 2028 5471 Ephesim.

401 5488 468 5545 Et
502 5483 634 5558 quia
664 5498 1001 5545 concussam
1030 5504 1092 5547 se
1122 5493 1361 5553 absente
1402 5505 1505 5566 per
1544 5488 1850 5550 hareticos
1887 5487 2032 5545 vidit

2143 4516 2427 4585 comedit;
2452 4533 2743 4591 nunquam
2766 4525 3033 4578 attonsus
3053 4526 3277 4591 est,nec
3301 4526 3513 4579 unctus
3534 4534 3796 4592 unguen-

2143 4609 2225 4677 to,
2262 4620 2365 4665 nec
2396 4621 2536 4665 usus
2568 4608 2792 4665 balneo.
2819 4608 2961 4666 Huic
2986 4607 3091 4667 soli
3132 4608 3353 4666 licitum
3393 4613 3519 4666 erat
3562 4608 3795 4681 ingredi

2144 4694 2349 4752 Sancta
2389 4702 2759 4755 sanctorum:
2812 4696 3095 4768 siquidem
3138 4697 3402 4755 vestibus
3441 4697 3626 4755 laneis
3674 4712 3792 4756 non

2146 4785 2550 4854 utebatur,sed
2601 4783 2800 4851 lineis;
2841 4784 3116 4858 solusque
3166 4785 3608 4857 ingrediebatur
3644 4790 3795 4843 tem-

2146 4869 2323 4943 plum,
2347 4875 2405 4927 et
2437 4871 2564 4927 fixis
2591 4872 2840 4942 genibus
2870 4888 2976 4946 pro
3008 4873 3223 4946 popqu
3244 4873 3692 4946 deprecabatur,
3729 4873 3791 4932 in

2144 4962 2368 5016 tantum
2394 4963 2456 5016 ut
2477 4960 2827 5018 camelorum
2861 4962 3133 5019 duritiem
3162 4962 3412 5020 traxisse
3442 4962 3570 5034 ejus
3596 4976 3790 5033 genua

2141 5047 2544 5105 crederentur.
2563 5048 2661 5106 Hic
2678 5049 2873 5121 itaque
2886 5066 3015 5108 cum
3040 5051 3271 5124 publice
3294 5052 3349 5108 in
3370 5051 3616 5109 concilio
3635 5066 3793 5109 com-

2145 5134 2465 5209 pelleretur
2478 5152 2508 5194 a
2528 5138 2736 5196 Iudaeis
2748 5144 2809 5196 ut
2826 5140 3114 5198 Christum
3130 5140 3229 5197 Dei
3243 5140 3447 5199 Filium
3468 5141 3789 5212 denegaret

2144 5227 2202 5280 et
2218 5223 2316 5279 ille
2327 5238 2468 5281 voce
2482 5225 2723 5282 maxima
2741 5231 3170 5298 protestaretur
3182 5228 3252 5285 ad
3269 5226 3545 5301 populum
3563 5227 3787 5287 dicens:

2144 5310 2291 5379 Quid
2308 5326 2395 5367 me
2410 5311 2785 5383 interrogatis
2795 5314 2866 5371 de
2882 5314 3022 5371 Filio
3034 5314 3470 5373 bominis?Ecce
3483 5315 3498 5372 i
3506 5329 3607 5387 pse
3621 5315 3792 5374 sedet

2146 5414 2173 5455 a
2207 5398 2433 5458 dextris
2462 5400 2699 5458 virtutis
2726 5402 2846 5473 Dei,
2879 5408 2937 5460 ct
2967 5406 3250 5462 venturus
3267 5408 3357 5462 est
3376 5419 3508 5462 cum
3532 5403 3792 5463 nubibus

2142 5486 2275 5545 cali
2292 5487 2722 5562 ;pracipitatus
2734 5488 2805 5546 de
2828 5490 2998 5561 pinna
3021 5491 3245 5566 templi,
3268 5490 3582 5550 contractis
3600 5490 3792 5550 cruri-
