4086 6178
265 262 360 322 185
1277 250 1877 308 MARTYROLOGIUM
1923 250 2063 310 CUM
2105 251 2629 312 ADDITAMENTIS.
3546 257 3649 311 186

260 382 383 450 bus,
419 375 607 440 adhuc
641 375 996 434 semiaminis
1024 373 1240 434 tollens
1261 376 1332 434 ad
1354 375 1563 433 cmlum
1598 391 1800 436 manus
1821 376 1904 434 di-
1932 375 1986 438 A
2014 383 2599 443 consummaverunt;
2621 376 2934 434 honorifice
2955 376 3213 449 sepultia
3239 375 3470 450 populis
3489 377 3650 435 Chri-

256 473 416 527 ceret
443 487 456 522 :
484 467 739 535 Domine,
777 465 1008 538 ignosce
1040 465 1142 535 eis,
1171 467 1322 540 quod
1355 465 1506 522 enim
1543 467 1778 535 faciunt,
1806 481 1902 522 ne-

255 558 478 624 sciunt;
506 555 738 613 fullonis
763 553 984 612 fustein
1007 557 1254 613 cerebro
1270 571 1580 627 percussus
1603 556 1895 614 occubuit.

255 647 356 704 Hic
379 650 467 702 est
494 645 566 700 de
591 659 703 715 quo
727 643 1024 716 apostolus
1051 644 1266 701 Paulus
1287 643 1490 700 scribit
1515 643 1583 701 ad
1619 643 1852 701 Galatas
1883 663 1896 699 :

253 738 296 794 Α
309 736 460 792 lium
479 734 679 791 autem
699 733 1099 804 apostolorum
1118 733 1246 790 vidi
1258 734 1573 804 neminem,
1585 733 1708 792 nisi
1728 735 1900 790 Jaco-

256 822 926 897 bumfratremDomini
950 821 1110 894 (Gal.
1142 823 1201 894 I).
1232 822 1711 895 Etapostolorum
1725 837 1901 895 super

255 913 363 970 hoc
413 910 680 968 crebrius
703 916 828 967 acta
871 915 1187 968 testantur.
1231 911 1604 983 Evangelium
1647 927 1896 983 quoque,

258 1000 409 1073 quod
427 999 760 1072 appellatur
772 999 1089 1056 secundum
1107 1001 1400 1071 Hebraeos,
1426 1004 1484 1055 et
1511 1001 1681 1057 beato
1705 1001 1902 1057 Hiero-

259 1103 426 1160 nymo
448 1089 502 1144 in
519 1089 781 1144 Graecum
805 1103 1129 1144 sermonem
1156 1088 1900 1160 Latinumquetranslatum

259 1179 502 1249 est,post
521 1175 1015 1233 resurrectionem
1040 1176 1360 1234 Salvatoris
1386 1177 1456 1234 de
1479 1192 1548 1233 eo
1561 1179 1742 1234 refert
1759 1197 1772 1234 :
1789 1180 1904 1235 Do-

259 1266 455 1322 minus
471 1265 672 1321 autem
693 1277 828 1322 eum
847 1265 1109 1323 dedisset
1122 1265 1430 1324 sindonem
1447 1280 1614 1324 servo
1632 1267 1902 1324 sacerdo-

262 1352 914 1424 tis,eenitadJaeobmn
932 1354 1177 1411 Jnstam
1197 1355 1256 1411 et
1273 1355 1901 1427 apparaiteiJwrave—

255 1443 358 1500 rat
365 1443 566 1498 autem
583 1441 843 1500 Jacobus
863 1455 926 1499 se
937 1457 1052 1498 non
1063 1456 1248 1500 comes
1255 1443 1457 1501 tarum
1465 1457 1686 1515 panem
1699 1444 1772 1501 ab
1785 1445 1901 1502 illa

256 1530 553 1601 Magna
568 1529 800 1587 biberat
808 1544 878 1587 ea
886 1530 1055 1587 licem
1069 1532 1518 1602 Domini,donec
1527 1533 1760 1590 videret
1769 1547 1902 1591 eam

253 1620 657 1690 resurgentem
685 1618 1192 1677 adomientibus.
1227 1621 1565 1690 Rursusque
1601 1625 1727 1692 post
1765 1637 1901 1693 pau-

256 1707 365 1764 lum
395 1727 410 1761 -.
437 1707 686 1780 Aferte,
713 1708 810 1764 ait
824 1709 1134 1778 Dominus,
1156 1722 1421 1766 mensam
1443 1709 1502 1765 et
1509 1723 1745 1780 panem.
1774 1711 1897 1766 Sta-

254 1796 474 1866 timque
489 1795 756 1852 additur:
782 1797 952 1854 Tulit
956 1811 1197 1868 panem,
1213 1798 1272 1854 et
1282 1797 1604 1869 benedixit,
1618 1799 1895 1872 etfreyit,

258 1883 718 1941 etdeditJaeobo
729 1886 1210 1956 Justo,dixitqae
1222 1886 1277 1942 ei
1289 1905 1309 1941 :
1324 1886 1540 1944 Frater
1548 1887 1654 1958 mi,
1669 1888 1900 1944 comede

209 1992 221 2011 ο
245 1986 462 2046 panem
479 1973 1002 2046 tuam,qniaﬂlias
1015 1973 1268 2032 hominis
1277 1975 1598 2034 surrexita
1610 1976 1899 2034 dormien-

256 2062 698 2132 tibus.Triginta
715 2062 914 2133 itaque
929 2062 1094 2119 annis
1109 2062 1519 2134 Hierosolyma:
1535 2065 1686 2120 rexit
1703 2065 1898 2122 Eccle-

258 2149 485 2220 siam,id
519 2155 610 2207 est
634 2165 818 2222 usque
849 2149 920 2207 ad
953 2151 1263 2222 septimum
1297 2153 1540 2209 Neronis
1571 2168 1814 2221 annum;
1838 2158 1896 2210 et

255 2239 415 2309 juxta
465 2237 749 2310 templum
791 2240 890 2296 ubi
935 2240 1340 2312 prmcipitatus
1380 2242 1586 2312 fuerat,
1631 2241 1899 2313 sepultus

259 2325 620 2394 est.Quidam
645 2327 700 2383 in
725 2333 917 2385 monte
950 2328 1161 2385 Oliveti
1186 2343 1315 2385 eum
1337 2329 1633 2386 conditum
1667 2335 1894 2402 putant,

259 2415 352 2471 sed
368 2415 515 2472 falsa
530 2431 732 2474 eorum
747 2415 940 2488 opinio
962 2421 1071 2474 est.
1099 2417 1338 2489 Scripsit
1364 2422 1556 2475 autem
1582 2433 1752 2475 unam
1773 2424 1899 2474 tan-

261 2506 367 2558 tam
405 2503 750 2576 Epistolam,
785 2520 914 2576 qua:
947 2506 1018 2562 de
1048 2510 1271 2578 septem
1303 2505 1596 2564 canonicis
1625 2511 1734 2564 est.

570 2621 629 2677 E.
675 2622 746 2678 IX
777 2623 912 2678 KAL.
947 2635 1214 2678 sensus.
1251 2621 1343 2692 (24
1372 2622 1571 2693 Aag.).

323 2725 553 2783 Natalis
577 2729 731 2784 beati
757 2728 1161 2786 Bartholomaei
1186 2728 1466 2800 apostoli;
1499 2728 1594 2798 qui
1629 2728 1779 2801 apud
1813 2731 1900 2784 In-

257 2813 407 2871 diam
443 2817 657 2873 Christi
711 2818 1085 2889 Evangelium
1137 2817 1478 2890 praedicans,
1514 2818 1898 2875 decollatione

257 2905 602 2975 martyrium
615 2907 950 2980 complevit.
972 2907 1152 2978 Hujus
1176 2907 1420 2978 apostoli
1445 2907 1898 2964 sacratissimum

257 3007 474 3065 corpus
504 2994 751 3066 primum
777 2996 848 3052 ad
877 2995 1120 3052 insulam
1155 2995 1394 3066 Liparis,
1421 3009 1548 3065 quae
1581 2993 1789 3051 Sicilia:
1818 2995 1901 3050 vi-

2010 468 2232 538 stianis,
2270 482 2414 537 quos
2444 467 2681 523 Domino
2712 466 2818 538 ipsi
2850 472 3191 536 genuerant.
3219 466 3379 532 Quod
3414 467 3646 537 quidam

2012 561 2220 628 putant
2246 555 2533 612 Simonem
2565 554 2890 628 apostolum
2923 569 3097 611 unum
3129 553 3200 610 de
3231 553 3532 610 duodecim
3565 553 3648 626 ip-

2011 661 2136 703 sum
2167 659 2294 703 esse
2327 645 2424 716 qui
2465 646 2574 702 sub
2621 645 2863 716 Trajano
2907 657 3138 700 crucem
3170 657 3373 714 passus
3401 643 3496 714 sit,
3529 658 3648 699 om-

2013 737 2147 792 nino
2173 734 2377 793 falsum
2393 739 2502 792 est.
2530 735 2667 791 Nam
2691 738 2747 790 et
2774 733 2924 790 Beda
2949 737 3184 789 sanctus
3206 733 3530 803 presbyter,
3549 732 3644 804 qui

2011 825 2118 882 hoc
2134 841 2311 898 super
2325 828 2465 882 Acta
2482 824 2876 897 apostolorum
2899 821 3097 891 sentit,
3115 821 3395 878 Isidorum
3410 825 3644 878 secutus

2012 913 2068 971 in
2103 914 2252 971 libro
2283 913 2786 970 Retractationum
2828 926 2890 968 se
2921 911 3026 967 hoc
3058 925 3168 966 non
3203 910 3348 966 bene
3397 909 3646 966 sensisse

2012 1002 2412 1075 reprehendit.
2449 1001 2558 1058 Sed
2595 1007 2654 1058 et
2688 999 2938 1058 Historia
2968 996 3395 1067 Eeclesiastica,
3432 1012 3541 1053 non
3574 995 3646 1052 de

2013 1090 2298 1163 apostolo,
2335 1091 2438 1148 sed
2463 1090 2535 1146 de
2559 1089 2672 1146 alio
2697 1087 2923 1146 Simone
2945 1092 3109 1157 gesta
3142 1090 3360 1142 narrat.
3385 1083 3642 1157 (Euseb.,

2012 1178 2110 1236 lib.
2146 1194 2228 1251 ιιι,
2263 1195 2388 1253 cap.
2424 1180 2535 1250 16).

2395 1296 2456 1350 K.
2502 1293 2572 1350 VI
2603 1293 2796 1348 Noms
2827 1293 2957 1347 Mm
2989 1291 3045 1362 (2
3071 1287 3270 1360 Maii).

2085 1398 2307 1457 Natalis
2337 1401 2489 1456 beati
2515 1400 2794 1456 Simeonis
2816 1397 3071 1469 epis00pi
3096 1400 3152 1452 et
3180 1393 3451 1464 martyris
3473 1403 3518 1463 ι,
3547 1392 3643 1464 qui

2013 1488 2377 1561 propinquus
2412 1487 2728 1545 Salvatoris
2748 1485 3063 1544 secundum
3086 1498 3339 1552 carnem,
3362 1479 3648 1550 Jerosoly-

2012 1592 2233 1634 morum
2258 1577 2565 1649 episcopus
2589 1581 2716 1648 post
2738 1576 3012 1631 Jacobum
3039 1574 3275 1629 fratrem
3304 1569 3524 1626 Domini
3556 1572 3645 1625 est

2010 1666 2346 1733 ordinatus;
2378 1670 2436 1721 et
2471 1665 2876 1737 persecutione
2907 1661 3130 1734 Trajani
3171 1659 3353 1716 multo
3384 1663 3646 1729 tempore

1929 1735 1982 1796 Β
2015 1753 2318 1826 suppliciis
2347 1735 2607 1824 affectus,
2645 1753 2922 1823 martyrio
2943 1753 3376 1808 consummatus
3397 1749 3505 1814 est,
3532 1760 3648 1802 om-

2009 1843 2183 1899 nibus
2232 1842 2328 1913 qui
2376 1843 2638 1912 aderant,
2673 1845 2731 1897 et
2774 1841 2896 1912 ipso
2941 1839 3136 1910 judice
3179 1835 3543 1902 mirantibus,
3581 1836 3644 1889 ut

2007 1933 2240 1987 centum
2273 1929 2475 2000 viginti
2528 1944 2803 1984 annorum
2856 1943 3034 1985 senex
3080 1925 3271 1983 crucis
3300 1919 3644 1995 supplicium

2011 2018 2370 2090 pertulisset.
2406 2019 2661 2088 (Euscb.,
2698 2015 2795 2072 lib.
2833 2034 2889 2088 ιε,
2923 2030 3029 2086 cap
3061 2015 3175 2084 26.)

2357 2133 2412 2187 F.
2456 2133 2526 2187 VI
2559 2135 2692 2188 KAL.
2727 2133 2930 2188 Mum
2959 2132 3052 2200 (24
3081 2127 3294 2198 Febr).

2080 2238 2300 2296 Natalis
2330 2238 2512 2295 sancti
2544 2237 2798 2294 Matthiae
2829 2234 3098 2308 apostoli,
3131 2234 3229 2304 qui
3274 2235 3399 2304 post
3451 2244 3648 2287 ascen-

2009 2329 2226 2385 sionem
2260 2327 2479 2383 Domini
2505 2341 2535 2382 a
2560 2327 2747 2382 beatis
2769 2325 3052 2396 apostolis
3072 2329 3228 2380 sorte
3251 2321 3474 2377 electus
3496 2317 3644 2388 (Act.

2010 2419 2072 2487 ι),
2098 2421 2273 2487 atque
2298 2417 2352 2472 in
2378 2415 2564 2472 locum
2586 2414 2749 2471 Iuda;
2783 2411 3100 2484 proditoris
3129 2408 3350 2466 Domini
3376 2408 3650 2475 subroga-

2010 2510 2124 2576 tus,
2159 2504 2312 2577 apud
2341 2503 2599 2562 Iudaeam
2633 2501 2845 2558 Christi
2877 2499 3250 2571 Evangelium
3285 2493 3646 2570 praedicavit.

2384 2620 2449 2674 A.
2495 2619 2568 2673 IlI
2600 2620 2732 2673 Inus
2759 2617 2909 2673 Imm
2941 2617 3021 2686 (11
3059 2614 3279 2686 Junii).

2082 2724 2259 2798 (Hier.
2295 2723 2366 2782 de
2391 2725 2603 2798 Script
2620 2724 2779 2782 Eccl.
2806 2740 2855 2780 c.
2882 2723 2960 2794 6.)
2986 2720 3206 2778 Natalis
3229 2717 3414 2776 sancti
3439 2718 3649 2772 Barna-

2017 2814 2103 2871 bm
2127 2813 2394 2886 apostoli,
2422 2812 2669 2884 quicum
2691 2816 2844 2870 esset
2869 2811 3132 2882 Cyprius,
3158 2823 3287 2865 cum
3311 2804 3491 2862 Paulo
3511 2817 3647 2874 gen-

2007 2902 2152 2958 tium
2203 2900 2501 2973 apostolus
2549 2900 2852 2956 ordinatus
2900 2904 2987 2953 est
3021 2897 3156 2966 (Act
3181 2895 3278 2965 x1).
3315 2893 3414 2949 Hic
3445 2895 3646 2962 postea

2011 2993 2252 3060 propter
2271 2990 2545 3043 Joannem
2571 2985 2938 3058 discipulum,
2959 2983 3054 3054 qui
3079 2988 3136 3038 et
3161 2984 3384 3038 Marcus
3405 2978 3647 3034 vocaba-

257 3080 374 3138 cina
410 3087 527 3153 est,
564 3083 775 3140 deinde
818 3085 1211 3141 Beneventum
1249 3083 1600 3140 translatum
1639 3081 1730 3156 pia
1762 3082 1901 3140 ﬁde-
1931 3081 1981 3146 C
2014 3080 2133 3146 tur,
2149 3079 2500 3147 separatusa
2515 3066 3479 3156 Paulo,nihilominusEvangelieae
3503 3079 3646 3137 prae-

259 3168 388 3228 lium
421 3172 807 3230 veneratione
839 3173 1192 3229 celebratur.

580 3287 640 3342 E.
684 3287 780 3342 XII
810 3288 944 3343 KAL.
977 3288 1241 3343 unum"
1272 3286 1353 3357 (21
1391 3286 1574 3357 Dea).

321 3390 721 3449 Natalisbeati
742 3393 969 3449 Thomm
983 3391 1230 3464 apostoli
1251 3409 1265 3459 ;
1290 3392 1384 3463 qui
1402 3392 1633 3448 Parthis
1647 3396 1704 3450 et
1720 3392 1898 3450 Medis

263 3479 630 3551 Evangelium
657 3481 999 3552 praedicans,
1031 3495 1238 3551 passus
1267 3485 1355 3537 est
1381 3480 1435 3535 in
1460 3479 1638 3536 India.
1677 3482 1898 3554 Corpus

263 3567 378 3638 ejus
424 3569 484 3625 in
528 3568 854 3638 civitatem,
912 3585 1083 3640 quam
1144 3569 1269 3639 Syri
1306 3569 1602 3649 .Edessam
1663 3573 1894 3641 vocant,

262 3655 624 3728 translatum,
662 3657 858 3728 ibique
890 3657 1064 3728 digno
1095 3657 1312 3713 honore
1345 3657 1643 3713 conditum
1676 3661 1785 3714 est.

580 3772 636 3826 F.
684 3772 729 3826 II
760 3773 896 3828 KAL.
934 3771 1218 3843 Ocronnls
1250 3771 1330 3844 (21
1369 3771 1580 3844 Sept).

320 3877 503 3945 (Hier.
531 3877 606 3934 de
622 3877 1058 3950 Script.Eccle.
1087 3878 1194 3947 ιιι.)
1220 3875 1440 3933 Natalis
1464 3878 1618 3933 beati
1643 3877 1896 3935 Matthaei

261 3965 502 4034 apostoli
525 3970 583 4020 et
607 3965 1003 4036 evangelistae,
1033 3965 1128 4035 qui
1159 3965 1377 4037 primus
1409 3965 1464 4020 in
1485 3965 1683 4022 Judma
1718 3967 1898 4022 Evan-

261 4052 468 4120 gelium
494 4053 709 4110 Christi
735 4055 977 4110 Hebraeo
1000 4069 1264 4110 sermone
1285 4053 1631 4126 conscripsit
1651 4053 1892 4120 (Matth.

260 4153 320 4205 ης
352 4143 474 4199 Luc
507 4142 617 4212 .v);
651 4147 777 4214 post
809 4157 949 4199 vero
981 4143 1132 4214 apud
1165 4141 1509 4214 Ethiopiam
1548 4143 1891 4214 praedicans,

260 4230 595 4300 martyrium
630 4246 833 4302 passus
861 4236 969 4287 est.
997 4230 1390 4302 Evangelium,
1417 4232 1543 4303 ejus
1577 4231 1726 4302 stylo
1760 4231 1896 4289 scri-

260 4321 430 4389 ptum,
458 4319 588 4390 ipso
611 4319 928 4389 revelante,
956 4323 1218 4390 tempore
1248 4320 1490 4376 Zenonis
1522 4319 1896 4392 imperatoris

259 4402 552 4463 inventum
585 4413 694 4464 est.
729 4407 884 4464 Idem
917 4413 1110 4464 autem
1150 4408 1456 4465 Matthaeus
1485 4407 1541 4464 in

260 4490 380 4551 Levi
412 4494 770 4568 appellatur.

601 4609 662 4664 G.
709 4610 754 4664 V
784 4610 918 4666 ΚΑι..
953 4610 1213 4666 Novum.
1251 4608 1344 4680 (28
1377 4609 1544 4680 Οσι.).

324 4714 483 4784 (Isid.
520 4714 592 4772 de
635 4715 745 4772 Vit.
770 4715 830 4772 et
856 4714 941 4772 ob.
975 4715 1095 4773 SS.
1127 4730 1177 4772 c.
1211 4716 1325 4786 81.)
1349 4714 1569 4772 Natalis
1591 4715 1894 4772 beatorum

260 4802 655 4874 apostolorum
678 4803 922 4860 Simonis
947 4803 1271 4874 Chananaei,
1299 4804 1394 4875 qui
1417 4807 1475 4860 et
1509 4803 1734 4860 Zelotes
1755 4803 1895 4861 scri-

2011 3162 2318 3221 dicationis
2349 3163 2668 3234 injunctum
2701 3161 2809 3218 sibi
2842 3175 2987 3232 opus
3014 3157 3297 3214 exercuit.
3327 3155 3501 3226 Cujus
3521 3167 3646 3209 cor-

2010 3269 2120 3325 pus
2163 3256 2428 3324 tempore
2472 3250 2713 3306 Zenonis
2745 3246 3133 3321 imperatoris,
3170 3246 3293 3317 ipso
3325 3241 3642 3309 revelante,

2009 3345 2310 3413 repertum
2334 3339 2571 3397 est..Hic
2605 3353 2773 3396 unam
2806 3337 2874 3393 ad
2909 3335 3352 3393 aedificationem
3373 3328 3647 3388 Ecclesiae

2011 3431 2399 3503 pertinentem
2423 3427 2727 3500 epistolam
2750 3424 3096 3497 composuit,
3124 3438 3250 3495 qua;
3273 3425 3466 3477 tamen
3494 3419 3647 3474 inter

2008 3518 2366 3592 apocryphas
2397 3517 2630 3587 legitur.

2335 3635 2396 3690 D.
2440 3635 2532 3690 XV
2563 3635 2699 3688 KAL.
2734 3632 2992 3688 Novam.
3029 3628 3121 3699 (18
3155 3627 3322 3697 Oct.).

2082 3740 2288 3812 (Hier.,
2321 3739 2392 3795 de
2421 3738 2645 3810 Seript.
2681 3737 2841 3794 Eccl.
2878 3735 2932 3791 d.
2965 3741 3031 3800 7;
3066 3733 3274 3790 Euseb.
3311 3731 3366 3787 in
3401 3729 3648 3799 Ultron.)

2011 3829 2234 3886 Natalis
2266 3827 2448 3884 sancti
2498 3828 2664 3883 Lucae
2709 3822 3103 3893 evangelistaa,
3139 3820 3234 3890 qui
3279 3819 3382 3875 fuit
3414 3817 3646 3873 natione

2007 3919 2184 3989 Syrus
2215 3913 2660 3984 Antiochiensis,
2696 3916 2823 3969 arte
2857 3911 3134 3980 medicus,
3160 3905 3482 3978 discipulus
3513 3920 3646 3976 apo-

2007 4007 2320 4073 stolorum;
2350 4004 2591 4061 Paulum
2623 4005 2861 4060 secutus
2909 4013 3092 4070 usque
3125 3995 3195 4053 ad
3226 3995 3645 4053 confessionem

2006 4097 2132 4170 ejus
2167 4093 2428 4152 serviens
2458 4092 2695 4149 Domino
2725 4091 2848 4147 sine
2867 4087 3152 4155 crimine;
3186 4100 3374 4156 neque
3406 4099 3643 4142 uxorem

2009 4200 2260 4258 unquam
2293 4183 2512 4240 habens
2543 4195 2729 4251 neque
2763 4179 2927 4235 filios.
2965 4174 3345 4248 Septuaginta
3376 4177 3435 4230 et
3466 4172 3644 4230 trium

2007 4288 2288 4331 annorum
2320 4270 2463 4327 obiit
2497 4269 2551 4325 in
2585 4267 2868 4338 Bithynia,
2907 4264 3113 4337 plenus
3159 4263 3378 4335 Spiritu
3420 4265 3640 4318 sancto.

2007 4361 2283 4434 Sepultus
2307 4363 2500 4416 autem
2525 4373 2675 4414 nune
2701 4353 3232 4425 Constantinopoli;
3265 4352 3334 4408 ad
3359 4366 3526 4423 quam
3552 4367 3646 4407 ur-

1582 4409 1894 4481 Evangeho
1925 4439 1978 4499 D
2011 4409 2137 4507 ben)
2170 4449 2446 4506 vicesimo
2479 4444 2798 4503 Constantii
2831 4459 2998 4513 anno,
3025 4457 3152 4499 ossa
3178 4442 3323 4511 ejus,
3348 4455 3478 4496 cum
3511 4438 3644 4495 reli-

2006 4538 2159 4610 quiis
2179 4538 2425 4609 Andreae
2448 4535 2717 4608 apostoli,
2735 4533 3016 4590 translata
3033 4536 3187 4589 sunt.
3206 4528 3446 4600 Scripsit
3463 4529 3573 4584 Eva
3585 4543 3642 4583 n-

2006 4626 2244 4698 gelium,
2278 4625 2433 4696 quod
2467 4640 2577 4681 non
2609 4623 2794 4681 solum
2820 4623 2891 4678 ab
2920 4619 3183 4693 apostolo
3212 4617 3392 4674 Paulo
3413 4614 3636 4686 didicit,

2006 4716 2103 4788 qui
2133 4730 2264 4772 cum
2295 4714 2533 4770 Domino
2563 4711 2620 4769 in
2649 4726 2824 4768 carne
2862 4725 2974 4766 non
3005 4710 3214 4778 fuerat,
3252 4705 3350 4765 sed
3382 4712 3440 4762 et
3472 4721 3502 4762 a
3532 4720 3640 4762 cae-

2003 4804 2151 4862 teris
2183 4802 2482 4876 apostolis.
2539 4801 2700 4868 Quod
2732 4803 2789 4856 et
2844 4799 2967 4872 ipse
3008 4813 3237 4870 quoque
3269 4796 3324 4853 in
3357 4793 3640 4868 principio

260 4891 429 4964 bitur,
463 4897 525 4950 et
555 4893 803 4964 Thadzei,
841 4894 937 4966 qui
960 4894 1135 4950 etiam
1155 4893 1335 4951 Iudas
1360 4893 1563 4951 Jacobi
1599 4893 1814 4964 legitur
1835 4898 1893 4951 et
2003 4892 2317 4950 voluminis
2331 4882 3639 4960 suideclarat,dicens:Sicuttradideruntno-

261 4981 394 5040 alibi
419 4983 756 5056 appellatur
779 4985 1038 5054 Lebzeus,
1058 4985 1208 5056 quod
1243 4983 1670 5056 interpretatur
1700 4997 1895 5043 corcu-
2007 4981 2097 5040 bis
2109 4982 2217 5054 qui
2229 4980 2575 5055 aprincipio
2587 4979 2706 5052 ipsi
2724 4977 3024 5049 viderant,
3040 4977 3098 5035 et
3113 4971 3645 5045 ministri/uerunt

262 5071 366 5130 lus.
403 5075 446 5129 Ε
470 5074 686 5144 quibus
708 5073 988 5132 Thadzeus
1009 5073 1162 5146 apud
1188 5074 1675 5145 Mesopotamiam,
1702 5075 1893 5132 Simon
2003 5071 2291 5130 sermonis
2323 5070 2480 5142 (Luc.
2515 5069 2576 5141 ι).
2604 5067 2775 5125 Aliud
2804 5067 3073 5124 volumen
3103 5063 3284 5122 edidit
3316 5059 3634 5132 egregium,

260 5174 389 5218 vero
417 5163 572 5234 apud
603 5162 910 5234 (Egyptum
941 5162 1197 5220 traditur
1230 5163 1578 5236 przedicasse
1611 5184 1623 5218 :
1658 5163 1791 5220 inde
1822 5165 1894 5220 si-

2017 5159 2161 5230 quod
2192 5158 2368 5216 titulo
2401 5157 2864 5232 Apostolicarum
2887 5152 3517 5237 ηραεέωυρνωηοιειιιιι.
3537 5151 3641 5207 Cu-

265 5251 369 5307 mul
391 5251 690 5308 Persidem
715 5251 982 5322 ingressi,
999 5268 1129 5309 cum
1149 5252 1279 5309 fidei
1296 5253 1508 5309 Christi
1535 5253 1892 5310 innumeram
1999 5259 2094 5330 jus
2117 5257 2356 5316 historia
2384 5271 2565 5330 usque
2588 5257 2658 5313 ad
2694 5255 2984 5314 biennium
3017 5255 3208 5308 Romae
3229 5247 3642 5306 commorantis

261 5341 441 5408 gentis
469 5341 653 5413 ipsius
685 5340 1118 5398 multitudinem
1160 5342 1578 5413 subdidisscnt,
1613 5347 1671 5398 et
1700 5342 1894 5400 Eccle-
2003 5346 2166 5404 Pauli
2201 5346 2486 5420 pervenit,
2524 5346 2579 5402 id
2611 5349 2720 5414 est,
2753 5357 2935 5413 usque
2967 5341 3034 5396 ad
3078 5343 3349 5412 quartum
3398 5336 3639 5394 Neronis

263 5427 394 5485 siam
409 5429 763 5488 Dominilate
782 5431 898 5502 jam
926 5430 1221 5488 fundatam
1244 5431 1533 5502 viderent,
1552 5431 1891 5503 martyrium
2004 5449 2234 5494 annum.
2272 5436 2354 5493 Ex
2389 5450 2501 5508 quo
2543 5431 2926 5502 intelligimus
2956 5428 3013 5486 in
3045 5428 3306 5487 eamdem
3338 5427 3541 5486 urbem
3572 5423 3637 5480 li-

264 5515 355 5588 ibi,
390 5534 626 5578 cursum
678 5520 960 5594 temporis
1009 5520 1332 5594 explentes,
1379 5523 1549 5578 beato
1573 5521 1892 5580 certamine
2005 5524 2170 5584 brum
2202 5539 2331 5584 esse
2351 5521 2752 5595 compositum.

327 5625 391 5680 In
427 5625 721 5698 Hartyrol.
748 5626 986 5699 Adonis,
1019 5630 1112 5687 est
1132 5632 1200 5686 18
1229 5627 1392 5684 Febr.
