4078 6180
395 267 497 322 187

777 389 834 446 C.
877 387 974 443 VII
1005 388 1135 444 CAL.
1171 385 1303 442 MAII
1333 385 1424 458 (25
1452 387 1643 462 Δίκη),

465 505 625 579 (Hier
669 507 742 566 de
765 505 990 578 Script.
1025 507 1188 575 Eccl,
1213 523 1264 564 c.
1290 508 1370 580 8.)
1393 507 1614 566 Natalis
1641 507 1827 565 sancti
1857 507 2031 565 Marci

392 594 788 666 evangelista.
805 595 906 651 Hic
927 593 1320 668 diseipuluset
1345 597 1639 670 interpres
1659 596 1906 670 apostoli
1929 599 2034 654 Pe-

393 684 492 754 tri,
518 685 758 753 rogatus
777 685 970 740 Roma
992 699 1022 741 a
1048 685 1346 757 fratribus,
1375 686 1605 758 scripsit
1629 685 2027 759 Evangelium,

399 771 550 842 quod
584 775 800 842 quanto
839 773 1066 830 tardius
1111 775 1344 832 cateris
1373 775 1686 848 inchoavit,
1713 779 1942 835 tantum
1973 777 2030 834 in

397 858 654 930 longiora
675 860 1265 935 scribendotempora
1289 865 1570 935 porrexit.
1589 867 1676 922 Ab
1698 865 1864 922 initio
1877 871 2037 923 nam;

397 960 508 1016 que
538 948 893 1018 evangeliea
926 950 1378 1023 pradicationis,
1414 953 1567 1024 quod
1615 968 1719 1026 per
1753 956 2031 1012 Joannem

395 1034 608 1092 factum
629 1037 827 1107 coepit,
855 1038 926 1094 ad
952 1037 1099 1095 illud
1128 1047 1316 1110 usque?
1337 1044 1569 1112 tempus
1589 1043 1880 1100 narrando
1903 1057 2032 1114 per-

395 1121 574 1190 venit,
610 1139 722 1194 quo
754 1125 1001 1196 apostoli
1033 1125 1184 1183 idem
1217 1129 1510 1199 Evangelii
1551 1133 1792 1189 verbum
1841 1134 2029 1189 totum

397 1210 764 1281 pradicando
813 1214 1262 1274 disseminavere
1309 1232 1414 1288 per
1443 1220 1662 1276 orbem.
1707 1221 1870 1287 Quod
1899 1235 2029 1278 eum

396 1299 605 1356 Petrus
627 1301 884 1359 audisset
907 1305 1194 1377 probavit,
1220 1311 1276 1362 et
1301 1308 1574 1365 Ecclesiis
1597 1307 1901 1380 legendum
1929 1325 2029 1367 sua

397 1389 748 1446 auctoritate
797 1391 1027 1449 edidit:
1073 1410 1186 1465 quo
1233 1402 1550 1470 assumpto,
1605 1398 1754 1454 idem
1809 1401 2033 1456 Marcus

397 1478 655 1548 perrexit
677 1479 1007 1553 Egyptum,
1023 1489 1082 1538 et
1107 1485 1329 1556 primus
1350 1487 1716 1544 Alexandria
1739 1488 2030 1545 Christum

400 1567 768 1640 annuntians,
801 1571 1108 1630 constituit
1136 1573 1460 1648 ecclesiam,
1494 1581 1652 1634 tanta
1685 1577 1950 1634 doctrina
1971 1584 2030 1635 et

397 1653 534 1711 vita
563 1657 942 1731 continentia,
977 1665 1038 1716 ut
1087 1677 1290 1720 omnes
1334 1669 1658 1722 sectatores
1709 1666 1918 1724 Christi
1959 1668 2030 1724 ad

1394 229 1402 235 ⁷
1448 259 1504 314 s.
1541 259 1798 316 ADONIS
1835 256 2272 316 ARCHIEPISC.
2315 256 2732 314 VIENNENSIS

3685 261 3789 318 188

2057 382 2399 458 A(Act.v1,
2434 382 2576 453 vn,).
2612 379 2804 452 .Cujus
2851 377 3250 439 beatissimum
3297 363 3512 455 corpus
3565 379 3682 442 viri
3722 382 3792 441 ti-

2141 470 2349 529 morati
2377 472 2890 544 comportaverunt
2919 473 2978 526 et
3026 469 3288 528 fecerunt
3335 469 3633 542 planctum
3674 488 3792 532 ma-

2139 575 2315 632 gnum
2343 573 2524 632 super
2556 574 2708 616 eum.
2741 558 2952 616 Scribit
2985 559 3192 616 beatus
3220 557 3402 617 Lucas
3431 561 3792 632 evangelista

2144 647 2535 707 beatissimam
2566 647 2695 720 ejus
2727 647 3059 721 passionem
3109 647 3164 704 in
3219 649 3466 706 Actibus
3499 649 3793 724 apostolo-

2145 753 2292 796 rum.
2549 826 2607 882 C.
2632 825 2754 881 VIII
2785 825 2918 882 Inus
2946 825 3097 884 Imm
3128 831 3185 894 (θ
3212 827 3386 897 Jun.)

2213 932 2472 1006 (Euseb,
2508 929 2608 989 lib.
2629 947 2690 1002 ιι,
2713 946 2764 988 c.
2791 937 2844 1006 1,
2873 936 2932 988 et
2951 931 3053 990 lib.
3081 948 3163 1004 ιιι,
3189 949 3240 990 c.
3275 933 3390 1007 25.)
3413 935 3640 994 Natalis
3661 936 3798 994 Phi-

2142 1019 2305 1094 lippi,
2333 1020 2430 1092 qui
2462 1019 2570 1078 fuit
2602 1035 2755 1078 unus
2787 1020 2859 1078 de
2891 1025 3116 1093 septem
3149 1021 3494 1080 diaconibus
3526 1024 3627 1095 qui
3659 1040 3796 1083 eum

2143 1109 2316 1168 beato
2349 1108 2642 1181 Stephano
2673 1108 2873 1165 statim
2897 1112 3030 1181 post
3049 1111 3453 1168 ascensionem
3477 1111 3700 1169 Christi
3722 1115 3800 1170 ab

2140 1196 2423 1270 apostolis
2473 1200 2608 1253 sunt
2656 1196 2945 1265 ordinati;
2977 1197 3050 1254 de
3101 1213 3214 1269 quo
3247 1199 3457 1257 beatus
3511 1200 3704 1258 Lucas
3739 1202 3798 1258 in

2140 1285 2385 1342 Actibus
2416 1283 2813 1356 apostolorum
2835 1285 2911 1358 (c.
2941 1299 3058 1357 vm,
3081 1285 3199 1358 xm)
3219 1287 3420 1358 refert,
3446 1289 3601 1358 quod
3626 1289 3802 1360 signa

2139 1376 2198 1428 et
2229 1371 2786 1444 prodigiafaciendo,
2805 1373 3221 1444 praedicatione
3239 1389 3344 1431 sua
3361 1375 3685 1434 Samarites
3722 1377 3800 1434 ad

2142 1459 2310 1516 fidem
2343 1461 2557 1516 Christi
2589 1461 2898 1530 convertit,
2933 1465 2990 1518 et
3015 1462 3299 1519 Candacis
3322 1462 3544 1533 regina
3565 1462 3796 1522 Ethio-

2144 1563 2278 1620 pum
2311 1548 2638 1606 studiosum
2673 1549 2729 1604 in
2763 1549 3083 1621 Seripturis
3116 1550 3466 1621 eunuchum,
3502 1551 3560 1606 in
3611 1551 3797 1623 fonte,

2144 1636 2241 1708 qui
2271 1641 2364 1692 est
2396 1637 2454 1693 in
2475 1638 2605 1693 vico
2631 1637 2934 1708 Bcthsoro,
2961 1637 3017 1694 in
3041 1637 3202 1695 tribu
3221 1639 3388 1709 Iuda,
3411 1640 3702 1696 euntibus
3725 1641 3803 1698 ab

397 1743 729 1816 exemplum
753 1747 840 1804 sui
871 1724 1128 1819 cogeret.
1155 1751 1408 1808 Meminit
1443 1753 1615 1825 hujus
1640 1755 1812 1812 Marci
1842 1760 1899 1812 et
1932 1757 2037 1813 Pe-
2061 1743 2114 1804 Β
2145 1724 2290 1825 Eli?
2321 1724 2393 1782 ad
2415 1726 2666 1825 “99'2",
2693 1725 2748 1780 in
2772 1725 3050 1783 vicesmo
3072 1725 3619 1825 ἔθρξᾳθρθριίκθνῆ
3645 1743 3800 1825 ί.ί¹¹¹¹

398 1833 528 1888 trus
559 1831 614 1888 in
650 1833 834 1905 prima
867 1836 1144 1910 Epistola,
1170 1841 1278 1896 sub
1310 1841 1536 1897 nomine
1562 1843 1869 1914 Babylonis
1901 1845 2041 1916 figu-

401 1919 606 1977 raliter
628 1921 863 1980 Romam
887 1924 1220 1996 signiﬁcans
1243 1947 1254 1983 :
1279 1929 1537 1988 Salutat
1549 1945 1648 1989 eos
1667 1947 1800 2002 qua
1819 1934 1910 1991 est
1923 1935 2042 1992 Ba-

403 2006 612 2078 bylone
639 2011 912 2084 cocleam,
937 2015 998 2070 et
1011 2013 1257 2074 Marcus
1274 2018 1453 2089 ﬁlius
1471 2033 1636 2077 meus
1667 2021 1732 2086 (Ι
1752 2022 1837 2078 Pe
1848 2023 1922 2080 tr.
1955 2027 2034 2092 v).

403 2095 628 2168 Quique
657 2101 996 2159 constitutis
1023 2107 1082 2160 et
1115 2105 1471 2162 confirmatis
1501 2108 1774 2183 Ecelesiis
1805 2125 1909 2181 per
1940 2113 2040 2183 Ly-

405 2184 576 2256 biam,
627 2187 1044 2262 Marmoricam,
1109 2195 1589 2266 Hammoniacam,
1653 2199 2034 2270 Pentapolim,

407 2270 838 2347 Alexandriam,
873 2282 1051 2350 atque
1077 2279 1388 2353 Egyptum
1422 2285 1782 2356 universam;
1812 2287 1881 2344 ad
1904 2287 2040 2344 ulti-

402 2376 555 2418 mum
578 2365 781 2422 tentus
801 2369 888 2423 est
913 2381 944 2423 a
971 2369 1212 2439 paganis
1239 2371 1335 2442 qui
1359 2379 1760 2432 remanserunt
1795 2375 2040 2433 Alexan-

405 2448 566 2506 dria.
602 2451 708 2518 Qui
741 2453 1012 2513 videntes
1040 2471 1172 2514 eum
1205 2458 1299 2516 die
1339 2466 1540 2519 sancto
1570 2464 1804 2521 Pascha
1835 2464 2040 2522 missas

404 2538 732 2610 facientem,
753 2542 1035 2601 miserunt
1051 2546 1244 2604 funem
1259 2548 1313 2605 in
1327 2550 1478 2608 collo
1491 2552 1636 2623 ejus,
1653 2554 2036 2610 ettrahebant

401 2641 531 2684 eum
566 2629 636 2684 ad
659 2628 784 2686 loca
811 2632 1079 2706 Bucolia,
1108 2650 1236 2707 qua
1258 2643 1424 2696 erant
1443 2640 1609 2711 juxta
1634 2657 1792 2698 mare
1815 2644 1922 2700 sub
1945 2638 2040 2700 ru-

403 2715 592 2786 pibus,
621 2718 719 2774 ubi
751 2723 878 2776 erat
926 2721 1172 2781 ecclesia
1220 2731 1578 2800 constructa,
1611 2735 1670 2787 et
1703 2732 2038 2789 deﬂuebant

397 2817 604 2861 carnes
633 2806 760 2878 ejus
788 2807 842 2863 in
892 2813 1133 2883 terram,
1169 2829 1233 2871 ac
1278 2830 1413 2872 saxa
1471 2817 1880 2878 inficiebantur
1911 2836 2038 2878 san-

396 2890 590 2960 guine.
622 2895 875 2966 Vespere
895 2893 1102 2955 'autem
1157 2902 1310 2960 facto
1341 2905 1624 2964 miserunt
1655 2923 1784 2965 eum
1827 2909 1882 2964 in
1913 2925 2038 2966 car-

395 2993 608 3050 cerem,
645 2983 742 3038 ubi
773 2983 926 3040 circa
975 2988 1220 3045 mediam
1273 2997 1498 3049 noctem
1553 2995 1736 3066 primo
1776 2996 2034 3066 angelica

399 3066 736 3124 visitatione
767 3073 1132 3160 confortatus
1161 3081 1284 3144 est;
1319 3079 1526 3137 deinde
1557 3082 1683 3152 ipso
1712 3085 1951 3140 Domino
1979 3085 2033 3140 ei
2064 3096 2114 3160 ο

397 3159 741 3226 apparente,
759 3156 828 3212 ad
872 3159 1134 3216 coelestia
1177 3178 1352 3234 regna
1376 3170 1618 3224 vocatus
1639 3173 1746 3225 est.
1775 3172 1843 3226 At
1869 3185 2034 3228 mane

397 3237 530 3327 dum
554 3239 894 3299 traheretur
925 3246 996 3301 ad
1029 3245 1151 3304 loca
1186 3249 1456 3323 Bucolia,
1487 3254 1709 3322 gratias
1740 3271 1938 3327 agens,
1973 3263 2029 3314 et

397 3323 594 3382 dicens
619 3347 630 3383 :
657 3329 910 3403 Domine,
939 3333 995 3390 in
1019 3350 1222 3393 manus
1241 3343 1373 3394 tuas
1401 3337 1740 3399 commendo
1763 3323 2032 3414 spiritum

397 3427 605 3503 meum,
643 3415 952 3476 defunctus
979 3426 1088 3492 est,
1123 3427 1181 3478 et
1215 3439 1244 3480 a
1277 3426 1418 3484 viris
1450 3429 1738 3499 religiosis
1767 3432 2034 3503 sepultus

396 3499 452 3556 in
475 3499 602 3558 loco
625 3503 836 3576 lapidis
855 3509 1032 3566 excisi
1055 3525 1182 3568 cum
1207 3511 1411 3581 gloria.
1431 3515 1811 3574 Ordinaverat
1834 3499 2030 3576 autem

394 3601 501 3660 pro
530 3603 592 3647 se
634 3590 1002 3654 Alexandria
1051 3598 1387 3672 episcopum
1436 3603 1738 3663 Anianum.
1774 3609 2034 3667 Mortuus

391 3679 480 3734 est
515 3684 710 3738 autem
739 3687 946 3743 octavo
972 3687 1216 3746 Neronis
1247 3704 1414 3748 anno.

695 3800 752 3856 C.
795 3801 894 3858 VII
922 3803 1057 3862 KAL.
1091 3805 1355 3864 Immin"
1385 3808 1494 3881 (26.
1527 3809 1710 3881 Dee).

461 3915 684 3974 Natalis
738 3917 1056 3977 beatissimi
1089 3921 1362 3994 Stephani
1405 3925 1850 3997 protomartyris
1883 3946 1896 3982 :
1933 3929 2031 4000 qui

390 4017 502 4058 non
520 4005 704 4061 multo
715 4009 848 4076 post
864 4008 1256 4064 ascensionem
1283 4009 1494 4066 Christi
1509 4013 1582 4067 ab
1596 4015 2029 4084 apostolis,cum

393 4091 549 4144 esset
584 4089 794 4161 plenus
825 4091 936 4148 [ide
965 4096 1024 4149 et
1057 4093 1274 4165 Spiritu
1317 4102 1538 4168 sancto,
1573 4098 1848 4159 diaconus
1879 4104 2033 4161 ordi-

389 4179 583 4234 natur.
601 4177 701 4234 Hic
727 4179 943 4236 faciens
966 4179 1126 4250 signa
1146 4185 1203 4237 et
1220 4183 1480 4255 prodigia
1505 4201 1708 4257 magna
1724 4187 1777 4244 in
1793 4191 2026 4262 populo,

396 4263 606 4337 plenus
632 4265 820 4335 gratia
872 4271 932 4322 et
961 4267 1202 4341 virtute,
1237 4271 1291 4326 in
1326 4272 1554 4330 nomine
1591 4276 1813 4333 Domini
1846 4279 2027 4336 nostri

383 4352 520 4409 Jesu
574 4353 787 4412 Christi
819 4370 848 4412 a
883 4355 1248 4431 quibusdam,
1283 4361 1379 4431 qui
1411 4367 1576 4419 erant
1627 4365 1699 4422 de
1729 4366 2027 4439 Synagoga

388 4456 519 4513 qua
559 4441 774 4499 dicitur
805 4443 1230 4504 Libertinorum
1255 4451 1312 4504 et
1348 4449 1778 4525 Cyrenensium,
1811 4459 1869 4512 et
1904 4455 2032 4513 Ale—
2059 4446 2114 4506 D

384 4528 824 4610 xandrinorum,
849 4535 908 4588 et
935 4533 1033 4605 qui
1064 4549 1094 4591 a
1120 4534 1314 4592 Cilicia
1347 4540 1402 4592 et
1447 4538 1578 4594 Asia
1600 4555 1730 4596 cum
1753 4557 1821 4597 eo
1845 4542 2041 4615 dispu-

393 4621 746 4692 tantibus,et
771 4621 1256 4692 conquirentibus
1281 4629 1455 4696 atque
1475 4625 1915 4700 altercantibus,
1935 4647 2039 4690 nec

397 4710 676 4769 resistere
721 4708 1072 4782 valentibus,
1107 4712 1406 4784 sapientia
1434 4717 1489 4770 et
1541 4714 1778 4787 Spiritui
1811 4722 2032 4786 sancto,

385 4815 500 4872 quo
557 4799 1266 4870 loquebatur;coneitato
1312 4802 1524 4874 populo
1573 4819 1638 4862 ac
1685 4805 2032 4880 senioribus,

394 4887 724 4961 scribisque
765 4888 1048 4945 adversus
1083 4902 1214 4945 eum
1240 4891 1544 4948 commotis
1572 4907 1585 4947 :
1619 4899 1823 4965 raptus
1850 4901 1908 4953 et
1939 4897 2036 4954 ad-

402 4974 614 5035 ductus
641 4977 696 5034 in
727 4973 1033 5034 concilium
1061 4980 1172 5034 est.
1199 4979 1454 5050 Cumque
1478 4979 1915 5042 insimularetur
1937 4987 2034 5043 ad-

384 5077 604 5120 versus
658 5065 845 5126 locum
895 5069 1158 5125 sanctum
1188 5071 1246 5124 et
1277 5066 1460 5138 legem
1490 5069 1774 5144 docuisse,
1827 5073 2034 5146 plenus

407 5148 624 5221 Spiritu
657 5160 878 5228 sancto,
903 5155 1160 5214 ostendit
1185 5157 1470 5228 quombdo
1489 5159 1656 5215 Iesus
1678 5161 1941 5220 Christus
1961 5177 2034 5219 ex

387 5235 530 5308 lege
580 5245 1010 5302 monstraretur
1037 5249 1096 5302 et
1129 5243 1447 5318 prophetis.
1483 5247 1552 5302 At
1586 5245 1667 5302 illi
1715 5248 2032 5309 stridentes

391 5323 674 5382 dentibus
703 5325 758 5382 in
783 5343 934 5402 eum,
959 5338 1018 5388 et
1044 5335 1358 5392 frementes
1391 5333 1442 5390 in
1471 5334 1748 5392 cordibus
1775 5336 1914 5400 suis.
1947 5343 2030 5394 at-

391 5427 502 5486 quc
517 5423 1296 5490 auressuascomprimentes
1308 5421 1714 5500 impetugfacto,
1731 5424 2024 5496 ejecerunt

400 5517 529 5560 eum
546 5506 712 5559 extra
726 5502 1044 5576 civitatem,
1061 5513 1118 5564 et
1134 5509 1426 5582 lapidatus
1447 5515 1667 5584 martyr
1679 5511 2026 5572 obdormivit

2147 1817 2352 1886 postea
2384 1812 2537 1884 apud
2571 1813 2894 1870 Casaream
2927 1813 3234 1884 requievit.
3266 1817 3438 1872 Juxta
3464 1830 3637 1886 quem
3667 1819 3802 1873 tres

2147 1901 2405 1972 virgines
2438 1899 2570 1957 ﬁlia
2594 1901 2781 1973 ipsius
2805 1902 3196 1974 prophetissa
3217 1903 3522 1960 tumulata
3537 1903 3743 1974 jacent
3779 1923 3796 1960 :

2147 2005 2276 2046 nam
2335 1993 2542 2060 quarta
2607 1989 2721 2046 filia
2774 1989 2933 2046 illius
2983 1989 3153 2062 plena
3205 1991 3422 2062 Spiritu
3485 1995 3694 2049 sancto
3738 1992 3801 2048 in

2145 2078 2375 2149 Epheso
2396 2077 2693 2134 occubuit.
2729 2077 2969 2144 Quidam
3003 2081 3196 2135 tamen
3233 2082 3459 2150 putant,
3487 2080 3640 2152 apud
3664 2081 3804 2138 Hie-

2145 2164 2390 2236 rapolim
2431 2180 2531 2222 eas
2579 2165 2920 2236 tumulatas,
2975 2166 3070 2222 ubi
3115 2165 3420 2238 apostolus
3484 2167 3803 2241 Philippus

2147 2268 2296 2310 unus
2328 2253 2400 2309 de
2435 2252 2739 2310 duodecim
2791 2253 3063 2324 quiescit.
3101 2254 3281 2325 Cujus
3329 2254 3515 2314 fuisse
3555 2255 3692 2314 filia
3724 2257 3804 2314 ab

2145 2340 2450 2412 aliquibus
2483 2340 2874 2412 scriptoribus
2905 2344 3125 2414 putata
3156 2346 3313 2400 sunt.

2535 2449 2598 2502 A.
2634 2446 2698 2502 ν.
2734 2447 2866 2504 Inus
2897 2448 3129 2504 APRILIS
3159 2451 3214 2515 (9
3245 2451 3438 2521 Apes).

2216 2549 2376 2608 Beati
2407 2550 2684 2608 Prochori
2709 2551 2958 2624 diaconi,
2985 2551 3422 2625 praclarissimi
3455 2554 3571 2612 ﬁde
3609 2559 3672 2612 et
3695 2557 3804 2613 mi-

2145 2637 2380 2712 raculis,
2413 2638 2542 2709 viri,
2577 2639 2728 2710 apud
2783 2639 3145 2698 Antiochiam
3195 2641 3474 2714 martyrio
3523 2657 3804 2703 consum-

2145 2725 2304 2798 mati,
2340 2725 2537 2797 ibique
2571 2727 2954 2798 quiescentis.

2465 2831 2524 2888 C.
2561 2833 2650 2888 IV.
2684 2832 2822 2890 Inus
2855 2833 3120 2891 Iamnam
3153 2837 3244 2900 (lo
3272 2837 3466 2905 Jan).

2215 2937 2374 2994 Beati
2409 2937 2710 2996 Nicanoris
2741 2939 2988 3011 diaconi,
3022 2940 3212 3011 gratia
3257 2939 3392 2998 ﬁdei
3439 2941 3660 3000 virtute
3693 2943 3802 3000 ad-

2145 3025 2410 3095 mirandi,
2446 3027 2596 3097 apud
2633 3029 2879 3099 Cyprum
2909 3028 3337 3098 gloriosissime
3367 3031 3649 3103 coronati,
3685 3030 3802 3088 ibi-

2143 3127 2254 3184 que
2283 3113 2698 3170 venerabiliter
2731 3115 2970 3186 sepulti.

2517 3220 2580 3276 D.
2611 3220 2734 3275 XIII
2766 3221 2899 3277 ΚΑι..
2934 3221 3066 3278 Mm
3099 3223 3190 3288 (l9
3218 3225 3412 3296 Aph).

2213 3324 2408 3381 Sancti
2438 3325 2690 3382 Timonis
2723 3326 2951 3384 diaconi
2984 3327 3136 3400 apud
3170 3331 3452 3401 Bormam,
3479 3330 3578 3402 qui
3601 3331 3800 3404 primo

2143 3411 2350 3469 doctor
2379 3413 2622 3482 resedit,
2645 3413 2856 3470 deinde
2879 3416 3124 3472 verbum
3145 3417 3369 3474 Domini
3397 3418 3797 3478 disseminans

2141 3499 2299 3556 venit
2352 3499 2710 3572 Corinthum,
2765 3501 2962 3573 ibique
3013 3517 3041 3560 a
3095 3501 3424 3562 zelantibus
3469 3505 3690 3564 Judais
3731 3512 3796 3564 et

2141 3600 2348 3643 nomen
2382 3587 2597 3644 Christi
2629 3589 3124 3661 persequentibus
3155 3591 3374 3650 Gracis
3411 3593 3690 3665 traditus,
3727 3600 3797 3653 ut

2144 3675 2358 3746 ferunt,
2393 3675 2579 3748 primo
2609 3676 2854 3733 flammis
2905 3678 3178 3750 injectus,
3214 3680 3318 3737 sed
3371 3680 3512 3736 nihil
3565 3681 3794 3752 lasus;

2145 3761 2355 3820 deinde
2406 3763 2566 3821 cruci
2618 3763 2822 3824 affixus
2874 3766 3214 3838 martyrium
3275 3782 3445 3826 suum
3500 3769 3790 3844 implevit.

2142 3851 2423 3924 Sepultus
2454 3852 2606 3924 apud
2641 3854 2979 3912 Corinthum
3009 3853 3285 3925 gloriose.

2469 3959 2530 4014 Β.
2563 3960 2608 4015 Χ
2640 3961 2756 4016 ΚΑι
2785 3961 3094 4017 FEBRUARII
3128 3963 3222 4028 (25
3246 3962 3441 4031 Jan).

2214 4061 2407 4118 Sancti
2442 4063 2739 4120 Parmena
2769 4063 3015 4135 diaconi,
3054 4065 3150 4136 qui
3176 4066 3436 4125 traditus
3455 4069 3662 4139 gratia
3686 4071 3794 4129 Dei

2143 4162 2174 4204 a
2203 4147 2486 4206 fratribus
2520 4149 2840 4220 injunctum
2871 4151 3124 4210 ofﬁcium
3160 4155 3595 4226 pradicationis
3614 4157 3794 4230 plena

2141 4235 2256 4292 fide
2288 4237 2731 4309 consummavit,
2767 4241 3028 4311 martyrii
3058 4241 3302 4314 gloriam
3344 4244 3614 4318 adeptus,
3657 4247 3795 4304 Phi-

2141 4323 2318 4398 lippis
2351 4326 2591 4399 quievit.

2453 4427 2511 4482 C.
2546 4427 2616 4482 1x
2652 4428 2769 4484 KAL
2805 4428 3116 4486 Faenum"
3149 4433 3240 4496 (24
3275 4432 3470 4500 Jan).

2218 4529 2440 4586 Natalis
2472 4531 2658 4588 sancti
2687 4532 2967 4590 Timothei
2989 4533 3262 4606 discipuli
3287 4535 3441 4592 beati
3464 4535 3627 4593 Pauli
3651 4551 3790 4610 apo-

2147 4617 2305 4690 stoli,
2341 4619 2436 4690 qui
2472 4621 2622 4692 apud
2657 4621 2946 4690 Ephesum
2977 4637 3008 4678 a
3042 4623 3213 4680 beato
3255 4623 3524 4696 apostolo
3556 4625 3790 4698 episco-

2147 4721 2277 4779 pus,
2311 4707 2634 4776 ordinatus,
2689 4711 2820 4778 post
2870 4709 3085 4768 multos
3134 4726 3239 4783 pro
3287 4709 3519 4770 Christo
3567 4727 3789 4784 agones

2145 4795 2436 4852 dormivit.
2456 4795 2631 4865 Cujus
2655 4810 2783 4852 cum
2809 4795 3074 4870 reliquiis
3088 4799 3242 4856 beati
3267 4800 3510 4858 Andrea
3532 4803 3590 4858 et
3614 4801 3788 4862 Luca

2144 4882 2422 4939 vicesimo
2453 4883 2776 4940 Constantii
2809 4899 2958 4944 anno
3001 4887 3561 4961 Constantinopolim
3591 4893 3790 4948 trans-

2144 4968 2324 5026 latum
2354 4974 2466 5028 est.

2495 5067 2558 5124 D.
2594 5069 2640 5124 II
2672 5071 2812 5128 Non.
2847 5071 3112 5130 unum"
3143 5077 3198 5140 (4
3227 5075 3422 5144 Jan).

2211 5162 2434 5220 Natalis
2457 5163 2613 5221 beati
2635 5167 2742 5223 Titi
2757 5169 3154 5239 apostolorum
3177 5170 3451 5244 discipuli
3469 5191 3486 5242 ;
3507 5173 3605 5244 qui
3628 5173 3789 5232 ordi-

2139 5254 2314 5310 natus
2342 5251 2415 5308 ab
2448 5255 2716 5326 apostolo
2735 5256 2916 5314 Paulo
2937 5259 3301 5316 Cretensium
3323 5261 3660 5334 episcopus,
3685 5263 3786 5320 cui

2137 5340 2310 5397 etiam
2345 5341 2664 5412 Epistolam
2697 5344 2849 5401 omni
2878 5345 3158 5404 Ecclesia
3205 5347 3305 5404 Dei
3337 5348 3784 5408 celeberrimam

2138 5425 2296 5486 idem
2324 5429 2627 5500 apostolus
2660 5429 2836 5503 misit,
2873 5437 3004 5505 post
3051 5435 3486 5506 pradicationis
3523 5437 3784 5496 officium

2141 5516 2483 5574 fidelissime
2513 5525 2995 5594 consummatum,
3031 5523 3262 5580 beatum
3303 5523 3472 5586 ﬁnem
3504 5525 3782 5599 adeptus.
