3992 6170
309 242 404 301 191
810 236 821 245 ’
1350 243 1405 300 s.
1457 238 1716 301 ADONIS
1764 227 2199 296 ARCHIEPISC.
2252 234 2663 307 VIENNENSIS

3597 282 3704 339 192

308 373 403 427 cet
434 368 660 428 civitati
694 366 1021 440 Cbersonae,
1056 366 1356 440 relegatur
1395 369 1603 429 exsilio
1631 388 1646 438 ;
1687 367 1787 427 ubi
1817 373 1948 464 cum
1978 352 2036 415 Α
2064 359 2375 464 episcopus
2402 369 2705 464 ordinatus
2734 379 2843 449 est,
2871 379 2942 436 de
2964 396 3080 453 quo
3100 385 3598 464 beatus’lgnatius
3623 401 3699 460 ad

311 473 415 530 per
438 455 760 514 doctrinam
783 456 909 527 ejus
933 458 1132 531 plures
1151 463 1641 517 converterentur
1663 460 1735 517 ad
1756 456 1945 515 Domi-

309 560 461 614 num,
496 544 735 616 paganis
757 545 1181 619 insistentibus,
1209 548 1489 606 invidiosa
1512 548 1723 605 relatio
1742 562 1947 605 cucur-

307 633 380 688 rit
415 632 487 689 ad
518 632 930 706 imperatorem
962 637 1287 710 Trajanum,
1322 653 1451 709 quae
1483 637 1705 695 diceret
1730 637 1808 694 ibi
1843 651 1946 709 per

306 719 662 779 Clementem
686 722 1146 799 Christianorum
1174 725 1452 799 populum
1474 726 1817 784 accrevisse.
1836 724 1944 794 Qui

305 809 459 866 misit
493 810 697 868 ducem
720 809 1085 871 Aufidianum
1129 813 1225 885 qui
1265 829 1395 873 cum
1435 813 1665 871 videret
1707 812 1947 887 (multos

305 898 663 957 Christianos
683 899 975 973 occidens)
1000 900 1175 959 ﬁxum
1199 902 1258 958 in
1280 903 1548 962 omnibus
1561 901 1796 963 beatum
1822 903 1946 961 Cle-

306 990 577 1057 mentem,
603 991 660 1044 et
686 987 917 1059 penitus
940 990 1152 1046 mutari
1175 1005 1287 1047 non
1320 1005 1508 1064 posse,
1537 991 1710 1063 jussit
1744 992 1946 1065 praaci-

304 1073 478 1145 pitari
509 1089 639 1133 eum
690 1075 746 1132 in
778 1076 920 1133 mari
953 1078 1163 1151 medio,
1195 1078 1375 1151 ligata
1406 1080 1459 1137 ei
1492 1080 1563 1137 ad
1602 1080 1814 1138 collum
1846 1096 1944 1140 an-

301 1159 475 1218 chora
495 1179 511 1230 ;
535 1163 755 1235 talique
778 1165 1056 1237 martyrio
1079 1166 1400 1241 discipulus
1421 1170 1578 1227 Petri
1602 1175 1936 1244 coronatur,

305 1251 365 1304 et
395 1250 643 1308 nominis
671 1251 799 1322 ejus
828 1255 1161 1314 memoriam
1195 1271 1379 1331 usque
1412 1258 1582 1317 hodie
1621 1261 1814 1319 Romae
1845 1273 1942 1317 ex-

304 1338 527 1395 structa
561 1339 806 1398 ecclesia
835 1342 1111 1401 custodit.

653 1465 715 1522 D.
751 1467 885 1523 ΚΑΙ..
928 1469 1238 1529 Faenum"
1270 1473 1316 1538 (1
1364 1469 1582 1542 Fabia).

370 1588 652 1661 (Hieron,
685 1590 758 1648 de
783 1591 945 1650 Eccl.
978 1592 1231 1666 Script,
1261 1609 1311 1651 c.
1356 1594 1466 1667 16).
1500 1594 1722 1653 Natalis
1754 1597 1938 1655 sancti

298 1675 504 1746 lgnatii
536 1678 792 1751 episcopi
824 1684 881 1737 et
925 1682 1215 1753 martyris,
1261 1682 1358 1755 qui
1405 1684 1619 1741 tertius
1668 1689 1797 1757 post
1836 1687 1940 1743 Pe-

298 1766 452 1821 trum
476 1768 800 1838 apostolum
832 1770 1246 1827 Antiochenam
1277 1771 1427 1829 rexit
1461 1773 1773 1829 Ecclesiam
1799 1792 1813 1829 :
1839 1774 1937 1846 qui
1965 1770 2019 1833 B

299 1855 707 1924 persecutione
735 1856 960 1928 Trajani
1003 1859 1311 1917 damnatus
1348 1862 1419 1917 ad
1454 1861 1670 1919 bestias
1699 1863 1935 1920 Romam

295 1940 527 2000 vinctus
540 1944 795 2002 mittitur
812 1964 826 2013 ;
844 1947 939 2003 ubi
956 1952 1244 2019 praesente
1256 1949 1497 2020 Trajano
1509 1951 1937 2010 circumseden-

293 2032 353 2085 te
384 2035 610 2101 senatu,
648 2033 781 2103 pilis
804 2033 1089 2105 plombeis
1112 2036 1365 2108 scapulae
1387 2037 1512 2107 ejus
1534 2040 1781 2110 primum
1802 2056 1937 2098 cou-

291 2121 459 2188 tusze,
485 2118 695 2177 deinde
719 2122 952 2192 ungulis
976 2122 1160 2180 latera
1184 2125 1310 2194 ejus
1332 2125 1630 2199 dilaniata,
1656 2132 1713 2184 et
1732 2127 1936 2201 lapidi-

293 2206 400 2263 bus
421 2209 645 2279 asperis
662 2210 999 2269 confricata.
1026 2213 1163 2270 Post
1175 2228 1456 2287 expansae
1481 2230 1687 2274 manus
1717 2216 1845 2288 ejus
1872 2222 1932 2275 et

291 2294 407 2364 igni
438 2296 682 2368 repletae
716 2313 934 2371 papyro
964 2300 1093 2358 oleo
1125 2302 1313 2360 infuso
1358 2308 1416 2360 et
1469 2305 1698 2363 insenso
1744 2304 1930 2364 latera

289 2382 417 2453 ejus
439 2384 663 2442 adusta.
690 2388 826 2444 Post
850 2404 1029 2461 super
1059 2391 1342 2448 carbones
1375 2393 1706 2464 pavimento
1737 2408 1934 2467 asper-

287 2485 401 2539 sos,
436 2473 534 2529 ubi
559 2478 775 2533 sancta;
799 2476 1012 2548 plantae
1036 2477 1194 2537 illius
1214 2483 1529 2538 steterunt.
1556 2483 1691 2538 Post
1714 2482 1931 2542 lectum

289 2558 696 2634 ﬂammantem,
731 2568 859 2636 post
893 2565 1127 2624 dorsum
1168 2568 1294 2638 ejus
1335 2569 1566 2640 ungulis
1605 2570 1929 2631 discussum

286 2650 345 2702 et
370 2647 772 2722 dilaceratum,
800 2657 929 2725 post
954 2659 1120 2713 aceto
1142 2660 1199 2712 et
1225 2655 1345 2715 sale
1368 2657 1568 2729 plagas
1588 2659 1715 2730 ejus
1738 2663 1931 2733 perfu-

285 2749 397 2805 sas,
423 2740 550 2807 post
575 2738 823 2798 vinculis
846 2741 1050 2800 ferreis
1082 2744 1250 2802 beata
1284 2746 1539 2805 membra
1573 2747 1730 2806 illius
1761 2750 1930 2807 astri-

283 2826 398 2894 cta,
417 2828 474 2880 et
492 2826 670 2897 pedes
683 2827 878 2899 ejusin
895 2829 1004 2888 ima
1026 2832 1281 2891 carceris
1303 2833 1458 2905 ligno
1477 2836 1801 2909 conclusos,
1829 2839 1927 2896 ubi

284 2910 477 2969 tribus
504 2913 712 2973 diebus
741 2932 805 2975 ac
846 2919 1117 2980 noctibus
1158 2937 1361 2994 panem
1403 2939 1514 2982 non
1534 2927 1845 2984 comedens
1867 2932 1924 2985 et

283 3013 487 3071 aquam
511 3017 623 3060 non
647 3004 851 3064 bibens
880 3009 1110 3082 mansit,
1143 3010 1386 3069 sedente
1414 3013 1657 3084 Trajano
1680 3030 1785 3087 pro
1822 3016 1927 3072 tri-

284 3087 476 3144 bunali
511 3090 565 3146 in
598 3093 1047 3167 amphitheatro,
1090 3106 1486 3159 concurrente
1534 3104 1687 3159 omni
1745 3106 1919 3162 turba
1953 3120 2003 3185 α

279 3174 1727 3257 Romanorum,ligatusduobusobjiciturleonibus.
1756 3194 1922 3251 Cum-

280 3277 391 3332 que
404 3263 519 3331 jam
545 3266 841 3336 projectus
862 3270 1080 3329 bestias
1100 3274 1402 3345 rugientes
1423 3278 1671 3351 audiret,
1706 3281 1917 3341 ardore

280 3350 536 3420 patiendi
558 3353 637 3409 ait
665 3373 677 3409 :
705 3355 824 3412 Viri
848 3358 1108 3431 Romani,
1136 3362 1232 3433 qui
1255 3363 1362 3422 hoc
1382 3350 1678 3424 certamen
1693 3375 1919 3441 specta-

278 3437 372 3508 tis,
401 3453 511 3496 non
535 3441 659 3498 sine
679 3458 854 3502 causa
878 3444 1156 3520 laboravi,
1184 3466 1292 3508 non
1312 3459 1552 3526 propter
1566 3437 1916 3528 pravi-tatem

277 3524 398 3583 haec
449 3528 660 3602 patior,
710 3532 812 3590 sed
872 3540 1114 3609 pr0pter
1173 3524 1500 3613 pietatem;
1562 3524 1916 3608 l‘rumentum

277 3614 490 3674 Christi
540 3633 685 3692 sum,
731 3620 1006 3683 dentibus
1044 3627 1361 3687 bestiarum
1399 3632 1601 3705 molar,
1647 3641 1710 3693 ut
1751 3639 1918 3710 panis

278 3706 527 3766 mundus
556 3708 837 3770 inveniar.
873 3715 1006 3773 Haec
1038 3717 1137 3774 illo
1168 3720 1398 3779 dicente
1430 3706 1810 3784 accurrerunt
1843 3728 1914 3786 ad

275 3806 406 3851 eum
431 3793 647 3868 leones,
673 3803 733 3855 et
755 3814 828 3858 ex
852 3805 1100 3876 utraque
1123 3810 1289 3879 parte
1310 3825 1488 3883 super
1507 3826 1638 3870 eum
1662 3815 1916 3873 inciden-

271 3884 364 3939 tes
387 3884 850 3956 prast‘ocaverunt
874 3905 1007 3950 eum
1029 3898 1449 3972 tantummodo,
1474 3906 1532 3958 et
1565 3917 1678 3959 non
1709 3904 1916 3975 tetige-

276 3977 412 4028 runt
450 3988 658 4033 carnes
704 3978 850 4049 ejus,
896 3985 960 4036 ut
1010 3982 1275 4056 reliquiae
1322 3988 1449 4058 ejus
1494 3990 1671 4048 tuitio
1719 3999 1913 4050 essent

274 4058 660 4120 Romanorum
691 4069 752 4122 et
795 4082 1015 4139 magna;
1055 4073 1245 4146 Urbis,
1290 4075 1347 4132 in
1387 4091 1496 4148 qua
1536 4080 1748 4138 Petrus
1785 4097 1916 4138 cru-

273 4146 480 4205 ciﬁxus
517 4154 631 4222 est,
683 4154 898 4214 Paulus
946 4159 1289 4235 decollatus,
1344 4146 1648 4225 onesimus
1696 4167 1915 4241 lapida-

272 4236 387 4292 tus.
422 4236 634 4296 Passus
663 4243 751 4297 est
784 4244 1089 4306 undecimo
1118 4250 1342 4321 Trajani
1383 4268 1550 4326 anno,
1603 4236 1911 4316 consulatu

273 4322 448 4419 A.ttici
478 4328 540 4419 et
571 4327 823 4419 marcelli
856 4333 1093 4393 Kalend.
1130 4338 1294 4397 Febr.
1329 4322 1610 4414 Reliquiae
1647 4346 1913 4419 corporis

268 4408 397 4480 ‘ejus
416 4425 447 4467 a
472 4412 768 4489 fratribus,
796 4421 892 4492 qui
915 4436 1045 4480 eum
1069 4439 1253 4496 usque
1275 4428 1344 4484 ad
1369 4408 1707 4502 martyrium
1732 4408 1911 4493 dedu-

270 4503 497 4591 xerant,
525 4503 889 4565 Antiodbiam
914 4511 1136 4583 relatas,
1156 4512 1352 4583 jacent
1374 4522 1540 4575 extra
1565 4526 1789 4591 portam
1804 4524 1910 4580 Da-

271 4584 585 4656 phniticam
611 4591 668 4649 in
688 4598 1027 4657 coemeterio
1056 4601 1347 4675 Ecclesiae,
1380 4619 1474 4662 XVI
1505 4584 1790 4667 Kalendas
1818 4612 1909 4667 Ja-

269 4674 456 4731 nuarii
488 4677 717 4740 delatae.

589 4804 650 4862 G.
685 4807 888 4866 Parma:
916 4808 1108 4868 Nonas
1138 4812 1271 4871 Man
1300 4815 1355 4887 (6
1382 4814 1585 4887 Maii).

339 4914 560 4977 Natalis
580 4921 765 4979 sancti
791 4922 1011 4993 Evodii,
1047 4924 1145 4996 qui
1175 4926 1249 4982 ab
1280 4928 1559 5001 apostolis
1588 4932 1906 4996 Antiochiae

269 5038 482 5134 ploque
512 5046 574 5134 et
605 5043 861 5134 donariis
890 5043 1083 5134 eidem
1108 5046 1272 5106 heroi
1301 5056 1642 5134 conseratis,
1668 5062 1905 5134 vesperi

269 5116 547 5192 repetunt
569 5128 763 5172 naves.
791 5114 965 5172 Aiunt
988 5117 1141 5192 enim
1164 5135 1275 5178 non
1289 5122 1412 5180 sine
1427 5114 1905 5192 discriminevvitae

268 5178 391 5267 illic
413 5197 758 5267 quemquam
775 5190 1141 5267 pernoctare.
1164 5209 1195 5244 »
1220 5178 1908 5267 Atqui—iant-iséleme'n:

263 5250 539 5338 tis_locus
568 5250 1237 5338 exsilii'ejusi'pupog-seu
1269 5250 1899 5332 uéseEiaEiiiciiﬁiT"-

336 5330 725 5413 Iertiotquia
749 5330 1067 5413 insula'illa
1095 5330 1219 5399 tota
1251 5359 1474 5404 saxosa.
1509 5351 1668 5410 Unde
1699 5330 1904 5413 Festus

268 5399 524 5458 Avienus
553 5399 615 5457 in
639 5403 799 5461 orbis
827 5408 1004 5467 terras
1035 5399 1464 5486 descriptione:

822 5518 919 5566 Ubi
951 5533 1173 5572 concava
1196 5532 1344 5575 vasto

422 5567 640 5635 gegtin
661 5572 805 5635 antra
823 5578 941 5635 sinu
961 5567 1256 5635 resiliat?
1263 5567 1393 5629 3i}.
1410 5583 1692 5633 dehiscunt.

422 5613 640 5670 Molibus
654 5613 1558 5694 sissis;'&'ch}$3“io;ui"e2“s;n‘a‘3i‘£

263 5718 386 5793 tam
417 5732 561 5784 vero
588 5721 646 5784 in
686 5724 848 5787 Actis
889 5728 1204 5794 Clementis
1232 5733 1412 5795 habes
1443 5754 1456 5792 :
1492 5753 1523 5791 α
1552 5737 1900 5803 Invenerunt

2062 452 2476 550 dntjochenani
2503 462 2813 522 Ecclesiam
2838 452 3032 542 (epist.
3067 474 3156 547 12)
3186 495 3208 532 :
3228 452 3416 539 Pau'li
3443 452 3503 543 et

2052 540 2211 648 facti
2230 545 2373 605 satis
2395 548 2712 648 discipuli:
2723 540 2909 648 uelat;
2916 540 3170 632 perdere
3179 540 3702 648 ἀφοσίωιάὦᾶ

2052 630 2221 728 opus
2234 639 2802 728 commendarem”.
2816 630 3167 710 Μθᾶηθπιοισ
3175 630 3357 728 dicm
3368 630 3699 725 ὂιαιέῖδξῆιξ

2052 720 3316 824 Ευξςὶξίωαιςξᾳνὶιςρσδῦνίθαίρνὺηωφοῦἰο
3326 748 3401 807 ab
3412 720 3700 824 apostolis

2053 810 2786 917 ιιφιξίδιίρξε.οτιιίθιαισιιε-σιςξἶ
2801 825 2949 917 Nm
2973 810 3415 905 οοηίάπάαπιασ
3429 810 3696 917 suam;

2050 900 2158 958 sed
2175 901 2504 973 eﬂciamu/r
2522 909 2672 968 certi
2678 912 2812 984 ﬂii
2832 916 2894 973 αι
2906 900 3387 984 ποπαὶίκιισνῡιί.
3413 900 3516 987 llic
3544 900 3698 990 mar:

2052 991 2148 1095 tyr
2194 993 2347 1063 apud
2389 996 2747 1058 Antiochiam
2789 1004 3011 1079 urbem,
3052 1010 3145 1068 cui
3195 1016 3450 1088 praefuit,
3501 1021 3699 1095 sepul-

2052 1079 2151 1137 tus
2177 1084 2287 1138 est.

2374 1227 2435 1282 A.
2470 1227 2513 1284 X
2547 1229 2681 1288 KAL.
2718 1232 2965 1293 AUGUSTI
2994 1236 3290 1316 (23Juh'i).

2121 1343 2343 1443 Natalis
2369 1352 2555 1409 sancti
2586 1355 2937 1428 Apollinaris
2967 1361 3224 1438 episcopi
3264 1377 3310 1440 ι,
3355 1370 3453 1443 qui
3492 1373 3693 1437 Romae

2051 1433 2356 1535 ordinatus
2387 1440 2459 1497 ab
2483 1444 2745 1514 apostolo
2768 1448 2943 1506 Petro
2972 1433 3307 1513 Ravennam
3336 1433 3544 1520 missus
3571 1433 3689 1535 est,

2050 1521 2345 1618 quietiam
2379 1527 2433 1583 in
2464 1531 2687 1618 .Emilia
2717 1537 3075 1612 praedicavit,
3110 1546 3168 1598 et
3201 1544 3257 1601 in
3289 1549 3557 1618 partibus

2050 1608 2417 1709 rintbiorum,
2452 1621 2509 1674 et
2544 1602 2599 1675 i'n
2632 1602 2844 1695 Moesia,
2878 1630 2935 1682 et
2969 1627 3024 1683 in
3057 1602 3200 1702 llipa
3244 1602 3687 1709 et'in

2049 1700 2316 1768 partibus
2344 1705 2616 1779 Thraciae,
2652 1710 2709 1767 in
2741 1713 2954 1784 quibus
2982 1700 3358 1780 locis—exsilio
3389 1700 3691 1799 relegatus

2050 1791 2160 1859 est,
2185 1794 2244 1845 et
2268 1793 2597 1867 ubicunque
2613 1802 2900 1875 pervenit,
2918 1791 3682 1891 innumerasvirtutesl‘ecit,

2043 1879 2099 1930 et
2135 1880 2437 1949 passiones
2467 1887 2783 1959 sustinuit;
2814 1907 2946 1965 nam
2978 1896 3151 1954 nimia
3191 1901 3350 1958 caede
3393 1919 3539 1976 pene
3568 1879 3688 1966 ma;

2042 1968 2258 2038 ctatus,
2293 1974 2350 2025 et
2385 1971 2605 2032 diutius
2636 1977 2889 2038 fustibus
2917 1997 3123 2057 caesus,
3156 2002 3223 2045 ac
3243 1968 3415 2049 nudis
3437 1994 3688 2065 pedibus

2042 2067 2220 2125 super
2251 2072 2467 2128 prunas
2498 2062 2819 2140 impositus,
2856 2085 3085 2130 rursum
3126 2091 3313 2136 casus
3341 2084 3401 2137 et
3431 2062 3683 2156 equuleo

2042 2154 2351 2218 appensus,
2376 2151 2571 2209 tortus
2594 2158 2703 2226 est,
2728 2159 2787 2211 et
2812 2173 2950 2215 saxo
2979 2176 3044 2218 os
3075 2163 3201 2233 ejus
3228 2151 3534 2228 contusum
3566 2179 3679 2248 est,

2040 2235 2099 2288 et
2122 2248 2251 2291 cum
2274 2238 2616 2306 gravissimo
2638 2244 2775 2300 ferri
2799 2249 3054 2318 pondere
3078 2251 3334 2314 inclusus
3354 2257 3409 2314 in
3442 2235 3682 2322 carcere

2040 2320 2374 2416 honorifico,
2410 2333 2585 2401 atque
2616 2332 2671 2389 in
2704 2333 2861 2406 ligno
2889 2342 3167 2399 extensus
3194 2348 3305 2416 est,
3348 2347 3446 2403 ubi
3477 2350 3550 2407 ab
3580 2320 3681 2409 ho-

2041 2411 2296 2472 minibus
2324 2416 2909 2509 quidemneglectus,
2946 2427 3045 2484 sed
3086 2431 3158 2487 ab
3198 2411 3404 2504 angelo
3445 2438 3678 2509 publice

2041 2505 2243 2572 pastus
2264 2508 2385 2572 est;
2409 2505 2618 2564 deinde
2641 2515 2965 2588 catenatus,
2988 2522 3047 2574 et
3064 2518 3118 2576 in
3132 2521 3400 2581 exsilium
3415 2505 3680 2588 directus

2039 2593 2148 2661 est,
2177 2591 2235 2648 in
2258 2606 2371 2663 quo
2395 2609 2624 2654 rursum
2650 2599 3354 2683 diutiusfustibnscaasus,
3370 2616 3429 2669 et
3443 2629 3676 2675 rursum

2038 2677 2096 2735 in
2119 2680 2390 2739 Ravenna
2415 2682 2647 2757 ligatus,
2674 2702 2705 2744 a
2737 2693 2977 2762 paganis
3004 2709 3191 2755 caesus
3218 2703 3278 2754 et
3309 2677 3676 2776 vulneratus,

2036 2769 2095 2823 et
2129 2784 2359 2828 rursum
2387 2773 2447 2829 in
2477 2789 2771 2835 carcerem
2814 2781 3021 2841 missus
3058 2791 3118 2842 et
3157 2802 3360 2862 caesus,
3405 2790 3486 2850 sic
3526 2808 3677 2849 mar-

2036 2856 2251 2927 tyrium
2281 2867 2703 2923 consummavit
2744 2870 2852 2926 sub
2889 2870 3241 2946 Vespasiano
3280 2856 3525 2958 Caesare,
3568 2883 3677 2941 De-

2037 2945 2336 3006 mosthene
2369 2953 2633 3023 patricio.
2668 2956 2838 3015 Rexit
2869 2945 3182 3021 Ecclesiam
3224 2980 3403 3026 annos
3439 2945 3573 3029 octo
3609 2976 3675 3031 et

2034 3034 2261 3108 viginti,
2295 3037 2420 3095 dies
2451 3046 2720 3116 quatuor,
2754 3061 3007 3105 mensem
3039 3066 3234 3111 unum.

2330 3182 2390 3239 E.
2424 3183 2520 3240 νη
2550 3186 2682 3244 ΚΑΙ..
2719 3189 3027 3251 Faenum"
3059 3196 3150 3269 (26
3176 3200 3365 3272 Jan).

2098 3302 2318 3361 Natalis
2339 3308 2523 3363 sancti
2547 3309 2847 3386 Polycarpi
2867 3314 2914 3386 δ,
2941 3317 3038 3388 qui
3062 3310 3474 3383 beatiJoannis
3501 3325 3677 3386 disci-

2027 3390 2217 3485 pulus,
2252 3398 2310 3449 et
2337 3397 2408 3452 ab
2431 3411 2500 3454 eo
2522 3399 2778 3470 Smyrnae
2800 3404 3109 3479 episc0pus
3138 3410 3459 3485 ordinatus,
3485 3416 3675 3476 totius

2025 3478 2176 3537 Asiae
2226 3482 2497 3557 princeps
2537 3487 2663 3546 fuit.
2707 3491 2916 3551 Postea
2956 3478 3118 3568 vero,
3163 3478 3455 3570 regnante,
3476 3504 3675 3563 Marco

2025 3570 2296 3643 Antonio,
2331 3578 2390 3630 et
2423 3575 2597 3634 Lucio
2637 3579 2875 3639 Aurelio
2915 3584 3243 3659 Commodo,
3286 3594 3494 3661 quarta
3536 3600 3671 3665 post

2027 3658 2310 3716 Neronem
2352 3667 2781 3740 persecutione,
2831 3672 3087 3744 Smyrnae
3135 3658 3376 3735 sedente
3425 3658 3673 3752 procon-

2022 3746 2170 3820 sule,
2204 3754 2263 3806 et
2297 3752 2567 3812 universo
2590 3758 2885 3829 populoin
2907 3762 3335 3834 amphitheatro
3358 3746 3670 3830 adversum

2023 3848 2155 3893 eum
2187 3847 2559 3916 personante,
2596 3844 2712 3917 igni
2742 3848 3000 3908 traditus
3027 3857 3137 3910 est.
3174 3853 3313 3912 Cum
3345 3871 3458 3927 quo
3487 3858 3666 3918 etiam

2024 3923 2122 3981 alii
2173 3926 2500 4004 duodecim,
2553 3948 2626 3991 ex
2672 3936 3071 4012 Philadelphia
3119 3923 3421 4002 venientes
3460 3965 3474 4002 :
3508 3942 3665 4023 apud

2025 4018 2327 4087 praefatam
2358 4022 2562 4077 urbem
2597 4026 2876 4095 martyrio
2904 4032 3288 4087 consummati
3319 4038 3471 4091 sunt.

2093 4107 2247 4164 Tunc
2278 4109 2453 4166 etiam
2485 4112 2875 4186 Germanicus,
2901 4116 3122 4175 athleta
3155 4120 3367 4179 Christi
3398 4122 3663 4197 insignis,

2020 4195 2276 4268 glorioso
2308 4201 2567 4271 martyrii
2601 4216 2783 4272 agone
2815 4206 3137 4265 translatus
3165 4213 3276 4267 est.
3311 4212 3447 4269 Nam
3476 4195 3663 4272 cuma

2014 4284 2213 4355 judice
2229 4286 2537 4346 damnatus
2560 4290 2763 4348 fuisset
2787 4294 2856 4350 ad
2885 4295 3120 4367 bestias,
3146 4296 3304 4355 ultro
3316 4299 3425 4356 sibi
3441 4315 3664 4374 praepa-

2021 4378 2205 4431 ratam
2232 4375 2475 4434 bestiam
2500 4380 2855 4453 provocavit,
2882 4381 3209 4457 despiciens
3229 4386 3504 4444 videlicet
3518 4395 3665 4446 tem-

1941 4470 1997 4534 D
2023 4462 2280 4538 poralem
2314 4470 2578 4539 mortem,
2612 4473 2671 4525 et
2710 4484 2980 4527 coronam
3021 4472 3158 4530 vitae
3197 4478 3433 4532 aeternae
3471 4475 3660 4534 veloci

2018 4552 2131 4610 ﬁne
2154 4553 2394 4627 adipisci
2420 4555 2776 4615 desiderans.
2804 4558 3044 4631 Scripsit
3077 4560 3228 4618 idem
3262 4564 3469 4621 beatus
3496 4565 3663 4636 Poly-

2016 4657 2230 4714 carpus
2252 4643 2323 4700 ad
2347 4644 2747 4717 Philippenses
2769 4645 2937 4703 valde
2962 4647 3161 4704 utilem
3185 4650 3511 4722 epistolam,
3529 4667 3663 4723 qua;

2018 4744 2207 4803 usque
2237 4731 2411 4788 hodie
2440 4732 2496 4788 in
2531 4731 2678 4789 Asiae
2706 4738 2997 4793 conventu
3030 4735 3262 4806 legitur.

2405 4873 2461 4929 L.
2498 4874 2571 4930 Ill
2600 4874 2732 4932 Inus
2760 4876 2906 4934 Juul
2945 4878 3037 4950 (14
3061 4877 3264 4951 Julii).

2086 4987 2306 5046 Natalis
2335 4989 2521 5046 sancti
2559 4988 2721 5048 Sileae
2756 4992 2881 5064 [al.,
2915 4992 3069 5065 Silia]
3103 4994 3371 5067 apostoli,
3405 4996 3657 5067 quicum

2014 5109 2093 5195 ibi
2119 5110 2190 5168 ad
2213 5111 2462 5195 secanda
2496 5126 2632 5195 saxa
2664 5112 2916 5195 amplius
2934 5128 3122 5195 quam.
3142 5115 3258 5173 duo
3287 5116 3464 5195 millia
3498 5118 3660 5176 Chri-

2015 5181 2357 5256 stianorum,
2394 5180 2670 5256 diuturna
2702 5180 3061 5256 relegatione
3091 5185 3411 5246 damnatos.

2086 5253 2277 5342 :Atque
2309 5251 2432 5342 haec
2464 5251 2754 5342 delinsula
2793 5251 2854 5342 in
2891 5270 3062 5342 quam
3101 5271 3164 5342 se
3205 5257 3468 5342 glemeus
3507 5275 3657 5342 papa

2013 5321 2331 5411 relegatus,
2351 5321 2873 5411 Adisputjat‘asu‘ntq
2940 5329 3063 5411 tum
3096 5328 3166 5385 ad
3212 5321 3659 5411 lucem“ve'teris

2012 5392 2324 5482 BArevia‘rii,
2351 5392 2477 5482 tum
2507 5394 2577 5451 ad
2610 5396 2876 5482 Anastasi
2896 5392 3215 5482 lectionem
3247 5398 3657 5482 stabiliendam

2013 5468 2084 5539 et_
2099 5462 2523 5539 explicandam,
2551 5479 2680 5539 quae
2702 5468 2891 5524 omnia
2924 5468 3248 5527 doctiorum
3273 5468 3493 5539 judicio
3520 5472 3658 5529 sub-

2012 5533 2202 5603 mitto’,
2239 5548 2351 5591 non
2383 5533 2742 5595 tam'docere
2773 5553 2942 5610 quam
2974 5539 3198 5597 discere
3230 5533 3488 5620 paratus.

2078 5603 2283 5681 PXide
2315 5603 2637 5681 inhiartyr.
2672 5607 2887 5667 Adonis
2916 5608 2988 5666 de
3018 5610 3125 5668 hoc
3157 5609 3357 5668 fusius.

2078 5674 2106 5713 δ
2134 5675 2278 5734 Vide
2305 5674 2452 5736 ibid.
