3992 6170
247 276 348 328 193

1308 271 1816 332 MARTYROGIUM
1866 267 2005 327 CUM
2047 269 2571 330 ADDITAMENTIS.

3536 282 3641 336 196

243 403 396 454 esset
437 413 589 455 unus
627 398 699 454 de
741 399 942 471 primis
973 401 1274 471 fratribus,
1310 406 1367 458 et
1401 403 1472 457 ab
1504 395 1878 473 apostolisad
1909 397 1964 457 A
1991 395 2238 454 rinthios
2269 397 2476 455 beatus
2505 397 2821 470 Apostolus
2849 412 2910 455 se
2939 397 3077 456 dicit
3107 398 3438 472 baptizasse
3459 401 3631 473 (σον.

241 485 533 544 Ecclesias
553 487 814 558 gentium
841 488 1189 561 destinatus,
1218 505 1348 548 cum
1374 491 1632 547 Barnaba
1663 493 1720 544 et
1743 484 1888 543 Iuda

242 580 444 648 postea
498 577 569 633 ab
619 577 884 648 apostolo
916 578 1097 636 Paulo
1129 583 1461 652 assumptus
1492 578 1739 650 (Actxv,
1775 590 1884 646 xvl,

242 679 376 734 xm,
411 665 594 736 xvm),
640 666 1072 736 praedicationis
1122 667 1387 739 oﬁicium,
1433 666 1617 738 gratia
1668 663 1888 721 Domini

242 751 470 822 plenus,
492 753 779 810 instanter
796 757 1234 826 consummavit,
1253 763 1428 827 atque
1463 755 1615 826 apud
1635 752 1892 809 Macedo-

239 840 395 896 niam
429 841 485 897 in
513 840 879 912 passionibus
907 845 1031 903 suis
1053 845 1343 902 Christum
1365 843 1708 913 clariﬁcans,
1737 845 1891 915 post-

243 928 477 986 modum
512 930 821 1000 requievit.

548 1035 611 1090 D.
655 1036 774 1092 XIV
808 1038 944 1094 KAL.
985 1039 1231 1096 AUGUSTI
1263 1038 1364 1111 (19
1391 1039 1603 1109 Julii).

245 1129 464 1187 Natalis
495 1131 652 1189 beati
693 1133 998 1206 Epaphras,
1035 1135 1131 1206 qui
1165 1151 1195 1191 a
1230 1137 1400 1192 beato
1432 1133 1610 1192 Paulo
1643 1130 1892 1188 Colossis

251 1219 548 1276 ordinatus
597 1221 908 1294 episcopus
945 1223 1244 1294 (Coloss.1
1275 1229 1330 1279 et
1365 1238 1450 1291 1v;
1484 1222 1750 1294 Philipp.
1796 1220 1888 1292 ιι),

250 1307 438 1364 clarus
461 1308 807 1380 virtutibus,
836 1312 1096 1382 martyrii
1129 1311 1375 1382 palmam
1410 1326 1514 1383 pro
1545 1310 1750 1367 ovibus
1782 1308 1890 1367 sibi

248 1395 677 1454 commendatis
708 1398 863 1454 virili
895 1414 1078 1471 agone
1111 1400 1398 1474 percepit.
1434 1398 1708 1474 Sepultus
1739 1398 1916 1472 apud

247 1484 506 1542 eamdem
541 1487 763 1543 urbem.

556 1593 621 1649 D.
664 1594 756 1650 XV
798 1595 929 1651 KAL.
969 1597 1216 1653 AUGUSTI
1246 1596 1348 1667 (16
1375 1595 1587 1668 Julii).

312 1688 540 1746 Natalis
561 1690 771 1760 Erasti,
801 1691 897 1762 qui
919 1691 1204 1764 Philippis
1226 1708 1255 1748 a
1281 1694 1452 1750 beato
1475 1691 1654 1748 Paulo
1676 1690 1895 1764 episco-

243 1792 347 1849 pus
379 1776 631 1836 relictus
660 1779 817 1850 (Act
844 1795 967 1848 xxx;
1000 1782 1166 1839 Rom.
1201 1782 1346 1854 xv1),
1383 1781 1460 1837 ibi
1494 1780 1772 1852 martyrio
1799 1794 1892 1838 co-
1921 1788 1978 1851 Β

244 1870 488 1924 ronatus
529 1867 769 1940 quievit.

550 1977 610 2031 Β.
653 1976 747 2032 XV
788 1977 922 2033 KAL.
958 1978 1219 2050 unum;
1252 1977 1355 2050 (18
1381 1977 1602 2051 Sept).

309 2070 543 2129 Natalis
567 2072 870 2130 beatorum
898 2074 1022 2130 Rufi
1048 2078 1106 2130 et
1129 2073 1353 2144 Zosimi,
1373 2074 1700 2145 dequorum
1719 2087 1900 2144 agone

244 2159 394 2222 [elici
419 2165 664 2218 sanctus
687 2161 1043 2234 Polycarpus
1066 2162 1124 2218 in
1153 2161 1398 2234 epistola
1416 2163 1482 2218 ad
1501 2162 1902 2235 Philippenscs

244 2248 474 2319 scribit,
503 2248 706 2306 dicens
728 2269 740 2303 :
765 2251 1060 2323 Deprecor
1082 2251 1281 2307 autem
1300 2265 1400 2309 vos
1423 2265 1617 2309 omnes
1638 2250 1905 2309 obedien-

243 2338 338 2394 tia
350 2351 601 2410 operam
615 2338 860 2410 dare,ac
871 2340 1028 2396 medi
1035 2340 1157 2397 tari
1158 2340 1525 2412 patientiam
1535 2354 1719 2411 quam
1729 2340 1909 2398 vidis-

247 2427 321 2484 tis
351 2427 425 2483 in
452 2427 699 2499 Ignatio
729 2427 791 2484 et
815 2428 977 2501 Rufo
1007 2428 1067 2486 et
1090 2428 1319 2486 Zosimo
1343 2428 1704 2488 beatissimis
1731 2429 1906 2505 viris,

248 2515 506 2573 scientes
527 2515 689 2586 quod
707 2515 774 2572 hi
791 2529 908 2573 non
929 2517 994 2573 in
1005 2531 1277 2588 vacuum,
1293 2519 1398 2575 sed
1402 2532 1510 2589 per
1509 2519 1697 2590 ﬁdem
1709 2519 1769 2575 et
1775 2519 1908 2591 jus-

251 2603 456 2660 titiam
485 2605 902 2676 cucim'erunt,
933 2605 1112 2664 donec
1129 2606 1404 2664 venirent
1420 2606 1502 2664 ad
1523 2608 1711 2665 locum
1731 2606 1849 2665 sibi
1870 2619 1910 2665 a

244 2692 499 2750 Domino
519 2695 942 2765 praeparatum
958 2711 983 2762 ;
1003 2695 1288 2766 quoniam
1308 2695 1549 2766 quidem
1557 2697 1912 2768 passionum

244 2782 377 2852 ejus
397 2781 743 2854 participes
766 2783 1147 2855 exstiterunt,
1169 2797 1274 2842 nec
1294 2785 1358 2841 di
1366 2785 1912 2857 leaeruntprasens

245 2869 559 2940 saeui-um,
596 2870 702 2928 sed
751 2884 884 2928 eum
929 2872 1039 2941 qui
1072 2887 1188 2945 pro
1232 2873 1383 2945 ipsis
1413 2873 1473 2928 et
1485 2887 1600 2945 pro
1641 2873 1914 2935 omnibus

247 2957 527 3017 mortuus
557 2958 648 3017 est
673 2960 734 3016 et
752 2961 1114 3018 resurrexit

569 3065 624 3120 F.
670 3066 716 3120 II
768 3067 958 3124 Nonas
1001 3069 1249 3124 AUGUSTI
1290 3066 1355 3137 (4
1391 3066 1600 3138 Aug.).

1999 484 2068 556 1).
2087 485 2265 556 Cujus
2288 487 2403 542 Caii
2431 487 2686 542 meminit
2714 485 2862 544 idem
2888 486 3202 559 Apostolus
3225 489 3296 544 ad
3321 490 3634 548 Romanos:

1994 573 2083 632 Sa
2092 574 2356 634 lutatvos
2372 576 2557 633 Caius
2571 575 2777 648 hospes
2798 589 2982 646 meus,
2997 575 3351 634 etuniversce
3368 578 3644 637 Ecclesia

2002 663 2199 728 (Rom.
2237 673 2384 733 xvu.
2421 662 2598 733 Cujus
2627 667 2684 719 et
2722 665 2928 720 beatus
2965 665 3234 733 Joannes,
3280 665 3540 722 scribens
3587 665 3641 722 ei

1999 751 2324 822 epistolam,
2354 749 2608 807 meminit
2630 751 2877 809 :Senior
2904 751 3051 808 Caio
3072 750 3449 822 charissim,
3471 767 3645 824 quem

1999 851 2102 911 ego
2130 839 2320 912 diligo
2355 840 2421 896 in
2446 839 2700 896 veritate
2732 840 2964 910 (Joan.,
2987 840 3098 912 Ep.
3132 845 3276 907 111.).

2344 953 2401 1009 F.
2446 953 2516 1008 IV
2557 954 2689 1009 KAL.
2723 952 2964 1009 JANUARI
2995 951 3095 1025 (29
3124 954 3299 1024 Dec.)

2071 1049 2291 1107 Natalis
2323 1051 2507 1108 sancti
2529 1050 2840 1122 Trophimi,
2866 1051 2936 1107 de
2969 1066 3082 1122 quo
3104 1050 3308 1108 scribit
3332 1051 3650 1123 Apostolus

2002 1139 2073 1195 ad
2086 1139 2444 1196 Timotheum
2463 1159 2474 1194 :
2501 1140 2884 1212 Trophimum
2895 1141 3094 1197 autem
3103 1140 3332 1212 reliqui
3344 1141 3651 1213 inﬁrmum

1999 1227 2199 1286 Mileti
2225 1229 2338 1294 (II
2351 1229 2498 1285 Tim.
2517 1235 2624 1298 γι).
2645 1229 2744 1284 Hic
2759 1230 2830 1285 ab
2845 1228 3125 1300 apostolis
3138 1231 3330 1286 Romae
3343 1229 3649 1287 ordinatus

2002 1317 2328 1389 episcopus,
2365 1316 2586 1388 primus
2639 1317 2709 1372 ad
2760 1316 3062 1388 Apelatem
3097 1319 3300 1374 urbem
3343 1317 3541 1374 Galliae
3572 1318 3647 1374 ob

2005 1406 2215 1462 Christi
2246 1404 2630 1475 Evangelium
2665 1405 3098 1477 praedicandum
3132 1405 3392 1462 directus
3421 1409 3529 1462 est.
3566 1406 3648 1461 Ex

2001 1493 2170 1564 cujus
2201 1495 2376 1564 fonte,
2414 1497 2473 1549 ut
2510 1495 2718 1550 beatus
2759 1507 2905 1565 papa
2945 1493 3206 1550 Zozimus
3249 1493 3470 1564 scribit,
3506 1497 3648 1550 tota;

2003 1582 2202 1639 Galliae
2236 1580 2368 1638 fidei
2402 1580 2556 1638 rivos
2597 1585 2950 1653 acceperunt
2994 1600 3006 1638 :
3053 1581 3150 1653 qui
3190 1581 3344 1655 apud
3386 1581 3648 1638 eamdem

2004 1672 2208 1729 urbem
2242 1671 2296 1727 in
2331 1684 2470 1743 pace
2504 1669 2747 1742 quievit.

2322 1777 2386 1832 D.
2432 1777 2500 1832 ΧΙ
2541 1776 2674 1832 ΚΑιη
2711 1776 2942 1832 Aemus
2974 1776 3077 1847 (22
3103 1773 3318 1848 Mam).

2079 1873 2297 1930 Natalis
2328 1872 2511 1930 sancti
2539 1871 2722 1942 Pauli,
2751 1887 2920 1944 quem
2955 1872 3109 1928 beati
3143 1871 3389 1944 apostoli
3423 1869 3652 1928 ordina-

2007 1967 2130 2020 tum
2165 1961 2295 2018 urbi
2327 1962 2608 2018 Narbonae
2639 1960 2974 2031 episcopum
2999 1960 3300 2016 miserunt.
3329 1959 3505 2025 Quem
3537 1962 3654 2012 tra-

2011 2051 2154 2107 dunt
2179 2051 2444 2107 eumdem
2465 2048 2652 2120 ipsum
2677 2048 2854 2104 fuisse
2867 2047 3132 2117 Sergium
3147 2046 3386 2102 Paulum
3411 2058 3654 2116 procon-

2011 2137 2215 2210 sulem,
2233 2137 2419 2193 virum
2435 2137 2802 2209 prudentem,
2828 2150 2857 2191 a
2883 2148 2996 2206 quo
3020 2136 3141 2207 ipse
3154 2132 3395 2190 Paulum
3410 2132 3656 2190 sortitus

2012 2231 2100 2285 est
2116 2225 2483 2296 nomen,quia
2506 2239 2636 2282 eum
2660 2223 2792 2279 fidei
2819 2222 3032 2280 Christi
3058 2223 3369 2291 subegerat
3399 2241 3410 2275 :
3439 2220 3655 2290 quique

2015 2317 2087 2373 ab
2118 2316 2320 2372 eodem
2344 2317 2545 2371 sancto
2567 2310 2851 2384 apostolo,
2875 2326 3006 2368 cum
3031 2311 3101 2367 ad
3125 2309 3428 2382 Hispanias
3451 2308 3659 2380 praedi-

2014 2404 2183 2464 candi
2212 2402 2399 2474 gratia
2433 2406 2725 2474 pergeret,
2761 2400 2913 2472 apud
2947 2400 3246 2472 praefatam
3286 2399 3489 2454 urbem
3523 2397 3661 2452 Nar-

2018 2495 2224 2552 bonam
2266 2491 2525 2562 relictus,
2561 2487 2996 2562 praedicationis
3033 2487 3220 2543 officio
3258 2501 3371 2543 non
3404 2484 3662 2556 segniter

2019 2583 2278 2656 impleto,
2310 2579 2506 2638 clarus
2535 2576 2832 2636 miraculis
2858 2581 3174 2634 coronatus
3212 2573 3516 2648 sepelitur.

2303 2688 2365 2743 D.
2409 2687 2503 2742 XII
2543 2687 2678 2742 KAL.
2709 2685 3018 2740 Faenum"
3049 2684 3140 2754 (21
3176 2681 3373 2754 Just).

2093 2785 2314 2844 Natalis
2361 2783 2544 2842 sancti
2595 2781 2785 2839 Publii
2837 2781 3192 2837 Athenarum
3241 2777 3520 2851 episcopi,
3565 2776 3664 2847 qui

2025 2872 2510 2950 princepsinsulze
2533 2871 2723 2927 Melite
2747 2868 3274 2939 velMilitene,cum
3295 2865 3663 2935 navigantem

2027 2966 2259 3021 beatum
2309 2959 2634 3032 apostolum
2674 2957 2914 3014 Paulum
2955 2959 3208 3026 Romam,
3253 2955 3361 3011 sub
3399 2952 3664 3010 custodia

2027 3053 2327 3110 detentum
2358 3048 2632 3121 (Act28)
2653 3061 2756 3118 per
2776 3045 3036 3102 triduum
3068 3043 3320 3116 hospitio
3342 3046 3663 3114 receptum,

316 3158 548 3218 Natalis
579 3161 734 3218 beati
760 3162 1102 3233 Aristarchi,
1130 3163 1200 3220 de
1227 3133 1340 3234 quo
1373 3133 1674 3235 apostolus
1697 3159 1912 3218 Paulus
1946 3137 1996 3202 α
2023 3142 2270 3235 μυξηεηξ
2302 3139 2735 3235 Ῐςτξςίθδδξίνηυξ
2766 3137 2974 3235 Ρθξξίυε
2997 3136 3178 3235 LA“ch
3202 3133 3403 3235 ι’θίξετίς»
3440 3135 3665 3235 Peli-“fin

253 3248 700 3307 Colossensibus
720 3251 921 3308 scribit
942 3252 1229 3310 :Salutat
1251 3265 1348 3308 vos
1371 3250 1764 3309 Aristarchus
1782 3263 1912 3307 con-

253 3338 524 3410 captivus
547 3352 713 3395 meus
738 3339 898 3410 (Col.
929 3341 1047 3411 1v);
1072 3340 1170 3410 qui
1192 3354 1386 3396 comes
1410 3339 1743 3396 individuus
1766 3341 1913 3410 Apo-

258 3425 403 3483 stolo
438 3428 765 3497 permansit
813 3443 994 3499 usque
1039 3429 1108 3484 ad
1159 3427 1284 3497 ejus
1331 3429 1782 3494 confessionem;
1815 3427 1912 3498 qui

260 3515 625 3572 constitutus
652 3515 1250 3574 Thessalonicensium
1282 3517 1590 3590 episcopus
1612 3516 1770 3589 (Act
1799 3532 1911 3586 xix,

261 3615 347 3675 xx,
364 3604 580 3676 xxvn),
614 3609 740 3677 post
768 3605 969 3676 longos
991 3610 1048 3662 et
1075 3605 1445 3664 beatissimos
1467 3621 1681 3678 agones
1699 3619 1734 3664 'a
1760 3605 1917 3663 Chri-

257 3695 345 3750 sto
373 3697 705 3752 coronatus
734 3694 976 3766 quievit.
1692 3705 1698 3710 ‘

524 3812 594 3867 D.
637 3811 759 3867 Vlll
789 3811 925 3868 [nos
953 3809 1307 3869 SEPTEIBRIS
1338 3812 1404 3883 (6
1431 3811 1654 3884 Sept).

322 3907 555 3966 Natalis
587 3908 771 3965 sancti
806 3908 1170 3981 Onesiphori,
1203 3909 1273 3965 de
1314 3923 1429 3980 quo
1457 3908 1530 3965 ad
1561 3905 1920 3963 Timotheum

263 3997 466 4055 scribit
482 3996 802 4070 Apostolus
826 4015 840 4053 :
865 3998 1468 4057 Detmisericordiam
1479 3997 1770 4055 Dominus
1785 3998 1902 4054 One

257 4086 492 4158 siphori
522 4085 706 4158 domi,
746 4086 898 4158 quia
935 4101 1087 4160 sape
1126 4101 1219 4144 me
1259 4086 1675 4160 refrigeravit,
1700 4086 1760 4143 et
1774 4086 1928 4144 cate-

257 4189 395 4232 nam
413 4188 619 4232 meam
638 4189 759 4232 non
788 4175 1066 4234 erubuit:
1087 4176 1191 4234 sed
1217 4189 1352 4234 cum
1381 4178 1624 4233 Romam
1650 4175 1926 4245 venisset,

261 4264 524 4321 sollicite
532 4277 630 4320 me
640 4265 941 4336 quaesivit,
956 4266 1016 4321 et
1031 4264 1512 4322 invenitDetilli
1530 4264 1821 4321 Dominus
1844 4263 1930 4319 in-

258 4354 462 4410 venire
471 4353 960 4410 misericordiam
973 4367 1011 4411 a
1023 4353 1275 4410 Domino
1287 4353 1352 4410 in
1364 4353 1479 4410 illa
1496 4353 1610 4410 die.
1636 4353 1720 4409 Et
1739 4365 1932 4424 quan-

264 4442 324 4501 ta
343 4443 580 4517 Ephesi
597 4443 996 4514 ministravit,
1021 4443 1236 4500 melius
1254 4443 1320 4500 tu
1333 4443 1491 4500 nosti
1511 4441 1658 4513 (ΙΙΙ
1678 4442 1826 4500 Tim.
1853 4441 1924 4512 1)-

558 4566 619 4622 B.
666 4567 762 4622 VII
803 4567 937 4623 ΚΑι..
976 4565 1260 4623 OCTOBRIS
1292 4564 1392 4636 (2:5
1413 4563 1638 4635 Sept).

336 4663 564 4721 Natalis
613 4663 902 4736 Cleophse,
935 4663 1033 4734 qui
1075 4678 1224 4720 unus
1273 4661 1380 4719 fuit
1438 4662 1508 4718 de
1552 4660 1926 4733 septuaginta

273 4752 488 4810 Christi
512 4751 820 4823 discipulis
844 4753 1012 4823 (Duc.
1032 4752 1137 4824 iv).
1158 4752 1258 4809 Cui
1285 4755 1414 4824 post
1439 4749 1927 4807 resurrectionem

272 4841 434 4897 eunti
467 4856 603 4898 cum
644 4841 758 4897 alio
788 4840 1189 4912 condiscipulo
1239 4840 1294 4896 in
1343 4839 1649 4898 castellum
1701 4837 1928 4895 nomine

272 4928 562 5001 Emmaus,
618 4930 772 5001 quod
824 4929 1115 5002 NiCOpolis
1165 4945 1316 4987 nunc
1365 4929 1601 4999 dicitur,
1655 4926 1932 4984 Dominus

275 5020 572 5089 apparuit.
604 5020 786 5086 Quem
818 5019 1060 5076 tradunt
1092 5018 1147 5073 in
1176 5018 1378 5074 eadem
1413 5019 1576 5086 urbe,
1611 5015 1930 5087 eademque

276 5107 445 5164 domo
479 5109 534 5163 in
563 5123 677 5180 qua
705 5123 958 5165 mensam
984 5108 1146 5180 quasi
1174 5107 1482 5180 peregrino
1504 5106 1743 5162 Domino
1769 5120 1934 5178 para-

275 5201 462 5268 verat,
491 5212 600 5269 pro
621 5197 985 5255 confessione
1009 5197 1184 5266 illius,
1215 5211 1383 5267 quem
1410 5195 1485 5251 ibi
1513 5195 1634 5266 ipse
1658 5210 1932 5265 recogno-

277 5290 466 5356 vcrat,
495 5301 526 5342 a
549 5285 770 5344 Iudaeis
791 5287 1065 5358 occisum,
1091 5289 1149 5342 et
1173 5284 1424 5356 gloriosa
1451 5285 1726 5342 memoria
1757 5284 1932 5341 etiam

281 5373 593 5446 sepultum.

612 5463 675 5519 D.
718 5464 789 5520 IV
827 5465 968 5521 Non.
1006 5464 1290 5521 Ocronms
1320 5461 1391 5534 (4
1422 5462 1599 5533 Oct).

358 5559 576 5621 Natalis
605 5565 943 5623 sanctorum
985 5560 1175 5637 Crispi
1207 5564 1268 5622 et
1299 5559 1440 5632 Caii,
1474 5573 1619 5632 quos
1646 5555 1803 5632 apud
1834 5556 1936 5615 Co-

2021 3229 2202 3302 ipsius
2223 3226 2412 3285 Publii
2433 3224 2676 3294 contigit
2708 3223 2968 3280 febribus
2995 3226 3052 3278 et
3093 3219 3425 3292 dysenteria
3447 3218 3665 3288 jacere.

2023 3318 2107 3375 Ad
2139 3333 2310 3389 quem
2340 3331 2468 3373 cum
2503 3315 2776 3370 intrasset
2811 3313 3019 3367 beatus
3043 3308 3374 3381 Apostolus,
3400 3311 3460 3363 et
3493 3307 3672 3378 impo-

2023 3407 2234 3464 suisset
2268 3405 2349 3460 illi
2385 3419 2586 3459 manus
2616 3407 2675 3458 et
2705 3404 2949 3470 orasset,
2977 3399 3200 3456 sanavit
3241 3411 3370 3454 eum
3406 3394 3671 3466 (Euseb.,

2025 3496 2124 3554 lib.
2143 3513 2216 3567 1v,
2232 3500 2408 3562 v.22).
2429 3493 2610 3560 Quem
2624 3490 2892 3548 Publium
2909 3489 3305 3546 adhaerentem
3331 3485 3438 3542 sibi
3466 3486 3674 3541 beatus

2028 3584 2343 3658 Apostolus
2375 3587 2574 3654 postea
2607 3580 2939 3636 ordinatum
2971 3577 3326 3650 episcopum,
3363 3574 3433 3629 ad
3468 3570 3676 3646 praedi-

2027 3674 2274 3732 candum
2308 3671 2542 3740 direxit,
2578 3669 2674 3741 qui
2710 3666 3078 3740 postmodum
3113 3662 3550 3720 Atheniensium
3586 3676 3676 3718 ec-

2029 3743 2266 3821 clesiam
2311 3759 2586 3817 nobiliter
2627 3757 2798 3828 rexit,
2831 3761 2887 3812 et
2921 3753 3240 3827 praeclarus
3267 3751 3588 3808 virtutibus
3617 3754 3678 3806 et

2035 3851 2299 3909 doctrina
2326 3846 2694 3921 praefulgens,
2719 3846 2794 3900 ob
2819 3842 3032 3899 Christi
3061 3840 3402 3912 martyrium
3425 3836 3680 3909 gloriose

2032 3943 2379 4005 coronatur;
2403 3951 2532 3994 nam
2556 3930 3110 4008 primusDionysius,
3137 3928 3270 3987 inde
3291 3925 3552 3999 Publius,
3569 3923 3684 3984 iste

1903 4026 1926 4036 ’
2035 4028 2276 4086 Athenis
2309 4025 2560 4101 praefuit.

2393 4127 2450 4182 F.
2495 4123 2590 4181 Vll
2620 4123 2755 4178 KAL.
2787 4120 2944 4177 Jun“
2985 4116 3326 4192 (26Maii).

2111 4224 2300 4290 (Hier.
2326 4222 2398 4278 de
2415 4218 2642 4292 Script
2667 4218 2855 4288 Ecet,
2869 4231 2917 4274 c.
2934 4220 3058 4285 49.)
3081 4213 3306 4272 Natalis
3325 4212 3510 4270 sancti
3537 4211 3686 4280 Qua-

2042 4313 2194 4370 drati
2242 4309 2638 4384 apostolorum
2695 4305 2949 4378 episcopi
3008 4303 3297 4377 discipuli,
3353 4301 3450 4376 qui
3501 4301 3558 4359 in
3605 4300 3688 4358 lo-

2041 4418 2170 4461 cum
2203 4400 2356 4457 beati
2390 4397 2578 4455 Publii
2612 4397 2966 4454 Athenarum
2999 4393 3382 4451 substituitur
3403 4397 3466 4449 et
3493 4389 3689 4450 Eccle-

1957 4492 2010 4552 D
2041 4491 2183 4549 siam
2231 4488 2437 4561 grandi
2491 4494 2716 4544 terrore
2766 4485 3087 4558 dispersam
3140 4483 3253 4540 ﬁde
3299 4486 3359 4539 et
3400 4479 3688 4539 industria

2037 4595 2141 4639 sua
2181 4583 2517 4652 congregat.
2563 4578 2818 4647 Cumque
2860 4573 3149 4631 Adrianus
3189 4571 3432 4630 Athenis
3471 4569 3690 4626 exisset

2038 4670 2227 4727 hieme
2259 4669 2512 4726 invisens
2534 4665 2882 4736 Eleusinam,
2909 4669 2970 4721 et
2991 4664 3260 4720 omnibus
3285 4676 3432 4734 pene
3455 4657 3690 4717 Graeciaa

2039 4760 2222 4818 sacris
2260 4758 2543 4829 initiatus,
2581 4755 2840 4812 dedisset
2884 4753 3246 4812 occasionem
3279 4752 3369 4809 his
3400 4749 3496 4822 qui
3533 4745 3691 4805 Chri-

2039 4850 2260 4907 stianos
2281 4848 2525 4905 oderant
2540 4847 2759 4916 absque
2776 4849 3071 4916 praecepto
3085 4839 3455 4915 imperatoris
3475 4847 3692 4892 vexare

2039 4939 2370 5008 credentes,
2410 4933 2672 5008 porrexit
2703 4933 2756 4990 ei
2791 4932 3002 4991 librum
3035 4949 3140 5004 pro
3180 4933 3378 4986 nostra
3409 4923 3693 4994 religione

2041 5026 2424 5098 compositum
2447 5023 2618 5080 valde
2653 5022 2856 5079 utilem
2886 5021 3237 5093 plenumque
3268 5013 3516 5071 rationis
3541 5017 3598 5069 et
3633 5012 3696 5068 ﬂ-

2045 5115 2157 5184 dei,
2185 5112 2503 5185 apostolica
2538 5110 2806 5168 doctrina
2837 5111 3093 5180 dignum,
3122 5107 3177 5160 in
3207 5119 3321 5174 quo
3349 5107 3408 5159 et
3439 5099 3696 5174 antiqui-

2042 5207 2224 5259 tatem
2247 5217 2366 5258 suze
2389 5201 2583 5258 aetatis
2605 5199 2940 5268 ostendens,
2959 5198 3037 5254 ait
3062 5193 3346 5267 plurimos
3373 5208 3402 5248 a
3429 5207 3490 5250 se
3513 5191 3688 5262 visos,

2047 5291 2142 5362 qui
2185 5290 2362 5348 variis
2401 5291 2456 5347 in
2499 5289 2698 5347 Iudaea
2739 5285 3002 5359 oppressi
3034 5280 3488 5352 calamitatibus,
3525 5295 3555 5337 a
3586 5282 3696 5337 Do-

2045 5381 2198 5437 mino
2249 5380 2436 5438 sanati
2487 5380 2738 5446 fuerant,
2773 5380 2830 5432 et
2863 5373 2960 5444 qui
3004 5387 3034 5428 a
3067 5371 3314 5430 mortuis
3361 5383 3698 5429 resurrexe—

2043 5475 2208 5538 rant;
2239 5470 2373 5543 quia
2397 5483 2510 5526 una
2532 5483 2664 5526 cum
2689 5463 2920 5521 filiabus
2940 5461 3189 5537 Philippi
3217 5462 3376 5530 (Act
3404 5465 3532 5533 xxi)
3556 5465 3617 5517 et
3637 5458 3694 5516 in

2045 5559 2381 5631 prophetica
2393 5557 2582 5627 gratia
2597 5552 3018 5613 celeberrimus
3031 5552 3136 5611 fuit
3154 5548 3695 5619 (DeesthooHierJ
