3992 6170
219 207 322 259 19⁸7

1238 210 1852 273 ‘MARTYROLOGIUM
1883 215 2026 273 CUM
2054 216 2583 283 ADDITAMENTIS.

3512 234 3616 288 198

214 325 440 382 meritis
498 331 555 382 et
610 322 732 399 ipsa
791 329 1028 400 sociata,
1083 332 1560 402 pretiosissimam
1620 341 1865 397 mortem
1894 339 1951 399 A
1980 345 2036 395 et
2072 340 2305 411 penitus
2336 356 2439 397 nee
2471 342 2580 398 sibi
2613 346 2851 413 possunt
2883 343 3102 417 aliquid
3134 361 3238 404 nec
3269 348 3397 407 aliis
3438 368 3615 424 praes-

210 412 575 472 confessione
611 414 824 473 Christi
848 418 1078 491 adepta,
1105 421 1252 477 atria
1273 423 1593 482 Jerusalem
1618 425 1859 499 intrare,

210 505 346 558 vota
378 517 483 559 sua
516 504 754 561 Domino
785 506 1195 579 persolvendo,
1224 514 1465 569 meruit:
1492 529 1556 572 ac
1588 516 1781 574 Roma;
1806 517 1861 572 in

208 595 416 661 crypta
452 590 751 663 laudabili,
789 608 957 665 quam
992 596 1113 668 ipsa
1147 599 1216 655 ad
1248 601 1618 660 condendum
1650 610 1863 677 marty-

211 692 339 734 rum
369 694 619 752 corpora
651 686 1084 757 construxerat,
1113 685 1538 746 honorabiliter
1560 693 1809 764 sepulta.

512 785 596 857 (ϐ.
631 786 727 843 XII
757 788 891 846 KAL.
928 790 1239 851 Faenum"
1270 800 1328 852 21
1364 798 1553 868 θυι).

282 889 511 948 Natalis
542 892 893 952 beatissima;
928 898 1166 967 Agnetis
1193 900 1436 970 virginis
1464 906 1522 957 et
1565 906 1856 976 martyris,

213 990 344 1049 qua
382 980 795 1038 tertiodecimo
836 985 1031 1042 aetatis
1068 1002 1190 1045 suae
1228 1002 1378 1046 anno
1420 990 1477 1045 in
1508 992 1652 1049 urbe
1684 993 1860 1050 Roma

210 1080 381 1137 passa
394 1072 505 1124 est.
522 1069 654 1126 Haec
678 1070 813 1127 dum
835 1073 908 1129 ab
931 1073 1146 1132 scholis
1166 1078 1506 1149 revertitur,
1542 1094 1572 1135 a
1598 1081 1858 1152 praefecti

210 1153 334 1211 tilio
354 1156 663 1214 adamatur
679 1178 691 1213 :
708 1159 876 1229 cujus
898 1166 1175 1232 parentes
1197 1164 1332 1222 dum
1359 1167 1720 1241 requisisset,
1746 1184 1860 1228 ca)-

212 1241 298 1330 pit
323 1243 535 1330 offerre
565 1246 837 1319 plurima,
870 1253 927 1305 et
971 1250 1139 1321 plura
1180 1254 1565 1325 promittere;
1607 1257 1858 1330 denique

211 1329 508 1388 detulerat
561 1347 757 1391 secum
809 1338 1227 1408 pretiosissima
1276 1347 1615 1401 ornamenta
1657 1329 1787 1417 qua:
1825 1362 1857 1403 a

208 1417 379 1475 beata
405 1422 630 1491 Agnete
652 1422 835 1482 veluti
858 1426 1122 1497 quaedam
1144 1432 1403 1488 stercora
1416 1436 1550 1489 sunt
1565 1439 1853 1494 recusata.

206 1506 368 1563 Unde
394 1508 616 1567 factum
637 1516 727 1569 est
754 1517 816 1569 ut
831 1512 1065 1584 juvenis
1088 1517 1289 1587 majori
1313 1528 1735 1591 perurgeretur
1757 1524 1858 1580 sti-

210 1594 387 1666 mulo,
424 1603 485 1654 et
522 1604 738 1671 putans
764 1615 889 1658 eam
921 1603 1161 1662 meliora
1192 1607 1344 1664 velle
1370 1610 1651 1681 accipere
1691 1626 1857 1668 orna-

208 1689 425 1756 menta,
460 1701 689 1744 omnem
722 1688 972 1762 lapidem
1004 1694 1325 1764 pretiosum
1357 1712 1552 1755 secum
1586 1698 1773 1759 defert
1798 1705 1854 1756 et
1883 1694 1937 1755 Β

203 1769 478 1845 gloriam,
506 1780 565 1831 et
592 1791 698 1847 per
719 1792 781 1834 se
803 1778 1010 1852 ipsum,
1037 1787 1095 1838 et
1121 1797 1226 1855 per
1251 1791 1419 1842 notos
1442 1791 1498 1842 et
1523 1786 1720 1845 aﬂlnes
1748 1804 1861 1845 coe-

205 1860 282 1932 pit
308 1876 495 1920 aures
519 1865 818 1937 appellare
840 1869 1102 1942 virginis,
1130 1871 1382 1944 divitias,
1402 1873 1619 1946 domos,
1638 1892 1861 1948 posses-

203 1948 419 2020 siones,
442 1951 711 2023 familias,
739 1960 914 2026 atque
938 1973 1139 2016 omnes
1160 1962 1356 2017 mundi
1381 1961 1632 2035 divitias,
1662 1980 1861 2037 repro-

205 2037 377 2107 misit,
427 2039 476 2096 si
517 2055 861 2099 consensum
902 2060 1069 2102 suum
1111 2047 1236 2117 ejus
1292 2050 1686 2120 conjunctioni
1745 2069 1856 2110 non

205 2131 471 2196 negaret.
512 2127 624 2184 Sed
657 2145 787 2187 cum
822 2132 1212 2191 beatissimam
1254 2137 1534 2207 virginem
1578 2140 1856 2199 inclinare

204 2213 375 2271 nullis
398 2215 576 2273 donis
599 2222 698 2275 aut
716 2221 1195 2292 promissionibus
1208 2232 1422 2298 posset,
1443 2228 1678 2286 insanus
1693 2228 1856 2300 juve-

205 2302 285 2360 nis
315 2319 523 2363 amore
554 2311 952 2383 corrumpitur
982 2327 1157 2384 caeco,
1185 2315 1337 2371 inter
1361 2318 1661 2386 augustias
1682 2319 1854 2376 animi

206 2395 257 2447 et
287 2395 567 2465 corporis
596 2397 806 2455 anhelo
843 2400 1217 2459 cruciabatur
1259 2404 1488 2476 Spiritu.
1534 2407 1693 2464 Inter
1731 2408 1855 2467 haec

208 2477 350 2537 lecto
378 2486 807 2557 prosternitur,
825 2492 882 2543 et
899 2504 1003 2560 per
1026 2489 1142 2547 alta
1166 2492 1414 2563 suspiria
1439 2508 1598 2551 amor
1622 2510 1651 2551 a
1677 2496 1854 2553 medi-

206 2568 283 2625 cis
304 2572 602 2642 aperitur.
631 2574 797 2631 Fiunt
823 2580 957 2632 nota
983 2579 1154 2649 patri,
1177 2593 1305 2651 quae
1320 2582 1546 2637 fuerant
1573 2583 1852 2643 inventaa
1928 2635 1947 2652 ,

205 2657 461 2730 medicis,
498 2665 561 2716 et
593 2662 796 2719 eadem
829 2669 1072 2736 paterna
1102 2682 1263 2738 voce,
1301 2684 1429 2740 quae
1470 2670 1697 2728 fuerant
1734 2672 1850 2743 jam

201 2745 348 2802 dicta
365 2761 398 2802 a
423 2747 571 2820 filio,
598 2749 670 2806 ad
690 2752 1030 2822 petitionem
1050 2756 1290 2827 virginis
1312 2757 1713 2817 revolvuntur.
1741 2762 1853 2818 Ab-

199 2840 369 2904 negat
407 2838 605 2906 Agnes
639 2839 991 2913 beatissima,
1025 2848 1084 2899 et
1125 2858 1187 2900 se
1229 2844 1389 2902 nulio
1432 2853 1601 2919 pacto
1641 2850 1848 2906 asserit

201 2923 417 2995 prioris
430 2926 626 2996 sponsi
655 2926 873 2985 fmdera
897 2929 1136 2989 violare.
1163 2935 1316 2989 Tunc
1339 2937 1652 3006 praefectus
1672 2938 1847 3010 coepit

199 3011 586 3070 vehementer
606 3014 904 3088 inquirere
938 3019 1067 3091 quis
1098 3026 1251 3078 esset
1284 3022 1354 3079 de
1386 3023 1553 3095 cujus
1576 3040 1635 3082 se
1660 3028 1852 3098 Agnes
1881 3053 1930 3116 ο

200 3101 787 3174 potestatejactaret.
814 3107 1051 3165 Exstitit
1078 3110 1308 3182 quidam
1335 3112 1430 3184 qui
1456 3112 1675 3171 diceret
1700 3114 1845 3173 hanc

200 3187 588 3247 Christianam
603 3206 732 3250 esse
746 3195 817 3251 ab
832 3195 1156 3268 infantia,et
1174 3200 1412 3270 magicis
1426 3202 1653 3258 artibus
1667 3203 1745 3258 ita
1760 3219 1848 3260 oc-

195 3282 487 3349 cubatam,
514 3283 579 3335 ut
602 3281 754 3338 dicat
781 3283 1071 3341 Christum
1094 3302 1366 3357 sponsum
1382 3304 1569 3347 suum.
1590 3291 1845 3349 Audiens

198 3365 311 3423 haec
325 3369 653 3439 praefectus
666 3369 1098 3445 Symphronius,
1116 3373 1568 3449 laetusoﬁlcitur,
1587 3382 1644 3435 et
1670 3380 1841 3438 missa

198 3457 564 3526 apparitione
583 3472 713 3515 cum
732 3458 950 3530 ingenti
973 3463 1226 3535 strepitu
1245 3465 1366 3521 suis
1387 3480 1512 3523 eam
1536 3467 1842 3525 tribunali-

197 3542 304 3599 bus
316 3546 598 3618 praecepit
614 3547 824 3605 assisti.
852 3549 1033 3616 Quam
1046 3567 1175 3609 cum
1189 3566 1294 3610 nec
1312 3553 1723 3613 blandimentis
1736 3572 1840 3615 nec

193 3634 526 3691 terroribus
541 3641 735 3707 posset
750 3639 821 3693 ab
835 3642 992 3697 statu
1006 3639 1092 3696 sui
1109 3642 1390 3713 propositi
1409 3646 1837 3717 movere,jussit

189 3732 311 3777 eam
335 3722 655 3796 exspolari,
682 3730 738 3781 et
774 3728 982 3783 nudam
1016 3729 1085 3784 ad
1119 3728 1362 3802 lupanar
1392 3731 1525 3789 duci
1560 3734 1667 3791 sub
1699 3750 1838 3791 voce

188 3812 485 3881 przeconia
500 3811 775 3870 dicentis:
804 3817 1019 3886 Agnem
1036 3818 1375 3888 sacrilegam
1399 3820 1702 3893 virginem,
1730 3823 1839 3880 diis

189 3896 613 3972 blasphemiam
638 3901 1003 3977 inferentem,
1020 3910 1278 3965 scortum
1300 3907 1576 3967 traditam
1602 3908 1839 3982 lupana-

186 3984 373 4044 ribus.
403 3988 610 4046 Statim
633 3995 825 4048 autem
860 3996 921 4049 ut
955 3993 1201 4066 spoliata
1234 4000 1343 4068 est,
1380 3996 1542 4053 crine
1576 3997 1837 4055 resoluto

184 4079 413 4132 tantam
439 4076 601 4135 densi
615 4082 796 4137 tatem
813 4081 1042 4153 capillis
1053 4082 1178 4153 ejus
1190 4084 1377 4154 gratia
1395 4085 1589 4142 divina
1604 4102 1836 4144 conces-

182 4163 354 4236 sit,ut
383 4165 594 4223 melius
606 4181 804 4224 eorum
822 4170 1559 4246 fimbriisvidereturquam
1573 4175 1837 4232 vestibus

179 4256 363 4311 tecta.
384 4256 650 4326 Ingressa
665 4262 858 4314 autem
873 4259 1756 4335 turpitudinislocum,angelum
1772 4264 1837 4319 il-

179 4341 252 4399 lic
284 4344 520 4400 Domini
554 4351 941 4418 praeparatum
977 4349 1054 4405 ita
1086 4350 1324 4421 invenit,
1351 4355 1413 4409 ut
1439 4352 1832 4410 circumdaret

177 4444 305 4489 eam
333 4433 620 4491 immenso
635 4433 870 4493 lumine.
890 4438 1144 4509 Cumque
1157 4436 1289 4495 sein
1309 4440 1573 4498 oratione
1596 4442 1835 4499 Domino

176 4521 631 4593 substravisset,
650 4526 917 4597 apparuit
944 4530 1077 4583 ante
1099 4525 1298 4584 oculos
1322 4528 1448 4598 ejus
1470 4528 1618 4585 stola
1640 4530 1835 4586 candi-

178 4608 448 4681 dissima,
466 4616 524 4667 et
549 4613 1133 4685 apprehendenseam
1157 4615 1343 4672 induit
1370 4630 1464 4684 se;
1487 4619 1613 4672 erat
1639 4621 1833 4674 autem

177 4698 249 4755 ad
283 4713 624 4757 mensuram
674 4702 1007 4774 corpusculi
1047 4702 1173 4773 ejus
1214 4704 1617 4760 indumentum
1660 4704 1834 4762 nimio

174 4788 442 4845 candore
463 4789 858 4863 conspicuum.
876 4792 1104 4849 Interea
1119 4792 1380 4864 praefecti
1405 4790 1557 4849 filius
1579 4791 1736 4850 venit
1762 4792 1833 4849 ad
1898 4860 1907 4866 λ

176 4873 400 4947 locum,
424 4875 674 4935 credens
695 4893 755 4936 se
780 4878 1095 4937 ludibrium
1127 4894 1434 4938 exercere:
1463 4886 1519 4938 et
1554 4879 1834 4938 audacter

174 4962 508 5036 ingressus,
542 4966 688 5022 vidit
720 4971 947 5026 tantum
972 4968 1165 5026 lumen
1196 4971 1349 5027 circa
1384 4983 1543 5037 eam;
1575 4972 1673 5026 sed
1698 4969 1831 5041 quia

173 5067 291 5109 non
321 5052 486 5110 dedit
513 5054 788 5113 honorem
810 5058 1067 5129 Domino,
1093 5059 1302 5115 cecidit
1330 5060 1381 5113 in
1411 5057 1613 5116 faciem
1646 5074 1827 5129 suam,

173 5145 232 5196 et
260 5143 665 5213 praefocatusa
681 5145 913 5202 diabolo
926 5147 1265 5219 exSpiravit.
1284 5148 1444 5205 Ilunc
1458 5151 1650 5203 tamen
1668 5147 1830 5217 virgo

174 5235 309 5300 post
336 5230 641 5303 paululum
665 5233 885 5291 orando
908 5235 1298 5306 resuscitavit,
1327 5236 1423 5306 qui
1449 5249 1720 5305 egressus
1753 5237 1830 5291 fo-

173 5332 290 5388 ras,
326 5321 508 5391 cwpit
539 5321 821 5378 clamare:
850 5324 1006 5380 Unus
1036 5325 1188 5381 Deus
1212 5323 1267 5379 in
1290 5323 1457 5395 coelo,
1483 5326 1541 5380 et
1566 5323 1622 5379 in
1646 5329 1824 5395 terra,

169 5411 229 5461 et
268 5408 327 5463 in
353 5409 520 5480 mari,
557 5411 653 5481 qui
686 5415 773 5468 est
808 5412 959 5469 Deus
1000 5412 1497 5469 Christianorum:
1542 5427 1671 5468 nam
1712 5427 1829 5469 om-

168 5494 268 5551 nia
301 5494 525 5570 templa
557 5513 700 5555 vana
732 5503 866 5557 sunt
894 5518 910 5569 ;
943 5486 1020 5557 (lii
1054 5501 1151 5574 qui
1181 5502 1456 5559 coluntur
1496 5500 1626 5559 vani
1667 5507 1823 5574 sunt,

1983 442 2104 484 are.
2141 430 2469 486 Prazfectus
2504 439 2696 486 autem
2731 430 2935 487 videns
2964 438 3124 491 tanta
3147 436 3456 510 mirabilia,
3483 442 3613 498 obs-

1972 516 2200 588 tupuit;
2237 517 2338 575 sed
2370 518 2593 576 veritus
2622 520 3124 592 proscriptionem,
3161 523 3207 580 si
3239 530 3441 583 contra
3476 543 3612 601 pon-

1972 605 2160 663 tifices
2182 606 2531 677 templorum
2557 612 2777 677 ageret,
2797 609 2893 679 qui
2909 610 3251 667 seditionem
3268 616 3610 685 populorum

1969 694 2427 766 concitaverant,
2463 700 2520 751 et
2555 698 2834 765 Agnetem
2865 701 3069 755 contra
3114 702 3436 758 sententias
3478 720 3612 762 suas

1922 776 1934 790 '
1972 781 2323 854 defensaret,
2357 783 2638 839 vicarium
2671 784 2742 840 ad
2775 785 3118 842 seditionem
3144 787 3608 859 populijudicem

1972 866 2345 941 derelinquit.
2382 872 2511 941 ipse
2544 877 2737 928 autem
2768 873 2959 930 tristis
2979 875 3280 947 abscessit,
3308 878 3460 947 quod
3484 892 3609 935 eam

1970 970 2082 1012 non
2116 959 2303 1028 potuit
2349 963 2477 1030 post
2520 961 3018 1017 resurectionnem
3061 962 3163 1017 filii
3203 964 3290 1019 sui
3334 963 3603 1022 liberare.

1970 1044 2231 1102 Vicarius
2253 1059 2393 1102 vero
2426 1048 2704 1118 Aspasius
2732 1049 2961 1105 nomine
2987 1049 3160 1119 jussit
3201 1052 3256 1106 in
3287 1059 3605 1124 conspectu

1968 1133 2221 1188 omnium
2256 1133 2443 1203 ignem
2475 1136 2771 1206 copiosum
2805 1136 3052 1207 incendi,
3089 1138 3228 1194 etin
3261 1140 3450 1197 medio
3481 1156 3606 1197 eam

1970 1221 2247 1292 praecepit
2299 1222 2656 1279 ﬂammarum
2710 1224 2939 1294 jactari.
2994 1227 3157 1293 Quod
3210 1227 3344 1284 dum
3402 1229 3605 1286 fuisset

1971 1307 2291 1379 impletum,
2335 1311 2533 1366 statim
2586 1312 2642 1365 in
2695 1310 2839 1368 duas
2878 1317 3077 1383 partes
3117 1313 3317 1372 divisae
3367 1317 3609 1373 ﬂammae

1967 1395 2099 1452 hinc
2142 1402 2317 1467 atque
2358 1396 2515 1454 illinc
2558 1398 2897 1456 seditiosum
2940 1401 3216 1472 populum
3259 1406 3604 1461 exurebant.

1966 1484 2143 1541 Beata
2174 1489 2367 1541 autem
2400 1487 2591 1555 Agnes
2620 1488 2957 1558 expandens
2986 1504 3189 1546 manus
3217 1505 3371 1562 suas,
3408 1492 3463 1547 in
3496 1506 3611 1548 me-

1966 1571 2061 1628 dio
2101 1574 2249 1643 ignis
2287 1574 2608 1630 orationem
2652 1575 2796 1631 fudit
2838 1576 2909 1631 ad
2950 1577 3270 1636 Dominum.
3309 1580 3607 1652 Completa

1968 1660 2230 1717 oratione
2262 1662 2339 1717 ita
2371 1664 2555 1719 omnis
2586 1663 2735 1733 ignis
2762 1664 3090 1723 exstinctus
3119 1671 3228 1740 est,
3275 1672 3335 1725 ut
3380 1683 3485 1726 nec
3525 1674 3611 1727 te-

1970 1749 2352 1822 porfquidem
2391 1751 2641 1808 incendii
2692 1753 3086 1811 remansisset.
3131 1757 3284 1813 Tunc
3333 1758 3611 1830 Aspasius

1969 1839 2353 1895 seditionnem
2388 1839 2604 1912 populi,
2642 1842 2737 1913 qui
2768 1841 2876 1899 hoc
2906 1858 3018 1899 non
3049 1844 3372 1903 virtutibus
3402 1847 3613 1905 divinis

1968 1927 2070 1983 sed
2094 1926 2371 1984 maleficis
2393 1929 2765 2001 reputabant,
2793 1931 3026 1987 minime
3052 1932 3262 2004 ferens,
3291 1934 3345 1989 in
3367 1939 3610 2005 gutture

1967 2016 2093 2087 ejus
2121 2015 2378 2086 gladium
2411 2017 2589 2086 mergi
2625 2019 2901 2090 praecepit
2930 2038 2942 2074 :
2971 2023 3147 2090 atque
3169 2022 3275 2077 hoc
3297 2023 3460 2080 exitu
3484 2039 3611 2081 san-

1964 2104 2158 2174 guinis
2186 2105 2274 2161 sui
2307 2104 2520 2161 rubore
2552 2106 2863 2178 perfusam,
2903 2107 3168 2165 Christus
3196 2110 3305 2166 sibi
3340 2126 3607 2182 sponsam

1965 2196 2021 2248 et
2056 2198 2366 2264 martyrem
2397 2195 2792 2263 consecravit;
2837 2200 3110 2267 parentes
3148 2212 3289 2254 vero
3319 2200 3447 2270 ejus
3474 2216 3606 2257 cum

1962 2281 2176 2352 gaudio
2190 2282 2559 2339 abstulerunt
2572 2298 2787 2356 corpus
2800 2284 2943 2355 ejus,
2960 2289 3016 2340 et
3044 2290 3363 2357 posuerunt
3388 2287 3532 2345 illud
3547 2289 3602 2345 in

1964 2369 2184 2441 praedio
2213 2386 2337 2441 suo,
2368 2386 2479 2427 non
2512 2372 2680 2443 longe
2712 2374 2784 2428 ab
2816 2375 2988 2443 Urbe,
3034 2374 3125 2430 via
3158 2374 3515 2433 Numentana
3546 2393 3606 2434 x1

1965 2458 2085 2514 Kal.
2104 2459 2271 2515 Febr.
2300 2460 2396 2515 ubi
2420 2460 2719 2517 basilicam
2744 2466 2871 2533 post
2897 2462 3117 2533 aliquot
3142 2478 3340 2535 annos,
3369 2468 3607 2535 petente

1964 2546 2298 2603 Constantia
2325 2547 2461 2621 filia,
2498 2550 2911 2608 Constantinus
2935 2553 3233 2622 Augustus
3253 2555 3602 2611 construxit.

1965 2633 2174 2690 Fuerat
2206 2636 2356 2691 enim
2390 2637 2461 2692 ab
2492 2638 2746 2695 obsessis
2775 2639 3120 2698 vulneribus
3159 2641 3361 2697 eadem
3405 2642 3605 2712 regina

1962 2726 2019 2779 et
2046 2723 2230 2794 virgo,
2256 2723 2329 2779 ad
2360 2724 2693 2796 sepulcrum
2718 2728 2958 2797 Agnetis
2982 2733 3202 2801 sanata,
3230 2730 3425 2801 ibique
3450 2745 3605 2787 mau-

1964 2810 2185 2868 Soleum
2216 2812 2326 2869 sibi
2366 2811 2487 2884 ipsa
2517 2815 2843 2873 constituit.
2877 2818 3052 2874 Passa
3085 2822 3171 2874 est
3206 2823 3398 2874 autem
3432 2819 3603 2875 beata

1963 2901 2153 2969 Agnes
2203 2902 2310 2957 sub
2369 2902 2647 2974 prafeeto
2709 2905 2869 2963 urbis
2926 2905 3324 2979 Symphronio,
3384 2906 3602 2963 vicario

1962 2988 2699 3065 ejusdem_urbis‘Aspasio.
2750 3070 2755 3073 1

2303 3144 2367 3198 A.
2395 3142 2572 3199 Nonus
2605 3144 2915 3202 Faanuaan
2945 3130 3245 3219 (5776012).

2026 3281 2252 3338 Sanctae
2275 3283 2515 3352 Agathze
2536 3285 2779 3355 virginis
2793 3290 2849 3341 et
2867 3288 3158 3359 martyris,
3178 3288 3232 3343 in
3249 3287 3439 3346 Sicilia
3462 3287 3599 3355 civi-

1951 3372 2074 3424 tate
2100 3371 2330 3426 Catanze
2354 3373 2461 3428 sub
2486 3372 2831 3438 Quinctiano
2853 3375 3218 3448 proconsule,
3246 3377 3597 3449 imperatore

1950 3457 2150 3514 Decio:
2187 3458 2283 3529 qui
2308 3460 2634 3518 consularis
2661 3463 2750 3518 vir
2778 3463 3159 3530 Quinctianus
3186 3466 3427 3537 cupiens
3455 3466 3600 3524 mul-

1948 3545 2143 3603 tifaria
2167 3548 2490 3605 intentione
2514 3550 2585 3604 ad
2606 3564 2733 3605 eam
2758 3553 3115 3624 pertingere,
3143 3553 3296 3625 quod
3320 3560 3474 3612 esset
3501 3570 3600 3613 no-

1951 3633 2249 3692 bilissimis
2279 3642 2407 3692 orta
2440 3638 2753 3708 natalibus,
2789 3640 2923 3695 fecit
2958 3656 3084 3696 eam
3118 3643 3354 3714 arctari,
3389 3649 3447 3701 et
3478 3645 3598 3703 cui-

1950 3723 2081 3779 dam
2105 3729 2386 3781 matronae
2407 3725 2559 3781 tradi
2586 3725 2814 3783 nomine
2847 3728 3244 3799 Aphrodosiaa,
3273 3746 3401 3802 quae
3425 3732 3598 3791 habe-

1950 3812 2047 3867 bat
2080 3827 2286 3868 novem
2322 3812 2471 3872 ﬁlias
2503 3813 2892 3885 turpissimas,
2938 3819 3000 3872 ut
3046 3821 3299 3873 mutaret
3343 3821 3595 3879 animum

1947 3898 2093 3971 ejus.
2131 3899 2269 3966 Quae
2289 3900 2495 3958 videns
2516 3907 2769 3958 mentem
2792 3902 2917 3973 ejus
2940 3903 3310 3971 immobilem,
3336 3912 3464 3978 post
3490 3909 3594 3964 tri-

1944 3988 2105 4060 ginta
2146 3988 2274 4046 dies
2305 3990 2447 4046 abiit
2482 3991 2553 4047 ad
2586 3990 3017 4063 Quinctianum,
3050 3996 3108 4049 et
3143 3992 3287 4049 dixit
3311 3994 3363 4050 ei
3390 4014 3403 4051 :
3438 3996 3593 4054 Faci-

1946 4076 2060 4133 lius
2091 4084 2329 4148 possunt
2363 4094 2500 4137 saxa
2525 4079 2736 4137 molliri
2760 4085 2817 4136 et
2844 4082 3060 4138 ferrum
3084 4081 3141 4138 in
3166 4081 3384 4154 plumbi
3409 4084 3592 4141 molli-

1945 4165 2085 4222 tiem
2128 4166 2299 4237 verti,
2344 4183 2513 4239 quam
2555 4171 2627 4225 ab
2679 4168 3002 4227 intentione
3060 4170 3385 4229 Christiana
3430 4189 3594 4235 mens

1946 4255 2115 4313 istius
2147 4255 2356 4327 puellae
2389 4261 2718 4314 revocetur.
2742 4259 2921 4316 Iussit
2947 4258 3126 4330 igitur
3148 4275 3274 4317 eam
3298 4261 3592 4329 Quinctia-

1950 4360 2056 4402 nus
2078 4344 2147 4399 ad
2173 4346 2557 4403 secretarium
2582 4362 2747 4404 suum
2772 4347 3002 4419 adduci,
3028 4353 3085 4405 et
3110 4350 3322 4407 sedens
3352 4368 3458 4423 pro
3487 4353 3591 4408 tri-

1866 4411 1919 4472 D
1952 4432 2167 4502 bunali,
2187 4433 2576 4491 beatissimam
2591 4435 2873 4505 Agatham
2889 4411 3241 4507 interrogat:
3270 4411 3445 4510 Cujus
3457 4456 3591 4498 con-

1945 4521 2181 4579 ditionis
2202 4522 2309 4578 es?
2338 4522 2559 4593 Agatha
2593 4523 2927 4596 respondit:
2954 4525 3075 4582 Non
3106 4524 3291 4582 solum
3316 4528 3585 4601 ingenua,

1944 4609 2044 4669 sed
2077 4614 2134 4666 et
2168 4611 2507 4683 spectabilis
2535 4626 2774 4683 genere,
2818 4616 2881 4669 ut
2911 4613 3096 4670 omnis
3126 4615 3431 4684 parentela
3463 4631 3587 4672 mea

1944 4704 2217 4756 testatur.
2248 4699 2348 4756 Cui
2380 4698 2525 4755 dixit
2559 4700 2978 4767 Quinctianus:
3012 4702 3081 4758 Et
3115 4701 3161 4758 si
3186 4702 3433 4774 ingenua
3459 4720 3588 4776 pro-

1946 4789 2101 4846 baris
2131 4792 2189 4845 et
2222 4787 2450 4858 nobilis,
2483 4804 2590 4847 cur
2621 4789 2881 4848 moribus
2902 4790 3173 4848 servilem
3198 4806 3502 4863 personam
3525 4794 3585 4847 te

1944 4878 2159 4934 habere
2189 4876 2491 4936 ostendis?
2521 4876 2621 4935 Cui
2647 4879 2815 4935 beata
2848 4880 3073 4950 Agatha
3105 4880 3292 4952 inquit
3319 4900 3331 4935 :
3360 4877 3583 4936 Ancilla

1945 4966 2163 5023 Christi
2188 4982 2335 5038 sum,
2372 4965 2501 5022 ideo
2525 4981 2613 5021 me
2643 4966 2913 5023 servilem
2949 4966 3164 5025 habere
3187 4969 3432 5024 ostendo
3456 4981 3585 5038 per-

1943 5069 2158 5111 sonam.
2204 5057 2459 5127 Cumque
2501 5055 2556 5110 in
2596 5054 2956 5113 confessione
3000 5055 3212 5113 Christi
3247 5054 3579 5129 fortissime,

1942 5158 2070 5215 quae
2096 5142 2228 5199 fidei
2251 5151 2406 5216 sunt,
2435 5148 2911 5217 prosequeretur,
2931 5144 3105 5214 jussit
3130 5159 3255 5200 eam
3289 5143 3583 5209 Quinctia-

1940 5247 2049 5288 nus
2077 5231 2261 5302 alapis
2290 5234 2467 5301 caedi;
2492 5234 2699 5290 deinde
2722 5232 3086 5290 constantius
3110 5232 3400 5290 Christum
3437 5249 3584 5306 prte-

1939 5321 2227 5377 dicantem
2254 5321 2425 5395 jussit
2459 5323 2528 5378 ad
2570 5337 2862 5380 carcerem
2904 5321 3076 5377 trahi.
3124 5322 3344 5392 Agatba
3386 5327 3583 5381 autem

1939 5408 2233 5468 laetissima
2264 5413 2321 5466 et
2352 5408 2675 5481 glorianter
2696 5425 2993 5472 carcerem
3020 5409 3304 5483 introivit,
3331 5415 3387 5467 et
3416 5410 3581 5483 quasi

1937 5500 2006 5557 ad
2022 5498 2226 5573 epulas
2237 5500 2499 5570 invitata,
2518 5500 2596 5558 ita
2609 5500 2871 5573 gaudens
2886 5515 3127 5574 agonem
3152 5516 3320 5559 suum
3341 5500 3580 5557 Domino
