3992 6170
358 229 463 281 199

1411 209 1466 270 s.
1509 204 1769 267 ADONIS
1806 202 2241 264 ARCHIEPISC.
2286 164 2702 268 vmivnnNsxs

3650 209 3757 262 ποθ

358 345 629 426 precibus
641 333 1103 402 commendabat.
1119 332 1395 426 Sequenti
1412 331 1504 426 die
1519 332 1731 426 iterum
1745 328 1993 426 aspecti-
2022 332 2073 391 A
2104 330 2343 426 Agatha
2374 332 2758 405 investigaret
2789 334 2847 389 et
2880 333 2944 388 ut
2977 331 3208 388 teneret
3230 338 3434 426 omnes
3456 324 3529 426 de
3550 339 3759 401 paren-

361 420 469 499 bus
491 431 705 507 judicis
735 431 1147 504 prasentatur,
1175 439 1343 497 quam
1361 422 1533 495 jussit
1559 422 1615 479 in
1635 420 1897 495 equuleo
1917 420 2000 478 in-

356 525 516 600 genti
546 519 821 595 suspendi
852 523 909 576 et
940 513 1224 588 torqueri.
1266 515 1420 571 Tunc
1462 515 1590 586 post
1632 511 1743 568 alia
1774 509 1997 600 Agatha

353 598 535 687 judici
567 607 896 683 respondit:
930 605 1087 663 Sicut
1120 602 1217 675 qui
1248 602 1428 672 videt,
1457 615 1626 673 quem
1651 599 1748 657 diu
1773 598 1999 657 deside-

359 704 557 770 rabat;
581 704 678 759 aut
704 698 854 756 sicut
879 694 976 767 qui
999 691 1217 781 invenit
1243 691 1551 748 thesauros
1575 688 1806 759 multos,
1834 687 1914 743 ita
1938 691 1995 744 et
2030 720 2040 732 -

358 806 466 864 ego
497 789 757 847 delector
787 785 843 842 in
876 783 966 841 his
996 776 1182 856 poenis
1207 776 1613 852 corporalibus
1642 776 1996 864 posita.ANon

359 862 509 939 enim
542 879 733 950 potest
763 873 1025 931 triticum
1058 871 1115 926 in
1154 869 1364 926 horreo
1405 865 1627 940 reponi,
1670 864 1785 922 nisi
1830 862 1996 922 theca

358 968 485 1040 ejus
518 965 747 1025 fortiter
778 960 952 1020 fuerit
968 957 1403 1028 conculcata,et
1429 954 1664 1012 redacta
1696 953 1753 1010 in
1779 951 1992 1025 paleas.

358 1058 442 1115 Ita
473 1060 531 1113 et
565 1053 751 1112 anima
783 1064 906 1107 mea
937 1064 1050 1105 non
1083 1050 1275 1121 potest
1309 1045 1365 1101 in
1391 1043 1721 1117 paradisum
1745 1040 1844 1099 Dei
1866 1056 1996 1099 cum

360 1145 548 1221 palma
580 1144 799 1200 intrare
830 1136 1113 1208 martyrii,
1149 1134 1254 1191 nisi
1288 1132 1601 1203 diligenter
1634 1130 1844 1189 feceris
1872 1145 1998 1193 cor-

362 1218 471 1309 pus
490 1246 677 1290 meum
702 1244 732 1286 a
753 1225 1129 1286 carnificibus
1149 1221 1473 1279 attrectari.
1488 1222 1652 1277 Jussa
1675 1223 1763 1275 est
1787 1218 1996 1276 deinde

360 1306 417 1381 in
447 1317 697 1379 mamilla
730 1312 1013 1387 torqueri,
1048 1325 1219 1382 quam
1252 1309 1349 1366 diu
1380 1312 1593 1364 tortam
1628 1306 1762 1363 fecit
1788 1306 1997 1379 impius

354 1410 536 1484 judex
557 1402 835 1464 abscindi.
859 1392 1162 1472 Recipitur
1187 1398 1357 1484 beata
1380 1396 1544 1466 virgo
1568 1394 1851 1452 iterumin
1871 1409 1999 1452 car-

358 1483 573 1569 carem,
616 1492 714 1552 ubi
755 1504 945 1562 neque
987 1501 1136 1559 aqua
1178 1483 1613 1542 ministraretur
1643 1483 1735 1539 ei:
1769 1486 1828 1540 et
1859 1497 1995 1541 ecce

357 1588 513 1648 circa
551 1586 779 1643 noctem
818 1577 1065 1637 mediam
1104 1574 1263 1633 venit
1307 1573 1539 1647 quidam
1571 1587 1767 1645 senex,
1805 1572 1902 1644 qui
1932 1585 1995 1630 se

2112 419 2230 478 tela
2261 421 2408 494 ejus,
2446 423 2543 495 qui
2576 420 2674 478 Dei
2700 419 2924 491 judicio
2957 419 3010 475 in
3036 417 3226 475 medio
3249 414 3482 475 ﬂumine
3503 414 3750 475 interiit.

2472 512 2533 568 G.
2568 511 2690 568 Vlll
2722 510 2855 567 KAL.
2888 511 3033 568 Juv:
3065 508 3159 579 (24
3184 504 3404 576 Junii).

2192 596 2479 658 Nativitas
2496 599 2649 657 beati
2669 597 2909 657 Joannis
2934 596 3215 670 Baptista
3240 591 3627 668 praeursoris
3646 592 3757 651 Do-

2114 691 2270 763 mini,
2294 688 2583 748 Zacharia
2605 692 2663 744 et
2695 686 2993 744 Elisabeth
3027 684 3148 757 filii,
3185 683 3282 756 qui
3307 681 3524 756 Spiritu
3549 684 3759 740 sancto

2112 780 2377 853 repletus
2419 776 2609 834 adhuc
2642 776 2698 831 in
2730 779 2900 832 utero
2941 772 3146 832 matris
3179 786 3320 841 sua,
3354 774 3413 828 et
3445 773 3757 840 antequam

2110 868 2300 926 exiret
2317 866 2468 936 inde,
2492 863 2918 934 sanctificatus,
2943 876 3131 934 usque
3145 859 3216 919 ad
3232 860 3379 918 diem
3394 856 3757 917 ostensionis

2112 972 2234 1014 sua
2265 955 2334 1012 ad
2349 951 2924 1024 Israel,confortatus
2938 950 3156 1024 Spiritu
3171 949 3379 1020 agebat
3394 947 3448 1005 in
3465 944 3746 1018 desertis,

2110 1044 2366 1102 vestitus
2390 1042 2524 1117 pilis
2555 1040 2928 1111 camelorum,
2953 1039 3175 1097 habens
3208 1051 3408 1096 zonam
3442 1033 3754 1109 pelliceam

2110 1133 2266 1191 circa
2299 1130 2529 1189 lumbos
2562 1144 2721 1201 suos,
2755 1142 2892 1186 esca
2925 1131 3116 1185 autem
3140 1125 3268 1197 ejus
3289 1128 3417 1183 erat
3440 1122 3671 1182 locusta
3694 1126 3756 1179 et

2110 1221 2224 1279 mel
2244 1219 2520 1277 silvestre
2538 1216 2748 1292 (Maro.
2766 1217 2837 1289 ι).
2853 1215 3167 1274 Tricesimo
3189 1213 3387 1273 atatis
3404 1226 3551 1270 anno
3575 1211 3759 1285 impe-

2111 1310 2181 1366 rii
2212 1308 2423 1367 Tiberii
2456 1306 2723 1377 Casaris,
2758 1320 2890 1364 cum
2922 1309 3269 1378 procurator
3287 1304 3449 1360 esset
3474 1300 3531 1357 in
3550 1299 3756 1361 Judaa

2110 1396 2605 1468 Pilatus,jamque
2628 1409 2868 1466 regnum
2890 1393 3223 1452 Judaorum
3246 1392 3301 1448 in
3327 1393 3578 1463 quatuor
3595 1388 3758 1461 prin-

2108 1486 2340 1559 cipatus
2380 1488 2542 1542 esset
2584 1483 2854 1554 divisum,
2896 1482 3056 1540 venit
3096 1481 3154 1539 in
3192 1494 3417 1538 omnem
3455 1477 3757 1551 regionem

2106 1574 2380 1632 Jordanis
2413 1572 2743 1647 pradicans
2766 1571 3117 1645 baptismum
3149 1567 3530 1644 pauitantia,
3565 1566 3623 1624 in
3667 1578 3758 1623 re-

357 1674 643 1736 medicum
664 1683 792 1730 esse
812 1663 1321 1745 commemorabat,
1350 1662 1542 1753 ferens
1556 1660 1784 1753 diversa
1817 1660 1995 1753 medi-
2024 1690 2080 1753 Β
2108 1663 2443 1722 missionem
2474 1666 2848 1736 peccatorum
2881 1661 3039 1734 (Lac.
3076 1677 3093 1734 ε
3123 1659 3184 1718 et
3207 1656 3314 1732 Ill).

354 1768 642 1833 camenta,
678 1772 847 1832 quem
868 1752 1252 1833 antecedebat
1278 1765 1423 1824 puer
1454 1749 1690 1808 luminis
1719 1749 1990 1822 portitor,

359 1853 458 1926 qui
490 1852 643 1908 inter
674 1847 784 1905 alia
814 1844 1025 1915 virgini
1056 1841 1201 1899 dixit
1227 1860 1240 1897 :
1277 1838 1669 1910 Consideravi,
1700 1838 1908 1910 inquit,
1935 1842 1992 1894 et

356 1937 641 2012 vidi,quia
656 1938 847 2010 potest
864 1932 1111 1992 salutem
1125 1935 1225 1988 tua
1240 1926 1489 1986 mamilla
1503 1927 1996 2000 suscipere.Cum-

359 2043 473 2103 que
488 2027 586 2084 illa
611 2023 806 2083 verbis
827 2021 982 2080 senis
1004 2035 1114 2077 non
1135 2019 1424 2092 praberet
1449 2030 1766 2087 assensum,
1784 2019 1997 2087 putans

362 2102 515 2190 quod
528 2114 707 2174 vellet
721 2111 1011 2170 carnalem
1028 2107 1305 2167 adhibere
1319 2105 1428 2164 sibi
1443 2104 1805 2175 medicinam,
1823 2102 1996 2161 dixis-

358 2209 567 2277 setque
589 2201 712 2260 seni
735 2201 888 2258 inter
910 2198 1078 2255 alias:
1105 2197 1302 2277 Habep
1324 2193 1681 2251 Salvatorem
1698 2191 1994 2250 Dominum

362 2291 652 2350 Christum
681 2291 897 2358 Jesum,
932 2285 1030 2358 qui
1059 2285 1241 2342 verbo
1270 2286 1437 2341 curat
1469 2281 1680 2352 omnia,
1713 2285 1771 2338 et
1805 2295 1995 2339 sermo

359 2380 486 2454 ejus
505 2378 666 2438 solus
685 2378 977 2435 rcstaurat
1001 2372 1304 2440 universa;
1327 2369 1638 2428 subridens
1658 2369 1850 2427 senior
1878 2389 1891 2425 :
1925 2370 1994 2426 Et

359 2484 470 2542 me,
504 2467 712 2540 inquit,
744 2464 868 2538 ipse
900 2461 1053 2519 misit
1086 2461 1157 2519 ad
1187 2467 1279 2527 te;
1311 2472 1441 2515 nam
1470 2461 1529 2515 et
1560 2472 1668 2529 ego
1698 2455 1997 2530 apostolus

358 2556 486 2630 ejus
514 2571 662 2627 sum,
692 2556 753 2612 et
776 2552 833 2609 in
856 2550 1083 2608 nomine
1115 2547 1243 2619 ejus
1270 2547 1422 2606 scias
1442 2550 1503 2603 te
1526 2560 1654 2604 esse
1679 2544 1993 2615 salvatam;

358 2649 417 2704 et
448 2644 531 2703 sic
562 2644 633 2702 ab
655 2640 843 2700 oculis
862 2638 990 2711 ejus
1008 2635 1277 2696 sublatus
1297 2640 1407 2693 est.
1434 2636 1570 2693 Post
1597 2638 1847 2706 quatuor
1871 2633 1998 2692 dies

358 2733 603 2792 reducta
624 2731 837 2788 iterum
860 2727 931 2786 ad
955 2724 1362 2794 Quinctianum
1383 2727 1492 2795 est,
1520 2723 1617 2796 qui
1647 2726 1835 2781 teatas
1865 2736 1998 2781 acu-

356 2825 450 2879 tas
477 2824 536 2878 et
566 2820 851 2878 carbones
874 2815 1048 2888 jussit
1080 2813 1296 2886 spargi,
1329 2816 1387 2869 et
1419 2811 1574 2869 nudo
1602 2826 1847 2884 corpore
1870 2825 1995 2867 eam

361 2923 540 2984 supra
571 2905 825 2966 volutari
851 2924 864 2960 :
890 2908 948 2961 et
973 2916 1111 2961 ecce
1135 2901 1332 2959 subito
1355 2901 1522 2957 totus
1551 2897 1649 2955 ille
1681 2898 1845 2957 locus
1870 2914 1996 2956 com

2385 1779 2444 1836 C.
2479 1778 2550 1835 IV
2583 1778 2717 1835 KAL.
2752 1778 3103 1834 Saprsuams
3131 1773 3223 1847 (29
3253 1773 3453 1847 Ana).

2173 1866 2378 1924 Passio
2409 1870 2468 1923 et
2502 1865 2817 1924 decollatio
2856 1864 2948 1923 vel
2996 1864 3192 1937 potius
3233 1859 3494 1919 inventio
3533 1856 3756 1930 capitis

2102 1953 2365 2025 ejusdem
2382 1954 2709 2011 beatissimi
2722 1952 2959 2012 Joannis
2984 1951 3284 2024 Baptista,
3302 1962 3471 2021 quem
3485 1944 3754 2004 Herodes

2106 2041 2423 2114 tetrarcha,
2440 2048 2504 2100 ut
2524 2042 2904 2113 evangelista
2927 2042 3210 2110 referunt,
3236 2042 3444 2095 tenens
3468 2033 3673 2107 ligavit
3692 2032 3752 2092 in

2103 2145 2364 2202 carcere,
2382 2134 2622 2204 propter
2635 2129 3021 2188 Herodiadem
3038 2142 3277 2186 uxorem
3301 2124 3500 2183 fratris
3514 2122 3607 2182 sui
3621 2119 3757 2179 Phi-

2104 2216 2267 2291 lippi,
2303 2219 2435 2290 quia
2461 2218 2707 2277 duxerat
2730 2232 2856 2276 eam
2877 2236 2891 2286 ;
2913 2217 3145 2275 dicebat
3176 2215 3328 2289 enim
3351 2212 3436 2270 illi
3455 2214 3749 2271 Joannes:

2101 2307 2238 2366 Non
2261 2306 2401 2365 licet
2419 2307 2529 2365 tibi
2549 2307 2766 2366 habere
2785 2320 3035 2365 amorem
3046 2304 3283 2380 fratris
3307 2303 3395 2360 lui
3420 2299 3633 2369 (Marc.
3656 2314 3711 2357 vr
3733 2317 3750 2368 ;

2105 2394 2241 2453 Lac.
2277 2410 2339 2452 ιιι
2365 2412 2380 2463 ;
2409 2394 2628 2453 Matth.
2654 2396 2790 2469 xiv).
2818 2396 2935 2453 Hac
2959 2394 3029 2451 de
3051 2408 3229 2451 causa
3253 2390 3646 2449 insidiabatur
3667 2384 3753 2443 illi

2104 2483 2408 2555 Herodias,
2432 2486 2490 2541 et
2515 2484 2814 2555 quaerebat
2838 2482 3109 2541 occidere
3123 2496 3275 2552 eum,
3292 2484 3351 2537 et
3367 2494 3478 2536 non
3494 2476 3749 2551 poterat.

2106 2570 2366 2628 Herodes
2381 2575 2574 2629 autem
2591 2572 2884 2629 metuebat
2897 2564 3400 2642 Joannem,sciens
3414 2580 3546 2624 eum
3559 2564 3752 2621 virum

2099 2656 2324 2729 justum
2344 2664 2402 2716 et
2419 2662 2684 2718 sanctum
2702 2675 2857 2718 esse.
2884 2659 2995 2717 Sed
3015 2675 3145 2717 cum
3168 2655 3431 2715 Herodes
3450 2654 3577 2729 ipse
3599 2650 3752 2710 diem

2106 2747 2319 2804 natalis
2340 2749 2429 2805 sui
2450 2751 2670 2821 ageret,
2688 2748 2805 2806 filia
2824 2746 3170 2806 Herodiadis
3188 2745 3442 2804 saltante
3458 2743 3514 2800 in
3534 2741 3748 2815 medio,

2107 2836 2386 2893 saviente
2406 2840 2611 2909 matre,
2633 2837 2787 2893 inter
2809 2835 3054 2894 delicias
3072 2838 3129 2893 et
3149 2834 3425 2893 lascivias
3440 2830 3751 2891 convivan-

2106 2923 2272 2996 tium,
2305 2929 2527 2983 temere
2558 2926 2630 2982 ab
2659 2926 2886 2984 Herode
2910 2924 3165 2997 juratur,
3198 2926 3258 2982 et
3291 2921 3465 2995 impie
3489 2917 3753 2992 quodju—

358 3001 562 3100 ωοίῑξῇ
578 2999 948 3100 eaeeae}?!
959 2986 1997 3100 Piget}:ffﬂfjitfiopfisffﬂffs‘
2027 3037 2077 3100 ο
2106 2986 2292 3083 ratur,
2316 3014 2371 3069 in
2396 3028 2536 3072 nece
2558 3012 2860 3087 propheta
2883 2986 3178 3086 impletur.
3199 3013 3321 3070 Non
3341 2986 3750 3082 enim'poterat

358 3084 731 3144 consiliarum
765 3076 1001 3151 judicia,
1042 3082 1101 3134 et
1142 3077 1391 3134 amicum
1433 3075 1578 3145 ejus.
1624 3076 1994 3148 Quinctianu,

358 3172 539 3244 igitur
572 3168 817 3241 fugiens,
852 3166 987 3239 quia
1014 3179 1087 3221 ex
1111 3178 1226 3221 uno
1251 3163 1437 3220 latere
1458 3166 1635 3219 terra
1657 3167 1895 3234 motum,
1927 3178 2000 3221 ex

359 3258 474 3319 alio
514 3259 702 3315 latere
742 3254 1087 3314 seditionem
1130 3250 1327 3324 populi
1372 3248 1741 3321 formidabat,
1786 3252 1997 3310 iterum

354 3347 527 3422 jussit
560 3360 686 3403 eam
718 3345 775 3400 in
796 3355 1091 3401 carcerem
1116 3339 1326 3412 recipi:
1354 3353 1482 3409 qua
1506 3338 1765 3409 ingressa
1786 3354 2000 3412 expan-

242 3486 257 3493 -
360 3435 445 3495 dit
478 3439 681 3493 manus
709 3446 845 3491 suas
874 3429 945 3489 ad
977 3427 1276 3487 Dominum
1307 3431 1367 3484 et
1398 3425 1584 3484 dixit:
1613 3426 1870 3501 Domine,
1901 3428 1998 3501 qui

360 3538 451 3584 me
478 3522 714 3594 creasti,
747 3526 805 3579 et
835 3517 1144 3579 custodisti
1174 3517 1247 3574 ab
1278 3516 1519 3574 infantia
1543 3529 1688 3589 mea,
1716 3512 1786 3575 et'
1808 3517 1996 3577 fecisti

360 3626 449 3672 me
477 3612 787 3685 juventute
814 3607 1068 3667 viriliter
1097 3619 1290 3678 agere,
1326 3605 1422 3677 qui
1452 3604 1644 3664 tulisti
1673 3620 1704 3663 a
1727 3620 1817 3664 me
1847 3620 2000 3665 amo-

2112 3100 2399 3158 severitas
2431 3116 2598 3174 aquo
2628 3102 2816 3159 animo
2838 3101 3116 3173 tolerare,
3143 3099 3297 3173 quod
3318 3099 3487 3157 homo
3509 3096 3611 3154 Dei
3636 3109 3754 3152 mo-

2110 3188 2305 3261 nebat,
2324 3190 2456 3261 quia
2470 3190 2691 3247 vicerat
2712 3205 2907 3262 regem
2928 3190 3126 3248 libido.
3145 3189 3393 3247 Vinctus
3412 3191 3606 3245 autem
3621 3185 3751 3241 erat

2110 3281 2353 3361 sanctus
2384 3278 2647 3351 Baptista
2694 3279 2750 3334 in
2791 3277 3023 3349 Arabia,
3072 3276 3321 3335 castello
3353 3276 3749 3333 Macberonta.

2108 3364 2283 3421 Misso
2306 3364 2504 3438 itaque
2536 3364 2930 3439 speculatore,
2953 3365 3280 3424 decollatus
3302 3369 3396 3422 est
3414 3365 3471 3420 in
3485 3376 3748 3434 carcere,

2107 3456 2166 3510 et
2189 3451 2429 3512 allatum
2447 3458 2540 3513 est
2560 3460 2737 3529 caput
2757 3454 2887 3526 ejus
2907 3454 2963 3512 in
2979 3455 3159 3526 disco,
3178 3452 3507 3528 puellaque
3523 3453 3750 3510 datum.

2108 3541 2272 3610 Quod
2295 3543 2601 3602 audientes
2623 3544 2900 3618 discipuli
2921 3543 3068 3617 ejus,
3094 3545 3382 3602 venerunt
3399 3546 3457 3599 et
3480 3539 3753 3600 tulerunt

2105 3646 2322 3705 corpus
2352 3632 2499 3705 ejus,
2526 3637 2585 3691 et
2606 3637 2931 3707 posuerunt
2955 3632 3098 3692 illud
3121 3632 3178 3691 in
3202 3632 3574 3690 monumento
3592 3626 3754 3702 apud

361 3712 483 3799 ’Ψ
497 3698 724 3799 βπξδᾳξίν
751 3696 849 3773 qui
869 3692 1676 3799 F°'P“3.me“mép°“““gn9
1688 3696 1994 3799 δθξπθδιίν
2108 3692 2411 3793 εθιυάειθηζ
2447 3692 2650 3780 urbem
2671 3721 3003 3795 Palestina,
3029 3737 3158 3795 qua
3180 3719 3469 3795 quondam
3491 3692 3753 3777 Samaria

361 3792 458 3886 qui
491 3789 678 3886 fecisti
710 3800 800 3886 me
826 3787 1061 3886 vincere
1089 3787 1381 3886 ῐτξςξηρῐξιθ
1406 3782 1721 3886 ρπιιίίὶίξίεν
1757 3784 1994 3886 ξθῗνξιων
2107 3808 2265 3868 dicta
2306 3782 2437 3868 est:
2480 3810 2579 3869 ubi
2620 3826 2725 3885 per
2765 3782 3216 3884 aliquot'annos-
3237 3808 3424 3881 jacuit
3455 3821 3645 3881 usque
3676 3804 3753 3864 ad

359 3881 573 3977 ignf’mg
591 3883 653 3977 ξι
675 3873 1389 3977 νίηίῖυίέἶιίᾷυίξηίδίίηίθτ
1404 3875 1695 3977 form?“
1716 3873 2003 3977 νίιξίιξξθηι
2103 3901 2371 3971 tempora
2399 3873 2971 3973 Julianiimpiissimi
3002 3873 3272 3958 Casaris.
3306 3896 3413 3965 Qui
3435 3873 3568 3956 cum
3589 3893 3755 3952 Chri-

360 3968 658 4048 patientia
687 3963 1022 4065 contulisti:
1055 3963 1340 4035 deprecor
1362 3964 1426 4020 ut
1448 3962 1701 4036 accipias
1724 3965 1996 4038 spiritum

2111 3962 2316 4043 stianis
2347 3991 2511 4045 esset
2541 3962 2983 4060 infestissimus,
3018 3987 3226 4061 pagani
3265 3962 3419 4059 apud
3461 3986 3752 4043 Sebasten

361 4075 551 4122 meum
574 4056 743 4150 modo
761 4053 894 4127 quia
912 4055 1147 4125 tempus
1164 4055 1279 4150 est,
1296 4053 1359 4108 ut
1380 4066 1468 4109 me
1483 4053 1694 4123 jubeas
1717 4055 1875 4116 istud
1891 4072 1996 4116 sa-

2111 4072 2443 4148 sepulcrum
2457 4074 2719 4147 ejusdem
2735 4053 2979 4134 Joannis.
2991 4053 3272 4150 Baptista
3290 4053 3591 4145 invadunt,
3607 4087 3753 4132 ossa

359 4150 556 4212 culum
578 4145 1008 4216 derelinquere,
1028 4146 1089 4200 et
1112 4141 1182 4199 ad
1206 4146 1364 4201 tuam
1387 4143 1844 4205 misericordiam
1867 4164 1996 4222 per-

359 4237 719 4300 venire.Hac
733 4233 933 4292 dicens
947 4232 1179 4290 beatum
1191 4231 1340 4290 coelo
1352 4233 1510 4291 misit
1523 4234 1994 4313 spiritum:cujus

355 4342 586 4389 sacrum
607 4337 824 4398 corpus
847 4323 1182 4380 auferentes
1205 4321 1518 4380 Christiani
1541 4325 1759 4398 p0puli,
1787 4343 1996 4400 posue-

356 4420 494 4477 runt
514 4412 812 4474 conditum
842 4408 1202 4469 aromatibus
1234 4412 1289 4469 in
1332 4414 1603 4486 sepulcro
1641 4398 1808 4475 novo.
1855 4417 1992 4476 Cum
2023 4398 2077 4461 D

357 4509 551 4566 autem
588 4501 998 4572 collocaretur,
1045 4499 1204 4557 venit
1246 4501 1477 4573 quidam
1512 4502 1746 4574 juvenis
1786 4505 1995 4564 sericis

354 4594 625 4653 vestibus
648 4591 910 4661 indutus,
937 4603 1107 4661 quem
1131 4591 1531 4662 sequebantur
1552 4592 1802 4664 amplius
1826 4578 1997 4665 quam

355 4687 589 4742 centum
614 4680 780 4754 pueri
803 4678 982 4736 albati
1006 4674 1066 4734 et
1090 4677 1338 4751 pulchri,
1353 4684 1410 4736 et
1436 4678 1696 4737 introivit
1721 4680 1791 4737 ad
1807 4679 1997 4740 locum

356 4772 455 4832 ubi
484 4769 850 4829 condebatur
877 4781 1094 4839 corpus
1134 4770 1353 4826 sancta
1393 4767 1657 4839 virginis,
1699 4773 1758 4827 et
1800 4769 1996 4842 posuit

357 4859 619 4919 tabulam
640 4859 876 4915 brevem
895 4870 1274 4915 marmoream
1287 4855 1386 4915 ubi
1401 4856 1685 4930 scriptum
1698 4860 1789 4914 est
1806 4876 1819 4914 :
1835 4856 1999 4917 Men-

362 4949 477 5008 tem
493 4946 768 5008 sanctam
788 4945 849 5003 et
860 4945 1264 5019 spontaneum,
1278 4944 1552 5004 honorem
1564 4945 1698 5016 Dei,
1713 4945 1773 5001 et
1774 4934 2000 5019 patria

359 5035 810 5095 liberationem:
848 5038 905 5092 et
954 5034 1159 5092 tandiu
1209 5032 1307 5089 ubi
1357 5032 1523 5089 stetit
1556 5030 1706 5089 idem
1740 5033 1993 5112 juvenis,

365 5123 550 5181 donec
602 5122 937 5196 sepulcrum
979 5138 1110 5181 cum
1159 5120 1458 5191 diligentia
1499 5120 1896 5198 clauderetur,
1939 5131 1996 5184 et

362 5211 690 5270 abscedens
723 5227 834 5269 non
865 5216 959 5270 est
992 5209 1241 5269 ulterius
1272 5207 1437 5264 visus
1468 5208 1524 5264 in
1556 5212 1679 5269 tota
1703 5215 1997 5285 provincia

365 5297 709 5359 Siculorum.
731 5301 894 5359 Unde
915 5314 1025 5357 non
1045 5297 1428 5355 dubitandum
1448 5299 1600 5372 quod
1623 5302 1866 5373 angelus
1880 5304 2001 5362 fue-

360 5385 459 5446 rit.
484 5389 666 5447 Passa
697 5393 790 5449 est
813 5392 1006 5448 autem
1030 5388 1201 5446 beata
1222 5387 1445 5459 Agatha
1468 5389 1609 5448 Non.
1636 5391 1800 5449 Febr.
1828 5390 2001 5459 Quin-

359 5476 591 5537 ctianus
632 5482 766 5552 post
797 5476 918 5536 hac
954 5475 1067 5535 iter
1097 5476 1342 5553 arripuit
1374 5482 1439 5539 ut
1472 5479 1782 5540 facultates
1814 5481 2000 5542 beata

2107 4162 2493 4237 dispergunt;
2525 4164 2727 4222 eadem
2758 4181 2994 4225 rursum
3016 4165 3265 4224 collecta
3281 4169 3339 4223 et
3364 4166 3642 4233 cremata,
3668 4160 3754 4220 la-

2106 4252 2229 4310 tius
2244 4251 2619 4326 dispergunt:
2637 4254 2740 4312 sed
2754 4255 2855 4312 Dei
2875 4254 3240 4329 providentia
3259 4254 3497 4312 adfuere
3512 4251 3752 4326 quidam

2110 4355 2184 4399 ex
2204 4340 2620 4414 Hierosolymis
2652 4343 2937 4417 monachi,
2972 4345 3068 4417 qui
3104 4344 3267 4401 misti
3308 4341 3750 4415 colligentibus,

2111 4444 2357 4503 quaque
2389 4430 2501 4505 ipsi
2535 4435 2827 4505 poterant,
2862 4433 3056 4491 ablata
3087 4434 3154 4490 ad
3181 4436 3407 4506 patrem
3429 4446 3597 4490 suum
3619 4429 3754 4488 Phi-

2109 4516 2330 4592 lippum
2362 4519 2678 4593 pertulere.
2705 4521 2807 4579 llle
2829 4519 3137 4580 confestim
3160 4520 3285 4581 hac
3306 4521 3508 4595 (supra
3531 4534 3594 4577 se
3616 4534 3753 4577 cum

2108 4606 2361 4665 ducebat
2386 4611 2612 4668 tantum
2627 4606 2969 4668 thesaurum
2985 4611 3239 4684 prepriis
3253 4623 3492 4668 servare
3508 4606 3755 4679 vigiliis)

2107 4694 2178 4752 ad
2202 4696 2533 4768 pontificem
2555 4697 2865 4756 maximum
2884 4702 3029 4756 tunc
3051 4698 3429 4757 Athanasium
3454 4711 3558 4772 per
3575 4695 3755 4754 Julia-

2113 4797 2249 4841 num
2294 4783 2599 4843 diaconum
2645 4801 2814 4845 suum
2860 4787 3079 4845 mittit:
3131 4803 3259 4860 qua
3307 4787 3405 4845 ille
3446 4792 3756 4862 suscepta,

2108 4871 2312 4944 paucis
2343 4873 2584 4931 arbitris
2615 4876 2727 4933 sub
2757 4880 2965 4935 cavato
2983 4877 3225 4936 sacrarii
3250 4878 3474 4952 pariete
3496 4878 3746 4952 inclusa,

2107 4958 2451 5031 prephetico
2491 4962 2705 5036 spiritu
2745 4964 3051 5037 profutura
3088 4966 3452 5038 generationi
3494 4972 3751 5041 postera

2110 5050 2501 5107 conservavit.
2520 5051 2697 5123 Cujus
2717 5054 3065 5127 prasagium
3081 5056 3191 5112 sub
3203 5056 3525 5115 Theodosio
3538 5056 3753 5130 princi-

2110 5150 2200 5207 pe,
2227 5150 2332 5208 per
2359 5138 2733 5211 Theophilum
2763 5141 3026 5211 ejusdem
3051 5143 3212 5201 urbis
3234 5145 3573 5219 episcopum
3596 5160 3755 5204 com-

2109 5220 2324 5295 pletur.
2344 5225 2450 5292 Qui
2476 5228 2783 5287 destructo
2805 5231 3040 5304 Serapis
3056 5232 3347 5306 sepulcro,
3374 5234 3562 5292 sancti
3583 5234 3754 5293 Joan-

2108 5310 2198 5368 nis
2214 5312 2426 5373 ibidem
2439 5318 2807 5376 consecravit
2829 5320 3156 5379 ecclesiam.
3182 5324 3363 5380 Porro
3382 5328 3558 5397 caput
3578 5338 3749 5382 suum

2112 5398 2343 5461 duobus
2374 5406 2671 5466 monachis
2703 5407 3123 5482 Orientalibus,
3145 5410 3243 5483 qui
3265 5426 3442 5470 causa
3464 5411 3751 5469 orationis

2108 5496 2389 5550 venerant
2414 5495 2890 5570 Hierosolymam,
2909 5496 3061 5556 idem
3084 5499 3292 5556 beatus
3312 5502 3564 5559 Joannes
3578 5499 3748 5570 juxta
