3992 6170
229 232 329 287 201

1052 205 1654 286 MARTYROLOGIUM
1693 229 1835 285 CUM
1878 230 2316 317 ADDIMENTIS.
2361 265 2428 273 -
2468 234 2652 290 MENS
2688 235 2839 291 nec.

3523 244 3628 299 ἣοὲ

230 348 474 407 Herodis
525 351 812 422 quondam
873 352 1027 422 regis
1086 352 1480 410 habitaculum
1537 351 1822 409 revelavit
1854 370 1870 384 '
1901 353 1957 414 A
1989 368 2079 410 mo
2108 356 2260 413 Deus
2290 355 2628 414 altissimus.
2663 357 2746 413 Ad
2795 371 2962 427 quam
3017 357 3223 416 missus
3265 364 3352 417 est
3387 361 3630 432 angelus

223 451 250 480 ι
277 438 433 513 quod
465 439 741 512 deinceps
790 441 1050 497 Emesam
1101 442 1407 499 Phoenicia;
1451 443 1654 499 urbem
1689 439 1876 513 perla-

222 534 435 599 tum,et
464 527 640 599 digno
670 531 889 586 honore
918 528 1141 587 cultum
1172 535 1283 587 est.

513 647 585 699 A.
622 644 743 699 Vill
786 644 917 700 lous
958 645 1242 702 OCTOBRIS
1271 645 1326 715 (8
1362 646 1579 717 Octob.)

294 739 519 797 Natalis
548 740 863 797 beatissimi
893 741 1049 798 senis
1079 741 1378 811 Simeonis,
1413 742 1483 799 de
1525 758 1637 813 quo
1670 744 1877 801 beatus

225 829 408 886 Lucas
431 828 789 898 evangelista
814 830 994 885 refert
1029 850 1041 884 :
1075 831 1160 887 Et
1176 844 1302 888 ecce
1328 832 1494 887 homo
1526 832 1752 889 eratin
1779 835 1876 889 Je-

222 917 510 986 rusalem,
543 917 642 973 cui
663 931 870 974 nomen
889 918 1154 989 Simeon,
1179 920 1238 975 et
1264 920 1430 976 homo
1461 921 1574 977 iste
1591 921 1800 991 justus
1820 920 1881 977 et

228 1006 543 1063 timoratus
566 1006 913 1076 exspectans
935 1008 1391 1065 consolationem
1417 1009 1635 1078 Israel,
1660 1009 1720 1066 et
1736 1009 1876 1080 Spi-

228 1094 383 1152 ritus
409 1095 654 1151 sanctus
681 1095 818 1151 erat
834 1095 901 1151 in
931 1109 1014 1151 eo.
1043 1097 1409 1168 Responsum
1431 1098 1631 1154 autem
1650 1098 1880 1170 accepit

234 1182 307 1240 ab
334 1182 575 1254 Spiritu
620 1182 826 1240 sancto
872 1198 990 1240 non
1035 1185 1307 1242 visu-rum
1352 1200 1415 1243 se
1457 1187 1722 1256 mortem,
1752 1187 1877 1245 nisi

232 1271 400 1342 prius
436 1271 667 1328 videret
694 1271 1005 1329 Christum
1033 1274 1294 1330 Domini.
1328 1275 1413 1331 Et
1453 1276 1618 1332 venit
1642 1276 1709 1332 in
1735 1276 1876 1347 Spi-

230 1360 354 1417 ritu
374 1360 437 1415 in
458 1360 611 1431 temp
618 1360 757 1415 lum.
784 1360 1016 1417 Etcum
1038 1362 1653 1434 inducerentpuermn
1670 1366 1877 1422 Jesum

221 1449 501 1519 parentes
520 1450 652 1519 ejus
670 1448 743 1505 ut
742 1450 1026 1521 facerent
1048 1451 1370 1508 secundum
1397 1453 1877 1510 consuetudinem

230 1537 375 1608 legis
392 1552 509 1607 pro
552 1551 637 1607 eo,
659 1538 719 1593 et
734 1538 860 1608 ipse
879 1539 1107 1609 accepit
1126 1553 1261 1595 eum
1290 1541 1355 1596 in
1374 1540 1670 1611 manibus,
1703 1543 1760 1597 et
1788 1540 1876 1597 be-

226 1624 465 1680 nedixit
481 1626 693 1695 Deum,
706 1625 969 1683 etdixit:
981 1628 1154 1685 Nunc
1167 1627 1427 1685 dimittis
1438 1642 1673 1685 servum
1686 1630 1872 1700 tuum,

1989 444 2217 500 Gabriel
2253 461 2282 502 a
2315 447 2553 503 Domino
2584 446 2638 501 in
2673 446 2969 503 civitatem
3003 445 3269 518 Galilzeae,
3296 449 3388 505 cui
3422 464 3627 507 nomen

1984 534 2293 603 Nazareth,
2326 551 2456 592 cum
2490 539 2644 592 esset
2678 536 3025 607 desponsata
3046 535 3168 591 viro
3196 537 3406 609 Ioseph
3439 537 3510 594 de
3532 538 3629 595 do-

1986 637 2077 679 mo
2108 622 2306 679 David.
2343 626 2407 678 Et
2442 624 2742 693 ingressus
2771 624 3011 695 angelus
3028 624 3447 693 evangelizavit
3477 640 3624 697 eam,

1985 714 2043 766 et
2078 710 2221 767 dixit
2260 732 2272 767 :
2305 714 2443 782 Ave,
2467 713 2681 785 gratia
2696 714 2906 785 plena,
2927 713 3214 770 Dominus
3236 714 3443 783 tecum,
3467 713 3629 771 tene-

1985 800 2147 857 dicta
2181 800 2245 857 t‘u
2262 800 2421 858 inter
2440 802 2721 860 mulieres
2746 805 2905 866 (Luc.
2934 818 2951 858 ι
2952 809 3001 871 ).
3026 803 3150 872 Ipsa
3175 805 3367 858 autem
3402 806 3462 859 ut
3480 801 3624 858 vidit

1985 903 2135 959 eum,
2173 893 2325 945 mota
2357 895 2447 947 est
2478 890 2719 948 introitu
2751 892 2894 962 ejus,
2930 894 2988 946 et
3021 894 3145 946 erat
3179 890 3442 961 cogitans
3474 891 3625 962 quod

1985 977 2067 1033 sic
2101 978 2493 1036 benedixisset
2524 995 2670 1036 eam.
2696 982 2763 1035 Et
2797 979 2875 1035 ait
2899 979 2949 1035 ei
2974 978 3250 1050 angelus:
3274 981 3365 1038 Ne
3395 980 3627 1051 timeas,

1982 1067 2213 1138 Maria,
2227 1068 2511 1126 invenisti
2532 1068 2691 1125 enim
2704 1069 2976 1141 gratiam.
2996 1068 3157 1140 apud
3175 1071 3366 1125 Deum
3385 1087 3404 1123 :
3426 1068 3486 1125 et
3502 1081 3628 1127 ecce

1983 1157 2274 1228 concipies
2294 1157 2358 1213 in
2370 1157 2556 1227 utero,
2571 1158 2630 1213 et
2632 1157 2844 1229 paries
2852 1157 3081 1229 filium,
3095 1157 3156 1213 et
3167 1157 3402 1214 vocabis
3421 1170 3630 1215 nomen

1984 1246 2114 1316 ejus
2129 1248 2335 1303 Jesum
2351 1245 2579 1314 (Ibid).
2601 1245 2920 1319 Quaijtanto
2934 1244 3487 1317 nuntioclariiicata,
3506 1245 3629 1318 Spi-

1986 1333 2103 1389 ritu
2150 1338 2349 1390 sancto
2396 1334 2725 1403 fecundata,
2761 1335 2832 1390 ab
2882 1334 2998 1404 illo,
3036 1334 3131 1405 qui
3178 1333 3249 1390 de
3281 1333 3364 1389 illi
3396 1348 3625 1392 sumere

1963 1436 2216 1483 carnem
2249 1421 2521 1491 dignatus
2552 1424 2661 1491 est,
2685 1421 3153 1494 przejhominibus
3184 1421 3492 1478 sublimata
3512 1437 3627 1479 ma-

1986 1513 2081 1566 net
2115 1510 2170 1565 in
2191 1513 2495 1581 aeternum,
2518 1510 2935 1567 venerabiliter
2955 1510 3279 1567 benedicta.
3304 1510 3477 1582 Cujus
3495 1510 3627 1568 dor-

1986 1599 2280 1656 mitionem
2312 1615 2448 1655 xvm
2482 1599 2715 1656 Kalend.
2770 1600 3094 1671 Septembr.
3129 1599 3316 1656 omnis
3362 1598 3623 1657 celebrat

228 1714 495 1784 prima”,
525 1688 849 1772 “auﬁdum
867 1716 1106 1773 verbum
1138 1717 1306 1774 tum
1334 1719 1399 1774 in
1417 1732 1570 1790 pace
1602 1688 1871 1791 (Imma:
1904 1708 1956 1768 Β
1987 1688 2243 1747 Ecclesia
2279 1708 2290 1743 :
2327 1689 2494 1760 cujus
2510 1692 2570 1745 et
2598 1702 2827 1744 sacrum
2851 1703 3064 1759 corpus
3082 1703 3192 1745 non
3217 1688 3510 1745 invenitur
3532 1705 3627 1746 su-
3699 1690 3705 1696 ’

586 1823 642 1877 F.
678 1823 811 1879 KAL.
848 1823 1198 1880 Sarrsuams
1239 1824 1285 1896 (l
1322 1825 1515 1897 Sept.)

287 1926 519 1985 Natalis
552 1928 899 1985 beatissima:
931 1931 1107 1986 Anna)
1141 1931 1541 2002 prophetissze,
1568 1930 1699 1989 ﬁliae
1730 1932 1872 1989 Plia-

226 2015 377 2085 nuel,
414 2015 488 2071 de
528 2016 682 2072 tribu
716 2018 878 2087 Aser,
914 2018 1082 2088 cujus
1100 2019 1470 2075 sanctitatem
1492 2012 1874 2090 Evangelicus

228 2119 416 2160 sermo
449 2103 645 2175 prodit
669 2124 681 2159 :
708 2106 850 2162 Hac
858 2107 1237 2178 processerat
1254 2108 1319 2163 in
1340 2108 1545 2165 diebus
1564 2108 1795 2178 multis,
1817 2107 1878 2165 et

227 2193 467 2251 vixerat
483 2207 619 2250 cum
638 2194 766 2251 viro
784 2209 890 2252 suo
912 2197 1090 2254 annis
1109 2196 1326 2268 septem
1346 2197 1700 2268 virginitate
1718 2212 1830 2254 sua
1850 2216 1871 2253 .-

230 2284 279 2340 et
293 2283 420 2340 hac
446 2283 637 2340 vidua
675 2298 864 2356 usque
902 2285 985 2342 ad
1013 2300 1199 2343 annos
1236 2287 1534 2358 octoginta
1572 2288 1871 2357 quatuor:

227 2385 348 2442 gnte
378 2386 498 2427 non
526 2372 846 2430 decedebat
872 2373 944 2430 de
974 2374 1206 2446 templo,
1219 2375 1482 2447 jejuniis
1512 2376 1574 2432 et
1588 2376 1872 2433 orationi-

230 2458 323 2517 bus
353 2461 625 2518 serviens
655 2463 819 2518 nocte
847 2476 918 2519 ac
947 2462 1045 2519 die
1078 2465 1236 2529 (Luc.
1275 2469 1362 2531 ιι).

546 2577 604 2632 F.
649 2577 718 2632 VI
751 2577 881 2633 inus
914 2578 1263 2634 Ssrrsxenis
1294 2580 1350 2649 (8
1379 2578 1572 2649 Sept.)

287 2673 516 2730 Natalis
535 2673 886 2730 beatissima:
906 2674 1006 2729 Dei
1028 2672 1339 2730 Genitricis
1356 2674 1548 2730 Mariae
1571 2678 1870 2746 perpetuae

228 2762 499 2833 Virginis,
532 2777 703 2833 quam
738 2762 989 2834 Spiritus
1020 2766 1258 2819 sanctus
1284 2762 1620 2833 custodivit,
1656 2770 1713 2819 et
1756 2763 1872 2819 ele-

222 2858 381 2908 ctam
412 2850 816 2921 sanctiﬁcavit,
854 2854 913 2907 ut
946 2864 1018 2905 ex
1039 2850 1195 2907 illius
1212 2853 1382 2906 utero
1414 2854 1755 2907 nasceretur
1774 2851 1871 2908 ho-

290 3002 317 3062 μ
352 2991 525 3058 Quod
548 2954 821 3062 deinceps
851 2991 1145 3062 Emesam,
1181 2994 1295 3046 etc.
1334 2991 1482 3062 Loco
1513 2991 1685 3061 hujus
1714 2990 1870 3047 clau-

1986 1792 2087 1849 pra
2119 1781 2372 1833 terram:
2406 1778 2487 1833 sic
2520 1791 2625 1833 nec
2658 1777 2811 1833 beati
2843 1777 3017 1848 Moysi
3041 1776 3394 1849 sepulcrum.
3417 1779 3624 1834 Tamen

1982 1866 2074 1937 pia
2096 1870 2281 1923 mater
2301 1865 2579 1935 Ecclesia,
2617 1880 2745 1936 qua:
2783 1865 2903 1923 suis
2943 1866 3449 1923 observationibus
3481 1866 3626 1922 inte-

1980 1955 2230 2025 gerrima
2251 1954 2362 2010 ﬁde
2388 1954 2623 2011 fundata
2644 1954 2932 2025 consistit,
2948 1955 3075 2026 ejus
3093 1954 3481 2011 venerabilem
3510 1969 3625 2011 me-

1983 2044 2220 2101 moriam
2253 2043 2336 2099 sic
2370 2043 2633 2100 festivam
2666 2043 2804 2113 agit,
2843 2046 2902 2099 ut
2936 2058 3041 2114 pro
3071 2042 3403 2100 conditione
3431 2042 3624 2099 carnis

1981 2146 2106 2188 eam
2138 2132 2416 2202 migrasse
2458 2147 2570 2188 non
2607 2131 2855 2188 dubitet.
2899 2131 3004 2186 Ubi
3043 2136 3236 2186 autem
3289 2129 3623 2187 venerabile

1983 2221 2235 2293 Spiritus
2278 2221 2466 2277 sancti
2516 2220 2796 2293 templum
2848 2218 3010 2290 illud,
3047 2219 3103 2274 id
3151 2225 3238 2276 est
3272 2234 3409 2275 caro
3441 2219 3623 2290 ipsius

1983 2309 2333 2366 beatissimaa
2364 2309 2617 2380 Virginis
2648 2308 2838 2364 Mariae
2889 2307 3084 2364 divino
3112 2312 3254 2364 nutu
3290 2312 3346 2364 et
3380 2306 3623 2364 consilio

1980 2397 2340 2455 occultatum
2373 2398 2466 2467 sit,
2491 2397 2672 2467 magis
2688 2396 2864 2466 elegit
2884 2396 3174 2453 sobrietas
3194 2394 3469 2452 Ecclesiae
3490 2410 3622 2453 cum

1983 2487 2201 2558 pietate
2239 2487 2486 2557 nescire,
2524 2501 2694 2557 quam
2727 2484 2948 2556 aliquid
3000 2484 3267 2541 frivolum
3299 2487 3355 2540 et
3391 2498 3625 2556 apocry-

1984 2576 2157 2646 phum
2190 2574 2322 2630 inde
2367 2574 2621 2631 tenendo
2672 2574 2903 2630 docere.
2941 2572 3241 2629 Sufficiunt
3284 2571 3437 2628 enim
3465 2572 3517 2628 ei
3550 2571 3624 2628 ad

1982 2664 2355 2720 sanctitatem
2378 2666 2435 2719 et
2455 2662 2632 2719 vitam
2653 2662 2906 2731 Virginis
2927 2665 2984 2718 et
3004 2660 3202 2718 Matris
3224 2660 3447 2717 Domini
3471 2674 3623 2717 com-

1981 2752 2363 2809 mendandam
2393 2749 2883 2821 evangelistarum
2931 2749 3283 2820 testimonia,
3320 2763 3426 2806 nec
3458 2748 3529 2805 de
3551 2763 3619 2804 ea

1983 2855 2246 2912 quaerere
2277 2839 2430 2897 ultra
2462 2839 2851 2896 necessarium
2886 2842 3074 2910 putat.

1980 2982 2276 3038 conditum
2311 2981 2519 3051 fuerat,
2554 2980 2756 3037 eodem
2789 2975 3333 3051 angelorevel‘ante,
3357 2976 3616 3051 sustulit,

228 3046 1047 3120 wlmvaerbodiensiseodex
1067 3046 1393 3131 substituit,
1417 3062 1517 3117 sed
1541 3046 1867 3118 recentiore

1984 3058 2041 3131 et
2071 3053 2143 3131 ad
2174 3046 2540 3131 Aquitaniam
2572 3051 2628 3106 in
2658 3046 2961 3131 territorio
3008 3046 3335 3131 Engolismo
3383 3046 3615 3131 detulit;

230 3147 389 3189 manu
427 3152 441 3188 :
482 3153 511 3183 α
531 3133 697 3204 Quod
718 3132 1034 3204 inventum,
1057 3133 1155 3188 sed
1175 3132 1537 3201 negligenter
1553 3137 1867 3204 servatum,

230 3204 519 3276 perditum
554 3202 683 3259 fuit.
720 3203 830 3276 Sed
862 3205 933 3276 ab
953 3203 1081 3276 aliis
1102 3203 1417 3276 inventum,
1441 3203 1594 3276 apud
1614 3202 1870 3276 Edissam

231 3273 523 3332 civitatem
555 3273 867 3345 Phoenicia:
898 3274 1176 3344 delatum,
1199 3279 1254 3328 et
1290 3273 1624 3345 ignobiliter
1657 3274 1872 3345 reposi-

231 3350 344 3402 tum
363 3345 561 3415 latuit,
586 3344 770 3401 donec
787 3345 1166 3415 Jurioramus,
1190 3345 1447 3415 ejusdem
1478 3344 1737 3400 civitatis
1754 3345 1871 3415 epi-

232 3415 779 3488 scopus,iindieante
809 3414 1078 3488 Marcello
1109 3414 1340 3488 abbate,
1362 3415 1453 3471 cui
1487 3430 1547 3470 se
1577 3414 1870 3488 caputque

233 3486 389 3543 suum
421 3487 576 3542 idem
596 3488 844 3542 Joannes
860 3487 1218 3554 ostenderat,
1244 3486 1608 3542 reinventum
1644 3486 1871 3541 honori-

235 3556 334 3613 ﬁce
362 3557 696 3623 collocavit,
718 3561 776 3612 et
796 3572 867 3611 ex
885 3572 951 3611 ea
971 3555 1063 3611 die
1085 3556 1397 3611 decollatio
1429 3556 1554 3625 ejus
1573 3557 1869 3612 celebrata

232 3634 334 3684 est.
368 3648 394 3679 ι»
430 3628 578 3683 Vide
613 3626 765 3699 apud
789 3626 1003 3699 Adonis
1020 3626 1639 3699 martyrclogiumxxn’
1660 3628 1871 3682 Febru-

231 3698 328 3754 arii
358 3700 429 3755 de
462 3701 575 3754 hac
610 3697 671 3754 re
706 3697 905 3754 fusius.
941 3697 1280 3766 Sigebertus
1313 3698 1365 3752 in
1408 3698 1691 3753 Chronico
1722 3711 1870 3753 anno

230 3770 432 3840 Christi
464 3774 564 3826 761
601 3769 765 3840 juxta
800 3768 1267 3839 Aquicinctinum
1298 3773 1354 3823 et
1386 3769 1745 3824 Ortelianum
1778 3784 1872 3824 co-

230 3839 407 3897 dicem
433 3861 446 3894 :
473 3841 676 3911 Caput
688 3840 1253 3911 JoannisBaptistce
1270 3840 1337 3911 in
1349 3840 1607 3911 Eumesa
1628 3839 1871 3911 civitate

231 3909 617 3984 hansfertur.
655 3910 759 3984 Ubi
791 3909 1167 3984 ex_Lipsiano
1197 3910 1399 3984 codice
1432 3909 1539 3984 alia
1577 3910 1765 3984 fusior
1786 3915 1871 3964 at-

227 3979 445 4039 texitur
478 3981 721 4038 historia
757 4000 769 4035 :
807 4000 835 4033 α
857 3979 1039 4051 Caput
1058 3980 1292 4037 Joannis
1312 3980 1588 4050 Baptistae
1609 3981 1681 4051 ab
1703 3979 1871 4051 Alex-

229 4052 419 4122 andria
443 4052 500 4108 in
524 4051 889 4122 Aquitaniam
910 4050 1265 4108 transfertur
1289 4052 1394 4107 hoc
1415 4051 1599 4122 modo.
1626 4050 1868 4117 Quidam

228 4120 519 4179 laudabile
560 4120 699 4178 vitae
744 4122 1077 4192 monachus,
1126 4122 1353 4178 nomine
1404 4120 1746 4192 Felicianus,
1797 4135 1871 4176 ex

229 4193 539 4250 Galliarum
561 4193 975 4264 partibuscum
1008 4192 1208 4264 paucis
1226 4193 1398 4249 sociis
1415 4192 1868 4264 Hierosolymam

227 4266 407 4332 gratia
441 4261 726 4335 orationis
744 4263 909 4335 adiit,
932 4267 988 4319 et
1009 4261 1141 4335 post
1162 4264 1396 4335 expleta
1417 4264 1525 4335 piae
1545 4261 1871 4335 devotionis

228 4336 545 4407 ebsequia”
562 4334 823 4407 angelica
840 4332 1193 4407 allocutione
1205 4332 1607 4407 commonitus,
1627 4332 1871 4407 Alexan-

1981 3118 2259 3195 Pippinus
2293 3137 2411 3195 rex
2456 3126 2604 3195 tunc
2642 3123 2979 3195 morabatur
3036 3118 3250 3175 ibidem
3300 3118 3356 3174 in
3404 3118 3620 3189 palatio
3654 3154 3667 3167 κ

1982 3192 2136 3266 quod
2160 3192 2526 3266 Angiriacum
2552 3192 2792 3266 dicitur,
2809 3204 3170 3266 cernensque
3204 3205 3307 3266 per
3329 3203 3458 3245 eum
3484 3203 3622 3266 quo-

1979 3262 2199 3321 tidiana
2233 3262 2519 3333 indigenis
2551 3262 2851 3331 beneﬁcia,
2878 3262 3108 3333 sibique
3127 3263 3368 3333 crebras
3391 3276 3464 3316 ex
3494 3263 3622 3333 hes-

1981 3337 2141 3392 tibus
2172 3331 2534 3405 Aquitanicis
2563 3334 2841 3389 victorias
2865 3331 3200 3457 1provenire,
3229 3332 3371 3401 regii
3404 3331 3616 3456 egeris,

1985 3407 2278 3457 basilicam
2327 3406 2675 3457 construxit.
2712 3419 2822 3457 non
2888 3418 3033 3457 onge
3064 3417 3093 3457 a
3135 3402 3405 3457 Vulturni
3481 3402 3616 3457 umi-

1983 3402 2278 3463 basilicam
2327 3406 2675 3473 construxit,
2712 3419 2822 3460 non
2865 3402 3033 3473 longe
3064 3417 3093 3458 a
3135 3402 3405 3458 Vulturni
3439 3402 3622 3458 ﬂumi-

1981 3478 2071 3534 nis
2101 3477 2320 3546 littore,
2356 3483 2413 3531 et
2447 3476 2500 3530 in
2534 3490 2600 3531 ea
2633 3472 2854 3531 cibario
2873 3472 3464 3546 constructomiril‘ici
3487 3486 3622 3543 ope-

1981 3549 2079 3620 ris,
2114 3552 2288 3618 caput
2308 3543 2602 3620 decenter
2631 3548 2982 3620 adornatum
3008 3543 3332 3620 recondidit
3361 3545 3622 3620 Praecur-

1981 3613 2147 3674 soris.
2183 3613 2587 3673 Monachorum
2609 3617 2784 3672 etiam
2804 3615 3124 3671 caanobium
3150 3614 3267 3669 illic
3290 3613 3617 3684 constgtuit,

1979 3695 2037 3744 et
2070 3689 2306 3760 praediis
2337 3688 2512 3760 regiis
2545 3687 2843 3756 magnifice
2886 3686 3111 3760 ditavit.
3150 3685 3305 3760 Idem
3348 3684 3621 3760 reieiecit

1984 3753 2195 3817 fontem
2217 3753 2595 3825 lacunarium,
2632 3753 2701 3812 de
2735 3772 2847 3826 quo
2880 3771 2909 3811 a
2943 3757 3169 3826 duobus
3202 3757 3320 3826 fere
3344 3753 3625 3826 milllibus

1980 3832 2088 3886 sub
2118 3838 2298 3899 terra,
2335 3844 2438 3899 per
2467 3828 2711 3883 aedilicia
2742 3825 3084 3899 ccemeteria-
3110 3825 3173 3899 i_n_
3200 3825 3477 3896 palatium
3497 3825 3624 3899 ejus

1981 3895 2678 3971 aquaeduct'u'siniluebat,
2713 3898 2991 3971 etiipsam
3021 3895 3285 3971 dividens
3315 3909 3542 3971 aquam,
3566 3895 3623 3951 in

1982 3967 2277 4028 basilicam
2311 3970 2496 4026 sancti
2525 3968 2759 4024 Joannis
2782 3967 3056 4038 Baptistae
3081 3980 3186 4037 per
3218 3967 3433 4021 ferrum
3464 3969 3523 4038 et
3544 3979 3625 4022 ses

1980 4041 2325 4112 introduxit,
2350 4041 2428 4096 ita
2455 4044 2515 4097 ut
2537 4041 2645 4095 sub
2659 4035 2880 4095 ciborio
2896 4052 2999 4163 per
3015 4035 3392 4092 marmoream
3406 4035 3624 4091 colum-

1982 4128 2109 4163 nam
2144 4112 2390 4163 interius
2421 4124 2731 4163 concavam
2755 4109 2891 4163 ebul
2920 4109 3053 4163 iret.
3077 4107 3273 4163 ibioue
3305 4106 3453 4163 sacri
3489 4107 3624 4163 ban-

1981 4128 2109 4169 nam
2144 4106 2390 4168 interius
2421 4124 2731 4167 concavam
2755 4106 3053 4179 ebulliret,
3077 4107 3273 4179 ibique
3305 4106 3453 4179 sacri
3489 4107 3626 4179 bapf

1978 4184 2231 4241 tismatis
2253 4182 2476 4238 ablutio
2501 4183 2556 4236 in
2577 4183 2793 4236 honore
2810 4176 3231 4235 Domininostri
3251 4180 3384 4234 Jesu
3410 4176 3625 4234 Christi

1980 4261 2036 4310 et
2072 4254 2256 4312 sancti
2282 4252 2518 4309 Joannis
2567 4251 2843 4323 Baptistae
2877 4250 3062 4320 ﬁeret,
3096 4255 3271 4323 atque
3316 4248 3626 4323 iterumnin

1982 4325 2104 4398 ipsa
2137 4324 2446 4400 lacunaria
2498 4319 2806 4400 remearet.
2852 4323 2972 4400 ligo
3019 4320 3346 4400 coenobium
3376 4319 3629 4400 Amylisz

230 4390 810 4478 driamuexpetiaitﬁt
832 4390 1557 4478 caputBaptistaeJeannis
1589 4390 1618 4459 a
1653 4403 1776 4460 loco
1808 4403 1863 4458 in
1897 4409 1950 4469 D
1986 4390 2246 4478 vocatur.
2298 4413 2327 4478 )3
2378 4395 2692 4478 Hactenus.
2715 4392 2868 4465 apud
2916 4391 3303 4462 Sigebertum,
3339 4404 3370 4447 a
3409 4390 3621 4461 Miraao,

231 4488 339 4547 quo
365 4475 566 4534 olim'a
596 4475 932 4548 TheOphilo‘,
965 4475 1225 4549 ejusdem
1256 4476 1420 4533 urbis
1450 4475 1743 4547 episcopo,
1779 4489 1868 4530 re-

1981 4467 2165 4525 amico
2197 4470 2416 4537 nostro,
2451 4465 2821 4521 recensitum.

235 4617 3630 4651 Μ

1678 4746 2177 4863 INCIPIT

1200 4971 2644 5113 MABTYROLOGIUM

1483 5216 1799 5295 MENSIS

1883 5214 2366 5294 DECEMBER

606 5500 672 5560 Α.
705 5499 779 5560 IX
809 5500 1104 5559 KALEND.
1136 5500 1483 5560 JANUARII.

304 5601 501 5679 Vigilia
530 5606 870 5668 Nativitatis
902 5609 1146 5668 Domini.

501 5732 770 5801 ΡΑπιοι..
823 5732 1101 5804 CXXIII.

2049 5518 2263 5576 Eodem
2282 5514 2376 5571 die
2399 5510 2551 5584 apud
2575 5505 2936 5566 Antiochiam
2956 5503 3154 5578 Syriae,
3171 5502 3384 5563 natalis
3402 5505 3629 5560 sancta-

1983 5623 2110 5666 rum
2130 5604 2418 5675 virginum
2434 5597 2840 5672 quadraginta,
2860 5609 2989 5671 quaa
3012 5594 3419 5670 persecutione
3431 5589 3629 5647 Decia-

3192 5717 3228 5778 7
