  <div class='ocr_page' id='page_1' title='image "/cluster/home/n/w/nwhite01/storage/ocr_20150623/123/hvd.32044054759857/107.png"; bbox 0 0 4004 6168; ppageno 0'>
   <div class='ocr_carea' id='block_1_1' title="bbox 353 198 459 254">
    <p class='ocr_par' dir='ltr' id='par_1_1' title="bbox 353 198 459 254">
     <span class='ocr_line' id='line_1_1' title="bbox 353 198 459 254; baseline -0.019 0"><span class='ocrx_word' id='word_1_1' title='bbox 353 198 459 254; x_wconf 76' lang='lat'><strong>‘203</strong></span> 
     </span>
    </p>
   </div>
   <div class='ocr_carea' id='block_1_2' title="bbox 1411 170 2690 258">
    <p class='ocr_par' dir='ltr' id='par_1_2' title="bbox 1411 170 2690 258">
     <span class='ocr_line' id='line_1_2' title="bbox 1411 170 2690 258; baseline -0.01 -19"><span class='ocrx_word' id='word_1_2' title='bbox 1411 182 1466 239; x_wconf 90' lang='lat' dir='ltr'><strong>S.</strong></span> <span class='ocrx_word' id='word_1_3' title='bbox 1513 177 1770 239; x_wconf 81' lang='lat' dir='ltr'><strong>ADONIS</strong></span> <span class='ocrx_word' id='word_1_4' title='bbox 1809 174 2245 258; x_wconf 65' lang='lat' dir='ltr'><strong>ABCHIEPISC.</strong></span> <span class='ocrx_word' id='word_1_5' title='bbox 2275 170 2690 248; x_wconf 80' lang='lat' dir='ltr'><strong>VIENNENSIS</strong></span> 
     </span>
    </p>
   </div>
   <div class='ocr_carea' id='block_1_3' title="bbox 3638 170 3763 225">
    <p class='ocr_par' dir='ltr' id='par_1_3' title="bbox 3638 170 3763 225">
     <span class='ocr_line' id='line_1_3' title="bbox 3638 170 3763 225; baseline -0.008 0"><span class='ocrx_word' id='word_1_6' title='bbox 3638 170 3763 225; x_wconf 70' lang='grc'><strong>294</strong></span> 
     </span>
    </p>
   </div>
   <div class='ocr_carea' id='block_1_4' title="bbox 355 290 3760 389">
    <p class='ocr_par' dir='ltr' id='par_1_4' title="bbox 355 290 3760 389">
     <span class='ocr_line' id='line_1_4' title="bbox 355 290 3760 389; baseline -0.008 -15"><span class='ocrx_word' id='word_1_7' title='bbox 355 333 428 374; x_wconf 89' lang='lat' dir='ltr'><strong>na</strong></span> <span class='ocrx_word' id='word_1_8' title='bbox 457 330 560 389; x_wconf 91' lang='lat' dir='ltr'><strong>per</strong></span> <span class='ocrx_word' id='word_1_9' title='bbox 597 313 824 372; x_wconf 90' lang='lat' dir='ltr'><strong>diversa</strong></span> <span class='ocrx_word' id='word_1_10' title='bbox 860 312 1147 367; x_wconf 91' lang='lat' dir='ltr'><strong>tormenta</strong></span> <span class='ocrx_word' id='word_1_11' title='bbox 1178 307 1518 379; x_wconf 78' lang='lat' dir='ltr'><strong>martyrium</strong></span> <span class='ocrx_word' id='word_1_12' title='bbox 1559 317 1992 362; x_wconf 85' lang='lat' dir='ltr'><strong>consummavc-</strong></span> <span class='ocrx_word' id='word_1_13' title='bbox 2022 297 2074 359; x_wconf 90' lang='lat' dir='ltr'><strong>A</strong></span> <span class='ocrx_word' id='word_1_14' title='bbox 2103 300 2196 354; x_wconf 82' lang='lat' dir='ltr'><strong>est</strong></span> <span class='ocrx_word' id='word_1_15' title='bbox 2229 296 2299 352; x_wconf 92' lang='lat' dir='ltr'><strong>ad</strong></span> <span class='ocrx_word' id='word_1_16' title='bbox 2333 295 2554 389; x_wconf 81' lang='lat' dir='ltr'><strong>insulas</strong></span> <span class='ocrx_word' id='word_1_17' title='bbox 2585 291 2933 389; x_wconf 77' lang='lat' dir='ltr'><strong>Palmarias:</strong></span> <span class='ocrx_word' id='word_1_18' title='bbox 2971 291 3068 389; x_wconf 72' lang='lat' dir='ltr'><strong>ubi</strong></span> <span class='ocrx_word' id='word_1_19' title='bbox 3101 305 3206 364; x_wconf 90' lang='lat' dir='ltr'><strong>per</strong></span> <span class='ocrx_word' id='word_1_20' title='bbox 3228 304 3452 389; x_wconf 83' lang='lat' dir='ltr'><strong>manus,</strong></span> <span class='ocrx_word' id='word_1_21' title='bbox 3476 293 3552 389; x_wconf 39' lang='lat' dir='ltr'><strong>et.</strong></span> <span class='ocrx_word' id='word_1_22' title='bbox 3567 290 3760 389; x_wconf 80' lang='lat' dir='ltr'><strong>pedes</strong></span> 
     </span>
    </p>
   </div>
   <div class='ocr_carea' id='block_1_5' title="bbox 357 410 1995 560">
    <p class='ocr_par' dir='ltr' id='par_1_5' title="bbox 357 410 1995 560">
     <span class='ocr_line' id='line_1_5' title="bbox 357 410 1995 560; baseline -0.006 -10"><span class='ocrx_word' id='word_1_23' title='bbox 357 410 633 549; x_wconf 50' lang='lat' dir='ltr'><strong>l‘ulgttidem</strong></span> <span class='ocrx_word' id='word_1_24' title='bbox 662 489 775 560; x_wconf 90' lang='lat' dir='ltr'><strong>die,</strong></span> <span class='ocrx_word' id='word_1_25' title='bbox 810 487 960 560; x_wconf 89' lang='lat' dir='ltr'><strong>apud</strong></span> <span class='ocrx_word' id='word_1_26' title='bbox 993 486 1288 560; x_wconf 90' lang='lat' dir='ltr'><strong>Spoletum</strong></span> <span class='ocrx_word' id='word_1_27' title='bbox 1319 485 1616 542; x_wconf 89' lang='lat' dir='ltr'><strong>civitatem</strong></span> <span class='ocrx_word' id='word_1_28' title='bbox 1635 484 1872 555; x_wconf 72' lang='lat' dir='ltr'><strong>Tusciae,</strong></span> <span class='ocrx_word' id='word_1_29' title='bbox 1899 500 1995 541; x_wconf 90' lang='lat' dir='ltr'><strong>ua-</strong></span> 
     </span>
    </p>
   </div>
   <div class='ocr_carea' id='block_1_6' title="bbox 351 573 1995 648">
    <p class='ocr_par' dir='ltr' id='par_1_6' title="bbox 351 573 1995 648">
     <span class='ocr_line' id='line_1_6' title="bbox 351 573 1995 648; baseline -0.004 -11"><span class='ocrx_word' id='word_1_30' title='bbox 351 580 469 638; x_wconf 83' lang='lat' dir='ltr'><strong>tale</strong></span> <span class='ocrx_word' id='word_1_31' title='bbox 499 579 683 637; x_wconf 81' lang='lat' dir='ltr'><strong>sancti</strong></span> <span class='ocrx_word' id='word_1_32' title='bbox 716 577 976 648; x_wconf 83' lang='lat' dir='ltr'><strong>Gregorii</strong></span> <span class='ocrx_word' id='word_1_33' title='bbox 1008 576 1280 646; x_wconf 77' lang='lat' dir='ltr'><strong>martyris</strong></span> <span class='ocrx_word' id='word_1_34' title='bbox 1309 579 1370 631; x_wconf 90' lang='lat' dir='ltr'><strong>et</strong></span> <span class='ocrx_word' id='word_1_35' title='bbox 1399 573 1746 646; x_wconf 91' lang='lat' dir='ltr'><strong>presbyteri,</strong></span> <span class='ocrx_word' id='word_1_36' title='bbox 1773 577 1995 644; x_wconf 91' lang='lat' dir='ltr'><strong>tempo-</strong></span> 
     </span>
    </p>
   </div>
   <div class='ocr_carea' id='block_1_7' title="bbox 353 663 1994 740">
    <p class='ocr_par' dir='ltr' id='par_1_7' title="bbox 353 663 1994 740">
     <span class='ocr_line' id='line_1_7' title="bbox 353 663 1994 740; baseline -0.003 -15"><span class='ocrx_word' id='word_1_37' title='bbox 353 669 516 726; x_wconf 85' lang='lat' dir='ltr'><strong>ribus</strong></span> <span class='ocrx_word' id='word_1_38' title='bbox 563 667 904 724; x_wconf 80' lang='lat' dir='ltr'><strong>Diocletiani</strong></span> <span class='ocrx_word' id='word_1_39' title='bbox 950 669 1014 740; x_wconf 83' lang='lat' dir='ltr'><strong>et</strong></span> <span class='ocrx_word' id='word_1_40' title='bbox 1052 663 1374 720; x_wconf 82' lang='lat' dir='ltr'><strong>Maximiani</strong></span> <span class='ocrx_word' id='word_1_41' title='bbox 1418 664 1853 735; x_wconf 73' lang='lat' dir='ltr'><strong>imperatorum,</strong></span> <span class='ocrx_word' id='word_1_42' title='bbox 1885 664 1994 720; x_wconf 90' lang='lat' dir='ltr'><strong>sub</strong></span> 
     </span>
    </p>
   </div>
   <div class='ocr_carea' id='block_1_8' title="bbox 345 752 1993 828">
    <p class='ocr_par' dir='ltr' id='par_1_8' title="bbox 345 752 1993 828">
     <span class='ocr_line' id='line_1_8' title="bbox 345 752 1993 828; baseline -0.004 -14"><span class='ocrx_word' id='word_1_43' title='bbox 345 757 542 828; x_wconf 87' lang='lat' dir='ltr'><strong>judice</strong></span> <span class='ocrx_word' id='word_1_44' title='bbox 570 757 790 813; x_wconf 82' lang='lat' dir='ltr'><strong>Flacco.</strong></span> <span class='ocrx_word' id='word_1_45' title='bbox 818 755 996 822; x_wconf 91' lang='lat' dir='ltr'><strong>Quem</strong></span> <span class='ocrx_word' id='word_1_46' title='bbox 1021 753 1089 810; x_wconf 89' lang='lat' dir='ltr'><strong>ad</strong></span> <span class='ocrx_word' id='word_1_47' title='bbox 1111 768 1173 810; x_wconf 91' lang='lat' dir='ltr'><strong>se</strong></span> <span class='ocrx_word' id='word_1_48' title='bbox 1197 752 1511 810; x_wconf 90' lang='lat' dir='ltr'><strong>adductum</strong></span> <span class='ocrx_word' id='word_1_49' title='bbox 1532 753 1610 808; x_wconf 87' lang='lat' dir='ltr'><strong>ita</strong></span> <span class='ocrx_word' id='word_1_50' title='bbox 1645 752 1882 808; x_wconf 90' lang='lat' dir='ltr'><strong>Flaccus</strong></span> <span class='ocrx_word' id='word_1_51' title='bbox 1899 767 1993 822; x_wconf 88' lang='lat' dir='ltr'><strong>ag-</strong></span> 
     </span>
    </p>
   </div>
   <div class='ocr_carea' id='block_1_9' title="bbox 351 841 1994 917">
    <p class='ocr_par' dir='ltr' id='par_1_9' title="bbox 351 841 1994 917">
     <span class='ocr_line' id='line_1_9' title="bbox 351 841 1994 917; baseline -0.003 -15"><span class='ocrx_word' id='word_1_52' title='bbox 351 845 621 917; x_wconf 83' lang='lat' dir='ltr'><strong>greditur</strong></span> <span class='ocrx_word' id='word_1_53' title='bbox 649 865 662 901; x_wconf 90' lang='lat'>:</span> <span class='ocrx_word' id='word_1_54' title='bbox 691 847 768 902; x_wconf 93' lang='lat' dir='ltr'><strong>Tu</strong></span> <span class='ocrx_word' id='word_1_55' title='bbox 799 843 1036 900; x_wconf 87' lang='lat' dir='ltr'><strong>rebellis</strong></span> <span class='ocrx_word' id='word_1_56' title='bbox 1061 857 1124 900; x_wconf 90' lang='lat' dir='ltr'><strong>es</strong></span> <span class='ocrx_word' id='word_1_57' title='bbox 1143 843 1402 913; x_wconf 91' lang='lat' dir='ltr'><strong>deorum,</strong></span> <span class='ocrx_word' id='word_1_58' title='bbox 1423 846 1484 899; x_wconf 88' lang='lat' dir='ltr'><strong>et</strong></span> <span class='ocrx_word' id='word_1_59' title='bbox 1512 841 1836 913; x_wconf 86' lang='lat' dir='ltr'><strong>principum</strong></span> <span class='ocrx_word' id='word_1_60' title='bbox 1857 857 1994 898; x_wconf 90' lang='lat' dir='ltr'><strong>con-</strong></span> 
     </span>
    </p>
   </div>
   <div class='ocr_carea' id='block_1_10' title="bbox 351 931 1992 1006">
    <p class='ocr_par' dir='ltr' id='par_1_10' title="bbox 351 931 1992 1006">
     <span class='ocr_line' id='line_1_10' title="bbox 351 931 1992 1006; baseline -0.002 -16"><span class='ocrx_word' id='word_1_61' title='bbox 351 935 642 1006; x_wconf 87' lang='lat' dir='ltr'><strong>temptor?</strong></span> <span class='ocrx_word' id='word_1_62' title='bbox 671 933 772 990; x_wconf 91' lang='lat' dir='ltr'><strong>Cui</strong></span> <span class='ocrx_word' id='word_1_63' title='bbox 802 935 1008 989; x_wconf 91' lang='lat' dir='ltr'><strong>beatus</strong></span> <span class='ocrx_word' id='word_1_64' title='bbox 1038 932 1350 1002; x_wconf 89' lang='lat' dir='ltr'><strong>Gregorius</strong></span> <span class='ocrx_word' id='word_1_65' title='bbox 1389 931 1686 1002; x_wconf 84' lang='lat' dir='ltr'><strong>respondit</strong></span> <span class='ocrx_word' id='word_1_66' title='bbox 1721 951 1732 986; x_wconf 94' lang='lat'>:</span> <span class='ocrx_word' id='word_1_67' title='bbox 1771 931 1824 986; x_wconf 93' lang='lat' dir='ltr'><strong>Si</strong></span> <span class='ocrx_word' id='word_1_68' title='bbox 1854 946 1992 988; x_wconf 89' lang='lat' dir='ltr'><strong>vere</strong></span> 
     </span>
    </p>
   </div>
   <div class='ocr_carea' id='block_1_11' title="bbox 350 1021 1994 1093">
    <p class='ocr_par' dir='ltr' id='par_1_11' title="bbox 350 1021 1994 1093">
     <span class='ocr_line' id='line_1_11' title="bbox 350 1021 1994 1093; baseline -0.002 -14"><span class='ocrx_word' id='word_1_69' title='bbox 350 1023 440 1080; x_wconf 89' lang='lat' dir='ltr'><strong>vis</strong></span> <span class='ocrx_word' id='word_1_70' title='bbox 466 1023 634 1093; x_wconf 89' lang='lat' dir='ltr'><strong>scire,</strong></span> <span class='ocrx_word' id='word_1_71' title='bbox 666 1023 738 1078; x_wconf 90' lang='lat' dir='ltr'><strong>ab</strong></span> <span class='ocrx_word' id='word_1_72' title='bbox 765 1021 1005 1078; x_wconf 84' lang='lat' dir='ltr'><strong>infantia</strong></span> <span class='ocrx_word' id='word_1_73' title='bbox 1037 1036 1162 1077; x_wconf 90' lang='lat' dir='ltr'><strong>mea</strong></span> <span class='ocrx_word' id='word_1_74' title='bbox 1211 1021 1466 1090; x_wconf 78' lang='lat' dir='ltr'><strong>nundum</strong></span> <span class='ocrx_word' id='word_1_75' title='bbox 1509 1036 1539 1076; x_wconf 93' lang='lat' dir='ltr'><strong>a</strong></span> <span class='ocrx_word' id='word_1_76' title='bbox 1587 1022 1704 1076; x_wconf 91' lang='lat' dir='ltr'><strong>Deo</strong></span> <span class='ocrx_word' id='word_1_77' title='bbox 1750 1035 1876 1077; x_wconf 92' lang='lat' dir='ltr'><strong>meo</strong></span> <span class='ocrx_word' id='word_1_78' title='bbox 1906 1037 1994 1076; x_wconf 91' lang='lat' dir='ltr'><strong>rc-</strong></span> 
     </span>
    </p>
   </div>
   <div class='ocr_carea' id='block_1_12' title="bbox 351 1109 1993 1182">
    <p class='ocr_par' dir='ltr' id='par_1_12' title="bbox 351 1109 1993 1182">
     <span class='ocr_line' id='line_1_12' title="bbox 351 1109 1993 1182; baseline -0.001 -14"><span class='ocrx_word' id='word_1_79' title='bbox 351 1111 520 1182; x_wconf 91' lang='lat' dir='ltr'><strong>cessi,</strong></span> <span class='ocrx_word' id='word_1_80' title='bbox 553 1111 648 1182; x_wconf 89' lang='lat' dir='ltr'><strong>qui</strong></span> <span class='ocrx_word' id='word_1_81' title='bbox 679 1125 766 1166; x_wconf 90' lang='lat' dir='ltr'><strong>me</strong></span> <span class='ocrx_word' id='word_1_82' title='bbox 796 1125 868 1167; x_wconf 90' lang='lat' dir='ltr'><strong>ex</strong></span> <span class='ocrx_word' id='word_1_83' title='bbox 896 1109 1034 1166; x_wconf 90' lang='lat' dir='ltr'><strong>limo</strong></span> <span class='ocrx_word' id='word_1_84' title='bbox 1057 1114 1235 1167; x_wconf 64' lang='lat' dir='ltr'><strong>terrae</strong></span> <span class='ocrx_word' id='word_1_85' title='bbox 1272 1110 1558 1166; x_wconf 83' lang='lat' dir='ltr'><strong>formavit.</strong></span> <span class='ocrx_word' id='word_1_86' title='bbox 1589 1111 1844 1180; x_wconf 90' lang='lat' dir='ltr'><strong>Cumque</strong></span> <span class='ocrx_word' id='word_1_87' title='bbox 1867 1126 1993 1182; x_wconf 84' lang='lat' dir='ltr'><strong>per-</strong></span> 
     </span>
    </p>
   </div>
   <div class='ocr_carea' id='block_1_13' title="bbox 353 1198 1994 1269">
    <p class='ocr_par' dir='ltr' id='par_1_13' title="bbox 353 1198 1994 1269">
     <span class='ocr_line' id='line_1_13' title="bbox 353 1198 1994 1269; baseline -0.002 -12"><span class='ocrx_word' id='word_1_88' title='bbox 353 1199 856 1257; x_wconf 88' lang='lat' dir='ltr'><strong>severantissimus</strong></span> <span class='ocrx_word' id='word_1_89' title='bbox 884 1199 938 1256; x_wconf 88' lang='lat' dir='ltr'><strong>in</strong></span> <span class='ocrx_word' id='word_1_90' title='bbox 974 1199 1085 1256; x_wconf 87' lang='lat' dir='ltr'><strong>ﬁde</strong></span> <span class='ocrx_word' id='word_1_91' title='bbox 1113 1198 1494 1256; x_wconf 83' lang='lat' dir='ltr'><strong>confessionis</strong></span> <span class='ocrx_word' id='word_1_92' title='bbox 1517 1203 1797 1269; x_wconf 90' lang='lat' dir='ltr'><strong>maneret,</strong></span> <span class='ocrx_word' id='word_1_93' title='bbox 1832 1200 1994 1256; x_wconf 88' lang='lat' dir='ltr'><strong>fusti-</strong></span> 
     </span>
    </p>
   </div>
   <div class='ocr_carea' id='block_1_14' title="bbox 353 1287 1994 1359">
    <p class='ocr_par' dir='ltr' id='par_1_14' title="bbox 353 1287 1994 1359">
     <span class='ocr_line' id='line_1_14' title="bbox 353 1287 1994 1359; baseline 0 -15"><span class='ocrx_word' id='word_1_94' title='bbox 353 1289 462 1344; x_wconf 88' lang='lat' dir='ltr'><strong>bus</strong></span> <span class='ocrx_word' id='word_1_95' title='bbox 480 1287 712 1345; x_wconf 91' lang='lat' dir='ltr'><strong>nodosis</strong></span> <span class='ocrx_word' id='word_1_96' title='bbox 730 1288 963 1344; x_wconf 89' lang='lat' dir='ltr'><strong>dorsum</strong></span> <span class='ocrx_word' id='word_1_97' title='bbox 983 1287 1108 1357; x_wconf 90' lang='lat' dir='ltr'><strong>ejus</strong></span> <span class='ocrx_word' id='word_1_98' title='bbox 1129 1287 1465 1359; x_wconf 86' lang='lat' dir='ltr'><strong>dissipatur.</strong></span> <span class='ocrx_word' id='word_1_99' title='bbox 1485 1287 1620 1344; x_wconf 87' lang='lat' dir='ltr'><strong>lnde</strong></span> <span class='ocrx_word' id='word_1_100' title='bbox 1645 1287 1859 1356; x_wconf 89' lang='lat' dir='ltr'><strong>ligatus</strong></span> <span class='ocrx_word' id='word_1_101' title='bbox 1881 1304 1994 1344; x_wconf 89' lang='lat' dir='ltr'><strong>ma-</strong></span> 
     </span>
    </p>
   </div>
   <div class='ocr_carea' id='block_1_15' title="bbox 352 1375 1995 1450">
    <p class='ocr_par' dir='ltr' id='par_1_15' title="bbox 352 1375 1995 1450">
     <span class='ocr_line' id='line_1_15' title="bbox 352 1375 1995 1450; baseline 0.001 -17"><span class='ocrx_word' id='word_1_102' title='bbox 352 1389 462 1433; x_wconf 92' lang='lat' dir='ltr'><strong>nus</strong></span> <span class='ocrx_word' id='word_1_103' title='bbox 493 1380 550 1432; x_wconf 90' lang='lat' dir='ltr'><strong>et</strong></span> <span class='ocrx_word' id='word_1_104' title='bbox 578 1377 777 1448; x_wconf 89' lang='lat' dir='ltr'><strong>pedes,</strong></span> <span class='ocrx_word' id='word_1_105' title='bbox 805 1376 857 1430; x_wconf 92' lang='lat' dir='ltr'><strong>in</strong></span> <span class='ocrx_word' id='word_1_106' title='bbox 885 1375 1168 1432; x_wconf 90' lang='lat' dir='ltr'><strong>craticula</strong></span> <span class='ocrx_word' id='word_1_107' title='bbox 1195 1376 1635 1448; x_wconf 90' lang='lat' dir='ltr'><strong>superponitur,</strong></span> <span class='ocrx_word' id='word_1_108' title='bbox 1661 1375 1835 1446; x_wconf 84' lang='lat' dir='ltr'><strong>lignis</strong></span> <span class='ocrx_word' id='word_1_109' title='bbox 1859 1392 1995 1450; x_wconf 89' lang='lat' dir='ltr'><strong>sup-</strong></span> 
     </span>
    </p>
   </div>
   <div class='ocr_carea' id='block_1_16' title="bbox 352 1464 1991 1536">
    <p class='ocr_par' dir='ltr' id='par_1_16' title="bbox 352 1464 1991 1536">
     <span class='ocr_line' id='line_1_16' title="bbox 352 1464 1991 1536; baseline 0.001 -15"><span class='ocrx_word' id='word_1_110' title='bbox 352 1465 581 1536; x_wconf 90' lang='lat' dir='ltr'><strong>positis.</strong></span> <span class='ocrx_word' id='word_1_111' title='bbox 617 1467 685 1520; x_wconf 86' lang='lat' dir='ltr'><strong>Et</strong></span> <span class='ocrx_word' id='word_1_112' title='bbox 717 1464 992 1520; x_wconf 90' lang='lat' dir='ltr'><strong>continuo</strong></span> <span class='ocrx_word' id='word_1_113' title='bbox 1015 1468 1354 1522; x_wconf 65' lang='lat' dir='ltr'><strong>terrmmotu</strong></span> <span class='ocrx_word' id='word_1_114' title='bbox 1380 1464 1592 1522; x_wconf 89' lang='lat' dir='ltr'><strong>cecidit</strong></span> <span class='ocrx_word' id='word_1_115' title='bbox 1617 1480 1727 1522; x_wconf 88' lang='lat' dir='ltr'><strong>una</strong></span> <span class='ocrx_word' id='word_1_116' title='bbox 1753 1467 1912 1536; x_wconf 89' lang='lat' dir='ltr'><strong>regio</strong></span> <span class='ocrx_word' id='word_1_117' title='bbox 1937 1467 1991 1522; x_wconf 93' lang='lat' dir='ltr'><strong>in</strong></span> 
     </span>
    </p>
   </div>
   <div class='ocr_carea' id='block_1_17' title="bbox 351 1552 1995 1625">
    <p class='ocr_par' dir='ltr' id='par_1_17' title="bbox 351 1552 1995 1625">
     <span class='ocr_line' id='line_1_17' title="bbox 351 1552 1995 1625; baseline 0.002 -15"><span class='ocrx_word' id='word_1_118' title='bbox 351 1553 589 1611; x_wconf 88' lang='lat' dir='ltr'><strong>civitate</strong></span> <span class='ocrx_word' id='word_1_119' title='bbox 621 1552 952 1624; x_wconf 90' lang='lat' dir='ltr'><strong>Spoletana,</strong></span> <span class='ocrx_word' id='word_1_120' title='bbox 988 1557 1046 1608; x_wconf 92' lang='lat' dir='ltr'><strong>et</strong></span> <span class='ocrx_word' id='word_1_121' title='bbox 1095 1553 1391 1624; x_wconf 89' lang='lat' dir='ltr'><strong>oppressit</strong></span> <span class='ocrx_word' id='word_1_122' title='bbox 1425 1553 1733 1625; x_wconf 88' lang='lat' dir='ltr'><strong>plusquam</strong></span> <span class='ocrx_word' id='word_1_123' title='bbox 1767 1559 1995 1612; x_wconf 91' lang='lat' dir='ltr'><strong>trecen-</strong></span> 
     </span>
    </p>
   </div>
   <div class='ocr_carea' id='block_1_18' title="bbox 350 1641 2074 1716">
    <p class='ocr_par' dir='ltr' id='par_1_18' title="bbox 350 1641 2074 1716">
     <span class='ocr_line' id='line_1_18' title="bbox 350 1641 2074 1716; baseline 0.003 -20"><span class='ocrx_word' id='word_1_124' title='bbox 350 1644 444 1698; x_wconf 90' lang='lat' dir='ltr'><strong>tos</strong></span> <span class='ocrx_word' id='word_1_125' title='bbox 474 1641 734 1698; x_wconf 89' lang='lat' dir='ltr'><strong>homines</strong></span> <span class='ocrx_word' id='word_1_126' title='bbox 758 1641 929 1698; x_wconf 87' lang='lat' dir='ltr'><strong>idolis</strong></span> <span class='ocrx_word' id='word_1_127' title='bbox 965 1641 1311 1697; x_wconf 90' lang='lat' dir='ltr'><strong>servientes.</strong></span> <span class='ocrx_word' id='word_1_128' title='bbox 1348 1643 1486 1698; x_wconf 90' lang='lat' dir='ltr'><strong>Post</strong></span> <span class='ocrx_word' id='word_1_129' title='bbox 1521 1644 1677 1700; x_wconf 89' lang='lat' dir='ltr'><strong>ferro</strong></span> <span class='ocrx_word' id='word_1_130' title='bbox 1707 1645 1994 1702; x_wconf 90' lang='lat' dir='ltr'><strong>constric—</strong></span> <span class='ocrx_word' id='word_1_131' title='bbox 2020 1656 2074 1716; x_wconf 84' lang='grc' dir='ltr'>Β</span> 
     </span>
    </p>
   </div>
   <div class='ocr_carea' id='block_1_19' title="bbox 348 1729 1993 1805">
    <p class='ocr_par' dir='ltr' id='par_1_19' title="bbox 348 1729 1993 1805">
     <span class='ocr_line' id='line_1_19' title="bbox 348 1729 1993 1805; baseline 0.003 -20"><span class='ocrx_word' id='word_1_132' title='bbox 348 1733 468 1801; x_wconf 89' lang='lat' dir='ltr'><strong>tus,</strong></span> <span class='ocrx_word' id='word_1_133' title='bbox 495 1731 604 1786; x_wconf 88' lang='lat' dir='ltr'><strong>sub</strong></span> <span class='ocrx_word' id='word_1_134' title='bbox 629 1729 894 1786; x_wconf 90' lang='lat' dir='ltr'><strong>custodia</strong></span> <span class='ocrx_word' id='word_1_135' title='bbox 920 1729 1165 1786; x_wconf 91' lang='lat' dir='ltr'><strong>militum</strong></span> <span class='ocrx_word' id='word_1_136' title='bbox 1190 1729 1242 1785; x_wconf 93' lang='lat' dir='ltr'><strong>in</strong></span> <span class='ocrx_word' id='word_1_137' title='bbox 1268 1745 1506 1787; x_wconf 88' lang='lat' dir='ltr'><strong>carcere</strong></span> <span class='ocrx_word' id='word_1_138' title='bbox 1528 1731 1875 1805; x_wconf 88' lang='lat' dir='ltr'><strong>retruditur,</strong></span> <span class='ocrx_word' id='word_1_139' title='bbox 1895 1735 1993 1790; x_wconf 90' lang='lat' dir='ltr'><strong>ubi</strong></span> 
     </span>
    </p>
   </div>
   <div class='ocr_carea' id='block_1_20' title="bbox 349 1817 1989 1895">
    <p class='ocr_par' dir='ltr' id='par_1_20' title="bbox 349 1817 1989 1895">
     <span class='ocr_line' id='line_1_20' title="bbox 349 1817 1989 1895; baseline 0.003 -21"><span class='ocrx_word' id='word_1_140' title='bbox 349 1817 609 1887; x_wconf 86' lang='lat' dir='ltr'><strong>angelica</strong></span> <span class='ocrx_word' id='word_1_141' title='bbox 639 1817 977 1874; x_wconf 90' lang='lat' dir='ltr'><strong>visitatione</strong></span> <span class='ocrx_word' id='word_1_142' title='bbox 999 1819 1358 1876; x_wconf 89' lang='lat' dir='ltr'><strong>consolatur.</strong></span> <span class='ocrx_word' id='word_1_143' title='bbox 1393 1819 1655 1877; x_wconf 89' lang='lat' dir='ltr'><strong>Eductus</strong></span> <span class='ocrx_word' id='word_1_144' title='bbox 1678 1837 1709 1876; x_wconf 95' lang='lat' dir='ltr'><strong>e</strong></span> <span class='ocrx_word' id='word_1_145' title='bbox 1728 1836 1989 1895; x_wconf 89' lang='lat' dir='ltr'><strong>carcere,</strong></span> 
     </span>
    </p>
   </div>
   <div class='ocr_carea' id='block_1_21' title="bbox 293 1905 1995 1979">
    <p class='ocr_par' dir='ltr' id='par_1_21' title="bbox 293 1905 1995 1979">
     <span class='ocr_line' id='line_1_21' title="bbox 293 1905 1995 1979; baseline 0.002 -17"><span class='ocrx_word' id='word_1_146' title='bbox 293 1945 304 1951; x_wconf 58' lang='grc' dir='ltr'>ι</span> <span class='ocrx_word' id='word_1_147' title='bbox 348 1905 544 1962; x_wconf 89' lang='lat' dir='ltr'><strong>cardis</strong></span> <span class='ocrx_word' id='word_1_148' title='bbox 568 1907 776 1962; x_wconf 87' lang='lat' dir='ltr'><strong>ferreis</strong></span> <span class='ocrx_word' id='word_1_149' title='bbox 800 1907 852 1962; x_wconf 92' lang='lat' dir='ltr'><strong>in</strong></span> <span class='ocrx_word' id='word_1_150' title='bbox 877 1907 1126 1978; x_wconf 83' lang='lat' dir='ltr'><strong>genibus</strong></span> <span class='ocrx_word' id='word_1_151' title='bbox 1150 1907 1500 1979; x_wconf 91' lang='lat' dir='ltr'><strong>percutitur.</strong></span> <span class='ocrx_word' id='word_1_152' title='bbox 1524 1909 1632 1965; x_wconf 92' lang='lat' dir='ltr'><strong>Sed</strong></span> <span class='ocrx_word' id='word_1_153' title='bbox 1657 1913 1716 1966; x_wconf 92' lang='lat' dir='ltr'><strong>et</strong></span> <span class='ocrx_word' id='word_1_154' title='bbox 1741 1910 1995 1968; x_wconf 86' lang='lat' dir='ltr'><strong>ardenti-</strong></span> 
     </span>
    </p>
   </div>
   <div class='ocr_carea' id='block_1_22' title="bbox 349 1991 1992 2069">
    <p class='ocr_par' dir='ltr' id='par_1_22' title="bbox 349 1991 1992 2069">
     <span class='ocr_line' id='line_1_22' title="bbox 349 1991 1992 2069; baseline 0.004 -20"><span class='ocrx_word' id='word_1_155' title='bbox 349 1991 458 2050; x_wconf 88' lang='lat' dir='ltr'><strong>bus</strong></span> <span class='ocrx_word' id='word_1_156' title='bbox 501 1993 869 2065; x_wconf 86' lang='lat' dir='ltr'><strong>lampadibus</strong></span> <span class='ocrx_word' id='word_1_157' title='bbox 913 1995 1097 2051; x_wconf 90' lang='lat' dir='ltr'><strong>latera</strong></span> <span class='ocrx_word' id='word_1_158' title='bbox 1131 1995 1258 2065; x_wconf 90' lang='lat' dir='ltr'><strong>ejus</strong></span> <span class='ocrx_word' id='word_1_159' title='bbox 1297 1999 1433 2053; x_wconf 92' lang='lat' dir='ltr'><strong>sunt</strong></span> <span class='ocrx_word' id='word_1_160' title='bbox 1471 1996 1730 2069; x_wconf 89' lang='lat' dir='ltr'><strong>incensa,</strong></span> <span class='ocrx_word' id='word_1_161' title='bbox 1761 1997 1992 2057; x_wconf 90' lang='lat' dir='ltr'><strong>dicente</strong></span> 
     </span>
    </p>
   </div>
   <div class='ocr_carea' id='block_1_23' title="bbox 350 2079 1991 2158">
    <p class='ocr_par' dir='ltr' id='par_1_23' title="bbox 350 2079 1991 2158">
     <span class='ocr_line' id='line_1_23' title="bbox 350 2079 1991 2158; baseline 0.004 -21"><span class='ocrx_word' id='word_1_162' title='bbox 350 2079 521 2138; x_wconf 89' lang='lat' dir='ltr'><strong>beato</strong></span> <span class='ocrx_word' id='word_1_163' title='bbox 552 2085 806 2153; x_wconf 80' lang='lat' dir='ltr'><strong>martyre</strong></span> <span class='ocrx_word' id='word_1_164' title='bbox 832 2081 1206 2154; x_wconf 90' lang='lat' dir='ltr'><strong>impiojudici</strong></span> <span class='ocrx_word' id='word_1_165' title='bbox 1233 2103 1245 2138; x_wconf 93' lang='lat'>:</span> <span class='ocrx_word' id='word_1_166' title='bbox 1273 2083 1328 2138; x_wconf 91' lang='lat' dir='ltr'><strong>Si</strong></span> <span class='ocrx_word' id='word_1_167' title='bbox 1351 2088 1536 2141; x_wconf 91' lang='lat' dir='ltr'><strong>totum</strong></span> <span class='ocrx_word' id='word_1_168' title='bbox 1563 2101 1779 2158; x_wconf 89' lang='lat' dir='ltr'><strong>corpus</strong></span> <span class='ocrx_word' id='word_1_169' title='bbox 1803 2102 1991 2145; x_wconf 91' lang='lat' dir='ltr'><strong>meum</strong></span> 
     </span>
    </p>
   </div>
   <div class='ocr_carea' id='block_1_24' title="bbox 349 2169 1994 2242">
    <p class='ocr_par' dir='ltr' id='par_1_24' title="bbox 349 2169 1994 2242">
     <span class='ocr_line' id='line_1_24' title="bbox 349 2169 1994 2242; baseline 0.004 -16"><span class='ocrx_word' id='word_1_170' title='bbox 349 2169 811 2242; x_wconf 70' lang='lat' dir='ltr'><strong>perdas,praesto</strong></span> <span class='ocrx_word' id='word_1_171' title='bbox 823 2175 914 2228; x_wconf 89' lang='lat' dir='ltr'><strong>est</strong></span> <span class='ocrx_word' id='word_1_172' title='bbox 932 2171 1066 2226; x_wconf 91' lang='lat' dir='ltr'><strong>mihi</strong></span> <span class='ocrx_word' id='word_1_173' title='bbox 1083 2172 1343 2231; x_wconf 90' lang='lat' dir='ltr'><strong>medicus</strong></span> <span class='ocrx_word' id='word_1_174' title='bbox 1358 2173 1816 2232; x_wconf 89' lang='lat' dir='ltr'><strong>DominusIesus</strong></span> <span class='ocrx_word' id='word_1_175' title='bbox 1834 2177 1994 2232; x_wconf 91' lang='lat' dir='ltr'><strong>Chri-</strong></span> 
     </span>
    </p>
   </div>
   <div class='ocr_carea' id='block_1_25' title="bbox 349 2259 1992 2334">
    <p class='ocr_par' dir='ltr' id='par_1_25' title="bbox 349 2259 1992 2334">
     <span class='ocr_line' id='line_1_25' title="bbox 349 2259 1992 2334; baseline 0.005 -20"><span class='ocrx_word' id='word_1_176' title='bbox 349 2261 500 2328; x_wconf 86' lang='lat' dir='ltr'><strong>stus,</strong></span> <span class='ocrx_word' id='word_1_177' title='bbox 527 2259 624 2330; x_wconf 89' lang='lat' dir='ltr'><strong>qui</strong></span> <span class='ocrx_word' id='word_1_178' title='bbox 649 2273 738 2315; x_wconf 93' lang='lat' dir='ltr'><strong>me</strong></span> <span class='ocrx_word' id='word_1_179' title='bbox 770 2263 936 2316; x_wconf 90' lang='lat' dir='ltr'><strong>sanat</strong></span> <span class='ocrx_word' id='word_1_180' title='bbox 961 2264 1018 2315; x_wconf 93' lang='lat' dir='ltr'><strong>et</strong></span> <span class='ocrx_word' id='word_1_181' title='bbox 1043 2261 1404 2317; x_wconf 87' lang='lat' dir='ltr'><strong>corroborat.</strong></span> <span class='ocrx_word' id='word_1_182' title='bbox 1429 2263 1587 2318; x_wconf 90' lang='lat' dir='ltr'><strong>Tunc</strong></span> <span class='ocrx_word' id='word_1_183' title='bbox 1608 2263 1849 2322; x_wconf 87' lang='lat' dir='ltr'><strong>Flaccus</strong></span> <span class='ocrx_word' id='word_1_184' title='bbox 1869 2265 1992 2334; x_wconf 91' lang='lat' dir='ltr'><strong>jus-</strong></span> 
     </span>
    </p>
   </div>
   <div class='ocr_carea' id='block_1_26' title="bbox 349 2345 1990 2420">
    <p class='ocr_par' dir='ltr' id='par_1_26' title="bbox 349 2345 1990 2420">
     <span class='ocr_line' id='line_1_26' title="bbox 349 2345 1990 2420; baseline 0.005 -18"><span class='ocrx_word' id='word_1_185' title='bbox 349 2345 425 2402; x_wconf 86' lang='lat' dir='ltr'><strong>sit</strong></span> <span class='ocrx_word' id='word_1_186' title='bbox 456 2347 714 2418; x_wconf 89' lang='lat' dir='ltr'><strong>Tyrcano</strong></span> <span class='ocrx_word' id='word_1_187' title='bbox 745 2347 993 2419; x_wconf 90' lang='lat' dir='ltr'><strong>cuidam,</strong></span> <span class='ocrx_word' id='word_1_188' title='bbox 1017 2351 1081 2405; x_wconf 88' lang='lat' dir='ltr'><strong>ut</strong></span> <span class='ocrx_word' id='word_1_189' title='bbox 1116 2349 1348 2406; x_wconf 88' lang='lat' dir='ltr'><strong>beatum</strong></span> <span class='ocrx_word' id='word_1_190' title='bbox 1373 2351 1711 2420; x_wconf 83' lang='lat' dir='ltr'><strong>Gregorium</strong></span> <span class='ocrx_word' id='word_1_191' title='bbox 1737 2357 1990 2410; x_wconf 90' lang='lat' dir='ltr'><strong>tractum</strong></span> 
     </span>
    </p>
   </div>
   <div class='ocr_carea' id='block_1_27' title="bbox 348 2431 1993 2513">
    <p class='ocr_par' dir='ltr' id='par_1_27' title="bbox 348 2431 1993 2513">
     <span class='ocr_line' id='line_1_27' title="bbox 348 2431 1993 2513; baseline 0.007 -24"><span class='ocrx_word' id='word_1_192' title='bbox 348 2431 404 2490; x_wconf 91' lang='lat' dir='ltr'><strong>in</strong></span> <span class='ocrx_word' id='word_1_193' title='bbox 429 2433 856 2506; x_wconf 86' lang='lat' dir='ltr'><strong>amphitheatro</strong></span> <span class='ocrx_word' id='word_1_194' title='bbox 879 2435 1219 2493; x_wconf 88' lang='lat' dir='ltr'><strong>decollaret.</strong></span> <span class='ocrx_word' id='word_1_195' title='bbox 1247 2437 1370 2504; x_wconf 92' lang='lat' dir='ltr'><strong>Quo</strong></span> <span class='ocrx_word' id='word_1_196' title='bbox 1395 2439 1566 2510; x_wconf 87' lang='lat' dir='ltr'><strong>facto,</strong></span> <span class='ocrx_word' id='word_1_197' title='bbox 1587 2439 1767 2510; x_wconf 89' lang='lat' dir='ltr'><strong>jussit</strong></span> <span class='ocrx_word' id='word_1_198' title='bbox 1789 2443 1993 2513; x_wconf 89' lang='lat' dir='ltr'><strong>Tyrca-</strong></span> 
     </span>
    </p>
   </div>
   <div class='ocr_carea' id='block_1_28' title="bbox 349 2523 1992 2602">
    <p class='ocr_par' dir='ltr' id='par_1_28' title="bbox 349 2523 1992 2602">
     <span class='ocr_line' id='line_1_28' title="bbox 349 2523 1992 2602; baseline 0.005 -24"><span class='ocrx_word' id='word_1_199' title='bbox 349 2535 459 2579; x_wconf 85' lang='lat' dir='ltr'><strong>nus</strong></span> <span class='ocrx_word' id='word_1_200' title='bbox 484 2523 636 2580; x_wconf 86' lang='lat' dir='ltr'><strong>feras</strong></span> <span class='ocrx_word' id='word_1_201' title='bbox 661 2523 957 2581; x_wconf 87' lang='lat' dir='ltr'><strong>terribiles</strong></span> <span class='ocrx_word' id='word_1_202' title='bbox 981 2525 1214 2597; x_wconf 89' lang='lat' dir='ltr'><strong>dimitti,</strong></span> <span class='ocrx_word' id='word_1_203' title='bbox 1242 2530 1304 2582; x_wconf 90' lang='lat' dir='ltr'><strong>ut</strong></span> <span class='ocrx_word' id='word_1_204' title='bbox 1329 2542 1544 2600; x_wconf 91' lang='lat' dir='ltr'><strong>corpus</strong></span> <span class='ocrx_word' id='word_1_205' title='bbox 1568 2530 1756 2586; x_wconf 89' lang='lat' dir='ltr'><strong>sancti</strong></span> <span class='ocrx_word' id='word_1_206' title='bbox 1781 2534 1992 2602; x_wconf 88' lang='lat' dir='ltr'><strong>marty-</strong></span> 
     </span>
    </p>
   </div>
   <div class='ocr_carea' id='block_1_29' title="bbox 347 2609 1988 2689">
    <p class='ocr_par' dir='ltr' id='par_1_29' title="bbox 347 2609 1988 2689">
     <span class='ocr_line' id='line_1_29' title="bbox 347 2609 1988 2689; baseline 0.006 -23"><span class='ocrx_word' id='word_1_207' title='bbox 347 2609 430 2666; x_wconf 87' lang='lat' dir='ltr'><strong>ris</strong></span> <span class='ocrx_word' id='word_1_208' title='bbox 459 2611 844 2670; x_wconf 86' lang='lat' dir='ltr'><strong>absorberent</strong></span> <span class='ocrx_word' id='word_1_209' title='bbox 880 2633 893 2668; x_wconf 90' lang='lat'>:</span> <span class='ocrx_word' id='word_1_210' title='bbox 929 2614 1031 2670; x_wconf 88' lang='lat' dir='ltr'><strong>sed</strong></span> <span class='ocrx_word' id='word_1_211' title='bbox 1063 2613 1220 2670; x_wconf 91' lang='lat' dir='ltr'><strong>nulla</strong></span> <span class='ocrx_word' id='word_1_212' title='bbox 1244 2629 1442 2671; x_wconf 87' lang='lat' dir='ltr'><strong>earum</strong></span> <span class='ocrx_word' id='word_1_213' title='bbox 1475 2633 1691 2689; x_wconf 88' lang='lat' dir='ltr'><strong>corpus</strong></span> <span class='ocrx_word' id='word_1_214' title='bbox 1723 2623 1988 2676; x_wconf 89' lang='lat' dir='ltr'><strong>sanctum</strong></span> 
     </span>
    </p>
   </div>
   <div class='ocr_carea' id='block_1_30' title="bbox 272 2699 1986 2778">
    <p class='ocr_par' dir='ltr' id='par_1_30' title="bbox 272 2699 1986 2778">
     <span class='ocr_line' id='line_1_30' title="bbox 272 2699 1986 2778; baseline 0.006 -25"><span class='ocrx_word' id='word_1_215' title='bbox 272 2765 282 2772; x_wconf 33' lang='grc' dir='ltr'><strong><em>η</em></strong></span> <span class='ocrx_word' id='word_1_216' title='bbox 348 2699 562 2770; x_wconf 89' lang='lat' dir='ltr'><strong>attigit.</strong></span> <span class='ocrx_word' id='word_1_217' title='bbox 593 2701 865 2767; x_wconf 63' lang='lat' dir='ltr'><strong>Quaedam</strong></span> <span class='ocrx_word' id='word_1_218' title='bbox 885 2705 1076 2758; x_wconf 89' lang='lat' dir='ltr'><strong>autem</strong></span> <span class='ocrx_word' id='word_1_219' title='bbox 1098 2702 1326 2774; x_wconf 89' lang='lat' dir='ltr'><strong>mulier,</strong></span> <span class='ocrx_word' id='word_1_220' title='bbox 1347 2706 1712 2762; x_wconf 80' lang='lat' dir='ltr'><strong>Abundantia</strong></span> <span class='ocrx_word' id='word_1_221' title='bbox 1739 2707 1986 2778; x_wconf 90' lang='lat' dir='ltr'><strong>nomine,</strong></span> 
     </span>
    </p>
   </div>
   <div class='ocr_carea' id='block_1_31' title="bbox 347 2788 1992 2867">
    <p class='ocr_par' dir='ltr' id='par_1_31' title="bbox 347 2788 1992 2867">
     <span class='ocr_line' id='line_1_31' title="bbox 347 2788 1992 2867; baseline 0.005 -23"><span class='ocrx_word' id='word_1_222' title='bbox 347 2788 553 2859; x_wconf 89' lang='lat' dir='ltr'><strong>petivit</strong></span> <span class='ocrx_word' id='word_1_223' title='bbox 583 2804 798 2861; x_wconf 90' lang='lat' dir='ltr'><strong>corpus</strong></span> <span class='ocrx_word' id='word_1_224' title='bbox 830 2791 1105 2861; x_wconf 79' lang='lat' dir='ltr'><strong>martyris</strong></span> <span class='ocrx_word' id='word_1_225' title='bbox 1132 2810 1144 2847; x_wconf 87' lang='lat'><strong>:</strong></span> <span class='ocrx_word' id='word_1_226' title='bbox 1173 2792 1275 2848; x_wconf 90' lang='lat' dir='ltr'><strong>sed</strong></span> <span class='ocrx_word' id='word_1_227' title='bbox 1309 2793 1442 2864; x_wconf 88' lang='lat' dir='ltr'><strong>quia</strong></span> <span class='ocrx_word' id='word_1_228' title='bbox 1474 2809 1584 2851; x_wconf 91' lang='lat' dir='ltr'><strong>non</strong></span> <span class='ocrx_word' id='word_1_229' title='bbox 1622 2795 1809 2867; x_wconf 90' lang='lat' dir='ltr'><strong>potuit</strong></span> <span class='ocrx_word' id='word_1_230' title='bbox 1842 2796 1992 2854; x_wconf 89' lang='lat' dir='ltr'><strong>obti-</strong></span> 
     </span>
    </p>
   </div>
   <div class='ocr_carea' id='block_1_32' title="bbox 345 2875 1990 2956">
    <p class='ocr_par' dir='ltr' id='par_1_32' title="bbox 345 2875 1990 2956">
     <span class='ocr_line' id='line_1_32' title="bbox 345 2875 1990 2956; baseline 0.007 -26"><span class='ocrx_word' id='word_1_231' title='bbox 345 2890 484 2932; x_wconf 87' lang='lat' dir='ltr'><strong>nere</strong></span> <span class='ocrx_word' id='word_1_232' title='bbox 520 2875 710 2948; x_wconf 86' lang='lat' dir='ltr'><strong>aliter,</strong></span> <span class='ocrx_word' id='word_1_233' title='bbox 755 2877 907 2936; x_wconf 88' lang='lat' dir='ltr'><strong>datis</strong></span> <span class='ocrx_word' id='word_1_234' title='bbox 946 2879 1186 2950; x_wconf 83' lang='lat' dir='ltr'><strong>triginta</strong></span> <span class='ocrx_word' id='word_1_235' title='bbox 1229 2881 1484 2952; x_wconf 91' lang='lat' dir='ltr'><strong>quinque</strong></span> <span class='ocrx_word' id='word_1_236' title='bbox 1515 2884 1713 2941; x_wconf 88' lang='lat' dir='ltr'><strong>aureis</strong></span> <span class='ocrx_word' id='word_1_237' title='bbox 1735 2887 1990 2956; x_wconf 90' lang='lat' dir='ltr'><strong>Tyrcano</strong></span> 
     </span>
    </p>
   </div>
   <div class='ocr_carea' id='block_1_33' title="bbox 343 2967 2071 3072">
    <p class='ocr_par' dir='ltr' id='par_1_33' title="bbox 343 2967 2071 3072">
     <span class='ocr_line' id='line_1_33' title="bbox 343 2967 2071 3072; baseline 0.004 -51"><span class='ocrx_word' id='word_1_238' title='bbox 343 2979 558 3072; x_wconf 80' lang='lat' dir='ltr'><strong>corpus</strong></span> <span class='ocrx_word' id='word_1_239' title='bbox 603 2967 828 3072; x_wconf 69' lang='lat' dir='ltr'><strong>recepit</strong></span> <span class='ocrx_word' id='word_1_240' title='bbox 873 2971 962 3072; x_wconf 45' lang='lat' dir='ltr'><strong>et,‘</strong></span> <span class='ocrx_word' id='word_1_241' title='bbox 999 2971 1062 3024; x_wconf 91' lang='lat' dir='ltr'><strong>ut</strong></span> <span class='ocrx_word' id='word_1_242' title='bbox 1109 2969 1304 3068; x_wconf 80' lang='lat' dir='ltr'><strong>decuit</strong></span> <span class='ocrx_word' id='word_1_243' title='bbox 1356 2975 1668 3042; x_wconf 88' lang='lat' dir='ltr'><strong>martyrem</strong></span> <span class='ocrx_word' id='word_1_244' title='bbox 1718 2973 1990 3046; x_wconf 87' lang='lat' dir='ltr'><strong>sepelivit</strong></span> <span class='ocrx_word' id='word_1_245' title='bbox 2021 3009 2071 3072; x_wconf 59' lang='grc' dir='ltr'>ϐ</span> 
     </span>
    </p>
   </div>
   <div class='ocr_carea' id='block_1_34' title="bbox 338 3051 1990 3130">
    <p class='ocr_par' dir='ltr' id='par_1_34' title="bbox 338 3051 1990 3130">
     <span class='ocr_line' id='line_1_34' title="bbox 338 3051 1990 3130; baseline 0.005 -20"><span class='ocrx_word' id='word_1_246' title='bbox 338 3051 513 3122; x_wconf 87' lang='lat' dir='ltr'><strong>juxta</strong></span> <span class='ocrx_word' id='word_1_247' title='bbox 545 3059 778 3126; x_wconf 91' lang='lat' dir='ltr'><strong>pontem</strong></span> <span class='ocrx_word' id='word_1_248' title='bbox 810 3054 1122 3126; x_wconf 90' lang='lat' dir='ltr'><strong>lapideum,</strong></span> <span class='ocrx_word' id='word_1_249' title='bbox 1149 3061 1207 3112; x_wconf 91' lang='lat' dir='ltr'><strong>et</strong></span> <span class='ocrx_word' id='word_1_250' title='bbox 1239 3058 1424 3114; x_wconf 88' lang='lat' dir='ltr'><strong>rivum</strong></span> <span class='ocrx_word' id='word_1_251' title='bbox 1449 3060 1545 3129; x_wconf 92' lang='lat' dir='ltr'><strong>qui</strong></span> <span class='ocrx_word' id='word_1_252' title='bbox 1573 3061 1990 3130; x_wconf 90' lang='lat' dir='ltr'><strong>Sanguinarius</strong></span> 
     </span>
    </p>
   </div>
   <div class='ocr_carea' id='block_1_35' title="bbox 345 3141 1986 3216">
    <p class='ocr_par' dir='ltr' id='par_1_35' title="bbox 345 3141 1986 3216">
     <span class='ocr_line' id='line_1_35' title="bbox 345 3141 1986 3216; baseline 0.006 -20"><span class='ocrx_word' id='word_1_253' title='bbox 345 3141 678 3213; x_wconf 86' lang='lat' dir='ltr'><strong>appellatur</strong></span> <span class='ocrx_word' id='word_1_254' title='bbox 707 3143 776 3200; x_wconf 91' lang='lat' dir='ltr'><strong>ad</strong></span> <span class='ocrx_word' id='word_1_255' title='bbox 829 3157 1027 3200; x_wconf 91' lang='lat' dir='ltr'><strong>muros</strong></span> <span class='ocrx_word' id='word_1_256' title='bbox 1057 3143 1338 3216; x_wconf 89' lang='lat' dir='ltr'><strong>civitatis,</strong></span> <span class='ocrx_word' id='word_1_257' title='bbox 1375 3161 1523 3203; x_wconf 89' lang='lat' dir='ltr'><strong>nono</strong></span> <span class='ocrx_word' id='word_1_258' title='bbox 1555 3147 1647 3204; x_wconf 90' lang='lat' dir='ltr'><strong>die</strong></span> <span class='ocrx_word' id='word_1_259' title='bbox 1681 3149 1986 3206; x_wconf 88' lang='lat' dir='ltr'><strong>Kalendar.</strong></span> 
     </span>
    </p>
   </div>
   <div class='ocr_carea' id='block_1_36' title="bbox 348 3229 583 3288">
    <p class='ocr_par' dir='ltr' id='par_1_36' title="bbox 348 3229 583 3288">
     <span class='ocr_line' id='line_1_36' title="bbox 348 3229 583 3288; baseline 0.009 -4"><span class='ocrx_word' id='word_1_260' title='bbox 348 3229 583 3288; x_wconf 90' lang='lat' dir='ltr'><strong>Ianuar.</strong></span> 
     </span>
    </p>
   </div>
   <div class='ocr_carea' id='block_1_37' title="bbox 663 3379 1668 3444">
    <p class='ocr_par' dir='ltr' id='par_1_37' title="bbox 663 3379 1668 3444">
     <span class='ocr_line' id='line_1_37' title="bbox 663 3379 1668 3444; baseline 0.007 -8"><span class='ocrx_word' id='word_1_261' title='bbox 663 3379 726 3438; x_wconf 86' lang='lat' dir='ltr'><strong>G.</strong></span> <span class='ocrx_word' id='word_1_262' title='bbox 759 3380 880 3438; x_wconf 82' lang='lat' dir='ltr'><strong>VIII</strong></span> <span class='ocrx_word' id='word_1_263' title='bbox 921 3382 1288 3440; x_wconf 81' lang='lat' dir='ltr'><strong>KALENDAS</strong></span> <span class='ocrx_word' id='word_1_264' title='bbox 1324 3385 1668 3444; x_wconf 76' lang='lat' dir='ltr'><strong>JANUARII.</strong></span> 
     </span>
    </p>
   </div>
   <div class='ocr_carea' id='block_1_38' title="bbox 1025 3509 1312 3577">
    <p class='ocr_par' dir='ltr' id='par_1_38' title="bbox 1025 3509 1312 3577">
     <span class='ocr_line' id='line_1_38' title="bbox 1025 3509 1312 3577; baseline -0.01 -12"><span class='ocrx_word' id='word_1_265' title='bbox 1025 3510 1118 3575; x_wconf 76' lang='lat'><strong>(25</strong></span> <span class='ocrx_word' id='word_1_266' title='bbox 1146 3509 1312 3577; x_wconf 72' lang='lat' dir='ltr'><strong>Dec.)</strong></span> 
     </span>
    </p>
   </div>
   <div class='ocr_carea' id='block_1_39' title="bbox 413 3653 1993 3736">
    <p class='ocr_par' dir='ltr' id='par_1_39' title="bbox 413 3653 1993 3736">
     <span class='ocr_line' id='line_1_39' title="bbox 413 3653 1993 3736; baseline 0.007 -25"><span class='ocrx_word' id='word_1_267' title='bbox 413 3653 585 3712; x_wconf 85' lang='lat' dir='ltr'><strong>Iesus</strong></span> <span class='ocrx_word' id='word_1_268' title='bbox 616 3655 886 3714; x_wconf 88' lang='lat' dir='ltr'><strong>Christus</strong></span> <span class='ocrx_word' id='word_1_269' title='bbox 909 3655 1062 3714; x_wconf 87' lang='lat' dir='ltr'><strong>filius</strong></span> <span class='ocrx_word' id='word_1_270' title='bbox 1085 3657 1184 3714; x_wconf 89' lang='lat' dir='ltr'><strong>Dei</strong></span> <span class='ocrx_word' id='word_1_271' title='bbox 1210 3657 1264 3714; x_wconf 90' lang='lat' dir='ltr'><strong>in</strong></span> <span class='ocrx_word' id='word_1_272' title='bbox 1289 3659 1589 3736; x_wconf 85' lang='lat' dir='ltr'><strong>Bethleem</strong></span> <span class='ocrx_word' id='word_1_273' title='bbox 1621 3662 1783 3720; x_wconf 86' lang='lat' dir='ltr'><strong>Iudae</strong></span> <span class='ocrx_word' id='word_1_274' title='bbox 1809 3665 1993 3722; x_wconf 88' lang='lat' dir='ltr'><strong>nasci-</strong></span> 
     </span>
    </p>
   </div>
   <div class='ocr_carea' id='block_1_40' title="bbox 346 3744 1988 3827">
    <p class='ocr_par' dir='ltr' id='par_1_40' title="bbox 346 3744 1988 3827">
     <span class='ocr_line' id='line_1_40' title="bbox 346 3744 1988 3827; baseline 0.007 -27"><span class='ocrx_word' id='word_1_275' title='bbox 346 3747 462 3816; x_wconf 89' lang='lat' dir='ltr'><strong>tur,</strong></span> <span class='ocrx_word' id='word_1_276' title='bbox 479 3744 638 3802; x_wconf 87' lang='lat' dir='ltr'><strong>&#39;anno</strong></span> <span class='ocrx_word' id='word_1_277' title='bbox 662 3745 910 3804; x_wconf 68' lang='lat' dir='ltr'><strong>Caesaris</strong></span> <span class='ocrx_word' id='word_1_278' title='bbox 935 3747 1182 3818; x_wconf 77' lang='lat' dir='ltr'><strong>Augusti</strong></span> <span class='ocrx_word' id='word_1_279' title='bbox 1216 3748 1664 3820; x_wconf 90' lang='lat' dir='ltr'><strong>quadragesimo</strong></span> <span class='ocrx_word' id='word_1_280' title='bbox 1707 3755 1988 3827; x_wconf 91' lang='lat' dir='ltr'><strong>secundo,</strong></span> 
     </span>
    </p>
   </div>
   <div class='ocr_carea' id='block_1_41' title="bbox 245 3832 1991 3912">
    <p class='ocr_par' dir='ltr' id='par_1_41' title="bbox 245 3832 1991 3912">
     <span class='ocr_line' id='line_1_41' title="bbox 245 3832 1991 3912; baseline 0.007 -24"><span class='ocrx_word' id='word_1_281' title='bbox 245 3870 252 3876; x_wconf 83' lang='lat'><strong><em>-</em></strong></span> <span class='ocrx_word' id='word_1_282' title='bbox 345 3832 704 3906; x_wconf 89' lang='lat' dir='ltr'><strong>Olympiadis</strong></span> <span class='ocrx_word' id='word_1_283' title='bbox 728 3836 1066 3894; x_wconf 67' lang='lat' dir='ltr'><strong>centesimae</strong></span> <span class='ocrx_word' id='word_1_284' title='bbox 1090 3839 1479 3909; x_wconf 64' lang='lat' dir='ltr'><strong>nonagesimte</strong></span> <span class='ocrx_word' id='word_1_285' title='bbox 1500 3841 1711 3912; x_wconf 66' lang='lat' dir='ltr'><strong>tertiae,</strong></span> <span class='ocrx_word' id='word_1_286' title='bbox 1740 3843 1812 3898; x_wconf 90' lang='lat' dir='ltr'><strong>ab</strong></span> <span class='ocrx_word' id='word_1_287' title='bbox 1837 3844 1991 3900; x_wconf 89' lang='lat' dir='ltr'><strong>Urbe</strong></span> 
     </span>
    </p>
   </div>
   <div class='ocr_carea' id='block_1_42' title="bbox 343 3923 1993 4000">
    <p class='ocr_par' dir='ltr' id='par_1_42' title="bbox 343 3923 1993 4000">
     <span class='ocr_line' id='line_1_42' title="bbox 343 3923 1993 4000; baseline 0.006 -22"><span class='ocrx_word' id='word_1_288' title='bbox 343 3923 576 3978; x_wconf 89' lang='lat' dir='ltr'><strong>condita</strong></span> <span class='ocrx_word' id='word_1_289' title='bbox 610 3938 758 3980; x_wconf 91' lang='lat' dir='ltr'><strong>anno</strong></span> <span class='ocrx_word' id='word_1_290' title='bbox 809 3926 1334 3996; x_wconf 89' lang='lat' dir='ltr'><strong>septingentesimo</strong></span> <span class='ocrx_word' id='word_1_291' title='bbox 1385 3928 1864 4000; x_wconf 87' lang='lat' dir='ltr'><strong>quinquagesimo</strong></span> <span class='ocrx_word' id='word_1_292' title='bbox 1905 3945 1993 3988; x_wconf 90' lang='lat' dir='ltr'><strong>se-</strong></span> 
     </span>
    </p>
   </div>
   <div class='ocr_carea' id='block_1_43' title="bbox 344 4009 1990 4084">
    <p class='ocr_par' dir='ltr' id='par_1_43' title="bbox 344 4009 1990 4084">
     <span class='ocr_line' id='line_1_43' title="bbox 344 4009 1990 4084; baseline 0.007 -18"><span class='ocrx_word' id='word_1_293' title='bbox 344 4009 572 4066; x_wconf 87' lang='lat' dir='ltr'><strong>cundo:</strong></span> <span class='ocrx_word' id='word_1_294' title='bbox 615 4012 975 4082; x_wconf 87' lang='lat' dir='ltr'><strong>compressis</strong></span> <span class='ocrx_word' id='word_1_295' title='bbox 1023 4017 1364 4069; x_wconf 87' lang='lat' dir='ltr'><strong>cunctarum</strong></span> <span class='ocrx_word' id='word_1_296' title='bbox 1417 4030 1520 4084; x_wconf 91' lang='lat' dir='ltr'><strong>per</strong></span> <span class='ocrx_word' id='word_1_297' title='bbox 1569 4019 1766 4073; x_wconf 90' lang='lat' dir='ltr'><strong>orbem</strong></span> <span class='ocrx_word' id='word_1_298' title='bbox 1815 4023 1990 4077; x_wconf 74' lang='lat' dir='ltr'><strong>terrze</strong></span> 
     </span>
    </p>
   </div>
   <div class='ocr_carea' id='block_1_44' title="bbox 344 4096 1986 4180">
    <p class='ocr_par' dir='ltr' id='par_1_44' title="bbox 344 4096 1986 4180">
     <span class='ocr_line' id='line_1_44' title="bbox 344 4096 1986 4180; baseline 0.009 -28"><span class='ocrx_word' id='word_1_299' title='bbox 344 4096 604 4166; x_wconf 87' lang='lat' dir='ltr'><strong>gentium</strong></span> <span class='ocrx_word' id='word_1_300' title='bbox 629 4099 904 4170; x_wconf 90' lang='lat' dir='ltr'><strong>motibus,</strong></span> <span class='ocrx_word' id='word_1_301' title='bbox 930 4104 988 4156; x_wconf 90' lang='lat' dir='ltr'><strong>et</strong></span> <span class='ocrx_word' id='word_1_302' title='bbox 1014 4099 1345 4158; x_wconf 85' lang='lat' dir='ltr'><strong>ﬁrmissima</strong></span> <span class='ocrx_word' id='word_1_303' title='bbox 1368 4101 1793 4176; x_wconf 85' lang='lat' dir='ltr'><strong>verissimaque</strong></span> <span class='ocrx_word' id='word_1_304' title='bbox 1823 4123 1986 4180; x_wconf 87' lang='lat' dir='ltr'><strong>pace,</strong></span> 
     </span>
    </p>
   </div>
   <div class='ocr_carea' id='block_1_45' title="bbox 345 4183 1986 4266">
    <p class='ocr_par' dir='ltr' id='par_1_45' title="bbox 345 4183 1986 4266">
     <span class='ocr_line' id='line_1_45' title="bbox 345 4183 1986 4266; baseline 0.009 -26"><span class='ocrx_word' id='word_1_305' title='bbox 345 4183 710 4240; x_wconf 90' lang='lat' dir='ltr'><strong>ordinatione</strong></span> <span class='ocrx_word' id='word_1_306' title='bbox 775 4187 872 4242; x_wconf 92' lang='lat' dir='ltr'><strong>Dei</strong></span> <span class='ocrx_word' id='word_1_307' title='bbox 942 4202 970 4243; x_wconf 89' lang='lat' dir='ltr'><strong>a</strong></span> <span class='ocrx_word' id='word_1_308' title='bbox 1019 4189 1248 4245; x_wconf 62' lang='lat' dir='ltr'><strong>Caesare</strong></span> <span class='ocrx_word' id='word_1_309' title='bbox 1308 4192 1570 4261; x_wconf 82' lang='lat' dir='ltr'><strong>Augusta</strong></span> <span class='ocrx_word' id='word_1_310' title='bbox 1620 4195 1986 4266; x_wconf 89' lang='lat' dir='ltr'><strong>composita:</strong></span> 
     </span>
    </p>
   </div>
   <div class='ocr_carea' id='block_1_46' title="bbox 349 4272 1991 4344">
    <p class='ocr_par' dir='ltr' id='par_1_46' title="bbox 349 4272 1991 4344">
     <span class='ocr_line' id='line_1_46' title="bbox 349 4272 1991 4344; baseline 0.009 -16"><span class='ocrx_word' id='word_1_311' title='bbox 349 4272 578 4344; x_wconf 90' lang='lat' dir='ltr'><strong>quando</strong></span> <span class='ocrx_word' id='word_1_312' title='bbox 602 4273 878 4339; x_wconf 86' lang='lat' dir='ltr'><strong>Quirinus</strong></span> <span class='ocrx_word' id='word_1_313' title='bbox 905 4291 977 4332; x_wconf 86' lang='lat' dir='ltr'><strong>ex</strong></span> <span class='ocrx_word' id='word_1_314' title='bbox 1007 4278 1291 4334; x_wconf 91' lang='lat' dir='ltr'><strong>coonsilio</strong></span> <span class='ocrx_word' id='word_1_315' title='bbox 1315 4285 1556 4339; x_wconf 89' lang='lat' dir='ltr'><strong>senatus</strong></span> <span class='ocrx_word' id='word_1_316' title='bbox 1576 4283 1831 4342; x_wconf 65' lang='lat' dir='ltr'><strong>Iudaeam</strong></span> <span class='ocrx_word' id='word_1_317' title='bbox 1857 4285 1991 4342; x_wconf 92' lang='lat' dir='ltr'><strong>mis-</strong></span> 
     </span>
    </p>
   </div>
   <div class='ocr_carea' id='block_1_47' title="bbox 347 4364 2066 4443">
    <p class='ocr_par' dir='ltr' id='par_1_47' title="bbox 347 4364 2066 4443">
     <span class='ocr_line' id='line_1_47' title="bbox 347 4364 2066 4443; baseline 0.006 -26"><span class='ocrx_word' id='word_1_318' title='bbox 347 4375 470 4432; x_wconf 88' lang='lat' dir='ltr'><strong>sus,</strong></span> <span class='ocrx_word' id='word_1_319' title='bbox 504 4376 719 4420; x_wconf 89' lang='lat' dir='ltr'><strong>census</strong></span> <span class='ocrx_word' id='word_1_320' title='bbox 769 4364 1059 4422; x_wconf 87' lang='lat' dir='ltr'><strong>hominum</strong></span> <span class='ocrx_word' id='word_1_321' title='bbox 1110 4368 1668 4443; x_wconf 80' lang='lat' dir='ltr'><strong>possessionemque</strong></span> <span class='ocrx_word' id='word_1_322' title='bbox 1717 4368 2066 4432; x_wconf 90' lang='lat' dir='ltr'><strong>dcscribcD</strong></span> 
     </span>
    </p>
   </div>
   <div class='ocr_carea' id='block_1_48' title="bbox 348 4449 1992 4530">
    <p class='ocr_par' dir='ltr' id='par_1_48' title="bbox 348 4449 1992 4530">
     <span class='ocr_line' id='line_1_48' title="bbox 348 4449 1992 4530; baseline 0.01 -24"><span class='ocrx_word' id='word_1_323' title='bbox 348 4449 818 4525; x_wconf 88' lang='lat' dir='ltr'><strong>bat,sextamquc</strong></span> <span class='ocrx_word' id='word_1_324' title='bbox 839 4453 1033 4510; x_wconf 88' lang='lat' dir='ltr'><strong>mundi</strong></span> <span class='ocrx_word' id='word_1_325' title='bbox 1049 4458 1280 4512; x_wconf 68' lang='lat' dir='ltr'><strong>aetatem</strong></span> <span class='ocrx_word' id='word_1_326' title='bbox 1297 4472 1402 4513; x_wconf 86' lang='lat' dir='ltr'><strong>suo</strong></span> <span class='ocrx_word' id='word_1_327' title='bbox 1418 4459 1680 4530; x_wconf 90' lang='lat' dir='ltr'><strong>piissimo</strong></span> <span class='ocrx_word' id='word_1_328' title='bbox 1691 4479 1992 4522; x_wconf 91' lang='lat' dir='ltr'><strong>consecra-</strong></span> 
     </span>
    </p>
   </div>
   <div class='ocr_carea' id='block_1_49' title="bbox 345 4537 1984 4610">
    <p class='ocr_par' dir='ltr' id='par_1_49' title="bbox 345 4537 1984 4610">
     <span class='ocr_line' id='line_1_49' title="bbox 345 4537 1984 4610; baseline 0.009 -16"><span class='ocrx_word' id='word_1_329' title='bbox 345 4537 429 4594; x_wconf 89' lang='lat' dir='ltr'><strong>vit</strong></span> <span class='ocrx_word' id='word_1_330' title='bbox 461 4538 714 4598; x_wconf 89' lang='lat' dir='ltr'><strong>adventu</strong></span> <span class='ocrx_word' id='word_1_331' title='bbox 759 4541 910 4597; x_wconf 91' lang='lat' dir='ltr'><strong>idem</strong></span> <span class='ocrx_word' id='word_1_332' title='bbox 946 4543 1219 4601; x_wconf 91' lang='lat' dir='ltr'><strong>Dominus</strong></span> <span class='ocrx_word' id='word_1_333' title='bbox 1249 4550 1450 4602; x_wconf 90' lang='lat' dir='ltr'><strong>noster</strong></span> <span class='ocrx_word' id='word_1_334' title='bbox 1495 4551 1664 4605; x_wconf 84' lang='lat' dir='ltr'><strong>.lcsus</strong></span> <span class='ocrx_word' id='word_1_335' title='bbox 1697 4551 1984 4610; x_wconf 88' lang='lat' dir='ltr'><strong>Christus.</strong></span> 
     </span>
    </p>
   </div>
   <div class='ocr_carea' id='block_1_50' title="bbox 417 4627 1990 4710">
    <p class='ocr_par' dir='ltr' id='par_1_50' title="bbox 417 4627 1990 4710">
     <span class='ocr_line' id='line_1_50' title="bbox 417 4627 1990 4710; baseline 0.008 -26"><span class='ocrx_word' id='word_1_336' title='bbox 417 4627 628 4684; x_wconf 89' lang='lat' dir='ltr'><strong>Eodem</strong></span> <span class='ocrx_word' id='word_1_337' title='bbox 654 4627 766 4699; x_wconf 91' lang='lat' dir='ltr'><strong>die,</strong></span> <span class='ocrx_word' id='word_1_338' title='bbox 803 4629 1017 4687; x_wconf 88' lang='lat' dir='ltr'><strong>natalis</strong></span> <span class='ocrx_word' id='word_1_339' title='bbox 1051 4637 1271 4691; x_wconf 73' lang='lat' dir='ltr'><strong>sanetae</strong></span> <span class='ocrx_word' id='word_1_340' title='bbox 1311 4635 1649 4708; x_wconf 77' lang='lat' dir='ltr'><strong>Anastasiaa,</strong></span> <span class='ocrx_word' id='word_1_341' title='bbox 1687 4654 1814 4710; x_wconf 75' lang='lat' dir='ltr'><strong>quae</strong></span> <span class='ocrx_word' id='word_1_342' title='bbox 1847 4643 1990 4697; x_wconf 90' lang='lat' dir='ltr'><strong>tem-</strong></span> 
     </span>
    </p>
   </div>
   <div class='ocr_carea' id='block_1_51' title="bbox 348 4715 1989 4790">
    <p class='ocr_par' dir='ltr' id='par_1_51' title="bbox 348 4715 1989 4790">
     <span class='ocr_line' id='line_1_51' title="bbox 348 4715 1989 4790; baseline 0.008 -17"><span class='ocrx_word' id='word_1_343' title='bbox 348 4731 488 4788; x_wconf 90' lang='lat' dir='ltr'><strong>pore</strong></span> <span class='ocrx_word' id='word_1_344' title='bbox 536 4715 900 4789; x_wconf 89' lang='lat' dir='ltr'><strong>Diocletiani,</strong></span> <span class='ocrx_word' id='word_1_345' title='bbox 938 4721 1124 4790; x_wconf 93' lang='lat' dir='ltr'><strong>primo</strong></span> <span class='ocrx_word' id='word_1_346' title='bbox 1173 4721 1355 4779; x_wconf 90' lang='lat' dir='ltr'><strong>diram</strong></span> <span class='ocrx_word' id='word_1_347' title='bbox 1388 4729 1446 4780; x_wconf 89' lang='lat' dir='ltr'><strong>et</strong></span> <span class='ocrx_word' id='word_1_348' title='bbox 1485 4725 1762 4782; x_wconf 90' lang='lat' dir='ltr'><strong>immitem</strong></span> <span class='ocrx_word' id='word_1_349' title='bbox 1795 4732 1989 4786; x_wconf 87' lang='lat' dir='ltr'><strong>custo-</strong></span> 
     </span>
    </p>
   </div>
   <div class='ocr_carea' id='block_1_52' title="bbox 348 4805 1984 4886">
    <p class='ocr_par' dir='ltr' id='par_1_52' title="bbox 348 4805 1984 4886">
     <span class='ocr_line' id='line_1_52' title="bbox 348 4805 1984 4886; baseline 0.008 -25"><span class='ocrx_word' id='word_1_350' title='bbox 348 4805 499 4862; x_wconf 89' lang='lat' dir='ltr'><strong>diam</strong></span> <span class='ocrx_word' id='word_1_351' title='bbox 531 4821 560 4862; x_wconf 89' lang='lat' dir='ltr'><strong>a</strong></span> <span class='ocrx_word' id='word_1_352' title='bbox 591 4805 716 4864; x_wconf 90' lang='lat' dir='ltr'><strong>viro</strong></span> <span class='ocrx_word' id='word_1_353' title='bbox 747 4822 850 4864; x_wconf 92' lang='lat' dir='ltr'><strong>suo</strong></span> <span class='ocrx_word' id='word_1_354' title='bbox 881 4807 1086 4865; x_wconf 87' lang='lat' dir='ltr'><strong>Publio</strong></span> <span class='ocrx_word' id='word_1_355' title='bbox 1109 4826 1388 4882; x_wconf 90' lang='lat' dir='ltr'><strong>perpessa</strong></span> <span class='ocrx_word' id='word_1_356' title='bbox 1421 4816 1513 4870; x_wconf 93' lang='lat' dir='ltr'><strong>est</strong></span> <span class='ocrx_word' id='word_1_357' title='bbox 1549 4814 1636 4870; x_wconf 91' lang='lat' dir='ltr'><strong>:in</strong></span> <span class='ocrx_word' id='word_1_358' title='bbox 1661 4831 1770 4886; x_wconf 89' lang='lat' dir='ltr'><strong>qua</strong></span> <span class='ocrx_word' id='word_1_359' title='bbox 1795 4820 1984 4874; x_wconf 90' lang='lat' dir='ltr'><strong>tamen</strong></span> 
     </span>
    </p>
   </div>
   <div class='ocr_carea' id='block_1_53' title="bbox 347 4895 1986 4967">
    <p class='ocr_par' dir='ltr' id='par_1_53' title="bbox 347 4895 1986 4967">
     <span class='ocr_line' id='line_1_53' title="bbox 347 4895 1986 4967; baseline 0.01 -19"><span class='ocrx_word' id='word_1_360' title='bbox 347 4906 378 4948; x_wconf 90' lang='lat' dir='ltr'><strong>a</strong></span> <span class='ocrx_word' id='word_1_361' title='bbox 410 4895 780 4967; x_wconf 87' lang='lat' dir='ltr'><strong>Chrysogono</strong></span> <span class='ocrx_word' id='word_1_362' title='bbox 799 4896 1134 4954; x_wconf 87' lang='lat' dir='ltr'><strong>confessore</strong></span> <span class='ocrx_word' id='word_1_363' title='bbox 1169 4899 1379 4958; x_wconf 91' lang='lat' dir='ltr'><strong>Christi</strong></span> <span class='ocrx_word' id='word_1_364' title='bbox 1411 4901 1657 4960; x_wconf 90' lang='lat' dir='ltr'><strong>multum</strong></span> <span class='ocrx_word' id='word_1_365' title='bbox 1689 4905 1986 4964; x_wconf 90' lang='lat' dir='ltr'><strong>consolata</strong></span> 
     </span>
    </p>
   </div>
   <div class='ocr_carea' id='block_1_54' title="bbox 347 4983 1988 5074">
    <p class='ocr_par' dir='ltr' id='par_1_54' title="bbox 347 4983 1988 5074">
     <span class='ocr_line' id='line_1_54' title="bbox 347 4983 1988 5074; baseline 0.013 -41"><span class='ocrx_word' id='word_1_366' title='bbox 347 4983 405 5074; x_wconf 76' lang='lat' dir='ltr'><strong>et</strong></span> <span class='ocrx_word' id='word_1_367' title='bbox 426 4983 749 5042; x_wconf 83' lang='lat' dir='ltr'><strong>confortata</strong></span> <span class='ocrx_word' id='word_1_368' title='bbox 763 4989 872 5042; x_wconf 90' lang='lat' dir='ltr'><strong>est.</strong></span> <span class='ocrx_word' id='word_1_369' title='bbox 889 4985 1106 5074; x_wconf 91' lang='lat' dir='ltr'><strong>Deinde</strong></span> <span class='ocrx_word' id='word_1_370' title='bbox 1121 5002 1148 5043; x_wconf 91' lang='lat' dir='ltr'><strong>a</strong></span> <span class='ocrx_word' id='word_1_371' title='bbox 1167 4990 1444 5059; x_wconf 60' lang='lat' dir='ltr'><strong>praefecto</strong></span> <span class='ocrx_word' id='word_1_372' title='bbox 1463 4991 1676 5062; x_wconf 88' lang='lat' dir='ltr'><strong>lllyrici</strong></span> <span class='ocrx_word' id='word_1_373' title='bbox 1697 4993 1752 5050; x_wconf 93' lang='lat' dir='ltr'><strong>in</strong></span> <span class='ocrx_word' id='word_1_374' title='bbox 1765 4995 1988 5067; x_wconf 89' lang='lat' dir='ltr'><strong>gravis-</strong></span> 
     </span>
    </p>
   </div>
   <div class='ocr_carea' id='block_1_55' title="bbox 349 5073 1986 5146">
    <p class='ocr_par' dir='ltr' id='par_1_55' title="bbox 349 5073 1986 5146">
     <span class='ocr_line' id='line_1_55' title="bbox 349 5073 1986 5146; baseline 0.013 -26"><span class='ocrx_word' id='word_1_375' title='bbox 349 5073 488 5122; x_wconf 89' lang='lat' dir='ltr'><strong>sima</strong></span> <span class='ocrx_word' id='word_1_376' title='bbox 521 5083 685 5140; x_wconf 85' lang='lat' dir='ltr'><strong>aeque</strong></span> <span class='ocrx_word' id='word_1_377' title='bbox 716 5077 891 5146; x_wconf 88' lang='lat' dir='ltr'><strong>atque</strong></span> <span class='ocrx_word' id='word_1_378' title='bbox 923 5073 1145 5132; x_wconf 91' lang='lat' dir='ltr'><strong>diutina</strong></span> <span class='ocrx_word' id='word_1_379' title='bbox 1177 5078 1441 5136; x_wconf 89' lang='lat' dir='ltr'><strong>custodia</strong></span> <span class='ocrx_word' id='word_1_380' title='bbox 1473 5089 1763 5140; x_wconf 89' lang='lat' dir='ltr'><strong>macerata</strong></span> <span class='ocrx_word' id='word_1_381' title='bbox 1785 5089 1898 5142; x_wconf 89' lang='lat' dir='ltr'><strong>est.</strong></span> <span class='ocrx_word' id='word_1_382' title='bbox 1924 5087 1986 5142; x_wconf 89' lang='lat' dir='ltr'><strong>In</strong></span> 
     </span>
    </p>
   </div>
   <div class='ocr_carea' id='block_1_56' title="bbox 350 5153 1982 5246">
    <p class='ocr_par' dir='ltr' id='par_1_56' title="bbox 350 5153 1982 5246">
     <span class='ocr_line' id='line_1_56' title="bbox 350 5153 1982 5246; baseline 0.015 -40"><span class='ocrx_word' id='word_1_383' title='bbox 350 5165 461 5223; x_wconf 89' lang='lat' dir='ltr'><strong>qua</strong></span> <span class='ocrx_word' id='word_1_384' title='bbox 495 5153 721 5216; x_wconf 91' lang='lat' dir='ltr'><strong>duobus</strong></span> <span class='ocrx_word' id='word_1_385' title='bbox 753 5163 1050 5222; x_wconf 90' lang='lat' dir='ltr'><strong>mensibus</strong></span> <span class='ocrx_word' id='word_1_386' title='bbox 1081 5164 1300 5222; x_wconf 91' lang='lat' dir='ltr'><strong>refecta</strong></span> <span class='ocrx_word' id='word_1_387' title='bbox 1333 5171 1424 5223; x_wconf 93' lang='lat' dir='ltr'><strong>est</strong></span> <span class='ocrx_word' id='word_1_388' title='bbox 1458 5168 1778 5229; x_wconf 89' lang='lat' dir='ltr'><strong>celestibus</strong></span> <span class='ocrx_word' id='word_1_389' title='bbox 1807 5175 1982 5246; x_wconf 89' lang='lat' dir='ltr'><strong>escis,</strong></span> 
     </span>
    </p>
   </div>
   <div class='ocr_carea' id='block_1_57' title="bbox 349 5247 1984 5334">
    <p class='ocr_par' dir='ltr' id='par_1_57' title="bbox 349 5247 1984 5334">
     <span class='ocr_line' id='line_1_57' title="bbox 349 5247 1984 5334; baseline 0.017 -41"><span class='ocrx_word' id='word_1_390' title='bbox 349 5253 453 5334; x_wconf 83' lang='lat' dir='ltr'><strong>per</strong></span> <span class='ocrx_word' id='word_1_391' title='bbox 475 5247 734 5334; x_wconf 67' lang='lat' dir='ltr'><strong>sanctam</strong></span> <span class='ocrx_word' id='word_1_392' title='bbox 755 5251 1104 5326; x_wconf 88' lang='lat' dir='ltr'><strong>&#39;l&#39;heodotcn,</strong></span> <span class='ocrx_word' id='word_1_393' title='bbox 1124 5268 1251 5326; x_wconf 79' lang='lat' dir='ltr'><strong>quae</strong></span> <span class='ocrx_word' id='word_1_394' title='bbox 1271 5257 1608 5329; x_wconf 89' lang='lat' dir='ltr'><strong>martyrium</strong></span> <span class='ocrx_word' id='word_1_395' title='bbox 1634 5261 1798 5331; x_wconf 90' lang='lat' dir='ltr'><strong>prius</strong></span> <span class='ocrx_word' id='word_1_396' title='bbox 1812 5277 1984 5334; x_wconf 90' lang='lat' dir='ltr'><strong>passa</strong></span> 
     </span>
    </p>
   </div>
   <div class='ocr_carea' id='block_1_58' title="bbox 347 5329 1984 5429">
    <p class='ocr_par' dir='ltr' id='par_1_58' title="bbox 347 5329 1984 5429">
     <span class='ocr_line' id='line_1_58' title="bbox 347 5329 1984 5429; baseline 0.015 -45"><span class='ocrx_word' id='word_1_397' title='bbox 347 5331 460 5426; x_wconf 75' lang='lat' dir='ltr'><strong>est.</strong></span> <span class='ocrx_word' id='word_1_398' title='bbox 495 5329 723 5429; x_wconf 77' lang='lat' dir='ltr'><strong>Deinde</strong></span> <span class='ocrx_word' id='word_1_399' title='bbox 743 5339 888 5429; x_wconf 74' lang='lat' dir='ltr'><strong>navi</strong></span> <span class='ocrx_word' id='word_1_400' title='bbox 925 5342 1196 5416; x_wconf 89' lang='lat' dir='ltr'><strong>imposita</strong></span> <span class='ocrx_word' id='word_1_401' title='bbox 1227 5359 1356 5403; x_wconf 90' lang='lat' dir='ltr'><strong>cum</strong></span> <span class='ocrx_word' id='word_1_402' title='bbox 1408 5329 1679 5405; x_wconf 80' lang='lat' dir='ltr'><strong>ducentis</strong></span> <span class='ocrx_word' id='word_1_403' title='bbox 1728 5329 1892 5422; x_wconf 46' lang='lat' dir='ltr'><strong>vir-is,</strong></span> <span class='ocrx_word' id='word_1_404' title='bbox 1927 5356 1984 5409; x_wconf 90' lang='lat' dir='ltr'><strong>et</strong></span> 
     </span>
    </p>
   </div>
   <div class='ocr_carea' id='block_1_59' title="bbox 349 5421 1984 5511">
    <p class='ocr_par' dir='ltr' id='par_1_59' title="bbox 349 5421 1984 5511">
     <span class='ocr_line' id='line_1_59' title="bbox 349 5421 1984 5511; baseline 0.015 -37"><span class='ocrx_word' id='word_1_405' title='bbox 349 5421 684 5490; x_wconf 82' lang='lat' dir='ltr'><strong>quingentis</strong></span> <span class='ocrx_word' id='word_1_406' title='bbox 699 5421 944 5498; x_wconf 83' lang='lat' dir='ltr'><strong>feminis,</strong></span> <span class='ocrx_word' id='word_1_407' title='bbox 963 5434 1025 5487; x_wconf 87' lang='lat' dir='ltr'><strong>ut</strong></span> <span class='ocrx_word' id='word_1_408' title='bbox 1041 5431 1481 5508; x_wconf 87' lang='lat' dir='ltr'><strong>demergeretur</strong></span> <span class='ocrx_word' id='word_1_409' title='bbox 1494 5437 1551 5495; x_wconf 86' lang='lat' dir='ltr'><strong>in</strong></span> <span class='ocrx_word' id='word_1_410' title='bbox 1565 5452 1742 5510; x_wconf 91' lang='lat' dir='ltr'><strong>mare,</strong></span> <span class='ocrx_word' id='word_1_411' title='bbox 1761 5439 1984 5511; x_wconf 88' lang='lat' dir='ltr'><strong>perlata</strong></span> 
     </span>
    </p>
   </div>
   <div class='ocr_carea' id='block_1_60' title="bbox 349 5567 1982 5737">
    <p class='ocr_par' dir='ltr' id='par_1_60' title="bbox 349 5567 1982 5737">
     <span class='ocr_line' id='line_1_60' title="bbox 349 5567 1982 5737; baseline 0.028 -116"><span class='ocrx_word' id='word_1_412' title='bbox 349 5567 604 5737; x_wconf 46' lang='grc' dir='ltr'><strong>Μὶνῗὲθ</strong></span> <span class='ocrx_word' id='word_1_413' title='bbox 644 5571 903 5635; x_wconf 85' lang='lat' dir='ltr'><strong>libellum</strong></span> <span class='ocrx_word' id='word_1_414' title='bbox 950 5577 1020 5638; x_wconf 88' lang='lat' dir='ltr'><strong>de</strong></span> <span class='ocrx_word' id='word_1_415' title='bbox 1053 5581 1317 5660; x_wconf 85' lang='lat' dir='ltr'><strong>Festivit,</strong></span> <span class='ocrx_word' id='word_1_416' title='bbox 1350 5591 1550 5667; x_wconf 82' lang='lat' dir='ltr'><strong>Apost.</strong></span> <span class='ocrx_word' id='word_1_417' title='bbox 1578 5609 1592 5665; x_wconf 89' lang='lat'><strong>;</strong></span> <span class='ocrx_word' id='word_1_418' title='bbox 1625 5591 1982 5667; x_wconf 64' lang='lat' dir='ltr'><strong>Pontiﬁcalc,</strong></span> 
     </span>
    </p>
   </div>
   <div class='ocr_carea' id='block_1_61' title="bbox 2104 379 3761 454">
    <p class='ocr_par' dir='ltr' id='par_1_61' title="bbox 2104 379 3761 454">
     <span class='ocr_line' id='line_1_61' title="bbox 2104 379 3761 454; baseline -0.004 -12"><span class='ocrx_word' id='word_1_419' title='bbox 2104 391 2369 454; x_wconf 86' lang='lat' dir='ltr'><strong>extensa,</strong></span> <span class='ocrx_word' id='word_1_420' title='bbox 2404 388 2461 440; x_wconf 91' lang='lat' dir='ltr'><strong>et</strong></span> <span class='ocrx_word' id='word_1_421' title='bbox 2496 383 2672 454; x_wconf 90' lang='lat' dir='ltr'><strong>ligata</strong></span> <span class='ocrx_word' id='word_1_422' title='bbox 2719 383 2788 439; x_wconf 92' lang='lat' dir='ltr'><strong>ad</strong></span> <span class='ocrx_word' id='word_1_423' title='bbox 2825 381 2986 454; x_wconf 89' lang='lat' dir='ltr'><strong>palos</strong></span> <span class='ocrx_word' id='word_1_424' title='bbox 3018 381 3181 450; x_wconf 83' lang='lat' dir='ltr'><strong>ﬁxos,</strong></span> <span class='ocrx_word' id='word_1_425' title='bbox 3217 379 3371 436; x_wconf 91' lang='lat' dir='ltr'><strong>circa</strong></span> <span class='ocrx_word' id='word_1_426' title='bbox 3402 379 3588 436; x_wconf 89' lang='lat' dir='ltr'><strong>media</strong></span> <span class='ocrx_word' id='word_1_427' title='bbox 3617 379 3761 449; x_wconf 91' lang='lat' dir='ltr'><strong>ejus</strong></span> 
     </span>
    </p>
   </div>
   <div class='ocr_carea' id='block_1_62' title="bbox 2105 467 3756 544">
    <p class='ocr_par' dir='ltr' id='par_1_62' title="bbox 2105 467 3756 544">
     <span class='ocr_line' id='line_1_62' title="bbox 2105 467 3756 544; baseline -0.004 -15"><span class='ocrx_word' id='word_1_428' title='bbox 2105 474 2252 544; x_wconf 88' lang='lat' dir='ltr'><strong>ignis</strong></span> <span class='ocrx_word' id='word_1_429' title='bbox 2282 489 2562 530; x_wconf 90' lang='lat' dir='ltr'><strong>accensus</strong></span> <span class='ocrx_word' id='word_1_430' title='bbox 2591 475 2704 542; x_wconf 93' lang='lat' dir='ltr'><strong>est,</strong></span> <span class='ocrx_word' id='word_1_431' title='bbox 2732 471 2787 527; x_wconf 91' lang='lat' dir='ltr'><strong>in</strong></span> <span class='ocrx_word' id='word_1_432' title='bbox 2810 486 2924 542; x_wconf 91' lang='lat' dir='ltr'><strong>quo</strong></span> <span class='ocrx_word' id='word_1_433' title='bbox 2944 470 3286 541; x_wconf 88' lang='lat' dir='ltr'><strong>martyrium</strong></span> <span class='ocrx_word' id='word_1_434' title='bbox 3306 467 3756 526; x_wconf 89' lang='lat' dir='ltr'><strong>consummavit.</strong></span> 
     </span>
    </p>
   </div>
   <div class='ocr_carea' id='block_1_63' title="bbox 2103 557 3764 633">
    <p class='ocr_par' dir='ltr' id='par_1_63' title="bbox 2103 557 3764 633">
     <span class='ocr_line' id='line_1_63' title="bbox 2103 557 3764 633; baseline -0.003 -14"><span class='ocrx_word' id='word_1_435' title='bbox 2103 565 2170 619; x_wconf 92' lang='lat' dir='ltr'><strong>Et</strong></span> <span class='ocrx_word' id='word_1_436' title='bbox 2201 577 2400 619; x_wconf 87' lang='lat' dir='ltr'><strong>omnes</strong></span> <span class='ocrx_word' id='word_1_437' title='bbox 2433 561 2528 633; x_wconf 90' lang='lat' dir='ltr'><strong>qui</strong></span> <span class='ocrx_word' id='word_1_438' title='bbox 2560 577 2691 618; x_wconf 90' lang='lat' dir='ltr'><strong>eum</strong></span> <span class='ocrx_word' id='word_1_439' title='bbox 2723 561 2818 616; x_wconf 91' lang='lat' dir='ltr'><strong>illa</strong></span> <span class='ocrx_word' id='word_1_440' title='bbox 2851 563 3153 630; x_wconf 88' lang='lat' dir='ltr'><strong>venerant,</strong></span> <span class='ocrx_word' id='word_1_441' title='bbox 3185 559 3364 616; x_wconf 89' lang='lat' dir='ltr'><strong>variis</strong></span> <span class='ocrx_word' id='word_1_442' title='bbox 3396 557 3764 614; x_wconf 81' lang='lat' dir='ltr'><strong>interfectio-</strong></span> 
     </span>
    </p>
   </div>
   <div class='ocr_carea' id='block_1_64' title="bbox 2103 649 3757 722">
    <p class='ocr_par' dir='ltr' id='par_1_64' title="bbox 2103 649 3757 722">
     <span class='ocr_line' id='line_1_64' title="bbox 2103 649 3757 722; baseline -0.004 -13"><span class='ocrx_word' id='word_1_443' title='bbox 2103 653 2276 709; x_wconf 92' lang='lat' dir='ltr'><strong>nibus</strong></span> <span class='ocrx_word' id='word_1_444' title='bbox 2322 651 2660 722; x_wconf 88' lang='lat' dir='ltr'><strong>martyrium</strong></span> <span class='ocrx_word' id='word_1_445' title='bbox 2707 649 3104 707; x_wconf 88' lang='lat' dir='ltr'><strong>celebrarunt.</strong></span> <span class='ocrx_word' id='word_1_446' title='bbox 3155 649 3312 704; x_wconf 88' lang='lat' dir='ltr'><strong>[nter</strong></span> <span class='ocrx_word' id='word_1_447' title='bbox 3345 661 3492 718; x_wconf 91' lang='lat' dir='ltr'><strong>quos</strong></span> <span class='ocrx_word' id='word_1_448' title='bbox 3529 660 3757 716; x_wconf 91' lang='lat' dir='ltr'><strong>omnes,</strong></span> 
     </span>
    </p>
   </div>
   <div class='ocr_carea' id='block_1_65' title="bbox 2105 735 3763 808">
    <p class='ocr_par' dir='ltr' id='par_1_65' title="bbox 2105 735 3763 808">
     <span class='ocr_line' id='line_1_65' title="bbox 2105 735 3763 808; baseline -0.005 -10"><span class='ocrx_word' id='word_1_449' title='bbox 2105 757 2255 798; x_wconf 88' lang='lat' dir='ltr'><strong>unus</strong></span> <span class='ocrx_word' id='word_1_450' title='bbox 2287 745 2413 797; x_wconf 89' lang='lat' dir='ltr'><strong>erat</strong></span> <span class='ocrx_word' id='word_1_451' title='bbox 2446 739 2827 797; x_wconf 89' lang='lat' dir='ltr'><strong>Euticbianus</strong></span> <span class='ocrx_word' id='word_1_452' title='bbox 2859 735 3624 808; x_wconf 65' lang='lat' dir='ltr'><strong>nomine,innocentissima:</strong></span> <span class='ocrx_word' id='word_1_453' title='bbox 3655 751 3763 790; x_wconf 90' lang='lat' dir='ltr'><strong>na-</strong></span> 
     </span>
    </p>
   </div>
   <div class='ocr_carea' id='block_1_66' title="bbox 2103 823 3764 901">
    <p class='ocr_par' dir='ltr' id='par_1_66' title="bbox 2103 823 3764 901">
     <span class='ocr_line' id='line_1_66' title="bbox 2103 823 3764 901; baseline -0.003 -16"><span class='ocrx_word' id='word_1_454' title='bbox 2103 834 2252 887; x_wconf 56' lang='lat' dir='ltr'><strong>tura;</strong></span> <span class='ocrx_word' id='word_1_455' title='bbox 2286 850 2298 885; x_wconf 91' lang='lat'>:</span> <span class='ocrx_word' id='word_1_456' title='bbox 2335 829 2429 901; x_wconf 93' lang='lat' dir='ltr'><strong>qui</strong></span> <span class='ocrx_word' id='word_1_457' title='bbox 2459 828 2708 886; x_wconf 89' lang='lat' dir='ltr'><strong>sublatis</strong></span> <span class='ocrx_word' id='word_1_458' title='bbox 2754 828 2864 884; x_wconf 90' lang='lat' dir='ltr'><strong>sibi</strong></span> <span class='ocrx_word' id='word_1_459' title='bbox 2890 828 3043 900; x_wconf 92' lang='lat' dir='ltr'><strong>(cum</strong></span> <span class='ocrx_word' id='word_1_460' title='bbox 3077 826 3244 882; x_wconf 89' lang='lat' dir='ltr'><strong>dives</strong></span> <span class='ocrx_word' id='word_1_461' title='bbox 3271 825 3454 896; x_wconf 88' lang='lat' dir='ltr'><strong>esset)</strong></span> <span class='ocrx_word' id='word_1_462' title='bbox 3483 823 3764 880; x_wconf 87' lang='lat' dir='ltr'><strong>omnibus</strong></span> 
     </span>
    </p>
   </div>
   <div class='ocr_carea' id='block_1_67' title="bbox 2105 914 3760 990">
    <p class='ocr_par' dir='ltr' id='par_1_67' title="bbox 2105 914 3760 990">
     <span class='ocr_line' id='line_1_67' title="bbox 2105 914 3760 990; baseline -0.002 -16"><span class='ocrx_word' id='word_1_463' title='bbox 2105 918 2505 990; x_wconf 89' lang='lat' dir='ltr'><strong>facultatibus,</strong></span> <span class='ocrx_word' id='word_1_464' title='bbox 2523 918 2725 988; x_wconf 88' lang='lat' dir='ltr'><strong>tacuit,</strong></span> <span class='ocrx_word' id='word_1_465' title='bbox 2745 915 2884 972; x_wconf 89' lang='lat' dir='ltr'><strong>nihil</strong></span> <span class='ocrx_word' id='word_1_466' title='bbox 2898 914 3448 986; x_wconf 88' lang='lat' dir='ltr'><strong>cogitans,uihilque</strong></span> <span class='ocrx_word' id='word_1_467' title='bbox 3461 917 3760 983; x_wconf 89' lang='lat' dir='ltr'><strong>metuens,</strong></span> 
     </span>
    </p>
   </div>
   <div class='ocr_carea' id='block_1_68' title="bbox 2104 1001 3757 1078">
    <p class='ocr_par' dir='ltr' id='par_1_68' title="bbox 2104 1001 3757 1078">
     <span class='ocr_line' id='line_1_68' title="bbox 2104 1001 3757 1078; baseline -0.004 -14"><span class='ocrx_word' id='word_1_468' title='bbox 2104 1009 2212 1065; x_wconf 88' lang='lat' dir='ltr'><strong>nisi</strong></span> <span class='ocrx_word' id='word_1_469' title='bbox 2246 1009 2371 1078; x_wconf 71' lang='lat' dir='ltr'><strong>hoc,</strong></span> <span class='ocrx_word' id='word_1_470' title='bbox 2413 1023 2482 1063; x_wconf 92' lang='lat' dir='ltr'><strong>ne</strong></span> <span class='ocrx_word' id='word_1_471' title='bbox 2522 1005 2833 1063; x_wconf 84' lang='lat' dir='ltr'><strong>facultates</strong></span> <span class='ocrx_word' id='word_1_472' title='bbox 2881 1021 2946 1062; x_wconf 92' lang='lat' dir='ltr'><strong>ac</strong></span> <span class='ocrx_word' id='word_1_473' title='bbox 2993 1003 3230 1061; x_wconf 89' lang='lat' dir='ltr'><strong>divitias</strong></span> <span class='ocrx_word' id='word_1_474' title='bbox 3279 1001 3413 1058; x_wconf 85' lang='lat' dir='ltr'><strong>ﬁdei</strong></span> <span class='ocrx_word' id='word_1_475' title='bbox 3447 1001 3757 1073; x_wconf 87' lang='lat' dir='ltr'><strong>perderet.</strong></span> 
     </span>
    </p>
   </div>
   <div class='ocr_carea' id='block_1_69' title="bbox 2104 1090 3763 1166">
    <p class='ocr_par' dir='ltr' id='par_1_69' title="bbox 2104 1090 3763 1166">
     <span class='ocr_line' id='line_1_69' title="bbox 2104 1090 3763 1166; baseline -0.004 -13"><span class='ocrx_word' id='word_1_476' title='bbox 2104 1097 2576 1166; x_wconf 87' lang='lat' dir='ltr'><strong>Quotiescunque</strong></span> <span class='ocrx_word' id='word_1_477' title='bbox 2593 1095 2682 1150; x_wconf 88' lang='lat' dir='ltr'><strong>de:</strong></span> <span class='ocrx_word' id='word_1_478' title='bbox 2709 1095 2844 1165; x_wconf 89' lang='lat' dir='ltr'><strong>ique</strong></span> <span class='ocrx_word' id='word_1_479' title='bbox 2869 1093 3072 1151; x_wconf 88' lang='lat' dir='ltr'><strong>fuisset</strong></span> <span class='ocrx_word' id='word_1_480' title='bbox 3097 1091 3354 1161; x_wconf 90' lang='lat' dir='ltr'><strong>auditus,</strong></span> <span class='ocrx_word' id='word_1_481' title='bbox 3377 1090 3763 1162; x_wconf 88' lang='lat' dir='ltr'><strong>quotiescun-</strong></span> 
     </span>
    </p>
   </div>
   <div class='ocr_carea' id='block_1_70' title="bbox 2105 1179 3760 1256">
    <p class='ocr_par' dir='ltr' id='par_1_70' title="bbox 2105 1179 3760 1256">
     <span class='ocr_line' id='line_1_70' title="bbox 2105 1179 3760 1256; baseline -0.005 -14"><span class='ocrx_word' id='word_1_482' title='bbox 2105 1201 2216 1256; x_wconf 90' lang='lat' dir='ltr'><strong>que</strong></span> <span class='ocrx_word' id='word_1_483' title='bbox 2266 1185 2683 1254; x_wconf 89' lang='lat' dir='ltr'><strong>interrogatus,</strong></span> <span class='ocrx_word' id='word_1_484' title='bbox 2736 1182 2876 1238; x_wconf 90' lang='lat' dir='ltr'><strong>nihil</strong></span> <span class='ocrx_word' id='word_1_485' title='bbox 2927 1181 3084 1239; x_wconf 89' lang='lat' dir='ltr'><strong>aliud</strong></span> <span class='ocrx_word' id='word_1_486' title='bbox 3127 1181 3408 1237; x_wconf 91' lang='lat' dir='ltr'><strong>dicebat:</strong></span> <span class='ocrx_word' id='word_1_487' title='bbox 3455 1179 3760 1236; x_wconf 88' lang='lat' dir='ltr'><strong>Christum</strong></span> 
     </span>
    </p>
   </div>
   <div class='ocr_carea' id='block_1_71' title="bbox 2105 1267 3761 1342">
    <p class='ocr_par' dir='ltr' id='par_1_71' title="bbox 2105 1267 3761 1342">
     <span class='ocr_line' id='line_1_71' title="bbox 2105 1267 3761 1342; baseline -0.002 -13"><span class='ocrx_word' id='word_1_488' title='bbox 2105 1273 2239 1329; x_wconf 88' lang='lat' dir='ltr'><strong>mihi</strong></span> <span class='ocrx_word' id='word_1_489' title='bbox 2273 1288 2384 1328; x_wconf 93' lang='lat' dir='ltr'><strong>non</strong></span> <span class='ocrx_word' id='word_1_490' title='bbox 2417 1272 2606 1341; x_wconf 88' lang='lat' dir='ltr'><strong>tollet,</strong></span> <span class='ocrx_word' id='word_1_491' title='bbox 2642 1271 2817 1328; x_wconf 90' lang='lat' dir='ltr'><strong>etiam</strong></span> <span class='ocrx_word' id='word_1_492' title='bbox 2869 1270 2966 1342; x_wconf 89' lang='lat' dir='ltr'><strong>qui</strong></span> <span class='ocrx_word' id='word_1_493' title='bbox 3000 1275 3176 1341; x_wconf 90' lang='lat' dir='ltr'><strong>caput</strong></span> <span class='ocrx_word' id='word_1_494' title='bbox 3209 1267 3522 1326; x_wconf 89' lang='lat' dir='ltr'><strong>abstulerit</strong></span> <span class='ocrx_word' id='word_1_495' title='bbox 3554 1311 3566 1324; x_wconf 95' lang='lat'><strong>.</strong></span> <span class='ocrx_word' id='word_1_496' title='bbox 3593 1269 3761 1325; x_wconf 88' lang='lat' dir='ltr'><strong>Tunc</strong></span> 
     </span>
    </p>
   </div>
   <div class='ocr_carea' id='block_1_72' title="bbox 2104 1357 3761 1434">
    <p class='ocr_par' dir='ltr' id='par_1_72' title="bbox 2104 1357 3761 1434">
     <span class='ocr_line' id='line_1_72' title="bbox 2104 1357 3761 1434; baseline -0.004 -16"><span class='ocrx_word' id='word_1_497' title='bbox 2104 1361 2405 1434; x_wconf 86' lang='lat' dir='ltr'><strong>Apollonia</strong></span> <span class='ocrx_word' id='word_1_498' title='bbox 2430 1361 2755 1418; x_wconf 90' lang='lat' dir='ltr'><strong>Christiana</strong></span> <span class='ocrx_word' id='word_1_499' title='bbox 2778 1363 3059 1430; x_wconf 87' lang='lat' dir='ltr'><strong>matrona,</strong></span> <span class='ocrx_word' id='word_1_500' title='bbox 3085 1357 3301 1414; x_wconf 89' lang='lat' dir='ltr'><strong>tollens</strong></span> <span class='ocrx_word' id='word_1_501' title='bbox 3320 1372 3537 1429; x_wconf 89' lang='lat' dir='ltr'><strong>corpus</strong></span> <span class='ocrx_word' id='word_1_502' title='bbox 3562 1358 3761 1413; x_wconf 65' lang='lat' dir='ltr'><strong>beatm</strong></span> 
     </span>
    </p>
   </div>
   <div class='ocr_carea' id='block_1_73' title="bbox 2104 1445 3757 1521">
    <p class='ocr_par' dir='ltr' id='par_1_73' title="bbox 2104 1445 3757 1521">
     <span class='ocr_line' id='line_1_73' title="bbox 2104 1445 3757 1521; baseline -0.002 -15"><span class='ocrx_word' id='word_1_503' title='bbox 2104 1451 2445 1521; x_wconf 74' lang='lat' dir='ltr'><strong>Anastasize,</strong></span> <span class='ocrx_word' id='word_1_504' title='bbox 2481 1448 2955 1520; x_wconf 85' lang='lat' dir='ltr'><strong>exosculabatur,</strong></span> <span class='ocrx_word' id='word_1_505' title='bbox 2981 1452 3040 1504; x_wconf 91' lang='lat' dir='ltr'><strong>et</strong></span> <span class='ocrx_word' id='word_1_506' title='bbox 3064 1447 3424 1504; x_wconf 87' lang='lat' dir='ltr'><strong>aromatibus</strong></span> <span class='ocrx_word' id='word_1_507' title='bbox 3444 1445 3757 1516; x_wconf 90' lang='lat' dir='ltr'><strong>condiens,</strong></span> 
     </span>
    </p>
   </div>
   <div class='ocr_carea' id='block_1_74' title="bbox 2104 1535 3758 1610">
    <p class='ocr_par' dir='ltr' id='par_1_74' title="bbox 2104 1535 3758 1610">
     <span class='ocr_line' id='line_1_74' title="bbox 2104 1535 3758 1610; baseline -0.002 -16"><span class='ocrx_word' id='word_1_508' title='bbox 2104 1539 2410 1610; x_wconf 87' lang='lat' dir='ltr'><strong>dignisque</strong></span> <span class='ocrx_word' id='word_1_509' title='bbox 2424 1537 2858 1594; x_wconf 86' lang='lat' dir='ltr'><strong>linteaminibus</strong></span> <span class='ocrx_word' id='word_1_510' title='bbox 2878 1535 3214 1607; x_wconf 84' lang='lat' dir='ltr'><strong>obvolvens,</strong></span> <span class='ocrx_word' id='word_1_511' title='bbox 3234 1536 3385 1592; x_wconf 89' lang='lat' dir='ltr'><strong>intra</strong></span> <span class='ocrx_word' id='word_1_512' title='bbox 3399 1535 3758 1592; x_wconf 88' lang='lat' dir='ltr'><strong>viridarium</strong></span> 
     </span>
    </p>
   </div>
   <div class='ocr_carea' id='block_1_75' title="bbox 2105 1624 3757 1697">
    <p class='ocr_par' dir='ltr' id='par_1_75' title="bbox 2105 1624 3757 1697">
     <span class='ocr_line' id='line_1_75' title="bbox 2105 1624 3757 1697; baseline -0.003 -12"><span class='ocrx_word' id='word_1_513' title='bbox 2105 1628 2312 1685; x_wconf 90' lang='lat' dir='ltr'><strong>domus</strong></span> <span class='ocrx_word' id='word_1_514' title='bbox 2332 1642 2467 1684; x_wconf 82' lang='lat' dir='ltr'><strong>suae</strong></span> <span class='ocrx_word' id='word_1_515' title='bbox 2499 1627 2779 1684; x_wconf 87' lang='lat' dir='ltr'><strong>fabricata</strong></span> <span class='ocrx_word' id='word_1_516' title='bbox 2813 1625 3074 1696; x_wconf 90' lang='lat' dir='ltr'><strong>basilica,</strong></span> <span class='ocrx_word' id='word_1_517' title='bbox 3101 1629 3164 1683; x_wconf 88' lang='lat' dir='ltr'><strong>ut</strong></span> <span class='ocrx_word' id='word_1_518' title='bbox 3189 1624 3384 1697; x_wconf 77' lang='lat' dir='ltr'><strong>decuit</strong></span> <span class='ocrx_word' id='word_1_519' title='bbox 3409 1626 3757 1695; x_wconf 87' lang='lat' dir='ltr'><strong>martyrem,</strong></span> 
     </span>
    </p>
   </div>
   <div class='ocr_carea' id='block_1_76' title="bbox 2106 1717 2396 1788">
    <p class='ocr_par' dir='ltr' id='par_1_76' title="bbox 2106 1717 2396 1788">
     <span class='ocr_line' id='line_1_76' title="bbox 2106 1717 2396 1788; baseline -0.01 -14"><span class='ocrx_word' id='word_1_520' title='bbox 2106 1717 2396 1788; x_wconf 83' lang='lat' dir='ltr'><strong>sepelivit.</strong></span> 
     </span>
    </p>
   </div>
   <div class='ocr_carea' id='block_1_77' title="bbox 2175 1801 3762 1878">
    <p class='ocr_par' dir='ltr' id='par_1_77' title="bbox 2175 1801 3762 1878">
     <span class='ocr_line' id='line_1_77' title="bbox 2175 1801 3762 1878; baseline -0.002 -17"><span class='ocrx_word' id='word_1_521' title='bbox 2175 1807 2305 1878; x_wconf 90' lang='lat' dir='ltr'><strong>Ipso</strong></span> <span class='ocrx_word' id='word_1_522' title='bbox 2336 1805 2430 1860; x_wconf 93' lang='lat' dir='ltr'><strong>die</strong></span> <span class='ocrx_word' id='word_1_523' title='bbox 2461 1807 2654 1861; x_wconf 57' lang='lat' dir='ltr'><strong>Romae</strong></span> <span class='ocrx_word' id='word_1_524' title='bbox 2704 1804 2756 1860; x_wconf 91' lang='lat' dir='ltr'><strong>in</strong></span> <span class='ocrx_word' id='word_1_525' title='bbox 2805 1803 3145 1860; x_wconf 83' lang='lat' dir='ltr'><strong>cocmct&#39;erio</strong></span> <span class='ocrx_word' id='word_1_526' title='bbox 3186 1801 3519 1874; x_wconf 84' lang='lat' dir='ltr'><strong>Aproniani,</strong></span> <span class='ocrx_word' id='word_1_527' title='bbox 3557 1801 3762 1873; x_wconf 87' lang='lat' dir='ltr'><strong>passio</strong></span> 
     </span>
    </p>
   </div>
   <div class='ocr_carea' id='block_1_78' title="bbox 2105 1889 3761 1965">
    <p class='ocr_par' dir='ltr' id='par_1_78' title="bbox 2105 1889 3761 1965">
     <span class='ocr_line' id='line_1_78' title="bbox 2105 1889 3761 1965; baseline -0.003 -14"><span class='ocrx_word' id='word_1_528' title='bbox 2105 1899 2324 1951; x_wconf 66' lang='lat' dir='ltr'><strong>sancta:</strong></span> <span class='ocrx_word' id='word_1_529' title='bbox 2357 1894 2625 1965; x_wconf 74' lang='lat' dir='ltr'><strong>Eugenize</strong></span> <span class='ocrx_word' id='word_1_530' title='bbox 2656 1892 2918 1964; x_wconf 90' lang='lat' dir='ltr'><strong>virginis,</strong></span> <span class='ocrx_word' id='word_1_531' title='bbox 2947 1907 3074 1963; x_wconf 63' lang='lat' dir='ltr'><strong>quae</strong></span> <span class='ocrx_word' id='word_1_532' title='bbox 3096 1897 3357 1963; x_wconf 90' lang='lat' dir='ltr'><strong>tempore</strong></span> <span class='ocrx_word' id='word_1_533' title='bbox 3379 1889 3626 1946; x_wconf 91' lang='lat' dir='ltr'><strong>Gallieni</strong></span> <span class='ocrx_word' id='word_1_534' title='bbox 3654 1891 3761 1946; x_wconf 90' lang='lat' dir='ltr'><strong>im-</strong></span> 
     </span>
    </p>
   </div>
   <div class='ocr_carea' id='block_1_79' title="bbox 2105 1979 3757 2056">
    <p class='ocr_par' dir='ltr' id='par_1_79' title="bbox 2105 1979 3757 2056">
     <span class='ocr_line' id='line_1_79' title="bbox 2105 1979 3757 2056; baseline -0.002 -17"><span class='ocrx_word' id='word_1_535' title='bbox 2105 1983 2411 2056; x_wconf 90' lang='lat' dir='ltr'><strong>peratoris,</strong></span> <span class='ocrx_word' id='word_1_536' title='bbox 2449 1987 2580 2055; x_wconf 92' lang='lat' dir='ltr'><strong>post</strong></span> <span class='ocrx_word' id='word_1_537' title='bbox 2622 1981 2802 2038; x_wconf 89' lang='lat' dir='ltr'><strong>multa</strong></span> <span class='ocrx_word' id='word_1_538' title='bbox 2833 1981 3116 2038; x_wconf 90' lang='lat' dir='ltr'><strong>virtutum</strong></span> <span class='ocrx_word' id='word_1_539' title='bbox 3150 1979 3418 2052; x_wconf 90' lang='lat' dir='ltr'><strong>insignia,</strong></span> <span class='ocrx_word' id='word_1_540' title='bbox 3455 1983 3512 2035; x_wconf 89' lang='lat' dir='ltr'><strong>et</strong></span> <span class='ocrx_word' id='word_1_541' title='bbox 3547 1994 3757 2036; x_wconf 88' lang='lat' dir='ltr'><strong>sacros</strong></span> 
     </span>
    </p>
   </div>
   <div class='ocr_carea' id='block_1_80' title="bbox 2102 2068 3752 2142">
    <p class='ocr_par' dir='ltr' id='par_1_80' title="bbox 2102 2068 3752 2142">
     <span class='ocr_line' id='line_1_80' title="bbox 2102 2068 3752 2142; baseline -0.002 -14"><span class='ocrx_word' id='word_1_542' title='bbox 2102 2071 2389 2142; x_wconf 88' lang='lat' dir='ltr'><strong>virginum</strong></span> <span class='ocrx_word' id='word_1_543' title='bbox 2421 2072 2652 2142; x_wconf 92' lang='lat' dir='ltr'><strong>choros,</strong></span> <span class='ocrx_word' id='word_1_544' title='bbox 2689 2085 2832 2142; x_wconf 89' lang='lat' dir='ltr'><strong>quas</strong></span> <span class='ocrx_word' id='word_1_545' title='bbox 2863 2069 3091 2126; x_wconf 90' lang='lat' dir='ltr'><strong>Christo</strong></span> <span class='ocrx_word' id='word_1_546' title='bbox 3121 2068 3358 2126; x_wconf 90' lang='lat' dir='ltr'><strong>Domino</strong></span> <span class='ocrx_word' id='word_1_547' title='bbox 3395 2083 3752 2139; x_wconf 87' lang='lat' dir='ltr'><strong>aggregave-</strong></span> 
     </span>
    </p>
   </div>
   <div class='ocr_carea' id='block_1_81' title="bbox 2104 2157 3754 2231">
    <p class='ocr_par' dir='ltr' id='par_1_81' title="bbox 2104 2157 3754 2231">
     <span class='ocr_line' id='line_1_81' title="bbox 2104 2157 3754 2231; baseline -0.002 -15"><span class='ocrx_word' id='word_1_548' title='bbox 2104 2164 2214 2230; x_wconf 88' lang='lat' dir='ltr'><strong>rat,</strong></span> <span class='ocrx_word' id='word_1_549' title='bbox 2251 2162 2359 2218; x_wconf 90' lang='lat' dir='ltr'><strong>sub</strong></span> <span class='ocrx_word' id='word_1_550' title='bbox 2409 2159 2632 2217; x_wconf 81' lang='lat' dir='ltr'><strong>Nicetio</strong></span> <span class='ocrx_word' id='word_1_551' title='bbox 2679 2159 2843 2217; x_wconf 89' lang='lat' dir='ltr'><strong>urbis</strong></span> <span class='ocrx_word' id='word_1_552' title='bbox 2891 2160 3170 2231; x_wconf 68' lang='lat' dir='ltr'><strong>praefecto</strong></span> <span class='ocrx_word' id='word_1_553' title='bbox 3202 2157 3438 2228; x_wconf 88' lang='lat' dir='ltr'><strong>alligata</strong></span> <span class='ocrx_word' id='word_1_554' title='bbox 3492 2172 3656 2226; x_wconf 84' lang='lat' dir='ltr'><strong>saxo,</strong></span> <span class='ocrx_word' id='word_1_555' title='bbox 3691 2161 3754 2212; x_wconf 91' lang='lat' dir='ltr'><strong>et</strong></span> 
     </span>
    </p>
   </div>
   <div class='ocr_carea' id='block_1_82' title="bbox 2103 2245 3869 2322">
    <p class='ocr_par' dir='ltr' id='par_1_82' title="bbox 2103 2245 3869 2322">
     <span class='ocr_line' id='line_1_82' title="bbox 2103 2245 3869 2322; baseline -0.001 -18"><span class='ocrx_word' id='word_1_556' title='bbox 2103 2249 2465 2322; x_wconf 67' lang='lat' dir='ltr'><strong>praecipitata</strong></span> <span class='ocrx_word' id='word_1_557' title='bbox 2499 2249 2553 2304; x_wconf 93' lang='lat' dir='ltr'><strong>in</strong></span> <span class='ocrx_word' id='word_1_558' title='bbox 2574 2249 2823 2305; x_wconf 90' lang='lat' dir='ltr'><strong>Tiberim</strong></span> <span class='ocrx_word' id='word_1_559' title='bbox 2846 2247 3026 2319; x_wconf 89' lang='lat' dir='ltr'><strong>mergi</strong></span> <span class='ocrx_word' id='word_1_560' title='bbox 3051 2263 3162 2304; x_wconf 95' lang='lat' dir='ltr'><strong>non</strong></span> <span class='ocrx_word' id='word_1_561' title='bbox 3188 2247 3396 2319; x_wconf 91' lang='lat' dir='ltr'><strong>potuit.</strong></span> <span class='ocrx_word' id='word_1_562' title='bbox 3427 2247 3565 2304; x_wconf 90' lang='lat' dir='ltr'><strong>Inde</strong></span> <span class='ocrx_word' id='word_1_563' title='bbox 3587 2245 3759 2303; x_wconf 90' lang='lat' dir='ltr'><strong>ther-</strong></span> <span class='ocrx_word' id='word_1_564' title='bbox 3857 2245 3869 2255; x_wconf 86' lang='grc'><strong>’</strong></span> 
     </span>
    </p>
   </div>
   <div class='ocr_carea' id='block_1_83' title="bbox 2103 2334 3757 2409">
    <p class='ocr_par' dir='ltr' id='par_1_83' title="bbox 2103 2334 3757 2409">
     <span class='ocr_line' id='line_1_83' title="bbox 2103 2334 3757 2409; baseline -0.001 -16"><span class='ocrx_word' id='word_1_565' title='bbox 2103 2338 2212 2395; x_wconf 89' lang='lat' dir='ltr'><strong>mis</strong></span> <span class='ocrx_word' id='word_1_566' title='bbox 2236 2337 2436 2408; x_wconf 86' lang='lat' dir='ltr'><strong>ignitis</strong></span> <span class='ocrx_word' id='word_1_567' title='bbox 2459 2336 2700 2408; x_wconf 89' lang='lat' dir='ltr'><strong>inclusa,</strong></span> <span class='ocrx_word' id='word_1_568' title='bbox 2737 2337 2916 2394; x_wconf 74' lang='lat' dir='ltr'><strong>illmsa</strong></span> <span class='ocrx_word' id='word_1_569' title='bbox 2951 2339 3182 2409; x_wconf 87' lang='lat' dir='ltr'><strong>reperta</strong></span> <span class='ocrx_word' id='word_1_570' title='bbox 3205 2339 3319 2392; x_wconf 91' lang='lat' dir='ltr'><strong>est.</strong></span> <span class='ocrx_word' id='word_1_571' title='bbox 3344 2334 3675 2392; x_wconf 88' lang='lat' dir='ltr'><strong>Novissime</strong></span> <span class='ocrx_word' id='word_1_572' title='bbox 3697 2335 3757 2392; x_wconf 86' lang='lat' dir='ltr'><strong>in</strong></span> 
     </span>
    </p>
   </div>
   <div class='ocr_carea' id='block_1_84' title="bbox 2101 2424 3758 2497">
    <p class='ocr_par' dir='ltr' id='par_1_84' title="bbox 2101 2424 3758 2497">
     <span class='ocr_line' id='line_1_84' title="bbox 2101 2424 3758 2497; baseline -0.001 -13"><span class='ocrx_word' id='word_1_573' title='bbox 2101 2427 2363 2484; x_wconf 89' lang='lat' dir='ltr'><strong>custodia</strong></span> <span class='ocrx_word' id='word_1_574' title='bbox 2394 2426 2588 2496; x_wconf 91' lang='lat' dir='ltr'><strong>gladio</strong></span> <span class='ocrx_word' id='word_1_575' title='bbox 2614 2426 2920 2496; x_wconf 88' lang='lat' dir='ltr'><strong>jugulatur</strong></span> <span class='ocrx_word' id='word_1_576' title='bbox 2951 2447 2964 2481; x_wconf 89' lang='lat'><strong>:</strong></span> <span class='ocrx_word' id='word_1_577' title='bbox 2997 2429 3053 2482; x_wconf 89' lang='lat' dir='ltr'><strong>et</strong></span> <span class='ocrx_word' id='word_1_578' title='bbox 3084 2424 3380 2482; x_wconf 85' lang='lat' dir='ltr'><strong>sublatum</strong></span> <span class='ocrx_word' id='word_1_579' title='bbox 3403 2428 3496 2481; x_wconf 91' lang='lat' dir='ltr'><strong>est</strong></span> <span class='ocrx_word' id='word_1_580' title='bbox 3529 2439 3758 2497; x_wconf 89' lang='lat' dir='ltr'><strong>corpus</strong></span> 
     </span>
    </p>
   </div>
   <div class='ocr_carea' id='block_1_85' title="bbox 2101 2514 3760 2587">
    <p class='ocr_par' dir='ltr' id='par_1_85' title="bbox 2101 2514 3760 2587">
     <span class='ocr_line' id='line_1_85' title="bbox 2101 2514 3760 2587; baseline 0 -15"><span class='ocrx_word' id='word_1_581' title='bbox 2101 2517 2174 2572; x_wconf 89' lang='lat' dir='ltr'><strong>ab</strong></span> <span class='ocrx_word' id='word_1_582' title='bbox 2204 2516 2472 2572; x_wconf 70' lang='lat' dir='ltr'><strong>affinibus</strong></span> <span class='ocrx_word' id='word_1_583' title='bbox 2501 2514 2629 2586; x_wconf 90' lang='lat' dir='ltr'><strong>ejus</strong></span> <span class='ocrx_word' id='word_1_584' title='bbox 2661 2515 3027 2586; x_wconf 88' lang='lat' dir='ltr'><strong>Christianis,</strong></span> <span class='ocrx_word' id='word_1_585' title='bbox 3052 2519 3111 2570; x_wconf 92' lang='lat' dir='ltr'><strong>et</strong></span> <span class='ocrx_word' id='word_1_586' title='bbox 3145 2515 3400 2587; x_wconf 91' lang='lat' dir='ltr'><strong>positum</strong></span> <span class='ocrx_word' id='word_1_587' title='bbox 3433 2529 3545 2570; x_wconf 91' lang='lat' dir='ltr'><strong>non</strong></span> <span class='ocrx_word' id='word_1_588' title='bbox 3577 2514 3760 2584; x_wconf 89' lang='lat' dir='ltr'><strong>longe</strong></span> 
     </span>
    </p>
   </div>
   <div class='ocr_carea' id='block_1_86' title="bbox 2101 2602 3759 2677">
    <p class='ocr_par' dir='ltr' id='par_1_86' title="bbox 2101 2602 3759 2677">
     <span class='ocr_line' id='line_1_86' title="bbox 2101 2602 3759 2677; baseline -0.001 -16"><span class='ocrx_word' id='word_1_589' title='bbox 2101 2606 2174 2662; x_wconf 91' lang='lat' dir='ltr'><strong>ab</strong></span> <span class='ocrx_word' id='word_1_590' title='bbox 2204 2605 2377 2675; x_wconf 87' lang='lat' dir='ltr'><strong>Urbe,</strong></span> <span class='ocrx_word' id='word_1_591' title='bbox 2417 2604 2508 2662; x_wconf 89' lang='lat' dir='ltr'><strong>via</strong></span> <span class='ocrx_word' id='word_1_592' title='bbox 2557 2603 2775 2674; x_wconf 90' lang='lat' dir='ltr'><strong>Latina,</strong></span> <span class='ocrx_word' id='word_1_593' title='bbox 2811 2603 2867 2659; x_wconf 90' lang='lat' dir='ltr'><strong>in</strong></span> <span class='ocrx_word' id='word_1_594' title='bbox 2917 2603 3136 2676; x_wconf 57' lang='lat' dir='ltr'><strong>praedio</strong></span> <span class='ocrx_word' id='word_1_595' title='bbox 3176 2603 3304 2674; x_wconf 89' lang='lat' dir='ltr'><strong>ejus</strong></span> <span class='ocrx_word' id='word_1_596' title='bbox 3343 2602 3601 2677; x_wconf 89' lang='lat' dir='ltr'><strong>proprio,</strong></span> <span class='ocrx_word' id='word_1_597' title='bbox 3655 2603 3759 2661; x_wconf 89' lang='lat' dir='ltr'><strong>ubi</strong></span> 
     </span>
    </p>
   </div>
   <div class='ocr_carea' id='block_1_87' title="bbox 2101 2692 3242 2766">
    <p class='ocr_par' dir='ltr' id='par_1_87' title="bbox 2101 2692 3242 2766">
     <span class='ocr_line' id='line_1_87' title="bbox 2101 2692 3242 2766; baseline 0 -18"><span class='ocrx_word' id='word_1_598' title='bbox 2101 2693 2414 2751; x_wconf 90' lang='lat' dir='ltr'><strong>multorum</strong></span> <span class='ocrx_word' id='word_1_599' title='bbox 2446 2693 2571 2766; x_wconf 89' lang='lat' dir='ltr'><strong>ipsa</strong></span> <span class='ocrx_word' id='word_1_600' title='bbox 2606 2692 2920 2764; x_wconf 90' lang='lat' dir='ltr'><strong>sepelierat</strong></span> <span class='ocrx_word' id='word_1_601' title='bbox 2964 2694 3242 2750; x_wconf 90' lang='lat' dir='ltr'><strong>membra.</strong></span> 
     </span>
    </p>
   </div>
   <div class='ocr_carea' id='block_1_88' title="bbox 2544 2810 3398 2901">
    <p class='ocr_par' dir='ltr' id='par_1_88' title="bbox 2544 2810 3398 2901">
     <span class='ocr_line' id='line_1_88' title="bbox 2544 2810 3398 2901; baseline -0.001 -34"><span class='ocrx_word' id='word_1_602' title='bbox 2544 2811 2603 2867; x_wconf 87' lang='lat' dir='ltr'><strong>C.</strong></span> <span class='ocrx_word' id='word_1_603' title='bbox 2639 2810 2732 2866; x_wconf 84' lang='lat' dir='ltr'><strong>VII</strong></span> <span class='ocrx_word' id='word_1_604' title='bbox 2765 2811 2918 2866; x_wconf 83' lang='lat' dir='ltr'><strong>KAL.</strong></span> <span class='ocrx_word' id='word_1_605' title='bbox 2949 2811 3296 2866; x_wconf 80' lang='lat' dir='ltr'><strong>JANUARII.</strong></span> <span class='ocrx_word' id='word_1_606' title='bbox 3389 2892 3398 2901; x_wconf 34' lang='lat'><em>.</em></span> 
     </span>
    </p>
   </div>
   <div class='ocr_carea' id='block_1_89' title="bbox 2779 2908 3063 2975">
    <p class='ocr_par' dir='ltr' id='par_1_89' title="bbox 2779 2908 3063 2975">
     <span class='ocr_line' id='line_1_89' title="bbox 2779 2908 3063 2975; baseline -0.007 -11"><span class='ocrx_word' id='word_1_607' title='bbox 2779 2910 2870 2972; x_wconf 82' lang='lat'><strong>(26</strong></span> <span class='ocrx_word' id='word_1_608' title='bbox 2896 2908 3063 2975; x_wconf 79' lang='lat' dir='ltr'><strong>Dec.)</strong></span> 
     </span>
    </p>
   </div>
   <div class='ocr_carea' id='block_1_90' title="bbox 2169 3011 3760 3086">
    <p class='ocr_par' dir='ltr' id='par_1_90' title="bbox 2169 3011 3760 3086">
     <span class='ocr_line' id='line_1_90' title="bbox 2169 3011 3760 3086; baseline 0.001 -16"><span class='ocrx_word' id='word_1_609' title='bbox 2169 3025 2196 3054; x_wconf 76' lang='grc' dir='ltr'>α</span> <span class='ocrx_word' id='word_1_610' title='bbox 2217 3013 2421 3070; x_wconf 90' lang='lat' dir='ltr'><strong>Natale</strong></span> <span class='ocrx_word' id='word_1_611' title='bbox 2445 3013 2630 3069; x_wconf 90' lang='lat' dir='ltr'><strong>sancti</strong></span> <span class='ocrx_word' id='word_1_612' title='bbox 2655 3011 2928 3084; x_wconf 89' lang='lat' dir='ltr'><strong>Stephani</strong></span> <span class='ocrx_word' id='word_1_613' title='bbox 2953 3012 3420 3084; x_wconf 89' lang='lat' dir='ltr'><strong>protomartyris,</strong></span> <span class='ocrx_word' id='word_1_614' title='bbox 3438 3027 3550 3070; x_wconf 87' lang='lat' dir='ltr'><strong>non</strong></span> <span class='ocrx_word' id='word_1_615' title='bbox 3577 3011 3760 3086; x_wconf 89' lang='lat' dir='ltr'><strong>longe</strong></span> 
     </span>
    </p>
   </div>
   <div class='ocr_carea' id='block_1_91' title="bbox 2102 3101 3757 3176">
    <p class='ocr_par' dir='ltr' id='par_1_91' title="bbox 2102 3101 3757 3176">
     <span class='ocr_line' id='line_1_91' title="bbox 2102 3101 3757 3176; baseline 0.001 -17"><span class='ocrx_word' id='word_1_616' title='bbox 2102 3108 2234 3176; x_wconf 90' lang='lat' dir='ltr'><strong>post</strong></span> <span class='ocrx_word' id='word_1_617' title='bbox 2285 3102 2685 3159; x_wconf 89' lang='lat' dir='ltr'><strong>ascensionem</strong></span> <span class='ocrx_word' id='word_1_618' title='bbox 2745 3101 2966 3157; x_wconf 90' lang='lat' dir='ltr'><strong>Domini</strong></span> <span class='ocrx_word' id='word_1_619' title='bbox 3021 3102 3202 3174; x_wconf 89' lang='lat' dir='ltr'><strong>passi,</strong></span> <span class='ocrx_word' id='word_1_620' title='bbox 3264 3103 3466 3160; x_wconf 90' lang='lat' dir='ltr'><strong>eodem</strong></span> <span class='ocrx_word' id='word_1_621' title='bbox 3517 3101 3757 3161; x_wconf 87' lang='lat' dir='ltr'><strong>scilicet</strong></span> 
     </span>
    </p>
   </div>
   <div class='ocr_carea' id='block_1_92' title="bbox 2101 3189 2836 3263">
    <p class='ocr_par' dir='ltr' id='par_1_92' title="bbox 2101 3189 2836 3263">
     <span class='ocr_line' id='line_1_92' title="bbox 2101 3189 2836 3263; baseline -0.004 -14"><span class='ocrx_word' id='word_1_622' title='bbox 2101 3207 2250 3249; x_wconf 91' lang='lat' dir='ltr'><strong>anno</strong></span> <span class='ocrx_word' id='word_1_623' title='bbox 2275 3191 2567 3263; x_wconf 89' lang='lat' dir='ltr'><strong>passionis</strong></span> <span class='ocrx_word' id='word_1_624' title='bbox 2602 3189 2836 3246; x_wconf 88' lang='lat' dir='ltr'><strong>Christi.</strong></span> 
     </span>
    </p>
   </div>
   <div class='ocr_carea' id='block_1_93' title="bbox 2172 3279 3762 3351">
    <p class='ocr_par' dir='ltr' id='par_1_93' title="bbox 2172 3279 3762 3351">
     <span class='ocr_line' id='line_1_93' title="bbox 2172 3279 3762 3351; baseline 0.001 -13"><span class='ocrx_word' id='word_1_625' title='bbox 2172 3281 2383 3338; x_wconf 89' lang='lat' dir='ltr'><strong>Eodem</strong></span> <span class='ocrx_word' id='word_1_626' title='bbox 2425 3280 2516 3336; x_wconf 93' lang='lat' dir='ltr'><strong>die</strong></span> <span class='ocrx_word' id='word_1_627' title='bbox 2559 3279 2770 3337; x_wconf 90' lang='lat' dir='ltr'><strong>Zosimi</strong></span> <span class='ocrx_word' id='word_1_628' title='bbox 2817 3293 3001 3351; x_wconf 85' lang='lat' dir='ltr'><strong>papae,</strong></span> <span class='ocrx_word' id='word_1_629' title='bbox 3047 3279 3142 3350; x_wconf 91' lang='lat' dir='ltr'><strong>qui</strong></span> <span class='ocrx_word' id='word_1_630' title='bbox 3183 3281 3335 3338; x_wconf 91' lang='lat' dir='ltr'><strong>sedit</strong></span> <span class='ocrx_word' id='word_1_631' title='bbox 3373 3283 3567 3338; x_wconf 76' lang='lat' dir='ltr'><strong>Romae</strong></span> <span class='ocrx_word' id='word_1_632' title='bbox 3597 3297 3762 3340; x_wconf 81' lang='lat' dir='ltr'><strong>anno</strong></span> 
     </span>
    </p>
   </div>
   <div class='ocr_carea' id='block_1_94' title="bbox 2101 3367 3762 3444">
    <p class='ocr_par' dir='ltr' id='par_1_94' title="bbox 2101 3367 3762 3444">
     <span class='ocr_line' id='line_1_94' title="bbox 2101 3367 3762 3444; baseline 0 -17"><span class='ocrx_word' id='word_1_633' title='bbox 2101 3385 2234 3428; x_wconf 93' lang='lat' dir='ltr'><strong>uno.</strong></span> <span class='ocrx_word' id='word_1_634' title='bbox 2270 3369 2372 3426; x_wconf 86' lang='lat' dir='ltr'><strong>Hic</strong></span> <span class='ocrx_word' id='word_1_635' title='bbox 2402 3368 2730 3439; x_wconf 90' lang='lat' dir='ltr'><strong>constituit,</strong></span> <span class='ocrx_word' id='word_1_636' title='bbox 2769 3372 2830 3424; x_wconf 91' lang='lat' dir='ltr'><strong>ut</strong></span> <span class='ocrx_word' id='word_1_637' title='bbox 2850 3367 3076 3424; x_wconf 88' lang='lat' dir='ltr'><strong>diaconi</strong></span> <span class='ocrx_word' id='word_1_638' title='bbox 3099 3367 3300 3425; x_wconf 64' lang='lat' dir='ltr'><strong>laevam</strong></span> <span class='ocrx_word' id='word_1_639' title='bbox 3335 3374 3602 3440; x_wconf 89' lang='lat' dir='ltr'><strong>tegerent</strong></span> <span class='ocrx_word' id='word_1_640' title='bbox 3631 3371 3762 3444; x_wconf 88' lang='lat' dir='ltr'><strong>pal-</strong></span> 
     </span>
    </p>
   </div>
   <div class='ocr_carea' id='block_1_95' title="bbox 2101 3455 3762 3534">
    <p class='ocr_par' dir='ltr' id='par_1_95' title="bbox 2101 3455 3762 3534">
     <span class='ocr_line' id='line_1_95' title="bbox 2101 3455 3762 3534; baseline 0.004 -22"><span class='ocrx_word' id='word_1_641' title='bbox 2101 3457 2197 3514; x_wconf 92' lang='lat' dir='ltr'><strong>liis</strong></span> <span class='ocrx_word' id='word_1_642' title='bbox 2232 3478 2244 3514; x_wconf 93' lang='lat'>:</span> <span class='ocrx_word' id='word_1_643' title='bbox 2277 3462 2334 3516; x_wconf 89' lang='lat' dir='ltr'><strong>et</strong></span> <span class='ocrx_word' id='word_1_644' title='bbox 2365 3458 2628 3532; x_wconf 87' lang='lat' dir='ltr'><strong>precepit</strong></span> <span class='ocrx_word' id='word_1_645' title='bbox 2660 3461 2724 3516; x_wconf 89' lang='lat' dir='ltr'><strong>ut</strong></span> <span class='ocrx_word' id='word_1_646' title='bbox 2753 3455 2948 3514; x_wconf 89' lang='lat' dir='ltr'><strong>nullus</strong></span> <span class='ocrx_word' id='word_1_647' title='bbox 2978 3455 3232 3515; x_wconf 90' lang='lat' dir='ltr'><strong>clericus</strong></span> <span class='ocrx_word' id='word_1_648' title='bbox 3256 3459 3524 3530; x_wconf 90' lang='lat' dir='ltr'><strong>poculum</strong></span> <span class='ocrx_word' id='word_1_649' title='bbox 3556 3459 3610 3516; x_wconf 91' lang='lat' dir='ltr'><strong>in</strong></span> <span class='ocrx_word' id='word_1_650' title='bbox 3651 3477 3762 3534; x_wconf 89' lang='lat' dir='ltr'><strong>pu-</strong></span> 
     </span>
    </p>
   </div>
   <div class='ocr_carea' id='block_1_96' title="bbox 2103 3545 3758 3620">
    <p class='ocr_par' dir='ltr' id='par_1_96' title="bbox 2103 3545 3758 3620">
     <span class='ocr_line' id='line_1_96' title="bbox 2103 3545 3758 3620; baseline 0.002 -15"><span class='ocrx_word' id='word_1_651' title='bbox 2103 3547 2255 3605; x_wconf 92' lang='lat' dir='ltr'><strong>blico</strong></span> <span class='ocrx_word' id='word_1_652' title='bbox 2302 3549 2658 3620; x_wconf 86' lang='lat' dir='ltr'><strong>prOpinaret,</strong></span> <span class='ocrx_word' id='word_1_653' title='bbox 2694 3545 2805 3603; x_wconf 92' lang='lat' dir='ltr'><strong>nisi</strong></span> <span class='ocrx_word' id='word_1_654' title='bbox 2857 3548 3082 3602; x_wconf 89' lang='lat' dir='ltr'><strong>tantum</strong></span> <span class='ocrx_word' id='word_1_655' title='bbox 3113 3545 3167 3602; x_wconf 93' lang='lat' dir='ltr'><strong>in</strong></span> <span class='ocrx_word' id='word_1_656' title='bbox 3198 3547 3366 3606; x_wconf 90' lang='lat' dir='ltr'><strong>cellis</strong></span> <span class='ocrx_word' id='word_1_657' title='bbox 3398 3549 3662 3608; x_wconf 84' lang='lat' dir='ltr'><strong>fidelium</strong></span> <span class='ocrx_word' id='word_1_658' title='bbox 3696 3557 3758 3608; x_wconf 89' lang='lat' dir='ltr'><strong>et</strong></span> 
     </span>
    </p>
   </div>
   <div class='ocr_carea' id='block_1_97' title="bbox 2100 3631 2988 3696">
    <p class='ocr_par' dir='ltr' id='par_1_97' title="bbox 2100 3631 2988 3696">
     <span class='ocr_line' id='line_1_97' title="bbox 2100 3631 2988 3696; baseline 0.002 -2"><span class='ocrx_word' id='word_1_659' title='bbox 2100 3636 2468 3696; x_wconf 89' lang='lat' dir='ltr'><strong>clericorum.</strong></span> <span class='ocrx_word' id='word_1_660' title='bbox 2985 3631 2988 3634; x_wconf 75' lang='grc'><em>’</em></span> 
     </span>
    </p>
   </div>
   <div class='ocr_carea' id='block_1_98' title="bbox 2553 3755 3284 3814">
    <p class='ocr_par' dir='ltr' id='par_1_98' title="bbox 2553 3755 3284 3814">
     <span class='ocr_line' id='line_1_98' title="bbox 2553 3755 3284 3814; baseline 0.004 -5"><span class='ocrx_word' id='word_1_661' title='bbox 2553 3755 2613 3812; x_wconf 92' lang='lat' dir='ltr'><strong>D.</strong></span> <span class='ocrx_word' id='word_1_662' title='bbox 2649 3755 2719 3810; x_wconf 75' lang='lat' dir='ltr'><strong>Vl</strong></span> <span class='ocrx_word' id='word_1_663' title='bbox 2753 3757 2908 3813; x_wconf 82' lang='lat' dir='ltr'><strong>KAL.</strong></span> <span class='ocrx_word' id='word_1_664' title='bbox 2937 3757 3284 3814; x_wconf 80' lang='lat' dir='ltr'><strong>JANUARII.</strong></span> 
     </span>
    </p>
   </div>
   <div class='ocr_carea' id='block_1_99' title="bbox 2778 3857 3065 3926">
    <p class='ocr_par' dir='ltr' id='par_1_99' title="bbox 2778 3857 3065 3926">
     <span class='ocr_line' id='line_1_99' title="bbox 2778 3857 3065 3926; baseline -0.01 -12"><span class='ocrx_word' id='word_1_665' title='bbox 2778 3858 2871 3921; x_wconf 77' lang='lat'><strong>(&#39;27</strong></span> <span class='ocrx_word' id='word_1_666' title='bbox 2899 3857 3065 3926; x_wconf 80' lang='lat' dir='ltr'><strong>Dec.)</strong></span> 
     </span>
    </p>
   </div>
   <div class='ocr_carea' id='block_1_100' title="bbox 2170 3958 3752 4034">
    <p class='ocr_par' dir='ltr' id='par_1_100' title="bbox 2170 3958 3752 4034">
     <span class='ocr_line' id='line_1_100' title="bbox 2170 3958 3752 4034; baseline 0.003 -19"><span class='ocrx_word' id='word_1_667' title='bbox 2170 3958 2198 3996; x_wconf 70' lang='grc' dir='ltr'><strong>ι)</strong></span> <span class='ocrx_word' id='word_1_668' title='bbox 2227 3959 2447 4015; x_wconf 75' lang='lat' dir='ltr'><strong>Natalis</strong></span> <span class='ocrx_word' id='word_1_669' title='bbox 2477 3961 2663 4017; x_wconf 89' lang='lat' dir='ltr'><strong>sancti</strong></span> <span class='ocrx_word' id='word_1_670' title='bbox 2703 3961 2938 4019; x_wconf 88' lang='lat' dir='ltr'><strong>Ioannis</strong></span> <span class='ocrx_word' id='word_1_671' title='bbox 2966 3963 3214 4034; x_wconf 90' lang='lat' dir='ltr'><strong>apostoli</strong></span> <span class='ocrx_word' id='word_1_672' title='bbox 3254 3966 3312 4018; x_wconf 91' lang='lat' dir='ltr'><strong>et</strong></span> <span class='ocrx_word' id='word_1_673' title='bbox 3343 3959 3752 4034; x_wconf 58' lang='lat' dir='ltr'><strong>evangelista,</strong></span> 
     </span>
    </p>
   </div>
   <div class='ocr_carea' id='block_1_101' title="bbox 2103 4046 3758 4123">
    <p class='ocr_par' dir='ltr' id='par_1_101' title="bbox 2103 4046 3758 4123">
     <span class='ocr_line' id='line_1_101' title="bbox 2103 4046 3758 4123; baseline 0.004 -21"><span class='ocrx_word' id='word_1_674' title='bbox 2103 4046 2300 4102; x_wconf 88' lang='lat' dir='ltr'><strong>dilecti</strong></span> <span class='ocrx_word' id='word_1_675' title='bbox 2341 4047 2582 4119; x_wconf 91' lang='lat' dir='ltr'><strong>Domini,</strong></span> <span class='ocrx_word' id='word_1_676' title='bbox 2636 4049 2732 4118; x_wconf 91' lang='lat' dir='ltr'><strong>qui</strong></span> <span class='ocrx_word' id='word_1_677' title='bbox 2778 4050 2920 4106; x_wconf 89' lang='lat' dir='ltr'><strong>obiit</strong></span> <span class='ocrx_word' id='word_1_678' title='bbox 2973 4065 3122 4108; x_wconf 93' lang='lat' dir='ltr'><strong>anno</strong></span> <span class='ocrx_word' id='word_1_679' title='bbox 3169 4056 3236 4110; x_wconf 85' lang='lat'><strong>68</strong></span> <span class='ocrx_word' id='word_1_680' title='bbox 3279 4055 3410 4123; x_wconf 86' lang='lat' dir='ltr'><strong>post</strong></span> <span class='ocrx_word' id='word_1_681' title='bbox 3453 4053 3758 4109; x_wconf 87' lang='lat' dir='ltr'><strong>ascensio-</strong></span> 
     </span>
    </p>
   </div>
   <div class='ocr_carea' id='block_1_102' title="bbox 2102 4134 3750 4212">
    <p class='ocr_par' dir='ltr' id='par_1_102' title="bbox 2102 4134 3750 4212">
     <span class='ocr_line' id='line_1_102' title="bbox 2102 4134 3750 4212; baseline 0.004 -22"><span class='ocrx_word' id='word_1_682' title='bbox 2102 4149 2230 4190; x_wconf 92' lang='lat' dir='ltr'><strong>nem</strong></span> <span class='ocrx_word' id='word_1_683' title='bbox 2263 4134 2504 4207; x_wconf 92' lang='lat' dir='ltr'><strong>Domini,</strong></span> <span class='ocrx_word' id='word_1_684' title='bbox 2538 4137 2733 4192; x_wconf 67' lang='lat' dir='ltr'><strong>aetatis</strong></span> <span class='ocrx_word' id='word_1_685' title='bbox 2770 4143 2964 4195; x_wconf 89' lang='lat' dir='ltr'><strong>autem</strong></span> <span class='ocrx_word' id='word_1_686' title='bbox 3015 4155 3136 4196; x_wconf 81' lang='lat' dir='ltr'><strong>suae</strong></span> <span class='ocrx_word' id='word_1_687' title='bbox 3173 4139 3548 4210; x_wconf 88' lang='lat' dir='ltr'><strong>nonagesimo</strong></span> <span class='ocrx_word' id='word_1_688' title='bbox 3571 4155 3750 4212; x_wconf 92' lang='lat' dir='ltr'><strong>nono,</strong></span> 
     </span>
    </p>
   </div>
   <div class='ocr_carea' id='block_1_103' title="bbox 2102 4223 2334 4294">
    <p class='ocr_par' dir='ltr' id='par_1_103' title="bbox 2102 4223 2334 4294">
     <span class='ocr_line' id='line_1_103' title="bbox 2102 4223 2334 4294; baseline 0.004 -15"><span class='ocrx_word' id='word_1_689' title='bbox 2102 4223 2334 4294; x_wconf 87' lang='lat' dir='ltr'><strong>Ephesi.</strong></span> 
     </span>
    </p>
   </div>
   <div class='ocr_carea' id='block_1_104' title="bbox 2171 4313 3755 4390">
    <p class='ocr_par' dir='ltr' id='par_1_104' title="bbox 2171 4313 3755 4390">
     <span class='ocr_line' id='line_1_104' title="bbox 2171 4313 3755 4390; baseline 0.005 -22"><span class='ocrx_word' id='word_1_690' title='bbox 2171 4313 2365 4369; x_wconf 66' lang='lat' dir='ltr'><strong>Romae</strong></span> <span class='ocrx_word' id='word_1_691' title='bbox 2397 4314 2582 4371; x_wconf 88' lang='lat' dir='ltr'><strong>sancti</strong></span> <span class='ocrx_word' id='word_1_692' title='bbox 2613 4315 2867 4389; x_wconf 89' lang='lat' dir='ltr'><strong>Dionysii</strong></span> <span class='ocrx_word' id='word_1_693' title='bbox 2901 4332 3085 4390; x_wconf 66' lang='lat' dir='ltr'><strong>papae,</strong></span> <span class='ocrx_word' id='word_1_694' title='bbox 3121 4317 3219 4390; x_wconf 92' lang='lat' dir='ltr'><strong>qui</strong></span> <span class='ocrx_word' id='word_1_695' title='bbox 3251 4317 3404 4375; x_wconf 88' lang='lat' dir='ltr'><strong>sedit</strong></span> <span class='ocrx_word' id='word_1_696' title='bbox 3438 4317 3493 4374; x_wconf 94' lang='lat' dir='ltr'><strong>in</strong></span> <span class='ocrx_word' id='word_1_697' title='bbox 3521 4316 3755 4390; x_wconf 89' lang='lat' dir='ltr'><strong>episco-</strong></span> 
     </span>
    </p>
   </div>
   <div class='ocr_carea' id='block_1_105' title="bbox 2100 4405 3754 4480">
    <p class='ocr_par' dir='ltr' id='par_1_105' title="bbox 2100 4405 3754 4480">
     <span class='ocr_line' id='line_1_105' title="bbox 2100 4405 3754 4480; baseline 0.005 -23"><span class='ocrx_word' id='word_1_698' title='bbox 2100 4405 2241 4474; x_wconf 90' lang='lat' dir='ltr'><strong>patu</strong></span> <span class='ocrx_word' id='word_1_699' title='bbox 2274 4417 2454 4460; x_wconf 89' lang='lat' dir='ltr'><strong>annos</strong></span> <span class='ocrx_word' id='word_1_700' title='bbox 2487 4418 2611 4476; x_wconf 87' lang='lat' dir='ltr'><strong>sex,</strong></span> <span class='ocrx_word' id='word_1_701' title='bbox 2664 4407 2933 4478; x_wconf 88' lang='lat' dir='ltr'><strong>sepultus</strong></span> <span class='ocrx_word' id='word_1_702' title='bbox 2979 4407 3068 4464; x_wconf 91' lang='lat' dir='ltr'><strong>via</strong></span> <span class='ocrx_word' id='word_1_703' title='bbox 3102 4408 3283 4480; x_wconf 90' lang='lat' dir='ltr'><strong>Appia</strong></span> <span class='ocrx_word' id='word_1_704' title='bbox 3323 4407 3378 4464; x_wconf 94' lang='lat' dir='ltr'><strong>in</strong></span> <span class='ocrx_word' id='word_1_705' title='bbox 3406 4409 3754 4466; x_wconf 62' lang='lat' dir='ltr'><strong>caameterio</strong></span> 
     </span>
    </p>
   </div>
   <div class='ocr_carea' id='block_1_106' title="bbox 2101 4491 3752 4569">
    <p class='ocr_par' dir='ltr' id='par_1_106' title="bbox 2101 4491 3752 4569">
     <span class='ocr_line' id='line_1_106' title="bbox 2101 4491 3752 4569; baseline 0.004 -21"><span class='ocrx_word' id='word_1_706' title='bbox 2101 4491 2328 4548; x_wconf 84' lang='lat' dir='ltr'><strong>Calixti.</strong></span> <span class='ocrx_word' id='word_1_707' title='bbox 2377 4493 2477 4550; x_wconf 89' lang='lat' dir='ltr'><strong>Hie</strong></span> <span class='ocrx_word' id='word_1_708' title='bbox 2522 4495 2804 4553; x_wconf 89' lang='lat' dir='ltr'><strong>ecclesias</strong></span> <span class='ocrx_word' id='word_1_709' title='bbox 2845 4497 3212 4568; x_wconf 84' lang='lat' dir='ltr'><strong>presbyteris</strong></span> <span class='ocrx_word' id='word_1_710' title='bbox 3258 4498 3438 4569; x_wconf 89' lang='lat' dir='ltr'><strong>dedit,</strong></span> <span class='ocrx_word' id='word_1_711' title='bbox 3472 4501 3531 4552; x_wconf 91' lang='lat' dir='ltr'><strong>et</strong></span> <span class='ocrx_word' id='word_1_712' title='bbox 3581 4512 3752 4569; x_wconf 89' lang='lat' dir='ltr'><strong>paro-</strong></span> 
     </span>
    </p>
   </div>
   <div class='ocr_carea' id='block_1_107' title="bbox 2099 4580 3330 4655">
    <p class='ocr_par' dir='ltr' id='par_1_107' title="bbox 2099 4580 3330 4655">
     <span class='ocr_line' id='line_1_107' title="bbox 2099 4580 3330 4655; baseline 0.003 -17"><span class='ocrx_word' id='word_1_713' title='bbox 2099 4580 2262 4638; x_wconf 89' lang='lat' dir='ltr'><strong>chias</strong></span> <span class='ocrx_word' id='word_1_714' title='bbox 2295 4581 2568 4642; x_wconf 86' lang='lat' dir='ltr'><strong>dioecesis</strong></span> <span class='ocrx_word' id='word_1_715' title='bbox 2595 4583 2760 4640; x_wconf 85' lang='lat' dir='ltr'><strong>&#39;dcdit</strong></span> <span class='ocrx_word' id='word_1_716' title='bbox 2793 4589 2969 4655; x_wconf 89' lang='lat' dir='ltr'><strong>atque</strong></span> <span class='ocrx_word' id='word_1_717' title='bbox 3001 4585 3330 4643; x_wconf 89' lang='lat' dir='ltr'><strong>constituit.</strong></span> 
     </span>
    </p>
   </div>
   <div class='ocr_carea' id='block_1_108' title="bbox 2557 4697 3274 4757">
    <p class='ocr_par' dir='ltr' id='par_1_108' title="bbox 2557 4697 3274 4757">
     <span class='ocr_line' id='line_1_108' title="bbox 2557 4697 3274 4757; baseline 0.007 -5"><span class='ocrx_word' id='word_1_718' title='bbox 2557 4699 2619 4752; x_wconf 89' lang='lat' dir='ltr'><strong>E.</strong></span> <span class='ocrx_word' id='word_1_719' title='bbox 2647 4697 2697 4751; x_wconf 84' lang='lat' dir='ltr'><strong>&#39;V</strong></span> <span class='ocrx_word' id='word_1_720' title='bbox 2743 4698 2896 4755; x_wconf 83' lang='lat' dir='ltr'><strong>KAL.</strong></span> <span class='ocrx_word' id='word_1_721' title='bbox 2927 4700 3274 4757; x_wconf 77' lang='lat' dir='ltr'><strong>JANUARII.</strong></span> 
     </span>
    </p>
   </div>
   <div class='ocr_carea' id='block_1_109' title="bbox 2775 4799 3060 4868">
    <p class='ocr_par' dir='ltr' id='par_1_109' title="bbox 2775 4799 3060 4868">
     <span class='ocr_line' id='line_1_109' title="bbox 2775 4799 3060 4868; baseline -0.007 -12"><span class='ocrx_word' id='word_1_722' title='bbox 2775 4801 2866 4865; x_wconf 79' lang='lat'><strong>(28</strong></span> <span class='ocrx_word' id='word_1_723' title='bbox 2895 4799 3060 4868; x_wconf 79' lang='lat' dir='ltr'><strong>Dec.)</strong></span> 
     </span>
    </p>
   </div>
   <div class='ocr_carea' id='block_1_110' title="bbox 2167 4909 3743 4986">
    <p class='ocr_par' dir='ltr' id='par_1_110' title="bbox 2167 4909 3743 4986">
     <span class='ocr_line' id='line_1_110' title="bbox 2167 4909 3743 4986; baseline 0.004 -21"><span class='ocrx_word' id='word_1_724' title='bbox 2167 4909 2402 4981; x_wconf 75' lang='lat' dir='ltr'><strong>(Euseb.</strong></span> <span class='ocrx_word' id='word_1_725' title='bbox 2441 4911 2540 4968; x_wconf 78' lang='lat' dir='ltr'><strong>lib.</strong></span> <span class='ocrx_word' id='word_1_726' title='bbox 2568 4927 2603 4968; x_wconf 80' lang='grc' dir='ltr'><strong>ι.</strong></span> <span class='ocrx_word' id='word_1_727' title='bbox 2640 4928 2690 4970; x_wconf 92' lang='lat' dir='ltr'><strong>c.</strong></span> <span class='ocrx_word' id='word_1_728' title='bbox 2724 4916 2798 4985; x_wconf 91' lang='lat'><strong>8).</strong></span> <span class='ocrx_word' id='word_1_729' title='bbox 2835 4913 3150 4986; x_wconf 87' lang='lat' dir='ltr'><strong>Bethleem,</strong></span> <span class='ocrx_word' id='word_1_730' title='bbox 3181 4913 3374 4972; x_wconf 90' lang='lat' dir='ltr'><strong>natale</strong></span> <span class='ocrx_word' id='word_1_731' title='bbox 3403 4917 3743 4972; x_wconf 88' lang='lat' dir='ltr'><strong>sanctorum</strong></span> 
     </span>
    </p>
   </div>
   <div class='ocr_carea' id='block_1_111' title="bbox 2095 4997 3746 5075">
    <p class='ocr_par' dir='ltr' id='par_1_111' title="bbox 2095 4997 3746 5075">
     <span class='ocr_line' id='line_1_111' title="bbox 2095 4997 3746 5075; baseline 0.005 -23"><span class='ocrx_word' id='word_1_732' title='bbox 2095 4997 2526 5066; x_wconf 85' lang='lat' dir='ltr'><strong>Innocentium;</strong></span> <span class='ocrx_word' id='word_1_733' title='bbox 2559 5015 2704 5072; x_wconf 92' lang='lat' dir='ltr'><strong>quos</strong></span> <span class='ocrx_word' id='word_1_734' title='bbox 2733 5003 3014 5075; x_wconf 85' lang='lat' dir='ltr'><strong>Herodes,</strong></span> <span class='ocrx_word' id='word_1_735' title='bbox 3047 5019 3177 5060; x_wconf 91' lang='lat' dir='ltr'><strong>cum</strong></span> <span class='ocrx_word' id='word_1_736' title='bbox 3211 5003 3424 5058; x_wconf 89' lang='lat' dir='ltr'><strong>Christi</strong></span> <span class='ocrx_word' id='word_1_737' title='bbox 3471 5003 3746 5061; x_wconf 89' lang='lat' dir='ltr'><strong>nativita-</strong></span> 
     </span>
    </p>
   </div>
   <div class='ocr_carea' id='block_1_112' title="bbox 2097 5086 3744 5164">
    <p class='ocr_par' dir='ltr' id='par_1_112' title="bbox 2097 5086 3744 5164">
     <span class='ocr_line' id='line_1_112' title="bbox 2097 5086 3744 5164; baseline 0.004 -22"><span class='ocrx_word' id='word_1_738' title='bbox 2097 5089 2212 5142; x_wconf 89' lang='lat' dir='ltr'><strong>tem</strong></span> <span class='ocrx_word' id='word_1_739' title='bbox 2246 5086 2536 5157; x_wconf 83' lang='lat' dir='ltr'><strong>Magorum</strong></span> <span class='ocrx_word' id='word_1_740' title='bbox 2567 5088 2780 5148; x_wconf 92' lang='lat' dir='ltr'><strong>indicio</strong></span> <span class='ocrx_word' id='word_1_741' title='bbox 2800 5092 3190 5163; x_wconf 88' lang='lat' dir='ltr'><strong>cognovisset,</strong></span> <span class='ocrx_word' id='word_1_742' title='bbox 3213 5092 3519 5163; x_wconf 89' lang='lat' dir='ltr'><strong>trigesimo</strong></span> <span class='ocrx_word' id='word_1_743' title='bbox 3539 5091 3744 5164; x_wconf 90' lang='lat' dir='ltr'><strong>quinto</strong></span> 
     </span>
    </p>
   </div>
   <div class='ocr_carea' id='block_1_113' title="bbox 2097 5175 3744 5255">
    <p class='ocr_par' dir='ltr' id='par_1_113' title="bbox 2097 5175 3744 5255">
     <span class='ocr_line' id='line_1_113' title="bbox 2097 5175 3744 5255; baseline 0.004 -23"><span class='ocrx_word' id='word_1_744' title='bbox 2097 5189 2248 5232; x_wconf 91' lang='lat' dir='ltr'><strong>anno</strong></span> <span class='ocrx_word' id='word_1_745' title='bbox 2278 5175 2440 5246; x_wconf 85' lang='lat' dir='ltr'><strong>regni</strong></span> <span class='ocrx_word' id='word_1_746' title='bbox 2469 5177 2557 5234; x_wconf 92' lang='lat' dir='ltr'><strong>sui</strong></span> <span class='ocrx_word' id='word_1_747' title='bbox 2587 5178 2838 5238; x_wconf 84' lang='lat' dir='ltr'><strong>interﬁci</strong></span> <span class='ocrx_word' id='word_1_748' title='bbox 2863 5180 3034 5252; x_wconf 90' lang='lat' dir='ltr'><strong>jussit</strong></span> <span class='ocrx_word' id='word_1_749' title='bbox 3066 5180 3304 5254; x_wconf 76' lang='lat' dir='ltr'><strong>(Matth.</strong></span> <span class='ocrx_word' id='word_1_750' title='bbox 3323 5181 3386 5255; x_wconf 81' lang='grc' dir='ltr'><strong>ιι)</strong></span> <span class='ocrx_word' id='word_1_751' title='bbox 3413 5201 3424 5238; x_wconf 95' lang='lat'><strong>:</strong></span> <span class='ocrx_word' id='word_1_752' title='bbox 3462 5182 3562 5254; x_wconf 90' lang='lat' dir='ltr'><strong>qui</strong></span> <span class='ocrx_word' id='word_1_753' title='bbox 3593 5196 3744 5238; x_wconf 90' lang='lat' dir='ltr'><strong>anno</strong></span> 
     </span>
    </p>
   </div>
   <div class='ocr_carea' id='block_1_114' title="bbox 2096 5265 3744 5344">
    <p class='ocr_par' dir='ltr' id='par_1_114' title="bbox 2096 5265 3744 5344">
     <span class='ocr_line' id='line_1_114' title="bbox 2096 5265 3744 5344; baseline 0.003 -22"><span class='ocrx_word' id='word_1_754' title='bbox 2096 5265 2401 5336; x_wconf 88' lang='lat' dir='ltr'><strong>trigesimo</strong></span> <span class='ocrx_word' id='word_1_755' title='bbox 2433 5272 2602 5324; x_wconf 91' lang='lat' dir='ltr'><strong>sexto</strong></span> <span class='ocrx_word' id='word_1_756' title='bbox 2635 5270 2834 5327; x_wconf 88' lang='lat' dir='ltr'><strong>morbo</strong></span> <span class='ocrx_word' id='word_1_757' title='bbox 2867 5269 3178 5328; x_wconf 90' lang='lat' dir='ltr'><strong>intercutis</strong></span> <span class='ocrx_word' id='word_1_758' title='bbox 3211 5286 3394 5344; x_wconf 69' lang='lat' dir='ltr'><strong>aqua),</strong></span> <span class='ocrx_word' id='word_1_759' title='bbox 3427 5275 3484 5328; x_wconf 92' lang='lat' dir='ltr'><strong>et</strong></span> <span class='ocrx_word' id='word_1_760' title='bbox 3515 5275 3744 5329; x_wconf 89' lang='lat' dir='ltr'><strong>scaten-</strong></span> 
     </span>
    </p>
   </div>
   <div class='ocr_carea' id='block_1_115' title="bbox 2097 5355 3739 5435">
    <p class='ocr_par' dir='ltr' id='par_1_115' title="bbox 2097 5355 3739 5435">
     <span class='ocr_line' id='line_1_115' title="bbox 2097 5355 3739 5435; baseline 0.005 -25"><span class='ocrx_word' id='word_1_761' title='bbox 2097 5355 2258 5413; x_wconf 91' lang='lat' dir='ltr'><strong>tibus</strong></span> <span class='ocrx_word' id='word_1_762' title='bbox 2288 5359 2413 5413; x_wconf 91' lang='lat' dir='ltr'><strong>toto</strong></span> <span class='ocrx_word' id='word_1_763' title='bbox 2441 5372 2687 5432; x_wconf 89' lang='lat' dir='ltr'><strong>corpore</strong></span> <span class='ocrx_word' id='word_1_764' title='bbox 2705 5363 3022 5435; x_wconf 86' lang='lat' dir='ltr'><strong>vermibus,</strong></span> <span class='ocrx_word' id='word_1_765' title='bbox 3051 5361 3466 5422; x_wconf 90' lang='lat' dir='ltr'><strong>miserabiliter</strong></span> <span class='ocrx_word' id='word_1_766' title='bbox 3482 5366 3541 5420; x_wconf 91' lang='lat' dir='ltr'><strong>et</strong></span> <span class='ocrx_word' id='word_1_767' title='bbox 3567 5361 3739 5433; x_wconf 80' lang='lat' dir='ltr'><strong>digne</strong></span> 
     </span>
    </p>
   </div>
   <div class='ocr_carea' id='block_1_116' title="bbox 2098 5445 2362 5503">
    <p class='ocr_par' dir='ltr' id='par_1_116' title="bbox 2098 5445 2362 5503">
     <span class='ocr_line' id='line_1_116' title="bbox 2098 5445 2362 5503; baseline 0.004 -1"><span class='ocrx_word' id='word_1_768' title='bbox 2098 5445 2362 5503; x_wconf 88' lang='lat' dir='ltr'><strong>moritur.</strong></span> 
     </span>
    </p>
   </div>
   <div class='ocr_carea' id='block_1_117' title="bbox 2166 5597 2536 5660">
    <p class='ocr_par' dir='ltr' id='par_1_117' title="bbox 2166 5597 2536 5660">
     <span class='ocr_line' id='line_1_117' title="bbox 2166 5597 2536 5660; baseline 0.019 -7"><span class='ocrx_word' id='word_1_769' title='bbox 2166 5597 2194 5638; x_wconf 76' lang='grc' dir='ltr'><strong>ι)</strong></span> <span class='ocrx_word' id='word_1_770' title='bbox 2226 5597 2368 5658; x_wconf 84' lang='lat' dir='ltr'><strong>Vide</strong></span> <span class='ocrx_word' id='word_1_771' title='bbox 2398 5597 2536 5660; x_wconf 85' lang='lat' dir='ltr'><strong>ibid.</strong></span> 
     </span>
    </p>
   </div>
  </div>
