4004 6168
254 251 368 304 206

711 370 769 427 Ρ.
814 371 883 428 IV
922 371 1059 429 ΚΑΒ
1093 375 1439 431 JANUARII.

928 492 1025 554 (29
1055 491 1229 560 Dec.)

322 623 353 652 ιι
390 612 571 669 David
606 612 779 681 regis.

287 701 433 757 Item
446 701 602 773 apud
619 700 931 771 Arelatam,
951 703 1161 759 natalis
1174 702 1359 783 sancti
1373 704 1902 776 Trophimi,episco

254 789 309 862 pi
322 793 383 846 et
398 789 1049 863 confessoris,discipuli
1065 792 1457 863 apostolorum
1472 794 1627 850 Petri
1641 799 1698 849 et
1717 793 1897 851 Pauli.

323 878 540 935 Eodem
566 879 681 949 die,
697 879 884 935 sancti
909 881 1256 953 Crescentis,
1275 882 1521 953 apostoli
1543 882 1707 939 Pauli
1732 882 1903 939 disci-

256 966 396 1040 puli,
413 967 759 1025 Viennensis
771 967 1045 1026 Ecclesia
1062 969 1229 1041 primi
1244 970 1504 1029 doctoris
1518 973 1629 1037 (II
1639 973 1896 1041 Τίνων).

707 1094 769 1150 G.
812 1094 887 1148 ΠΙ
927 1094 1080 1151 KAL.
1113 1096 1459 1153 JANUARII.

920 1212 1019 1275 (30
1056 1210 1231 1278 Dec.)

322 1334 488 1405 Apud
525 1332 843 1405 Spoletum,
881 1334 1070 1405 passio
1103 1334 1155 1390 S.
1193 1334 1386 1391 Sabini
1436 1337 1714 1409 episcopi,
1751 1340 1900 1395 Exu-

253 1423 503 1496 perantii
536 1428 595 1478 et
620 1421 873 1478 Marcelli
899 1422 1293 1493 diaconorum,
1320 1429 1377 1479 et
1404 1426 1743 1483 Venustiani
1766 1443 1895 1484 cum

250 1526 429 1569 uxore
461 1516 522 1567 et
560 1509 712 1581 filiis,
742 1511 849 1567 sub
879 1511 1219 1568 Maximiano
1252 1514 1529 1583 Augusto.
1558 1515 1663 1582 Qui
1691 1518 1897 1573 beatus

249 1600 501 1657 Sabinus
531 1615 664 1656 cum
688 1603 841 1656 esset
864 1599 1059 1656 clarus
1082 1600 1138 1655 in
1160 1600 1428 1658 omnibus
1450 1602 1662 1660 divinis
1683 1604 1897 1661 instru-

247 1688 564 1758 ctionibus,
589 1692 646 1744 et
680 1703 943 1745 sermone
972 1688 1504 1762 eloquentissimus,
1530 1696 1731 1749 tentus
1750 1699 1836 1750 est
1862 1710 1891 1751 a
1923 1731 1975 1792 Β

249 1777 500 1850 praside
512 1777 735 1834 Tuscia
759 1777 1131 1849 Venustiano,
1148 1794 1279 1835 cum
1303 1779 1530 1837 duobus
1553 1781 1895 1840 diaconibus

245 1866 650 1938 Exuperantio
678 1870 736 1920 et
769 1865 1056 1937 Marcello,
1083 1871 1140 1922 et
1167 1866 1366 1925 multis
1385 1868 1636 1927 clericis.
1666 1872 1767 1927 Cui
1792 1874 1897 1929 Ve-

245 1956 561 2013 nustianus
582 1956 754 2011 deum
775 1969 942 2011 suum
954 1957 1171 2025 Jovem,
1191 1970 1360 2027 quem
1385 1958 1631 2015 habebat
1658 1960 1713 2017 in
1736 1962 1897 2018 cubi-

245 2044 391 2115 culo,
430 2060 509 2101 ex
551 2042 746 2115 lapide
789 2043 1042 2100 Coralite
1083 2043 1227 2100 mire
1270 2046 1577 2104 formatum
1620 2049 1675 2105 in
1719 2050 1897 2106 vesti-

247 2134 458 2191 mentis
516 2133 731 2203 aureis,
766 2132 836 2189 ad
878 2132 1233 2189 adorandum
1274 2135 1508 2205 obtulit.
1544 2137 1723 2203 Quem
1766 2139 1897 2195 bea-

248 2227 334 2280 tus
362 2221 628 2279 Sabinus
666 2222 721 2277 in
754 2222 1020 2278 manibus
1057 2227 1381 2295 acceptum,
1418 2225 1568 2281 facta
1609 2228 1892 2299 oratione,

250 2312 530 2368 continuo
561 2310 726 2366 illisit
760 2311 815 2365 in
849 2310 1261 2383 pavimentum,
1297 2317 1355 2369 et
1387 2315 1693 2385 confregit.
1732 2316 1891 2382 Quod

250 2401 463 2458 factum
525 2400 735 2456 videns
796 2400 1203 2471 Venustianus,
1265 2417 1395 2459 cum
1466 2403 1660 2460 furore
1721 2405 1893 2475 jussit

250 2494 304 2546 ut
353 2489 834 2563 praciderentur
873 2489 926 2544 ei
970 2504 1189 2560 manus,
1225 2495 1283 2546 et
1316 2491 1370 2546 in
1411 2497 1729 2565 conspectu
1769 2494 1897 2565 ejus

249 2579 583 2636 Marcellum
618 2582 676 2634 et
710 2578 1163 2649 Exuperantium
1204 2580 1454 2649 equuleo
1499 2584 1794 2653 suspendi,
1830 2598 1894 2641 ac

248 2666 505 2725 fustibus
562 2666 868 2735 macerari,
928 2666 1335 2740 unguibusque
1394 2669 1517 2725 radi
1570 2670 1753 2728 latera
1804 2689 1896 2728 eo-

245 2771 397 2827 rum,
431 2760 493 2811 et
536 2756 726 2826 ignem
767 2755 1033 2827 supponi.
1070 2757 1185 2812 Hoc
1228 2757 1398 2827 facto,
1434 2758 1490 2814 in
1533 2761 1894 2817 confessione

246 2844 479 2901 Domini
553 2844 820 2915 spiritum
895 2843 1233 2901 emiserunt.
1306 2846 1559 2911 Quorum
1648 2864 1892 2921 corpora

248 2932 534 3005 pracepit
579 2932 790 3001 jactari
848 2933 905 2988 in
962 2933 1220 3003 ﬂuvium,
1265 2933 1537 2992 Sabinum
1588 2951 1727 2993 vero
1777 2939 1896 3011 epi-

248 3036 486 3093 scopum
549 3020 605 3076 in
660 3035 955 3078 carcerem
1007 3022 1252 3079 retrudi.
1309 3023 1564 3081 Audiens
1612 3026 1719 3082 hoc
1772 3027 1894 3098 qui-

1009 249 1611 308 MARTYROLOGIUM
1650 247 1792 306 CUM
1835 245 2362 306 ADDITAMENTIS.
2405 280 2473 291 --
2513 251 2714 306 MENS.
2756 254 2902 307 JAN.

3551 259 3656 312 206

1926 370 1983 432 Α
2011 386 2143 429 cum
2184 373 2344 445 ﬂetu,
2384 389 2642 447 uxorque
2682 374 2807 444 ejus
2848 378 2905 430 et
2939 373 3060 445 ﬁlii,
3096 379 3338 445 agentes
3371 372 3656 448 poeniten-

2008 462 2168 533 tiam,
2185 465 2243 518 et
2270 468 2543 533 rogantes
2565 479 2623 521 se
2650 464 2955 535 baptizari.
2975 465 3100 519 Mox
3124 466 3473 536 baptizatus,
3494 471 3554 523 ut
3580 468 3652 524 de

2011 550 2176 622 pelve
2202 550 2429 609 levatus
2451 559 2559 624 est,
2579 553 2799 610 nullum
2816 552 3073 609 dolorem
3088 552 3419 610 oceulorum
3445 556 3647 611 sensit.

2010 640 2128 695 Hoc
2159 641 2489 698 nuntiatum
2531 647 2618 699 est
2654 642 3012 711 Maximiano,
3042 641 3137 711 qui
3171 642 3355 699 iratus
3388 644 3650 715 pracipit

2013 728 2283 786 Sabinum
2323 731 2601 801 damnari,
2650 735 2709 786 et
2758 732 2948 803 ipsum
2994 731 3415 787 Venustianum
3459 732 3651 803 capite

2010 819 2291 876 truncari.
2327 820 2575 877 Veniens
2606 825 2799 877 autem
2832 821 3043 877 Lucius
3073 820 3362 890 tribunus,
3400 819 3521 875 sine
3554 835 3651 876 au-

2011 907 2231 963 ditione
2264 910 2495 966 beatum
2519 910 2938 966 Venustianum
2961 924 3092 966 cum
3117 923 3297 965 uoxre
3319 913 3377 965 et
3402 907 3536 964 filiis
3558 922 3654 963 ne-

2007 997 2161 1053 cavit
2186 997 2240 1052 in
2266 997 2503 1055 civitate
2528 999 2848 1055 Assisinate
2881 1019 2894 1054 :
2929 1002 3194 1055 sanctum
3218 1012 3357 1053 vero
3380 997 3650 1053 Sabinum

2009 1086 2251 1142 adduxit
2285 1086 2341 1142 in
2373 1088 2670 1144 civitatem
2705 1088 3021 1160 Spoletum,
3048 1092 3106 1143 et
3132 1087 3335 1143 tandiu
3370 1085 3649 1158 pracepit

2006 1175 2172 1246 cadi,
2193 1191 2492 1247 quousque
2513 1177 2811 1233 deﬁceret.
2832 1177 3007 1247 Cujus
3036 1191 3250 1247 corpus
3279 1174 3518 1245 collegit
3555 1189 3653 1231 ve-

2009 1264 2286 1321 nerabilis
2318 1267 2551 1337 Serena,
2585 1281 2713 1337 qua
2739 1266 2855 1335 jam
2890 1281 3091 1321 manus
3121 1265 3245 1334 ejus
3286 1265 3343 1320 in
3385 1263 3539 1320 dolio
3569 1263 3651 1320 vi-

2007 1357 2136 1408 treo
2175 1370 2304 1410 cum
2346 1355 2704 1411 aromatibus
2745 1355 3107 1425 condiderat,
3143 1357 3199 1408 et
3235 1353 3382 1409 infra
3416 1353 3647 1409 domum

2007 1457 2167 1497 suam
2203 1447 2494 1513 posuerat,
2521 1449 2577 1498 et
2610 1443 2877 1515 sepelivit
2904 1458 3033 1499 eum
3065 1458 3093 1497 a
3126 1442 3365 1498 civitate
3391 1440 3650 1513 Spoleta-

2005 1544 2075 1585 na
2110 1530 2380 1587 milliario
2411 1531 2541 1603 plus
2574 1533 2762 1588 minus
2792 1547 2923 1601 uno,
2958 1533 3065 1589 sub
3097 1530 3191 1586 die
3231 1530 3481 1601 septimo
3513 1529 3648 1586 ldus

2003 1619 2353 1677 Decembris.
2384 1620 2691 1677 Festivitas
2716 1626 2905 1677 tamen
2938 1621 3064 1690 ejus
3095 1624 3153 1675 et
3184 1634 3359 1691 supra
3393 1619 3649 1675 nomina-

2005 1712 2198 1765 torum
2241 1714 2559 1781 martyrum
2593 1710 2769 1766 tertio
2811 1709 3095 1766 Kalendas
3133 1707 3389 1765 Januarii
3428 1708 3641 1779 agitur.

2360 1856 2423 1909 A.
2468 1854 2705 1909 PRIDIE
2744 1852 2899 1908 KAL.
2941 1851 3287 1907 JANUARII.

2675 1999 2769 2061 (54
2803 1998 2978 2064 Dec.)

2080 2137 2365 2211 (Pontiﬁ,
2381 2151 2507 2207 cap.
2527 2141 2640 2206 34)
2656 2138 2949 2206 —Roma,
2970 2134 3163 2192 natale
3177 2134 3362 2191 sancti
3379 2131 3642 2191 Silvestri

2004 2226 2263 2299 episcopi
2286 2232 2344 2283 et
2368 2227 2735 2295 confessoris,
2754 2226 2849 2297 qui
2873 2228 2999 2297 post
3026 2226 3259 2280 beatum
3281 2225 3518 2279 Petrum
3539 2222 3644 2277 tri-

2005 2316 2255 2373 cesimus
2278 2320 2523 2387 quartus
2546 2315 2695 2371 sedit
2721 2330 2899 2370 annos
2921 2313 3280 2383 vigintitres,
3300 2325 3527 2367 menses
3549 2310 3646 2365 de-

2003 2420 2149 2476 cem,
2167 2405 2292 2461 dies
2315 2404 2602 2462 undecim.
2622 2403 2797 2473 Cujus
2820 2402 3106 2459 industria
3130 2401 3384 2472 synodus
3407 2397 3646 2471 pracla-

2006 2495 2229 2551 rissima
2263 2498 2389 2551 toto
2419 2495 2561 2550 orbe
2593 2497 2904 2563 terrarum,
2930 2494 3330 2547 trecentorum
3363 2490 3562 2545 decem
3585 2492 3644 2543 et

2003 2587 2136 2640 octo
2160 2586 2416 2651 Patrum,
2434 2584 2586 2655 apud
2602 2583 2847 2638 Nicaam
2863 2582 3066 2638 urbem
3083 2579 3363 2650 Bithynia
3386 2578 3647 2633 celebra-

2004 2676 2121 2743 tur,
2158 2674 2267 2729 sub
2291 2671 2598 2728 consulatu
2632 2669 2992 2727 Constantini
3030 2668 3295 2739 Augusti,
3328 2671 3385 2723 et
3422 2664 3640 2734 Licinii,

2003 2777 2106 2818 xm
2155 2760 2440 2818 Kalendas
2486 2760 2654 2827 Julii;
2687 2765 2942 2815 attamen
2990 2758 3125 2814 Julii
3180 2772 3341 2828 papa
3383 2759 3645 2826 tempore
3701 2796 3722 2807 -

1971 2907 1974 2911 .
2003 2854 2456 2907 consummatur.
2494 2849 2649 2904 Fecit
2683 2852 2875 2904 autem
2899 2846 3296 2902 ordinationes
3318 2858 3420 2900 sex
3450 2856 3645 2899 mense

2005 2938 2327 3007 Decembri,
2356 2938 2733 3008 presbyteros
2763 2934 3149 3006 quadraginta
3182 2933 3343 3003 duos,
3370 2932 3646 2987 diaconos

2004 3027 2207 3097 viginti
2233 3025 2826 3097 quinque,episeopos
2851 3039 2953 3095 per
2976 3022 3204 3079 diversa
3229 3021 3352 3076 loca
3383 3019 3647 3089 sexagin-

249 3086 373 3167 dam
398 3110 683 3183 piscator,
708 3114 766 3165 et
790 3110 1114 3181 presbyter,
1139 3110 1374 3181 collegit
1400 3128 1644 3184 corpora
1670 3086 1894 3173 sancto-
1924 3086 1974 3151 Ο
2003 3086 2361 3187 ιθνςιυίηίίιιο.
2380 3086 2537 3170 Cedit
2563 3086 2756 3169 autem
2778 3086 2965 3168 ex-die
2988 3109 3374 3166 Kalendarum
3398 3086 3647 3165 Februa-

250 3215 394 3269 rum,
418 3204 480 3255 et
516 3197 966 3270 sepelivitjuxta
988 3198 1159 3270 viam,
1178 3200 1365 3271 pridie
1390 3201 1627 3259 Kalend.
1654 3205 1888 3263 Januar.

251 3286 459 3344 Serena
504 3302 665 3359 vero,
700 3286 1184 3343 Christianissima
1215 3288 1409 3359 vidua,
1444 3305 1642 3348 curam
1674 3294 1894 3353 habens

251 3377 431 3434 sancti
455 3376 656 3432 Sabini
680 3376 955 3448 episcopi,
984 3376 1223 3433 adduxit
1249 3378 1320 3434 ad
1342 3393 1473 3436 eum
1506 3380 1562 3436 in
1594 3397 1891 3439 carcerem

254 3470 520 3537 nepotem
555 3480 721 3522 suum
770 3465 1148 3536 Priscianum,
1184 3467 1280 3537 qui
1320 3472 1445 3524 erat
1494 3485 1704 3528 cacus.
1738 3475 1891 3530 Tunc

255 3558 486 3611 sanctus
506 3554 753 3611 Sabinus
772 3557 1013 3611 truncos
1033 3569 1168 3612 suos
1190 3570 1365 3627 super
1378 3558 1774 3631 oculosipsius
1798 3578 1893 3633 po-

251 3642 381 3713 suit,
407 3648 468 3698 et
504 3642 561 3698 in
595 3641 706 3698 fide
730 3642 941 3700 Christi
964 3644 1225 3700 oratione
1250 3646 1418 3715 facta,
1444 3662 1575 3703 eum
1609 3649 1893 3708 illumina-

251 3731 343 3787 vit.
394 3731 677 3788 Videntes
726 3735 917 3789 autem
968 3731 1071 3804 illi,
1126 3734 1221 3803 qui
1279 3734 1336 3789 in
1385 3737 1648 3793 custodia
1701 3745 1887 3813 erant,

250 3819 533 3877 miserunt
566 3835 625 3877 sc
659 3821 729 3877 ad
764 3820 940 3893 pedes
969 3820 1111 3892 ejus,
1137 3827 1195 3878 et
1221 3823 1499 3894 baptizati
1532 3831 1664 3883 sunt
1698 3842 1766 3885 eo
1800 3830 1891 3886 die

248 3921 494 3965 numero
528 3908 814 3966 undecim.
851 3909 1012 3977 Quod
1052 3926 1183 3967 cum
1224 3912 1551 3970 nuntiatum
1592 3921 1747 3972 esset
1790 3919 1892 3975 Ve-

248 3997 487 4055 nustino
520 3997 753 4069 prasidi
785 3998 1182 4069 (indoluerant
1213 4000 1364 4056 enim
1396 4001 1447 4056 ei
1479 4003 1651 4076 oculi,
1679 4009 1736 4061 et
1771 4023 1891 4078 pra

249 4084 453 4141 dolore
468 4100 657 4157 neque
670 4086 862 4143 cibum
887 4102 1073 4159 neque
1095 4103 1355 4146 somnum
1377 4105 1587 4163 capere
1615 4096 1887 4169 poterat),

248 4174 405 4231 misit
424 4190 663 4232 uxorem
678 4191 859 4249 suam,
876 4180 934 4233 et
950 4176 1096 4235 duos
1109 4177 1256 4235 filios
1269 4194 1423 4252 suos,
1442 4184 1504 4238 ut
1530 4182 1890 4242 adducerent

250 4261 488 4320 beatum
520 4264 793 4322 Sabinum
824 4265 896 4322 ad
920 4266 1149 4323 domum
1174 4267 1301 4343 ejus
1323 4268 1393 4325 de
1415 4285 1673 4329 carcere.
1701 4274 1893 4332 Addu-

249 4354 340 4408 cto
379 4351 597 4425 itaque,
633 4353 917 4426 postravit
946 4370 1010 4413 se
1042 4355 1113 4413 ad
1146 4357 1324 4429 pedes
1355 4357 1483 4429 ejus
1504 4361 1893 4423 Venustianus

312 4480 342 4516 ι
389 4475 533 4534 Vide
573 4476 714 4534 ibid.

1925 4450 1979 4511 D

2005 3204 2221 3261 riarum
2246 3218 2430 3274 usque
2455 3203 2511 3258 in
2535 3202 2685 3258 diem
2702 3199 3088 3256 Kalendarum
3109 3197 3531 3255 Januariarum.
3551 3197 3647 3252 Se-

2005 3294 2204 3365 pultus
2226 3298 2315 3349 est
2340 3293 2393 3348 in
2418 3290 2757 3349 cameterio
2780 3289 3061 3346 Priscilla
3074 3288 3163 3345 via
3183 3286 3421 3357 Salaria,
3442 3284 3647 3342 millia-

2004 3384 2090 3439 rio
2121 3382 2300 3439 tertio
2332 3383 2404 3438 ab
2436 3382 2580 3438 urbe
2602 3382 2799 3450 Roma,
2832 3378 3016 3450 pridie
3039 3375 3325 3433 Kalendas
3343 3374 3602 3431 Januarii
3629 3393 3642 3429 :

2003 3476 2060 3528 et
2085 3472 2333 3529 cessavit
2359 3471 2731 3543 episcopatus
2743 3468 2869 3538 ejus
2883 3466 3008 3523 dies
3023 3465 3371 3537 quindecim.
3391 3464 3491 3520 Hic
3513 3478 3649 3520 con-

2002 3561 2194 3617 stituit
2218 3560 2465 3617 chrisma
2492 3560 2563 3615 ab
2586 3559 2858 3629 episc0po
2879 3556 3105 3626 conﬁci,
3123 3560 3179 3611 et
3196 3558 3259 3611 ut
3286 3553 3647 3625 baptizatum

2004 3649 2167 3707 liniat
2184 3650 2576 3721 presbyterzet
2592 3650 2655 3704 ut
2670 3645 3059 3704 nulluslaicus
3073 3644 3290 3699 crimen
3307 3642 3516 3699 audeat
3532 3641 3648 3698 cle-

2003 3740 2124 3796 rico
2148 3739 2362 3794 inferre
2379 3758 2391 3792 :
2408 3741 2465 3792 et
2492 3735 2820 3791 dalmaticis
2842 3734 2895 3788 in
2919 3732 3161 3789 ecclesia
3187 3732 3291 3800 uti,
3308 3734 3365 3786 et
3382 3734 3442 3787 ut
3470 3729 3645 3801 pallio

2002 3827 2294 3885 linostimo
2308 3825 2450 3881 lava
2464 3838 2664 3880 eorum
2680 3820 3227 3893 tegeretur,scilicet
3244 3818 3639 3877 diaconorum.

2073 3918 2237 3988 Apud
2264 3916 2536 3983 Senonas,
2564 3916 2780 3969 sancta
2805 3908 3095 3967 Columba
3116 3906 3378 3978 virginis,
3398 3921 3525 3978 qua
3549 3922 3640 3963 su-

2003 4009 2207 4079 perato
2235 4003 2351 4075 igni
2382 4002 2575 4073 gladio
2606 4015 2754 4057 casa
2787 4003 2895 4056 est.

2073 4097 2215 4151 Item
2246 4093 2398 4167 apud
2422 4092 2695 4162 Senonas,
2724 4088 2916 4145 natale
2940 4088 3243 4144 beatorum
3267 4082 3560 4141 Sabiniani
3583 4086 3642 4138 et

2002 4182 2391 4253 Pontentiani,
2421 4181 2517 4253 qui
2542 4196 2573 4237 a
2598 4179 2784 4237 beatis
2807 4176 3085 4250 apostolis
3107 4175 3178 4231 ad
3207 4170 3642 4247 pradicandum

2004 4273 2232 4343 directi,
2252 4272 2550 4345 prafatam
2566 4270 2770 4327 urbem
2794 4265 3054 4339 martyrii
3078 4264 3167 4323 sui
3189 4262 3553 4322 confessione
3577 4259 3644 4316 il-

2004 4362 2248 4423 lustrem
2288 4362 2572 4418 fecerunt.

249 4629 3647 4663 _._______________________________________._.

1549 4751 1575 4779 ⁸
1603 4742 1900 4805 LITANUE
1936 4744 2354 4805 INDICENDE.

1508 4924 1825 5001 MENSIS
1897 4923 2385 5003 JANUABIUS

1338 5120 1541 5172 sum
1578 5123 1719 5175 mss
1767 5123 1944 5194 χχχι,
1988 5123 2154 5176 LUNA
2202 5122 2372 5176 veno
2420 5121 2572 5172 χχχ.

755 5376 816 5438 Β.
852 5377 1007 5439 KAL.
1038 5379 1389 5442 JANUARII.

337 5489 568 5553 Octava
598 5493 841 5554 Domini.

336 5619 645 5702 {Literna
670 5621 1019 5702 ἱηᾱίοςῃᾴρε.
1054 5623 1173 5702 Hoc
1211 5623 1471 5702 _singulis
1512 5626 1813 5702 mensibus
1844 5626 1900 5702 in

269 5698 408 5770 mss.
441 5693 637 5751 tribus
668 5694 1067 5770 praemittitur.
1101 5696 1263 5770 _Unde
1295 5693 1536 5770 apparet
1569 5698 1705 5756 olim
1727 5698 1902 5770 initio

272 5756 552 5839 cujusque
583 5756 804 5824 me'nsis
824 5756 1350 5829 Litaniasindictaé
1372 5756 1557 5832 inisse
1590 5789 1603 5829 :
1637 5769 1742 5830 sed
1773 5783 1903 5847 qua

2078 5415 2294 5486 Roma,
2327 5411 2538 5470 natalis
2569 5407 2724 5469 sanci
2763 5400 3042 5463 Almachii
3074 5402 3349 5476 martyris
3385 5422 3398 5461 :
3435 5403 3532 5477 qui
3560 5403 3653 5474 ju-

2010 5506 2185 5564 bente
2209 5502 2295 5560 Ali
2302 5502 2437 5575 ppio
2449 5499 2621 5557 Urbis
2642 5495 2939 5570 prafecto,
2956 5507 3087 5552 cum
3101 5492 3345 5566 diceret,
3363 5492 3544 5550 Hodie
3558 5504 3651 5549 oc-

2012 5629 2127 5687 illa
2150 5633 2207 5685 et
2234 5642 2347 5698 quo
2369 5625 2462 5682 die
2486 5622 2819 5698 celebrata,
2838 5635 2948 5698 non
2972 5620 3158 5698 habeo
3179 5621 3482 5698 afﬁrmare.
3501 5617 3650 5698 Pra-

2010 5686 2117 5757 ter’
2135 5686 2281 5756 duas
2314 5711 2417 5769 per
2445 5699 2627 5769 totam
2651 5686 2981 5769 _Ecclesiam
3014 5689 3479 5769 solemnissimas
3503 5686 3649 5769 bita-

2011 5755 2139 5830 nias
2162 5755 2495 5844 {Maiorem
2512 5765 2810 5839 videlicet,
2836 5768 3077 5826 auctore
3106 5765 3325 5835 Magno,
3351 5760 3415 5815 ut
3439 5755 3642 5820 fertur,
