4004 6168
277 349 386 407 209

1030 351 1630 411 MARTYROLOGIUM
1673 349 1813 408 CUM
1854 348 2383 412 ADDITAMENTIS.
2425 385 2495 401 ι·-
2534 359 2737 418 MENS.
2778 360 2924 419 IAN.

3577 370 3682 424 210

276 476 467 538 vitate
497 473 741 552 Spoleti,
775 476 1013 537 mittens
1041 479 1345 538 accersivit
1376 487 1638 540 sanctum
1682 482 1927 540 Concor-
1952 472 2010 537 A
2037 482 2165 555 gaai,
2219 484 2487 560 Narcissi,
2522 491 2581 544 et
2612 486 2928 547 Marcellini
2962 489 3146 564 pueri,
3182 489 3279 563 qui
3311 491 3422 550 sub
3462 491 3680 553 Licinio

277 568 459 641 dium,
492 574 554 628 et
587 569 733 627 dixit
764 570 817 628 ei
852 590 865 627 :
902 571 1025 638 Quo
1055 572 1284 630 nomine
1315 573 1575 631 vocaris?
1606 575 1923 647 Respondit

278 665 521 719 sanctus
552 661 908 719 Concordius
940 681 953 717 :
991 662 1351 720 Christianus
1391 680 1535 721 sum.
1572 664 1716 721 Dicit
1752 664 1803 721 ei
1835 681 1929 722 co-

278 765 438 807 mes:
465 751 545 806 De
576 750 806 807 nomine
838 751 1094 823 requiro,
1129 767 1238 808 non
1273 753 1343 809 de
1376 754 1602 811 Christo
1634 759 1755 812 tuo.
1792 755 1928 811 San-

275 844 409 899 ctus
430 840 789 897 Concordius
814 841 1111 914 respondit
1131 861 1143 897 :
1163 842 1525 901 Christianus
1537 850 1748 915 sum,et
1768 845 1927 900 Chri-

279 934 433 988 stum
465 928 769 987 conﬂteor.
797 932 1054 1003 Cumque
1078 932 1480 1004 impelleretur
1504 934 1572 990 ad
1598 935 1926 992 sacriﬁcan-

283 1018 436 1090 dum,
452 1022 511 1075 et
527 1018 625 1075 ille
642 1018 697 1075 in
713 1019 826 1076 fide
849 1021 1061 1078 Christi
1087 1021 1318 1079 fortiter
1343 1023 1711 1095 perduraret,
1725 1023 1925 1094 jussus

284 1115 372 1167 est
388 1108 814 1165 fustibuscaedi.
833 1110 1106 1180 Sequenti
1123 1115 1293 1168 nocte
1307 1112 1460 1168 venit
1478 1112 1548 1169 ad
1562 1128 1691 1169 eum
1719 1114 1924 1170 beatus

288 1197 712 1267 Eutychescum
728 1196 1367 1272 Anthimoepiseopo,et
1384 1205 1732 1271 rogaverunt
1751 1201 1925 1259 comi-

290 1291 399 1342 tem
416 1290 473 1343 ut
488 1286 713 1358 aliquot
730 1286 938 1344 diebus
957 1304 1086 1345 cum
1108 1289 1191 1346 eis
1215 1290 1662 1362 permitteretur
1686 1292 1919 1349 morari.

282 1375 412 1432 Erat
428 1390 679 1448 namque
694 1376 1001 1434 Anthimus
1013 1379 1318 1451 episcopus
1331 1382 1548 1437 amicus
1560 1382 1789 1439 comitis
1802 1382 1925 1454 qui-

284 1480 390 1535 que
406 1466 643 1532 beatum
658 1465 846 1523 virum
863 1468 1240 1525 Concordium
1259 1471 1391 1527 fecit
1409 1471 1524 1528 illis
1536 1472 1743 1530 diebus
1767 1488 1925 1545 prcs-

261 1556 840 1626 'byterum.Peractis
852 1556 1144 1629 aliquibus
1157 1560 1382 1631 diebus,
1403 1567 1809 1619 rcvocatuscst
1829 1564 1925 1619 hc-

280 1648 405 1700 atus
436 1643 818 1714 Concordius,
852 1650 909 1700 et
943 1647 1098 1702 venit
1133 1648 1202 1703 ad
1234 1649 1522 1705 comitem.
1560 1650 1660 1707 Cui
1692 1654 1750 1707 et
1777 1651 1922 1706 dixit

279 1746 466 1788 comes
491 1752 505 1787 :
533 1731 684 1798 Quid
716 1734 984 1790 tractasti
1009 1736 1161 1791 circa
1184 1736 1432 1793 salutem
1467 1740 1659 1795 tuam?
1680 1738 1926 1796 Sanctus

2039 573 2193 631 inter
2230 579 2469 647 tyrones
2511 578 2992 650 comprehensus,
3035 594 3166 637 cum
3207 579 3385 637 nollet
3427 580 3679 641 militare

2037 678 2228 720 caesus
2259 666 2328 720 ad
2362 672 2606 722 mortem
2637 672 2696 724 et
2729 667 2825 724 diu
2861 668 2917 723 in
2950 682 3191 724 carcere
3234 674 3584 742 maceratus,
3622 672 3678 728 in

2038 766 2193 808 mare
2218 767 2466 824 mersus,
2494 756 2832 825 martyrium
2846 756 3292 813 consummavit.
3315 759 3537 830 Corpus
3551 759 3678 829 ejus

2036 839 2105 894 ad
2140 840 2309 898 littus
2342 843 2618 913 delatum,
2654 847 2710 901 et
2744 859 2772 901 a
2808 844 3102 915 religiosis
3133 845 3278 903 viris
3322 846 3674 918 depositum,

2037 929 2259 999 magnis
2287 936 2558 989 coruscat
2589 931 2934 991 virtutibus.

2444 1048 2502 1105 C.
2536 1048 2609 1103 III
2640 1048 2876 1104 NONAS
2903 1050 3250 1106 JANUARlI.

2735 1146 2790 1215 (3
2817 1146 2989 1217 Jan.)

2104 1242 2501 1314 (Ponti/tmte,
2527 1257 2654 1314 cap.
2681 1245 2791 1314 '20).
2819 1244 3033 1309 Romae,
3064 1242 3279 1299 natalis
3303 1243 3492 1300 sancti
3510 1245 3682 1299 Ante-

2035 1345 2131 1386 ros
2164 1345 2327 1402 papae
2358 1336 2414 1385 et
2450 1331 2743 1402 martyris,
2782 1331 2877 1401 qui
2911 1331 3225 1388 vicesimus
3269 1337 3399 1403 post
3445 1333 3681 1389 beatum

2033 1420 2269 1475 Petrum
2302 1433 2434 1475 cum
2467 1419 2773 1475 duodecim
2824 1420 3011 1489 annis,
3050 1434 3249 1476 mense
3281 1435 3416 1492 uno,
3471 1420 3681 1479 diebus

2033 1507 2339 1565 duodecim
2364 1508 2617 1565 rexisset
2640 1507 2977 1579 Ecclesiam,
3018 1522 3228 1580 passus
3250 1513 3344 1565 est
3368 1509 3479 1566 sub
3510 1510 3682 1566 Maxi-

2034 1597 2205 1667 mino,
2249 1601 2307 1653 et
2349 1599 2403 1652 in
2436 1597 2773 1654 coemetcrio
2805 1596 3014 1654 Calixti
3048 1593 3319 1669 sepultus
3351 1597 3441 1654 via
3472 1598 3676 1670 Appia,

2034 1686 2135 1742 llic
2154 1690 2322 1756 gesta
2348 1690 2666 1756 martyrum
2690 1701 2720 1742 a
2745 1684 2990 1742 notariis
3006 1686 3321 1756 diligenter
3335 1686 3674 1758 exquisivit,

2032 1780 2087 1830 ct
2123 1776 2176 1830 in
2210 1775 2462 1833 ecclesia
2497 1775 2845 1832 recondidit.

278 1820 1920 1936 ΪῖῗὲῗῗνῗηῗίῖἒὶξέῗΪΒῗἮῗῖἴίῖηξ’ἱῗῖῗῗθῗένξ91αξῬΡξξΡῗεῖΨ
1947 1836 2000 1895 Β
2103 1864 2268 1936 Apud
2293 1864 2571 1935 Parisios,
2600 1868 2820 1921 sanctae
2853 1864 3157 1921 Genorevae
3188 1864 3450 1935 virginis,
3488 1879 3615 1935 quae
3647 1878 3677 1919 a

280 1909 474 1966 critico
505 1908 859 1966 sacrificium
892 1910 1098 1967 laudis.
1133 1913 1323 1970 Iratus
1351 1930 1564 1986 comes,
1593 1915 1766 1986 jussit
1790 1932 1921 1973 cum

281 1998 552 2070 suspendi
568 1998 625 2054 in
641 1996 911 2069 equulco.
932 2001 1236 2058 Cruciatus
1259 2001 1376 2073 diu,
1404 2010 1715 2061 revocatur
1737 2011 1923 2063 arcta-

284 2092 371 2143 tus
402 2088 560 2143 ferro
592 2087 650 2142 in
691 2103 986 2145 carcerem
1023 2109 1035 2145 :
1074 2090 1168 2147 ubi
1215 2092 1423 2149 meruit
1465 2093 1921 2151 consolationem

284 2174 616 2245 angelicam.
646 2177 781 2234 Post
803 2181 926 2233 tres
949 2182 1149 2235 noctes
1181 2179 1333 2237 missi
1367 2184 1499 2238 sunt
1533 2183 1604 2239 ad
1636 2197 1787 2255 cum,
1823 2185 1919 2255 qui

285 2279 403 2320 eum
428 2268 527 2320 aut
555 2265 982 2322 sacriﬁcantem
1007 2266 1290 2339 laxarent,
1319 2274 1416 2326 aut
1442 2270 1733 2328 nolentem
1760 2290 1833 2345 pu
1864 2274 1923 2329 ,ἱ-

284 2359 422 2408 rent.
458 2353 779 2411 Venientes
808 2358 1000 2410 autem
1036 2355 1211 2428 missi,
1247 2356 1522 2416 dixerunt
1562 2361 1613 2416 ei
1649 2380 1661 2416 :
1700 2364 1808 2419 Aut
1835 2377 1922 2419 sa-

283 2442 472 2498 criﬁca
492 2441 644 2513 Jovi,
670 2448 769 2499 aut
793 2443 1100 2514 capitalem
1135 2447 1481 2503 sententiam
1514 2449 1789 2521 accipies.
1824 2452 1923 2507 Fe-

281 2532 479 2589 rebant
506 2537 703 2588 autem
728 2532 1118 2589 statunculnm
1142 2535 1314 2592 Jovis.
1342 2536 1553 2594 Beatus
1568 2539 1922 2599 Concordius

279 2620 699 2677 dixitzcratias
723 2620 848 2690 tibi,
874 2621 1110 2677 Domine
1138 2623 1273 2679 Jesu
1307 2625 1552 2682 Christe.
1590 2627 1657 2682 Et
1688 2631 1919 2700 exspuit

278 2710 334 2765 in
359 2711 559 2766 faciem
581 2709 757 2766 Jovis.
782 2712 938 2767 Tunc
967 2726 1113 2768 unus
1134 2712 1204 2768 de
1227 2713 1582 2772 satellitibus
1612 2719 1921 2788 evaginato

273 2797 472 2868 gladio
493 2800 809 2871 amputavit
831 2814 894 2855 ca
904 2803 1005 2871 put
1029 2800 1182 2870 ejus:
1203 2806 1378 2873 atque
1394 2803 1471 2859 ita
1487 2804 1543 2859 in
1557 2806 1919 2865 confessione

277 2887 505 2943 Domini
528 2888 1015 2960 emisitspiritum.
1034 2891 1346 2948 Venientes
1360 2896 1550 2949 autem
1568 2895 1682 2952 duo
1697 2896 1915 2968 clerici,

274 2992 407 3033 cum
441 2976 730 3048 religiosis
756 2978 917 3049 viris,
950 2979 1215 3036 tulerunt
1245 2996 1459 3053 corpus
1489 2983 1632 3056 ejus,
1667 2990 1723 3041 et
1758 3001 1920 3058 sepe-

274 3064 492 3123 licrunt
517 3082 627 3122 non
650 3066 821 3139 longe
844 3083 873 3125 a
898 3068 1153 3141 Spoleto,
1182 3069 1237 3126 in
1263 3069 1388 3128 loco
1412 3072 1507 3129 ubi
1533 3088 1697 3145 aquae
1721 3074 1919 3133 multae

273 3159 566 3212 emanant.

342 3246 486 3301 Item
521 3245 717 3301 Roma:
746 3246 837 3302 via
870 3246 1073 3319 Appia,
1116 3262 1347 3304 coronae
1389 3249 1632 3307 militum
1653 3252 1913 3325 triginta,

272 3331 371 3389 has
401 3336 515 3391 sub
546 3334 907 3392 Diocletiano
939 3351 1043 3409 pro
1064 3337 1425 3395 confessione
1447 3354 1600 3397 verae
1634 3341 1764 3398 fidei
1792 3358 1920 3414 per-

275 3422 470 3495 cipere
507 3427 868 3481 meruerunt.

350 3512 511 3585 Apud
542 3513 812 3583 Africam,
839 3513 1050 3569 natalis
1082 3514 1266 3571 sancti
1300 3515 1606 3588 Fulgentii,
1643 3519 1919 3578 Ecclesia;

283 3602 593 3676 Ruspcnsis
613 3603 870 3675 episcopi
894 3608 951 3659 et
977 3604 1342 3675 confessoris,
1371 3606 1466 3677 qui
1491 3611 1752 3680 tempore
1773 3611 1920 3666 Van-

281 3691 475 3750 dalicas
507 3692 955 3765 persecutionis,
990 3694 1064 3749 ob
1102 3693 1447 3751 catholicam
1488 3695 1659 3753 ﬁdem
1701 3704 1762 3754 et
1801 3700 1920 3755 exi-

282 3782 441 3838 miam
458 3781 804 3849 doctrinam,
831 3783 902 3838 ab
928 3781 1152 3837 Arianis
1175 3782 1354 3839 multa
1388 3798 1718 3857 perpessus,
1745 3788 1915 3846 etdiu

286 3872 429 3942 apud
452 3870 774 3926 Sardiniam
806 3871 1011 3927 exsilio
1035 3871 1347 3942 relegatus,
1374 3874 1607 3930 tandem
1631 3875 1700 3930 ad
1727 3877 1918 3933 Eccle-

286 3959 418 4016 siam
448 3975 612 4016 suam
644 3959 839 4015 redire
879 3959 1218 4031 permissus,
1261 3966 1320 4016 et
1364 3961 1478 4017 vita
1521 3967 1580 4018 et
1622 3963 1917 4037 triumpho

287 4048 487 4120 clarus,
524 4054 728 4107 sancto
761 4049 870 4106 fine
906 4050 1147 4122 quievit,
1182 4065 1390 4107 annum
1424 4052 1511 4109 sui
1543 4053 1918 4126 episcopatus

294 4153 456 4209 agens
474 4138 814 4211 vigesimum
838 4139 1122 4211 quintum,
1148 4139 1284 4197 vita:
1315 4145 1506 4198 autem
1538 4142 1722 4201 totius
1755 4160 1918 4201 sexa-

294 4228 555 4297 gesimum
588 4228 873 4300 quintum.

358 4318 513 4388 Apud
537 4317 1198 4385 Alexandrianusanctaa
1230 4318 1621 4393 Euphrosynze
1652 4321 1910 4393 virginis,

301 4419 410 4474 quae
431 4405 791 4463 orationibus
813 4405 997 4477 patris
1020 4405 1107 4461 sui
1138 4406 1445 4477 Paphnutii
1480 4409 1550 4464 de
1581 4409 1771 4465 sterili
1803 4428 1916 4467 ma-

2035 1955 2205 2009 hcato
2229 1954 2510 2010 Germano
2533 1953 2999 2010 Antisiodorensi
3022 1953 3300 2024 episcopo
3333 1952 3564 2009 Christo
3597 1951 3678 2007 di-

2032 2046 2183 2113 cata,
2211 2040 2566 2098 admirandis
2581 2041 2904 2098 virtutibus
2918 2046 2974 2096 et
2993 2039 3292 2096 miraculis
3309 2040 3424 2095 late
3440 2039 3673 2109 claruit,

2031 2135 2088 2186 et
2126 2143 2310 2201 usque
2341 2129 2638 2200 octoginta
2670 2144 2851 2187 annos
2884 2129 2939 2184 in
2974 2127 3191 2183 Christi
3225 2128 3512 2184 servitute
3544 2142 3677 2184 con-

2032 2219 2245 2275 senuit.

2102 2307 2315 2364 Eodem
2338 2307 2431 2364 die
2454 2307 2643 2364 sancti
2666 2305 2943 2363 Florentii
2966 2304 3313 2362 Viennensis
3334 2303 3595 2377 episcopi
3617 2307 3677 2361 et

2033 2396 2328 2469 martyris,
2354 2394 2545 2454 octavi
2568 2395 2833 2467 ejusdem
2867 2394 3050 2451 urbis.

2456 2513 2519 2570 D.
2554 2512 2602 2567 ΙῙ
2632 2510 2869 2566 NONAS
2895 2509 3247 2567 JANUARII.

2764 2611 2798 2665 4
2824 2609 2966 2665 Jan.

2764 2611 2798 2665 4
2824 2609 2966 2665 Jan.

2102 2680 2269 2779 (Ade,
2324 2706 2564 2777 Claram,
2618 2720 2708 2763 an.
2740 2608 2867 2775 (241,
2903 2608 3081 2775 su)pra
3114 2702 3257 2760 Vide
3307 2700 3568 2759 libellum
3610 2702 3682 2759 de

2028 2786 2371 2855 Festim'tatf
2406 2795 2619 2867 apost.)
2655 2793 2877 2850 Natalis
2910 2792 3099 2850 sancti
3129 2791 3238 2847 Titi
3280 2790 3679 2862 apostolorum
3710 2874 3711 2881 γ

2031 2885 2573 3044 ὼῗὲῗιῗὶῃλῖνὶοεω,
2616 2968 2830 3026 natalis
2873 2973 3209 3025 sanctorum
3251 2965 3526 3038 Aquilini,
3572 2967 3675 3022 Ge-

2031 3061 2187 3132 mini,
2209 3059 2491 3133 {Eugenih
2533 3057 2817 3127 Martiani,
2861 3055 3078 3125 Quinti,
3111 3054 3408 3125 Theodeti,
3440 3053 3675 3125 Tripho-

2028 3149 2140 3220 nis,
2186 3147 2784 3221 prteclarassimorum
2835 3147 3174 3215 martyrum,
3221 3156 3465 3214 quorum
3504 3145 3673 3212 gesta

2181 3242 2337 3293 ntur.

2181 3242 2241 3293 nt
2291 3253 2337 3293 r.

2029 3238 2312 3383 haggdelin
2346 3326 2438 3382 die
2470 3324 2625 3397 apud
2655 3324 2860 3381 urbem
2891 3323 3147 3392 Romam,
3174 3323 3510 3378 sanctorum
3530 3333 3677 3376 mar-

2028 3421 2223 3486 tyrum
2253 3414 2440 3472 Prisci
2475 3411 2828 3486 presbyteri,
2862 3415 2920 3468 et
2951 3409 3303 3467 Priscilliani
3335 3407 3557 3478 clerici,
3593 3410 3677 3463 at-

2031 3520 2141 3575 que
2166 3504 2496 3561 Benedictae
2520 3498 2983 3572 religiosissima
3007 3498 3253 3569 feminae,
3280 3498 3390 3554 sub
3413 3500 3677 3568 tempore

2025 3591 2237 3648 Iuliani
2280 3591 2608 3663 impiissimi
2650 3588 2918 3660 Augusti,
2963 3587 3059 3658 qui
3098 3586 3295 3657 gladio
3334 3584 3675 3656 martyrium

2028 3680 2491 3752 compleverunt.

2100 3771 2241 3824 item
2275 3768 2424 3840 apud
2461 3768 2666 3823 urbem
2699 3767 2954 3833 Romam,
2990 3763 3177 3819 beatas
3217 3761 3494 3830 Dafrosze,
3540 3776 3679 3817 uxo-

2028 3857 2113 3913 ris
2146 3856 2379 3912 Fabiani
2412 3853 2706 3924 martyris,
2744 3867 2872 3922 quaa
2895 3854 3029 3922 post
3061 3844 3488 3907 damnationem
3522 3846 3675 3903 beati

2027 3945 2136 4001 viri
2170 3944 2261 4001 sui
2295 3942 2540 4015 primum
2574 3940 2833 4011 relegata
2862 3936 3092 4007 exsilio,
3136 3936 3346 3994 deinde
3386 3936 3458 3993 ab
3498 3934 3673 4008 impio

2023 4033 2252 4091 Juliano
2282 4032 2474 4104 capite
2501 4030 2668 4100 jussa
2699 4032 2790 4085 est
2826 4026 3036 4099 puniri.

2476 4148 2536 4202 E.
2580 4144 2790 4201 NONIS
2825 4142 3172 4199 JANUARII.

2704 4242 2786 4315 πω
2814 4240 2982 4311 Jan.)
3596 4280 3601 4287 .

2097 4343 2497 4418 (Ponti/teale,
2532 4357 2658 4414 cap.
2694 4340 2772 4413 9.)
2804 4342 2998 4397 Romae
3029 4336 3243 4395 natalis
3285 4335 3475 4395 sancti
3513 4334 3672 4392 Tele-

2026 4432 2352 4507 sphori,qui
2368 4431 2655 4503 septimus
2673 4433 2800 4501 post
2816 4431 3054 4485 Petrum
3068 4424 3395 4499 apostolum
3414 4424 3673 4497 pontifex

298 4494 377 4603 fre
393 4494 722 4603 Pnifa’
757 4494 812 4603 in
846 4492 1061 4603 puerili.
1088 4496 1816 4603 ωίθίθξοηδίῆυιῗῖηθΙθξΡ
1850 4514 1911 4556 se
1944 4544 1996 4603 ι)
2025 4492 2352 4593 ordinatus,
2379 4492 2531 4577 sedit
2565 4492 2746 4575 ann-os
2778 4515 3066 4586 undecim,
3100 4492 3334 4571 menses
3363 4492 3508 4583 tres,
3545 4512 3670 4569 dies

298 4581 504 4637 tonderi
540 4582 693 4652 fecit,
727 4586 783 4638 et
820 4581 1192 4639 monasticam
1223 4581 1401 4638 vitam
1432 4585 1672 4654 expetiit
1705 4604 1719 4653 ;
1761 4587 1914 4642 Sma-

303 4669 441 4737 ragdi
464 4670 571 4727 sibi
596 4685 801 4727 nomen
825 4670 1142 4742 imponens.
1160 4672 1295 4726 Post
1316 4670 1489 4726 etiam
1515 4671 1567 4726 in
1587 4673 1913 4731 reclusionc

302 4756 479 4826 viginti
502 4764 561 4815 et
592 4762 725 4815 octo
756 4758 919 4815 annis
952 4758 1005 4814 in
1037 4759 1189 4815 omni
1220 4760 1533 4816 sanctitate
1568 4762 1909 4834 perdurans,

305 4848 436 4902 tacta
468 4847 867 4918 aegrotationis
896 4847 1273 4919 incommodo,
1309 4853 1364 4903 et
1401 4853 1645 4905 mortem
1677 4850 1784 4907 sibi
1818 4852 1916 4907 ad-

302 4944 411 4989 esse
438 4950 815 5007 cognoscens,
842 4936 1231 4993 manifestavit
1266 4951 1326 4992 se
1362 4936 1633 5007 religioso
1652 4943 1709 4993 ct
1732 4938 1916 5011 lacry-

303 5020 391 5075 mis
420 5024 715 5081 multoties
744 5024 1027 5096 quaerenti
1059 5038 1183 5079 eam
1217 5024 1387 5096 patri.

359 5111 411 5166 in
441 5113 742 5169 territorio
775 5113 1139 5183 Lugdunensi
1174 5113 1523 5170 monasterio
1559 5115 1909 5187 Jurcnsium,

301 5196 344 5253 S.
375 5201 627 5273 Eugendi
661 5201 910 5273 abbatis,
953 5200 1122 5272 cujus
1160 5200 1478 5258 virtutibus
1518 5206 1575 5259 et
1620 5203 1916 5261 miraculis

298 5285 442 5355 plena
476 5290 726 5348 refulsit.

680 5388 742 5442 D.
779 5388 847 5443 IV
880 5386 1113 5443 NONAS
1141 5388 1485 5444 JANUARII.

973 5484 1030 5555 (2
1055 5485 1225 5555 Jan.)

356 5579 565 5637 Natalis
597 5580 753 5637 beati
788 5580 1004 5638 Lacarii
1037 5581 1284 5639 abbatis.

351 5666 417 5723 Et
445 5668 499 5725 in
539 5669 727 5726 Ponto
764 5668 1005 5726 civitate
1042 5670 1248 5738 Tomis,
1290 5669 1465 5727 trium
1510 5671 1773 5741 fratrum,
1816 5674 1917 5728 Ar-

2019 4612 2226 4686 viginti
2251 4624 2446 4681 unum,
2474 4608 2822 4679 illustreque
2845 4604 3184 4677 martyrium
3209 4602 3394 4659 duxit.
3422 4601 3524 4657 Hic
3539 4615 3671 4658 con-

2025 4702 2223 4762 stituit
2255 4704 2319 4758 ut
2352 4713 2457 4756 sex
2487 4694 2949 4759 hebdomadibus
2982 4697 3115 4751 ante
3146 4689 3667 4759 Paschajejunium

2024 4791 2449 4855 celebraretur,
2483 4789 2540 4841 et
2575 4782 2762 4840 Natali
2804 4781 3025 4839 Domini
3063 4782 3199 4837 Jesu
3241 4778 3457 4835 Christi
3498 4779 3668 4832 nocte

2025 4881 2221 4937 missae
2278 4876 2744 4942 celebrarentur,
2796 4874 2856 4928 et
2914 4871 3165 4952 hymnus
3228 4864 3549 4952 angelicus,
3610 4863 3666 4918 id

2024 4972 2138 5035 est,
2177 4965 2387 5025 Gloria
2415 4964 2482 5021 in
2510 4960 2761 5020 excelsis
2790 4961 2929 5031 Deo,
2973 4958 3111 5014 hora
3157 4950 3430 5011 Sacriﬁcii
3472 4950 3667 5008 missae

2025 5058 2341 5113 diceretur.

2097 5146 2237 5200 ltem
2263 5143 2415 5215 apud
2440 5139 2799 5198 Antiochiam
2826 5134 3115 5210 depositio
3138 5129 3361 5187 sanctis
3383 5128 3668 5188 Simeonis

2027 5231 2289 5289 monachi
2315 5228 2668 5287 admirandae
2691 5226 2931 5285 virtutis
2953 5221 3083 5291 viri,
3110 5218 3207 5289 qui
3231 5217 3457 5275 decimo
3489 5220 3667 5276 tertio

2025 5320 2219 5379 {etatis
2251 5335 2399 5377 anno
2431 5319 2563 5376 huic
2593 5316 2811 5375 saeculo
2842 5307 3282 5379 abrenuntians,
3326 5310 3663 5365 monasterii

2025 5410 2289 5468 claustra
2311 5406 2580 5480 expetiit,
2616 5404 2712 5462 ubi
2747 5403 2889 5458 mira
2921 5397 3275 5456 abstinentia
3301 5396 3396 5454 vix
3417 5398 3666 5469 septimo

2026 5499 2118 5554 die
2151 5499 2347 5554 cibum
2373 5496 2483 5550 sibi
2510 5491 2837 5560 indulgens,
2864 5487 3215 5545 Psalterium
3240 5488 3393 5543 inter
3416 5490 3666 5556 quatuor

1960 5640 1965 5648 .
2026 5600 2259 5643 menses
2292 5582 2515 5641 didicit.
2553 5578 2768 5636 Deinde
2800 5578 2971 5633 nimia
2996 5576 3265 5633 domandi
3289 5573 3553 5643 corporis
3585 5571 3665 5624 in-

2025 5676 2309 5743 tentione,
2354 5673 2489 5729 fune
2530 5667 2814 5743 palmiceo
2853 5682 3026 5726 renes
3066 5666 3179 5724 sibi
3228 5659 3657 5726 constringens,
