4004 6168
336 321 434 376 211
1395 312 1449 370 S.
1487 311 1743 369 ADONIS
1784 307 2220 368 ARCHIEPISC.
2254 309 2671 369 VIENNENSIS

3641 319 3762 376 212

339 442 568 502 duriter
589 436 843 497 laniatus
867 441 979 496 est.
1007 435 1144 494 Inde
1169 436 1224 494 in
1247 437 1494 510 quodam
1519 441 1698 510 puteo
1713 452 1776 496 se
1791 436 1979 495 reclu-
2006 434 2061 496 A
2089 434 2334 510 tissima,
2369 435 2523 494 inter
2551 437 2730 498 verba
2760 435 3042 497 orationis
3074 435 3431 498 dulcissimis
3470 439 3760 514 suspiriis

339 534 502 601 dens,
529 535 585 587 et
625 545 700 587 ex
736 545 804 594 eo
831 528 1115 586 fratribus
1137 527 1428 584 violenter
1458 527 1528 584 ad
1561 529 1977 585 monasterium

338 623 642 691 reductus,
678 619 825 677 clam
860 618 1107 688 fugiens,
1142 633 1400 674 eremum
1435 617 1622 689 petiit.
1659 617 1763 674 Ubi
1799 617 1980 674 multo

337 714 732 769 commoratus
756 714 1019 780 tempore
1044 707 1099 763 in
1124 706 1390 765 columna
1412 706 1644 763 editiori
1663 707 1978 764 sanctitate

337 801 569 856 fervens
585 813 648 856 se
664 797 929 855 reclusit.
947 798 1052 854 Ubi
1069 811 1180 852 non
1200 797 1368 852 modo
1393 795 1534 851 nulli
1549 801 1846 852 extraneae
1861 812 1980 852 mu-

336 888 486 960 lieri,
524 889 625 946 sed
661 903 765 943 nec
798 886 1048 958 propria:
1081 885 1250 941 matri
1285 900 1348 941 se
1370 884 1571 942 videre
1597 885 1882 957 permisit.
1909 887 1978 941 Et

337 993 524 1050 usque
555 976 726 1034 hodie
769 974 1068 1032 basilicam
1108 973 1391 1031 columnae
1429 973 1586 1031 illius
1637 975 1977 1031 feminarum

337 1065 496 1123 nulla
527 1065 850 1138 egreditur.
887 1066 1024 1122 Nam
1057 1063 1320 1136 quaadam
1353 1062 1564 1120 mulier
1584 1067 1751 1120 veste
1775 1063 1976 1120 induta

334 1155 490 1212 virili
515 1154 739 1226 ingredi
759 1153 964 1225 voluit,
990 1157 1049 1209 et
1073 1169 1204 1210 mox
1226 1157 1288 1210 ut
1314 1151 1487 1210 limen
1511 1153 1728 1224 attigit,
1763 1157 1980 1210 retror-

338 1259 464 1303 sum
499 1250 724 1302 mortua
755 1243 990 1312 cecidit,

743 1343 798 1396 F.
843 1342 965 1395 VIII
1006 1340 1166 1397 IDUS
1200 1341 1548 1398 JANUARII.

1030 1433 1085 1494 (6
1112 1431 1283 1497 Jan.)

410 1518 727 1592 Epiphania
759 1517 1001 1576 Domini.

409 1610 621 1666 Eodem
655 1608 748 1664 die
782 1608 978 1680 passio
1011 1611 1230 1664 sancta}
1261 1608 1466 1664 Macrm
1505 1607 1766 1678 virginis,
1810 1623 1980 1678 quam

336 1716 469 1757 cum
495 1699 868 1755 Rictiovarus
892 1713 1114 1770 praeses
1137 1698 1398 1768 torqueri
1423 1701 1480 1752 ct
1509 1697 1560 1751 in
1580 1697 1765 1766 ignem
1783 1697 1986 1768 przeci-

2091 527 2258 599 plena
2282 526 2536 586 reddens
2556 528 2794 586 Domino
2816 528 3111 601 spiritum,
3135 528 3474 601 angelorum
3507 545 3762 591 consor-

2089 613 2266 673 tia'in
2309 617 2456 674 ccelo
2499 617 2818 688 conjunxit.
2852 617 3118 678 Julianus
3145 633 3286 676 vero
3317 620 3700 691 postmodum
3727 636 3762 678 a

2090 706 2370 763 Martiano
2384 707 2632 778 prasside
2647 707 3112 779 requiritur,quo
3124 711 3388 780 tempore
3402 709 3602 766 rabies
3617 725 3762 768 cru-

2089 795 2352 853 delitatis
2374 797 2444 852 ad
2469 796 2937 868 persequendum
2961 801 3197 854 sanctos
3227 797 3328 854 Dei
3360 797 3472 855 sub
3522 797 3764 856 Diocle-

2088 884 2248 941 tiano
2279 889 2338 941 et
2371 885 2714 943 Maximiano
2743 890 3076 961 exarserat,
3103 886 3172 942 ad
3213 900 3384 958 quem
3426 885 3765 946 multitudo

2089 973 2461 1030 sacerdotum
2485 978 2542 1030 et
2568 973 2848 1032 Ecclesia:
2874 973 3090 1030 Christi
3116 973 3515 1032 ministrorum
3547 977 3768 1035 confu-

2086 1066 2251 1133 gerat
2278 1065 2518 1135 propter
2541 1062 2957 1120 immanitatem
2983 1063 3433 1136 persecutionis.
3473 1067 3768 1139 Compre-

2088 1151 2308 1208 hensus
2331 1151 2528 1224 itaque
2552 1167 2683 1209 cum
2705 1151 3045 1223 hacingenti
3061 1153 3586 1227 mnltitudineipse
3605 1171 3768 1228 prm-

2090 1240 2236 1298 sidis
2265 1240 2578 1298 audientiae
2601 1246 2944 1299 reservatur
2970 1259 2985 1309 ;
3017 1242 3219 1300 caeteri
3243 1243 3398 1300 servi
3422 1243 3546 1315 Dei,
3574 1243 3764 1316 jussu

2089 1329 2584 1401 crudelisjudicis
2610 1331 2829 1402 ingenti
2862 1345 3112 1389 accenso
3143 1331 3295 1403 igne,
3330 1332 3537 1404 eisque
3571 1349 3768 1406 appo-

2091 1419 2225 1490 sito,
2253 1419 2310 1475 in
2343 1435 2456 1491 quo
2489 1420 2891 1477 consistebant
2922 1419 3050 1478 loco
3082 1421 3410 1494 consumpti
3441 1426 3604 1481 sunt.
3645 1424 3764 1481 Ubi

2091 1509 2162 1565 ad
2196 1507 2709 1566 commendandam
2743 1509 3061 1582 pretiosam
3096 1517 3340 1567 mortem
3381 1516 3762 1585 sanctorum,

2089 1599 2348 1669 tertiam,
2377 1601 2625 1670 sextam,
2652 1614 2856 1656 nonam
2882 1598 3251 1672 psallentiam
3278 1599 3440 1656 chori
3475 1601 3766 1659 feruntur

2094 1686 2303 1758 audiri,
2330 1687 2431 1744 sed
2453 1691 2512 1743 et
2538 1687 2930 1760 vespertinos,
2957 1692 3013 1744 et
3042 1688 3360 1745 matutinos
3375 1689 3764 1760 hymnosDco

341 1788 840 1860 pitarijussisset,
867 1788 1048 1842 illmsa
1084 1787 1422 1858 permansit.
1459 1786 1675 1842 Deinde
1709 1786 1978 1842 mamillis
2006 1793 2060 1852 B
2093 1776 2379 1832 cecmel‘e-
2407 1778 2618 1834 Beatus
2638 1791 2779 1834 νθνο
2798 1777 3064 1834 “nam”
3096 1777 3343 1850 Primum
3375 1778 3641 1851 θυάίιυεν
3683 1780 3765 1836 τί·

340 1877 607 1947 abscisis,
636 1877 1027 1948 squalor-eque
1053 1876 1311 1932 carceris
1336 1875 1566 1942 afflicta,
1594 1890 1772 1946 super
1793 1879 1982 1933 testas

336 1966 710 2021 acutissimas
741 1970 798 2020 ct
834 1980 1052 2036 prunas
1085 1964 1368 2034 volutata,
1405 1979 1576 2020 orans
1608 1963 1873 2034 migravit
1909 1965 1979 2021 ad

335 2054 654 2111 Dominum.

758 2125 819 2179 ϐ.
865 2125 960 2178 VII
1001 2125 1159 2180 IDUS
1196 2125 1542 2180 JANUARII.

1027 2215 1088 2277 (7
1115 2215 1285 2281 Jan.)

403 2310 632 2367 Relatio
663 2310 830 2382 pueri
861 2311 999 2366 Jesu
1032 2324 1102 2365 ex
1134 2311 1398 2380 Egypto.

407 2402 549 2456 Item
583 2399 796 2456 natalis
829 2398 1014 2454 sancti
1049 2399 1282 2454 Lueiani
1308 2397 1680 2456 Antiochente
1703 2399 1982 2458 Ecclesiae

335 2489 666 2564 presbyteri
680 2491 737 2544 et
755 2486 1164 2558 martyris,viri
1181 2487 1506 2543 doctissimi
1521 2492 1697 2558 atque
1710 2488 1984 2560 cloquen-

342 2579 577 2648 tissimi,
605 2578 700 2649 qui
727 2592 939 2649 passus
962 2581 1053 2632 est
1080 2576 1426 2632 Nicomedite
1451 2578 1524 2632 ob
1555 2578 1981 2636 confessionem

339 2667 556 2724 Christi
581 2665 991 2740 persecutione
1015 2664 1322 2735 Maximini,
1342 2664 1729 2738 sepultusque
1743 2668 1984 2726 Heleno-

341 2756 456 2829 poli
499 2755 819 2827 Bithynia);
862 2769 1030 2825 quam
1075 2755 1275 2811 urbem
1319 2755 1472 2826 (cum
1515 2755 1678 2826 prius
1719 2757 1981 2829 Drepana

331 2846 598 2916 vocatur)
652 2845 706 2900 in
757 2844 1031 2900 honorem
1083 2843 1350 2915 ejusdem
1399 2843 1638 2914 gloriosi
1688 2847 1978 2919 Martyris,

341 2933 762 2991 Constantinus
795 2934 1115 3006 imperator
1143 2933 1498 3006 instaurans,
1523 2949 1594 2990 ex
1618 2935 1845 2992 nomine
1869 2952 1984 2994 ma-

341 3024 453 3080 tris
486 3039 607 3080 suze
639 3022 1036 3095 llelenopolim
1068 3023 1444 3096 nuncupavit.

406 3112 738 3209 ltemnapud
770 3111 1154 3209 Antiochiam,
1201 3111 1549 3209 beatiClcri
1591 3113 1839 3209 diaconi,
1884 3116 1981 3186 qui
2013 3147 2062 3209 Ο

327 3202 402 3256 ob
432 3199 859 3256 confessionem
884 3198 1099 3254 Christi
1125 3199 1346 3270 septies
1367 3202 1584 3269 tortus,
1599 3204 1656 3256 et
1673 3201 1728 3257 in
1743 3217 1982 3261 carcere

335 3289 432 3344 diu
467 3291 821 3358 maceratus,
857 3286 928 3344 ad
961 3286 1227 3344 ultimum
1269 3287 1598 3346 decollatus
1639 3281 1979 3364 martyrium

329 3391 570 3434 consum
583 3375 780 3434 mavit.

755 3467 820 3520 A.
867 3464 937 3520 Vl
982 3465 1144 3521 IDUS
1191 3466 1540 3522 JANUARI‘I.

1006 3558 1062 3618 (8
1090 3555 1260 3622 Jan.)

412 3651 576 3724 Apud
620 3650 913 3723 Neapolim
957 3652 1280 3724 Campaniae
1322 3654 1510 3711 sancti
1551 3655 1808 3714 Severini
1849 3674 1982 3716 con-

340 3741 586 3798 fessoris
614 3751 642 3779 α
668 3741 867 3797 fratris
894 3741 1215 3798 beatissimi
1234 3743 1512 3800 Victorini
1535 3744 1847 3804 clarissimi
1871 3749 1980 3805 viri

333 3829 653 3888 miraculis.
701 3830 808 3897 Qui
841 3833 898 3886 et
933 3829 1059 3902 ipse
1100 3832 1300 3888 fratris
1339 3832 1618 3905 imitator,
1663 3841 1796 3908 post
1840 3838 1982 3896 mul-

345 3923 532 3978 tarum
563 3920 848 3978 virtutum
882 3921 1396 3991 perpetrationem,
1432 3924 1747 3982 sanctitate
1772 3926 1980 3998 plenus

344 4008 579 4076 quievit.
609 4007 885 4078 Sepultus
906 4007 960 4062 in
984 4007 1130 4077 loco,
1157 4009 1253 4063 ubi
1279 4009 1525 4079 primum
1548 4013 1981 4072 abstinentissi-

334 4110 481 4162 mus,
519 4109 688 4164 quam
713 4094 783 4149 ad
807 4093 1211 4175 episcopatum
1238 4102 1568 4168 vocaretur,
1597 4110 1978 4161 conversatus

326 4181 535 4237 fuerat.

404 4268 654 4339 Belvaci,
691 4272 1030 4326 sanctorum
1063 4271 1296 4328 Lueiani
1329 4278 1386 4329 ct
1420 4276 1706 4334 Messiani.

766 4368 825 4421 Β.
871 4367 932 4420 ν.
978 4368 1140 4425 IDUS
1179 4369 1524 4427 JANUARII.

1013 4460 1066 4524 (9
1095 4460 1263 4528 Jan.)

399 4555 459 4609 lu
474 4550 818 4609 Mauritania
835 4555 1201 4628 Cmsariensi,
1219 4555 1431 4615 natalis
1447 4564 1667 4619 sanctae
1681 4563 1976 4632 Martianze

331 4640 577 4712 virginis
608 4646 667 4698 et
700 4642 992 4713 martyris.

397 4733 539 4788 Item
574 4729 668 4787 die
699 4731 851 4802 apud
885 4731 1267 4806 Antiochiam,
1307 4736 1500 4793 natale
1533 4741 1720 4798 sancti
1761 4744 1974 4805 Juliani

324 4820 620 4892 martyris,
649 4823 707 4877 et
732 4819 1026 4878 Basilissae
1048 4823 1313 4894 conjugis
1333 4825 1480 4896 ejus.
1516 4828 1581 4883 lli
1617 4829 1814 4904 itaque
1846 4850 1977 4894 san-

329 4910 596 4966 ctissimo
627 4914 762 4966 voto
793 4909 942 4967 casti
976 4911 1272 4982 conjuges,
1299 4913 1520 4986 aliquot
1553 4932 1732 4976 annos
1754 4924 1977 4994 pariter

332 4996 636 5067 vixerunt;
661 5015 894 5057 carnem
918 5015 1079 5056 suam
1105 5001 1334 5058 Christo
1347 5003 1629 5075 virginem
1644 5018 1971 5087 servantes,

330 5088 678 5146 monasteria
711 5089 782 5146 de
815 5090 992 5146 rebus
1025 5089 1168 5157 suis,
1197 5091 1330 5161 quia
1353 5098 1518 5149 erant
1546 5100 1890 5166 parentibus
1915 5109 1972 5160 et

322 5185 538 5240 genere
567 5174 902 5249 clarissimi,
933 5178 1345 5251 instituerunt,
1375 5186 1435 5238 ut
1463 5183 1533 5240 ad
1568 5184 1767 5244 decem
1794 5191 1973 5250 millia

325 5259 732 5326 monachorum
768 5272 933 5336 pater
958 5269 1167 5326 beatus
1189 5267 1454 5326 J.EII3IIUS
1478 5271 1665 5330 fleret.
1696 5277 1973 5338 Basilissa

324 5361 464 5404 vero
487 5345 799 5406 multarum
825 5361 1008 5412 mater
1032 5358 1341 5429 virginum.
1371 5359 1624 5426 Quarum
1650 5363 1975 5423 multitudi-

327 5451 454 5528 nem
481 5450 618 5493 cum
645 5435 762 5506 jam
795 5439 1097 5528 victricem
1133 5448 1513 5526 praemisisset
1547 5451 1618 5509 ad
1648 5454 1970 5528 Dominum,

327 5527 453 5600 ipsa
478 5526 926 5584 conversatione
950 5531 1104 5604 vitae,
1129 5542 1186 5592 et
1211 5539 1494 5600 doctrinae
1521 5542 1735 5600 studiis
1769 5526 1974 5618 proba-

396 5653 422 5680 ι
453 5641 597 5704 Vide
629 5641 798 5718 plura
831 5642 903 5702 de
931 5656 1002 5703 eo
1033 5651 1066 5704 δ
1096 5647 1253 5721 Sept.

2001 4506 2053 4566 D

2089 1864 2406 1934 gidis‘simis
2437 1865 2690 1923 fustibus
2719 1881 2910 1924 czesus
2939 1870 3052 1922 est.
3089 1867 3347 1938 Cumque
3387 1867 3756 1940 caederetur,

2092 1969 2242 2011 unus
2263 1953 2658 2012 ministrorum
2685 1955 2917 2026 praesidi
2942 1955 3312 2014 necessarius
3340 1956 3573 2014 oculum
3607 1959 3759 2014 ami-

2091 2041 2184 2097 sit.
2205 2042 2384 2108 Quem
2400 2043 2611 2099 beatoJ
2620 2043 2810 2100 uliano
2821 2049 3026 2100 orante
3043 2043 3200 2101 illico
3227 2045 3473 2116 recepit,
3498 2049 3554 2102 et
3579 2045 3752 2103 Chri-

2093 2133 2186 2186 sto
2208 2131 2458 2188 credens
2480 2132 2677 2189 statim
2702 2133 2774 2190 ab
2796 2133 2998 2190 insano
3014 2133 3212 2204 judice
3237 2133 3578 2192 decollatur.
3595 2135 3749 2193 Inde

2094 2219 2577 2278 bcatusJulianus
2592 2220 2807 2279 ductus
2821 2223 2891 2278 ad
2916 2223 3106 2280 fanum
3131 2223 3478 2294 daamonum,
3505 2222 3752 2281 simula-

2092 2323 2190 2365 cra
2215 2308 2537 2366 cristallina
2563 2314 2619 2366 et
2637 2310 2940 2382 electrina,
2961 2315 3136 2383 atque
3151 2311 3368 2370 diversi
3380 2312 3615 2382 generis
3628 2327 3754 2370 me-

2090 2395 2235 2453 tallo
2259 2397 2564 2470 acquisita,
2592 2399 2670 2455 ita
2695 2399 3047 2456 comminuta
3070 2400 3317 2471 atquein
3333 2400 3640 2473 pulverem
3657 2416 3754 2459 re-

2093 2485 2264 2542 dacta
2297 2490 2557 2557 sunt,.ut
2601 2487 2738 2558 quid
2779 2489 2992 2545 fuerint
3039 2489 3272 2546 omnino
3322 2504 3432 2546 non
3481 2494 3751 2562 pareret.

2091 2574 2308 2632 Deinde
2331 2581 2571 2634 sanctus
2593 2581 2812 2648 martyr
2835 2577 3084 2634 vinculis
3097 2579 3305 2634 ferreis
3319 2583 3605 2650 arctatus,
3638 2595 3755 2651 per

2093 2663 2388 2720 civitatem
2405 2666 2512 2722 sub
2525 2681 2666 2722 voce
2681 2667 2968 2738 przeconis
2979 2666 3462 2724 circumducitur.
3481 2669 3758 2741 Cumque

2094 2753 2454 2824 pervenisset
2487 2753 2558 2812 ad
2592 2753 2802 2827 locum,
2842 2755 2936 2811 ubi
2971 2755 3126 2813 filius
3151 2756 3496 2828 prmsidisin
3519 2756 3760 2815 scholis

2092 2841 2493 2914 erudiebatur,
2521 2858 2664 2914 puer
2687 2843 2838 2900 idem
2855 2842 3060 2901 Celsus
3073 2844 3301 2901 nomine
3316 2844 3460 2902 vidit
3475 2845 3760 2903 multitu-

2092 2929 2283 2986 dinem
2308 2930 2634 2989 albatorum
2657 2931 2813 2989 circa
2836 2938 3101 2990 sanctum
3126 2937 3460 3005 martyrem,
3493 2939 3552 2991 et
3576 2950 3758 2992 coro-

2093 3034 2221 3076 nam
2245 3019 2987 3092 pretiosissimislapidibus
3001 3021 3538 3094 renitentemsuper
3560 3028 3758 3096 caput

2091 3107 2234 3176 ejus.
2263 3108 2401 3174 Quae
2424 3108 2544 3165 visa
2568 3123 2698 3165 cum
2723 3110 2844 3166 suis
2874 3109 3291 3182 condiscipulis
3323 3115 3609 3182 narraret,
3647 3127 3761 3169 su—

2095 3196 2216 3252 bito
2237 3195 2852 3269 divinitusinspiratus
2867 3199 3108 3270 projecit
3127 3199 3420 3258 volumina
3435 3201 3758 3271 magistro-

2093 3300 2239 3354 rum,
2275 3289 2331 3340 et
2365 3285 2712 3342 vestimenta
2747 3287 2958 3358 quibus
2986 3292 3113 3344 erat
3162 3288 3420 3359 indutus,
3465 3293 3524 3346 et
3557 3290 3751 3350 celeri

2091 3388 2267 3430 cursu
2301 3373 2568 3444 pervenit
2598 3374 2668 3430 ad
2702 3375 2879 3446 pedes
2911 3375 3091 3432 vincti
3123 3377 3415 3447 martyris.
3455 3377 3538 3434 Ad
3582 3381 3751 3452 quod

2093 3462 2308 3519 factum
2331 3465 2573 3534 stupens
2593 3467 2718 3519 tota
2745 3478 2888 3535 pene
2911 3464 3122 3522 civitas
3151 3465 3409 3522 accurrit
3436 3484 3452 3533 ;
3483 3482 3615 3523 cum
3651 3483 3752 3524 re-

2092 3548 2268 3620 liquis
2279 3565 2496 3622 praeses
2511 3554 2570 3606 et
2587 3556 2772 3608 mater
2787 3553 2951 3624 pueri
2967 3552 3259 3623 ejulantes
3271 3554 3606 3610 adveniunt.
3626 3555 3748 3614 Sed

2091 3654 2220 3696 cum
2246 3653 2488 3711 puerum
2515 3655 2545 3697 a
2569 3641 2854 3697 societate
2871 3643 3040 3698 beata
3053 3657 3327 3714 separare
3343 3658 3452 3699 non
3472 3648 3742 3716 possent,

2091 3744 2122 3784 c
2149 3743 2221 3783 im
2246 3729 2417 3785 beato
2437 3728 2665 3786 Iuliano
2687 3729 2799 3786 imo
2821 3730 3076 3788 carceris
3107 3730 3490 3802 mancipatur.
3522 3733 3630 3788 Ubi
3656 3733 3748 3789 di-

2091 3816 2224 3872 vino
2264 3817 2480 3874 lumine
2519 3817 2822 3888 consolati,
2866 3824 2924 3874 et
2967 3818 3146 3876 odore
3187 3819 3432 3876 mirifico
3471 3825 3606 3878 sunt
3651 3835 3746 3878 re-

2091 3905 2297 3977 spersi,
2325 3905 2404 3962 ita
2429 3910 2489 3963 ut
2515 3905 2730 3964 milites
2754 3907 2850 3979 qui
2883 3923 2984 3964 eos
3018 3909 3349 3979 servabant,
3385 3908 3624 3966 circiter
3656 3911 3745 3966 vi-

2089 3993 2256 4064 ginti,
2283 3995 2574 4065 commoti,
2601 3999 2656 4051 et
2682 3999 2920 4068 stupore
2943 3995 3218 4068 perculsi,
3245 3996 3476 4054 Christo
3497 3998 3742 4056 Domino

2091 4082 2420 4138 crederent.
2469 4083 2550 4138 Ad
2595 4083 2700 4140 hos
2738 4084 2935 4154 itaque
2975 4085 3296 4142 visitandos
3337 4085 3393 4142 in
3434 4101 3740 4146 carcerem

2093 4171 2304 4226 fratres
2327 4174 2548 4242 septem
2574 4187 2682 4228 una
2707 4187 2839 4228 cum
2865 4174 3154 4231 Antonino
3188 4175 3533 4248 presbytero
3563 4191 3742 4234 vene-

2091 4263 2247 4329 runt,
2272 4259 2574 4351 officioque
2595 4261 2780 4318 sancti
2797 4262 3066 4318 Antonini
3083 4264 3566 4336 presbyteri,tam
3589 4280 3742 4351 puer

2091 4361 2261 4416 quam
2299 4347 2504 4418 viginti
2535 4348 2750 4406 milites
2783 4351 3062 4423 baptizati
3097 4356 3251 4409 sunt.
3289 4352 3450 4419 Quod
3491 4347 3740 4413 audiens

2091 4449 2325 4508 praeses,
2351 4439 2576 4510 septem
2601 4439 2814 4497 fratres
2843 4439 2939 4496 diu
2974 4440 3239 4498 custodia
3281 4446 3626 4516 maceratos,
3662 4443 3739 4500 ad

2096 4524 2364 4583 ultimum
2397 4527 2551 4584 tradi
2585 4527 2700 4599 igni
2733 4530 3032 4602 praecepit,
3069 4545 3242 4602 porro
3283 4531 3500 4588 milites
3537 4532 3739 4604 gladio

2089 4614 2404 4684 trucidari;
2428 4616 2628 4689 sicque
2651 4619 2991 4688 martyrium
3022 4619 3280 4677 victores
3300 4636 3742 4679 consummave-

2089 4708 2244 4761 runt.
2273 4706 2544 4763 Sanctum
2569 4706 3005 4764 veroJulianum
3020 4713 3196 4780 atque
3211 4709 3440 4767 Celsum
3463 4725 3735 4783 puerum,

2089 4797 2470 4866 sanctumque
2495 4795 2802 4852 Antonium
2836 4798 3242 4870 presbyterum
3275 4798 3384 4855 sibi
3418 4803 3741 4871 praesenta-

2086 4885 2198 4952 tos,
2234 4898 2456 4940 necnon
2479 4888 2535 4939 et
2563 4885 2950 4958 Anastasium,
2977 4901 3146 4959 quem
3181 4888 3388 4946 beatus
3413 4887 3684 4948 Julianus
3706 4907 3739 4948 a

2089 4974 2274 5027 morte
2299 4972 2644 5031 suscitatum
2669 4975 3011 5048 participem
3033 4977 3239 5048 gratiae
3254 4977 3472 5034 Christi
3488 4977 3734 5052 fecerat,

2089 5059 2143 5114 in
2170 5075 2393 5132 cuppas
2417 5061 2544 5133 pice
2567 5066 2624 5119 et
2649 5063 2818 5136 adipe
2842 5065 3136 5123 ferventes
3157 5065 3378 5138 injecit,
3397 5067 3506 5125 sub
3520 5068 3742 5140 quibus

2087 5146 2374 5216 lignorum
2405 5153 2463 5205 et
2497 5158 2921 5210 sarmentorum
2953 5154 3175 5227 copiam
3211 5155 3732 5228 aggregarijussit.

2089 5236 2195 5292 Sed
2226 5237 2378 5292 beati
2405 5238 2545 5294 nihil
2571 5239 2690 5297 laesi
2721 5243 2829 5298 sub
2862 5242 3011 5313 igne,
3047 5243 3101 5298 in
3133 5245 3496 5302 confessione
3527 5244 3734 5304 invicti

2090 5325 2432 5396 persistunt.
2448 5329 2617 5386 Ducti
2631 5344 2771 5398 ergo
2786 5331 2994 5388 iterum
3009 5336 3141 5388 sunt
3158 5333 3212 5389 in
3227 5334 3572 5392 custodiam.
3590 5336 3734 5392 Cum

2089 5429 2270 5486 puero
2294 5421 2487 5474 autem
2522 5422 2709 5475 mater
2741 5419 2924 5491 ipsius
2954 5421 3320 5494 Martionilla,
3354 5426 3416 5481 ut
3450 5438 3581 5482 eum
3612 5439 3736 5481 mu—

2089 5507 2214 5561 tare
2238 5512 2454 5578 posset,
2478 5507 2681 5565 volens
2702 5507 2922 5568 inclusa
2945 5515 3052 5569 est.
3081 5511 3188 5569 Sed
3213 5511 3347 5570 dum
3370 5513 3531 5586 cupit
3548 5511 3731 5570 tilium
