3992 6170
322 370 426 428 215

1385 349 1438 403 S.
1485 345 1740 403 ADONIS
1778 336 2210 428 ARCHIEPISC.
2247 330 2658 391 VIENNENSIS

3610 313 3712 372 2l6

323 499 461 566 suis,
490 491 662 567 jussit
695 502 826 546 eum
857 483 1110 542 fustibus
1137 477 1304 549 caedi,
1338 473 1547 533 deinde
1576 467 1810 543 equulci
1840 470 1962 524 tor-
1989 464 2042 524 A
2085 457 2312 567 ἠρρυά
2363 456 2658 567 νίθιπιῐιειιῐιΧ
2693 448 2882 510 sancti
2933 443 3108 506 Caeldi
3140 437 3399 518 episcopi
3456 435 3602 512 (Ado
3649 435 3708 493 in

325 561 862 655 men'ti'sap'plicari;
885 574 1017 630 inde
1039 567 1262 628 carceri
1288 563 1624 632 includitur,
1645 561 1698 616 in
1722 574 1834 631 quo
1848 572 1957 613 non

325 645 718 734 mediocribus
743 663 992 723 vinculis
1024 659 1322 726 astrictus,
1357 651 1615 711 cochleis
1639 666 1704 706 ac
1727 645 1962 704 testulis

329 761 668 836 suppositus
696 751 1129 811 extenditur.Et
1156 760 1293 804 ecce
1319 745 1488 800 nocte
1514 739 1699 796 media
1725 735 1966 806 angelus

328 829 572 918 Domini,
606 841 924 903 confractis
953 836 1197 904 catenis,
1224 833 1520 902 scissaque
1541 829 1710 883 trabe
1736 839 1844 895 qua
1873 838 1968 894 pc-

329 937 570 1008 desejus
585 931 846 993 conclusi
873 929 1244 993 tenebantur,
1265 922 1343 978 ait
1371 920 1455 976 illi
1478 939 1490 973 :
1517 919 1700 987 Surge
1723 918 1779 970 et
1806 927 1970 982 egre-

333 1007 492 1097 dere,
519 1040 584 1082 ac
599 1021 832 1094 require
852 1015 1217 1076 sacerdotem
1235 1015 1421 1080 tuum,
1439 1007 1854 1074 inventumque
1883 1015 1971 1056 re-

333 1117 446 1174 duc
478 1089 546 1172 ad
580 1089 803 1179 urbem,
837 1111 894 1164 et
928 1101 1240 1172 absconde,
1277 1114 1346 1156 ne
1379 1096 1568 1154 inedia
1598 1109 1663 1150 ac
1697 1093 1842 1148 fame
1874 1089 1972 1145 de-

337 1209 558 1279 pereat,
592 1203 775 1258 donec
809 1195 1034 1254 desinat
1068 1188 1420 1264 persecutio.
1474 1187 1734 1252 Dumque
1768 1181 1972 1235 beatus

335 1275 495 1352 Felix
520 1303 793 1362 egressus
832 1283 1287 1341 sacerdotemet
1315 1275 1654 1349 episcopum
1690 1283 1854 1327 suum
1888 1281 1974 1322 re-

337 1358 617 1456 quireret,
634 1375 852 1434 invenit
874 1371 1033 1428 illum
1060 1368 1185 1426 solo
1209 1368 1585 1438 prostratum,
1602 1358 1818 1417 clausis
1839 1371 1975 1412 ocu-

337 1443 430 1541 lis,
457 1443 794 1538 strictisque
816 1460 1090 1519 dentibus
1112 1457 1205 1512 vix
1221 1455 1562 1526 spirantem.
1579 1453 1792 1506 Etcum
1807 1443 1975 1502 anxie

342 1536 666 1630 requireret
703 1536 842 1624 quid
885 1546 1142 1607 alimenti
1184 1545 1413 1602 defecto
1457 1539 1578 1599 seni
1622 1536 1972 1610 porrigeret,

340 1623 477 1707 ecce
501 1645 693 1704 subito
718 1623 789 1699 de
811 1639 1076 1698 sentibus
1101 1650 1265 1693 uvam
1293 1631 1545 1704 pendere
1580 1627 1824 1683 miratur
1857 1643 1870 1678 :
1906 1623 1977 1678 de

343 1753 454 1810 qua
468 1734 758 1807 aliquibus
779 1728 976 1801 granis
990 1727 1044 1782 in
1059 1741 1124 1783 os
1135 1719 1488 1780 confessoris
1512 1715 1722 1774 Christi
1746 1726 1980 1785 expres-

344 1802 444 1895 sis,
468 1802 765 1897 paululum
797 1818 991 1877 senior
1015 1811 1374 1872 refocillatus
1388 1805 1662 1866 surrexit.
1681 1804 1859 1870 Quem
1877 1802 1982 1858 hu-
2007 1821 2062 1883 Β

283 1973 294 1980 ,
347 1891 522 1972 metris
569 1909 902 1982 impositum
962 1903 1119 1960 Felix
1169 1901 1239 1957 ad
1290 1898 1586 1955 civitatem
1639 1891 1872 1960 detulit,
1922 1893 1982 1943 et

345 2004 454 2060 sub
505 1977 737 2070 tuguria
783 1994 1083 2067 cujusdam
1131 1991 1319 2046 viduae
1365 1983 1852 2051 commendatum,
1887 1977 1987 2034 ali-

346 2090 558 2148 mentis
590 2087 770 2161 pavit.
804 2083 1020 2141 Deinde
1059 2084 1290 2151 captus,
1328 2077 1380 2132 in
1414 2073 1681 2132 exsilium
1717 2071 1988 2140 deporta-

348 2185 446 2238 tur
496 2157 702 2235 beatus
751 2178 990 2245 martyr,
1027 2171 1081 2226 in
1115 2173 1309 2225 monte
1339 2164 1437 2236 qui
1471 2166 1716 2218 vocatur
1747 2157 1985 2225 Circeis,

353 2268 449 2326 ubi
500 2265 724 2338 lapides
771 2261 1214 2328 excidebantur,
1253 2261 1316 2312 ut
1366 2254 1488 2325 ipse
1539 2266 1669 2307 cum
1702 2245 1990 2305 damnatis

355 2356 477 2429 pari
501 2336 672 2411 modo
695 2351 951 2424 lapidum
975 2362 1160 2404 cassor
1181 2349 1360 2402 esset.
1380 2341 1482 2399 Ubi
1501 2336 1989 2429 Probicujusdam

353 2422 572 2502 tribuni
596 2422 769 2497 filiam
793 2455 820 2495 a
851 2436 1137 2495 daemonio
1168 2431 1461 2500 liberavit,
1487 2439 1844 2496 uxoremque
1867 2422 1994 2492 ejus

355 2534 425 2590 ab
452 2529 751 2605 hydropisi
777 2527 979 2584 morbo
1003 2522 1252 2589 curavit,
1272 2521 1578 2592 ipsumque
1592 2517 1846 2594 Probum
1861 2525 1995 2568 cum

355 2599 538 2679 uxore
553 2625 611 2677 et
626 2599 836 2686 iilia,et
861 2613 1126 2688 pluribus
1149 2610 1298 2680 aliis,
1315 2608 1368 2663 in
1395 2605 1624 2663 Christo
1650 2599 1990 2675 baptizavit.

355 2712 494 2767 Post
523 2706 732 2764 deinde
765 2719 894 2761 cum
929 2715 1226 2771 regressus
1259 2700 1434 2766 esset,
1466 2697 1770 2752 crescente
1805 2701 1998 2763 perse-

357 2798 611 2867 cutione,
638 2795 848 2854 iterum
873 2789 1124 2846 mittitur
1149 2787 1494 2860 persecutor
1529 2799 1603 2838 ex
1635 2795 1876 2838 numero
1901 2792 2000 2850 ap-

361 2886 702 2959 paritorum,
730 2881 825 2953 qui
861 2882 1092 2936 beatum
1119 2875 1365 2934 Felicem
1398 2869 1842 2936 teneret.Quem
1866 2881 1997 2924 cum

359 2958 611 3032 sollicite
627 2970 978 3041 requireret,
993 2973 1052 3023 et
1065 2964 1330 3023 eumdem
1346 2961 1590 3020 Felicem
1607 2958 2001 3027 interrogaret

359 3062 406 3120 si
439 3065 638 3119 nosset
667 3059 765 3117 ubi
799 3056 958 3114 Felix
990 3055 1296 3127 presbyter
1327 3051 1537 3108 lateret
1574 3068 1588 3104 :
1622 3049 1759 3118 Hac,
1787 3044 1996 3116 inquit,

365 3150 524 3207 Felix
575 3151 740 3220 parte
789 3145 950 3202 abiit.
1005 3145 1390 3198 Persecutore
1439 3136 1798 3206 discedente,
1843 3131 2002 3188 Felix

365 3237 650 3294 latebram
673 3233 860 3308 petiit.
888 3231 995 3288 Sed
1023 3244 1124 3286 nec
1150 3242 1329 3298 mora,
1359 3226 1700 3298 persecutor
1724 3222 1846 3293 ipse
1869 3220 2004 3278 sub-

366 3324 651 3396 sequitur.
680 3307 761 3378 At
791 3323 1010 3391 martyr
1041 3318 1194 3374 inter
1227 3315 1480 3388 parietes
1515 3312 1746 3369 dirutos
1772 3307 2006 3366 occulo-

369 3416 560 3483 batur,
589 3410 686 3470 ubi
711 3409 766 3466 in
791 3409 916 3481 ipso
941 3407 1126 3477 primo
1149 3405 1355 3462 domus
1380 3401 1626 3458 introitu
1660 3411 2006 3456 araneorum

366 3501 501 3559 telae
534 3498 956 3573 dependentes,
981 3495 1140 3550 intus
1165 3491 1448 3549 neminem
1481 3495 1621 3546 tunc
1645 3488 1920 3556 intrasse,
1947 3485 2009 3541 fi-

370 3591 500 3647 dem
517 3590 800 3646 fecerunt.
821 3585 942 3652 Qua
964 3583 1190 3640 visione
1215 3579 1458 3637 delusus
1480 3577 1750 3634 inimicus
1773 3577 2008 3634 absces-

370 3679 468 3735 sit.
505 3678 596 3734 Sic
628 3681 850 3746 martyr
887 3673 957 3729 ad
993 3671 1166 3728 alium
1209 3669 1400 3726 locum
1435 3666 1787 3737 dcmigrans,
1829 3679 1859 3720 a
1889 3680 2009 3720 mu-

371 3766 515 3823 liere
547 3764 793 3836 quadam
837 3776 940 3835 per
982 3765 1106 3816 tres
1157 3772 1388 3814 menses
1441 3759 1648 3828 pastus
1679 3759 1804 3821 est;
1838 3753 2008 3824 cujus

255 3903 264 3913 .
369 3860 562 3912 tamen
587 3852 812 3922 faciem,
838 3851 972 3907 dum
998 3849 1203 3904 iisdem
1237 3844 1501 3902 latibulis
1523 3841 2007 3912 celaretur,nullo

371 3943 541 4000 modo
555 3941 720 4000 vidit.
738 3941 881 3996 Post
895 3937 1126 3995 modum
1140 3951 1279 3994 vero
1295 3935 1446 4006 apud
1463 3933 1659 3990 Nolam
1676 3931 2006 4005 pontificem

371 4031 790 4089 daemoniorum
841 4027 911 4083 ad
961 4025 1250 4081 Christum
1307 4025 1680 4091 convertens,
1730 4018 2008 4092 templum

373 4119 679 4192 Apollinis,
701 4115 862 4189 prius
891 4112 1150 4170 diemone
1183 4111 1279 4181 qui
1306 4124 1586 4181 responsa
1610 4109 1786 4164 dabat
1807 4107 2008 4179 expul-

373 4224 459 4280 so,
495 4207 686 4264 divina
725 4203 946 4260 virtute
996 4199 1226 4270 dejecit.
1261 4198 1592 4255 Virtutibus
1633 4198 1828 4267 itaque
1860 4195 2006 4252 adeo

375 4294 648 4362 illustris,
671 4305 802 4370 cum
833 4287 1014 4346 vellet
1043 4287 1353 4344 universus
1388 4286 1638 4359 populus
1671 4285 1925 4342 Nolanus
1947 4287 2008 4340 ut

374 4384 675 4439 levaretur
701 4378 1039 4450 episcopus,
1067 4391 1178 4432 non
1201 4375 1524 4446 consensit,
1548 4375 1650 4434 sed
1682 4373 1930 4431 alterum
1956 4373 2010 4428 in

377 4469 515 4527 sede
542 4465 859 4540 pontificali
883 4465 1127 4536 eligens,
1152 4464 1277 4537 ipse
1298 4469 1432 4536 post
1464 4464 1770 4521 duodecim
1805 4477 2008 4534 annos,

377 4571 525 4626 quos
563 4555 714 4627 apud
758 4554 955 4612 Nolam
997 4559 1271 4611 cessante
1314 4553 1724 4624 persecutione
1767 4552 2004 4621 fecerat,

375 4643 670 4701 Dominica
703 4643 796 4700 die
828 4642 1124 4714 mysteriis
1153 4641 1460 4710 confectis,
1495 4641 1628 4697 data
1649 4653 1803 4712 .pace
1835 4640 2015 4696 omni-

376 4735 505 4803 bus,
533 4746 598 4789 se
630 4731 686 4787 in
721 4731 1112 4803 pavimentum
1146 4735 1424 4788 oraturus
1452 4729 1701 4802 projecit
1726 4747 1738 4783 :
1763 4741 2014 4798 moxque

378 4822 531 4878 beati
563 4820 673 4877 viri
707 4819 893 4876 anima
925 4819 997 4876 de
1026 4819 1220 4875 carnis
1251 4817 1552 4890 ergastulo
1583 4830 1842 4887 egressa,
1880 4820 2015 4888 post

375 4911 573 4980 gravia
595 4911 906 4976 tormenta,
924 4921 1052 4978 qua:
1076 4907 1368 4979 patienter
1389 4905 1604 4964 tulerat
1631 4921 1734 4977 pro
1758 4903 2008 4973 Christo,

378 4999 566 5056 felicia
592 5013 766 5069 regna
807 4996 931 5069 ipse
961 5010 1098 5052 vere
1132 4995 1289 5050 Felix
1319 4993 1684 5051 conscendit.
1712 4993 2014 5064 Sepultus-

377 5100 488 5156 que
533 5087 699 5158 juxta
750 5087 952 5143 urbem
1005 5085 1060 5140 in
1093 5083 1224 5139 loco
1275 5084 1370 5152 qui
1405 5083 1622 5139 dicitur
1661 5081 1876 5151 Pincis,
1913 5082 2010 5137 ubi

377 5173 554 5230 claris
605 5189 836 5247 semper
885 5173 1064 5244 fulget
1115 5171 1456 5241 virtutibus,
1493 5173 1564 5228 ab
1595 5169 1883 5242 Helpidio,
1919 5186 2013 5227 ve-

380 5261 622 5318 nerabili
653 5267 710 5318 et
746 5268 952 5320 sancto
996 5261 1362 5336 presbytero.
1402 5259 1501 5315 llic
1535 5259 1708 5316 etiam
1743 5259 2013 5316 beatissi-

378 5364 506 5406 mus
555 5353 774 5420 martyr
810 5355 868 5406 et
919 5352 1228 5408 confessor
1273 5347 1570 5405 bzereticis
1620 5347 2008 5404 invictissime

379 5437 618 5495 restitit.

445 5561 711 5644 ηιᾴραρἰ
737 5560 1014 5644 manibus
1033 5576 1294 5644 swsam,
1323 5563 1382 5620 et
1397 5560 1652 5644 pedibus
1680 5561 1894 5644 imam.
1928 5561 2012 5614 Ita

374 5631 719 5693 constanter
731 5632 1072 5690 mss.ium
1083 5631 1494 5706 veliosa/mpro
1507 5632 2012 5703 iwmmjorswm,

2079 549 2295 608 Clima.
2331 561 2479 604 anno
2508 542 2660 614 686.)

2444 671 2509 726 Α.
2545 666 2717 725 XVIII
2749 663 2904 720 ΚΑΒ.
2939 655 3340 717 FEBRUARII.

2753 761 2846 832 (45
2872 758 3044 828 Jan.)

2148 885 2378 940 Abacuc
2391 884 2450 938 et
2475 878 2726 936 Micbaaze
2750 873 3188 948 praphetarum,
3207 880 3452 940 quorum
3473 877 3718 936 corpora

2079 973 2190 1029 sub
2222 969 2470 1028 Arcadio
2503 967 2856 1039 imperatore
2887 961 3081 1018 divina
3107 956 3465 1015 revelatione
3487 954 3721 1025 reperta

2080 1063 2238 1118 sunt.

2152 1151 2293 1206 Item
2326 1147 2480 1204 beati
2515 1141 2744 1201 Macarii
2777 1139 3030 1209 abbatis,
3065 1134 3338 1208 discipuli
3363 1131 3517 1190 beati
3552 1131 3728 1186 Anto-

2082 1238 2222 1308 nini,
2255 1236 2376 1292 vita
2407 1239 2465 1292 et
2503 1229 2803 1289 miraculis
2834 1225 3225 1285 celeberrimi.

2155 1305 2296 1382 ltem
2329 1323 2485 1380 beati
2517 1320 2727 1378 Isidori
2761 1317 3078 1376 sanctitate
3109 1315 3264 1384 vitae,
3310 1311 3421 1369 fide
3461 1323 3526 1366 ac
3559 1305 3735 1363 mira-

2081 1414 2234 1472 culis
2267 1411 2552 1485 praeclari.

2157 1482 2320 1574 Apud
2356 1499 2644 1557 Bituricas
2664 1498 2985 1565 civitatem,
3012 1490 3323 1550 translatio
3345 1485 3578 1558 Sulpitii
3609 1482 3737 1574 epi-

2089 1571 2250 1662 scopi
2289 1593 2346 1645 et
2383 1587 2760 1656 confessoris,
2801 1585 2900 1656 qui
2947 1598 2976 1640 a
3010 1579 3266 1654 pueritia
3295 1576 3482 1634 sacris
3511 1571 3736 1630 litteris

2087 1679 2360 1736 eruditus
2384 1681 2442 1732 et
2467 1681 2689 1732 sanctae
2711 1669 3180 1732 conversationis
3201 1667 3332 1723 luce
3353 1662 3735 1734 conspicuus,

2091 1768 2268 1824 etiam
2301 1765 2484 1822 laicus
2511 1763 2835 1820 virtutibus
2865 1759 3098 1818 claruit.
3132 1757 3272 1812 Post
3303 1753 3479 1810 etiam
3516 1762 3741 1807 corona

2098 1855 2365 1927 deposita
2392 1851 2800 1909 monachorum
2826 1851 2998 1906 Pater
3019 1845 3282 1911 exstitit;
3306 1847 3480 1912 atque
3503 1837 3636 1894 inde
3659 1835 3741 1892 ad

2095 1925 2487 2016 episcopalem
2523 1943 2838 2012 provectus
2858 1935 3218 2004 cathedram,
3243 1932 3360 1989 vita
3391 1929 3610 1996 clarus,
3635 1925 3744 1979 mi-

2098 2031 2314 2089 raculis
2343 2029 2640 2099 gloriosus
2673 2027 2916 2098 quievit.

2481 2154 2540 2208 B.
2577 2151 2721 2208 xvu
2755 2150 2907 2205 KAL.
2943 2127 3364 2204 FEBRUARII.‘

2775 2247 2866 2317 (46
2895 2243 3063 2316 Jan.)

2173 2374 2366 2430 Romae
2389 2373 2479 2430 via
2502 2370 2721 2428 Salaria
2746 2371 2802 2426 in
2825 2367 3163 2426 cmmeterio
3185 2363 3490 2432 Priscillae,
3524 2358 3745 2417 natalis

2103 2462 2290 2518 sancti
2322 2459 2572 2517 Marcelli
2607 2474 2790 2531 papae,
2825 2457 2944 2530 qui,
2972 2457 3214 2526 jubente
3237 2451 3541 2510 Maximino
3562 2449 3747 2520 impe-

2105 2553 2321 2618 ratore,
2358 2548 2544 2620 primo
2574 2547 2832 2604 fustibus
2862 2559 3054 2602 caesus
3084 2549 3140 2600 et
3174 2558 3204 2598 a
3235 2541 3380 2598 facie
3410 2538 3538 2610 ejus
3569 2550 3746 2606 quem

2103 2637 2460 2709 corripiebat
2493 2635 2778 2708 expulsus
2808 2638 2921 2690 est.
2956 2632 3172 2688 Deinde
3202 2630 3446 2687 audiens
3469 2625 3623 2698 quod
3649 2623 3752 2680 do-

2108 2741 2259 2783 mum
2293 2729 2512 2782 sanctae
2537 2724 2964 2793 Lucinaa,quam
2987 2721 3113 2794 ipse
3136 2716 3564 2792 proscriptione
3587 2713 3754 2793 dam-

2108 2817 2368 2884 naverat,
2402 2827 2472 2869 eo
2503 2812 2657 2884 quod
2690 2811 2760 2868 de
2807 2809 3186 2867 facultatibus
3228 2807 3352 2863 suis
3394 2801 3752 2860 Christianis

2109 2901 2433 2969 donaverit,
2463 2899 2774 2958 ecclesiam
2809 2900 3046 2968 faceret,
3079 2899 3138 2953 et
3171 2896 3226 2952 in
3255 2909 3323 2952 ea
3373 2892 3574 2949 missas
3595 2889 3754 2946 cele-

2111 2991 2328 3060 braret,
2356 2989 2411 3045 in
2443 2989 2630 3044 media
2667 2987 2906 3044 civitate
2933 2985 3114 3056 jussit
3143 2984 3200 3039 in
3249 2982 3450 3039 eadem
3493 2977 3750 3036 ecclesia

2111 3078 2348 3150 plancas
2373 3077 2557 3133 sterni
2583 3077 2654 3132 ad
2677 3073 2945 3131 animalia
2967 3070 3224 3130 catabuli
3251 3069 3490 3143 publici,
3515 3071 3572 3123 et
3595 3065 3755 3138 ejus-

2033 3171 2082 3233 C
2111 3166 2240 3222 dem
2265 3165 2482 3222 stabuli
2506 3164 2844 3236 episcopum
2877 3161 2945 3218 ad
2972 3160 3274 3216 servitium
3299 3155 3630 3216 animalium
3656 3153 3756 3210 de-

2117 3254 2486 3326 putavitcum
2506 3251 2774 3310 custodia
2797 3250 3046 3322 publica.
3064 3249 3170 3306 Ubi
3193 3248 3368 3304 etiam
3383 3250 3514 3318 post
3536 3242 3757 3300 multos

2117 3357 2298 3398 annos
2321 3342 2652 3410 serviendo,
2677 3340 2917 3396 indutus
2931 3338 3144 3394 amictu
3157 3335 3409 3404 cilicino,
3437 3333 3758 3389 defunctus

2117 3436 2246 3486 est:
2282 3435 2340 3486 et
2379 3429 2654 3485 conditus
2695 3427 3055 3484 aromatibus
3084 3441 3113 3482 a
3150 3427 3366 3481 Joanne
3406 3423 3759 3495 presbytero

2118 3533 2183 3576 ac
2227 3533 2257 3575 a
2306 3519 2474 3574 beata
2523 3517 2756 3586 Lucina,
2801 3514 3072 3586 sepultus
3112 3514 3166 3568 in
3217 3509 3552 3569 coemcterio
3599 3508 3762 3564 Pris-

2115 3606 2286 3663 cillae.

2190 3694 2356 3766 Apud
2389 3692 2701 3763 Arelatem,
2739 3693 2925 3748 sancti
2961 3690 3234 3747 Honorati
3268 3686 3550 3760 episcopi,
3583 3684 3761 3755 cujus

2118 3783 2235 3840 vita
2267 3782 2533 3840 doctrina
2565 3797 2630 3838 ac
2661 3781 2958 3837 miraculis
2988 3778 3240 3836 illustris
3273 3775 3524 3833 refulsit.

2537 3905 2597 3961 C.
2631 3903 2748 3960 XVI
2779 3903 2900 3959 Kal.
2936 3901 3335 3958 FEBRUARII.

2813 4001 2904 4072 (47
2931 4001 3077 4073 Jan)

2199 4119 2260 4174 In
2290 4121 2532 4190 Egypto
2563 4116 2715 4188 apud
2735 4114 3102 4185 Thebaidem,
3132 4114 3286 4171 beati
3312 4111 3540 4170 Antonii
3567 4125 3766 4168 mona-

2129 4207 2243 4277 chi,
2295 4207 2390 4278 qui
2442 4206 2567 4262 sine
2610 4204 2722 4262 ulla
2764 4205 3010 4261 scientia
3051 4203 3380 4260 litterarum
3422 4200 3763 4272 Scripturas

2130 4295 2376 4365 divinas,
2393 4299 2449 4350 et
2476 4294 2810 4350 memoriter
2831 4293 3119 4350 audiendo
3139 4291 3422 4360 tenuisse,
3438 4293 3496 4345 et
3511 4288 3766 4362 pruden-

2123 4382 2535 4453 tercogitando
2549 4381 2914 4438 intellexisse
2931 4381 3302 4454 praedicatur.
3322 4378 3628 4435 Multorum
3647 4391 3766 4432 mo-

2124 4471 2438 4528 nachorum
2467 4472 2661 4542 Pater,
2695 4471 2814 4527 vita
2843 4473 2902 4526 et
2937 4468 3234 4526 miraculis
3268 4464 3764 4540 praeclarissimus

2123 4560 2288 4618 vixit.
2316 4560 2494 4630 Cujus
2523 4573 2740 4630 corpus
2779 4559 2890 4615 sub
2924 4556 3253 4613 Iustiniano
3292 4555 3647 4626 imperatore
3678 4552 3766 4608 di-

2123 4649 2254 4706 vina
2315 4648 2673 4705 revelatione
2741 4649 3066 4717 repertum,
3137 4643 3545 4700 Alexandriam
3604 4640 3766 4696 dela-

2122 4741 2244 4794 tum
2276 4741 2390 4807 est,
2423 4741 2480 4793 et
2513 4737 2570 4791 in
2599 4733 2851 4792 ecclesia
2885 4733 3039 4790 beati
3069 4733 3308 4789 Joannis
3340 4731 3621 4803 Baptistae
3660 4728 3767 4785 hu-

2124 4829 2360 4881 matum.

2193 4913 2359 4984 Apud
2406 4913 2752 4982 Linguonas,
2795 4909 2988 4968 natale
3034 4911 3367 4966 sanctorum
3398 4906 3764 4976 geminorum

2124 4999 2458 5072 Speusippi,
2477 4999 2796 5073 Eleusippli
2817 5004 2874 5056 et
2896 4997 3258 5070 Meleusippi.
3282 4996 3538 5063 Quicum
3557 4997 3764 5052 essent

2123 5087 2326 5157 viginti
2351 5089 2608 5160 quinque
2638 5103 2937 5158 annorum,
2963 5101 3095 5144 cum
3123 5085 3248 5144 avia
3273 5099 3378 5142 sua
3401 5083 3678 5153 Leonilla,
3702 5087 3763 5138 et

2122 5175 2343 5247 lonilla,
2377 5181 2436 5232 et
2470 5178 2682 5246 Ncone,
2721 5175 2996 5246 martyrio
3026 5175 3289 5232 coronati
3314 5176 3470 5243 sunt,
3497 5176 3766 5244 tempore

2123 5263 2417 5320 Aureliani
2455 5264 2845 5336 imperatoris.
2873 5262 3092 5319 Gemini
3119 5263 3349 5334 quidem
3382 5262 3438 5318 in
3461 5275 3573 5318 una
3597 5260 3768 5316 arbo-

2125 5367 2186 5409 re
2210 5352 2505 5424 suspensi,
2534 5352 2732 5422 ligatis
2757 5352 3022 5408 manibus
3045 5366 3300 5420 sursum,
3325 5354 3382 5406 et
3410 5349 3658 5422 pedibus
3682 5347 3768 5402 in-

2123 5455 2251 5497 sum
2266 5451 2312 5511 α,
2341 5441 2418 5498 ita
2441 5441 2690 5512 extenti,
2710 5445 2770 5497 ut
2796 5455 2942 5512 pene
2967 5443 3318 5513 putarentur
3339 5438 3412 5494 ab
3436 5439 3561 5510 ipsa
3591 5451 3768 5492 mem-

2123 5575 2375 5686 ﬁro'quo
2406 5561 2579 5645 vulgo
2611 5561 3004 5645 substitutum
3037 5561 3326 5620 deorsum.
3365 5560 3457 5616 Sic
3473 5560 3637 5642 .infra
3671 5573 3770 5613 xiv

2176 5646 2280 5686 an:
2305 5633 2534 5686 Damae
2545 5633 2744 5686 trsz
2763 5632 2960 5686 camtc
2981 5645 3184 5686 mam
3200 5631 3516 5686 smmum:
3539 5630 3636 5686 ubi
3653 5642 3766 5685 non

2176 5631 2250 5689 aii
2268 5630 2534 5691 {Deinde
2545 5633 2744 5692 triduo
2763 5632 2960 5705 capite
2981 5632 3184 5690 iustam
3200 5631 3516 5704 stupendi:
3539 5630 3636 5688 ubi
3653 5642 3766 5685 non
