4004 6168
262 376 357 431 ἫἹ

994 364 1597 427 ΜΑΒΤὶῊΟῙλΟἱᾸῘυΜ
1642 364 1782 421 CUM
1825 363 1865 418 Α

1991 360 2351 418 TAMENTIS.
2394 389 2463 398 ——-
2512 358 2696 414 MENS
2741 357 2887 415 IAN.

3536 360 3643 416 218

270 501 484 562 brorum
536 512 813 573 compage
861 497 1152 572 separari;
1185 501 1241 555 et
1278 502 1407 571 post
1441 480 1566 554 haec
1596 494 1650 553 in
1697 495 1885 568 ignem
1914 488 1970 549 A
2001 486 2282 560 martyrii.
2327 485 2611 543 Educitur
2660 482 2877 573 iterum
2922 481 2992 541 ad
3044 486 3359 573 certamen,
3395 478 3647 573 circumf

276 590 624 667 praecipitati,
652 605 758 646 nec
780 594 972 647 tamen
998 588 1142 660 laesi,
1170 589 1322 645 inter
1349 588 1528 645 verba
1559 585 1883 644 orationum

277 681 426 740 simul
457 680 780 750 migrarunt
816 679 887 735 ad
918 678 1238 736 Dominum.
1277 677 1475 735 lonilla
1512 677 1619 733 hoc
1660 675 1880 745 videns,

273 772 509 829 confessa
539 771 631 825 est
666 782 730 824 se
777 768 953 823 etiam
1002 782 1131 825 esse
1183 767 1587 824 Christianam.
1632 766 1700 821 Et
1751 767 1882 837 post

274 858 665 932 comprehensa
696 872 725 913 a
758 856 970 928 turbis,
998 872 1062 913 ac
1085 855 1311 929 capillis
1335 870 1635 928 suspensa,
1664 853 1886 911 multis-

277 963 369 1021 que
387 946 583 1003 amicta
604 944 935 1019 suppliciis,
962 961 1089 1003 cum
1116 946 1407 1003 Christum
1428 959 1641 1016 negare
1672 942 1886 1000 noluis-

281 1044 372 1107 set,
401 1051 519 1093 cum
552 1034 806 1092 Leonilla
838 1041 929 1091 est
962 1035 1133 1091 simul
1163 1035 1357 1105 gladio
1381 1038 1699 1107 perempta.
1728 1035 1881 1089 Neon

281 1128 855 1197 exceptorgestorum,
872 1131 929 1180 et
956 1124 1081 1197 ipse
1106 1125 1317 1181 Christi
1333 1139 1534 1181 nomen
1554 1123 1879 1191 confessus,

284 1213 519 1283 martyrio
539 1216 860 1269 coronatus
882 1217 989 1269 est.
1017 1213 1220 1285 Docuit
1247 1218 1440 1270 autem
1471 1217 1528 1269 et
1565 1211 1881 1284 baptizavit

280 1303 501 1373 geminos
539 1302 644 1358 bos
691 1302 982 1373 Benignus
1032 1304 1356 1374 presbyter,
1389 1317 1557 1374 quem
1609 1301 1763 1357 misit
1811 1301 1883 1357 ab

280 1391 482 1447 Oriente
504 1391 712 1448 beatus
731 1390 1108 1463 Polyearpus,
1124 1392 1361 1448 Joannis
1376 1407 1403 1447 a
1416 1390 1625 1463 postoli
1650 1389 1882 1447 auditor

277 1479 321 1534 in
342 1468 579 1547 Galliam,
597 1494 730 1535 cum
755 1479 1052 1536 Andochio
1077 1481 1423 1551 presbytero
1444 1484 1502 1535 et
1524 1480 1739 1550 ’l‘byrso
1763 1474 1883 1533 dia-

276 1582 411 1624 cono.
446 1567 659 1639 Sepulti
692 1573 827 1625 sunt
862 1574 1055 1625 autem
1088 1569 1261 1625 iidem
1291 1569 1502 1639 gemini
1537 1567 1591 1624 in
1625 1567 1881 1624 secundo

277 1655 509 1711 milliario
546 1657 618 1712 ab
651 1657 796 1713 urbe
828 1657 1203 1727 Linguonum.
1230 1659 1456 1714 Turbon
1482 1662 1695 1726 autem,
1739 1654 1879 1711 scri-

274 1746 391 1800 bens
435 1745 709 1802 victorias
757 1746 1156 1802 conﬁtentium
1216 1746 1535 1813 Dominum,
1586 1760 1697 1801 non
1749 1748 1876 1816 post

273 1832 482 1889 multum
522 1834 806 1905 temporis
840 1835 1176 1906 martyrium
1214 1850 1524 1906 perpessus
1553 1838 1661 1890 est.

326 1922 476 1994 Apud
515 1922 827 1993 Bituricae,
863 1924 1108 1995 Sepultii
1137 1922 1415 1995 episcopi.

636 2040 700 2094 D.
736 2039 829 2095 XV
869 2040 1023 2095 KAL.
1071 2039 1471 2094 FEBRUARII.

920 2140 1021 2204 (48
1049 2140 1228 2205 Jan.)

317 2237 588 2293 Cathedra
639 2235 825 2294 sancti
854 2235 1015 2293 Petri
1048 2236 1318 2309 apostoli,
1356 2251 1466 2308 qua
1499 2236 1745 2309 primum
1788 2254 1881 2294 se-

259 2324 329 2379 dit
367 2325 573 2382 Romae.

317 2414 509 2470 Eodem
561 2413 677 2484 die,
734 2412 946 2470 natalis
993 2416 1209 2471 sanctae
1258 2414 1472 2473 Priseze
1521 2415 1766 2487 virginis
1817 2420 1875 2473 et

253 2503 518 2575 martyris.

312 2593 374 2647 Et
416 2592 469 2647 in
515 2593 720 2663 Ponto,
778 2591 992 2649 natalis
1042 2597 1376 2651 sanctorum
1413 2597 1731 2666 martyrum
1766 2595 1877 2650 Mo-

247 2680 341 2737 szei
393 2684 451 2737 et
504 2680 807 2752 Ammonii,
872 2681 967 2753 qui
1027 2698 1157 2739 cum
1216 2686 1412 2738 essent
1472 2682 1705 2754 milites,
1761 2681 1876 2755 pri-

246 2783 338 2825 mo
383 2768 448 2824 ad
497 2769 727 2826 metalla
779 2769 1064 2842 deputati,
1119 2770 1426 2829 novissime
1488 2770 1602 2841 igni
1673 2773 1872 2829 traditi

243 2861 403 2913 sunL

610 2958 669 3012 E.
714 2958 852 3013 XIV.
897 2958 1050 3014 KAL.
1086 2959 1485 3015 FEBRUARII.

898 3058 997 3119 (I9
1026 3057 1204 3124 Jan.)

313 3176 341 3205 ι
368 3168 424 3222 ln
454 3169 712 3239 Smyrna,
748 3169 961 3226 natalis
999 3170 1185 3226 sancti
1220 3170 1540 3227 Germanici
1574 3173 1863 3244 martyris,
1902 3208 1951 3273 Ο

250 3256 480 3324 quicum
508 3256 799 3328 primaevae
820 3258 1014 3314 aetatis
1034 3262 1340 3314 venustate
1360 3261 1592 3315 floreret
1620 3276 1723 3332 per
1742 3276 1845 3331 gra

248 3344 376 3400 tiam
404 3345 641 3402 virtutis
672 3346 792 3415 Dei,
827 3350 1040 3402 metum
1070 3362 1368 3419 corporeae
1401 3348 1736 3418 fragilitatis
1776 3366 1874 3406 ex-

248 3431 492 3503 cludens,
527 3437 737 3506 sponte
770 3438 1155 3507 praeparatam
1197 3436 1306 3491 sibi
1341 3437 1604 3506 bestiam,
1641 3438 1873 3495 damna-

254 3523 341 3576 tus
366 3522 611 3590 a'judice
635 3521 751 3592 jam
787 3517 1119 3593 provocavit
1156 3544 1168 3578 :
1205 3524 1374 3593 cujus
1412 3526 1690 3583 dentibus
1720 3543 1872 3583 eom-

248 3608 485 3667 minntus
533 3625 675 3667 vero
727 3612 877 3682 pani,
908 3612 962 3667 id
1012 3615 1100 3668 est
1151 3613 1388 3669 Domino
1438 3616 1573 3671 Iesu
1619 3614 1866 3686 Christo,

247 3712 340 3767 pro
370 3698 491 3770 ipso
522 3699 797 3770 moriens,
834 3701 1044 3757 meruit
1076 3701 1456 3772 incorporari.

309 3788 511 3844 Eodem
536 3789 652 3859 die,
679 3788 871 3844 natale
895 3790 1083 3845 sancti
1108 3791 1370 3847 Pontiani
1396 3793 1689 3863 martyris,
1716 3795 1869 3864 apud

243 3874 920 3949 Spoletum,tcmporibus
946 3879 1213 3935 Antonini
1241 3880 1631 3952 imperatoris,
1656 3884 1765 3938 sub
1782 3882 1872 3951 ju-

243 3962 358 4019 dice
393 3966 657 4022 Fabiano.
687 3968 835 4022 Ante
858 3980 1025 4036 quem
1051 3968 1362 4039 adductus,
1388 3972 1445 4024 et
1472 3969 1871 4039 interrogatus

244 4064 346 4120 quo
366 4054 592 4109 nomine
613 4058 946 4125 vocaretur,
968 4056 1270 4127 respondit
1298 4077 1309 4111 :
1338 4059 1381 4113 A
1405 4058 1750 4129 parentibus
1773 4075 1871 4115 no-

244 4152 357 4196 men
400 4142 507 4197 mei
548 4142 885 4213 impositum
926 4148 1018 4199 est
1069 4145 1425 4209 Pontianus;
1458 4145 1642 4217 majus
1675 4152 1867 4203 autem

243 4241 449 4300 nomen,
482 4230 873 4287 Christianus.
908 4233 1063 4289 Tunc
1104 4233 1292 4291 iratus
1326 4235 1634 4303 Fabianus,
1662 4251 1870 4308 exspo-

249 4311 503 4374 liarieum
528 4322 589 4374 et
611 4318 794 4389 virgis
820 4320 962 4377 caadi
981 4320 1181 4393 jussit,
1199 4322 1385 4381 donec
1408 4325 1712 4381 videretur
1740 4340 1871 4381 san-

251 4403 362 4469 guis
406 4406 591 4478 ipsius
630 4406 687 4462 in
727 4410 945 4464 terram
988 4410 1188 4466 ﬂuere.
1225 4412 1440 4468 lterum
1467 4412 1647 4482 jussit
1690 4428 1869 4485 super

255 4492 508 4551 carbones
540 4494 715 4552 nudis
738 4496 987 4567 pedibus
1012 4498 1329 4556 ambulare.
1359 4501 1460 4556 Cui
1490 4502 1698 4558 beatus
1722 4504 1869 4558 Pon-

1998 581 2308 651 speetante
2336 575 2549 649 popqu
2573 575 2626 630 in
2643 572 3091 646 amphitheatro,
3108 575 3167 628 et
3191 571 3568 631 dimittuntur
3588 570 3644 630 ei

1997 669 2111 726 duo
2157 667 2376 724 leones.
2424 665 2531 733 Qui
2574 662 2980 733 mansuefacti,
3022 663 3255 719 beatum
3296 662 3640 722 Pontianum

1998 758 2231 815 minime
2263 755 2610 826 tetigerunt.
2638 752 2799 821 Quod
2820 752 3089 809 videntes
3113 750 3331 823 populi,
3357 750 3645 809 exclama-

1994 849 2205 903 verunt
2243 865 2256 901 :
2291 846 2441 901 Vere
2474 857 2717 913 magnus
2749 845 2841 898 est
2872 843 3027 898 Deus
3050 839 3534 910 Christianorum,
3560 839 3641 897 ita

1995 940 2056 993 ut
2085 934 2298 991 seditio
2324 933 2509 990 fieret.
2527 934 2744 989 lterum
2770 932 2979 988 beatus
3000 933 3220 1001 martyr
3233 927 3563 986 retruditur
3586 928 3640 985 in

1994 1039 2293 1083 carcerem
2326 1038 2430 1096 per
2461 1021 2768 1079 duodecim
2793 1019 2920 1077 dies
2944 1022 3009 1076 ut
3041 1019 3189 1076 fame
3211 1017 3513 1088 deficeret,
3542 1015 3640 1074 ubi

1994 1115 2066 1172 ab
2101 1113 2307 1184 angelo
2348 1113 2735 1181 confortatus,
2769 1113 2827 1166 et
2860 1107 3091 1167 caelesti
3123 1107 3255 1165 cibo
3285 1110 3495 1180 pastus
3524 1112 3637 1163 est.

1991 1205 2131 1259 Post
2174 1201 2481 1259 duodecim
2518 1215 2659 1257 vero
2690 1200 2818 1257 dies
2851 1200 3128 1272 putantes
3159 1210 3290 1254 eum
3323 1194 3635 1265 defecisse,

1993 1290 2248 1348 ministri
2272 1293 2580 1360 venerunt,
2606 1292 2670 1346 ut
2694 1303 2909 1360 corpus
2931 1287 3060 1358 ejus
3083 1284 3380 1356 tollerent,
3404 1288 3464 1342 et
3486 1284 3644 1340 inve-

1992 1383 2206 1437 nerunt
2224 1393 2355 1436 eum
2372 1378 2720 1452 psallentem
2733 1382 2791 1434 et
2807 1376 3013 1434 laudes
3032 1378 3148 1432 Deo
3161 1374 3474 1431 dicentem.
3490 1373 3643 1430 Edu-

1991 1473 2048 1527 ct
2060 1483 2126 1525 us
2151 1469 2361 1526 iterum
2377 1469 2447 1525 de
2462 1481 2701 1525 carcere
2715 1469 2827 1536 est,
2845 1469 2902 1521 et
2917 1468 3201 1522 extensus
3220 1477 3399 1535 super
3423 1462 3639 1519 lectum

1993 1559 2267 1629 ferreum,
2296 1557 2539 1629 jubente
2589 1554 2763 1629 impio
2807 1553 3026 1625 judice,
3063 1568 3130 1610 ac
3172 1550 3410 1625 plumbo
3454 1551 3639 1606 ferve-

1992 1647 2147 1704 facto
2178 1646 2416 1703 dorsum
2448 1645 2607 1703 illius
2640 1645 2961 1717 perfzsuni.
2989 1642 3098 1699 Sed
3140 1656 3271 1699 cum
3304 1643 3525 1711 martyr
3555 1643 3642 1696 ta-

1990 1735 2063 1792 lia
2090 1734 2518 1807 parvipendens
2541 1733 2795 1791 invictus
2820 1734 3101 1802 maneret,
3127 1730 3409 1788 confusus
3441 1727 3641 1786 Fabia-

1910 1854 1963 1914 Β
1994 1839 2103 1882 nus
2136 1824 2381 1914 dictavit
2409 1823 2766 1914 sententiam
2800 1826 2861 1879 ut
2895 1822 3089 1914 capite
3112 1816 3640 1914 minuereturLSic-

1994 1929 2105 1984 que
2137 1913 2209 1969 ab
2232 1913 2590 1985 spiculntore
2614 1925 2956 1985 percussus,
2982 1909 3202 1982 quievit
3226 1908 3281 1964 in
3306 1921 3468 1981 pace.
3495 1907 3642 1964 Con-

1993 2002 2302 2059 summavit
2335 2007 2529 2059 autem
2562 2000 2901 2072 martyrium
2925 2014 3095 2056 suum
3126 2013 3219 2054 xxx
3241 1996 3361 2054 Kal.
3389 1995 3640 2050 Februa-

1992 2090 2082 2148 rii.
2109 2093 2176 2147 Et
2201 2089 2498 2148 sublatum
2522 2106 2737 2161 corpus
2760 2089 2888 2159 ejus
2911 2103 2945 2151 a
2966 2084 3313 2144 Christianis
3337 2081 3634 2155 sepultum

1978 2184 2081 2236 ‘est
2115 2195 2184 2236 xv
2217 2177 2338 2236 Kal.
2366 2178 2628 2235 Celebris
2658 2192 2799 2235 vero
2823 2176 2947 2234 dies
2970 2175 3157 2248 ipsius
3180 2172 3373 2244 agitur
3395 2185 3487 2229 xw
3508 2168 3631 2226 Kal.

1914 2302 1918 2307 -
1989 2267 2309 2339 Februarii,
2338 2266 2568 2340 quando
2600 2266 2811 2325 iterum
2842 2280 3076 2323 sacrum
3108 2276 3324 2336 corpus
3355 2259 3484 2332 ejus
3516 2272 3638 2315 mu-

1985 2360 2174 2415 tatum
2204 2360 2316 2414 est.
2587 2414 2592 2419 ,

2370 2455 2427 2509 F.
2473 2454 2595 2509 XIII
2645 2453 2800 2509 KAL.
2844 2450 3245 2508 FEBRUARII.

2655 2555 2755 2617 (20
2782 2552 2962 2619 Jan.)

2059 2651 2487 2722 (Pontiﬁcale,
2520 2666 2570 2707 c.
2607 2654 2731 2717 21.)
2776 2650 2989 2719 Romae,
3034 2644 3268 2703 Fabiani
3308 2641 3570 2716 epiSCOpi
3617 2660 3631 2697 :

1986 2740 2102 2811 qui,
2139 2755 2269 2797 cum
2295 2737 2738 2809 quatuordecim
2763 2751 2963 2805 annos,
2991 2748 3223 2791 menses
3247 2731 3536 2801 undecim,
3563 2745 3632 2787 ac

1984 2828 2293 2885 duodecim
2327 2827 2453 2882 dies
2485 2826 2765 2882 Ecclesiae
2798 2828 3104 2896 praeesset,
3131 2835 3345 2894 passus
3366 2823 3459 2876 est
3483 2833 3630 2875 mar-

1981 2917 2197 2987 tyrium
2232 2920 2494 2987 tempore
2526 2913 2703 2983 Decii,
2738 2916 2796 2968 et
2829 2913 2885 2968 in
2914 2910 3255 2968 ccemeterio
3299 2906 3506 2964 Calixti
3539 2919 3630 2962 se-

1981 3004 2201 3077 pultus.

2052 3092 2265 3148 Eodem
2290 3091 2404 3161 die,
2427 3090 2620 3147 natale
2644 3090 2832 3146 sancti
2856 3087 3161 3146 Sebastani
3179 3105 3192 3154 ;
3210 3085 3504 3157 martyris,
3528 3084 3625 3156 qui

1984 3181 2039 3236 in
2073 3185 2299 3237 tantum
2324 3180 2537 3236 charus
2559 3182 2685 3235 erat
2710 3177 3164 3250 imperatoribus
3186 3175 3547 3233 Diocletiano
3566 3179 3627 3231 et

1982 3269 2345 3337 Maximiano,
2362 3272 2426 3325 ut
2442 3267 2833 3339 principatum
2853 3267 2904 3323 ei
2930 3266 3130 3338 primae
3150 3264 3410 3323 cohortis
3434 3263 3631 3320 trade-

1983 3361 2133 3413 rent.
2162 3358 2341 3424 Quem
2364 3356 2761 3413 Diocletianus
2785 3355 2881 3412 ubi
2907 3355 3300 3411 Christianum
3331 3351 3626 3425 cognovit,

1982 3461 2089 3502 nec
2113 3462 2142 3502 a
2172 3446 2283 3502 ﬁde
2307 3460 2483 3517 posse
2506 3443 2978 3515 revocari,jussit
2994 3443 3162 3514 ligari
3186 3443 3242 3498 in
3266 3441 3455 3499 medio
3478 3456 3629 3498 cam-

1986 3534 2252 3605 po,quasi
2269 3534 2497 3603 signum
2512 3533 2581 3589 ad
2598 3533 2957 3603 sagittam,et
2979 3531 3246 3603 sagittari
3272 3547 3302 3588 a
3319 3530 3623 3587 militibus.

1982 3621 2088 3687 Qui
2123 3638 2251 3677 cum
2286 3622 2521 3691 sagittis
2560 3620 2768 3692 plenus
2800 3624 2987 3676 staret
3021 3620 3187 3691 quasi
3219 3619 3499 3690 hericius,
3528 3634 3629 3690 pu-

1980 3714 2179 3765 tantes
2193 3724 2322 3766 eum
2340 3714 2653 3779 mortuum,
2672 3709 2962 3765 abierunt.
2980 3710 3161 3765 Nocte
3176 3712 3370 3765 autem
3386 3708 3628 3765 veniens

1982 3798 2245 3867 quaedam
2278 3797 2487 3854 mulier
2520 3797 2745 3852 nomine
2778 3797 2989 3851 Hirene
3022 3797 3233 3853 tollere
3272 3811 3510 3868 corpus,
3547 3796 3629 3852 in-
3734 3816 3749 3823 ν

1980 3886 2136 3941 venit
2169 3900 2299 3941 eum
2332 3886 2643 3953 viventem,
2669 3887 2726 3939 et
2753 3884 2994 3940 adduxit
3018 3885 3075 3940 in
3109 3885 3340 3941 domum
3365 3886 3626 3954 suam,et

1980 3988 2178 4030 curam
2210 3973 2337 4042 ejus
2369 3973 2525 4042 egit;
2560 3972 2657 4043 qui
2691 3972 2789 4029 ubi
2821 3972 3138 4043 convaluit,
3175 3972 3392 4030 multos
3423 3972 3479 4029 in
3512 3970 3629 4027 fide

1978 4062 2348 4119 confortavit.
2394 4063 2511 4119 Nec
2552 4076 2730 4133 mora,
2766 4060 2912 4133 ipsis
2946 4061 3402 4134 imperatoribus
3450 4075 3627 4133 appa-

1978 4166 2135 4222 rens,
2171 4150 2296 4222 bos,
2326 4154 2497 4223 prout
2531 4150 2690 4221 digni
2722 4154 2911 4221 erant,
2938 4150 3244 4223 corripuit.
3269 4152 3427 4209 Tunc
3440 4150 3624 4222 jussit

1977 4254 2107 4296 eum
2141 4239 2538 4297 Diocletianus
2570 4238 2623 4295 in
2658 4238 3103 4310 hippodromum
3140 4239 3340 4311 palatii
3372 4239 3528 4311 duci,
3562 4244 3622 4297 et

1979 4328 2248 4397 fustigari
2280 4327 2465 4384 donec
2497 4327 2809 4395 deﬁceret;
2836 4343 3005 4399 quem
3032 4332 3325 4385 mortuum
3357 4328 3413 4384 in
3446 4329 3625 4386 maxi-

1978 4431 2124 4471 mam
2158 4415 2415 4472 cloacam
2440 4415 2746 4474 miserunt.
2773 4416 2884 4473 Sed
2908 4416 3006 4473 ille
3029 4416 3298 4489 apparuit
3323 4416 3380 4473 in
3403 4418 3623 4475 somnis

1978 4508 2200 4561 sanctae
2232 4508 2510 4561 matrona:
2543 4504 2791 4576 Lucinae,
2819 4505 3021 4561 dicens
3056 4524 3069 4560 :
3101 4506 3275 4562 Juxta
3297 4506 3518 4564 circum
3542 4507 3624 4562 in-

252 4577 418 4638 tianus
450 4602 462 4637 :
497 4584 616 4654 Ego
667 4583 723 4639 in
774 4585 1003 4641 nomine
1052 4587 1272 4643 Domini
1317 4589 1426 4644 mei
1466 4591 1604 4646 Jesu
1649 4590 1867 4645 Christi
1898 4567 1949 4627 D
1980 4592 2180 4648 venies
2213 4608 2428 4664 corpus
2462 4608 2670 4663 meum,
2698 4592 2957 4664 pendens
2990 4593 3045 4649 in
3077 4609 3247 4664 unco,
3273 4595 3383 4652 hoc
3415 4595 3623 4652 sordes

253 4668 452 4746 ambulo
471 4685 652 4744 super
674 4673 961 4729 carbones
984 4675 1293 4744 ardentes;
1318 4680 1401 4747 tu,
1420 4677 1467 4733 si
1495 4681 1680 4748 potes,
1699 4679 1866 4735 mitte

257 4752 299 4809 in
325 4760 538 4817 nomine
567 4761 727 4817 Jovis
758 4776 987 4818 manum
1030 4762 1086 4819 in
1127 4779 1332 4835 aquam
1364 4765 1632 4822 calidam.
1670 4767 1861 4823 Iratus

254 4841 502 4905 Fabianus
526 4849 709 4919 jussit
758 4850 1073 4921 equuleum
1107 4853 1318 4925 parari,
1369 4859 1426 4910 et
1468 4855 1708 4911 uncicos
1751 4856 1864 4911 fer-

252 4944 358 4988 reos
394 4936 534 5009 fieri,
570 4941 630 4993 et
672 4937 749 4994 ibi
791 4953 923 4996 eum
964 4941 1264 5012 suspendi.
1302 4942 1412 4998 Sed
1444 4943 1860 5002 deficientibus

254 5020 505 5083 ministris
538 5026 752 5098 impiis,
787 5028 1050 5085 truditur
1082 5033 1301 5100 martyr
1324 5030 1423 5086 Dei
1449 5031 1501 5087 in
1524 5031 1636 5087 ima
1662 5048 1861 5091 carce-

258 5107 339 5179 ris,
368 5113 459 5169 ubi
500 5131 530 5171 a
571 5114 866 5185 religiosis
916 5116 1059 5175 viris
1108 5119 1474 5176 confortatur
1515 5121 1584 5177 ad
1618 5136 1858 5193 agonem

250 5236 389 5314 recte
402 5236 678 5314 vulgatus
701 5240 1151 5314 :_deiml_ejassit
1167 5242 1362 5313 capite
1385 5246 1684 5314 suspendi.
1710 5247 1860 5302 Prae-

250 5305 921 5385 cessitenijnjmszftquod
937 5305 996 5385 e't
1012 5312 1091 5367 illi
1110 5305 1371 5385 membro
1391 5305 1861 5385 rcs‘pondetJus-

251 5379 484 5455 sl‘tligitur
498 5379 901 5455 Sebastianus,
920 5383 1036 5455 dux
1060 5384 1446 5455 Alexandriae,
1464 5379 1744 5442 victorem
1764 5401 1858 5443 ca-

247 5443 563 5522 pitaz'usam
596 5443 902 5522 suspendi,
927 5452 980 5508 id
1010 5458 1101 5509 est
1141 5443 1445 5513 deorsum.’
1469 5458 1587 5513 Non
1618 5457 1855 5514 dubium
1965 5443 2323 5521 Maias

252 5513 1043 5596 mihimntiquumadverbium
1063 5540 1291 5593 esse,ea
1307 5527 1485 5583 forma
1502 5544 1613 5596 qua
1629 5513 1851 5585 ausam.

249 5583 407 5663 [labes
429 5583 580 5663 apud
604 5592 921 5649 Varronem
941 5593 1092 5651 libro
1116 5612 1168 5652 IV
1191 5583 1260 5653 de
1277 5597 1333 5653 L.
1350 5598 1405 5653 L.
1422 5603 1479 5652 et
1496 5583 1767 5654 catonem
1784 5600 1853 5654 de

248 5651 311 5710 lle
350 5658 434 5730 11.,
465 5651 593 5736 cap.
620 5668 708 5734 57,
735 5680 840 5745 pro
877 5651 1133 5724 amca/ne.
1177 5651 1260 5724 Ita
1298 5651 1855 5739 mam;{u.§M"v'el

1976 4695 2086 4736 non
2142 4681 2499 4752 tetigerunt;
2533 4681 2667 4738 dum
2717 4681 3026 4753 levaveris,
3081 4683 3304 4755 perduc
3353 4683 3424 4740 ad
3457 4685 3621 4740 Cata-

1976 4771 2237 4841 cumbas,
2282 4772 2341 4825 et
2393 4770 2647 4842 sepelies
2696 4784 2783 4825 me
2833 4769 2890 4826 in
2939 4770 3338 4842 cryptajuxta
3370 4769 3619 4840 vestigia

1975 4857 2394 4930 apostolorum.
2431 4858 2569 4926 Quae
2602 4859 2727 4931 ipsa
2760 4862 2930 4916 nocte
2962 4874 3093 4917 cum
3124 4859 3315 4917 servis
3352 4858 3615 4929 veniens,

1974 4949 2160 5003 totum
2195 4947 2276 5004 ita
2317 4947 2652 5020 complevit.

2043 5036 2258 5092 Eodem
2293 5036 2405 5107 die,
2442 5038 2634 5094 Romae
2667 5037 2879 5095 natalis
2922 5042 3258 5096 sanctorum
3301 5039 3621 5108 martyrum

1972 5124 2143 5180 Marri
2169 5129 2226 5180 et
2252 5125 2509 5198 Marthae,
2536 5142 2666 5183 eum
2702 5127 2837 5183 filiis
2860 5128 3004 5199 suis,
3034 5126 3280 5183 Audifax
3302 5128 3361 5181 ct
3386 5125 3624 5186 Abacuc

1972 5249 2161 5323 ipsum
2189 5249 2323 5323 olim
2349 5250 2591 5323 dictum,
2615 5252 2768 5323 quod
2794 5255 3240 5323 postem/Mm,
3262 5251 3489 5323 tersum
3512 5267 3617 5311 seu

1935 5356 1941 5362 -
1971 5320 2263 5402 uicorsa/gn.
2301 5320 2823 5402 scaligerqueque
2854 5321 2927 5402 ad
2959 5320 3127 5402 μμ]
3157 5320 3372 5402 Mar-lilii
3411 5338 3485 5380 ex
3524 5340 3620 5402 ve-

1970 5391 2306 5473 tustissimo
2339 5390 2927 5474 Martyrologioprid.
2955 5390 3036 5474 Id.
3064 5391 3191 5448 Maii
3223 5393 3389 5474 citat,
3422 5397 3620 5474 capite

2010 5461 2504 5544 grauat-sas‘pgadi
2526 5481 2545 5518 .-
2577 5461 2674 5532 qui
2710 5461 2801 5544 hic
2825 5461 2951 5542 ipse
2985 5461 3149 5521 locus
3172 5468 3263 5521 est
3288 5461 3618 5536 quartode-

1969 5479 2193 5519 zorsum
2219 5479 2323 5521 sus
2365 5479 2503 5519 mat
2526 5481 2545 5518 :
2577 5479 2674 5532 qm
2710 5479 2801 5516 me
2825 5479 2908 5533 ips

1969 5479 2403 5613 eirngdie_M€_ii
2440 5548 2608 5602 quem
2644 5531 2908 5613 produxi.

2041 5613 2070 5641 α
2097 5605 2311 5683 Euseb.
2360 5604 2397 5658 Ι.
2450 5618 2520 5672 IV,
2567 5617 2695 5674 cap.
2731 5608 2780 5660 5.
2816 5604 2958 5663 Vide
3002 5605 3262 5666 libellum
3295 5605 3366 5661 de
3398 5604 3611 5665 Festiv.

1973 5674 2176 5745 Apost.
2214 5689 2267 5729 in
2303 5673 2641 5746 Polycarpo.
