4004 6168
413 310 518 367 219

1474 303 1528 360 S.
1567 299 1824 359 ADONIS
1861 293 2296 355 ARCHIEPISC.
2340 295 2754 354 VIENNENSIS

3713 298 3817 354 2‘20

411 435 688 497 nobilium
719 432 792 495 de
836 433 1100 508 Persida,
1136 431 1233 508 qui
1279 429 1351 492 ad
1395 433 1717 492 orationem
1762 432 2042 492 venerant
2074 420 2133 484 A
2232 421 2316 481 Ad
2336 437 2518 496 aquas
2539 421 2760 482 Salvias
2784 418 2978 481 natale
3003 418 3192 482 sancti
3217 418 3511 480 Anastasii
3536 422 3816 495 martyris

408 530 644 587 Romam
692 530 958 601 tempore
1002 525 1226 585 Claudii
1259 525 1574 600 principis;
1607 540 1640 583 e
1672 525 1886 596 quibus
1919 526 2050 597 post

408 617 696 682 toleratos
721 619 930 689 fustes,
951 617 1286 689 equuleum,
1304 617 1488 688 ignes,
1513 631 1758 687 ungues,
1782 631 2051 673 manuum

410 708 836 782 pracisionem,
861 707 1080 764 Martha
1113 707 1168 762 in
1193 705 1448 778 Nympha
1481 708 1708 776 necata,
1732 705 1932 762 cmteri
1957 705 2054 762 de-

409 796 629 869 collati,
644 801 702 854 et
724 799 939 856 caetera
959 810 1203 870 corpora
1222 810 1422 854 eorum
1443 799 1580 854 sunt
1601 795 1789 852 omnia
1811 795 2050 853 incensa

408 890 467 944 et
500 887 806 960 dissipata.

821 975 883 1032 G.
917 976 1015 1032 XII
1045 974 1200 1032 KAL.
1237 975 1637 1032 FEBRUARII.

1084 1075 1169 1138 (24
1201 1075 1373 1143 Jan.)

476 1181 507 1212 δ
526 1172 720 1228 Romae
744 1169 956 1228 natalis
979 1175 1200 1228 sancta
1227 1171 1466 1241 Agnetis
1489 1168 1733 1241 virginis
1755 1173 1813 1225 et
1840 1171 2051 1238 marty-

407 1259 511 1332 ris,
547 1275 674 1331 quae
706 1260 817 1316 sub
849 1260 1129 1332 praefecto
1169 1259 1342 1316 Urbis
1375 1258 1773 1330 Symphronio,
1816 1257 2049 1328 ignibus

407 1348 641 1420 injecta,
695 1347 798 1404 sed
848 1348 938 1406 his
989 1363 1092 1420 per
1140 1349 1463 1406 orationem
1513 1348 1702 1420 ipsius
1743 1345 2044 1416 extinctis,

403 1435 598 1509 gladio
629 1451 912 1509 percussa
941 1441 1056 1494 est.

475 1527 618 1582 Item
643 1525 793 1598 apud
811 1527 1089 1600 Athenas,
1110 1527 1263 1584 beati
1288 1524 1774 1600 Publiiepiseopi,
1791 1525 1866 1582 ob
1889 1522 2049 1580 Chri-

406 1613 485 1672 sti
517 1615 856 1686 martyrium
891 1616 1172 1674 coronati.

473 1705 534 1760 In
567 1703 886 1776 Hispaniis,
922 1705 1164 1763 civitate
1193 1707 1536 1774 Tarracona,
1571 1701 1786 1760 natalis
1817 1704 2046 1758 sancto-

2162 517 2220 571 et
2253 513 2517 572 monachi
2549 514 2620 571 de
2651 513 2912 585 Perside,
2940 512 3036 585 qui
3071 517 3201 586 post
3236 511 3486 586 plurima
3520 515 3814 570 tormenta

2163 603 2440 675 carceris,
2466 604 2779 660 verberum
2811 607 2866 659 et
2901 602 3287 672 vinculorum,
3308 616 3438 672 quae
3460 601 3518 656 in
3544 602 3814 659 Caesarea

2161 691 2490 749 Palaestina)
2522 707 2845 764 perpessus
2879 692 3086 760 fuerat,
3123 706 3152 746 a
3185 690 3385 748 Persis
3419 696 3727 762 Postremo
3761 692 3815 748 in

2161 781 2402 838 Perside
2450 781 2630 837 multa
2676 795 2842 852 pmna
2891 780 3156 851 affectus,
3198 782 3373 849 atque
3421 777 3496 835 ad
3543 778 3814 836 ultimum

2161 869 2491 927 decollatus
2541 874 2632 926 est
2680 885 2710 926 a
2762 883 2898 940 rege
2938 883 3137 925 eorum
3189 869 3446 924 Chosroe
3495 883 3628 924 cum
3682 867 3815 923 aliis

2162 959 2554 1030 septuaginta.
2582 957 2865 1030 Reliquiae
2890 957 3155 1028 corporis
3179 956 3306 1026 ejus
3330 956 3518 1028 primo
3541 956 3816 1013 Hieroso-

2160 1047 2328 1118 lymis
2349 1047 2418 1104 ad
2441 1047 2852 1103 monasterium
2873 1061 3060 1116 suum,
3083 1045 3292 1101 deinde
3309 1046 3548 1101 Romam
3575 1044 3811 1115 delatae,

2158 1136 2588 1192 veneranturin
2623 1135 2978 1191 monasterio
3003 1133 3158 1190 beati
3184 1133 3345 1190 Pauli
3371 1133 3626 1207 apostoli
3656 1134 3814 1206 quod

2159 1224 2376 1282 dicitur
2409 1223 2478 1282 ad
2513 1239 2695 1296 aquas
2731 1223 2952 1280 Salvius

2583 1323 2644 1379 B.
2679 1324 2723 1378 Χ
2764 1321 2918 1378 KAL.
2972 1320 3375 1378 FEBRUARII.

2817 1423 2924 1488 (23
2951 1423 3091 1478 Jau.
3107 1425 3139 1490 )

2227 1519 2664 1592 Romm,natalis
2685 1523 2905 1576 sancta:
2922 1517 3624 1590 Emerentianae,virginis
3650 1517 3813 1576 Chri~

2157 1608 2235 1664 sti
2265 1614 2324 1666 et
2359 1609 2652 1680 martyris,
2683 1625 2812 1680 quae
2830 1612 2955 1671 erat
2980 1607 3341 1664 collectanea
3375 1610 3600 1664 sanctae
3625 1609 3813 1678 Agne-

2158 1696 2268 1765 tis;
2315 1702 2371 1753 et
2423 1697 2558 1754 dum
2605 1702 2800 1754 oraret
2849 1696 2920 1754 ad
2967 1695 3305 1768 sepulcrum
3347 1694 3497 1766 ejus,
3533 1711 3602 1752 ac
3633 1695 3808 1752 simul

402 1805 529 1850 rum
553 1797 872 1865 martyrum
895 1795 1202 1852 Fructuosi
1225 1794 1507 1867 episcOpi,
1529 1792 1770 1863 Augurii
1793 1796 1853 1849 et
1876 1790 2044 1848 Eulo-
2071 1780 2127 1842 B
2157 1791 2393 1844 orantes
2416 1802 2443 1843 a
2467 1787 2772 1857 gentilium
2795 1785 3032 1842 laesione
3053 1785 3414 1857 defenderet,
3433 1783 3697 1857 lapidata
3715 1789 3806 1841 est

405 1880 482 1951 gii
503 1881 1027 1956 diaeonorum,qui,
1050 1888 1314 1956 tempore
1337 1883 1720 1953 Gallieni,sub
1741 1880 2044 1937 JEmilianO

400 1971 673 2042 praeside,
711 1972 896 2044 primo
928 1973 985 2029 in
1017 1988 1314 2030 carcerem
1345 1973 1520 2042 trusi,
1556 1971 1765 2028 deinde
1797 1970 2043 2027 ﬂammis

399 2057 619 2130 injecti,
645 2061 876 2117 exustis
907 2062 1179 2132 viuc‘ulis,
1203 2063 1469 2119 manibus
1503 2062 1559 2118 in
1593 2061 1822 2118 modum
1847 2060 2042 2117 crucis

402 2148 949 2220 exponsis,orantes
969 2156 1030 2208 ut
1054 2157 1388 2222 urerentur,
1405 2152 1807 2208 obtinuerunt.
1825 2152 1892 2206 Et
1913 2165 2042 2207 mox

402 2251 554 2295 unus
577 2251 609 2294 e
636 2239 940 2311 fratribus,
963 2245 1020 2296 et
1042 2241 1156 2297 ﬁlia
1177 2241 1448 2313 praesidis
1470 2256 1599 2313 quas
1617 2241 1870 2311 astabat,
1887 2239 2044 2295 vide-

400 2329 540 2382 runt
572 2327 794 2384 animas
825 2333 1162 2386 sanctorum
1195 2331 1404 2388 cmlum
1451 2329 1849 2388 conscendere
1881 2343 2044 2386 coro-

399 2417 590 2472 natas.

469 2503 637 2578 Apud
667 2505 899 2577 Trecas,
936 2507 1132 2578 passio
1165 2509 1353 2565 sancti
1386 2507 1639 2566 Patrocli
1673 2507 1966 2580 martyris.

815 2605 878 2660 A.
914 2605 983 2661 XI
1017 2606 1168 2661 KAL.
1215 2607 1614 2663 FEBRUARH.

1067 2705 1168 2769 (22
1193 2705 1372 2773 Jan.)

464 2796 526 2852 In
578 2795 892 2870 Hispaniis,
929 2799 1122 2856 natale
1165 2800 1354 2858 sancti
1401 2801 1690 2859 Vincentii
1723 2801 1948 2860 diaconi
1980 2807 2038 2860 et

400 2885 695 2958 martyris,
732 2887 829 2958 qui
877 2903 1008 2946 cum
1049 2894 1256 2948 sancto
1300 2889 1530 2948 Valerio
1560 2891 1838 2964 episcOpo
1871 2907 1978 2949 suo
2008 2908 2039 2950 a

397 2974 844 3046 Caesaraugusta
878 2976 1118 3035 civitate
1163 2979 1487 3037 Valentiam
1534 2995 1721 3052 usque
1759 2981 2038 3052 gravibus

395 3075 582 3119 nexus
605 3064 850 3134 catenis,
871 3065 1115 3135 jubente
1139 3068 1406 3138 Daciano,
1436 3070 1758 3140 perductus
1781 3074 1871 3125 est
1897 3089 1910 3138 ;
1936 3071 2040 3127 ibi-

2300 1892 2368 1932 lS.

2152 1877 2224 1932 ab
2263 1877 2368 1932 eis.

2223 1967 2284 2020 lu
2309 1964 2670 2034 Mauritania,
2693 1964 2932 2020 civitate
2958 1963 3356 2032 Neocaesarea,
3375 1959 3588 2018 natalis
3612 1961 3806 2019 sancti

2153 2053 2443 2110 Serverini
2475 2059 2531 2110 et
2567 2053 2789 2124 Aquilae
2821 2051 3020 2111 uxoris
3042 2051 3190 2124 ejus,
3219 2052 3446 2122 ignibus
3467 2051 3810 2108 combusto-

2167 2157 2215 2180 ιιι
2229 2158 2275 2180 ιη
2307 2143 2333 2180 b

2152 2158 2278 2200 l‘lllll
2307 2158 2352 2198 υ.

2222 2231 2386 2303 Apud
2411 2231 2732 2304 Philippos,
2751 2231 2904 2288 beati
2930 2233 3228 2288 Par-mena:
3254 2228 3501 2301 diaconi,
3519 2227 3618 2301 qui
3639 2242 3802 2287 unus

2153 2320 2259 2377 fuit
2292 2320 2362 2378 de
2395 2325 2621 2394 septem
2655 2321 3017 2378 diaconibus.

2581 2422 2638 2476 C.
2676 2421 2746 2476 ΙΧ
2775 2419 2929 2476 KAL.
2966 2418 3369 2476 FEBRUARII.

2820 2521 2920 2583 (24
2948 2519 3127 2586 Jan.)

2221 2625 2245 2654 ο
2275 2617 2439 2688 Apud
2473 2615 2784 2688 Ephesum,
2822 2613 3034 2671 natalis
3077 2614 3266 2672 sancti
3305 2611 3589 2670 Timothei
3633 2627 3804 2686 apos-

2147 2703 2389 2868 tOlApud
2436 2793 2818 2864 Antiochiam,
2854 2793 3040 2850 sancti
3092 2790 3322 2862 Babylze
3369 2790 3656 2864 episcopi,
3706 2790 3802 2862 qui

2150 2883 2564 2957 persecutione
2595 2882 2752 2940 Decii
2787 2885 3166 2954 posteaquam
3201 2882 3541 2952 frequenter
3575 2881 3804 2952 passio-

2149 2974 2322 3032 nibus
2370 2973 2493 3030 suis
2521 2977 2578 3029 et
2612 2971 2975 3030 cruciatibus
3004 2969 3436 3040 gloriﬁcaverat
3469 2969 3800 3042 Dominum,

2146 3063 2420 3133 gloriosae
2454 3061 2587 3118 vitae
2612 3060 2782 3116 linem
2805 3058 3055 3115 sortitus
3077 3062 3169 3114 est
3199 3059 3252 3114 in
3279 3057 3550 3115 vinculis.
3580 3059 3662 3115 De
3687 3073 3804 3131 quo

395 3164 506 3221 que
539 3151 685 3208 fame
715 3156 772 3208 et
804 3153 1078 3224 squalore
1110 3155 1369 3212 carceris
1401 3139 1498 3213 diu
1533 3161 1883 3228 maceratus,
1919 3163 2040 3215 ιοιι-
2071 3141 2118 3204 C
2149 3153 2205 3207 in
2238 3149 2464 3207 decimo
2493 3147 2920 3206 ecclesiasticae
2953 3139 3224 3204 Historiae
3249 3146 3400 3203 libro
3420 3147 3648 3216 grande
3671 3162 3804 3205 nar-

398 3239 612 3296 mentis
642 3241 876 3311 equulei
907 3246 965 3298 et
1000 3243 1346 3314 ungularum
1372 3243 1660 3302 horrenda
1685 3246 2041 3304 laceratione

393 3330 662 3400 vexatus,
679 3331 960 3398 agrabato
972 3331 1147 3387 etiam
1165 3332 1355 3389 ferreo
1370 3332 1700 3390 diutissime
1716 3339 1809 3392 ust
1822 3336 2036 3407 ulatus,

396 3415 613 3473 arvinae
635 3418 842 3488 guttis,
864 3423 924 3475 et
945 3420 1260 3492 crepitanti
1286 3421 1408 3478 sale
1433 3436 1746 3494 respersus
1770 3429 1882 3481 est.
1901 3427 2038 3483 Post

392 3501 505 3562 hoc
529 3503 585 3560 in
609 3507 919 3565 tererrimo
941 3523 1180 3566 carcere
1203 3509 1420 3568 missus
1443 3515 1555 3582 est,
1579 3513 2040 3586 divaricatisque

389 3589 447 3648 in
481 3607 661 3652 nervo
683 3597 978 3670 cruribus,
1007 3613 1188 3672 super
1211 3600 1552 3658 acutissima
1580 3605 1868 3660 testarum
1894 3605 2042 3675 frag-

389 3686 583 3740 menta
607 3685 908 3758 projectus
931 3693 1042 3746 est.
1069 3689 1174 3746 Ubi
1198 3694 1369 3748 nocte
1393 3690 1492 3747 lux
1515 3691 1719 3762 ingens
1745 3693 2036 3766 apparuit,

385 3773 444 3826 et
460 3771 682 3832 virtute
699 3776 798 3832 Dei
820 3777 976 3834 solut
1024 3793 1052 3836 s
1073 3779 1476 3850 martyr,inter
1491 3780 1749 3853 angelos,
1773 3797 1802 3838 a
1828 3783 1984 3854 quib-
2014 3799 2041 3840 s

383 3858 614 3920 visitari
648 3867 880 3939 meruit,
906 3868 1179 3939 hymnum
1211 3871 1482 3941 canebat,
1507 3869 1585 3927 ita
1609 3875 1667 3928 ut
1691 3871 1818 3943 ipse
1838 3877 2042 3930 custos

385 3953 648 4010 carceris
667 3956 937 4012 crederet
955 3957 1374 4013 Christo.Mane
1388 3975 1453 4013 az:
1467 3965 1582 4014 tem
1599 3960 2044 4032 facto,eumjus-

387 4037 717 4106 sisseteum
740 4043 1030 4099 Dacianus
1049 4044 1105 4098 in
1129 4044 1282 4099 lecto
1304 4044 1646 4102 mollissimo
1675 4047 2039 4119 reclinari,ut

387 4125 811 4196 aliquantulum
847 4135 1156 4187 recreatus
1188 4131 1384 4188 aerius
1417 4133 1606 4190 denuo
1639 4137 2037 4210 torqueretur,

387 4209 808 4285 infatigabilem
829 4218 1104 4289 Spiritum
1120 4219 1354 4276 Christo
1385 4221 1658 4279 reddidit.
1675 4223 1829 4280 Tune
1843 4225 2046 4282 Dacia-

384 4315 494 4357 nus
518 4317 734 4376 corpus
749 4306 876 4376 ejus
893 4307 946 4362 in
974 4322 1241 4378 campum
1265 4309 1553 4382 projici,et
1578 4312 1716 4370 feris
1735 4317 1908 4385 atque
1927 4313 2043 4389 a\'i_

388 4393 498 4448 bus
527 4391 707 4462 jussit
739 4395 970 4466 exponi.
1013 4397 1122 4453 Sed
1156 4411 1286 4452 mox
1308 4411 1522 4454 corvus
1545 4400 1825 4460 divinitus
1850 4403 1918 4459 ad
1944 4419 2041 4462 cu-

2153 3243 2319 3296 ratur
2341 3237 2704 3295 miraculum.
2733 3238 2871 3292 Nam
2895 3251 3026 3294 cum
3054 3235 3322 3293 Julianus
3354 3236 3701 3308 imperator,
3733 3237 3802 3294 ad

2151 3327 2437 3384 idolorum
2470 3325 2692 3384 cultum
2722 3339 3065 3397 conversus,
3101 3325 3350 3396 quodam
3382 3329 3672 3397 tempore,
3700 3329 3808 3382 Da-

2155 3416 2325 3490 phnis
2342 3416 2396 3472 in
2413 3415 2697 3473 suburbio
2711 3415 3052 3486 Antiochiae,
3065 3414 3232 3485 juxta
3249 3415 3463 3470 fontem
3479 3415 3805 3472 Castalium

2153 3505 2350 3562 litaret
2377 3503 2649 3576 Apollini,
2676 3507 2733 3560 et
2761 3503 2918 3562 nulla
2951 3519 3024 3559 ex
3054 3503 3145 3561 bis
3177 3518 3306 3574 quae
3339 3501 3685 3574 requirebat
3719 3519 3810 3560 rc-

2153 3609 2368 3668 sponsa
2389 3593 2740 3666 susciperet,
2758 3607 3086 3664 causasque
3101 3591 3320 3650 silentii
3346 3595 3807 3664 percontaretur

2153 3699 2183 3742 a
2241 3683 2668 3754 sacerdotibus,
2722 3682 3152 3755 responderunt
3203 3681 3516 3751 daemones,
3569 3681 3807 3753 Babylae

2153 3773 2428 3845 martyris
2477 3771 2810 3845 sepulcrum
2861 3785 3041 3844 prope
3091 3770 3392 3840 assistere,
3427 3774 3485 3826 et
3529 3767 3668 3826 ideo
3718 3785 3808 3827 re-

2153 3878 2369 3936 sponsa
2416 3877 2528 3918 non
2578 3861 2762 3919 reddi.
2799 3862 2955 3918 Tunc
2996 3859 3093 3916 ille
3123 3858 3323 3916 venire
3354 3857 3628 3916 Galilaeos
3661 3859 3808 3930 (hoc

2153 3952 2304 4008 enim
2337 3951 2564 4008 nomine
2596 3954 2830 4007 nostros
2854 3948 3151 4020 appellare
3174 3946 3388 4004 solitus
3410 3947 3578 4019 erat)
3611 3951 3672 4004 et
3709 3963 3808 4006 au-

2154 4041 2308 4097 ferre
2357 4038 2630 4109 martyris
2680 4037 3010 4109 sepulcrum
3037 4035 3226 4106 jubet.
3259 4036 3389 4093 Mox
3426 4035 3608 4106 igitur
3643 4036 3808 4093 Chri-

2153 4129 2329 4186 stiani
2369 4127 2802 4198 convenientes,
2835 4139 3039 4195 magna
3069 4125 3432 4182 exultatione
3481 4125 3802 4195 succincti,

2153 4217 2518 4275 sustulerunt
2561 4227 2753 4273 arcam
2793 4213 3082 4286 martyris,
3119 4214 3438 4286 psallentes
3469 4213 3526 4270 in
3557 4215 3808 4273 auribus

2152 4305 2374 4378 profani
2409 4305 2706 4378 principis,
2741 4318 2847 4376 per
2876 4318 2979 4362 sex
3009 4303 3187 4361 millia
3229 4319 3503 4376 passuum
3552 4304 3803 4362 summis

2148 4395 2394 4452 vocibus
2431 4398 2486 4450 et
2513 4410 2642 4450 cum
2674 4393 3035 4451 exultatione
3071 4391 3372 4450 dicentes:
3403 4391 3805 4468 (Jan/“undan-

383 4481 634 4538 stodiam
667 4483 796 4554 ejus
829 4485 1024 4555 datus,
1053 4499 1164 4542 non
1197 4484 1382 4542 solum
1417 4485 1562 4543 alias
1595 4504 1732 4545 aves
1765 4493 2022 4564 arcebat,

2162 4485 2250 4540 fur
2269 4497 2464 4542 omnes
2485 4484 2593 4555 qui
2623 4483 2886 4541 adorant
2907 4482 3242 4554 sculpiilia,
3272 4481 3332 4539 et
3348 4481 3709 4554 gloriantur
3736 4485 3804 4541 in

381 4570 485 4626 sed
513 4585 644 4626 mox
667 4576 724 4627 et
752 4573 1055 4629 immanem
1080 4573 1279 4646 lupum
1312 4588 1340 4630 a
1365 4579 1570 4631 sancto
1593 4591 1837 4648 corpore
1860 4593 2028 4652 repu-

381 4659 466 4716 lit.
505 4659 667 4728 Q.:od
701 4675 830 4718 cum
863 4662 1112 4719 Daciano
1135 4662 1466 4720 nuntiatum
1489 4667 1670 4735 esset,
1693 4664 1870 4734 jussit
1895 4682 2024 4724 eum

381 4748 639 4806 iusutum
663 4748 849 4821 euleo,
876 4749 928 4804 in
955 4750 1303 4820 profundum
1329 4751 1506 4808 maris
1531 4767 1659 4808 cum
1679 4753 2026 4822 gravissimo

381 4839 506 4894 saxi
539 4838 796 4912 pondere
828 4838 1108 4908 immergi.
1139 4839 1248 4895 Sed
1283 4839 1450 4910 prius
1481 4839 1700 4896 virtute
1725 4841 1822 4896 Dei
1848 4856 2026 4914 super

383 4927 569 4984 undas
594 4928 862 4985 innatans
895 4926 966 4983 ad
999 4925 1168 4983 littus
1191 4926 1422 4983 delatus
1445 4932 1503 4983 et
1529 4928 1723 4984 arenis
1747 4930 2024 4988 conditus

383 5018 498 5085 est,
533 5031 703 5086 quam
735 5015 986 5086 remiges
1018 5018 1249 5087 portum
1280 5018 1523 5086 tangere
1554 5015 1909 5087 potuissent.
1939 5021 2026 5075 In-

387 5099 460 5155 de
492 5106 684 5160 autem
718 5121 846 5162 cum
869 5119 932 5162 se
951 5107 1192 5160 sanctus
1212 5106 1433 5173 martyr
1455 5103 1684 5160 cuidam
1709 5104 1865 5162 ﬁdeli
1890 5107 2022 5165 anui

386 5187 732 5262 revelasset,
768 5197 1041 5252 cessante
1083 5190 1512 5265 persecutionis
1558 5191 1738 5264 rabie,
1789 5207 1818 5248 a
1867 5195 2026 5250 Chri-

386 5275 596 5334 stianis
635 5287 975 5338 reverenter
1005 5281 1296 5352 sublatus,
1321 5283 1378 5336 et
1404 5279 1460 5335 in
1485 5279 1725 5338 basilica
1750 5281 2023 5342 conditus

385 5369 498 5422 est.

455 5491 483 5521 ι
522 5479 664 5537 Vide
721 5477 982 5538 libellum
1041 5486 1112 5541 de
1171 5485 1384 5543 Festiv.
1447 5487 1650 5558 Apost.
1715 5483 2018 5555 Prudent.,

392 5571 583 5645 hymn.
615 5574 666 5627 6.

457 5659 486 5701 υ
521 5659 668 5719 Vide
698 5656 800 5718 lib.
833 5657 906 5716 de
935 5659 1091 5718 Fest.
1127 5661 1328 5734 Apost.

2137 4573 2487 4632 simulacris
2511 4573 2640 4631 suis
2672 4573 2872 4638 (Psal.
2905 4576 3088 4640 xcvr).

2208 4663 2355 4718 Item
2409 4663 2464 4718 in
2507 4663 2884 4718 Neocmsarea
2913 4659 3172 4729 civitate,
3209 4657 3420 4716 natalis
3451 4664 3799 4720 sanctorum

2137 4753 2457 4821 martyrum
2487 4747 2782 4820 Mardonii,
2809 4747 3329 4820 Musonii,Eugenii
3349 4751 3408 4805 et
3433 4748 3676 4821 Metelli,
3697 4751 3800 4822 qui

2134 4851 2337 4892 omnes
2370 4837 2484 4906 igni
2502 4835 2723 4892 traditi
2747 4841 2900 4909 sunt,
2927 4841 2984 4894 et
3009 4836 3272 4909 reliquis:
3293 4851 3495 4895 eorum
3519 4836 3577 4894 in
3603 4839 3796 4897 Axum

2135 4923 2372 4980 ﬂuvium
2419 4923 2716 4996 dispersae.

2522 5023 2584 5078 D.
2622 5021 2742 5077 VIII
2785 5023 2937 5079 ΚΑΒ.
2983 5023 3402 5096 FEBRUARII.

2804 5122 2911 5185 (25
2938 5121 3119 5188 Jan.)

2205 5213 2520 5270 Conversio
2551 5215 2738 5272 sancti
2771 5215 2932 5272 Pauli
2969 5216 3126 5280 (Act.
3163 5231 3239 5287 Ix,
3274 5222 3397 5285 22).

2203 5301 2417 5357 Eodem
2468 5303 2580 5372 die,
2637 5303 2848 5360 natalis
2911 5304 3146 5362 Ananiae
3203 5305 3356 5378 apud
3405 5307 3788 5380 Damascum,

2134 5389 2232 5462 qui
2270 5390 2502 5448 beatum
2531 5390 2771 5448 Paulum
2805 5393 3145 5466 baptizavit.

2203 5511 2227 5541 ο
2269 5502 2412 5560 Vide
2447 5503 2544 5561 lib.
2579 5503 2651 5561 de
2682 5507 2836 5564 Fest.
2869 5510 3073 5581 Apost.
3099 5508 3310 5566 Euseb.
3336 5509 3378 5564 Ι.
3414 5525 3468 5579 x,
3504 5523 3556 5566 c.
3593 5515 3686 5584 35,
3715 5527 3791 5570 ex

2137 5591 2407 5648 versione
2438 5593 2664 5650 Ruliini.
