3992 6170
221 264 319 319 225

927 258 1530 322 MARTYROLOGIUM
1570 265 1712 324 CUM
1762 267 2291 331 ADDITAMENTIS.
2334 303 2402 315 --
2441 274 2641 331 MENS.
2698 276 2893 333 FEBR.

3505 292 3609 346 226

222 386 605 443 testimonium
640 386 996 457 virginitatis
1024 402 1144 444 suae
1176 390 1488 461 tetigisset,
1524 391 1709 449 viride
1741 393 1855 450 fac—
1884 402 1938 461 Α
1968 394 2065 451 ille
2088 396 2433 456 inhumanus
2455 403 2512 455 et
2537 400 2773 471 crudus,
2791 416 2899 458 nec
2924 402 3315 465 multitudinis
3351 416 3608 471 contem-

225 482 342 533 tum
372 479 477 531 est.

292 563 493 621 Eodem
525 563 620 619 die
638 565 824 622 sancti
848 566 1010 623 Pauli
1041 567 1300 640 episcopi
1335 568 1593 627 civitatis
1623 572 1856 629 Trecas-

226 652 377 721 εἰᾶτε,
407 651 573 721 cujus
600 656 658 708 et
690 653 807 710 vita
840 653 1161 713 virtutibus
1193 656 1426 729 claruit,
1454 663 1515 714 et
1540 675 1692 716 mors
1725 677 1854 732 pre-

225 742 364 798 tiosa
396 740 692 799 miraculis
722 744 1181 802 commendatur.

594 842 654 896 E.
691 840 761 895 IV
790 841 1025 897 NONAS
1065 844 1467 903 FEBRUARH.

887 943 944 1006 (2
991 941 1185 1011 Febr.)

299 1039 619 1109 Hypapante
651 1036 892 1094 Domini.

306 1124 451 1198 Apud
484 1127 828 1197 Caesaream,
854 1128 1170 1186 beatissimi
1195 1132 1444 1188 Cornelii
1470 1133 1849 1202 centurionis,

249 1230 395 1288 quem
423 1217 625 1271 beatus
656 1216 868 1273 Petrus
900 1218 1217 1290 baptizavit
1246 1238 1261 1288 ;
1295 1221 1511 1293 quique
1531 1222 1683 1294 apud
1708 1238 1855 1294 prm-

257 1306 397 1359 fatam
427 1304 643 1375 urbem,
678 1305 938 1378 episcopi
970 1308 1187 1365 honore
1219 1309 1844 1383 sublimatus,quievit.

311 1391 496 1448 Eodem
525 1392 618 1448 die
651 1394 867 1466 Romae,
901 1397 1089 1453 sancti
1141 1398 1455 1470 Aproniani
1478 1409 1507 1438 α
1556 1401 1846 1471 martyris.

255 1482 341 1548 Qui
366 1482 462 1537 sub
492 1483 899 1553 persecutione
928 1485 1251 1543 Maximiani
1302 1488 1671 1561 imperatoris
1719 1507 1849 1548 eum

260 1573 623 1641 praesentasset
656 1571 993 1642 aspectibus
1022 1574 1274 1631 Laodicii
1308 1578 1572 1647 praefecti
1617 1579 1848 1635 beatum

261 1658 521 1714 Sisinnium
545 1658 851 1716 diaconum
877 1661 1152 1719 eductum
1169 1664 1241 1719 de
1263 1679 1503 1721 carcere
1523 1668 1673 1738 (erat
1696 1668 1847 1722 enim

1968 483 2243 557 platione,
2269 502 2373 544 nec
2405 487 2643 545 virtutis
2663 503 2863 545 eorum
2887 493 3359 560 magnanimitate
3382 513 3606 569 permo-

1965 575 2080 643 tus,
2115 574 2249 631 duci
2282 575 2654 634 nihilominus
2680 592 2879 635 omnes
2908 584 2964 634 et
2999 581 3144 637 caedi
3177 584 3369 655 capite
3412 585 3601 657 jubet.

1967 661 2177 719 Verum
2192 663 2248 718 hi
2271 668 2610 721 constanter
2632 670 2690 722 et
2708 666 2939 723 fortiter
2958 684 3089 726 cum
3104 669 3309 729 latitia
3331 677 3391 730 et
3411 678 3606 735 exsul.

1966 750 2188 807 tatione
2213 759 2453 810 mortem
2480 759 2824 825 prmscntem
2849 755 3010 813 velut
3033 762 3270 816 aeternae
3293 761 3428 820 vitae
3452 766 3606 835 prin-

1965 838 2113 909 cipia
2140 841 2461 911 rapiebant.
2484 838 2746 913 Denique
2769 859 2897 900 cum
2918 845 3144 916 priores
3157 848 3604 922 quiquejugula—

1967 930 2189 998 rentur,
2226 928 2435 999 reliqui
2457 945 2568 986 non
2607 931 2847 988 desidia;
2870 936 2967 990 aut
3012 936 3233 1007 torpori
3268 937 3489 996 animos
3524 941 3607 997 in-

1965 1014 2303 1087 dulgebant,
2340 1019 2441 1074 sed
2476 1018 2795 1091 psallentes
2823 1025 2880 1076 et
2904 1022 3143 1093 hymnos
3164 1026 3280 1082 Deo
3303 1032 3600 1103 canentes,

1964 1102 2153 1159 locum
2188 1105 2435 1177 quisque
2466 1107 2553 1165 sui
2604 1110 2865 1179 martyrii
2913 1114 3313 1186 exspectabat,
3366 1121 3426 1172 ut
3479 1118 3605 1176 haec

1964 1198 2223 1263 agentes,
2258 1195 2431 1250 etiam
2463 1200 2758 1254 extremos
2788 1198 3029 1270 spiritus
3078 1201 3134 1257 in
3182 1203 3281 1259 Dei
3331 1206 3604 1265 laudibus

1962 1281 2322 1339 exhalarent.
2359 1284 2403 1339 Ο
2434 1300 2570 1341 vere
2621 1287 2902 1344 mirabilis
2932 1294 2990 1344 et
3024 1292 3175 1346 omni
3226 1295 3602 1354 veneratione

1963 1370 2171 1439 dignus
2200 1386 2343 1441 grex
2363 1372 2460 1428 ille
2483 1374 2806 1446 beatorum,
2833 1381 3026 1433 turma
3050 1379 3305 1437 virorum
3342 1383 3599 1458 fortium,

1960 1473 2172 1515 corona
2185 1459 2512 1531 splendoris
2532 1462 2734 1532 gloriae
2748 1464 2958 1521 Christi
2978 1468 2990 1520 !
3008 1467 3165 1523 Hanc
3178 1484 3315 1525 sane
3328 1487 3600 1530 coronam

1962 1547 2272 1618 pretiosior
2303 1550 2553 1606 omnium
2586 1550 2752 1622 lapis,
2789 1557 2845 1607 et
2878 1568 3101 1623 gemma
3136 1557 3385 1614 nobilior
3436 1560 3602 1618 ador-

1960 1636 2133 1691 nabat
2161 1654 2175 1703 ;
2200 1637 2343 1694 hanc
2366 1643 2611 1694 turmam
2629 1640 2872 1711 praeibat
2894 1641 3105 1700 ductor
3128 1643 3430 1719 illustrior,
3449 1650 3602 1707 hunc

263 1747 779 1819 Commentariensis)
809 1754 866 1804 et
898 1750 1094 1807 subito
1128 1752 1337 1808 factam
1370 1727 1557 1810 lucem
1597 1755 1670 1812 de
1699 1755 1848 1813 coelo
1876 1758 1928 1818 Β
1959 1731 2413 1819 g""30‘“,P“S“?"
2433 1727 2661 1819 “om”
2680 1729 2995 1787 decorabat
3031 1751 3043 1787 ³
3078 1733 3308 1791 Phileas
3338 1735 3472 1794 hum
3505 1752 3603 1795 “0'

261 1835 487 1906 vidisset,
505 1851 823 1908 vocemque
855 1840 1075 1909 pariter
1106 1841 1414 1912 hausisset,
1468 1845 1848 1902 tremefactus

204 1956 214 1969 ι
258 1923 426 1979 cecidit
474 1924 543 1979 ad
589 1925 769 1996 pedes
818 1926 1028 1983 Sisinni
1080 1928 1325 1985 dicens:
1362 1930 1579 2001 Adjuro
1634 1936 1695 1989 te
1744 1949 1848 2005 per

259 2011 522 2082 Christum,
550 2028 720 2083 quem
745 2015 1062 2087 conﬁteris,
1090 2032 1159 2073 ne
1182 2019 1383 2075 tardes
1408 2034 1497 2076 me
1522 2021 1841 2093 baptizare,

247 2100 502 2171 faciasque
534 2116 621 2157 me
654 2104 986 2174 pertingere
1016 2110 1210 2163 tecum
1243 2108 1313 2163 ad
1337 2123 1628 2166 coronam.
1666 2110 1846 2177 Quem

244 2190 421 2245 beatus
440 2189 720 2247 Sisinnius
746 2192 1101 2263 baptizatum
1126 2195 1197 2250 ad
1209 2197 1662 2267 consignandum
1678 2214 1847 2257 sacro

236 2277 519 2333 chrismate
549 2278 825 2336 Marcello
859 2296 1021 2354 papze
1045 2283 1281 2341 obtulit.
1309 2286 1433 2351 Quo
1458 2302 1674 2358 prmses
1695 2304 1847 2346 com-

231 2370 397 2436 perto,
417 2365 589 2435 jussit
613 2382 743 2423 eum
766 2369 1075 2440 capitalem
1098 2373 1296 2429 subire
1320 2376 1688 2433 sententiam.
1711 2379 1847 2434 Per-

227 2452 421 2510 ductus
449 2454 648 2525 itaque
682 2456 769 2512 via
801 2457 1040 2529 Salaria,
1076 2461 1295 2517 Miliaro
1327 2465 1601 2537 secundo,
1652 2466 1845 2539 capite

220 2547 533 2613 truncatus,
567 2548 787 2615 martyr
816 2545 1115 2620 virtorque
1148 2550 1415 2608 decessit.

579 2659 635 2714 Ρ.
681 2660 753 2714 ΙΙΙ
794 2660 1028 2718 NONAS
1070 2665 1467 2723 FEBRUARII.

875 2762 929 2823 (3
984 2761 1178 2830 Febr.)

280 2854 345 2907 in
379 2852 584 2924 Africa,
621 2855 776 2911 beati
812 2856 1060 2912 Celerini
1095 2860 1317 2917 diaconi
1361 2865 1417 2916 et
1472 2864 1840 2921 confessoris.

214 2943 276 2996 Et
298 2946 627 2998 sanctorum
654 2960 739 2999 ma
751 2947 971 3014 rtyrum
1005 2946 1285 3004 Celerinze
1308 2950 1451 3005 avize
1463 2951 1606 3022 ejus,
1625 2956 1681 3007 et
1707 2953 1847 3009 Lau-

216 3030 440 3099 rentini,
474 3035 531 3086 et
566 3032 790 3099 lgnatii.
825 3033 1077 3098 Quorum
1113 3036 1270 3107 prior
1300 3040 1562 3110 patruus,
1597 3055 1847 3111 sequens

215 3119 529 3175 avunculus
560 3120 740 3192 ipsius
773 3121 897 3177 fuit.
933 3123 1010 3177 De
1035 3140 1278 3194 quorum
1303 3109 1554 3184 omnium
1573 3128 1844 3198 gloriosis
1877 3109 1925 3173 C

216 3206 476 3264 laudibus
505 3213 694 3265 exstat
730 3211 881 3266 beati
916 3213 1183 3283 Cypriani
1216 3216 1481 3286 epistola,
1510 3233 1637 3288 quae
1661 3219 1731 3274 de
1754 3220 1846 3277 his

218 3295 357 3350 inter
376 3300 591 3352 caetera
608 3298 686 3353 ita
702 3297 961 3371 loquitur
978 3320 989 3355 :
1007 3302 1181 3372 Avia,
1198 3302 1402 3374 inquit,
1420 3307 1549 3376 ejus
1565 3306 1843 3366 C'eleriaa

214 3385 494 3456 martyrio
512 3388 794 3445 coronata
806 3390 909 3446 est.
926 3391 1079 3447 Ibem
1094 3391 1358 3461 patruus
1370 3395 1499 3464 ejus
1520 3395 1842 3454 etacaaca-

222 3471 303 3528 lus
315 3474 712 3532 Lam-entiam
722 3478 1091 3549 etlgnatias,
1114 3480 1181 3536 iri
1202 3481 1419 3539 castris
1431 3483 1644 3554 etipsis
1666 3500 1843 3556 quoa-

217 3559 347 3616 dam
377 3563 765 3622 saecularibus
803 3567 1177 3626 militantes:
1199 3569 1305 3626 sed
1323 3571 1449 3627 ceri
1468 3572 1530 3629 et
1551 3574 1841 3644 spiritua-

222 3647 426 3706 lesDei
450 3652 697 3723 milites,
719 3653 860 3710 dum
897 3656 1202 3714 diabolum
1227 3658 1458 3716 Ultristi
1477 3663 1843 3734 confessione

216 3739 596 3811 prosternunt,
596 3743 844 3813 palmas
862 3745 1104 3803 Domini
1124 3747 1186 3803 et
1199 3761 1444 3806 coronas
1461 3749 1844 3823 illast/ripas:

221 3825 365 3882 sione
380 3832 738 3888 meruerant.
761 3833 945 3891 Sacri
935 3835 1090 3905 ﬁcia
1097 3850 1211 3906 pro
1223 3837 1308 3894 eis
1318 3851 1545 3909 semper
1559 3840 1839 3905 (utmeni-

225 3913 401 3983 sistis)
415 3931 445 3971 ο
439 3917 975 3991 Ῑωείπιιιιδ,ᾳαοιίθ.ς
982 3924 1322 3996 martyrum
1324 3928 1633 3997 passiones
1642 3929 1703 3986 et
1709 3929 1837 3988 dies

229 4004 619 4064 universae-ia
628 4008 1020 4069 celebratione
1029 4026 1566 4086 commemoramus,
1581 4018 1686 4076 etc.
1703 4020 1837 4077 Non

235 4086 431 4148 invenio
456 4108 633 4165 quem
644 4096 1166 4173 beatioremmagis
1176 4102 1395 4174 dicam,
1409 4105 1686 4164 abl-iuriae
1696 4108 1835 4167 illos

233 4174 620 4248 deposteritate
631 4186 756 4243 tam
765 4188 1043 4260 cla/ra,an
1053 4190 1210 4248 [tunc
1220 4192 1292 4249 de
1303 4194 1581 4268 origiaeg
1590 4196 1828 4256 loriosa.

495 4282 557 4338 ϐ.
601 4284 814 4341 PRIDE
852 4287 1086 4345 NONAS
1125 4289 1526 4355 FEBRUARII.

860 4387 916 4449 (4
962 4385 1157 4458 Febr.)

1962 1826 2087 1867 men
2121 1818 2229 1884 est,
2267 1815 2364 1885 qui
2398 1820 2524 1871 erat
2557 1817 2867 1890 episcopus
2898 1820 3060 1877 urbis
3092 1821 3291 1894 ipsius.
3318 1824 3418 1883 Hie
3441 1827 3603 1884 nobi-

1958 1897 2180 1957 litatem
2215 1903 2383 1974 primi
2413 1906 2665 1976 generis,
2691 1907 3009 1964 secundum
3033 1910 3204 1966 animi
3230 1912 3506 1970 virtutem
3529 1915 3602 1970 de

1955 1989 2296 2047 coelestibus
2319 1993 2587 2049 trahebat
2624 2014 2636 2049 :
2674 1994 2744 2050 de
2768 1997 3021 2054 terrenis
3042 2014 3201 2069 vero,
3229 2005 3508 2070 quantum
3531 2001 3602 2058 ad

1957 2078 2234 2136 saeculum
2268 2081 2540 2151 pertinet,
2576 2082 2777 2154 primis
2809 2084 2864 2139 in
2898 2086 3151 2142 Romana
3178 2087 3481 2159 republica
3504 2089 3604 2146 ho-

1958 2167 2198 2224 noribus
2227 2168 2469 2226 fruetus.
2505 2171 2845 2228 Eruditione
2877 2188 3107 2244 quoque
3141 2174 3473 2234 liberalium
3515 2177 3603 2234 lit-

1956 2258 2235 2327 terarum,
2271 2261 2328 2312 et
2361 2259 2628 2315 omnibus
2660 2275 2788 2331 qua:
2821 2261 2891 2316 ad
2926 2262 3097 2318 animi
3122 2263 3400 2320 virtutem
3423 2266 3603 2338 perti-

1957 2350 2092 2399 nent
2125 2346 2439 2414 exercitiis,
2475 2347 2736 2419 apprime
2767 2350 3060 2407 eruditus.
3096 2352 3200 2409 Hic
3239 2369 3369 2410 cum
3421 2354 3602 2427 pluri-

1958 2448 2078 2489 mos
2110 2434 2466 2506 propinquos
2494 2439 2550 2491 et
2586 2438 3046 2508 consanguineos
3074 2439 3299 2497 nobiles
3338 2442 3494 2499 viros
3544 2443 3601 2500 in

1956 2522 2157 2578 eadem
2194 2524 2335 2580 urbe
2367 2525 2630 2595 haberet,
2668 2526 3008 2597 frequenter
3049 2528 3120 2583 ad
3153 2529 3460 2600 praesidem
3499 2531 3603 2590 du-

1955 2611 2201 2667 cebatur
2233 2631 2245 2666 :
2280 2611 2523 2684 ejusque
2550 2614 2786 2672 monitis
2806 2616 3201 2688 acquiescere,
3228 2621 3315 2675 tot
3338 2623 3395 2675 et
3420 2619 3603 2679 tantis

1957 2700 2339 2771 proquinquis
2368 2702 2768 2774 exorantibus,
2805 2708 3137 2775 respectum
3161 2708 3378 2765 habere
3400 2709 3604 2767 uxoris

1956 2791 2015 2843 et
2048 2788 2596 2861 contemplationem
2630 2791 2989 2849 suadebatur
3040 2794 3340 2868 suscipere
3389 2796 3602 2856 libero-

1958 2891 2105 2947 rum,
2154 2892 2341 2949 neque
2398 2878 2453 2933 in
2504 2884 2695 2951 coepta
2747 2882 3202 2954 praesumptione
3255 2886 3591 2956 persistere.

1959 2967 2058 3021 Ast
2092 2964 2189 3020 ille
2217 2965 2377 3022 velut
2411 2967 2458 3023 si
2491 2982 2691 3023 saxum
2726 2968 3018 3026 immobile
3051 2971 3203 3027 unda
3227 2972 3592 3046 allideretur,

1955 3053 2338 3123 garrientium
2372 3054 2527 3112 dicta
2560 3071 2858 3128 respuere,
2895 3058 3114 3117 animos
3145 3060 3217 3116 ad
3239 3060 3449 3118 coelum
3474 3067 3599 3119 ten-

1956 3141 2114 3211 dere,
2150 3144 2326 3200 Deum
2356 3143 2411 3199 in
2444 3142 2630 3201 oculis
2658 3146 2894 3218 habere,
2932 3152 3206 3219 parentes
3254 3154 3311 3206 et
3364 3151 3599 3224 propin-

1952 3246 2096 3302 quos
2129 3236 2361 3289 sanctos
2392 3238 2679 3305 martyres
2709 3240 2768 3290 et
2793 3236 3091 3307 apostolos
3113 3238 3350 3296 ducere.
3378 3239 3594 3297 Aderat

1950 3324 2088 3376 tunc
2123 3319 2354 3390 quidam
2389 3321 2476 3379 vir
2506 3338 2683 3393 agens
2732 3329 2981 3381 turmam
3016 3326 3263 3384 militum
3316 3329 3597 3387 Romano-

1951 3422 2098 3479 rum,
2134 3409 2500 3467 Philoromus
2528 3412 2777 3484 nomine,
2806 3413 2901 3483 qui
2927 3429 3057 3471 cum
3080 3416 3305 3473 videret
3338 3416 3594 3474 Phileam

1951 3496 2376 3556 circumdatum
2408 3498 2680 3572 lacrymis
2712 3502 3193 3575 propinquorum,
3229 3509 3285 3561 et
3328 3506 3596 3577 praesidis

1950 3584 2273 3643 calliditate
2308 3588 2557 3660 fatigari,
2605 3604 2712 3647 nec
2756 3595 2951 3647 tamen
3000 3593 3155 3649 ﬂecti
3204 3596 3303 3650 aut
3356 3594 3591 3665 infringi

1948 3673 2241 3732 ullatenus
2273 3691 2459 3747 posse,
2491 3676 2776 3735 exclamat
2812 3699 2824 3734 :
2862 3680 3009 3746 Quid
3036 3680 3287 3737 inaniter
3309 3686 3365 3737 et
3392 3698 3596 3755 super-

1949 3761 2061 3818 ﬂue
2093 3764 2477 3821 constantiam
2508 3765 2616 3821 viri
2647 3768 2937 3825 tentatis?
2978 3769 3127 3835 Quid
3177 3784 3329 3840 eum,
3383 3772 3595 3841 cogitis

1947 3864 2159 3919 negare
2177 3852 2354 3909 Deum
2384 3858 2446 3909 ut
2471 3853 2801 3911 hominibus
2830 3856 3163 3927 acquiescat
3186 3858 3210 3912 ἲ
3233 3859 3353 3913 Νοη
3377 3859 3594 3916 videtis

1947 3939 2100 4010 quod
2133 3955 2303 3998 aures
2333 3941 2460 4013 ejus
2488 3946 2685 3999 vestra
2725 3945 2903 4001 verba
2954 3959 3067 4002 non
3118 3946 3383 4018 audiunt,
3437 3948 3591 4020 quod

1945 4026 2096 4084 oculi
2128 4027 2253 4098 ejus
2283 4034 2511 4088 vestras
2540 4030 2827 4103 lacrymas
2858 4048 2967 4090 non
2999 4033 3244 4091 vident?
3292 4035 3591 4102 Quomodo

1944 4120 2137 4188 potest
2170 4119 2423 4176 terrenis
2454 4119 2726 4192 lacrymis
2757 4122 2935 4195 ﬂecti,
2970 4123 3139 4194 cujus
3183 4123 3339 4181 oculi
3388 4125 3593 4184 coeles-

1942 4208 2060 4261 tem
2087 4205 2330 4276 gloriam
2363 4212 2763 4267 contuentnr?
2790 4212 2926 4269 Post
2973 4213 3099 4271 haec
3131 4214 3309 4286 dicta,
3348 4221 3594 4273 cuncto-

1943 4309 2071 4351 rum
2102 4294 2186 4351 ira
2218 4295 2274 4351 in
2307 4297 2713 4356 Pholoromum
2746 4315 2910 4358 versa
2939 4320 2954 4370 ;
2998 4318 3168 4360 unam
3208 4304 3591 4377 eamdemque

1942 4383 2311 4455 sententiam,
2329 4400 2603 4444 eumeum
2628 4388 2825 4447 Philea
2847 4390 3046 4447 subire
3070 4398 3337 4464 poscunt.
3366 4393 3590 4461 Quibus

284 4472 837 4553 lncivitate/Egypti,
863 4497 991 4553 quae
1014 4486 1345 4558 appellatur
1366 4493 1615 4567 Thmuis,
1643 4500 1832 4569 passio
1861 4471 1915 4533 D
1944 4468 2198 4569 ξίδβηξθν
2228 4475 2713 4569 ἒηηυθηβηίῖίίίθξν
2752 4482 3065 4551 Utrumque
3089 4479 3267 4553 Nec“
3291 4482 3591 4555 capitem"

225 4557 355 4652 beati
384 4565 577 4637 Philae,
613 4568 872 4640 ejusdem
904 4557 1067 4631 urbis
1093 4557 1378 4652 episcopi,
1413 4586 1472 4637 et
1521 4557 1833 4646 Phil-eremi

219 4647 412 4708 tribuni
436 4655 681 4713 militum
706 4659 1089 4721 Romanorum
1115 4647 1283 4725 :cum
1302 4647 1527 4740 quibus
1555 4674 1728 4732 etiam
1752 4678 1836 4734 in-

217 4743 709 4835 nqmeralidelium
734 4748 1049 4809 multitudo
1071 4768 1140 4810 ex
1165 4756 1367 4814 eadem
1392 4760 1557 4833 urbe,
1582 4766 1833 4835 pastoris

211 4826 289 4922 sui
301 4831 532 4903 vestigia
547 4849 798 4905 sequens
811 4842 1218 4910 persecutione
1240 4826 1602 4922 Diocletiani,
1620 4857 1835 4926 marty-

208 4912 287 4969 rio
306 4927 570 5008 eoronata
596 4929 705 4981 est.
729 4925 757 4964 δ
779 4927 1028 4986 Sedente
1059 4947 1306 5004 namque
1320 4912 1833 5008 protribu'nalibus

204 5006 504 5066 saevissimo
535 5013 804 5086 praeside,
856 5017 1184 5078 offeruntur
1233 5006 1519 5083 innumeri
1571 5029 1828 5091 fidelium

1946 4561 2063 4618 bet.
2096 4562 2256 4619 Passi
2288 4568 2421 4621 sunt
2452 4565 2507 4620 hi
2544 4566 2698 4623 beati
2732 4573 3020 4640 martyres
3050 4572 3158 4629 sub
3180 4572 3589 4644 persecutione

1942 4649 2285 4708 Diocletiani
2307 4660 2351 4708 θ.

2381 4752 2445 4807 Α.
2489 4750 2702 4808 NONIS
2737 4753 3137 4814 FEBRUARII.

2607 4852 2666 4916 (ὅ
2713 4849 2910 4921 Febr.)

2008 4952 2114 5007 °ln
2147 4951 2339 5010 Sicilia
2371 4953 2610 5014 civitate
2642 4960 3068 5033 Catanensium,
3124 4959 3316 5035 passio
3362 4962 3583 5019 sanctae

1938 5039 2178 5108 Agathze
2210 5042 2469 5116 virginis,
2497 5046 2605 5102 sub
2633 5045 2986 5120 imperatore
3009 5051 3202 5123 Decio,
3233 5049 3582 5123 proconsule

441 5098 596 5165 Quos
629 5100 729 5214 ille
756 5104 1018 5214 singulos
1039 5124 1153 5214 per.
1166 5112 1428 5171 ordinem
1450 5119 1744 5214 confessos
1766 5138 1827 5181 se
1936 5094 3369 5211 Quinctianofquzeypostalapasetcarcerem,;ost
3395 5153 3584 5214 equu-

1039 5176 1055 5181 -
1630 5176 1740 5179 -
1768 5176 1822 5181 ν-
1944 5176 2302 5202 vum-ww,
2373 5176 2456 5189 μω
2517 5176 2707 5191 νυνι-ι..
2756 5176 3197 5196 ασυυυαιυνιυ...
3277 5176 3369 5197 νο.
3395 5176 3427 5197 υ
3477 5176 3579 5199 αι.-

198 5176 773 5307 ξιιιι-ὶειὶῗηοεῳέρὶιθ
796 5193 974 5265 plecti
994 5197 1182 5272 jubet,
1201 5216 1449 5275 cumque
1473 5210 1742 5267 certatim
1764 5227 1826 5269 se
1936 5214 2088 5273 leum
2119 5222 2178 5274 et
2208 5176 2513 5294 tortilones,
2547 5229 2674 5295 post
2716 5176 3110 5284 'mamillarum
3142 5176 3579 5307 absteissioniem,

216 5306 223 5307 κ
269 5283 404 5307 οηηη
438 5290 599 5307 nnnn
631 5281 853 5307 Ληηξλι...
880 5287 1167 5307 ........-ξμ--
1228 5290 1299 5307 ,ιγ
1338 5292 1374 5307 ιι
1517 5297 1592 5307 ι..
2020 5303 2034 5307 _

195 5270 248 5321 et
267 5278 470 5342 sponte
491 5280 855 5340 confessione
878 5270 1194 5360 prmmissa,
1218 5270 1414 5361 gladio
1444 5297 1822 5374 subjicerent,
1933 5303 2035 5360 sed
2071 5320 2100 5362 a
2134 5307 2374 5367 Domino
2404 5270 2782 5388 sanationem,
2817 5320 2946 5389 post
2978 5315 3396 5378 volutationem
3418 5319 3475 5378 in
3495 5277 3584 5382 te:

258 5400 287 5487 ξ
314 5395 390 5487 2e
417 5415 487 5487 eo
515 5402 575 5487 in
607 5404 736 5463 Vita
770 5406 825 5465 S.
860 5408 1198 5487 Marcellini,
1234 5420 1302 5475 16
1330 5417 1607 5481 Januarii.

256 5461 516 5571 :Eus‘eb;
625 5461 744 5571 vui,
778 5461 829 5536 {:1
861 5461 1669 5554 E‘iéj'éi"via?5333"iiﬁs.
1725 5498 1821 5571 qui

192 5532 429 5604 plurima
461 5532 726 5607 inseruit.

2002 5437 2029 5470 ο
2048 5430 2192 5491 Male
2224 5433 2281 5491 in
2311 5450 2415 5492 ms.
2450 5440 2577 5494 erat
2608 5439 2894 5498 Deciana.

2003 5500 2031 5540 ά
2055 5504 2198 5565 Vide
2232 5506 2493 5564 libellum
2518 5508 2589 5565 de
2622 5510 2773 5567 Fest.
2808 5514 2984 5586 Apost
