3992 6170
393 274 498 328 227

1453 262 1508 317 S.
1544 255 1804 316 ADONIS
1842 254 2280 314 ARCHIEPISC.
2313 255 2729 314 VIENNENSIS

393 391 566 450 stulis
591 393 648 446 et
680 385 1051 458 carbonibus,
1083 385 1318 444 tandem
1369 385 1425 443 in
1474 399 1713 444 carcere
1761 383 2108 444 consum-A
2138 385 2443 439 secutores
2513 393 2714 438 omnes
2783 378 3032 452 primum
3092 379 3302 437 dentes
3359 385 3786 452 excusserunt,

393 483 716 636 mgiaennaa,
753 565 908 622 beati
943 563 1092 620 Aviti
1117 564 1396 637 episcopi,
1424 564 1593 635 cujus
1616 564 1726 621 fide
1747 569 1803 621 et
1838 563 2034 621 indus-

387 655 504 712 tria
535 659 713 726 atque
763 653 1110 710 admirabilii
1143 653 1429 724 doctrina,
1477 657 1762 725 tempore.
1806 653 2034 710 Gundo-

393 745 548 802 baldi
581 744 754 815 regis,
781 745 852 801 ab
875 743 1246 802 infestationc
1272 744 1498 800 Arianae
1520 744 1813 800 haereseos
1833 742 2032 800 Gallia)

391 835 645 892 defensae
675 839 830 893 sunt.

771 925 830 980 Β.
873 925 994 980 VIII
1035 924 1197 979 IDUS
1245 924 1644 980 FEBRUARII.

1070 1027 1126 1088 (6
1172 1021 1365 1081 Febr.)

464 1123 628 1198 Apud
644 1125 961 1179 Caesaream
979 1119 1375 1192 Cappadociae,
1393 1117 1606 1175 natalis
1619 1121 1836 1174 sanctae
1857 1117 2032 1174 Doro-

389 1216 507 1273 tha}
538 1212 796 1284 virginis,
831 1225 960 1282 quis
991 1210 1099 1266 sub
1132 1209 1367 1280 Apricio
1403 1209 1503 1280 [αἱ.
1539 1207 1864 1280 Sapricio.],
1901 1223 2032 1279 pro-

388 1305 594 1362 vincia}
627 1302 809 1375 ipsius
837 1300 1082 1373 praeside
1116 1299 1361 1370 primum
1404 1298 1640 1370 equulei
1690 1297 2030 1354 extensione

388 1399 616 1466 vexata,
653 1393 783 1449 dein
809 1391 1014 1462 palmis
1033 1389 1356 1446 diutissime
1379 1403 1548 1459 caesa,
1573 1389 1643 1444 ad
1667 1387 1914 1444 ultimnn
1939 1403 2032 1444 ca-

390 1483 552 1557 pitali
568 1481 854 1539 sententia
872 1479 1071 1552 punita
1087 1480 1460 1549 est.Cumque
1479 1477 1786 1549 egrediens
1801 1476 1871 1532 de
1887 1493 2032 1548 prae-

384 1573 537 1630 torio
553 1572 870 1630 duceretur
884 1569 954 1626 ad
969 1573 1232 1638 mortem,
1249 1567 1598 1640 Theophilus
1613 1567 1845 1638 quidam
1869 1568 2032 1624 scho-

389 1659 631 1718 lasticus
661 1659 739 1716 ait
771 1658 840 1715 ad
873 1673 996 1714 eam
1032 1677 1046 1712 :
1080 1657 1177 1714 Eia
1207 1661 1272 1713 tu
1318 1671 1526 1729 sponsa
1579 1655 1811 1726 Christi,
1864 1655 2030 1712 mitte

2143 469 2353 528 deinde
2401 485 2531 528 cum
2581 469 2962 540 minarentur,
3003 473 3348 528 constructo
3398 485 3466 528 ac
3499 485 3795 529 succenso

2142 574 2302 632 rogo,
2336 575 2462 616 eam
2495 573 2559 616 se
2591 559 2779 616 vivam
2811 558 3176 630 incensuros,
3203 558 3315 616 nisi
3339 573 3470 617 cum
3500 560 3588 617 eis
3611 561 3794 633 impia

2141 651 2320 707 verba
2353 650 2664 722 proferret,
2701 647 2797 705 illa
2832 647 3150 720 paululum,
3187 647 3324 720 quid
3367 654 3587 720 ageret,
3631 650 3793 706 intra

2143 738 2521 812 semetipsam
2547 738 2902 809 deliberans,
2930 741 3172 810 repente
3195 737 3268 794 de
3297 739 3564 796 manibus
3587 738 3797 812 impio-

2143 843 2269 885 rum
2329 828 2617 901 prorupit,
2670 832 2728 884 et
2779 827 2834 884 in
2886 828 3075 898 ignem
3143 841 3314 900 quem
3385 827 3789 899 minabantur,

2143 920 2354 988 sponte
2387 915 2700 990 prosilivit.

2657 1014 2713 1070 F.
2757 1014 2826 1069 IV
2868 1013 3269 1070 FEBRUARII.

2804 1114 2894 1178 (lo
2932 1111 3129 1180 Febr.)

2210 1209 2425 1281 Romae,
2461 1207 2675 1266 natalis
2707 1213 3044 1266 sanctorum
3076 1213 3392 1280 martyrum
3423 1207 3628 1279 Zotici,
3673 1209 3796 1266 Ire-

2141 1311 2248 1366 naa,
2286 1296 2592 1367 Hyacinthi
2625 1300 2682 1352 et
2717 1295 2990 1354 Amantii.
3631 1285 3646 1296 ’

2211 1387 2425 1444 Eodem
2439 1386 2532 1442 die
2547 1386 2602 1442 in
2619 1387 3106 1457 Oriente,sanctae
3120 1385 3343 1444 Soteris
3366 1386 3630 1457 virginis,
3647 1401 3786 1457 qua:

2139 1477 2404 1548 graviter
2433 1479 2492 1532 et
2545 1475 2876 1534 diutissime
2925 1475 3334 1549 alapis'emsa,
3383 1491 3514 1534 cum
3563 1480 3790 1533 caetera

2143 1579 2373 1637 quoque
2406 1578 2706 1636 poenarum
2745 1579 2962 1637 genera
3010 1563 3276 1636 vicisset,
3330 1563 3524 1636 gladio
3572 1568 3796 1634 marty-

2143 1655 2291 1712 rium
2323 1653 2768 1711 consummavit.

389 1750 526 1807 mihi
548 1749 694 1805 mala
714 1748 784 1804 dc
806 1746 1074 1819 paradiso
1097 1745 1291 1818 sponsi
1313 1745 1418 1803 tui.
1446 1741 1585 1813 Quae
1603 1743 1800 1802 statim
1817 1744 2030 1816 promi-
2062 1741 2116 1802 Β
2218 1747 2362 1801 item
2391 1743 2588 1800 Romae
2617 1741 2709 1800 via
2741 1741 3022 1800 Lavicana
3053 1741 3253 1800 decem
3283 1741 3548 1800 militum.

387 1839 460 1896 sit
496 1853 556 1897 se
579 1853 707 1895 esse
732 1835 1053 1893 missuram.
1079 1833 1187 1891 Ubi
1209 1849 1348 1905 ergo
1370 1840 1606 1890 ventum
1629 1838 1715 1890 cst
1742 1833 1812 1889 ad
1836 1832 2027 1891 locum

387 1927 443 1986 in
478 1941 610 1998 quo,
640 1923 956 1996 jugulanda
997 1928 1144 1994 erat,
1197 1923 1492 1995 paulisper
1537 1922 1800 1978 oratione
1852 1923 2023 1994 facta,

385 2014 630 2090 protulit
657 2013 910 2070 orarium
934 2027 1100 2069 suum
1126 2031 1140 2080 ;
1165 2016 1222 2068 ct
1238 2016 1446 2069 vocato
1465 2011 1534 2068 ad
1552 2026 1611 2068 se
1627 2011 1875 2082 quodam
1891 2025 2030 2083 pue-

386 2103 516 2162 rulo
547 2117 826 2160 annorum
857 2115 980 2172 scx,
1015 2101 1168 2156 misit
1195 2100 1528 2172 Tthphilo,
1549 2099 1793 2157 dicens:
1817 2099 1919 2156 Dic
1950 2099 2024 2169 ci,

384 2191 672 2249 Dorotbea
697 2188 903 2246 ancilla
937 2189 1034 2245 Dei
1077 2189 1255 2244 mittit
1299 2188 1408 2245 tibi
1451 2189 1596 2246 mala
1643 2190 1714 2246 de
1757 2187 2028 2259 paradiso

387 2279 580 2352 sponsi
603 2279 691 2335 sui
713 2278 945 2335 Christi.
991 2278 1298 2349 Accipiens
1339 2277 1456 2348 ille,
1492 2282 1548 2334 et
1591 2277 1812 2346 gratias
1851 2291 2028 2347 agens

385 2367 538 2440 quod
553 2367 891 2439 petitionem
907 2365 1032 2435 ejus
1046 2365 1553 2438 implesset,’caepit
1571 2365 1679 2422 sibi
1697 2365 1896 2420 faciem
1912 2368 2029 2421 ter-

384 2469 544 2528 gere,
568 2458 848 2526 tantaquc
873 2457 1114 2526 repente
1136 2454 1425 2510 suavitate
1449 2453 1841 2525 perfususest,
1859 2452 1937 2509 ita
1963 2457 2025 2510 ut

384 2547 507 2600 tota
532 2545 996 2600 mentemutatus
1011 2558 1139 2598 cum
1153 2542 1360 2612 grandi
1375 2541 1766 2598 exsultatione
1786 2544 1844 2596 ct
1867 2540 2024 2598 clara

383 2645 526 2690 voce
555 2631 768 2704 saepius
792 2629 1103 2702 replicaret
1131 2650 1143 2685 :
1172 2630 1550 2687 Benedictum
1574 2644 1780 2687 nomen
1803 2629 2024 2686 Domini

383 2720 493 2778 mei
521 2721 656 2776 Jesu
691 2718 922 2775 Christi.
960 2719 1045 2774 0b
1077 2733 1246 2790 quam
1279 2718 1738 2776 confessionnem
1786 2733 1917 2774 mox
1965 2721 2022 2774 et

383 2809 506 2882 ipse
529 2812 748 2879 tentus,
776 2822 843 2863 ac
866 2821 1184 2879 suspensus
1208 2807 1261 2864 in
1285 2807 1537 2879 equuleo
1567 2811 1728 2864 tanta
1773 2806 2026 2863 crudeli-

379 2901 1116 2968 tatetortusest,ut0mnes
1127 2897 1576 2954 circumstantes
1589 2898 2022 2962 horrescerent;

381 2987 692 3046 novissime
724 3001 876 3042 caeso
909 2985 1102 3058 capite
1133 2985 1474 3057 martyrium
1505 2985 1946 3043 consummavit.

453 3077 666 3164 Eodem
715 3075 826 3145 die,
855 3074 1066 3131 natalis
1103 3075 1288 3164 sancti
1332 3075 1682 3146 Antholiani,
1729 3075 1824 3146 qui
1868 3072 2019 3146 apud
2053 3100 2104 3164 α

383 3163 586 3221 urbem
619 3164 934 3218 Arvernam
968 3161 1246 3232 martyrio
1275 3165 1590 3218 coronatus
1621 3166 1730 3218 cst.

779 3259 838 3314 C.
883 3257 978 3313 VII
1019 3258 1178 3313 IDUS
1218 3259 1618 3316 FEBRUARII.

1055 3354 1112 3421 (7
1149 3354 1344 3424 Febr.)

452 3454 513 3510 In
546 3451 862 3509 Britanniis
886 3451 1124 3508 civitate
1149 3455 1432 3526 Augusta,
1458 3453 1674 3511 natalis
1698 3454 1887 3512 sancti
1911 3457 2022 3513 Au-

377 3541 498 3614 guli
531 3541 793 3615 episcopi
824 3545 882 3597 et
915 3541 1208 3611 martyris.

449 3633 593 3688 Item
635 3630 824 3688 sancti
871 3630 1144 3702 Moysetis
1192 3615 1546 3689 venerabilis
1595 3631 1877 3705 episcopi,
1921 3632 2019 3706 qui

379 3720 566 3794 primo
597 3719 830 3792 quidem
863 3719 918 3775 in
949 3733 1146 3778 eremo
1177 3719 1352 3776 vitam
1401 3719 1722 3777 solitariam
1773 3721 2016 3791 ducens,

379 3809 606 3866 meritis
637 3824 704 3866 ac
755 3808 1079 3866 virtutibus
1127 3812 1185 3865 et
1220 3808 1424 3881 signis,
1462 3824 1591 3880 quae
1634 3809 1881 3866 faciebat
1916 3825 2020 3882 per

376 3897 539 3956 illum
584 3899 737 3958 Deus
770 3898 1072 3969 magniﬁce
1104 3898 1458 3956 innotuerat.
1493 3898 1601 3965 Qui
1652 3899 2020 3972 postmodum

377 3992 615 4061 petente
671 3987 892 4043 Mauvia
949 3987 1370 4044 Saracenorum
1418 3987 1638 4058 regina,
1703 3988 2019 4060 episcopus

373 4074 570 4146 gentis
603 4073 762 4132 illius
795 4075 1007 4140 factus,
1043 4075 1176 4131 [ldei
1203 4075 1508 4134 catholicae
1531 4077 1851 4134 custodivit
1875 4077 2022 4135 inte-

376 4166 600 4219 merata
632 4162 950 4234 consortia,
983 4168 1040 4218 et
1074 4169 1306 4234 gentem
1338 4164 1432 4222 cui
1455 4165 1630 4222 dat'us
1655 4166 1841 4223 fuerat
1866 4167 2020 4240 epis-

377 4265 580 4324 copus,
614 4266 687 4307 ex
715 4251 921 4322 grandi
952 4256 1120 4324 parte
1153 4252 1223 4310 ad
1259 4253 1428 4310 fidem
1461 4254 1677 4311 Christi
1701 4255 2016 4313 convertit.

375 4339 586 4414 Sicque
618 4339 919 4415 perfectus
947 4340 1003 4398 in
1034 4341 1426 4414 virtitutibus,
1463 4343 1518 4399 in
1574 4358 1718 4417 pace
1769 4344 2014 4417 quievit.

795 4438 840 4494 D
877 4437 948 4495 VI
989 4439 1148 4496 IDUS
1185 4439 1586 4498 FEBRUARII.

1050 4538 1107 4603 (8
1144 4535 1340 4607 Febr.)

442 4631 661 4705 ItApud
703 4633 1030 4691 Armeniam
1081 4633 1380 4708 minorem,
1414 4635 1630 4695 natalis
1678 4641 2014 4696 sanctorum

374 4721 630 4794 Dionysii
658 4721 944 4780 Emiliani
976 4727 1035 4780 et
1069 4724 1417 4782 Sebastiani.

2554 1859 2616 1916 G.
2659 1857 2734 1914 III
2772 1857 2933 1914 IDUS
2971 1857 3371 1914 FEBRUARII.

2798 1959 2884 2022 (Μ
2927 1955 3122 2026 Febr.)

2211 2053 2377 2127 Apud
2433 2053 2730 2125 Viennam,
2783 2053 2971 2111 sancti
3022 2052 3334 2127 Symplidis
3384 2051 3666 2126 episcopi,
3720 2055 3786 2110 et

2139 2143 2517 2202 confessoris.

2213 2237 2352 2291 Item
2386 2234 2539 2308 apud
2590 2234 3018 2305 Alexandriam,
3061 2232 3353 2306 depositio
3402 2238 3623 2290 sanctae
3671 2233 3789 2292 Eu-

2140 2323 2392 2396 phrasiae
2419 2324 2682 2396 virginis,
2720 2340 2848 2397 qua)
2881 2325 2936 2380 in
2967 2322 3322 2380 monasterio
3363 2320 3505 2380 mira
3555 2321 3783 2380 virtute

2139 2410 2508 2468 abstinentiae
2539 2417 2595 2467 et
2631 2411 2930 2468 miraculis
2961 2409 3196 2467 claruit.

2459 2530 2521 2584 A.
2566 2527 2804 2583 PRIDIE
2850 2525 3011 2582 IDUS
3057 2525 3456 2582 FEBRUARII.

2797 2627 2890 2691 (42
2928 2623 3122 2692 Febr).

2208 2724 2268 2779 In
2300 2722 2594 2794 Hispaniis
2625 2722 2864 2780 civitate
2918 2721 3258 2792 Barcinona,
3293 2718 3506 2777 natalis
3557 2725 3793 2797 sanctae

2135 2809 2374 2868 Eulaliae
2395 2811 2639 2882 virginis
2661 2817 2718 2867 et
2745 2810 3081 2882 martyris,q
3097 2823 3184 2866 ua:
3207 2822 3380 2881 passa
3398 2813 3488 2864 est
3513 2813 3792 2882 tempore

2133 2898 2476 2956 Diocletiani
2509 2897 2902 2971 imperatoris,
2929 2899 3039 2954 sub
3064 2896 3344 2970 praefecto
3365 2896 3787 2968 Hispaniarum

2133 2987 2404 3058 Daciano,
2431 2987 2662 3058 quando
2684 2987 2794 3042 sub
2815 2985 3038 3054 eodem,
3065 2983 3216 3056 apud
3241 2984 3618 3042 Barcinonam
3643 2999 3823 3058 san-~

2133 3079 2291 3132 ctum
2317 3075 2740 3147 Gucuphatum,
2767 3079 2824 3130 et
2849 3071 3001 3146 apud
3024 3071 3352 3130 Gerundam
3384 3078 3653 3130 sanctum
3675 3073 3790 3130 Fe-

2134 3165 2324 3236 licem,
2339 3164 2628 3236 gloriosas
2652 3168 2882 3221 constat
2902 3161 3165 3234 martyrii
3181 3163 3484 3236 accepisse
3501 3177 3784 3221 coronas.

2134 3255 2425 3326 Scriptum
2457 3253 2514 3310 in
2547 3253 2818 3326 passione
2851 3257 3071 3310 sanctae
3103 3252 3420 3310 Leucadiae.
3458 3254 3684 3322 (9Dee.)

2203 3343 2264 3398 In
2298 3342 2512 3413 Africa,
2550 3341 2746 3413 passio
2779 3341 2966 3397 sancti
3001 3339 3256 3397 Damiani
3290 3339 3512 3396 militis.

2202 3429 2270 3485 Et
2302 3428 2358 3484 in
2391 3427 2762 3500 Alexandria,
2796 3426 3040 3484 Modesti
3071 3429 3128 3483 et
3162 3427 3443 3484 Ammonii
3467 3426 3784 3486 infantum.

2559 3545 2616 3600 Β.
2663 3545 2894 3600 IDIBUS
2943 3543 3344 3600 FEBRUARII.

2791 3645 2884 3709 (45
2919 3641 3114 3711 Febr.)

2128 3761 2144 3776 '
2203 3748 2424 3806 Natalis
2456 3749 2509 3806 S.
2543 3747 2723 3819 Agabi
2757 3747 3055 3820 prepbetaa
3087 3747 3143 3803 in
3185 3749 3341 3804 Novo
3375 3748 3782 3818 Testamento,

2133 3839 2286 3911 apud
2310 3837 2649 3896 Antiocham
2675 3855 2688 3892 :
2715 3837 2786 3894 de
2801 3837 3138 3918 quobeatus
3153 3836 3337 3894 Lucas
3351 3835 3406 3892 in
3427 3835 3786 3908 apostolicis

2133 3909 2379 3984 Actibus
2393 3927 2472 3984 ita
2498 3925 2639 3983 dicit
2668 3946 2680 3981 ε
2711 3909 3208 3984 Comi-ianum
3228 3924 3396 3983 nobis
3415 3923 3784 3997 Antiochiae,

2129 4029 2400 4089 sumens,
2428 4028 2586 4073 unus
2613 4028 2690 4072 ea
2705 4015 3016 4087 prophetis
3041 4015 3276 4072 nomine
3301 4013 3562 4088 Agam,
3583 4014 3789 4086 signi-

2117 4103 2983 4178 ﬁeabatperspiritmnfanwm
2991 4115 3274 4176 magnam
3269 4102 3554 4176 futuram
3563 4103 3788 4161 inuni-

2126 4205 2292 4250 oerso
2312 4190 2448 4248 orbe
2469 4191 2790 4261 tenam,
2804 4190 3115 4263 que/aeta
3138 4191 3231 4249 est
3245 4189 3354 4248 sub
3378 4189 3635 4248 Claudio
3651 4190 3786 4250 an-

2126 4294 2267 4340 sare
2288 4280 2436 4346 (Act.
2462 4285 2571 4350 δυ).
2595 4280 2662 4336 Et
2687 4273 2921 4350 iterum,
2947 4294 3079 4337 cum
3093 4281 3154 4336 Β.
3179 4278 3416 4350 Paulus,
3441 4278 3784 4352 Hierosoly-

2129 4385 2277 4426 mam
2298 4370 2692 4426 Pentecosten
2716 4369 2980 4427 facturus
3003 4371 3296 4440 pergeret,
3315 4367 3550 4440 jamque
3581 4368 3785 4426 Caesa-

2046 4462 2100 4523 D
2129 4473 2286 4516 ream
2329 4457 2591 4516 venisset
2625 4478 2639 4514 :
2676 4455 3208 4529 Commorantibus,
3241 4455 3452 4529 inquit,
3489 4454 3660 4515 nobis
3707 4458 3784 4517 in

2128 4546 2402 4606 Casarea
2417 4560 2534 4620 per
2561 4546 2688 4606 dies
2718 4546 2976 4619 aliquot,
2995 4545 3343 4619 supervenit
3374 4544 3627 4618 gnidam
3671 4546 3783 4606 vir

2123 4650 2164 4694 a
2189 4637 2406 4695 [πάθει
2421 4635 2740 4710 propheta,
2777 4635 3014 4694 nomine
3057 4634 3322 4708 Agam,
3371 4635 3435 4692 et
3473 4633 3641 4693 venit
3687 4635 3782 4693 ad

2121 4738 2248 4797 nos,
2279 4727 2341 4784 et
2365 4725 2576 4784 tollens
2592 4738 2802 4783 zonam
2829 4723 3040 4796 Pauli,
3067 4724 3309 4798 lienam
3334 4722 3456 4784 sibi
3467 4737 3685 4783 manus
3715 4725 3784 4783 et

443 4812 656 4869 Eodem
699 4811 810 4883 die,
855 4811 1006 4884 apud
1060 4811 1490 4884 Alexandriam,
1535 4814 1750 4872 natalis
1793 4818 2014 4873 sanctae
2112 4814 2318 4888 pedes,
2348 4813 2560 4872 dixit:
2589 4815 2734 4872 Ηωσ
2761 4813 2916 4872 dicit
2935 4812 3212 4885 Spiritus
3239 4813 3518 4872 sanctus:
3563 4811 3782 4873 Vinus

375 4901 632 4958 Cointbae
665 4900 957 4972 martyris.
993 4901 1149 4958 Hanc
1181 4903 1388 4974 pagani
1411 4906 1742 4974 correptam
1765 4903 1833 4960 ad
1861 4903 2013 4962 idola

375 4990 787 5061 perducentes,
814 4989 1058 5047 adorare
1080 4993 1386 5062 cogebant.
1413 4991 1552 5058 Quae
1574 5006 1704 5048 cum
1728 4991 1824 5048 illa
1849 5007 2016 5050 exse-

375 5091 547 5134 crans
579 5083 904 5151 recusaret,
939 5079 1170 5136 vincula
1196 5080 1446 5152 pedibus
1469 5078 1597 5149 ejus
1622 5079 2008 5152 innectentes,

372 5167 431 5221 ct
465 5179 569 5236 per
600 5165 826 5238 plateas
856 5167 1042 5226 totius
1074 5168 1332 5225 civitatis
1363 5182 1489 5225 eam
1520 5167 1847 5242 trahentes,
1884 5169 2014 5228 bor-

375 5253 557 5313 rendo
586 5255 876 5330 supplicio
906 5257 1370 5331 discerpserunt.

798 5356 858 5414 E.
903 5357 948 5413 V
976 5356 1139 5412 IDUS
1177 5355 1578 5411 FEBRUARII.

1071 5454 1104 5509 '9
1141 5451 1310 5511 Febr.

1071 5458 1104 5509 9
1141 5451 1200 5511 F
1297 5494 1310 5509 .

441 5546 470 5588 υ
491 5546 880 5624 Alexandriae,
906 5454 1125 5609 sanetae
1148 5451 1468 5625 Agi’lljoniie
1479 5548 1726 5624 virginis
1745 5549 1868 5622 ;cui
1884 5565 2014 5625 per-

439 5673 705 5736 ‘Euseb.
740 5673 779 5736 l.
815 5689 889 5735 vr.
921 5689 974 5735 c.
1009 5677 1094 5750 si,
1120 5673 1235 5751 vel,
1261 5679 1348 5752 31,
1382 5690 1458 5738 ex
1485 5667 1758 5736 versione
1778 5673 2008 5737 Rufﬂni.

2123 4901 2280 4960 hunc
2301 4903 2476 4974 cujus
2497 4903 2588 4961 est
2605 4901 2728 4962 Ιιωο
2747 4916 2918 4973 zona,
2940 4903 3031 4961 sic
3041 4901 3361 4976 alligabunt
3373 4902 3402 4961 ι
3417 4915 3552 4963 eum
3574 4901 3645 4960 in
3669 4903 3779 4961 Je-

2120 4991 2388 5050 rusalem
2415 4991 2630 5063 Indai,
2661 4992 2722 5050 et
2749 4992 2988 5050 tradent
3014 4991 3082 5048 in
3106 5005 3322 5052 manus
3347 4992 3681 5051 nationem.

2195 5081 2338 5137 Item
2370 5080 2427 5137 in
2457 5081 2712 5140 Militena
2734 5081 2974 5139 civitate
2998 5082 3304 5154 Armeniae,
3329 5079 3544 5140 natalis
3567 5079 3768 5139 sancti

2122 5169 2422 5242 Polyeueti
2455 5171 2750 5244 martyris,
2783 5171 2881 5244 qui
2912 5171 3112 5229 Latine
3143 5171 3572 5245 interpretatur
3607 5168 3779 5230 Μαι-

2124 5258 2250 5316 tum
2277 5272 2476 5319 orans.

2581 5357 2640 5414 C.
2675 5357 2793 5416 XVI
2835 5358 2989 5415 KAL.
3034 5358 3298 5418 MARTII.

2779 5458 2870 5524 (44
2908 5455 3106 5528 Febr.)

2190 5551 2410 5625 Romae,
2445 5551 2658 5611 natalis
2690 5553 2744 5612 S.
2780 5552 3068 5612 Valentini
3100 5554 3451 5628 presbyteri,
3486 5550 3582 5627 qui
3623 5556 3769 5626 post

2188 5674 2218 5718 δ
2239 5675 2455 5738 Euseb.
2491 5676 2530 5739 1.
2563 5693 2639 5752 vr,
2673 5693 2724 5739 c.
2759 5680 2846 5753 34,
2878 5677 2971 5739 vel
3003 5683 3091 5754 31,
3126 5694 3200 5740 ex
3227 5678 3499 5740 versione
3528 5674 3768 5738 Bullini.
