4004 6168
216 196 325 249 229

959 189 1564 248 MARTYROLOGIUM
1604 189 1745 248 CUM
1785 189 2313 252 ADDITAMENTIS.
2354 230 2417 239 --
2453 195 2655 256 MENS.
2700 203 2895 258 FEBR.
2962 198 2969 213 ”

3522 211 3628 268 230

218 315 409 374 multa
441 318 760 374 sanitatum
791 319 849 371 et
876 302 1157 373 dcctrinm
1180 316 1447 388 insignia,
1485 316 1741 374 fustibus
1770 330 1879 371 ca}-
1905 315 1959 376 A
1992 321 2199 388 spectu
2238 319 2458 377 Domini
2489 323 2806 394 pretiosam
2849 324 3127 383 miracula
3165 327 3375 386 crebra
3400 331 3627 390 testan-

212 422 339 479 sus,
378 411 438 464 et
473 407 559 463 sic
593 405 921 463 decollatus
952 410 1064 477 est,
1101 407 1210 463 sub
1246 406 1483 463 Claudio
1516 408 1761 463 Czesarc.

284 497 505 553 Eodem
540 497 653 568 die,
688 496 900 552 natalis
934 497 1121 552 sancti
1154 496 1441 551 Valentini
1473 498 1866 553 Interamnen-

207 586 297 642 sis
325 586 615 658 episcopi,
653 585 749 657 qui
781 590 980 641 tentus
1013 600 1040 641 a
1067 585 1327 656 paganis,
1355 601 1421 642 ac
1445 585 1626 656 virgis
1647 600 1858 655 czesus,

202 680 267 731 et
286 680 425 747 post
442 676 776 732 diuturnam
790 675 1324 745 czedcm,custodi:e
1340 692 1424 731 ma
1436 676 1860 746 ncipatus,cum

202 766 486 837 superari
528 780 639 821 non
665 769 886 837 posset,
912 766 1115 821 media:
1146 765 1334 821 noctis
1370 765 1605 820 silentio
1633 766 1859 835 cjectus

203 855 279 910 de
302 869 569 926 carcere,
599 853 926 911 decollatus
945 859 1033 910 est
1054 854 1223 925 jussu
1255 854 1457 909 furiosi
1481 854 1721 921 Placidi,
1758 855 1843 909 Ur-

202 944 297 1000 bis
320 943 609 1014 praefecti.
636 946 789 1000 Tunc
824 944 1130 1015 Proculus,
1168 944 1441 1016 Ephybus
1482 948 1538 999 ct
1566 943 1859 1014 Apolloni-

202 1032 318 1089 bus
333 1032 614 1103 discipuli
628 1033 676 1102 ej
688 1034 1209 1103 us,transfcrentes
1230 1048 1445 1104 corpus
1464 1032 1590 1102 ejus
1606 1033 1674 1089 ad
1693 1048 1853 1089 suam

202 1121 519 1178 ecclesiam
545 1123 919 1179 Intern-amna}
944 1123 1127 1193 urbis,
1144 1127 1318 1179 noctu
1340 1122 1719 1193 sepelierunt.
1746 1122 1851 1177 Ubi

204 1227 340 1268 cum
366 1211 723 1282 quotidianis
753 1211 969 1281 vigiliis
993 1212 1357 1283 incubarent,
1384 1212 1531 1267 tenti
1563 1227 1592 1267 a
1624 1211 1854 1281 gentili-

202 1301 315 1356 bus
337 1300 627 1357 custodiae
658 1305 793 1357 sunt
817 1301 1393 1373 traditi,consulante
1413 1301 1682 1358 Leontio:
1706 1317 1850 1372 quos

199 1388 300 1444 ille
328 1385 515 1457 jussit
548 1390 740 1446 noctis
764 1391 951 1446 medio
975 1390 1098 1447 suis
1120 1390 1519 1447 tribunalibus
1535 1395 1852 1462 praesenta-

199 1477 285 1544 ri;
318 1482 382 1532 et
413 1493 546 1535 cum
580 1493 608 1534 a
664 1478 775 1535 fide
817 1479 1077 1536 revocari
1130 1493 1236 1536 nec
1281 1478 1695 1536 blandimentis
1745 1494 1850 1535 nec

202 1567 374 1621 minis
419 1572 684 1641 possent,
709 1568 887 1637 jussit
939 1570 1131 1640 capite
1171 1569 1337 1625 caedi.
1383 1569 1489 1636 Qui
1523 1585 1633 1626 non
1682 1570 1849 1640 longe

197 1660 333 1713 sunt
370 1671 402 1713 a
442 1671 689 1728 corpore
725 1657 777 1713 S.
794 1656 1079 1714 Valentini
1113 1658 1349 1730 sepulti.

269 1745 418 1800 Item
454 1746 606 1817 apud
638 1746 1070 1818 Alexandriam,
1093 1746 1308 1802 natalis
1345 1752 1681 1805 sanctorum
1716 1764 1862 1805 mar-

195 1836 398 1902 tyrum
435 1834 624 1905 Bassi,
664 1834 915 1906 Antonii,
943 1837 1242 1905 Protolici,
1279 1836 1373 1906 qui
1408 1837 1462 1892 in
1496 1852 1653 1895 mare
1683 1837 1858 1895 mersi

200 1927 364 1978 sunt.

164 2036 179 2047 -
275 2011 419 2067 Item
457 2011 722 2082 Cyrionis
757 2014 1110 2085 presbyteri,
1134 2015 1417 2085 Moyseos,
1453 2016 1713 2072 Bassiani
1745 2016 1860 2073 lec-

196 2100 368 2169 toris,
401 2104 462 2156 et
497 2103 818 2172 Agathonis
847 2104 1144 2177 exercita),
1186 2104 1281 2175 qui
1311 2119 1512 2161 omnes
1540 2106 1670 2177 igne
1705 2120 1857 2163 com-

196 2189 357 2245 busti
392 2193 555 2247 sunt.

265 2279 409 2334 Item
440 2279 699 2350 Dionysii
732 2285 788 2336 et
816 2282 1162 2353 Ammonnii,
1197 2282 1638 2340 decollatorum.

153 2379 163 2387 ‘
267 2368 486 2423 Eodem
520 2368 614 2423 die
646 2370 858 2440 Roma),
896 2376 1229 2428 sanctorum
1274 2378 1590 2445 martyrum
1620 2370 1853 2438 Vitalis,

211 2456 484 2513 Feliculae
515 2461 573 2513 et
596 2459 859 2515 Zenonis.

690 2566 757 2622 D.
790 2567 882 2622 XV
914 2566 1068 2622 KAL.
1104 2566 1364 2622 MARTII.

874 2660 940 2713 43
973 2655 1163 2719 (Febr.
1162 2663 1192 2724 λ

270 2761 487 2831 Romaa,
518 2761 709 2818 sancti
744 2761 1011 2817 Cratonis
1048 2762 1323 2833 martyris
1342 2772 1387 2832 τι,
1413 2761 1655 2833 quicum
1676 2764 1849 2820 habe-

195 2854 285 2904 ret
321 2848 499 2905 filium
534 2851 870 2906 Chaeremon
896 2850 1142 2920 nomine,
1179 2850 1619 2923 scholasticam,
1647 2853 1742 2923 qui
1768 2853 1849 2909 in-

193 2937 420 2993 ciderat
446 2938 499 2993 in
526 2938 934 3009 {egritudincm
955 2939 1380 3010 gravissimam,
1399 2954 1648 3011 cumque
1674 2943 1844 2998 beato

194 3025 503 3083 Valentino
548 3027 827 3099 episcopo
870 3028 940 3082 ad
985 3027 1305 3084 sanandum
1354 3028 1691 3100 obtulisset,
1736 3032 1845 3087 sub
1878 3023 1926 3087 C

191 3114 288 3170 tali
315 3115 674 3185 conditione,
704 3120 763 3172 ut
795 3116 843 3171 si
865 3131 1010 3187 puer
1029 3121 1359 3185 sanarctur,
1391 3118 1516 3189 ipse
1542 3134 1671 3174 cum
1690 3120 1841 3175 omni

193 3203 357 3259 domo
385 3220 493 3260 sua
547 3204 714 3261 fieret
762 3204 1149 3276 Christianus,
1187 3211 1392 3262 sanato
1439 3222 1640 3278 puero,
1688 3210 1841 3279 quod

195 3294 544 3363 promiserat
574 3293 838 3365 implevit
868 3298 1043 3366 atque
1076 3311 1207 3351 cum
1258 3311 1439 3352 uxore
1478 3301 1535 3352 et
1569 3297 1841 3355 universa

194 3381 357 3439 domo
386 3382 750 3455 baptizatus,
786 3399 896 3440 non
941 3385 1141 3442 multis
1192 3391 1322 3457 post
1357 3386 1586 3458 diebus,
1631 3392 1843 3459 marty-

197 3470 281 3527 rio
312 3477 399 3528 est
432 3477 897 3529 consummatus.

257 3561 321 3616 Et
338 3562 495 3634 apud
520 3562 807 3619 Sebasten
832 3562 1154 3635 civitatem,
1173 3563 1371 3635 passio
1403 3565 1456 3621 S.
1485 3564 1659 3621 Blasii
1684 3566 1836 3637 (7728.,

192 3648 391 3722 Blavii)
423 3651 711 3724 episcopi,
747 3652 843 3724 qui
886 3651 1198 3709 multorum
1232 3657 1497 3725 patrator
1538 3654 1841 3711 miraculo-

188 3754 331 3810 rum,
367 3742 482 3797 sub
514 3741 767 3813 przeside
795 3740 1121 3812 Agricolao,
1156 3746 1288 3814 post
1328 3742 1608 3799 diutinam
1640 3744 1841 3800 caesio-

190 3841 334 3899 nem,
367 3833 503 3901 post
544 3844 863 3902 carcerem,
898 3834 1073 3900 atque
1133 3830 1266 3887 inde
1306 3831 1750 3903 suspensionem
1782 3832 1838 3889 in

190 3915 361 3989 ligno,
398 3918 496 3976 ubi
530 3920 866 3991 pectinibus
898 3919 1107 4001 ferreis
1138 3935 1349 3977 carnes
1393 3921 1521 3991 ejus
1552 3922 1838 3994 disrupta:

189 4012 341 4077 sunt,
378 4012 512 4079 post
563 4009 774 4066 iterum
811 4008 1181 4066 teterrimum
1222 4025 1542 4082 carcerem,
1579 4016 1709 4083 post
1742 4013 1839 4069 de-

190 4095 538 4153 mersioncm
568 4097 697 4169 laci,
735 4098 886 4155 unde
938 4100 1342 4170 supervadens
1393 4100 1591 4158 salvus
1631 4102 1832 4173 exivit,

186 4183 430 4253 jubente
484 4185 855 4258 iniquissimo
896 4188 1113 4261 judice,
1154 4189 1347 4261 capite
1391 4190 1463 4246 ad
1512 4195 1836 4247 extremum

187 4287 314 4329 cum
342 4274 575 4333 duobus
596 4278 795 4349 pueris
825 4282 1154 4349 truncatur,
1183 4278 1372 4336 felicia
1404 4294 1581 4350 regna
1611 4280 1689 4338 ita
1706 4297 1837 4338 cum

196 4361 338 4434 ipsis
369 4364 698 4434 ingressus.
724 4367 857 4437 Ipso
874 4371 1067 4423 autem
1088 4368 1276 4425 adhuc
1304 4369 1669 4441 agonizante,
1705 4385 1835 4443 scp-
1861 4385 1915 4446 D

187 4454 301 4508 tem
350 4453 631 4511 mulieres
683 4455 1060 4529 beatissima},
1112 4472 1240 4528 quze
1280 4463 1482 4529 guttas
1527 4459 1830 4529 sanguinis

190 4540 313 4610 ejus
344 4544 817 4614 praeterfluentes
848 4544 918 4601 de
948 4545 1306 4602 beatissimis
1348 4546 1535 4618 plagis
1567 4549 1831 4619 corporis

193 4629 375 4702 ipsius
415 4631 769 4703 colligebant
820 4634 1200 4705 deprehensa)
1247 4635 1398 4706 quod
1439 4641 1639 4692 essent
1675 4637 1833 4691 Chri-

194 4716 412 4791 stianae,
448 4725 579 4792 post
602 4721 920 4779 carminum
944 4723 1093 4794 ignis
1117 4724 1214 4780 ubi
1245 4724 1480 4796 plumbo
1504 4726 1831 4797 superfusae

191 4813 344 4878 sunt,
376 4815 505 4881 post
541 4810 804 4882 pectines
856 4812 1098 4884 ferreos,
1148 4813 1361 4884 quibus
1393 4828 1601 4871 carnes
1632 4829 1831 4872 earum

191 4895 491 4970 disruptae,
528 4904 659 4972 post
703 4915 889 4958 aereas
932 4902 1166 4959 tunicas
1206 4904 1832 4975 excandentes,novis-

191 4985 349 5042 sima:
415 4989 713 5046 sententia
758 4991 914 5063 data,
966 5006 1265 5064 percussae
1318 4993 1532 5065 gladio,
1577 4995 1829 5068 datoque

194 5076 378 5144 pretio
409 5078 734 5151 sanguinis,
768 5080 946 5138 vitam
986 5087 1322 5141 mercantur
1350 5087 1647 5142 aeternam.

262 5165 320 5220 In
338 5166 560 5240 Galliis,
586 5168 830 5227 civitate
853 5172 1087 5229 Vasioni
1107 5172 1235 5245 (ιιῑη
1252 5175 1705 5248 Wangionensi),
1732 5176 1829 5233 de-

194 5254 402 5326 positio
429 5258 483 5316 S.
523 5258 778 5326 Quinidii
821 5262 1103 5337 episcopi,
1135 5263 1304 5336 cujus
1332 5268 1577 5323 mortem
1607 5266 1663 5322 in
1694 5281 1828 5324 con-

257 5414 284 5485 f
307 5408 487 5485 Deeo
505 5410 569 5485 in
598 5412 786 5485 gestis
810 5412 1100 5472 Valentini
1133 5417 1308 5476 Inter.
1345 5422 1412 5476 14
1442 5419 1607 5479 Febr.

258 5475 444 5559 'inde
473 5475 631 5559 libr:
650 5487 722 5544 de
753 5488 907 5559 Fest.
944 5489 1146 5559 Apost.

261 5556 285 5587 ο
309 5551 444 5615 Vide
472 5554 734 5617 libellum
764 5558 835 5617 de
865 5551 1020 5617 Fest’.
1055 5561 1255 5633 Apost.
1282 5560 1338 5617 in
1372 5576 1487 5633 quo
1513 5567 1547 5621 2
1576 5562 1722 5623 Maii.
1744 5563 1822 5623 De

1976 410 2093 463 tur.

2462 510 2520 565 Ε.
2566 511 2683 565 XIV
2713 512 2866 568 KAL.
2912 512 3150 569 MARTII

2635 608 2726 679 (ιδ
2766 609 2961 680 Febr.)

2043 699 2069 737 ι)
2096 702 2297 758 Natale
2328 704 2515 760 sancti
2544 705 2798 761 Oncsimi
2830 707 3103 778 apostoli.

2043 789 2109 843 Et
2141 790 2193 845 in
2227 792 2438 863 Cumis,
2468 794 2659 849 natale
2681 794 2733 849 S.
2759 794 3001 851 Julianze
3034 795 3297 868 virginis,
3328 812 3455 869 quae
3479 803 3621 856 tem-

1972 892 2111 948 pore
2159 879 2480 937 Maximiani
2529 883 2920 956 imperatoris,
2986 885 3172 957 primo
3224 901 3254 941 a
3310 900 3416 944 suo
3457 892 3621 960 patre

1971 966 2241 1023 Africano
2292 984 2463 1041 caesa,
2498 976 2554 1026 ct
2616 973 2877 1041 graviter
2920 974 3201 1045 cruciata,
3251 974 3461 1031 deinde
3492 981 3549 1032 et
3588 991 3616 1032 a

1969 1056 2245 1125 prmfecto
2272 1058 2502 1114 Eolasio
2547 1061 2845 1132 [Eleusio],
2888 1077 3057 1133 quem
3100 1078 3378 1135 sponsum
3405 1063 3620 1122 habue-

1968 1148 2076 1213 rat,
2111 1146 2262 1202 nuda
2299 1146 2542 1217 virginis
2575 1164 2746 1221 caesa,
2782 1155 2837 1205 et
2884 1167 2913 1207 a
2958 1151 3188 1223 capillis
3214 1167 3522 1225 suspensa,
3555 1156 3612 1209 et

1967 1231 2201 1303 plumbo
2234 1235 2426 1291 soluto
2452 1253 2482 1293 a
2516 1239 2708 1309 capite
2741 1240 2998 1311 perfusa,
3037 1256 3102 1296 ac
3136 1256 3371 1297 rursum
3403 1241 3459 1298 in
3490 1258 3615 1299 car-

1963 1336 2154 1376 cercm
2189 1328 2441 1395 recepta,
2470 1326 2565 1381 ubi
2592 1327 2779 1397 palam
2806 1344 2935 1384 cum
2970 1328 3202 1384 diabolo
3234 1329 3515 1399 conﬂixit,
3553 1335 3609 1386 et

1964 1425 2173 1466 rursus
2195 1418 2454 1483 evocata,
2474 1419 2732 1471 rotarum
2757 1418 3069 1487 tormenta,
3090 1417 3347 1473 flammas
3370 1418 3609 1489 ignium,

1962 1497 2132 1553 ollam
2168 1500 2485 1557 ferventem
2537 1505 2834 1575 superavit
2880 1520 2942 1561 ac
2977 1505 3365 1562 decollatione
3396 1507 3610 1578 capitis

1963 1588 2301 1657 martyrium
2354 1593 2797 1649 consummavit.
2850 1594 2987 1660 Qua)
3036 1609 3208 1665 passa
3253 1599 3342 1651 est
3379 1594 3610 1666 quidem

1882 1668 1935 1727 B
1966 1674 2020 1729 in
2046 1675 2391 1749 Nicomedia,
2429 1680 2531 1735 sed
2566 1685 2696 1752 post
2731 1698 2974 1753 paueum
3006 1687 3241 1755 tempus
3270 1684 3387 1740 Deo
3418 1683 3614 1757 dispo-

1972 1768 2144 1821 nente
2178 1764 2232 1821 in
2263 1768 2627 1839 Campaniam
2660 1771 2969 1828 translata.

2042 1855 2253 1911 Eodem
2286 1856 2378 1913 die
2403 1858 2553 1930 apud
2583 1858 2909 1932 Egyptum,
2942 1860 3152 1917 Juliani
3185 1876 3315 1920 cum
3348 1860 3477 1919 aliis
3510 1876 3613 1919 nu-
3710 1906 3715 1913 .

1971 1957 2130 2000 mero
2153 1946 2407 2017 quinque
2442 1947 2717 2006 millibus.

2454 2046 2511 2101 F.
2554 2047 2674 2101 XIII
2705 2047 2858 2103 KAL.
2891 2048 3130 2103 MARTII

2625 2135 2715 2204 (47
2753 2134 2947 2205 Febr.)

2037 2227 2097 2282 In
2130 2227 2392 2300 Perside,
2424 2230 2636 2287 natalis
2670 2232 2824 2288 beati
2853 2231 3240 2303 Polychronii,
3277 2231 3607 2304 Babylonia:

1965 2319 2021 2370 ct
2057 2317 2473 2390 Ctesiphontis,
2510 2321 2790 2392 episcopi,
2824 2321 2919 2392 qui
2956 2325 3245 2393 praesente
3274 2322 3448 2378 Decio
3478 2336 3607 2394 per-

1965 2411 2259 2477 secutore,
2312 2424 2378 2465 os
2426 2410 2719 2480 lapidibus
2769 2425 2980 2481 caesus,
3026 2410 3292 2467 manibus
3322 2410 3602 2483 extensis,

1963 2495 2165 2553 oculos
2189 2497 2258 2552 ad
2278 2498 2488 2554 coelum
2509 2498 2767 2571 elevans,
2786 2499 2978 2555 emisit
3002 2499 3294 2571 spiritum.
3314 2499 3605 2572 Scriptum

1966 2584 2019 2641 in
2052 2586 2323 2658 passione
2356 2587 2544 2644 sancti
2578 2588 2891 2645 Laurentii.
2919 2589 3009 2660 (10
3035 2589 3215 2661 Aug.)

2446 2704 2506 2758 G.
2537 2703 2632 2758 XII
2664 2703 2817 2759 KAL.
2854 2703 3113 2759 MARTII.

2619 2800 2667 2871 (4
2676 2807 2710 2855 8
2748 2800 2943 2872 Febr.)

2028 2902 2051 2932 ο
2083 2894 2519 2966 Hierosolymis,
2554 2897 2708 2953 beati
2744 2897 3026 2954 Simeonis
3054 2896 3318 2969 episcOpi
3348 2900 3405 2952 et
3455 2910 3603 2953 mar-

1954 2983 2123 3054 tyris,
2152 2984 2247 3054 qui
2274 2985 2531 3042 traditur
2554 2986 2916 3059 propinquus
2938 2985 3257 3045 Salvatoris
3280 2986 3600 3043 secundum

1955 3087 2185 3128 carnem
2225 3072 2423 3129 fuisse.

2025 3160 2236 3216 Eodem
2253 3161 2344 3217 die
2369 3166 2701 3219 sanctorum
2727 3167 3045 3234 martyrum
3071 3162 3294 3221 Claudii
3317 3166 3373 3220 et
3398 3162 3600 3221 uxoris

1954 3248 2081 3319 ejus
2112 3251 2528 3322 Przepedignm,
2561 3268 2627 3309 ac
2668 3252 2917 3309 filiorum
2952 3253 3265 3309 Alexandri
3306 3257 3363 3309 et
3413 3252 3599 3310 Cutiaa

1953 3344 2010 3394 ct
2046 3340 2246 3396 fratris
2294 3339 2514 3397 Claudii
2568 3342 2721 3397 beati
2769 3341 2994 3398 Maximi
3030 3362 3043 3397 :
3078 3342 3175 3413 qui
3225 3357 3355 3399 cum
3396 3346 3598 3398 essent

1953 3428 2389 3500 praeclarissimi
2418 3431 2686 3503 generis,
2701 3434 2909 3500 agente
2930 3431 3112 3486 fratre
3136 3445 3336 3488 eorum
3360 3430 3600 3487 Gabinio

1953 3518 2322 3589 presbytero,
2374 3518 2653 3590 baptizati
2694 3522 2827 3576 sunt
2878 3534 2909 3575 a
2952 3520 3124 3576 beato
3155 3519 3289 3575 Caio
3321 3518 3599 3591 pontiﬁce

1952 3606 2224 3678 Romano,
2256 3611 2312 3662 et
2347 3609 2713 3679 postmodum
2739 3607 2884 3663 tenti
2918 3600 3075 3678 sunt,
3100 3607 3346 3677 jubente
3379 3607 3599 3665 Diocle-

1950 3694 2129 3765 tiano,
2162 3695 2412 3765 ajudicc
2459 3696 2633 3769 impio
2673 3696 2845 3753 Julio.
2897 3698 2963 3751 Et
3015 3695 3291 3752 Claudius
3340 3696 3592 3767 quidem,

1950 3797 2079 3839 eum
2112 3799 2291 3840 uxore
2323 3800 2427 3840 sua
2458 3789 2515 3839 et
2542 3784 2696 3854 filiis,
2723 3784 3070 3856 deportatus
3089 3787 3181 3839 est
3213 3783 3267 3837 in
3292 3782 3594 3852 exsilium;

1952 3871 2200 3943 denique
2249 3873 2516 3929 incendio
2561 3872 2935 3944 concremati,
2987 3871 3344 3928 odoriferum
3375 3870 3597 3929 sacriﬁ-

1951 3961 2103 4018 cium
2132 3960 2395 4033 martyrii
2425 3963 2542 4018 Deo
2564 3962 2962 4032 reddirerunt,
3000 3975 3066 4018 ac
3099 3960 3184 4017 sic
3225 3959 3594 4034 postmodum

1951 4051 2100 4123 apud
2134 4050 2351 4108 Ostiam
2382 4052 2438 4107 in
2470 4051 2706 4108 rheuma
2747 4050 2993 4121 jactati;
3026 4064 3271 4121 quorum
3304 4048 3593 4120 reliquias

1952 4140 2264 4198 Christiani
2294 4128 2653 4215 perquiSitas
2677 4139 2844 4211 juxta
2872 4139 3172 4196 civitatem
3206 4137 3589 4213 sepelierunt.

2446 4256 2510 4312 A.
2559 4257 2627 4311 XI
2679 4255 2816 4310 KAL
2855 4255 3097 4311 MARTII

2610 4352 2699 4425 (49
2739 4351 2936 4423 Febr.)

2013 4450 2226 4520 Romae,
2264 4450 2449 4506 sancti
2490 4449 2713 4506 Gabinii
2745 4450 2793 4521 ἀ,
2834 4449 3187 4522 presbyteri,
3238 4448 3427 4523 patris
3460 4448 3593 4506 bea-

1942 4539 2185 4597 tissimaa
2217 4539 2497 4597 Suzanme
2519 4540 2615 4611 qui
2649 4555 2679 4596 a
2713 4539 3073 4597 Diocletiano
3104 4539 3203 4597 diu
3236 4539 3291 4596 in
3320 4537 3591 4597 custodia

1942 4628 2193 4686 vinculis
2226 4628 2494 4701 amictus,
2529 4628 2789 4701 pretiosa
2821 4632 3007 4687 morte
3038 4628 3172 4688 coeli
3206 4627 3420 4701 gaudia
3439 4641 3592 4686 com-

1943 4718 2190 4792 paravit.

2474 4807 2533 4864 B.
2558 4808 2603 4864 X
2633 4807 2786 4864 KAL.
2820 4807 3080 4865 MARTII.

2604 4905 2694 4979 (20
2731 4905 2928 4979 Febr.)

2014 5003 2179 5075 Apud
2210 5004 2436 5076 Tyrum,
2478 5017 2611 5075 quae
2654 5008 2746 5060 est
2795 5004 2940 5061 urbs
2988 5001 3232 5061 maxima
3273 4996 3583 5072 Phoenicis,

1942 5093 2245 5150 beatorum
2280 5098 2619 5165 martyrum,
2653 5109 2898 5165 quorum
2922 5105 3225 5150 numerum
3267 5086 3452 5146 solius
3483 5087 3585 5145 Dei

1938 5182 2184 5242 scientia
2212 5183 2473 5255 colligit:
2503 5199 2664 5257 quos,
2710 5183 2956 5255 jubente
2996 5176 3375 5253 Diocletiano,
3408 5178 3585 5237 Vetu-

1937 5272 2062 5332 rius
2090 5273 2369 5345 magister
2392 5274 2614 5333 militize
2663 5272 2916 5332 diversis
2952 5272 3380 5331 tormentorum
3408 5282 3585 5344 gene-

1936 5425 2026 5486 his
2058 5426 2114 5485 in
2135 5426 2323 5500 gestis
2355 5427 2633 5486 Susannze
2666 5430 2721 5484 ll
2763 5426 3007 5500 August.

2004 5501 2033 5540 ά
2064 5499 2152 5558 De
2172 5501 2284 5558 hoc
2314 5500 2370 5556 in
2399 5499 2526 5556 Vita
2560 5500 2837 5555 Susanna:
2870 5503 2929 5555 11
2967 5499 3111 5571 Aug.
