3992 6170
280 309 388 361 233

1008 298 1610 358 MARTYROLOGIUM
1660 296 1801 354 CUM
1848 292 2379 351 ADDITAMENTIS.
2430 323 2501 334 —-
2548 294 2750 351 MENS.
2792 295 3004 354 MART.

3575 303 3683 359 234

276 426 486 497 ctoris,
510 427 842 499 Nicophori,
865 426 1183 497 Claudiani,
1208 424 1487 495 Dioscori,
1506 421 1839 495 Serapionis
1862 423 1921 476 et
1950 419 2009 481 A
2040 422 2101 475 ut
2147 432 2334 489 genua
2374 418 2687 475 ﬂectentes
2723 422 2958 476 orarent
2991 433 3123 477 cum
3154 420 3280 492 ipso
3315 439 3328 477 :
3362 435 3496 480 cum
3523 436 3682 481 com-

276 515 493 587 Papize,
529 516 641 572 sub
674 517 1020 573 Numeriano
1052 516 1425 587 imperatore,
1468 515 1675 584 agente
1719 511 1928 568 Sabino
2041 506 2253 578 plesset
2287 506 2633 577 orationem,
2669 509 2726 562 et
2760 504 3042 564 dixissent
3075 522 3293 580 omnes,
3324 510 3523 581 Amen,
3551 512 3680 569 red-

278 602 451 659 duce.
479 604 734 669 Quorum
768 604 989 676 primus
1012 605 1069 661 in
1093 604 1266 676 pilam
1290 619 1361 660 ex
1385 604 1596 659 robore
1621 616 1840 671 cavam,
1866 602 1925 656 et
2038 595 2183 651 didit
2235 596 2505 668 spiritum
2556 615 2568 651 :
2618 595 3041 686 consummavit
3091 599 3284 654 autem
3335 599 3678 686 martyrium

281 691 539 763 undique
562 693 1031 749 circumforatam
1056 694 1293 764 missus,
1312 708 1378 750 ac
1402 707 1505 764 per
1530 689 1756 760 singula
1780 690 1927 745 fora-

276 778 434 836 mina
470 779 799 837 diutissime
832 784 1259 854 transpunctus
1281 785 1406 849 est;
1431 794 1679 851 cumque
1712 778 1923 834 nimius

278 869 521 938 sanguis
543 869 827 940 efflueret,
855 870 1109 927 eductus
1141 885 1172 927 e
1207 870 1341 943 pila,
1368 870 1561 942 capite
1592 883 1783 926 caesus
1806 870 1918 924 est.

282 956 586 1013 Secundus
607 959 874 1015 manibus
890 974 956 1015 ac
976 959 1225 1031 pedibus
1244 957 1646 1031 amputatis,in
1660 956 1920 1013 eamdem

280 1042 453 1115 pilam
478 1045 947 1118 missus,fprioris
967 1053 1254 1104 tormenta
1276 1047 1578 1117 sustinuit,
1597 1048 1653 1102 et
1676 1043 1923 1102 novissi-

282 1146 371 1187 me
415 1131 609 1202 gladio
656 1150 849 1192 caesus
898 1140 1010 1192 est.
1044 1136 1276 1193 Tertius
1307 1151 1436 1192 cum
1469 1135 1626 1192 ultro
1657 1134 1712 1190 in
1747 1133 1919 1206 pilam

283 1220 488 1277 fuisset
512 1221 842 1295 ingressus,
869 1224 1205 1295 indignatus
1226 1224 1412 1281 Iudex
1430 1223 1608 1294 jussit
1633 1238 1762 1280 eum
1780 1222 1920 1281 inde

285 1308 539 1379 produci,
580 1315 639 1366 et
682 1327 862 1385 super
909 1313 1253 1371 craticulam
1303 1313 1507 1385 prunis
1556 1313 1918 1369 substratam

282 1394 703 1471 aliquantisper
735 1402 922 1458 assari
954 1406 1012 1458 et
1045 1402 1256 1459 inverti
1284 1422 1295 1457 :
1323 1416 1572 1473 cumque
1605 1401 1660 1456 in
1693 1400 1920 1458 confes-

282 1484 438 1541 sione
469 1488 843 1561 persisteret,
879 1491 1150 1549 sublatus
1182 1491 1334 1561 inde,
1362 1490 1689 1547 minutatim
1720 1489 1916 1560 gladio

285 1574 549 1630 concisus
590 1577 863 1648 spiritum
907 1579 1180 1637 reddidit.
1227 1579 1607 1651 Reliquorum
1642 1582 1911 1650 quatuor,

287 1660 627 1720 Claudianus
650 1666 1045 1724 etDioscorus
1080 1668 1324 1724 ﬂammis
1367 1668 1609 1726 incensi.
1638 1667 1913 1741 Serapion

290 1752 340 1803 et
366 1750 573 1823 Papias
602 1751 798 1823 gladio
834 1758 1219 1813 consummati
1255 1761 1411 1815 sunt.

752 1854 818 1909 A.
860 1853 929 1908 IV
971 1855 1123 1911 KAL.
1170 1856 1429 1912 MARTII.

913 1955 1015 2017 (26
1061 1952 1228 2011 Febr.
1239 1959 1271 2023 λ

353 2043 404 2100 In
419 2045 657 2102 civitate
677 2049 859 2118 Perge
882 2050 1236 2122 Pamphilim,
1256 2050 1447 2108 natale
1468 2052 1624 2109 beati
1645 2052 1912 2110 Nestoris

298 2133 566 2206 episcopi:
591 2136 689 2207 qui
711 2139 1122 2208 persecutione
1145 2140 1323 2213 Decii,
1342 2157 1472 2198 cum
1497 2141 1593 2199 diu
1618 2146 1912 2214 noctuque

300 2222 515 2279 orationi
540 2224 847 2282 insisteret
864 2228 1168 2298 postulans
1186 2232 1246 2287 ut
1261 2244 1405 2301 grex
1420 2230 1635 2286 Christi
1655 2232 1913 2288 custodi-

303 2316 456 2381 retur,
481 2315 940 2385 comprehensus
972 2306 1002 2373 ε
1037 2318 1282 2388 quodam
1306 2320 1636 2391 frenarcho,
1665 2322 1761 2393 qui
1784 2326 1910 2379 erat

305 2401 547 2473 princeps
579 2404 759 2460 curia:
790 2405 1070 2478 civitatis,
1105 2406 1265 2464 velut
1314 2408 1468 2464 aries
1518 2409 1643 2465 sine
1690 2410 1908 2468 malitia

306 2488 507 2546 oblatus
536 2495 627 2547 est
663 2493 899 2564 praesidi
922 2494 1189 2552 Pollioni.
1217 2497 1438 2554 Etcum
1463 2514 1670 2556 nomen
1696 2499 1911 2557 Christi

306 2577 421 2633 mira
439 2578 708 2636 libertate
728 2586 785 2636 et
807 2581 1113 2641 alacritate
1135 2584 1540 2659 conﬁteretur,
1560 2590 1703 2646 deos
1718 2595 1910 2649 autem

304 2666 528 2733 gentium
558 2669 841 2726 daemonia
872 2671 1124 2742 pessima
1156 2688 1291 2730 esse
1314 2683 1683 2751 memoraret,
1704 2680 1911 2750 jussus

304 2754 361 2809 ab
381 2755 563 2812 eodem
590 2758 843 2829 praeside
867 2761 1147 2832 suSpendi
1172 2762 1228 2818 in
1251 2765 1522 2838 equuleo,
1539 2772 1596 2823 et
1625 2771 1911 2828 crudelis-

304 2841 429 2899 sime
456 2847 726 2918 torqueri,
756 2847 928 2906 laetus
952 2850 1259 2923 psallebat,
1288 2854 1490 2911 dicens
1518 2876 1529 2911 :
1554 2859 1910 2918 Bmedz'cam

302 2931 583 2991 Dominum
610 2938 677 2992 in
697 2939 857 2994 omni
880 2939 1150 3012 tempore,
1164 2955 1392 3014 semper
1414 2945 1547 3002 laus
1568 2948 1697 3017 ejus
1718 2949 1784 3004 in
1813 2964 1911 3008 ore

301 3034 402 3077 meo
428 3024 616 3088 (Paul.
644 3033 877 3095 xxxm.)
902 3029 1130 3086 Praeses
1152 3045 1291 3088 vero
1316 3036 1562 3104 stupens
1586 3050 1764 3108 super
1784 3042 1909 3094 tan-

2036 685 2236 757 quinta
2269 684 2527 754 Sabbati,
2561 684 2703 741 hora
2745 683 2940 742 tertia.

2103 783 2131 813 α
2168 774 2382 830 Eodem
2415 773 2507 829 die
2541 774 2600 829 Β.
2638 773 2971 844 Alexandri,
2994 772 3397 831 Alexandrinae
3420 772 3676 835 civitatis

2031 861 2310 935 episcopi,
2333 861 2574 933 gloriosi
2604 862 2776 932 senis,
2803 862 2900 933 qui
2934 866 3063 933 post
3099 864 3159 919 Β.
3186 863 3445 935 Petrum,
3474 863 3672 923 Arium

2034 952 2437 1024 presbyterum
2452 962 2639 1020 suum,
2656 950 2929 1007 haeretica
2951 950 3026 1006 im
3034 950 3251 1023 pietate
3270 949 3672 1043 depravatum,

2030 1044 2086 1097 et
2122 1041 2312 1098 divina
2344 1040 2594 1098 veritate
2628 1040 3047 1111 reconvictum,
3083 1040 3154 1097 de
3182 1039 3431 1098 ecclesia
3457 1039 3629 1112 ejecit
3656 1061 3671 1098 :

2029 1133 2085 1187 et
2134 1135 2335 1202 postea
2388 1130 2540 1186 inter
2582 1133 2883 1187 trecentos
2932 1129 3132 1187 decem
3174 1134 3232 1187 et
3279 1134 3415 1188 octo
3445 1132 3672 1204 Patres,

2027 1220 2293 1278 eumdem
2325 1219 2380 1276 in
2414 1219 2646 1276 Nicaeno
2677 1217 2928 1275 concilio
2960 1217 3274 1277 damnavit.

2507 1319 2568 1375 Β.
2612 1317 2686 1372 ΙΙΙ
2727 1316 2882 1372 KAL.
2925 1317 3188 1373 MARTII.

2677 1417 2779 1479 (27
2807 1412 2975 1470 Febr.
2989 1418 3020 1482 )

2098 1514 2264 1587 Apud
2284 1512 2632 1586 Hispaniam.
2650 1512 2890 1569 civitate
2910 1507 3149 1581 Hispali,
3166 1509 3352 1567 sancti
3372 1509 3667 1584 Leandrib,

2024 1603 2284 1676 episcopi
2316 1607 2372 1660 et
2402 1600 2773 1671 confessoris,
2810 1599 2881 1656 ad
2912 1612 3081 1670 quem
3113 1599 3321 1656 beatus
3350 1598 3666 1670 Gregorius

2024 1694 2206 1751 libros
2236 1692 2535 1749 Moralium
2567 1689 2769 1749 scribit
2795 1707 2809 1757 ;
2842 1687 3008 1759 cujus
3049 1687 3466 1761 praedicatione
3495 1691 3554 1746 et
3586 1688 3669 1747 in-

1941 1777 1997 1840 B
2024 1784 2413 1854 dustria,tota
2434 1781 2754 1837 Gothorum
2775 1792 2917 1849 gens
2936 1792 3037 1850 per
3057 1777 3452 1835 Reccaredum
3472 1791 3669 1848 regem

2024 1876 2096 1932 ab
2119 1872 2328 1930 Ariana
2351 1870 2650 1943 impietate
2674 1882 2954 1925 conversa
2968 1871 3077 1923 est.
3096 1865 3203 1933 Qui
3227 1865 3402 1923 etiam
3427 1866 3668 1924 fratrem

2023 1964 2150 2036 ejus
2169 1960 2609 2031 Erminigildum
2634 1955 3085 2028 regem,vivente
3100 1956 3288 2012 adhuc
3311 1954 3669 2043 patrehaare-

2021 2054 2161 2124 tico,
2198 2052 2270 2108 ab
2299 2050 2500 2107 eadem
2530 2046 2742 2104 Ariana
2773 2044 2979 2101 haeresi
3013 2044 3084 2101 ad
3116 2042 3463 2100 catholicam
3494 2041 3667 2099 ﬁdem

2023 2139 2320 2207 correxit;
2353 2141 2528 2208 atque
2561 2147 2744 2205 usque
2777 2132 2848 2189 ad
2893 2130 3206 2202 gloriosam
3246 2130 3507 2203 martyrii
3540 2143 3666 2203 pas-

2020 2230 2261 2298 sionem,
2297 2225 2417 2283 suis
2446 2219 2958 2281 exhortationibus
2989 2216 3282 2292 perduxit.

2092 2328 2117 2358 °
2137 2318 2275 2374 item
2297 2314 2501 2372 eodem
2525 2311 2617 2368 die
2640 2311 2698 2367 in
2716 2308 3088 2379 Alexandria,
3113 2305 3327 2364 natalis
3359 2303 3549 2364 sancti
3568 2305 3666 2365 Ju-

2022 2407 2157 2465 liani
2174 2403 2465 2476 martyris,
2484 2401 2726 2473 quicum
2742 2398 2821 2454 ita
2837 2396 3092 2470 podagra
3107 2398 3276 2452 const
3286 2393 3471 2451 rictus
3481 2397 3661 2465 esset,

2022 2502 2084 2554 ut
2116 2508 2304 2566 neque
2335 2490 2609 2548 incedere
2636 2498 2824 2559 neque
2848 2489 3008 2542 stare
3033 2485 3253 2557 posset,
3279 2496 3411 2540 cum
3433 2481 3546 2552 his,
3564 2480 3663 2554 qui

2022 2600 2152 2642 eum
2186 2583 2241 2638 in
2274 2579 2484 2639 sellula
2516 2577 2850 2650 portabant,
2870 2571 3055 2644 judici
3086 2570 3335 2628 offertur
3366 2589 3380 2626 :
3415 2584 3664 2641 quorum

2022 2689 2171 2731 unus
2201 2670 2434 2743 quidem
2466 2665 2666 2723 statim
2698 2661 2951 2734 negavit,
2987 2659 3137 2717 alter
3166 2657 3397 2715 nomine
3441 2658 3661 2729 Eunus,

2021 2777 2151 2819 cum
2180 2758 2408 2816 Iuliano
2442 2771 2579 2814 sene
2611 2754 2667 2809 in
2691 2750 2914 2809 Domini
2945 2746 3313 2806 confessione
3345 2745 3661 2818 perdurat:

2020 2850 2236 2923 quique
2271 2846 2552 2918 jubentur
2600 2840 2841 2899 eamelis
2880 2836 3157 2910 impositi,
3196 2848 3305 2923 per
3335 2837 3523 2891 totam
3553 2833 3666 2890 eir-

2020 2922 2292 2998 Cumduci
2340 2935 2565 3003 urbem,
2597 2935 2652 2987 et
2700 2927 2921 2998 flagris,
2947 2925 3081 2980 hinc
3113 2923 3246 2980 inde
3292 2922 3664 2993 inspectante

2022 3026 2260 3101 populo,
2302 3019 2529 3092 laniari,
2564 3030 2869 3090 usquequo
2909 3012 3080 3070 finem
3127 3010 3269 3085 ipsis
3315 3008 3663 3068 verberibus

302 3112 348 3166 ta
365 3111 679 3203 tolerantia,
703 3119 761 3171 et
784 3115 988 3173 volens
1006 3132 1135 3175 eum
1161 3119 1389 3178 blandis
1411 3124 1609 3180 verbis
1632 3142 1660 3182 a
1686 3126 1797 3184 fide
1821 3147 1909 3187 re-
1943 3140 1991 3203 ί]
2023 3115 2399 3176 sortirentur-

302 3213 480 3257 vocare
510 3202 651 3258 dixit
684 3203 737 3260 ei
772 3223 784 3259 :
816 3204 916 3261 Vis
946 3221 1080 3263 esse
1112 3209 1434 3283 nobiscum,
1462 3217 1559 3270 aut
1584 3230 1715 3272 cum
1749 3219 1908 3275 Chri-

299 3292 375 3345 sto
415 3292 552 3347 tuo?
580 3292 684 3349 Cui
735 3298 977 3351 sanctus
1028 3297 1237 3352 Nestor
1278 3315 1407 3355 cum
1451 3317 1655 3373 magno
1692 3308 1906 3376 gaudio

300 3381 587 3452 reSpondit,
634 3381 841 3438 dicens
878 3402 889 3438 :
924 3385 1062 3440 Cum
1107 3386 1337 3443 Christo
1384 3404 1511 3446 meo
1541 3397 1597 3448 et
1631 3408 1810 3468 eram,
1846 3401 1905 3454 et

299 3475 489 3539 sum,et
509 3484 629 3526 ero.
646 3472 804 3528 Tunc
827 3472 1163 3542 indignatus
1186 3490 1410 3546 praeses
1434 3479 1595 3535 dedit
1620 3483 1905 3542 adversus

297 3567 403 3611 eum
423 3559 790 3631 sententiam,
808 3564 871 3616 ut
896 3562 1027 3632 quia
1048 3564 1244 3619 Iesum
1265 3566 1607 3625 crucifixum
1631 3573 1740 3627 sub
1762 3575 1907 3631 Pon-

295 3642 362 3700 tio
379 3646 555 3705 Pilato
577 3648 887 3721 fateretur,
912 3655 1187 3723 tanquam
1206 3653 1455 3711 devotus
1478 3658 1594 3713 Deo
1618 3674 1724 3716 suo
1746 3660 1905 3720 illius

289 3734 490 3792 subiret
514 3738 887 3808 sententiam,
904 3744 961 3795 et
988 3740 1144 3809 ligno
1165 3743 1484 3800 cruciﬁxus
1509 3746 1908 3807 resolveretur

284 3823 452 3911 avita.
468 3825 569 3882 ille
580 3828 806 3897 gratias
821 3843 999 3898 agens
1012 3831 1127 3886 Deo
1140 3831 1395 3902 cumjam
1415 3834 1618 3892 afﬁxus
1636 3842 1796 3893 esset
1812 3855 1908 3911 pa-

282 3910 469 3986 tibulo,
494 3915 748 3973 docebat
769 3918 1145 3976 assistentem
1180 3922 1457 3993 populum
1491 3910 1903 3999 Christianum,

280 4003 338 4055 ut
367 4004 752 4073 persisterent
785 4004 838 4061 in
873 4006 985 4063 fide
1014 4012 1072 4064 et
1095 4008 1383 4067 charitate
1406 4011 1623 4069 Christi
1644 4018 1703 4071 et
1727 4013 1909 4073 liben-

280 4088 493 4149 tissime
524 4098 1022 4167 compaterentur,
1050 4101 1112 4155 ut
1135 4100 1193 4154 et
1218 4099 1388 4158 simul
1410 4100 1902 4172 gloriﬁcarentur.

282 4177 413 4236 Post
432 4181 555 4239 haec
577 4187 789 4255 petens
809 4199 1037 4243 omnem
1060 4189 1349 4245 astantem
1369 4191 1600 4249 turbam
1623 4190 1902 4266 ﬁdelium,

340 4312 368 4342 ι
403 4306 611 4364 Euseb.
644 4308 689 4363 Ι.
721 4322 780 4380 x,
814 4290 864 4367 c.
899 4316 951 4380 1,
985 4314 1047 4366 et
1073 4310 1202 4369 Ruf.
1239 4312 1279 4368 Ι.
1317 4327 1354 4369 ι.
1392 4327 1441 4370 c.
1476 4319 1526 4370 1.

339 4391 366 4431 δ
402 4395 478 4452 De
506 4411 578 4455 eo
610 4397 781 4469 Greg.
816 4398 872 4455 in
905 4398 1130 4471 praefat.
1163 4400 1483 4460 Moralium.

2089 3209 2232 3263 Item
2291 3198 2444 3274 apud
2493 3197 2815 3267 Lugunum,
2869 3191 2923 3248 S.
2975 3187 3353 3259 Baldemeris,
3395 3184 3508 3244 viri
3556 3183 3657 3244 Dei

2017 3297 2186 3370 cujus
2216 3290 2552 3365 sepulcrum
2586 3283 2812 3343 crebris
2844 3279 3147 3338 miraculis
3177 3276 3532 3335 illustratur.

2409 3400 2467 3455 C.
2522 3393 2762 3451 PRIDIE
2810 3390 2965 3446 KAL.
3008 3384 3270 3445 MARTII.

2676 3493 2778 3559 (28
2808 3485 3015 3556 Febr.)

2090 3601 2150 3655 In
2197 3593 2505 3653 territorio
2547 3584 2917 3661 Lugdunensi
2946 3581 3096 3641 locis
3125 3577 3475 3639 Jurensibus
3507 3574 3663 3635 beati

2016 3686 2258 3745 Romani
2283 3683 2535 3752 abbatis,
2562 3679 2658 3751 qui
2683 3677 2905 3749 primus
2927 3672 3049 3753 illic
3080 3671 3257 3729 vitam
3288 3666 3663 3726 eremeticam

2018 3776 2207 3848 duxit,
2256 3778 2314 3831 et
2366 3770 2564 3828 multis
2613 3764 2937 3826 virtutibus
2985 3757 3398 3848 ac‘miraculis
3441 3755 3660 3848 clarus,

2018 3843 2403 3939 plurimorum
2425 3860 2629 3932 postea
2654 3857 2820 3928 pater
2841 3849 3071 3908 exstitit
3094 3846 3536 3939 monachorum.
3559 3843 3666 3900 Ve-

2018 3933 2278 4013 nerabile
2326 3962 2543 4023 corpus
2588 3944 2717 4019 ejus
2765 3942 2944 4002 situm
2986 3942 3079 3998 est
3111 3936 3170 3996 in
3199 3935 3413 3994 ﬁnibus
3439 3933 3661 3992 Vesun-

2016 4045 2264 4104 tionum.

1935 4287 1987 4349 D
2087 4323 2113 4356 ο
2148 4313 2360 4373 Euseb.
2395 4312 2436 4369 Ι.
2471 4325 2546 4383 vr,
2580 4323 2633 4368 c.
2665 4310 2752 4366 34.

278 4539 3668 4575 ___________________________________.

1586 4663 1884 4723 manu:
1931 4658 2347 4745 INDICENDIE.

1586 4774 1904 4895 MENSIS
1957 4808 2344 4896 MARTIUS

1298 5016 1502 5071 mar
1553 5017 1696 5071 nms
1745 5018 1897 5070 xxxx
1918 5021 1941 5093 ;
1995 5015 2173 5073 LUNA
2229 5013 2428 5080 vano,
2482 5009 2637 5063 xxx.

1762 5175 2184 5193 -——-

800 5252 864 5310 D.
907 5253 1062 5312 KAL.
1104 5253 1365 5311 MART".

929 5353 991 5417 (4
1021 5349 1243 5420 Mart.)

354 5452 378 5481 ι
401 5442 610 5518 Romae,
637 5451 977 5504 sanctorum
1000 5454 1318 5520 martyrum
1342 5448 1729 5506 ducentorum
1753 5461 1918 5507 sexa-

291 5528 456 5607 ginta,
486 5535 856 5608 temporibus
888 5536 1131 5608 Claudii,
1167 5537 1264 5609 qui
1294 5537 1386 5596 via
1417 5537 1639 5596 Salaria
1678 5551 1914 5596 arenam

358 5663 388 5697 ι
408 5658 485 5717 De
510 5657 603 5720 his
629 5659 688 5718 in
715 5659 847 5720 Vita
876 5659 934 5718 S.
967 5659 1194 5720 Valent.
1229 5661 1423 5736 presb.

592 5784 857 5851 Panos.
903 5783 1182 5854 CXXIII.

2021 5262 2328 5338 fodientes,
2361 5261 2616 5321 damnati
2649 5262 2879 5319 fuerant
2912 5270 3017 5331 pro
3052 5246 3270 5311 Christi
3301 5243 3536 5307 nomine
3560 5249 3669 5317 (44

2018 5355 2250 5425 Fabia);
2283 5368 2431 5427 quos
2441 5351 2622 5424 jussit
2655 5346 2933 5406 Claudius
2947 5349 3009 5403 ut
3028 5343 3085 5437 in
3099 5338 3668 5437 figlinaforis-muros

2023 5450 2207 5523 portae
2225 5443 2460 5503 Salariaa
2475 5440 2870 5507 mitterentur,
2887 5438 2945 5492 et
2960 5447 3030 5492 eo
3044 5428 3426 5523 locoinclusi,
3454 5428 3513 5487 in
3530 5428 3670 5523 civi-

2020 5520 2164 5596 tatis
2194 5532 2624 5608 amphitheatro
2648 5525 2899 5587 militum
2916 5522 3154 5599 sagittis
3168 5520 3664 5586 interﬁcerentur.
