4004 6168
403 330 510 384 235

850 443 913 501 E.
945 442 1016 500 VI
1051 440 1285 499 NONAS
1310 441 1570 499 MART".

1058 543 1122 608 (2
1149 538 1371 609 Mart.)

469 645 688 714 Romae,
705 639 799 698 via
822 638 1041 711 Latina,
1071 641 1409 696 sanctorum
1432 639 1749 708 martyrum
1769 633 1958 691 Jovini
1979 637 2035 691 et

401 730 635 801 Basilei,
663 728 761 801 qui
792 727 952 801 passi
983 734 1119 785 sunt
1144 728 1254 785 sub
1278 725 1513 783 Galieno
1534 728 1591 781 et
1613 722 1917 780 Valeriano
1940 721 2041 779 im-

401 818 795 896 peratoribus.

470 907 684 966 Eodem
725 905 838 975 die,
874 906 1192 975 martyrum
1225 900 1624 975 plurimorum,
1659 900 1766 958 sub
1799 899 2043 957 Alexan-

401 996 506 1055 dro
537 996 889 1067 imperatore
924 1006 1251 1065 passorum,
1286 1006 1433 1062 quos
1463 989 1560 1047 diu
1592 989 1906 1061 cruciatos,
1942 988 2043 1044 im-

403 1085 534 1159 pius
563 1080 890 1141 Alexander
914 1079 1151 1155 capitali
1180 1078 1473 1138 sententia
1505 1078 1561 1136 in
1593 1083 1856 1137 extremo
1888 1076 2044 1135 dam-

402 1176 582 1232 navn.
865 1267 923 1323 F.
966 1265 1010 1322 V
1048 1264 1283 1321 NONAS
1319 1264 1580 1324 MART".

1102 1364 1138 1418 3
1173 1361 1345 1420 Illa/rt

1102 1366 1138 1418 5
1173 1366 1345 1420 Illa/rt

479 1458 698 1519 Natalis
718 1463 1055 1518 sanctorum
1071 1366 1394 1530 fnartyrum
1412 1456 1673 1514 Emiterii
1690 1461 1747 1515 et
1772 1455 2048 1515 Cheledo—

408 1550 509 1622 nii,
527 1565 560 1621 q
576 1548 633 1606 ui
660 1547 905 1621 primum
928 1547 1081 1620 apud
1105 1547 1515 1619 Legionensem
1539 1545 1825 1604 Callaecia
1845 1546 2048 1604 civita-

405 1643 523 1696 tem
548 1636 785 1709 milites,
810 1638 1165 1707 exsurgente
1189 1634 1616 1709 persecutionis
1640 1634 1915 1707 procella,
1944 1649 2049 1708 pro

405 1726 770 1785 confessione
792 1724 1041 1782 nominis
1060 1723 1274 1781 Christi
1298 1723 1562 1797 plurimis
1576 1723 1771 1782 amicti
1792 1726 2049 1781 tormen-

1441 316 1495 373 S.
1539 314 1797 372 ADONIS
1835 311 2269 372 ARCHIEPISC.
2315 308 2730 367 VIENNENSIS

2062 436 2118 497 A
2220 433 2434 492 Eodem
2467 432 2580 503 die,
2616 430 2802 488 sancti
2835 430 2952 487 Caii
2983 429 3249 501 Palatini,
3285 428 3341 487 in
3396 441 3559 488 mare
3591 427 3827 488 mersi.

3701 304 3837 360 236

2595 530 2658 585 A.
2703 529 2777 584 III
2818 526 3054 584 NONAS
3092 528 3349 591 MARTII.

2808 625 2874 698 (σ
2901 624 3124 697 Mart.)

2216 723 2245 762 δ
2266 723 2431 796 Apud
2474 721 2860 793 Antiochiam,
2899 721 3096 793 passio
3120 720 3309 778 sancti
3343 719 3558 778 Phocm
3591 725 3832 797 marry:

2150 813 2268 869 ris:
2296 812 2392 883 qui
2416 815 2546 884 post
2571 809 2806 881 multas,
2837 825 2983 881 quas
3008 826 3114 882 pro
3135 809 3365 867 nomine
3388 809 3798 882 Redemptoris
3846 810 3901 841 κε

2149 905 2240 959 est
2263 916 2474 974 passus
2490 900 2754 971 injurias,
2777 898 3031 970 qualiter
3051 900 3122 956 de
3142 898 3382 971 antiquo
3405 898 3506 955 illo
3524 905 3798 971 serpente

2149 990 2619 1062 triumphaverit,
2655 988 2944 1060 hodieque
2978 988 3209 1061 p0pulis
3243 988 3606 1046 declaratur.
3642 989 3806 1046 Deni-

2152 1094 2264 1152 que
2297 1079 2347 1136 si
2378 1079 2433 1135 in
2466 1078 2792 1150 quempiam
2826 1078 2881 1134 in
2914 1077 3005 1134 his
3051 1076 3199 1135 locis
3249 1077 3495 1135 coluber
3547 1093 3806 1136 morsum

2152 1169 2471 1239 stringens,
2488 1182 2708 1225 venena
2734 1166 3328 1240 diﬂ'uderit,exemplo
3352 1167 3448 1238 qui
3474 1181 3811 1240 percussus

2150 1260 2265 1330 est,
2303 1260 2362 1315 ut
2391 1256 2627 1328 januam
2653 1256 2912 1314 basilica;
2937 1256 3212 1328 martyris
3236 1256 3488 1314 credens
3512 1256 3810 1330 attigerit,

2153 1351 2435 1405 evacuata
2468 1346 2688 1404 virtute
2720 1346 2948 1418 veneni,
2984 1345 3269 1404 salvatur.

2224 1437 2368 1493 Item
2401 1435 2527 1508 ipso
2560 1435 2673 1507 die,
2708 1434 2892 1493 sancti
2918 1435 3150 1493 Eusebii
3174 1434 3443 1508 Palatini,
3469 1440 3531 1493 et
3553 1434 3813 1493 aliorum

2156 1539 2363 1584 novem
2394 1529 2733 1597 martyrum.

2522 1626 2584 1683 B.
2626 1624 2865 1681 PRIDIE
2896 1622 3132 1680 NONAS
3168 1623 3430 1681 MARTII.

2823 1720 2888 1795 (16
2913 1720 3141 1793 Mcl/rt.)

404 1815 504 1887 tis,
533 1813 891 1885 Calagurrim
913 1828 1101 1885 usque
1139 1790 1428 1886 perducti,
1455 1817 1631 1885 atque
1654 1812 1733 1869 ibi
1764 1812 2045 1884 martyrio
2074 1790 2128 1852 Β
2227 1819 2596 1892 Nicomedia),
2630 1790 2855 1876 natalis
2870 1790 3205 1877 sanctorum
3236 1818 3491 1877 Victoris
3521 1824 3585 1877 et
3611 1820 3817 1878 Victo-

405 1904 666 1963 coronati
696 1907 854 1961 sunt.
882 1903 1138 1974 Cumque
1166 1916 1369 1959 eorum
1404 1902 1596 1975 capita
1628 1901 1803 1959 lictor
1830 1901 2047 1959 incide-

405 1997 517 2064 ret,
535 1991 877 2050 miraculum
895 1989 1126 2063 populis
1139 2005 1405 2062 magnum
1420 1990 2045 2064 apparuit.Nam‘unius

406 2079 676 2150 annulus,
692 2078 1065 2150 orariumque
1086 2078 1332 2136 alterius
1352 2080 1504 2137 nube
1525 2081 1889 2152 susceptum,
1906 2082 1962 2136 et
1988 2078 2045 2135 in

406 2167 590 2225 caelos
610 2171 880 2227 evectum
910 2170 1023 2225 est.
1053 2167 1277 2240 (Prud.,
1299 2167 1499 2240 hymn.
1520 2168 1598 2241 1.)
1615 2168 1897 2226 Viderunt
1920 2168 2046 2226 haec

406 2270 610 2313 omnes
635 2255 730 2328 qui
755 2256 1019 2327 aderant,
1044 2260 1101 2313 et
1130 2271 1433 2328 usquequo
1455 2256 1613 2315 acies
1634 2256 1941 2315 oculorum
1965 2257 2048 2314 in-

403 2342 649 2400 tendere
673 2343 883 2416 potuit,
910 2342 1195 2414 fulgorem
1220 2343 1365 2416 auri,
1393 2344 1824 2417 candoremque
1857 2344 2042 2417 lintei,

406 2430 660 2489 attonito
693 2430 1095 2503 sequebantur
1123 2430 1361 2489 intuitu.
1387 2431 1599 2491 Scribit
1622 2433 1747 2491 haec
1770 2432 2044 2491 Aurelius

407 2517 674 2577 Clemens
705 2517 761 2576 in
794 2518 1349 2578 libroCoronarum.

477 2607 642 2680 Apud
658 2610 979 2665 Caesaream
995 2607 1326 2681 Palestinze,
1344 2614 1680 2667 sanctorum
1702 2615 2041 2683 martyrum,

404 2695 606 2753 Marini
627 2696 848 2769 militis,
865 2700 923 2754 et
942 2696 1158 2755 Asterii
1177 2698 1486 2769 senatoris,
1505 2699 1616 2755 sub
1632 2700 2044 2771 persecutione

404 2784 728 2854 Valeriani;
761 2801 1008 2857 quorum
1042 2786 1222 2860 prior,
1258 2802 1389 2844 cum
1421 2792 1737 2845 accusatus
1770 2790 1979 2846 fuisset
2012 2806 2043 2848 a

403 2872 904 2932 commilitonibus
938 2875 1090 2946 quod
1125 2874 1489 2934 Christianus
1510 2881 1692 2948 esset,
1717 2882 1773 2935 et
1798 2878 2045 2936 interro-

400 2967 574 3034 gatus
606 2977 637 3020 a
664 2962 868 3021 Iudice
893 2962 1285 3021 Christianum
1309 2979 1372 3022 se
1394 2980 1528 3023 esse
1550 2966 1877 3025 clarissima
1898 2984 2044 3026 voce

400 3053 746 3121 testaretur,
771 3056 896 3108 tres
928 3052 1013 3108 illi
1043 3053 1201 3109 horai
1233 3052 1303 3108 ad
1337 3052 1778 3113 deliberandum
1800 3055 2043 3114 indultae

399 3138 819 3209 sunt.Cumque
834 3138 1273 3196 atribunalibus
1290 3140 1495 3197 fuisset
1511 3156 1849 3214 egressus,a
1867 3146 2039 3201 beato
2070 3146 2120 3208 C

397 3224 743 3298 Theotecno,
752 3226 1015 3297 ejusdem
1030 3227 1193 3284 urbis
1206 3228 1504 3301 episc0po,
1523 3228 1834 3301 plurimum
1854 3231 1907 3287 in
1929 3231 2042 3290 fide

397 3313 785 3386 confortatus,
802 3319 1081 3387 repetens
1100 3316 1377 3373 continuo
1397 3316 2043 3391 tribunaljudicis,con-

398 3399 785 3459 ﬁdentissime
807 3402 1110 3474 respondit
1148 3422 1160 3459 :
1199 3403 1444 3462 Obedz're
1463 3407 1692 3478 oportet
1705 3408 1825 3464 Deo
1844 3411 2043 3481 magis

393 3503 582 3563 quam
607 3489 946 3549 hominibus
972 3492 1140 3557 (Act.
1167 3497 1257 3561 ν).
1293 3492 1457 3550 Illico
1480 3496 1741 3567 martyrii
1765 3510 2040 3555 coronam

398 3576 611 3651 capitis
626 3578 987 3637 abscissione
1000 3581 1284 3654 suscepit.
1303 3582 1855 3657 Cumqueﬁpraefatus
1874 3588 2042 3644 Aste-

395 3665 521 3724 rius
542 3666 734 3741 capite
748 3672 1084 3727 truncatum
1104 3671 1380 3742 martyris
1394 3686 1610 3744 corpus
1630 3674 1915 3745 subjectis
1939 3675 2042 3733 hu-

394 3754 571 3814 meris
592 3761 651 3816 et
675 3757 978 3815 substrata
992 3762 1178 3831 veste,
1197 3775 1309 3831 qua
1323 3760 1695 3834 induebatur,
1713 3763 2035 3837 exciperet,

394 3843 669 3904 honorem
689 3861 858 3919 quem
872 3848 1113 3922 martyri
1134 3848 1652 3922 detulit,continuo
1671 3852 1797 3924 ipse
1818 3857 2040 3927 martyr

391 3937 641 4009 accepit.
676 3934 969 4010 Scriptum
1010 3938 1066 3995 in
1107 3938 1364 3996 Historia
1409 3939 1851 4014 Ecclesiastica,
1887 3941 2038 4000 libro

266 4027 281 4042 '
392 4024 645 4096 septimo
678 4028 838 4097 (cap.
874 4031 999 4093 44).

835 4120 897 4175 G.
942 4120 1013 4174 IV
1052 4119 1288 4175 NONAS
1325 4121 1585 4179 MART".

1051 4219 1117 4282 (Δ
1143 4216 1327 4276 Mart.
1339 4223 1371 4288 )

457 4315 486 4348 ι
506 4307 728 4367 Natalis
750 4309 937 4368 sancti
958 4311 1115 4369 Lucii
1138 4328 1303 4385 papae
1322 4317 1380 4371 et
1402 4316 1696 4391 martyris,
1716 4318 1812 4390 qui
1833 4332 2033 4392 perse-

388 4397 624 4455 cutione
645 4398 934 4456 Valeriani
957 4404 1015 4457 et
1039 4401 1278 4474 Galieni,
1296 4405 1370 4461 ob
1385 4403 1558 4462 fidem
1583 4408 1798 4465 Christi
1821 4410 2030 4469 exsilio

2157 1908 2288 1980 rini,
2322 1908 2418 1981 qui
2472 1923 2575 1982 per
2624 1908 2933 1965 triennium
2983 1924 3113 1966 cum
3166 1906 3503 1980 Claudiano,
3535 1913 3599 1966 et
3631 1911 3814 1967 Bassa

2156 2012 2341 2055 uxore
2361 1998 2506 2070 ejus,
2525 1997 2831 2055 tormentis
2854 1997 3071 2069 amicti,
3087 2002 3147 2054 et
3164 1997 3378 2055 retrusi
3401 1997 3457 2054 in
3478 2012 3814 2070 carcerem,

2158 2086 2370 2144 ibidem
2404 2086 2539 2144 vitae
2568 2101 2687 2144 suae
2717 2101 2951 2143 cnrsum
2984 2085 3393 2158 impleverunt.

2670 2185 2729 2240 C.
2771 2184 2983 2240 NONIS
3010 2184 3274 2241 MARTII.

2827 2283 2891 2355 (7
2917 2281 3140 2355 Maxrt.)

2228 2382 2288 2437 in
2338 2378 2699 2450 Mauritania,
2730 2379 2969 2436 civitate
3014 2378 3570 2452 Tuburbitanorum,
3609 2382 3817 2453 passio

2156 2474 2488 2528 sanctarum
2504 2470 2810 2541 Perpetua;
2827 2474 2887 2526 et
2908 2468 3226 2525 Felicitatis
3240 2474 3654 2542 martyrum,et
3667 2486 3816 2529 eum

2154 2559 2240 2617 eis
2276 2558 2575 2629 Revocati,
2616 2557 2870 2615 Saturini
2907 2562 2967 2615 et
3006 2557 3339 2642 Secunduli,
3374 2573 3624 2630 quorum
3672 2560 3820 2619 ulti-

2157 2663 2285 2705 mus
2310 2647 2384 2720 [in
2431 2661 2669 2703 carcere
2718 2646 2970 2717 quievit;
3002 2645 3212 2717 reliqui
3251 2661 3453 2705 omnes
3481 2647 3554 2704 ad
3586 2649 3820 2708 bestias

2161 2736 2385 2807 traditi,
2400 2737 2508 2793 sub
2530 2737 2744 2793 Severo
2770 2734 3051 2807 principe,
3068 2734 3162 2791 die
3181 2735 3391 2792 natalis
3413 2737 3561 2808 ejus.
3576 2737 3819 2810 Quique

2155 2826 2290 2883 dum
2324 2825 2513 2882 adhuc
2542 2830 2918 2882 servarentur
2947 2824 3004 2880 in
3026 2830 3361 2895 carcere,et
3383 2824 3656 2883 Felicitas
3678 2842 3821 2899 par-

2156 2915 2390 2985 turiret,
2407 2913 2661 2972 omnium
2683 2918 3019 2971 sanctorum
3043 2912 3501 2971 commilitonum
3529 2916 3820 2987 precibus

2154 3002 2530 3076 impetratum
2562 3007 2672 3074 est,
2704 3008 2769 3060 ut
2791 3008 3000 3060 octavo
3022 3017 3217 3059 mense
3238 3008 3489 3074 pareret.
3512 3005 3637 3060 Iam
3660 3020 3817 3063 vero

2154 3094 2461 3165 Perpetuaa
2493 3092 2646 3149 inter
2675 3091 2786 3148 alia
2827 3106 3166 3149 concessum
3212 3097 3322 3164 est,
3357 3098 3423 3150 ut
3466 3093 3594 3163 ejus
3642 3109 3820 3153 mens

2157 3179 2587 3253 quodammodo
2620 3184 2989 3238 averteretur
3020 3194 3049 3236 a
3080 3196 3350 3253 corpore,
3379 3181 3434 3238 in
3466 3197 3582 3253 quo
3607 3198 3818 3241 vaccae

2158 3269 2439 3341 impetum
2474 3268 2736 3342 pertulit,
2769 3269 2849 3326 ita
2883 3274 2947 3326 ut
2985 3269 3175 3326 adhuc
3209 3270 3467 3327 futurum
3498 3276 3788 3345 exspecta

2153 3362 2262 3427 ret,
2300 3358 2456 3429 quod
2489 3357 2545 3415 in
2577 3372 2638 3415 se
2663 3358 2779 3429 jam
2810 3363 3038 3428 gestum
3079 3372 3207 3416 esse
3237 3358 3514 3416 nesciret-

2614 3458 2674 3513 D.
2718 3456 2840 3511 VIII
2874 3457 3032 3513 IDUS
3070 3457 3332 3514 MARTII.

2809 3554 2875 3626 (8
2901 3553 3127 3626 Mart.)

2220 3661 2247 3692 ο
2285 3651 2451 3725 Apud
2483 3651 2909 3722 Carthaginem,
2936 3651 3123 3708 sancti
3146 3650 3356 3722 Pontii,
3384 3650 3614 3709 diaconi
3641 3653 3797 3711 beati

2151 3741 2418 3815 Cypriani
2446 3740 2727 3813 episcopi,
2756 3739 2852 3811 qui
2874 3754 3056 3811 usque
3079 3740 3150 3796 ad
3173 3740 3324 3796 diem
3359 3740 3646 3812 passionis
3672 3741 3800 3813 ejus

2148 3846 2281 3888 cum
2314 3830 2440 3903 ipso
2463 3829 2730 3887 exsilium
2753 3826 3066 3900 sustinens,
3088 3829 3387 3900 egregium
3410 3829 3687 3888 volumen
3709 3831 3801 3888 Vi-

2151 3924 2225 3977 tae
2254 3925 2316 3977 et
2346 3919 2634 3992 passionis
2665 3918 2848 3991 ipsius
2880 3917 3136 3990 reliquit,
3172 3922 3348 3989 atque
3392 3918 3699 3976 Dominum
3741 3919 3797 3977 in

2148 4008 2517 4080 passionibus
2548 4008 2669 4065 suis
2698 4021 2929 4079 semper
2955 4006 3314 4077 gloriﬁcans.
3346 4022 3623 4066 coronam
3659 4007 3795 4069 vitae

2148 4096 2491 4169 promeruit.

2606 4193 2669 4251 E.
2710 4192 2807 4249 VII
2855 4192 3014 4248 IDUS
3055 4193 3316 4251 MARTII.

2843 4296 2874 4345 9
2902 4288 3087 4348 Mel/rt.

2843 4296 2874 4345 9
2902 4288 3087 4348 Mel/rt.

2210 4384 2240 4426 ἀ
2280 4385 2446 4459 Apud
2477 4385 2788 4457 Nyssenam
2810 4288 3140 4461 (civitatem),
3169 4389 3355 4448 sancti
3376 4388 3643 4460 Gregorii
3665 4390 3792 4463 epi-

388 4485 685 4558 relegatus
715 4492 774 4546 et
812 4489 1183 4562 postmodum
1211 4492 1405 4550 divino
1434 4498 1581 4552 nutu
1612 4496 1685 4552 ad
1714 4500 2025 4558 ecclesiam
2059 4504 2107 4567 C
2140 4474 2323 4567 ⁸90Ρῆ
2361 4475 2559 4567 ῖιᾟινίε
2594 4477 2747 4567 beati
2783 4477 2978 4567 Basilii
3014 4478 3389 4567 Caesareenis,
3423 4477 3533 4536 viri
3569 4478 3793 4537 doetis-

388 4590 553 4634 suam
584 4576 777 4635 redire
801 4578 1144 4652 permissus,
1172 4581 1510 4653 martyrium
1543 4585 1756 4657 capitis
1786 4588 2029 4647 obtrun-

386 4665 616 4723 catione
645 4667 978 4739 complevit.
1004 4668 1240 4727 Positus
1272 4675 1363 4727 est
1397 4676 1589 4729 autem
1622 4673 1713 4731 via
1746 4677 1928 4747 Appia
1953 4678 2024 4735 ad

386 4758 655 4813 sanctum
678 4755 921 4813 Sixtum.
947 4756 1049 4814 Hic
1071 4759 1351 4831 praecepit
1382 4764 1443 4816 ut
1469 4760 1584 4818 duo
1607 4764 1939 4834 presbyteri
1963 4771 2021 4822 et

384 4846 510 4901 tres
533 4844 827 4904 diaconiin
849 4845 1001 4902 omni
1020 4845 1149 4903 loco
1160 4847 1498 4921 episcopum
1518 4864 1631 4907 non
1653 4850 2018 4927 desererent,

384 4937 629 5006 propter
663 4933 1061 4992 testimonium
1088 4935 1580 4996 ecclesiasticum.
1615 4939 1775 4996 Sedit
1823 4946 2019 5001 autem

382 5015 438 5073 in
468 5023 815 5097 episcopatu
846 5037 1025 5081 annos
1054 5027 1197 5095 tres,
1232 5038 1465 5083 menses
1505 5031 1681 5098 atque
1714 5028 1841 5087 dies
1867 5034 2014 5090 tres.

450 5106 592 5164 Item
623 5112 820 5171 Roma
848 5111 940 5171 via
970 5112 1174 5186 Appia,
1202 5118 1539 5175 sanctorum
1570 5121 1889 5190 martyrum
1919 5135 2019 5178 no-

377 5191 786 5265 ningentorum
817 5203 915 5277 qui
947 5202 1122 5281 positi
1153 5207 1290 5261 sunt
1324 5203 1381 5261 in
1412 5207 1751 5266 coemeterio
1780 5208 1854 5267 ad
1885 5224 2017 5270 san-

376 5286 530 5344 ctam
561 5285 872 5353 Caeciliam.

443 5446 473 5515 ξι
508 5437 870 5515 ξοηιίῆραιθ,
892 5457 954 5515 _c.
988 5449 1075 5506 23.

440 5506 470 5593 ξ
505 5509 675 5593 greg.
705 5506 945 5593 "Tunde
970 5516 1186 5593 _Glgria,
1219 5516 1384 5580 Mart.
1420 5536 1472 5580 c.
1505 5522 1593 5583 99.

442 5585 468 5621 ο
505 5582 658 5641 Hier.
695 5582 765 5640 de
796 5583 1007 5659 Script.
1043 5588 1221 5662 Eccl.,
1256 5608 1306 5650 e.
1351 5597 1436 5652 68.

2122 4564 2264 4622 simi
2294 4567 2352 4620 et
2384 4563 2717 4636 eloquentia
2749 4564 3075 4623 clarissimi.

2206 4654 2374 4726 Apud
2405 4653 2806 4726 Barcinonam,
2840 4655 3028 4712 sancti
3060 4654 3295 4711 Paciani
3346 4654 3629 4728 episcopi,
3666 4661 3791 4713 tam

2132 4741 2252 4798 vita
2275 4756 2445 4814 quam
2468 4755 2734 4799 sermone
2755 4742 2921 4814 clari,
2939 4743 3035 4814 qui
3062 4743 3279 4817 Optima
3303 4748 3612 4803 senectute
3637 4759 3794 4803 mor-

2133 4835 2272 4889 tuus
2300 4834 2411 4901 est,
2445 4828 2749 4888 Theodosii
2784 4831 3066 4904 principis
3096 4837 3357 4906 tempore
3389 4833 3445 4892 in
3479 4847 3645 4907 pace.

2616 4930 2674 4986 F.
2717 4929 2788 4987 VI
2826 4931 2987 4987 IDUS
3024 4930 3285 4989 MARTII.

2768 5026 2867 5099 (40
2904 5025 3137 5100 Mart.)

2197 5127 2224 5162 θ
2261 5120 2481 5181 Natalis
2510 5126 2845 5182 sanctorum
2878 5128 3195 5195 martyrum
3221 5123 3535 5183 Alexandri
3564 5130 3626 5183 et
3660 5126 3788 5184 Caii

2127 5212 2198 5271 de
2217 5212 2510 5285 Eumenia,
2527 5212 2626 5285 qui
2649 5213 2804 5286 apud
2825 5213 3147 5285 Apamiam,
3171 5215 3580 5288 persecutione
3610 5217 3793 5274 Anto-

2123 5300 2244 5360 uini
2257 5300 2698 5374 Veri,martyrio
2711 5301 2977 5360 coronati
2990 5301 3787 5379 sunt.ScribitAppollinaris

2193 5450 2225 5492 ά
2260 5450 2707 5525 Ηὶθνᾳηκειιρτθ
2739 5467 2792 5511 c.
2826 5457 2949 5514 128.

2192 5529 2218 5561 θ
2258 5522 2465 5581 Euseb.
2500 5524 2543 5583 Ι.
2576 5522 2629 5596 γ’,
2665 5539 2716 5582 c.
2753 5529 2839 5583 15.
