4004 6168
242 346 343 399 237

954 340 1557 399 MARTYROLOGIL‘M
1597 342 1739 400 CUM
1778 341 2305 399 ADDITAMENTIS.
2346 372 2418 383 —
2463 342 2665 399 MENS.
2709 342 2922 402 MART.

3538 348 3645 406 238

252 463 745 537 Hieropolytanus
777 465 1111 540 episcopus,
1138 467 1193 524 in
1216 467 1367 525 libro
1388 469 1699 526 adversum
1731 469 1894 525 Cata-
1922 469 1979 530 A
2009 483 2142 525 num
2167 466 2431 524 inclinari
2456 466 2504 523 si
2526 466 2771 537 viveret,
2796 465 3155 524 tollenseum
3170 480 3347 540 super
3366 464 3643 542 humeros

289 556 522 612 hrvgas.

291 571 522 627 nrygas.

252 572 284 629 Ρ
314 645 373 700 In
409 645 675 715 Perside,
711 646 926 703 natalis
949 651 1283 705 sanctorum
1308 652 1627 721 martyrum
1649 662 1889 706 numero

257 734 640 805 quadraginta
666 735 929 793 duorum.

741 851 803 906 G.
846 851 892 906 V
932 852 1091 908 IDUS
1129 853 1387 910 MART".

909 950 994 1014 (Η
1024 948 1236 1018 Mart.)

311 1070 339 1099 ι
370 1060 538 1133 Apud
573 1062 855 1119 Sebasten
888 1064 1174 1121 Armeniae
1207 1064 1465 1135 minoris,
1502 1064 1715 1121 natalis
1746 1080 1887 1137 qua-

253 1149 511 1221 draginta
528 1149 798 1222 militum,
815 1157 1077 1224 tempore
1092 1154 1289 1209 Licinii
1304 1154 1480 1225 regis,
1500 1155 1611 1211 sub
1628 1154 1885 1226 prazside

255 1237 567 1309 Agricolae.
603 1238 711 1305 Qui
744 1245 875 1312 post
915 1241 1145 1298 vincula
1186 1245 1244 1298 et
1286 1257 1558 1300 carceres
1594 1243 1890 1300 creberri-

256 1342 387 1398 mos,
413 1331 545 1399 post
569 1342 758 1384 caesas
780 1328 1075 1401 lapidibus
1100 1330 1299 1402 facies,
1336 1332 1500 1388 missi
1526 1336 1662 1389 sunt
1689 1332 1743 1388 in
1770 1336 1888 1389 sta-

255 1430 414 1486 gnum
430 1416 672 1488 ubigelu
687 1419 1005 1475 constricta
1017 1435 1261 1492 corpora
1275 1436 1474 1478 eorum
1490 1427 1660 1478 nocte
1674 1420 1889 1478 dirum-

261 1505 552 1577 pebantur.
572 1507 732 1563 Unus
751 1511 943 1563 autem
960 1508 1029 1564 de
1045 1524 1283 1566 numero
1298 1510 1702 1583 quadraginta,
1720 1510 1888 1567 eﬂ'ec-

260 1597 344 1650 tus
358 1593 984 1668 pusillanimis,refugit
1001 1598 1071 1654 ad
1086 1597 1377 1666 balneum;
1391 1604 1448 1656 et
1467 1615 1594 1656 mox
1612 1603 1672 1656 ut
1688 1599 1883 1669 attigit

262 1682 513 1755 calorem,
549 1685 752 1741 statim
784 1686 1084 1743 resolutus
1117 1687 1371 1743 reddidit
1396 1688 1689 1760 spiritum.
1718 1688 1881 1754 Quod

2000 572 2139 614 suos
2153 556 2529 628 viriligressu
2556 556 2918 628 sequebatur
2941 554 3225 613 vehicula.
3254 557 3509 629 Cumque
3533 558 3645 616 fer-

1999 650 2165 702 retur
2195 660 2359 718 puer,
2395 646 2549 701 inter
2580 644 2883 717 amplexus
2906 648 3203 701 maternos
3225 643 3469 701 animam
3491 647 3643 705 calo

1999 734 2275 791 reddidit.
2301 734 2774 805 Perveniensque
2790 733 2998 791 mulier
3012 732 3084 790 ad
3099 732 3286 790 locum
3302 732 3399 793 ubi
3414 739 3644 793 sancto-

1999 837 2125 880 rum
2157 838 2403 895 corpora
2433 823 2870 893 cremabantur,
2916 821 3234 895 superjecit
3278 835 3414 879 ossa
3454 820 3642 894 ipsius

1999 927 2180 985 super
2209 927 2344 969 ossa
2379 915 2717 983 martyrum,
2746 916 2809 968 ut
2843 915 3029 967 morte
3050 911 3226 968 etiam
3247 914 3307 968 et
3335 910 3643 984 sepultura

1998 1000 2356 1072 martyribus
2371 1000 3039 1057 sociaretur.Combusta
3053 1003 3189 1056 sunt
3205 999 3642 1073 igiturcorpora

1998 1104 2219 1160 eorum,
2254 1094 2311 1146 et
2337 1089 2393 1145 in
2417 1088 2653 1147 ﬂuvium
2682 1089 2962 1161 projecta.
2989 1086 3100 1144 Sed
3123 1087 3317 1145 divina
3340 1087 3643 1161 dispensa-

1998 1178 2159 1234 tione
2192 1177 2456 1250 reliquiae
2486 1193 2686 1235 eorum
2719 1177 2963 1249 integrae
2995 1180 3131 1236 sunt
3162 1180 3437 1252 repertae,
3462 1181 3521 1236 et
3545 1177 3645 1237 ho-

2000 1281 2140 1324 nore
2174 1266 2348 1338 digno
2389 1266 2640 1324 conditae
2662 1284 2677 1333 ;

2487 1364 2551 1419 A.
2587 1362 2657 1419 IV
2686 1362 2847 1418 IDUS
2877 1362 3140 1420 MART".

2659 1464 2751 1527 (42
2777 1460 2991 1529 Ala/rt.)

2068 1585 2093 1615 ο
2122 1578 2335 1647 Romae,
2356 1577 2657 1633 beatorum
2682 1575 3042 1648 pontificum,
3071 1574 3352 1649 Gregorii,
3378 1574 3642 1634 doctoris

1996 1668 2054 1721 et
2078 1665 2329 1737 apostoli
2355 1665 2689 1736 Anglorum,
2718 1664 2814 1736 qui
2840 1663 2992 1721 sedit
3019 1663 3097 1721 ibi
3121 1677 3303 1722 annos
3332 1664 3639 1740 tredecim,

261 1753 507 1830 videntes
535 1775 757 1846 caeteri,
785 1775 839 1831 in
864 1775 1068 1833 laudes
1091 1753 1507 1848 omnipotentis
1530 1777 1650 1847 Dei,
1679 1753 1883 1833 sancto
1913 1832 1962 1848 ἢ
1996 1768 2244 1848 ωεῗηξβδ-
2262 1769 2386 1825 δθκν
2420 1754 2546 1848 die?
2578 1753 2800 1848 (1⁸09³³⁸

263 1832 1416 1937 Spirituconfortati,eruperunt.Etcirca
1431 1832 1880 1922 horam’tertiam
1912 1832 1964 1909 Β
2011 1931 2025 1937 _
2062 1843 2189 1937 “Et
2223 1842 2561 1937 Innocentii,
2600 1842 2880 1937 (ιιιὶηι-θκῑι
2915 1840 3447 1937 Εοοιθβὶθξηιθιι-ιιοε
3477 1842 3643 1916 quin-

263 1953 813 2025 noctisresplenduit
828 1954 986 2010 velut
1004 1954 1090 2011 sol
1114 1954 1305 2011 lumen
1332 1956 1564 2011 fervens
1588 1971 1765 2028 super
1780 1970 1881 2012 eos

261 2046 310 2098 et
329 2043 539 2112 glacies
562 2044 851 2101 dissoluta
874 2049 986 2101 est.
1012 2046 1194 2101 Porro
1218 2046 1431 2117 quieos
1444 2046 1877 2115 custodiebant,

263 2146 444 2187 somno
456 2134 873 2204 gravabantur,
889 2133 1302 2198 clavicularius
1318 2138 1545 2191 tnntum
1563 2134 1725 2190 solus
1740 2134 1883 2203 vigi-

262 2218 423 2277 labat.
458 2221 563 2287 Qui
598 2222 841 2279 audiens
872 2237 974 2279 eos
1005 2228 1264 2295 orantes,
1298 2224 1622 2295 vidensque
1654 2226 1881 2279 tantum

260 2306 447 2379 lucem,
483 2314 660 2381 atque
690 2310 932 2381 glaciem
967 2312 1238 2383 solutam,
1267 2313 1589 2385 respiciens
1614 2312 1766 2369 unde
1792 2326 1882 2367 or-

257 2401 366 2453 tum
399 2398 493 2453 lux
524 2399 651 2471 ipsa
684 2399 946 2472 haberet,
981 2400 1124 2457 vidit
1159 2417 1337 2474 super
1368 2404 1603 2458 sanctos
1634 2415 1880 2457 coronas

259 2485 668 2544 descendentes
693 2504 933 2546 numero
955 2489 1194 2560 triginta
1220 2506 1442 2547 novem.
1463 2490 1766 2562 Coepitque
1788 2490 1887 2546 co-'

253 2576 426 2645 gitare
442 2592 657 2648 secum,
676 2578 911 2635 dicens:
940 2578 1334 2650 Quadraginta
1360 2585 1515 2651 sunt,
1534 2580 1705 2637 unius
1721 2594 1883 2637 coro-

254 2678 319 2719 na
334 2665 525 2723 uhiest
548 2668 571 2721 ?
593 2669 1081 2740 Expergefaeiens
1098 2668 1294 2740 itaque
1319 2669 1577 2739 reliquos
1598 2670 1880 2727 custodes

254 2754 483 2823 projecit
506 2757 857 2813 vestimenta
882 2772 985 2813 sua
1012 2757 1067 2813 in
1094 2757 1272 2814 facies
1295 2773 1513 2825 eorum,
1540 2762 1596 2813 et
1621 2758 1878 2815 exsilivit

255 2841 311 2895 in
346 2847 617 2917 stagnum,
643 2847 902 2902 c'amans
933 2852 991 2902 et
1035 2846 1274 2903 dicens:
1322 2847 1690 2904 Christianus
1730 2862 1876 2918 sum,

253 2930 604 2991 Christianus
638 2951 786 2992 sum.
823 2937 983 2992 Mane
1015 2940 1208 2993 autem
1243 2937 1396 2992 facto
1428 2936 1754 3007 impiissimi
1795 2941 1881 3008 ty-

252 3021 408 3076 ranni
424 3023 710 3079 satellites
726 3024 1071 3081 invenerunt
1087 3024 1527 3082 clavicularium
1545 3024 1732 3097 ipsum
1748 3041 1880 3082 con-

250 3117 600 3169 numeratum
626 3114 1003 3185 martyribus,
1030 3115 1183 3172 unde
1207 3129 1357 3172 unus
1381 3114 1695 3171 ceciderat.
1716 3116 1880 3172 Cum-

1993 1931 2179 1989 decim
2212 1946 2443 1988 menses
2476 1932 2642 2002 duos,
2679 1931 2807 1988 dies
2839 1946 3015 1988 unum
3048 1935 3107 1987 et
3140 1930 3367 2002 viginti.

2062 2029 2086 2058 °
2118 2022 2285 2093 Apud
2334 2020 2742 2091 Nicomediam,
2789 2019 2944 2076 beati
2990 2019 3150 2075 Petri
3197 2019 3491 2092 martyris,
3540 2019 3637 2091 qui

1992 2125 2143 2166 unus
2177 2110 2281 2166 fuit
2315 2125 2387 2165 ex
2408 2109 2682 2165 Dorotbei
2705 2112 2761 2165 et
2788 2108 3058 2178 Gorgonii
3083 2111 3402 2178 martyrum
3427 2107 3639 2165 sodali-

1993 2199 2122 2269 bus,
2141 2198 2237 2269 qui
2262 2199 2317 2254 in
2338 2197 2609 2255 cubiculo
2631 2197 2790 2268 regis
2813 2201 3001 2254 erant.
3028 2195 3130 2254 Hic
3150 2196 3397 2269 jubente
3419 2196 3641 2255 Diocle-

1989 2287 2168 2358 tiano,
2203 2303 2272 2344 eo
2303 2287 2457 2358 quod
2483 2287 2553 2343 de
2574 2286 2874 2343 immensis
2898 2286 3173 2357 martyris
3197 2285 3386 2343 sancti
3410 2285 3640 2343 nomine

1992 2376 2300 2448 suppliciis
2324 2375 2570 2433 liberius
2593 2379 2961 2447 causaretur,
2989 2375 3043 2431 in
3069 2374 3320 2431 medium
3344 2374 3637 2448 educitur,

1992 2469 2168 2536 atque
2201 2465 2501 2521 immolare
2545 2462 2938 2537 compellitur.
2984 2464 3281 2536 Abnuens,
3317 2461 3641 2536 imperatur

1992 2553 2242 2625 appendi
2275 2558 2332 2609 et
2368 2553 2566 2625 ﬂagris
2591 2556 2716 2609 toto
2739 2567 2986 2624 corpore
3008 2550 3248 2610 laniari:
3272 2551 3551 2610 videlicet
3574 2555 3637 2611 ut

1992 2642 2212 2699 doloris
2227 2643 2584 2700 necessitate
2600 2643 2838 2715 faceret,
2857 2642 3009 2714 quod
3025 2641 3480 2714 praecipiebatur
3498 2641 3641 2700 invi-

1990 2735 2110 2788 tus.
2148 2734 2218 2787 At
2253 2730 2350 2787 ille
2380 2747 2511 2788 cum
2533 2730 3146 2801 maneretimmobilis,
3168 2730 3501 2789 visceribus
3520 2730 3638 2802 jam

1991 2812 2415 2892 pellenudatis,
2428 2821 2672 2891 jubetur
2686 2824 2852 2877 aceto
2865 2824 2920 2877 et
2938 2819 3063 2876 sale
3079 2819 3637 2893 perfundi.Cumque

1989 2908 2163 2964 etiam
2184 2907 2241 2964 id
2263 2909 2540 2965 tormenti
2562 2923 2750 2979 genus
2771 2912 3116 2965 constanter
3138 2922 3206 2965 ac
3229 2909 3465 2964 fortiter
3488 2908 3637 2965 tole-

1989 3003 2203 3068 rasset,
2238 2997 2523 3054 craticula
2558 2997 2763 3069 prunis
2794 2994 3195 3055 subter'strata
3227 2996 3360 3069 poni
3388 2996 3637 3069 jubetur

1989 3084 2044 3142 in
2070 3086 2278 3158 medio,
2298 3086 2496 3158 ibique
2517 3086 2671 3158 quod
2694 3086 2983 3158 reliquum
2999 3087 3188 3143 fuerat
3209 3085 3265 3141 in
3284 3085 3635 3144 verberibus

250 3220 353 3277 que
374 3224 507 3265 vere
530 3209 761 3265 fidelem
784 3225 915 3267 eum
935 3174 1385 3282 comperissent,
1413 3210 1647 3266 eosdem
1676 3226 1876 3267 omnes
1910 3193 1959 3257 Ο
1989 3175 2279 3282 ἒδεζυωρίί
2311 3176 2579 3282 corpori?
2611 3176 2963 3282 ,s.uperp°r_li;
3002 3178 3214 3282 €313,011
3248 3174 3631 3282 @891)“,me

245 3300 459 3354 tractos
481 3298 552 3354 ad
575 3299 763 3369 littus,
782 3299 1005 3356 baculis
1029 3315 1201 3356 crura
1216 3315 1415 3356 eorum
1438 3299 1872 3372 confregerunt,

240 3390 408 3455 atque
440 3387 518 3443 ita
550 3388 900 3458 crurifragio
933 3389 1270 3459 martyrium
1301 3394 1871 3446 consummaverunt.

304 3476 539 3531 Nomina
572 3491 714 3532 vero
747 3477 949 3533 horum
983 3484 1301 3549 martyrum
1334 3477 1457 3534 bmc
1491 3483 1623 3535 sunt
1653 3499 1664 3533 :
1691 3479 1877 3534 Domi-

236 3560 442 3633 tianus,
478 3565 791 3635 Eunoieus,
829 3565 1136 3638 Sisinnius,
1174 3566 1495 3637 llcraclius,
1524 3566 1871 3639 Alexander,

233 3652 498 3724 Joannes,
535 3653 834 3725 Claudius,
862 3655 1234 3726 Athanasius,
1260 3655 1492 3726 Valens,
1520 3656 1740 3727 Helian,
1769 3657 1875 3712 Me-

236 3738 392 3813 liten,
428 3743 753 3813 Ilecditius,
791 3744 1088 3816 Achatius,
1125 3746 1425 3817 Vibianus,
1453 3746 1672 3816 Helius,
1699 3747 1875 3803 Theo-

234 3829 420 3903 dulus,
448 3830 723 3903 Cyrillus,
752 3832 1000 3904 Flavius,
1038 3833 1407 3904 Severianus,
1446 3835 1673 3905 Cyrion,
1709 3835 1874 3891 Vale-

234 3918 371 3992 rius,
405 3921 690 3992 Chudion,
725 3921 1035 3993 Sacerdon,
1061 3921 1320 3992 Priscus,
1349 3922 1690 3993 Eutychius,
1719 3923 1873 3980 Sma-

237 4010 465 4081 ragdus,
482 4010 886 4081 Pbiloctimon,
906 4010 1129 4081 Aetius,
1156 4009 1460 4081 Micallius,
1488 4010 1866 4084 Lisimacbus,

240 4096 498 4171 Domnus,
532 4098 903 4172 Theophilus,
948 4100 1286 4172 Euthycius,
1320 4100 1584 4172 Xantius,
1630 4100 1867 4173 Aggius,

242 4186 520 4260 Leontius,
538 4188 761 4260 Ysitus,
790 4188 980 4260 Caius,
1009 4190 1353 4262 Gorgonius,
1382 4189 1695 4247 Candidus.
1723 4190 1872 4256 Quo-

246 4291 355 4332 rum
368 4293 516 4335 unus
530 4277 762 4335 Meliton
780 4278 1005 4333 nomine
1018 4294 1149 4336 cum
1164 4282 1323 4335 esset
1339 4279 1590 4335 omnium
1606 4278 1872 4348 aetateju-

250 4364 373 4437 nior,
396 4371 450 4423 et
466 4367 962 4425 cruribusfractis
987 4367 1176 4423 adhuc
1200 4364 1628 4440 superviveret,
1654 4367 1867 4424 timens

253 4452 563 4514 beatissima
579 4460 767 4513 mater
779 4457 926 4528 ejus,
954 4472 1082 4528 quae
1105 4456 1461 4528 martyribus
1486 4456 1780 4528 adstabat,
1798 4471 1868 4513 ne

255 4541 656 4604 incruciatibus
670 4546 1129 4618 deficeret,virili
1144 4545 1333 4604 animo
1347 4545 1695 4602 hortabatur
1708 4560 1859 4617 eum,
1893 4556 1947 4617 1)

258 4630 454 4694 dicens:
480 4637 630 4708 Filii,
649 4636 933 4693 modicum
958 4635 1218 4704 sustine;
1243 4649 1379 4691 ecce
1405 4634 1676 4690 Christus
1699 4634 1770 4690 ad
1787 4633 1872 4704 ja-

257 4738 395 4783 nuam
418 4732 533 4784 stat
550 4726 835 4798 adjuvans
851 4731 927 4782 te.
952 4725 1597 4798 Cumquebsanctorum
1623 4737 1869 4796 corpora

259 4811 452 4889 birotis,
486 4817 545 4872 id
577 4820 668 4872 est
703 4816 1008 4888 plaustris,
1046 4814 1421 4888 superposita
1448 4815 1668 4871 ferrent
1694 4812 1765 4870 ad
1788 4813 1869 4870 in-

258 4906 586 4965 cendendum
611 4905 863 4962 ministri
879 4904 1116 4977 diaboli,
1139 4904 1346 4961 videns
1361 4905 1452 4977 pia
1480 4906 1665 4960 mater
1680 4902 1866 4960 solum

260 4989 405 5051 tilium
433 4996 729 5067 relictum,
766 5010 933 5067 quem
968 4993 1220 5050 ministri
1255 4993 1323 5049 ad
1348 4994 1457 5050 hoc
1481 4992 1862 5066 reliquerant,

261 5082 363 5150 quia
390 5088 705 5158 sperabant
738 5084 866 5156 ejus
897 5082 1151 5142 animum
1183 5096 1358 5156 posse
1381 5082 1635 5141 culturis
1658 5082 1868 5141 daemo—

310 5241 333 5271 ⁸
358 5233 524 5293 Basil.
558 5234 755 5291 homil.
789 5241 876 5293 20.

310 5302 332 5341 δ
347 5278 965 5381 ἓᾶἷιὲὥῖὄηῖἕοῆὸνᾳ
987 5305 1311 5381 ὒίφρζίελὶἀ
1327 5305 1745 5381 εειριαιιερτίς,
1768 5319 1866 5365 .m-

256 5379 536 5450 mosita.
573 5376 898 5448 EXplicatio
926 5379 1049 5435 haec
1082 5376 1585 5450 birota/mquuaa
1616 5376 1864 5447 Vulgato

265 5441 446 5531 deerat,
472 5450 551 5505 ita
583 5441 713 5531 erat
747 5450 804 5531 i_n
839 5441 1511 5531 ιιιεδηβίγοιᾳλνθιιὶᾀιιβ
1534 5441 1865 5531 εθιιιιεξιιο-

265 5526 362 5573 men
389 5534 550 5576 suum
582 5535 613 5577 a
646 5521 877 5579 duabus
909 5522 1056 5578 rotis
1088 5521 1355 5579 sortitur.
1392 5523 1544 5578 Infra
1575 5521 1749 5577 etiam
1771 5534 1863 5577 oc-

263 5589 410 5665 qlrrit
430 5606 528 5648 xm
546 5592 723 5665 Junii,
749 5593 849 5665 ubi
872 5608 982 5651 non
1005 5593 1221 5665 birota,
1247 5592 1584 5665 sedibimotis
1614 5592 1858 5649 dicitur:

261 5634 1858 5740 mazaaammwzazzemiw

1988 3266 2093 3323 sed
2143 3281 2379 3324 sensum
2433 3266 2828 3339 paulatimque
2879 3265 3188 3334 succendi;
3241 3279 3354 3337 quo
3406 3265 3633 3324 scilicet

1986 3369 2153 3426 poena
2211 3355 2610 3427 protelaretur
2658 3355 2715 3411 in
2766 3354 3020 3426 longum.
3074 3355 3329 3426 Cumque
3379 3354 3634 3412 ministri

1987 3444 2300 3517 scelerum,
2327 3446 2460 3503 hinc
2484 3445 2653 3502 modo
2673 3459 2909 3517 corpus,
2936 3444 3107 3502 modo
3137 3444 3270 3501 inde
3299 3449 3630 3519 versantes,

1986 3549 2091 3605 per
2124 3535 2379 3591 membra
2412 3533 2640 3605 singula
2665 3548 2866 3606 pcenas
2892 3532 3237 3605 inciperent,
3262 3537 3319 3590 et
3343 3532 3630 3607 supplicia

1984 3628 2355 3693 renovarent,
2392 3626 2702 3695 sperantes
2726 3624 2797 3679 ab
2821 3636 2890 3679 eo
2913 3621 3130 3679 elicere
3177 3636 3242 3678 se
3282 3636 3459 3694 posse
3497 3638 3633 3680 con-

1983 3724 2242 3781 sensum,
2269 3711 2367 3767 ille
2391 3712 2593 3768 firmus
2616 3711 2670 3766 in
2697 3710 2828 3781 fide,
2854 3713 2912 3767 et
2938 3710 3106 3781 quasi
3146 3710 3201 3766 in
3227 3724 3331 3782 spe
3363 3724 3633 3769 consum-

1983 3799 2100 3872 ptis
2136 3799 2253 3870 jam
2295 3804 2352 3856 et
2398 3800 2528 3871 igne
2560 3799 2841 3856 resolutis
2871 3799 3149 3856 carnibus
3181 3798 3326 3870 suis,
3362 3797 3628 3858 ultimum

1981 3888 2254 3960 spiritum
2278 3888 2336 3944 in
2358 3888 2471 3945 fide
2495 3887 2668 3946 laetus
2690 3886 2945 3945 exhalat.
2969 3887 3088 3945 Tali
3102 3889 3316 3945 Petrus
3331 3888 3627 3960 (hocenim

1979 3980 2037 4032 et
2054 3992 2260 4034 nomen
2281 3977 2433 4048 ejus)
2449 3976 2726 4048 martyrio
2748 3975 3084 4049 decoratus,
3101 3990 3241 4035 vere
3264 3975 3424 4035 Petri
3446 3977 3628 4036 exsti-

1978 4064 2051 4121 tit
2083 4068 2142 4122 et
2174 4065 2310 4122 fidei
2342 4066 2533 4123 haeres
2563 4068 2622 4122 et
2654 4064 2923 4123 nominis.

2050 4156 2194 4211 Item
2224 4154 2597 4225 Nicomediae,
2620 4154 2833 4212 natalis
2849 4158 3188 4213 sanctorum
3220 4154 3444 4227 Egduni
3466 4170 3627 4229 pres-

1980 4243 2170 4316 byteri
2200 4247 2258 4300 et
2287 4243 2533 4300 aliorum
2562 4246 2807 4316 septem,
2833 4243 2932 4315 qui
2964 4243 3171 4301 diebus
3192 4244 3627 4316 singulissuﬁ‘o—

1977 4331 2092 4389 cati
2122 4335 2259 4389 sunt
2282 4336 2346 4389 ut
2371 4332 2605 4389 caeteris
2636 4336 2827 4389 metus
2854 4330 3240 4389 incuteretur.

2048 4419 2263 4477 Eodem
2310 4420 2424 4492 die,
2460 4420 2658 4493 passio
2698 4418 2886 4478 sancti
2923 4418 3295 4478 Maximiliani
3326 4420 3622 4493 martyris.

2479 4537 2540 4594 B.
2575 4536 2647 4593 Ill
2679 4537 2839 4593 IDUS
2869 4536 3129 4593 MART".

2639 4632 2732 4705 (45
2756 4632 2969 4705 Mart.)

2053 4728 2220 4802 Apud
2245 4728 2660 4802 Nicomediam,
2689 4728 2900 4787 natalis
2924 4732 3261 4789 sanctorum
3282 4729 3626 4789 Macedonii-

1979 4818 2333 4893 presbyteri,
2352 4821 2409 4875 et
2425 4817 2686 4876 Patritiaa
2701 4818 2900 4876 uxoris
2914 4819 3061 4891 ejus,
3079 4823 3140 4876 et
3164 4818 3296 4876 ﬁliae
3327 4818 3622 4877 Modesta.

2050 4907 2221 4963 Nicea
2243 4906 2506 4978 civitate,
2534 4911 2868 4966 sanctorum
2902 4912 3218 4979 martyrum
3237 4906 3541 4964 Theusetaa
3562 4908 3621 4963 et
3718 4936 3729 4941 -

1976 4994 2179 5051 Horris
2223 4994 2326 5051 filii
2365 4996 2515 5069 ejus,
2568 4996 2901 5070 Theodorae,
2944 4996 3377 5071 Nymphodotae,
3423 4994 3621 5053 Marci‘

1976 5083 2225 5157 Arabia,
2262 5084 2362 5157 qui
2394 5100 2596 5144 omnes
2630 5086 2746 5158 igni
2777 5084 2983 5143 traditi
3014 5089 3171 5144 sunt.

1974 5233 2187 5290 Mentio
2208 5231 2337 5304 ejus
2360 5233 2416 5291 in
2443 5234 2581 5293 Cod.
2605 5235 2818 5293 Theod.
2851 5234 2923 5293 de
2945 5233 3117 5291 στω.
3130 5229 3300 5304 publ.
3316 5249 3338 5289 :
3361 5233 3618 5294 «Statui-

1974 5320 2124 5384 mus:
2156 5302 2353 5384 rheda
2403 5306 2560 5384 mille
2602 5308 2792 5384 pondo
2830 5302 3232 5384 tantummodo
3271 5306 3613 5382 superponi,

1975 5376 2183 5434 birotie
2216 5377 2487 5449 ducenta,
2523 5376 2739 5449 veredo
2765 5376 3025 5449 triginta.
3060 5392 3091 5449 ιε

2043 5456 2068 5520 9
2097 5448 2307 5505 Pontif.
2341 5445 2481 5520 cap.
2504 5453 2590 5505 65.
2624 5445 3015 5520 suam”.
3047 5445 3101 5520 Ι.

2042 5518 2073 5561 ά
2101 5520 2316 5579 Pontif.
2353 5518 2480 5582 cap.
2515 5523 2605 5576 41.
2635 5518 2753 5577 Est
2776 5518 3081 5581 limacem.
3113 5518 3173 5582 I.

2039 5597 2066 5633 ο
2096 5592 2335 5663 Euseb.,
2369 5589 2469 5647 lib.
2505 5604 2623 5662 νιιι,
2655 5604 2784 5664 cap.
2818 5594 2875 5650 6.
