4004 6168
345 299 452 352 289

757 410 817 468 C.
850 408 1090 466 PRIDIE
1118 407 1278 464 IDUS
1306 407 1568 465 MARTII.

841 525 843 527 ί
1003 505 1095 577 (44
1123 504 1336 577 Illa/rt.)

416 604 838 679 Roma,passio
851 606 1186 660 sanctorum
1202 605 1519 672 martyrum
1536 596 1919 671 quadraginta
1932 599 1995 651 et

351 701 578 770 septem
599 705 627 734 α
650 693 748 764 qui
776 690 1054 764 baptizati
1079 694 1219 746 sunt
1252 705 1282 746 a
1306 690 1478 745 beato
1500 690 1676 743 Petro
1699 683 1988 757 apostolo,

348 801 481 844 cum
498 786 807 840 teneretur
820 780 970 837 idem
986 776 1292 850 apostolus
1305 776 1360 833 in
1376 775 1645 833 custodia
1669 771 1991 832 Mamertini

348 868 833 944 cumcoapostolo
855 882 959 926 suo
980 866 1158 924 Paulo
1178 866 1274 924 ubi
1299 880 1502 923 novem
1523 877 1748 920 menses
1769 859 1993 918 detenti

353 965 511 1019 sunt.
547 960 655 1027 Qui
686 971 886 1016 omnes
909 956 1020 1013 sub
1043 954 1423 1013 devotissima
1444 952 1578 1010 fidei
1598 950 1990 1020 confessione,

355 1048 679 1108 Neroniano
707 1045 901 1119 gladio
931 1043 1260 1116 consumpti
1295 1046 1452 1100 sunt.

757 1198 762 1202 .
859 1144 923 1198 D.
958 1141 1189 1198 lDIBUS
1218 1140 1478 1196 MARTII.

1012 1238 1104 1309 (45
1130 1235 1343 1307 Mart.)

422 1339 450 1380 δ
491 1341 704 1409 Roma,
756 1334 1046 1393 Zacharia
1090 1332 1404 1406 pontiﬁcis,
1454 1331 1553 1404 qui
1598 1331 1793 1388 Romae
1839 1328 1993 1386 sedit

355 1443 539 1486 annos
572 1427 794 1484 decem.

425 1516 593 1590 Apud
640 1512 1107 1572 Thessalonicam
1155 1510 1474 1582 civitatem,
1520 1508 1733 1566 natalis
1775 1509 1996 1565 saneta

352 1606 648 1675 Matrona,
676 1618 804 1674 qua
825 1617 955 1660 cum
978 1604 1138 1658 esset
1161 1598 1452 1656 Plautilla
1470 1597 1775 1670 cujusdam
1804 1595 1995 1653 vidua

353 1691 585 1763 ancilla,
603 1696 659 1749 et
675 1690 903 1749 occulte
925 1689 1219 1746 Christum
1236 1686 1454 1757 colens,
1480 1685 1741 1758 quotidie
1761 1683 1994 1741 furtivis

1392 284 1447 339 S.
1495 280 1751 338 ADONIS
1790 278 2227 336 ARCHIEPISC.
2270 277 2688 336 VIENNENSIS

2016 406 2073 465 A
2174 403 2346 474 soris,
2374 402 2471 474 qui
2497 401 2719 474 primus
2742 397 2954 456 ibidem
2979 394 3277 452 Christum
3297 386 3722 461 evangelizavi
3738 391 3791 443 ι.

3652 262 3798 318 250

2173 491 2386 548 Eodem
2419 490 2532 562 die,
2567 488 2781 546 natalis
2814 488 3035 543 sancta
3066 479 3377 540 Gertrudis
3406 476 3694 551 virginis.

2569 588 2631 644 G.
2665 586 2756 643 XV
2789 585 2944 640 KAL.
2980 579 3275 637 APRILIS.

2758 683 2850 753 (48
2878 678 3092 749 Mart.)

2174 794 2199 824 ο
2228 782 2450 840 Natalis
2474 780 2661 838 sancti
2687 772 3294 848 Alexandriepiscopi,
3313 771 3410 844 qui
3433 770 3508 828 de
3532 771 3775 841 Cappa-

2105 875 2267 933 docia
2309 873 2549 931 civitate
2590 885 2695 927 sua
2725 867 2987 936 veniens,
3020 880 3153 921 cum
3186 860 3484 919 desiderio
3519 862 3759 916 sancto-

2106 980 2233 1022 rum
2266 963 2525 1020 locorum
2561 957 2978 1028 Jerosolymam
3019 955 3313 1027 pergeret,
3345 955 3404 1007 et
3437 948 3757 1006 Narcissus

2105 1054 2419 1127 episcopus
2450 1048 2708 1120 ejusdem
2743 1044 2908 1103 urbis
2934 1042 3051 1114 jam
3083 1055 3265 1099 senex
3296 1043 3531 1110 regeret
3558 1036 3758 1094 Eccle-

2106 1143 2283 1209 siam;
2307 1145 2365 1197 et
2389 1138 2500 1212 ipsi
2525 1136 2814 1206 Narcisso,
2839 1139 2897 1189 et
2922 1129 3482 1189 multisclericorum
3506 1126 3647 1198 ejus
3671 1141 3758 1183 re-

2105 1231 2363 1291 velatum
2403 1232 2516 1299 est,
2562 1226 2747 1284 altera
2788 1222 2881 1280 die
2921 1235 3085 1278 mane
3128 1220 3349 1276 intrare
3379 1217 3754 1290 episcopum,

2106 1323 2204 1395 qui
2246 1321 2478 1392 adjutor
2518 1313 2901 1374 sacerdotalis
2948 1311 3245 1369 cathedra
3293 1322 3428 1365 esse
3478 1306 3756 1363 deberet.

2103 1392 2308 1484 Itaque
2340 1424 2402 1465 re
2433 1408 2516 1463 ita
2545 1403 2854 1476 completa,
2883 1406 2943 1459 ut
2968 1399 3247 1473 pradicta
3281 1399 3491 1466 fuerat,
3517 1392 3761 1484 cunctis

2107 1501 2163 1557 in
2204 1482 2515 1556 Palastina
2557 1494 2613 1550 in
2652 1507 2829 1550 unum
2867 1487 3260 1560 congregatis,
3306 1485 3619 1542 adnitente
3667 1482 3763 1538 vel

2107 1588 2352 1647 maxime
2382 1584 2657 1643 Narcisso
2684 1579 3185 1650 Jerosolymitana
3220 1573 3489 1633 ecclesia
3512 1588 3653 1630 cum
3695 1587 3768 1627 eo

2104 1674 2562 1751 gubernaculum
2595 1669 2875 1743 suscepit.
2893 1667 3117 1738 Quique
3138 1663 3551 1738 persecutione
3573 1661 3769 1732 Decii,

351 1749 718 1838 orationibus
747 1778 1055 1836 ecclesiam
1097 1749 1516 1849 frequentaret,
1562 1772 1927 1846 deprehensa
1957 1786 1988 1828 a
2021 1766 2075 1827 B
2105 1749 2236 1827 cum
2254 1767 2370 1838 jam
2394 1764 2671 1834 longava
2694 1758 2888 1817 atatis
2911 1754 3241 1814 veneranda
3269 1751 3485 1810 canitie
3520 1749 3773 1823 praful-

354 1868 583 1925 domina
607 1884 731 1939 sua,
757 1872 814 1923 et
840 1867 896 1922 in
919 1880 1156 1923 scamno
1177 1870 1421 1921 extensa
1443 1867 1501 1920 et
1527 1862 1726 1933 ligata,
1759 1865 1818 1917 et
1850 1874 1997 1933 pene

356 1971 544 2028 usque
557 1957 630 2013 ad
651 1959 895 2012 mortem
915 1954 1228 2025 ﬂagellata,
1251 1956 1426 2024 atque
1441 1952 1520 2008 ita
1534 1951 1728 2009 vincta
1744 1949 1799 2007 in
1816 1963 2000 2007 scam-

355 2061 449 2116 no,
473 2044 802 2115 obsignatis
823 2042 1272 2114 diligentissime
1289 2040 1505 2113 januis,
1534 2054 1638 2113 per
1659 2044 1887 2097 noctem
1911 2052 2000 2095 re-

356 2132 516 2205 licta,
551 2132 631 2189 ibi
662 2133 757 2189 die
789 2131 976 2189 altero
1008 2130 1291 2188 divinitus
1315 2129 1605 2201 soluta,ac
1623 2144 1753 2186 cum
1778 2126 1998 2199 ingenti
2052 2172 2055 2177 ,

357 2221 479 2278 oris
525 2220 715 2291 gratia
763 2234 939 2277 orans
978 2220 1213 2276 inventa
1251 2222 1365 2276 est.
1396 2220 1769 2289 Rursumque
1800 2215 2000 2273 nervis

354 2308 557 2366 crudis
571 2308 628 2364 in
641 2307 843 2364 eodem
859 2322 1094 2365 scamno
1111 2306 1453 2377 constricta,
1470 2312 1529 2362 et
1544 2305 1686 2362 loris
1698 2318 2001 2376 quousque

354 2397 794 2455 obmutesceret
810 2410 963 2452 casa
984 2399 1097 2465 est,
1116 2394 1311 2467 ibique
1326 2409 1430 2467 per
1451 2393 1710 2451 triduum
1733 2392 2004 2463 obsigna-

354 2485 435 2541 tis
470 2485 665 2557 januis
707 2483 933 2541 relieta.
980 2485 1150 2540 Facta
1191 2488 1385 2540 autem
1416 2482 1509 2539 die
1554 2481 1753 2553 tertia,
1790 2481 2001 2537 iterum

362 2574 556 2632 soluta
579 2573 880 2644 divinitus,
897 2576 955 2630 et
978 2586 1154 2629 orans
1176 2572 1411 2628 inventa
1433 2572 1718 2628 est.Tunc
1741 2569 2001 2627 robustis

364 2662 624 2720 fustibus
666 2676 852 2734 usque
894 2661 966 2717 ad
1008 2666 1252 2718 mortem
1299 2674 1475 2730 casa,
1529 2659 1584 2715 in
1633 2656 2001 2723 confessione

365 2750 582 2808 Christi
614 2750 1016 2822 incorruptum
1050 2749 1325 2823 spiritum
1355 2747 1633 2805 reddidit.

803 2866 866 2922 E.
899 2864 1045 2923 XVII
1076 2864 1232 2920 KAL.
1268 2863 1562 2920 APRILIS.

1018 2962 1110 3033 (46
1136 2959 1349 3032 Mart.)

358 3063 575 3133 Roma,
611 3058 805 3118 natale
837 3058 1026 3116 sancti
1058 3057 1303 3128 Cyriaci,
1339 3056 1436 3128 qui
1472 3061 1603 3128 post
1628 3056 1856 3127 longam
1879 3070 2006 3112 car-

2104 1861 2292 1931 geret,
2338 1855 2551 1912 ductus
2594 1853 2937 1919 Casaream,
2982 1849 3040 1903 et
3081 1843 3323 1902 clausus
3361 1854 3633 1911 carcere,
3698 1840 3774 1896 ob

2105 1944 2533 2005 confessionem
2565 1938 2780 1997 Christi
2815 1934 3094 2007 martyrio
3122 1935 3441 1990 coronatus
3473 1933 3591 1986 est.

2569 2040 2634 2094 A.
2667 2036 2785 2093 XIV
2819 2033 2973 2090 KAL.
3008 2029 3306 2088 APRILIS.

2674 2138 2687 2156 ‘
2758 2134 2848 2206 (49
2878 2129 3089 2201 Mart.)

2182 2238 2348 2312 Apud
2380 2238 2769 2292 Penarcnsem
2800 2232 3025 2301 urbem,
3070 2225 3262 2284 natale
3302 2224 3456 2283 heati
3494 2223 3771 2295 Joannis,

2113 2342 2334 2399 magna
2367 2322 2702 2382 sanctitatis
2733 2320 2864 2390 viri,
2901 2318 2999 2390 qui
3031 2317 3102 2373 de
3135 2315 3295 2388 Syria
3319 2313 3606 2372 oriundus
3632 2329 3775 2386 per-

2112 2417 2268 2475 venit
2302 2415 2373 2472 ad
2404 2412 2646 2469 Italiam.
2684 2411 2940 2480 Cumque
2972 2409 3263 2478 quareret
3304 2404 3494 2463 locum
3534 2403 3777 2460 habita-

2114 2505 2301 2567 tionis.
2324 2519 2464 2573 sua,
2501 2500 2821 2558 orationem
2865 2495 3012 2553 fudit
3055 2495 3127 2552 ad
3165 2493 3506 2551 Dominum:
3548 2493 3625 2547 Te
3674 2492 3778 2549 de-

2115 2608 2341 2668 precor,
2375 2591 2632 2660 Domine,
2660 2587 2757 2660 qui
2785 2585 2977 2643 lumen
3000 2599 3066 2641 es
3088 2598 3311 2654 verum,
3338 2582 3387 2639 si
3411 2595 3776 2654 prosperum

2116 2683 2257 2741 facis
2290 2682 2402 2737 iter
2434 2693 2643 2747 meum,
2676 2676 2783 2732 hoc
2816 2673 2952 2730 mihi
2986 2672 3214 2743 signum
3249 2671 3346 2727 fiat
3373 2690 3385 2726 :
3422 2669 3775 2740 ubicunque

2114 2769 2509 2838 ambulavero,
2544 2766 2594 2822 si
2626 2761 2973 2837 psalterium
2997 2775 3185 2818 meum
3209 2760 3448 2830 dedero,
3476 2762 3533 2814 et
3559 2756 3777 2815 eadem

2115 2858 2209 2917 die
2242 2857 2378 2914 midi
2411 2854 2706 2913 redditum
2735 2851 2930 2922 fuerit,
2956 2848 3035 2907 ibi
3060 2849 3137 2906 sit
3164 2846 3598 2922 permansionis
3622 2860 3777 2903 mea

2115 2948 2301 3006 locus.
2338 2947 2573 3004 Factum
2603 2946 2716 3000 est.
2751 2939 2990 3011 Recepit
3031 2953 3163 2996 eum
3204 2936 3460 3010 hospitio
3500 2938 3777 2991 matrona

2117 3036 2401 3109 quadam,
2434 3033 2528 3092 cui
2551 3032 2641 3090 vir
2662 3031 2762 3087 Dei
2786 3027 3132 3103 psalterium
3157 3042 3326 3084 suum
3349 3024 3544 3090 dedit;
3569 3022 3774 3095 requi-

360 3111 575 3133 --ν-ηη,
611 3111 801 3118 η---η
838 3111 1024 3116 mu"
1290 3111 1303 3126 ι
1663 3111 1672 3112 κ
1728 3111 1794 3127 υνη
1891 3111 1902 3112 κ
1959 3111 1966 3112 η

357 3150 514 3208 ceris
537 3146 1007 3216 macerationem,
1035 3159 1204 3215 quam
1229 3144 1339 3201 sub
1362 3143 1703 3200 Maximiano
1736 3142 1999 3214 pertulit,

2125 3126 2273 3197 sivit,
2308 3124 2479 3196 eique
2511 3137 2643 3179 mox
2664 3137 2696 3178 a
2726 3118 2971 3176 muliere
3003 3116 3289 3216 redditu‘r.
3317 3117 3435 3172 Hoc
3468 3114 3673 3185 itaque
3699 3111 3779 3169 si-

359 3253 492 3295 cum
517 3235 768 3293 Sisinnio
787 3234 1143 3292 condiacono
1164 3248 1288 3304 suo,
1309 3237 1367 3289 et
1393 3232 1728 3304 Smaragdo,
1745 3236 1801 3289 et
1824 3233 2006 3303 Largo

363 3330 495 3400 post
530 3323 711 3382 multa
745 3324 895 3381 facta
928 3312 1227 3392 miracula,
1253 3320 1309 3377 in
1335 3321 1548 3392 quibus
1581 3320 1756 3376 tiliam
1784 3319 2007 3378 Diocle-

355 3414 501 3471 tiani
538 3411 873 3483 Artemiam,
908 3409 1099 3483 ipsius
1130 3413 1337 3479 rogatu
1369 3424 1399 3465 a
1433 3408 1716 3466 damonio
1754 3409 2003 3482 curavit,

361 3517 428 3560 ac
460 3500 813 3575 baptizavit;
857 3499 1032 3556 filiam
1074 3512 1304 3570 quoque
1345 3498 1580 3570 Saporis
1612 3497 1770 3568 regis
1801 3500 2008 3556 Persa-

360 3605 489 3648 rum
517 3589 760 3661 Jobiam,
795 3588 1011 3646 missus
1034 3586 1136 3645 illo
1159 3602 1265 3661 pro
1296 3587 1403 3645 hoc
1434 3585 1814 3659 Diocletiano,
1841 3601 2006 3660 aque

363 3677 637 3737 liberavit
671 3693 699 3735 a
733 3677 1036 3750 damonio,
1072 3692 1138 3735 ac
1171 3676 1677 3750 baptizavit;eum
1711 3676 1838 3749 ipso
1869 3690 2007 3747 rege

357 3777 418 3828 et
444 3769 577 3826 aliis
602 3767 1038 3842 quadragintis:
1063 3766 1325 3839 triginta,
1354 3766 1590 3824 rediens
1613 3767 1848 3823 Romam
1873 3770 2006 3839 post

363 3863 608 3917 mortem
639 3857 1002 3928 Diocletiani,
1038 3861 1240 3914 tentus
1264 3860 1354 3913 est
1380 3856 1534 3912 inter
1558 3855 1704 3913 alios
1729 3855 2009 3912 Christia-

364 3963 471 4004 nos
490 3962 520 4004 a
541 3946 659 4003 filio
676 3946 805 4017 ejus
822 3945 1146 4015 Maximino,
1168 3950 1225 4000 et
1252 3945 1306 3999 in
1326 3944 1650 4001 custodiam
1675 3945 1913 4014 missus,
1937 3957 2007 4000 eo

366 4034 516 4104 quod
559 4047 819 4089 sororem
861 4046 1024 4088 suam
1067 4031 1451 4086 Christianam
1497 4031 1753 4087 fecisset.
1787 4030 2022 4087 Deinde

369 4120 649 4192 pracepit
675 4124 736 4177 ut
761 4119 855 4175 die
878 4118 1270 4191 processionis
1295 4132 1417 4176 sua
1440 4117 1632 4176 nudus
1662 4118 2005 4190 catenisque

364 4207 680 4278 obligatus,
699 4210 832 4265 ante
846 4207 1084 4264 rhedam
1108 4207 1235 4277 ejus
1256 4208 1615 4265 traheretur.
1633 4209 1701 4264 Et
1726 4211 1858 4280 post
1872 4207 2000 4279 hoc,

362 4296 614 4354 eductus
646 4296 716 4353 de
745 4310 983 4354 carcere
1006 4311 1137 4353 cum
1170 4296 1346 4353 sociis
1380 4298 1580 4368 Largo,
1608 4296 1923 4368 Smaragdo
1944 4299 2003 4352 et

364 4384 800 4456 Crescentiano,
843 4399 948 4457 per
987 4384 1326 4457 Carpasium
1360 4385 1658 4456 vicarium,
1706 4386 1832 4458 pice
1873 4384 2006 4442 reli-

2114 3192 2268 3286 gno,
2288 3217 2349 3272 ut
2383 3192 2695 3270 stationem
2728 3223 2892 3267 suam
2924 3206 3003 3263 ibi
3034 3205 3124 3263 vir
3155 3192 3253 3262 Dei
3287 3206 3525 3275 faceret,
3558 3200 3779 3259 conﬁr-

2118 3308 2342 3372 matur;
2375 3317 2440 3359 ac
2471 3301 2604 3357 inde
2636 3313 2747 3356 non
2779 3297 2948 3368 longe
2981 3295 3113 3368 plus
3144 3294 3409 3351 minusve
3434 3306 3606 3364 quam
3630 3292 3779 3349 dua-

2118 3408 2245 3451 rum
2289 3391 2638 3462 sagittarum
2684 3400 3059 3460 progressus,
3100 3382 3303 3441 habuit
3346 3380 3618 3452 angelum
3668 3380 3771 3437 Dei

2116 3482 2371 3552 obvium,
2407 3480 2504 3553 qui
2536 3478 2588 3535 ei
2622 3477 2766 3534 dixit
2794 3497 2806 3532 :
2844 3477 3020 3532 Serve
3041 3474 3162 3545 Dei,
3189 3473 3281 3530 hic
3311 3471 3421 3528 tibi
3449 3471 3616 3528 locus
3640 3484 3776 3544 per-

2117 3570 2437 3629 mansionis
2469 3584 2499 3626 a
2530 3567 2768 3624 Domino
2801 3564 3124 3638 parabitur.
3149 3565 3285 3619 Erat
3329 3564 3524 3618 autem
3555 3559 3770 3631 hiems,

2117 3664 2175 3718 et
2210 3660 2453 3717 sedebat
2487 3657 2573 3714 vir
2606 3656 2703 3712 Dei
2737 3656 2848 3712 sub
2870 3654 3098 3710 arbore.
3125 3653 3448 3708 Venatores
3472 3664 3615 3706 vero
3635 3664 3771 3706 cum

2120 3768 2225 3827 per
2248 3751 2438 3809 locum
2460 3746 2774 3805 transitum
2801 3745 3081 3814 facerent,
3107 3739 3381 3799 viderunt
3404 3754 3535 3797 eum
3561 3739 3775 3795 seden-

2117 3848 2257 3914 tcm,
2274 3845 2450 3912 atque
2464 3839 2731 3896 arborem
2749 3834 2904 3891 illam
2916 3834 3082 3904 juxta
3103 3830 3265 3887 illum
3290 3828 3443 3885 foliis
3465 3827 3767 3885 vestitam.

2117 3929 2509 4001 Requirentes
2533 3930 2726 3983 autem
2750 3923 2938 3980 virum
2963 3921 3094 3992 quis
3119 3922 3300 3990 esset,
3319 3918 3392 3975 ob
3405 3915 3629 3973 Domini
3647 3930 3774 3973 ser-

2115 4018 2322 4077 vitium
2355 4032 2418 4072 se
2452 4015 2522 4071 de
2546 4009 2946 4071 ultramarinis
2969 4008 3238 4081 partibus
3262 4006 3483 4063 locisve
3504 4005 3768 4077 venisse,

2118 4105 2450 4176 morarique
2491 4103 2584 4159 hic
2625 4100 2778 4159 velle
2811 4097 3138 4171 respondit.
3174 4094 3553 4153 Nutiantibus
3586 4094 3772 4165 igitur

2117 4196 2256 4267 illis,
2305 4196 2569 4264 famaque
2608 4190 2787 4247 vitam
2829 4188 2991 4246 beati
3023 4186 3132 4243 viri
3165 4185 3395 4256 longius
3426 4187 3766 4257 spargente,

2112 4291 2279 4347 tanta
2305 4280 2632 4355 frequentia
2656 4278 2854 4353 populi
2878 4277 2976 4334 Dei
3002 4276 3391 4346 undequaque
3424 4271 3561 4330 illuc
3595 4272 3773 4328 advee

2115 4379 2220 4450 nit,
2258 4380 2318 4434 ut
2350 4371 2705 4431 monasterio
2736 4369 2888 4427 facto
2918 4364 3294 4437 congregatio
3325 4376 3536 4433 magna
3568 4374 3772 4418 servo-

365 4478 539 4547 quata
556 4480 733 4547 caput
756 4449 884 4545 ejus
909 4449 1209 4546 perfusum
1232 4477 1343 4529 est.
1371 4474 1437 4529 Et
1463 4449 1852 4546 rursum-post
1877 4474 2004 4531 dies
2036 4486 2087 4547 ι)
2118 4482 2246 4526 rum
2277 4464 2376 4523 Dei
2419 4461 2592 4521 simul
2623 4457 3012 4547 habitantium
3044 4455 3122 4511 ibi
3156 4454 3343 4509 fieret.
3381 4451 3480 4509 Cui
3526 4449 3765 4547 prafuit

366 4567 635 4636 quatuor,
671 4562 922 4619 eductus
952 4561 1143 4619 denuo
1166 4562 1236 4618 de
1268 4576 1527 4632 carcere,
1564 4561 1619 4617 in
1651 4566 1878 4619 catasta
1911 4577 2010 4619 cx-

366 4656 589 4722 tentus,
633 4666 699 4708 ac
729 4654 960 4707 tractus
989 4650 1206 4722 nervis,
1242 4656 1301 4707 et
1336 4650 1594 4708 fustibus
1624 4664 1836 4721 casus,
1874 4655 2006 4721 post

367 4742 492 4799 dies
525 4741 769 4813 jubente
809 4738 1149 4795 Maximiano
1186 4739 1380 4812 capite
1410 4742 1721 4795 truncatus
1752 4743 1844 4794 est
1876 4754 2007 4795 cum

367 4832 550 4903 Largo
580 4835 639 4887 et
671 4828 986 4897 Smaragdo
1017 4831 1075 4884 et
1109 4827 1237 4885 aliis
1266 4827 1491 4899 viginti.
1517 4826 1809 4899 Scriptum
1834 4832 1926 4883 est
1950 4827 2005 4885 in

364 4920 554 4988 gestis
577 4914 831 4977 Marcelli
854 4918 1025 4988 Papa
1046 4915 1138 4987 (46
1156 4918 1345 4988 πψτη).
1372 4918 1553 4973 Porro
1584 4916 1713 4988 ipso
1742 4919 2007 4989 tempore

366 5007 707 5067 Maximinus
737 5005 1031 5064 interfecit
1063 5020 1322 5062 sororem
1352 5020 1516 5062 suam
1549 5005 1884 5064 Artemiam.

437 5096 579 5152 ltem
603 5098 755 5170 apud
788 5094 1083 5166 Viennam,
1119 5094 1302 5152 sancti
1334 5092 1487 5151 lsicii
1520 5094 1799 5169 episcopi.

825 5196 885 5253 F.
917 5194 1035 5253 XVI
1067 5193 1222 5250 KAL.
1258 5191 1553 5249 APRILIS.

1029 5298 1097 5353 47
1123 5290 1357 5353 Mart).

511 5324 515 5327 Α
1029 5298 1097 5353 47
1123 5290 1309 5352 Mart.
1344 5335 1357 5350 .

433 5387 493 5446 In
516 5385 729 5460 Scotia,
746 5389 937 5447 natale
961 5296 1150 5451 sineti
1171 5290 1407 5450 Patri)cii
1428 5387 1760 5463 episCOpiet
1773 5387 2002 5446 confes-

360 5543 584 5673 Ωῗωιῖἱθ
631 5540 723 5601 his
769 5520 825 5599 in
877 5522 1149 5617 passione
1196 5520 1475 5604 Processi
1514 5546 1591 5603 .et
1650 5520 2006 5601 Martiniani-

2120 4555 2321 4615 multis
2369 4553 2567 4612 clarus
2608 4547 2931 4607 virtutibus
2974 4545 3182 4601 beatus
3220 4544 3474 4599 Joannes
3515 4539 3770 4611 quadra-

2118 4649 2281 4721 ginta
2314 4649 2565 4718 quatuor
2596 4652 2777 4697 annos
2809 4634 3190 4707 requiescens
3222 4632 3279 4688 in
3313 4644 3494 4704 pace:
3530 4628 3769 4702 deposi-

2120 4718 2218 4796 tus
2241 4743 2332 4793 est
2364 4735 2474 4791 sub
2496 4730 2588 4787 die
2612 4743 2703 4784 xxv
2735 4725 2856 4782 Kal.
2893 4724 3175 4797 Aprilium
3208 4722 3265 4779 in
3295 4722 3422 4778 loco
3454 4718 3552 4777 ubi
3585 4732 3770 4792 pras-

2120 4831 2321 4884 tantur
2355 4818 2632 4879 beneficia
2664 4815 2764 4873 Dei
2796 4830 2982 4887 usque
3015 4814 3068 4870 in
3102 4809 3653 4869 hodiernum-diem.

2189 4913 2402 4970 Eodem
2435 4907 2528 4965 die
2557 4907 2709 4979 apud
2750 4906 3117 4973 Surrentum,
3160 4904 3498 4958 sanctorum
3540 4894 3765 4967 Quinti,

2119 5000 2404 5073 Quintilli,
2439 4995 2761 5068 Quartilla,
2796 4993 2990 5065 Marci,
3024 5007 3155 5050 cum
3187 4990 3318 5048 aliis
3346 5001 3573 5046 novem.

2569 5097 2629 5154 B.
2663 5094 2784 5153 XIII
2816 5091 2973 5149 KAL.
3009 5089 3303 5147 APRILIS.

2777 5183 2868 5255 (20
2895 5179 3107 5252 Mart.)

2190 5292 2249 5346 In
2274 5283 2613 5358 Britanniis,
2630 5281 2819 5341 sancti
2836 5277 3162 5350 Chutberti,
3181 5276 3278 5348 qui
3290 5290 3365 5331 ex
3385 5271 3764 5342 anachoreta,

2116 5377 2393 5442 Ecclesia
2418 5370 2899 5432 Lindisfarnensis
2923 5368 3196 5440 antistes,
3216 5369 3398 5424 totam
3422 5364 3494 5421 ab
3518 5359 3769 5419 infantia

2185 5535 2212 5574 δ
2243 5530 2452 5591 Pontif.
2484 5546 2611 5604 cap.
2646 5533 2734 5588 92.

2187 5616 2212 5646 ο
2241 5586 2454 5664 Euseb.
2480 5586 2623 5675 Ilii,
2648 5586 2700 5662 ὸ.
2725 5605 2781 5674 7,
2806 5600 2974 5672 9,16,
2998 5598 3088 5670 29,
3119 5606 3194 5656 ex
3222 5589 3494 5654 versione
3523 5586 3767 5650 Rudini.
