4004 6168
257 265 340 318 261
939 258 1544 316 MARTYROLOGIUM
1587 257 1728 312 CUM
1771 254 2299 316 ADDITAMENTIS.
2341 289 2412 303 -—
2459 261 2658 320 MENS.
2703 265 2911 322 MART.

253 400 421 458 usque
443 385 510 443 ad
534 383 759 443 senium
772 384 950 442 vitam
965 385 1375 444 miraculorum
1393 387 1576 457 signis
1593 385 1864 458 inclytam
1896 379 1952 439 A

247 477 417 535 duxit.
462 477 636 547 Cujus
666 474 801 533 dum
834 475 1100 533 undecim
1135 492 1317 535 annos
1349 484 1611 534 maneret
1651 491 1868 549 corpus

245 567 548 636 humatum,
567 565 968 637 incorruptum
989 571 1119 637 post
1146 567 1288 639 hzec,
1317 567 1482 640 quasi
1510 568 1710 624 eadem
1727 567 1864 623 hora

241 657 586 726 defunctum,
605 655 776 712 simul
800 673 929 714 cum
962 662 1130 714 veste
1162 673 1271 729 qua
1309 659 1635 728 tegebatur,
1673 657 1868 712 inven-

241 750 358 803 tum
377 749 483 802 est.
509 744 758 818 Scripsit
781 747 933 803 Beda
967 749 1279 820 presbyter
1311 747 1382 804 de
1415 747 1544 804 Vita
1582 746 1787 818 ipsius.

694 862 752 918 C.
784 862 883 919 XII
913 862 1033 920 Kal.
1070 864 1364 921 APRILIS.

875 963 960 1027 (24
1003 959 1215 1030 Illa/rt.)

314 1056 463 1129 Apud
494 1056 800 1114 Cassinum
823 1061 1103 1129 castrum,
1132 1057 1323 1115 natale
1348 1058 1535 1116 sancti
1565 1058 1859 1115 Benedicti

245 1148 472 1218 abbatis,
509 1147 683 1218 cujus
705 1147 881 1205 vitam
903 1148 1226 1206 virtutibus
1248 1153 1308 1204 et
1330 1148 1628 1206 miraculis
1650 1148 1860 1218 glorio-

244 1255 371 1308 sam,
395 1238 447 1295 in
470 1237 840 1309 Dialogorum
865 1237 1032 1295 libris
1065 1239 1274 1296 beatus
1308 1254 1453 1312 papa
1485 1239 1688 1297 scribit
1725 1241 1860 1295 Gre-

276 1328 418 1384 orius
447 1337 492 1383 ⁸.

276 1343 418 1384 onus
447 1343 492 1383 -.

239 1343 276 1399 ε
303 1417 649 1488 Eodem'die,
685 1418 745 1474 B.
781 1417 1114 1490 Serapionis
1145 1396 1532 1476 anachoretae.

301 1509 357 1563 Et
389 1507 440 1563 in
474 1507 777 1573 territorio
807 1508 1199 1579 Lugdunensi,
1237 1509 1423 1566 sancti
1466 1507 1724 1580 Lupicini
1759 1509 1856 1564 ab-

234 1597 369 1653 batis
396 1597 752 1668 Jurensium,
787 1597 956 1667 cujus
987 1597 1105 1654 vita
1139 1599 1476 1656 sanctitatis
1507 1603 1564 1654 et
1608 1597 1854 1654 miracu-

232 1686 397 1743 lorum
425 1685 612 1757 gloria
645 1686 896 1744 illustris
939 1687 1064 1745 fuit.
1109 1689 1333 1760 Corpus
1373 1689 1501 1758 ejus
1541 1687 1594 1743 in
1640 1687 1851 1743 finibus

231 1776 648 1849 Vesontionum,
683 1777 834 1850 apud
869 1779 1236 1835 Laoconcnse
1261 1777 1678 1836 monasterium
1702 1777 1852 1834 cele-

229 1866 414 1922 bratur

690 1965 752 2020 D.
788 1966 858 2022 XI
889 1965 1044 2021 KAL.
1082 1965 1376 2023 APRILIS.

865 2065 957 2129 (22
984 2060 1196 2131 Mart.)

281 2157 305 2195 δ
335 2159 392 2213 1η
423 2157 626 2214 Galliis
660 2158 902 2215 civitate
936 2159 1222 2231 Narbona,
1256 2160 1449 2218 natale
1473 2164 1660 2221 sancti
1685 2165 1846 2222 Pauli

224 2246 464 2320 episcopi
495 2251 553 2303 et
588 2248 974 2320 confessoris,
1009 2249 1284 2322 discipuli
1319 2251 1737 2324 apostolorum.

689 2363 751 2420 E.
787 2363 831 2419 X
870 2364 1024 2420 KAL.
1062 2365 1356 2422 APRILIS.

849 2463 945 2525 (25
973 2459 1186 2530 Mart.)

277 2565 300 2594 ο
328 2558 387 2612 in
419 2555 633 2627 Africa,
661 2561 998 2615 sanctorum
1022 2563 1340 2629 martyrum
1354 2559 1691 2633 Victoriani,
1712 2564 1847 2621 Fru-

221 2645 424 2716 mentii,
447 2650 503 2701 et
530 2645 780 2703 alterius
805 2647 1141 2717 Frumentii,
1177 2653 1233 2703 et
1270 2648 1515 2706 duorum
1545 2664 1846 2720 germano-

218 2751 356 2804 rum,
383 2736 472 2807 qui
496 2750 698 2792 omnes
714 2737 1125 2808 persecutione
1138 2737 1473 2809 Vandaliea,
1493 2741 1603 2797 sub
1619 2743 1845 2798 Hunne-

216 2823 328 2880 rico
353 2839 479 2894 rege
503 2825 716 2881 Ariano
741 2826 893 2896 apud
908 2826 1159 2883 Africam
1176 2842 1280 2899 pro
1293 2830 1623 2886 constantia
1645 2830 1844 2886 catho-

217 2911 328 2970 lica:
369 2913 756 2972 confessionis
799 2905 1233 2972 immanissimis
1277 2915 1586 2989 suppliciis
1637 2933 1843 2976 excru-

215 3001 356 3072 ciati,
391 3003 624 3075 egregie
657 3003 918 3060 coronati
952 3009 1109 3061 sunt.

678 3121 733 3176 F.
768 3121 836 3177 IX
878 3121 1032 3177 KAL.
1068 3120 1361 3177 APRILIS.

867 3220 959 3284 (24
985 3216 1200 3288 Illa/rt.)

270 3315 480 3386 Romae,
519 3313 712 3373 natale
736 3315 926 3373 sancti
950 3315 1229 3386 Pigmenii
1254 3317 1604 3390 presbyteri.
1623 3318 1725 3376 Hic
1745 3321 1840 3376 Ju-

217 3403 406 3462 lianum
443 3409 775 3476 apostatam
807 3409 865 3461 et
899 3405 1134 3477 impium
1178 3422 1208 3462 a
1251 3421 1430 3478 puero
1470 3407 1735 3479 nutrivit,
1780 3414 1837 3465 et

215 3491 407 3550 litteris
440 3493 618 3567 etiam
652 3494 840 3551 sacris
864 3494 1138 3551 erudivit.
1165 3493 1273 3550 Sed
1301 3496 1492 3553 factus
1519 3495 1839 3568 imperator

213 3581 484 3640 culturam
522 3582 761 3655 pietatis
795 3587 1102 3655 postquam
1135 3583 1412 3654 reliquit:
1447 3585 1648 3641 audito
1682 3587 1835 3656 quod
1870 3642 1873 3646 _

212 3686 439 3743 corpora
463 3675 802 3727 sanctorum
837 3676 1176 3742 martyrum,
1212 3671 1308 3743 qui
1342 3673 1414 3728 ab
1445 3687 1514 3728 eo
1549 3675 1838 3731 necaban-

214 3762 306 3829 tur,
331 3751 485 3816 idcm
511 3758 846 3828 Pigmenius
879 3759 1178 3830 sepeliret,
1213 3760 1510 3817 mandavit
1530 3761 1583 3816 ei
1613 3780 1625 3817 :
1655 3763 1836 3831 Perge

214 3861 305 3918 quo
340 3847 646 3913 volueris;
680 3847 772 3903 hic
803 3847 954 3903 enim
998 3863 1107 3904 non
1152 3848 1510 3906 mercabitur
1551 3850 1668 3907 vita
1709 3855 1831 3922 tua,

211 3941 382 3995 tamen
407 3937 675 3994 servitiis
703 3936 820 3993 tuis
842 3937 1141 4008 praemium
1167 3939 1366 4009 reddo,
1395 3954 1503 3996 non
1531 3939 1654 3997 tibi.
1680 3942 1835 3998 Tunc

212 4033 434 4084 sanctus
457 4026 795 4095 Pigmenius
821 4027 1079 4098 perrexit
1107 4027 1175 4083 ad
1194 4027 1512 4099 Persidem,
1530 4029 1626 4086 ubi
1644 4030 1835 4086 demo-

212 4118 350 4170 ratus
373 4129 561 4172 annos
586 4119 838 4186 quatuor
863 4115 1053 4172 factus
1076 4121 1394 4174 estcaecus.
1415 4117 1550 4174 lnde
1567 4123 1834 4174 monetur

214 4202 254 4257 in
276 4205 490 4261 somnis
515 4220 542 4261 a
565 4204 829 4275 Domino,
857 4210 920 4261 ut
943 4210 1346 4263 reverteretur
1376 4209 1631 4264 Romam.
1669 4209 1833 4265 Cum-

212 4305 302 4360 que
331 4298 463 4365 post
500 4298 752 4364 quatuor
783 4309 1016 4351 menses
1048 4309 1344 4364 reversus,
1387 4295 1599 4352 clivum
1633 4297 1832 4354 Sacrae

211 4379 296 4436 vias
325 4397 456 4439 cum
491 4398 606 4438 uno
638 4398 820 4455 puero
853 4383 1064 4455 stipem
1099 4384 1349 4455 petendo
1379 4385 1825 4455 conscenderet,

1884 1736 1935 1796 Β

3523 281 3629 335 242

2433 385 2495 442 G.
2531 387 2654 443 VIII
2689 389 2841 446 ΚΑΒ.
2877 389 3168 450 APRILIS.

2647 489 2741 550 (25
2768 485 2956 556 Mart)

2050 578 2213 650 Apud
2264 579 2560 638 civitatem
2609 581 2860 641 Galilzeze
2903 587 3206 659 Nazareth,
3245 592 3620 654 Annuntiatio

1975 667 2288 726 Dominica.

2046 758 2110 812 Et
2146 758 2199 814 in
2233 758 2583 831 Nicomedia,
2620 762 2831 819 natalis
2857 765 2909 820 S.
2937 763 3116 836 Dulze,
3145 766 3370 826 ancilla:
3393 770 3614 843 militis,

1975 859 2103 916 quae
2136 862 2240 918 pro
2271 849 2548 906 castitate
2578 851 2773 908 occisa
2805 857 2918 910 est.

2042 933 2256 1004 Romae,
2283 937 2470 992 sancti
2495 936 2692 1006 Cirini,
2721 939 2816 1009 qui
2843 939 3195 999 interfectus
3220 959 3248 1000 a
3275 943 3536 1017 Claudio,
3557 953 3619 1004 et

1971 1019 2026 1076 in
2058 1021 2603 1095 Tiberimjactatus,
2631 1025 2686 1081 in
2711 1027 2900 1083 insula
2927 1029 3207 1099 Lycaonia
3234 1031 3528 1105 inventus,
3555 1040 3612 1092 et

1972 1109 2025 1164 in
2077 1112 2416 1168 coemeterio
2457 1114 2721 1170 Pontiani
2761 1116 3034 1172 conditus
3075 1122 3188 1174 est.
3225 1119 3518 1193 Scriptum
3558 1125 3614 1181 in

1971 1199 2244 1270 passione
2278 1202 2463 1257 sancti
2498 1202 2785 1259 Valentini
2821 1207 2911 1270 (44
2943 1205 3138 1274 Febr.)

2042 1289 2108 1343 Et
2135 1288 2286 1360 apud
2311 1291 2615 1360 Syrmium,
2643 1293 2835 1348 natale
2869 1295 3056 1350 sancti
3091 1295 3293 1354 lrenaai
3326 1299 3609 1374 episcopi,

1967 1376 2063 1446 qui
2104 1381 2370 1449 tempore
2412 1379 2731 1436 Maximiani
2775 1381 3167 1455 imperatoris,
3215 1387 3326 1442 sub
3360 1390 3613 1458 praeside

1963 1464 2172 1534 Probo,
2207 1465 2394 1536 primo
2429 1468 2733 1524 tormentis
2765 1469 3068 1527 acerrimis
3097 1477 3366 1545 vexatus,
3402 1475 3612 1534 deinde

1965 1551 2172 1608 diebus
2198 1552 2464 1624 plurimis
2490 1555 2544 1611 in
2569 1571 2807 1613 carcere
2830 1558 3150 1630 cruciatus,
3178 1562 3494 1622 novissime
3516 1567 3613 1623 ab-

1963 1639 2155 1697 scisso
2187 1642 2378 1714 capite
2410 1651 2848 1702 consummatus
2879 1651 2991 1702 est.

2429 1742 2491 1797 Α.
2528 1741 2622 1796 Vll
2659 1742 2812 1799 ΚΑΙ».
2851 1743 3144 1802 APRILIS.

2614 1844 2706 1904 {26
2735 1839 2948 1909 Mart.)

2032 1933 2248 2003 Romae,
2276 1933 2364 1990 via
2392 1933 2691 2005 Lavieana,
2721 1937 2774 1990 in
2800 1938 3140 1994 coemeterio
3163 1939 3422 2009 ejusdem
3450 1949 3608 1998 nata-

1963 2019 2035 2078 lis
2060 2022 2114 2078 S.
2145 2021 2387 2092 Castuli,
2416 2023 2665 2094 quicum
2688 2030 2846 2080 esset
2873 2026 3147 2082 zaetarius
3172 2026 3392 2098 palatii,
3427 2034 3482 2085 et
3509 2030 3606 2086 ho-

1961 2123 2098 2181 spes
2132 2114 2488 2179 sanctorum,
2527 2115 2590 2166 ut
2623 2111 2675 2166 in
2710 2111 2897 2180 gestis
2932 2114 2990 2168 Β.
3027 2113 3351 2170 Sebastiani
3386 2115 3603 2187 legitur

1959 2199 2049 2269 (20
2077 2199 2267 2269 Jan),
2304 2214 2332 2255 a
2367 2199 2850 2271 persecutoribus
2883 2205 3170 2272 aretatus,
3205 2207 3261 2258 et
3294 2204 3475 2260 tertio
3507 2221 3604 2278 ap-

1957 2301 2198 2359 pensus,
2231 2287 2528 2359 tertioque
2570 2289 2828 2359 auditus,
2873 2289 2930 2346 in
2971 2289 3340 2349 confessione
3379 2293 3602 2350 Domini

1958 2390 2364 2448 perseverans,
2401 2377 2618 2434 missus
2649 2382 2739 2434 est
2776 2377 2832 2434 in
2865 2378 3108 2449 foveam,
3133 2385 3191 2435 et
3231 2378 3487 2438 demissa
3511 2388 3604 2440 est

1957 2479 2136 2537 super
2167 2479 2298 2522 eum
2333 2480 2522 2523 massa
2565 2465 2851 2537 arenaria,
2895 2471 3069 2538 atque
3120 2467 3200 2525 ita
3251 2484 3381 2526 cum
3415 2469 3604 2542 palma

1958 2554 2220 2625 martyrii
2254 2553 2520 2625 migravit
2557 2554 2626 2612 ad
2661 2554 2974 2613 Christum.

2027 2643 2238 2699 Eodem
2289 2643 2380 2698 die
2433 2643 2583 2715 apud
2636 2644 2997 2715 Pentapolim
3053 2643 3264 2716 Libyae,
3317 2645 3600 2704 Theodori

1954 2732 2236 2804 episcopi,
2272 2731 2472 2788 lremei
2499 2731 2746 2802 diaconi,
2775 2732 3108 2804 Serapionis
3130 2738 3186 2791 et
3213 2735 3497 2791 Ammonii
3523 2735 3602 2793 le-

1953 2825 2200 2877 ctorum.

2023 2911 2089 2964 Et
2124 2909 2276 2981 apud
2310 2907 2612 2980 Syrmium,
2640 2907 2832 2964 natale
2864 2907 3052 2964 sancti
3076 2909 3326 2966 Montani
3359 2911 3600 2982 presby-

1950 2997 2083 3066 teri,
2121 2997 2216 3068 qui
2249 3012 2378 3054 cum
2405 2993 2652 3052 Maxima
2683 3010 2863 3052 uxore
2897 3009 3002 3052 sua
3045 3001 3264 3067 tentus,
3309 3002 3367 3053 et
3410 2998 3464 3055 in
3497 3000 3599 3056 llu-

1873 3092 1922 3154 C
1954 3085 2106 3141 vium
2160 3084 2565 3156 praecipitatus
2610 3089 2742 3150 est;
2794 3098 3040 3156 corpora
3080 3100 3282 3143 eorum
3326 3101 3476 3143 nono
3525 3089 3596 3144 ab

1953 3174 2098 3230 urbe
2132 3173 2322 3246 lapide
2355 3174 2587 3229 inventa
2629 3177 2685 3228 et
2719 3171 2950 3244 sepulta
2983 3177 3141 3229 sunt.

2430 3271 2490 3325 Β.
2526 3270 2594 3325 νι
2628 3269 2782 3349 Κᾼι.
2819 3270 3114 3326 APRILIS.

2604 3367 2695 3438 (27
2725 3365 2938 3437 Mart.)

2019 3472 2182 3543 Apud
2224 3474 2551 3544 Egyptum,
2598 3473 2752 3528 beati
2793 3472 3030 3530 Joannis
3071 3473 3364 3543 Eremitaa,
3418 3474 3595 3531 admi-

1949 3561 2144 3616 randae
2167 3561 2504 3618 sanctitatis
2527 3561 2656 3631 viri,
2686 3561 2782 3633 qui
2806 3561 2981 3618 etiam
3006 3561 3347 3633 prophetico
3370 3561 3590 3634 spiritu

1948 3648 2176 3719 plenus,
2211 3649 2532 3705 Theodosio
2566 3649 2902 3721 imperatori
2947 3650 3464 3722 Christianissimo,
3511 3652 3593 3708 vi-

1947 3737 2166 3794 ctorias
2198 3738 2269 3795 de
2302 3739 2566 3809 tyrannis
2598 3738 2878 3795 maximas
2912 3739 3184 3810 praedixit
3208 3739 3255 3795 ά.

2439 3834 2498 3889 C.
2533 3834 2577 3888 V
2611 3835 2765 3890 KAL.
2804 3834 3096 3890 APRILIS.

2597 3933 2689 3995 (28
2725 3929 2914 4000 Mart)

2015 4028 2180 4102 Apud
2214 4028 2524 4087 Caesariam
2547 4027 2878 4098 Palestina),
2910 4032 3245 4086 sanctorum
3271 4034 3587 4102 martyrum

1943 4119 2151 4188 Prisci,
2187 4119 2415 4188 Malchi,
2449 4123 2509 4175 et
2544 4116 2854 4174 Alexandri
2883 4135 2896 4172 :
2923 4117 3017 4188 qui
3055 4118 3463 4189 persecutione
3490 4119 3590 4176 Va-

1943 4207 2168 4277 leriani,
2195 4223 2325 4264 cum
2347 4207 2744 4264 suburbanum
2769 4204 3019 4276 agellum
3045 4207 3399 4278 supradictae
3425 4207 3588 4266 urbis

1942 4297 2296 4365 habitarent,
2323 4300 2499 4367 atque
2528 4295 2584 4351 in
2615 4309 2680 4352 ea
2713 4295 2976 4352 cmlestis
3006 4295 3270 4366 martyrii
3304 4311 3589 4368 propone-

1945 4391 2149 4442 rentur
2179 4399 2452 4441 coronae:
2481 4383 2677 4440 divino
2711 4384 2841 4440 fidei
2877 4383 3074 4440 calore
3104 4385 3395 4453 succensi,
3431 4385 3586 4441 ultro

213 4468 401 4528 factum
434 4476 532 4527 est
563 4475 623 4528 ut
639 4449 976 4528 'ofl‘enderet
1007 4449 1296 4530 Iulianum
1329 4473 1737 4545 imperatorem
1773 4449 1826 4530 in
1860 4449 1911 4509 D
1938 4475 2192 4545 judicem
2233 4473 2534 4543 adeuntes,
2574 4488 2681 4529 cur
2722 4478 2944 4529 tantum
2989 4473 3044 4528 in
3088 4449 3426 4542 sanguinem
3468 4472 3587 4546 pio-

213 4556 362 4616 rheda
387 4575 566 4616 aurea
592 4561 912 4617 sedentem.
941 4561 1044 4628 Qui
1069 4563 1295 4618 eminus
1310 4562 1680 4634 conspiciens
1703 4563 1828 4632 Pig-

213 4649 458 4718 menium,
493 4649 690 4705 vocari
723 4664 854 4706 eum
888 4651 1167 4722 praecepit
1200 4651 1469 4722 dixitque
1500 4651 1552 4706 ei
1586 4669 1599 4706 :
1635 4651 1825 4708 Gloria

213 4733 285 4790 dis
305 4737 644 4808 deabusque
669 4739 832 4808 meis,
861 4740 992 4810 quia
1016 4744 1075 4795 te
1098 4740 1284 4796 video.
1315 4740 1414 4796 Cui
1449 4740 1537 4796 vir
1569 4740 1667 4795 Dei
1704 4740 1828 4809 Pig-

212 4827 412 4884 menius
444 4827 603 4884 illico
633 4829 934 4901 respondit
974 4850 984 4884 :
1023 4829 1212 4885 Gloria
1246 4831 1480 4886 Domino
1525 4845 1651 4887 meo
1688 4833 1824 4887 Jesu

213 4912 420 4972 Christo
451 4918 749 4974 Nazarene
780 4918 1080 4989 cruciﬁxo,
1117 4919 1247 4989 quia
1284 4925 1338 4974 te
1373 4935 1481 4976 non
1514 4919 1703 4977 video.
1741 4921 1825 4977 Ad

213 4999 336 5060 hanc
356 5020 553 5062 vocem
579 5005 765 5062 iratus
785 5006 1070 5077 Julianus,
1098 5007 1276 5076 jussit
1301 5023 1430 5064 eum
1457 5023 1560 5080 per
1592 5014 1824 5082 pontem

215 5087 256 5143 in
289 5093 529 5150 Tiberim
572 5094 948 5166 pracipitari.
984 5095 1161 5166 Cujus
1192 5111 1406 5168 corpus
1439 5097 1734 5155 inventum
1766 5103 1828 5154 et

216 5178 521 5254 collectum,
548 5184 844 5255 sepultum
866 5185 1027 5241 estin
1051 5185 1388 5242 coemetcrio
1401 5188 1686 5259 Pontiani,
1714 5204 1823 5246 non

218 5264 356 5340 longe
387 5288 415 5329 a
449 5273 676 5330 sanctis
709 5274 909 5331 Abdon
940 5279 1003 5331 et
1034 5275 1271 5332 Scnncs.

272 5422 426 5504 ηιμ),
461 5425 752 5504 ripialog.
787 5427 954 5504 Cre_g.
989 5427 1144 5504 Tur.,
1179 5427 1250 5485 de
1281 5427 1412 5488 Vita
1443 5431 1574 5501 PP.,
1608 5445 1734 5504 cap.
1771 5437 1820 5489 1.

273 5489 455 5571 ιξξζῇᾱθ
487 5489 747 5571 lihellufn
781 5499 851 5554 de
884 5489 1036 5556 Fest.
1073 5489 1274 5571 Apost.

276 5569 298 5598 ο
323 5563 513 5624 Victor
545 5569 665 5624 Afr.
704 5568 740 5624 l.
776 5584 855 5625 ιιι.

1941 4578 2064 4618 rum
2097 4562 2426 4632 desaeviret,
2462 4562 2792 4632 objurgant.
2828 4561 2986 4628 Quos
3017 4560 3114 4618 ille
3142 4561 3443 4632 continuo,
3480 4577 3584 4634 pro

1940 4652 2154 4710 Christi
2191 4651 2441 4721 nomine,
2478 4650 2686 4708 bestiis
2722 4650 2966 4706 tradidit
2997 4651 3386 4708 devorandos.

2008 4743 2078 4797 Et
2110 4741 2262 4814 apud
2289 4742 2490 4796 urbem
2515 4739 3026 4810 Cabillonensium,
3053 4739 3344 4812 depositio
3369 4739 3583 4795 Gunth-

1937 4831 2097 4887 ranni
2132 4830 2286 4900 regis
2335 4831 2706 4898 Francorum,
2748 4828 2856 4885 viri
2901 4828 3181 4900 religiosi,
3237 4828 3332 4898 qui
3385 4826 3463 4883 ita
3515 4841 3579 4883 se

1935 4918 2339 4990 Spiritualibus
2369 4917 2700 4974 actionibus
2733 4917 3102 4990 mancipavit,
3139 4922 3202 4973 ut
3224 4913 3445 4972 relictis
3476 4930 3582 4970 sm-

1936 5007 2049 5066 culi
2089 5007 2332 5079 pompis,
2362 5008 2672 5064 thesauros
2693 5023 2830 5064 suos
2854 5005 3120 5064 ecclesiis
3139 5011 3200 5062 et
3226 5002 3578 5075 pauperibus

1936 5101 2227 5165 erogaret.
2928 5152 2932 5158 .

2004 5193 2028 5222 θ
2061 5187 2201 5241 Item
2233 5185 2376 5241 Sixti
2413 5200 2594 5258 papze,
2629 5186 2725 5257 qui
2770 5187 2964 5242 Romae
3004 5181 3159 5238 sedit
3196 5195 3380 5240 annos
3419 5189 3578 5242 octo.

1935 5274 2036 5331 Hic
2068 5273 2503 5332 criminatorem
2532 5289 2721 5346 suum,
2759 5275 2997 5328 Bassum
3034 5270 3286 5344 nomine,
3319 5278 3464 5332 nutu
3498 5273 3584 5330 di-

2003 5427 2031 5466 d
2063 5427 2192 5484 Ruf.
2224 5428 2267 5482 l.
2302 5441 2362 5496 η,
2396 5441 2523 5496 cap.
2559 5430 2643 5481 19.

2003 5506 2028 5536 θ
2059 5469 2744 5558 ἱῖὦῖἰῖῐῖέᾶἰθνὲῗᾎέῗιῖει
2771 5492 2967 5552 Sixtus
2998 5509 3080 5553 ιιι.
