4004 6168
327 301 442 368 ’243

1392 297 1447 352 8.
1492 295 1750 352 ADONIS
1789 288 2225 350 ARCHIEPISC.
2264 282 2683 343 VIENNENSIS

3643 271 3762 326 244

333 431 469 491 vino
500 431 790 488 mortuum
822 425 1088 484 manibus
1120 423 1240 483 suis
1267 437 1398 482 cum
1437 419 1874 478 linteaminibus
1911 415 2057 477 et.A
2087 415 2152 470 es
2195 411 2543 470 Alexandro.
2581 407 2732 464 Dixit
2765 405 2820 462 ei
2851 402 3130 472 Quirinus
3163 418 3177 456 :
3211 399 3330 471 Ego
3369 395 3763 456 Christianus

339 517 705 581 Iromatibus
719 520 1000 585 tractans,
1018 513 1329 585 sepelivita
1338 511 1453 584 pud
1470 512 1700 568 beatum
1730 510 1986 563 Petrum.

817 613 882 668 D.
916 611 986 668 IV
1017 611 1174 667 KAL.
1209 609 1506 666 APRILIS.

1013 707 1098 780 (29
1127 705 1342 777 Mart.)

420 805 723 882 Depositio
757 804 990 864 abbatis
1018 803 1290 874 Eustasii,
1337 799 1610 873 discipuli
1655 797 1843 857 sancti
1891 798 1996 854 Co-

349 895 635 968 lumbani,
671 895 766 968 qui
794 898 960 968 pater
990 893 1168 949 ferme
1196 894 1608 949 sexcentorum
1623 887 1857 946 exstitit
1878 899 1998 942 mo-

329 988 698 1057 nachorum,
721 988 782 1042 et
801 983 940 1041 vitae
965 981 1280 1040 sanctitate
1298 978 1674 1052 conspicuus,
1698 977 1872 1035 etiam
1895 973 1998 1031 mi-

351 1074 570 1135 raculis
599 1072 832 1132 claruit.
933 1135 936 1140 _

415 1165 681 1224 ‘Eodem
713 1163 808 1221 die
839 1160 992 1235 apud
1035 1159 1291 1218 Africam
1330 1163 1664 1216 sanctorum
1705 1155 1999 1213 confesso-

351 1269 480 1313 rum
529 1251 914 1322 Armogastis,
957 1247 1294 1320 Archimini,
1338 1253 1399 1305 et
1437 1246 1625 1320 Satyri
1658 1265 1671 1302 :
1703 1245 1802 1317 qui
1845 1243 2000 1317 apud

359 1341 612 1402 Africam
672 1344 935 1412 tempore
990 1336 1323 1394 Vandalicas
1383 1333 1831 1408 persecutionis,
1891 1331 1999 1390 sub

359 1429 674 1489 Genserico
689 1442 825 1498 rege
839 1427 1050 1483 Ariauo
1074 1440 1206 1482 cum
1228 1429 1427 1482 essent
1448 1422 1810 1481 lucidissima
1836 1435 2004 1478 mem-

359 1521 466 1578 bra
497 1516 775 1576 Ecclesiae
807 1513 1042 1586 Christi,
1075 1517 1136 1570 et
1179 1513 1527 1590 pravitatem
1562 1511 1906 1568 Arianorum
1938 1507 2002 1564 li-

355 1607 584 1666 bertate
613 1603 902 1663 catholica
937 1603 1275 1674 frequenter
1295 1605 1630 1674 arguerent,
1655 1615 1760 1672 pro
1779 1599 2002 1656 confes-

353 1695 517 1754 sione
547 1694 836 1765 veritatis,
871 1691 1052 1749 multa
1083 1696 1144 1748 et
1175 1691 1372 1762 gravia
1416 1691 1674 1763 perpessi
1717 1687 2000 1761 supplicia

2103 519 2228 560 sum
2254 505 2485 567 factus;
2519 501 2608 556 vis
2641 497 2929 566 occidere,
2962 493 3052 551 vis
3086 491 3392 560 instigare,
3426 487 3519 544 vis
3553 485 3768 542 incen-

2103 595 2276 653 dere?
2307 591 2464 650 aliud
2497 606 2604 647 non
2638 604 2758 646 ero.
2797 589 2934 643 Nam
2965 597 3168 640 omnes
3201 579 3300 651 qui
3329 581 3498 634 erant
3534 576 3592 632 in
3627 590 3768 632 car-

2103 699 2260 755 cere,
2287 682 2397 740 feei
2421 681 2544 738 ﬁeri
2569 677 2952 745 Christianos,
2969 676 3026 730 et
3051 669 3244 728 dimisi
3267 683 3390 738 eos,
3419 665 3526 722 sed
3552 663 3769 721 nolue-

2105 753 2509 844 runt-usquam
2535 770 2640 828 ire.
2664 769 2857 824 Iratus
2882 761 3251 830 Aurelianus,
3270 757 3404 814 fecit
3421 753 3770 840 eiliynguam

2107 837 2393 932 abscindi,
2445 858 2654 916 deinde
2697 857 2754 912 in
2793 853 3044 926 equuleo
3095 846 3396 920 suspendi.
3451 837 3563 912 Qui
3619 840 3773 898 dum

2108 950 2402 1010 Aureliani
2439 965 2548 1006 non
2581 946 2820 1006 cederet
2852 941 3101 1014 injuriis,
3130 937 3311 1011 jussit
3344 936 3396 992 ei
3440 946 3663 990 manus
3707 934 3773 988 et

2109 1043 2290 1118 pedes
2329 1037 2616 1108 abscindi,
2659 1040 2717 1092 et
2759 1034 2845 1092 sic
2885 1047 3017 1089 eum
3058 1025 3358 1097 decollari,
3401 1033 3460 1080 et
3504 1021 3776 1080 canibus

2111 1109 2314 1206 projici
2349 1149 2363 1186 :
2399 1128 2505 1186 sed
2537 1123 2851 1183 Christiani
2883 1134 3100 1194 corpus
3130 1117 3259 1188 ejus
3290 1117 3547 1187 raptum,
3584 1111 3653 1168 in
3674 1109 3776 1167 via

2111 1201 2293 1294 Appia
2325 1217 2706 1292 sepelierunt,
2743 1213 2798 1270 in
2832 1209 3170 1270 coemeterio
3203 1201 3576 1262 Praetextati.

2492 1341 2550 1396 F.
2593 1338 2832 1396 PRIDIE
2871 1335 3024 1391 KAL.
3071 1328 3364 1387 APRILIS.

2758 1460 2844 1526 (34
2878 1456 3091 1525 Mart.)

2181 1594 2396 1662 Romae,
2432 1587 2624 1647 natale
2647 1589 2868 1644 sanctae
2892 1581 3166 1652 Balbina,
3201 1577 3335 1635 ﬁliae
3359 1572 3590 1644 Quirini
3614 1587 3787 1662 mar-

2112 1682 2281 1754 tyris.
2299 1661 2406 1748 Qui
2431 1681 2638 1735 beatus
2663 1679 2882 1754 martyr
2901 1671 3120 1730 tollens
3143 1669 3329 1726 boiam
3355 1667 3425 1722 de
3449 1663 3608 1722 collo
3639 1661 3788 1718 Ale-

361 1789 539 1857 atque
559 1781 897 1857 approbria,
919 1795 1154 1838 cursum
1177 1753 2000 1849 gloriosicertaminis'imple-
2028 1773 2082 1834 B
2109 1753 2315 1828 xandri
2341 1784 2505 1842 papae
2530 1753 2852 1824 secundum
2874 1762 3200 1834 jussionem
3221 1758 3370 1828 ejus,
3396 1769 3530 1812 cum
3557 1765 3788 1826 perge-

353 1876 582 1930 verunt.

832 1941 893 1997 E.
929 1941 1002 1996 III
1035 1941 1194 1996 KAL.
1227 1939 1520 1995 APRILIS.

1017 2038 1106 2109 (30
1133 2035 1346 2110 Mart.)

426 2137 646 2208 Romae,
667 2131 861 2192 natale
881 2133 1065 2192 sancti
1087 2133 1308 2201 Quirini
1327 2134 1374 2205 δ,
1401 2132 1620 2190 tribuni
1637 2133 2000 2204 etmartyris,

358 2225 470 2284 sub
486 2225 730 2296 Trajano
753 2223 1107 2296 imperatore
1132 2242 1144 2278 :
1171 2222 1424 2294 quicum
1447 2237 1518 2278 ex
1555 2226 1848 2294 praecepto
1879 2219 2006 2290 ejus

359 2311 594 2372 beatum
627 2311 1016 2369 Alexandrum
1060 2325 1263 2383 papam
1305 2311 1360 2382 (5
1397 2310 1600 2382 Maii),
1643 2315 1703 2366 et
1741 2311 2004 2366 Hermem

362 2402 704 2475 praefectum
727 2400 785 2456 in
808 2397 1040 2456 vincula
1066 2399 1440 2468 conjecisset,
1456 2399 1814 2469 haberetque
1828 2397 2005 2453 ﬁliam

359 2489 528 2561 cujus
557 2487 773 2545 collum
797 2491 1020 2544 struma
1045 2486 1536 2558 circumdederat,
1563 2486 1780 2543 auditis
1801 2487 2010 2542 exhor-

362 2575 686 2635 tationibus
709 2575 864 2632 beati
879 2577 1102 2632 Hermas
1119 2575 1190 2632 de
1203 2575 1316 2632 ﬁde
1331 2575 1565 2646 Christi,
1582 2581 1642 2631 et
1655 2575 1793 2632 visis
1805 2573 2006 2646 signis,

362 2680 491 2738 quae
519 2667 674 2722 Deus
705 2663 762 2720 in
795 2664 1150 2736 martyribus
1181 2664 1309 2721 suis
1343 2662 1671 2720 Alexandro
1702 2669 1762 2721 et
1803 2665 2010 2720 Herme

362 2753 740 2828 operabatur,
774 2752 958 2825 ipsam
1003 2753 1204 2810 eadem
1249 2751 1426 2808 ﬁliam
1477 2767 1642 2808 suam
1681 2751 1899 2809 obtulit
1939 2751 2010 2808 ad

361 2839 703 2900 sanandum.
737 2841 838 2898 Cui
873 2839 1021 2898 dixit
1053 2841 1112 2897 Β.
1150 2839 1512 2898 Alexander:
1536 2839 1695 2897 Tolle
1727 2840 1916 2897 boiam
1941 2839 2012 2896 de

361 2930 518 2989 collo
540 2943 690 3001 meo,
715 2935 775 2987 et
793 2930 1024 3002 impone
1043 2929 1116 2987 ei.
1147 2929 1313 2998 Quod
1335 2945 1467 2987 cum
1490 2929 1834 2988 obedienter
1849 2934 2014 3002 pater

363 3018 492 3090 ejus
537 3023 981 3091 exsequeretur,
1015 3018 1212 3076 divino
1245 3013 1391 3076 nutu
1420 3018 1617 3076 subito
1657 3024 1859 3076 sanata
1901 3023 2011 3094 est.

2111 1868 2203 1920 ret
2232 1866 2294 1918 ut
2329 1859 2480 1916 collo
2503 1857 2635 1914 ﬁlia;
2659 1871 2780 1913 sua:
2805 1859 3085 1910 strumam
3108 1847 3382 1906 habentis
3406 1845 3783 1916 imponeret,

2111 1969 2250 2012 ecce
2291 1950 2488 2008 subito
2520 1962 2665 2021 puer
2695 1960 2826 2002 cum
2860 1940 3048 1999 facula
3081 1935 3391 2012 apparuit:
3419 1948 3595 2006 quem
3631 1945 3790 1988 con-

2113 2047 2230 2102 stat
2247 2039 2514 2111 angelum
2538 2036 2636 2093 Dei
2661 2034 2844 2092 fuisse
2866 2035 2927 2088 et
2947 2027 3108 2086 venit
3131 2027 3202 2084 ad
3227 2023 3499 2098 puellam,
3518 2021 3747 2078 dicens
3765 2037 3784 2074 :

2113 2131 2281 2190 Salva
2304 2133 2454 2200 esto,
2479 2127 2619 2184 etin
2639 2121 2977 2194 virginitate
3001 2123 3100 2175 tua
3136 2127 3430 2190 permane,
3464 2115 3522 2168 et
3558 2125 3678 2182 ego
3714 2112 3789 2165 te

2115 2220 2320 2278 faciam
2360 2217 2562 2274 videre
2602 2227 2880 2286 sponsum
2919 2214 3106 2277 tuum,
3151 2205 3248 2277 qui
3281 2218 3386 2276 pro
3418 2215 3618 2259 amore
3667 2205 3790 2255 tuo

2115 2309 2456 2382 sanguinem
2490 2319 2660 2362 suum
2693 2302 2860 2360 fudit.
2893 2295 3250 2356 Perveniens
3281 2293 3461 2364 igitur
3493 2297 3674 2363 pater
3711 2290 3790 2344 ut.

2117 2377 2448 2474 perficeret,
2475 2393 2628 2466 quod
2653 2393 2724 2450 de
2749 2391 2878 2448 boia
2899 2389 2952 2446 ei
2969 2387 3200 2459 jussum
3224 2386 3435 2474 fuerat,
3470 2377 3636 2436 videt
3678 2390 3796 2474 su-

2117 2468 2240 2547 bito
2263 2487 2437 2544 ﬁliam
2469 2497 2632 2541 suam
2666 2495 2884 2552 sanam,
2918 2493 3048 2550 quae
3079 2472 3447 2548 postmodum
3481 2483 3512 2525 a
3556 2468 3794 2524 sancto

2117 2575 2450 2635 Alexandro
2473 2571 2768 2646 baptizata
2791 2571 2904 2639 est,
2928 2571 2989 2624 et
3011 2566 3302 2621 instructa
3326 2561 3382 2616 in
3395 2556 3790 2646 virginitate,

2120 2665 2290 2738 plena
2311 2643 2590 2736 operibus
2615 2658 2782 2718 bonis
2805 2655 3146 2730 permansit.
3173 2651 3274 2708 Cui
3299 2662 3456 2738 saepe
3469 2643 3796 2738 osculanti

2121 2733 2510 2826 boiamipsam
2525 2752 2585 2807 B.
2613 2745 2926 2806 Alexandri
2953 2743 3099 2800 dixit
3125 2743 3368 2798 sanctus
3392 2733 3741 2826 Alexander
3769 2751 3790 2787 :

2121 2843 2330 2900 Desine
2348 2821 2501 2898 hanc
2525 2839 2711 2896 boiam
2733 2833 3008 2904 osculari,
3035 2830 3140 2888 sed
3165 2827 3360 2902 potius
3392 2821 3632 2896 require
3668 2823 3801 2878 Do-

2123 2931 2260 2988 mini
2284 2929 2394 2987 mei
2424 2927 2583 2986 Petri
2615 2924 2866 2994 vincula,
2901 2927 2959 2980 et
2991 2937 3059 2978 ea
3089 2917 3380 2976 osculare.
3412 2915 3574 2971 Tunc
3606 2909 3792 2966 dedit

2123 3035 2380 3092 operam,
2406 3023 2467 3076 et
2490 3031 2714 3074 summo
2737 3013 2934 3070 studio
2957 3013 3088 3083 post
3115 3005 3472 3064 desiderium
3497 3012 3796 3071 magnum

362 3088 922 3164 Vocabatur'autem
945 3088 1070 3180 ipsa
1096 3107 1333 3164 Balbina
1360 3127 1372 3162 :
1395 3113 1571 3178 atque
1593 3107 1674 3164 ita
1697 3113 1864 3180 pater
1883 3088 2011 3179 ejus
2046 3128 2095 3191 α
2125 3088 2388 3182 pervenit
2415 3106 2483 3162 ad
2509 3105 2606 3161 illa
2631 3102 2991 3172 tradiditque
3014 3101 3069 3156 S.
3102 3097 3417 3154 Theodorus
3448 3088 3802 3160 religiosis-

367 3193 643 3262 Quirinus
673 3199 734 3250 et
763 3194 910 3266 ipsa,
945 3209 1074 3252 cum
1113 3195 1400 3252 universis
1421 3195 1518 3266 qui
1552 3195 1607 3250 in
1629 3197 1897 3252 custodia
1932 3201 2014 3252 te-

365 3282 675 3352 nebantur,
696 3281 969 3353 omnique
991 3281 1164 3338 domo
1179 3297 1305 3353 sua,
1343 3282 1678 3354 baptizatus
1698 3287 1806 3340 est.
1847 3281 2013 3348 Quod

369 3374 436 3428 ut
488 3367 780 3427 nuntiavit
833 3369 1378 3427 Commentariensis
1435 3369 1746 3428 Aureliano
1803 3370 2010 3442 judici,

371 3457 744 3529 iratusjussit
771 3457 979 3516 adduci
1005 3457 1306 3526 Quirinum
1338 3459 1409 3516 ad
1433 3474 1515 3530 se,
1541 3464 1602 3516 et
1624 3458 1770 3516 dixit
1791 3457 2012 3530 eizEgo

369 3550 429 3604 te
451 3545 616 3620 quasi
629 3544 810 3604 ﬁlium
823 3546 1031 3616 dilexi;
1056 3551 1117 3605 tu
1141 3551 1334 3605 autem
1357 3546 1590 3606 irrisisti
1614 3562 1703 3605 me
1726 3545 2012 3620 deceptus

441 3679 470 3710 ι
497 3668 718 3728 Victor.
751 3670 870 3728 Afr.
906 3671 1015 3730 sub
1044 3670 1214 3729 ﬁnem
1245 3671 1287 3728 l.
1322 3685 1342 3729 ι

2127 3181 2289 3254 simae
2313 3194 2558 3264 feminae,
2586 3191 2772 3250 sorori
2797 3191 2850 3247 S.
2877 3185 3166 3245 Hermetis
3189 3182 3451 3258 praefecti
3475 3185 3532 3237 et
3559 3181 3803 3264 marty-

2125 3285 2229 3340 ris.
2256 3286 2386 3356 lpsa
2417 3263 2558 3339 vero
2586 3281 2750 3350 virgo
2783 3277 3020 3335 Balbina
3054 3278 3186 3347 post
3230 3272 3526 3330 devictum
3569 3263 3800 3323 saeculi

2126 3371 2304 3442 hujus
2335 3384 2593 3440 cursum,
2620 3366 2907 3439 sepelitur
2925 3363 3093 3434 juxta
3117 3365 3341 3434 patrem
3367 3373 3536 3416 suum
3561 3357 3804 3442 marty:

2129 3439 2249 3516 rem
2271 3439 2594 3528 Quirinum,
2619 3456 2712 3514 via
2736 3454 2940 3528 Appia,
2966 3453 3024 3510 in
3055 3449 3394 3511 coemeterio
3427 3439 3799 3504 Prmtextatl

2123 3562 2163 3606 ll
2195 3547 2315 3604 Kal.
2352 3546 2590 3619 Aprilis.

2193 3671 2221 3710 υ
2250 3672 2330 3728 De
2359 3685 2429 3728 eo
2460 3669 2516 3728 in
2547 3667 2736 3742 gestis
2768 3665 3046 3725 Alexand.
3084 3679 3268 3740 papae.

1708 3956 2007 4014 LITANUE
2046 3955 2441 4012 INDICENDIE

1705 4131 2025 4206 MENSIS
2095 4129 2442 4204 APRILIS

1401 4329 1604 4380 ΗΑΒΕΤ
1655 4329 1800 4382 DIES
1848 4328 2020 4391 XXX;
2087 4328 2250 4380 LUNA
2309 4329 2508 4394 VERO,
2563 4329 2739 4380 XXIX.

901 4585 962 4640 G.
1000 4585 1156 4642 ΚΑΒ.
1185 4584 1482 4642 APRILIS.

1062 4682 1112 4753 (4
1145 4681 1316 4756 Arn)

443 4779 659 4850 Romae,
693 4775 1043 4836 beatissima:
1073 4778 1388 4836 Theodorae
1415 4788 1463 4850 ι,
1497 4777 1720 4836 sororis
1742 4778 2018 4838 illustris-

371 4867 498 4926 simi
522 4864 797 4940 martyris
818 4864 1108 4922 Hermetis
1121 4880 1292 4936 quam
1308 4867 1516 4925 beatus
1527 4865 1854 4924 Alexander
1865 4883 2014 4941 papa

371 4960 433 5014 et
453 4960 674 5026 martyr
695 4953 993 5026 instruxit,
1020 4952 1358 5026 baptizavit,
1385 4959 1560 5026 atque
1584 4953 1639 5011 in
1665 4954 1777 5011 ﬁde
1801 4955 2013 5014 Christi

372 5045 593 5103 docuit.
619 5045 756 5113 Qnm
769 5044 878 5103 sub
891 5041 1201 5100 Aureliano
1215 5041 1567 5114 imperatore
1591 5043 2009 5116 martyrizavit.

373 5131 609 5204 Sepulta
633 5134 802 5204 juxta
834 5133 1071 5191 fratrem
1111 5145 1275 5188 suum
1301 5135 1633 5202 martyrem,
1657 5130 1749 5189 via
1771 5132 2010 5202 Salaria,

371 5231 485 5276 non
515 5217 688 5291 longe
719 5223 792 5279 ab
822 5223 967 5280 urbe
999 5222 1194 5278 Roma.

440 5305 655 5364 Eodem
687 5308 782 5365 die
809 5311 865 5366 S.
899 5308 1165 5368 Venantii
1195 5305 1454 5382 episcOpi
1486 5310 1546 5364 et
1575 5306 1864 5376 martyris.

439 5397 511 5454 Et
548 5395 604 5452 in
647 5409 794 5468 pago
833 5398 1210 5470 Wimnoensi,
1251 5395 1436 5456 sancti
1477 5395 1747 5452 Walariei
1789 5395 2013 5452 confes-

370 5484 539 5558 soris,
555 5481 722 5555 cujus
736 5482 1073 5556 sepulcrum
1087 5485 1314 5546 crebris
1336 5482 1632 5542 miraculis
1655 5481 2005 5541 illustratur.

439 5637 470 5670 ⁸
495 5629 576 5688 De
603 5639 670 5686 ea
702 5623 758 5684 in
788 5621 970 5698 gestis
1001 5625 1164 5684 Alex.
1195 5629 1388 5702 Papa).

2049 4587 2104 4648 D

2564 4590 2629 4646 Α.
2664 4589 2734 4646 ιν
2765 4588 3001 4647 NONAS
3029 4588 3328 4646 APRJLIS.

2363 4735 2368 4740 .
2828 4685 2886 4758 (2
2913 4686 3083 4760 Apr.)

2195 4781 2414 4840 Natalis
2441 4782 2495 4838 S.
2532 4781 2760 4854 Nicetii,
2785 4782 3190 4854 Lugdunensis
3213 4781 3500 4856 episCOpi,
3527 4784 3709 4856 cujus
3734 4791 3804 4844 et

2124 4869 2242 4926 vita
2271 4868 2568 4928 miraculis
2598 4869 2829 4941 claruit,
2856 4875 2912 4928 et
2936 4871 3191 4943 pretiosa
3219 4887 3376 4930 mors
3398 4871 3804 4932 nihilominus

2124 4956 2420 5015 miraculis
2450 4959 2908 5018 commendatur.

2191 5045 2220 5082 δ
2247 5046 2318 5100 Ει
2349 5047 2500 5118 apud
2533 5050 2850 5106 Caesaream
2881 5049 3286 5120 Cappadociae,
3325 5049 3523 5122 passio
3559 5056 3803 5112 sanctae

2121 5132 2456 5190 Theodosia)
2485 5135 2722 5205 virginis
2756 5156 2768 5190 :
2805 5151 2934 5207 quze
2959 5141 3223 5210 tempore
3247 5137 3624 5211 Diocletiani,
3650 5157 3804 5200 cum

2122 5226 2275 5280 esset
2309 5237 2588 5280 annorum
2623 5225 2974 5296 octodecim,
3012 5225 3170 5284 ultro
3203 5243 3266 5285 se
3297 5229 3520 5286 sanctis
3553 5235 3804 5293 confes-

2123 5308 2356 5366 soribus
2386 5308 2441 5364 in
2471 5311 2734 5367 custodia
2767 5313 3018 5385 socians,
3051 5318 3216 5373 tenta
3249 5318 3323 5373 ab
3354 5319 3592 5376 Urbano
3645 5337 3807 5392 pran-

2124 5397 2296 5465 fecto,
2328 5399 2387 5450 et
2419 5395 2475 5451 in
2505 5397 2756 5468 equuleo
2781 5401 3041 5458 cruciata
3071 5421 3086 5470 ;
3121 5403 3332 5462 deinde
3357 5407 3515 5463 ferro
3540 5413 3775 5468 onusta

2119 5487 2180 5540 et
2201 5482 2256 5538 in
2280 5496 2573 5541 carcerem
2599 5489 2761 5542 trusa
2789 5506 2802 5542 :
2831 5487 2908 5545 ibi
2936 5490 3156 5549 virtute
3181 5493 3300 5565 Dei,
3327 5494 3519 5550 omnia
3547 5471 3803 5556 vincula

2191 5623 2220 5662 δ
2248 5623 2458 5682 Euseb.
2493 5627 2534 5682 Ι.
2568 5641 2690 5699 vm,
2723 5643 2776 5688 c.
2807 5635 2894 5687 17.
