4004 6168
282 246 385 302 245

279 369 410 443 ejus
443 370 717 446 disrupta
750 377 909 432 sunt.
934 375 1071 432 Post
1097 375 1222 434 hmc
1247 391 1388 435 saxo
1409 377 1668 451 alligata,
1697 379 1752 438 in
1779 395 1934 439 mare
1967 378 2019 439 A

279 476 476 520 mersa
508 467 600 520 est
628 481 643 532 ;
675 463 779 521 sed
813 479 946 522 mox
975 463 1276 524 littoribus
1308 466 1615 525 incolumis
1684 470 1932 542 reddita,

279 552 518 623 bestiis,
553 552 609 610 in
643 552 1030 626 amphiteatro
1056 555 1354 628 projectze,
1381 559 1536 614 etab
1569 557 1658 615 his
1693 559 1930 632 intacta,

279 640 629 714 martyrium
661 642 874 714 capitis
905 643 1235 701 abscisione
1268 644 1438 716 digne
1471 647 1804 719 complevit.

715 758 776 814 B.
821 758 895 814 III
933 759 1169 816 NONAS
1207 761 1502 818 APRILIS.

970 859 1032 922 (δ
1083 858 1253 930 Apr.)

348 967 766 1040 Thessaloniae,
819 969 1033 1028 natalis
1083 973 1176 1030 SS.
1229 972 1516 1045 virginum
1588 975 1802 1048 Agapis
1869 981 1926 1032 et

288 1058 561 1130 Chionize,
597 1061 707 1116 sub
737 1059 1098 1118 Diocletiano
1131 1082 1142 1117 :
1181 1077 1309 1134 qum
1350 1063 1534 1135 primo
1582 1063 1636 1120 in
1688 1079 1927 1122 carcere

289 1152 615 1220 maceratae,
652 1152 783 1221 post
827 1149 883 1206 in
917 1149 1104 1220 ignem
1137 1151 1332 1209 missae
1365 1157 1520 1222 sunt,
1556 1153 1657 1210 sed
1691 1153 1926 1212 intacta)

291 1252 318 1294 a
350 1237 611 1307 ﬂammis,
646 1242 778 1310 post
811 1239 1132 1296 orationem
1157 1240 1226 1298 ad
1251 1240 1550 1299 Dominum
1575 1243 1780 1314 fusam,
1809 1243 1927 1299 ani-

293 1341 408 1383 mas
439 1326 848 1384 reddiderunt.

359 1415 519 1488 Apud
552 1415 864 1489 Scythiam,
901 1416 1140 1476 civitate
1170 1419 1359 1476 Tomis
1391 1419 1604 1478 natalis
1637 1423 1729 1478 SS.
1784 1423 1924 1478 Eva-

291 1505 389 1576 grii
419 1509 475 1560 et
521 1505 779 1576 Benigni.

354 1593 515 1666 Apud
545 1593 988 1653 Tauromenium
1021 1596 1252 1670 Siciliae,
1287 1599 1342 1654 S.
1377 1599 1688 1656 Pancratii.

617 1711 677 1768 C.
721 1713 961 1768 PRIDIE
1002 1714 1235 1771 NONAS
1275 1715 1568 1772 APRILIS.

976 1813 1031 1878 (4
1068 1814 1238 1885 Apr.)

350 1907 666 1980 Mediolani,
734 1907 1026 1981 depositio
1075 1911 1134 1965 Β.
1190 1907 1478 1966 Ambrosii
1540 1909 1802 1982 episcopi
1860 1916 1916 1967 et

289 1997 652 2068 confessoris,
682 1997 850 2068 cujus
883 1998 1100 2068 studio,
1131 1997 1283 2055 inter
1315 2004 1526 2056 cetera
1555 1999 1836 2056 doctrinae
1858 2005 1916 2056 et

291 2086 689 2144 miraculorum
740 2088 1008 2159 insignia,
1046 2094 1308 2161 tempore
1358 2087 1585 2146 Arianae
1636 2088 1913 2161 perfidiae,

288 2179 395 2231 tota
425 2175 591 2234 Italia
623 2175 695 2234 ad
729 2177 1085 2234 Catholicam
1116 2193 1399 2235 conversa
1433 2178 1602 2236 fidem
1631 2183 1744 2234 est.

761 2301 822 2356 D.
868 2300 1080 2356 NONIS
1129 2301 1421 2357 APRILIS.

615 2468 625 2471 _
968 2398 1024 2468 (5
1061 2399 1230 2470 Apr.)

345 2492 788 2565 Thessalonicae,
816 2494 1028 2552 natalis
1051 2497 1105 2551 S.
1136 2495 1316 2552 frenis
1340 2495 1602 2566 virginis,
1631 2509 1759 2567 quae
1782 2499 1912 2567 post

282 2582 641 2641 tolerantiam
693 2584 974 2654 carceris,
1013 2585 1228 2654 sagitta
1281 2599 1564 2656 percussa
1594 2589 1652 2640 et
1703 2599 1732 2640 a
1780 2584 1916 2640 Sisi-

283 2672 368 2728 nio
398 2673 606 2730 comite
651 2673 762 2728 sub
799 2688 912 2744 quo
943 2678 1000 2728 et
1035 2688 1272 2730 sorores
1302 2672 1430 2744 ejus
1462 2672 1634 2730 simul
1686 2675 1914 2745 Agapcs

279 2765 336 2819 et
364 2762 590 2819 Chionia
621 2762 1169 2834 martyrizaverunt.

349 2852 483 2907 Item
513 2851 666 2924 apud
698 2850 1026 2923 Egyptum,
1060 2850 1272 2909 natalis
1307 2851 1400 2908 SS.
1457 2851 1770 2921 Martianaa,
1823 2850 1914 2906 Ni-

282 2940 500 2996 canoris
531 2944 590 2996 et
623 2939 931 3012 Apollonii.

345 3029 505 3102 Apud
539 3030 865 3086 Caesaream
899 3027 1103 3100 Lyciae,
1138 3026 1352 3086 natalis
1384 3028 1439 3084 S.
1475 3026 1798 3101 Amphiani.

694 3146 757 3201 E.
807 3145 930 3200 VIII
979 3144 1138 3201 IDUS
1187 3145 1479 3202 APRILIS.

955 3245 1011 3316 (σ
1046 3246 1215 3318 ΛΡΜ

339 3343 577 3400 °Romsa
608 3342 663 3398 8.
699 3340 842 3398 Sixti
876 3357 1041 3415 papae
1073 3345 1131 3398 et
1162 3341 1457 3412 martyris,
1496 3341 1592 3413 qui
1627 3340 1778 3398 rexit
1807 3341 1908 3398 Ec-

278 3431 502 3488 clesiam
535 3446 720 3488 annos
770 3433 992 3502 decem,
1029 3445 1262 3488 menses
1305 3431 1472 3501 duos,
1509 3430 1660 3486 diem
1707 3445 1902 3486 unum.

279 3521 484 3578 Passus
517 3524 610 3577 est
645 3525 836 3578 autem
860 3520 1225 3593 temporibus
1249 3519 1485 3578 Adriani
1510 3518 1901 3592 imperatoris.

717 3635 773 3692 [ε’.
820 3635 914 3690 VII
957 3636 1117 3691 IDUS
1155 3634 1450 3690 APRILIS.

961 3732 1018 3803 (7
1054 3733 1224 3804 Αρνο)

342 3830 612 3903 Egesippi
637 3831 744 3888 viri
768 3829 1146 3901 sanctissimi,
1173 3829 1268 3902 qui
1291 3829 1520 3887 vicinus
1560 3829 1910 3902 apostolico-

277 3933 396 3976 rum
421 3925 772 3991 temporum,
807 3933 1006 3976 omnes
1047 3934 1076 3975 a
1128 3919 1399 3990 passione
1447 3919 1668 3975 Domini
1721 3934 1908 3989 usque

276 4008 342 4063 ad
373 4023 536 4065 suam
569 4011 803 4066 aetatem
833 4006 1382 4065 Ecclesiasticorum
1415 4013 1648 4066 actuum
1700 4012 1908 4064 texens

279 4096 567 4168 historias,
602 4097 900 4168 multaque
923 4097 994 4154 ad
1028 4095 1342 4153 utilitatem
1379 4096 1695 4168 legentium
1731 4097 1910 4169 perti-

278 4187 487 4257 nentia,
523 4186 658 4243 hinc
689 4187 822 4244 inde
845 4201 1230 4257 congregans,
1257 4186 1512 4258 quinque
1545 4185 1727 4243 libros
1759 4201 1910 4243 com-

278 4276 486 4347 posuit,
531 4290 800 4332 sermone
831 4274 1103 4348 simplici,
1141 4280 1202 4332 ut
1237 4291 1481 4347 quorum
1513 4275 1690 4332 vitam
1723 4280 1911 4332 secta-

281 4364 463 4434 batur,
483 4364 713 4421 dicendi
739 4379 966 4436 quoque
989 4363 1780 4435 exprimeretcbaracterem.
1809 4366 1912 4420 As-

1001 250 1606 310 MARTYROLOGIUM
1649 253 1788 311 CUM
1830 253 2356 313 ADDITAMENTIS.
2398 285 2466 298 -—
2506 257 2710 316 MENS.
2751 259 2979 317 APRIL.

1950 1740 2002 1799 Β

1941 3094 1990 3158 C

2512 381 2573 438 G.
2617 381 2689 438 VI
2728 381 2888 440 IDUS
2927 381 3219 442 APRILIS.

2735 479 2792 550 (8
2828 481 2998 552 Apr.)

2113 576 2378 647 Turonis,
2441 577 2630 635 sancti
2682 578 2959 649 Perpetui
3010 577 3292 652 episCOpi,
3329 579 3686 640 admirandas

2044 666 2376 722 sanctitatis
2407 667 2535 736 viri,
2573 667 2743 736 cujus
2779 682 2956 739 opera
2988 667 3268 739 templum
3302 685 3480 741 super
3511 685 3684 728 vene-

2043 755 2220 810 randa
2253 769 2388 811 ossa
2421 755 2576 812 beati
2607 756 2835 814 Martini
2867 756 3150 830 episcopi,
3189 759 3514 829 perfectum
3545 765 3635 816 est
3665 777 3680 827 ;

2041 843 2326 914 cujusque
2359 859 2591 902 sacrum
2623 861 2836 916 corpus
2867 846 2938 902 de
2969 843 3099 903 loco
3150 846 3248 903 ubi
3299 846 3544 919 primum
3592 851 3684 904 tu-

2040 931 2318 990 mulatum
2344 934 2552 1004 fuerat,
2581 934 2650 991 ad
2682 930 2874 991 locum
2902 934 2997 990 ubi
3023 949 3176 992 nunc
3201 935 3486 1009 condigne
3512 951 3682 994 vene-

2039 1026 2222 1093 ratur,
2256 1021 2604 1080 translatum
2635 1028 2692 1079 et
2725 1023 3090 1080 reconditum
3114 1028 3227 1081 est.

2513 1123 2576 1176 A.
2621 1121 2665 1178 V
2704 1122 2864 1178 IDUS
2903 1121 3195 1178 APRILIS.

2725 1222 2780 1291 (7
2817 1220 2987 1293 Αρνι)

2106 1317 2272 1390 Apud
2303 1317 2590 1388 Sirmium,
2625 1317 2837 1374 natalis
2868 1322 3094 1390 septem
3118 1317 3428 1388 virginum,
3464 1331 3593 1390 qua;
3619 1318 3673 1377 in

2035 1422 2207 1464 unum
2241 1411 2578 1465 meruerunt
2610 1407 2877 1465 coronari
2912 1407 3115 1478 quinto
3147 1406 3283 1466 ldus
3314 1406 3548 1480 Aprilis.

2102 1496 2266 1568 Apud
2301 1497 2682 1566 Antiochiam,
2716 1497 2904 1554 sancti
2937 1496 3212 1552 Prochori
3247 1495 3475 1555 diaconi
3497 1504 3540 1568 ο,
3577 1497 3674 1570 qui

2032 1600 2182 1641 unus
2215 1585 2319 1642 fuit
2353 1586 2422 1642 de
2455 1590 2680 1657 septem
2714 1585 2934 1656 primis.

2494 1683 2553 1738 Β.
2599 1684 2666 1738 IV
2709 1683 2867 1738 IDUS
2916 1680 3208 1738 APRILIS.

2705 1781 2796 1851 (40
2831 1779 3000 1854 Apr.)

2103 1877 2427 1934 Ezechielis
2458 1876 2775 1950 pr0phetze.

2103 1969 2167 2022 Et
2194 1966 2343 2038 apud
2362 1968 2615 2034 Romam,
2635 1967 2934 2022 beatorum
2951 1968 3269 2036 martyrum
3285 1963 3664 2037 plurimorum

2030 2071 2176 2126 quos
2209 2055 2417 2111 beatus
2451 2053 2778 2110 Alexander
2811 2068 2957 2124 papa
2989 2057 3046 2108 et
3083 2058 3302 2122 martyr
3345 2053 3666 2124 baptizavit

2029 2159 2159 2200 cum
2191 2146 2495 2200 teneretur
2527 2141 2579 2196 in
2613 2155 2871 2210 carcere,
2907 2145 2964 2196 et
2999 2139 3109 2212 ipsi
3144 2137 3387 2210 relegati
3443 2140 3664 2213 pariter

2027 2249 2158 2291 cum
2191 2233 2309 2290 illo.
2345 2233 2460 2289 Hos
2491 2245 2692 2288 omnes
2744 2229 3097 2287 Aurelianus
3148 2229 3485 2302 imperator,
3535 2231 3665 2288 navi

2027 2326 2279 2380 vetustae
2307 2321 2632 2394 impositos,
2670 2319 2725 2376 in
2755 2319 2936 2377 altum
2966 2333 3124 2376 mare
3167 2319 3398 2389 deduci,
3434 2324 3492 2376 et
3545 2319 3666 2377 illic

2025 2411 2178 2468 collo
2209 2411 2405 2482 ligatis
2433 2407 2749 2482 lapidibus,
2786 2409 2967 2480 mergi
3001 2408 3054 2464 in
3088 2409 3437 2482 profundum
3487 2409 3665 2466 maris

2028 2501 2163 2560 fecit
2198 2505 2408 2573 quarto
2439 2499 2576 2556 ldus
2607 2499 2844 2571 Aprilis.

2485 2599 2544 2655 C.
2587 2599 2658 2653 Ill
2701 2597 2860 2654 IDUS
2907 2595 3202 2652 APRILIS.

2691 2694 2776 2765 (μ
2830 2692 2999 2765 Apr.)

2095 2794 2261 2867 Apud
2293 2794 2542 2863 Cretam,
2579 2793 2722 2848 urbe
2754 2793 3040 2862 Cortynae,
3077 2788 3230 2846 beati
3263 2787 3510 2862 Philippi
3541 2790 3661 2862 epi-

2021 2883 2202 2954 SCOpi,
2239 2883 2334 2954 qui
2367 2882 2485 2938 vita
2517 2885 2574 2937 et
2605 2879 2870 2937 doctrina
2902 2877 3134 2947 claruit,
3161 2877 3524 2948 temporibus
3552 2880 3660 2934 An-

2021 2972 2204 3030 tonini
2227 2971 2380 3041 Veri,
2397 2975 2454 3026 et
2480 2969 2634 3026 Lucii
2661 2966 2879 3024 Aurelii
2904 2964 3194 3023 Commodi
3219 2965 3653 3037 imperatorum.

2401 3068 2464 3122 D.
2507 3065 2746 3121 PRIDIE
2785 3063 2943 3120 IDUS
2980 3061 3273 3118 APRILIS.

2684 3161 2777 3231 (42
2824 3159 2994 3232 Apr.)

2087 3260 2340 3334 (Pontif.
2370 3275 2497 3332 cap.
2527 3256 2639 3328 36.)
2663 3258 2858 3314 Romae
2880 3254 2972 3312 via
2995 3249 3226 3311 Aurelia
3251 3251 3521 3310 milliario
3541 3257 3662 3310 ter-

2014 3350 2120 3422 tio,
2149 3350 2204 3405 in
2235 3348 2573 3406 cmmeterio
2606 3343 2900 3417 Calcpodii
2930 3342 3124 3400 natale
3159 3342 3347 3400 sancti
3373 3341 3507 3398 Julii
3540 3343 3661 3414 epi-

2017 3438 2178 3511 scopi
2203 3442 2260 3495 et
2286 3436 2661 3507 confessoris,
2679 3435 2776 3506 qui
2811 3435 2921 3490 sub
2945 3430 3284 3488 Constantio
3308 3431 3518 3487 Ariano
3543 3430 3661 3488 filio

2017 3527 2402 3597 Constantini,
2430 3527 2631 3582 decem
2664 3537 2895 3580 menses
2921 3519 3336 3578 tribulationes
3366 3523 3422 3574 et
3455 3519 3658 3575 exsilia

2017 3631 2370 3689 perpessus:
2399 3620 2530 3688 post
2555 3613 2684 3684 ejus
2707 3616 2972 3681 mortem,
2997 3625 3127 3667 cum
3153 3624 3354 3681 magna
3377 3607 3560 3680 gloria
3587 3607 3657 3663 ad

2015 3721 2176 3763 suam
2208 3704 2404 3762 sedem
2435 3716 2712 3760 reversus
2743 3705 2855 3756 est.

2505 3819 2566 3875 E.
2610 3815 2842 3873 IDIBUS
2881 3811 3175 3870 APRILIS.

2688 3913 2780 3984 (45
2814 3911 2982 3984 ΑΡνο)
3317 3969 3330 3986 .

2089 4016 2324 4088 (Euseb.
2359 4013 2398 4071 l.
2432 4030 2504 4084 ιν,
2538 4027 2589 4070 c.
2625 4011 2738 4082 14.)
2773 4009 2936 4082 Apud
2982 4010 3324 4079 Pergamum
3367 4005 3517 4064 Asia)
3566 4020 3660 4063 ur-

2021 4106 2169 4176 bem,
2206 4102 2418 4161 natalis
2449 4107 2783 4159 sanctorum
2816 4097 2985 4170 Carpi
3026 4095 3284 4169 epiSCOpi
3335 4099 3393 4152 et
3443 4094 3658 4166 Papirii

2019 4193 2267 4264 diaconi,
2284 4198 2341 4250 et
2367 4189 2738 4262 Agathonicae
2761 4187 2995 4260 optimas
3028 4185 3273 4255 feminae,
3299 4183 3662 4254 aliarumque

2021 4283 2333 4340 multarum
2358 4295 2486 4352 qua:
2511 4275 3253 4351 probatisconfessionibus
3277 4272 3550 4343 martyris
3571 4287 3665 4328 co-

2021 4377 2242 4428 ronatze
2274 4374 2426 4426 sunt.
2463 4369 2600 4423 Cum
2635 4366 2846 4438 quibus
2874 4369 2932 4421 et
2964 4365 3052 4421 vir
3085 4361 3369 4419 mirabilis
3393 4360 3662 4418 Justinus

279 4452 412 4508 serit
445 4467 506 4510 se
537 4453 765 4510 venisse
797 4453 905 4509 sub
937 4452 1180 4509 Aniceto
1209 4453 1466 4523 Romam,
1510 4452 1607 4524 qui
1647 4452 1909 4509 decimus
1940 4457 1991 4516 D
2023 4459 2422 4535 philosophus,
2459 4456 2554 4528 qui
2587 4456 2788 4513 habitu
2821 4467 3051 4526 quoque
3085 4450 3559 4524 philosophorum
3583 4449 3664 4506 in-

282 4545 403 4610 post
435 4543 672 4598 Petrum
703 4541 1018 4612 episcOpus
1053 4541 1179 4612 fuit,
1212 4547 1270 4597 et
1297 4556 1705 4613 perseverasse
1729 4555 1912 4612 usque

282 4629 348 4685 ad
376 4630 771 4687 Eleutherium
802 4629 1065 4700 ejusdem
1091 4630 1254 4686 urbis
1277 4629 1634 4702 episcopum,
1662 4630 1759 4700 qui
1784 4629 1916 4684 Ani-

283 4718 388 4774 ceti
404 4719 691 4791 quondam
706 4719 987 4776 diaconus
1003 4719 1212 4776 fuerat.
1232 4719 1418 4776 Isdem
1437 4733 1665 4790 quoque
1678 4719 1915 4790 Egcsip-

288 4823 385 4879 pus
412 4809 466 4865 in
500 4808 666 4866 libris
685 4808 805 4866 suis
829 4809 1009 4865 refert
1035 4808 1104 4866 de
1128 4808 1571 4865 conversatione
1594 4823 1716 4876 sua,
1743 4823 1912 4879 quam

286 4896 475 4956 habuit
509 4914 540 4955 a
571 4898 773 4970 gentili
807 4898 1171 4971 phiIOSOpbia
1193 4899 1237 4955 δ.
1264 4900 1422 4958 Nam
1451 4899 1510 4956 et
1534 4912 1637 4971 ego
1665 4899 1811 4971 ipse,
1836 4898 1918 4954 in-

289 4988 424 5058 quit,
445 4989 622 5046 sectis
629 4988 959 5060 plalonicis
979 4988 1316 5058 institutus,
1343 4988 1594 5046 audiens
1613 4987 1917 5061 infamari

292 5075 672 5149 Christianos,
702 5077 764 5136 et
786 5078 994 5136 videns
1022 5091 1115 5136 eos
1143 5077 1476 5150 impavidos
1497 5077 1578 5135 ad
1595 5077 1920 5150 suscipien-

291 5165 419 5223 dam
442 5167 708 5239 mortem,
739 5168 922 5240 atque
947 5181 1116 5224 omne
1134 5167 1496 5240 supplicium
1521 5167 1916 5237 tolerandum,

295 5256 730 5315 considerabam
777 5256 938 5329 quod
982 5256 1320 5329 impossible
1369 5257 1522 5316 esset
1564 5257 1632 5316 in
1675 5256 1921 5315 malitia

293 5354 376 5401 eos
403 5346 460 5403 et
481 5346 547 5403 in
580 5344 832 5404 libidine
858 5346 1215 5404 conversari.

359 5492 760 5566 fPontificale,
795 5509 844 5552 c.
880 5499 932 5566 8.
967 5497 1066 5552 Est
1097 5495 1240 5552 Sixt.

361 5563 642 5640 l’ilieron,
679 5563 754 5624 de
781 5565 994 5646 Script.
1037 5565 1194 5625 Eccl.
1247 5581 1296 5625 c.
1349 5570 1436 5624 22.
1492 5567 1700 5624 Euseb.
1755 5564 1790 5621 l.
1843 5581 1917 5637 ιν,

2023 4551 2258 4619 cedens,
2297 4562 2401 4620 pro
2434 4545 2713 4616 religione
2747 4542 2959 4599 Christi
2991 4540 3301 4613 plurimum
3353 4537 3660 4605 laboravit,

2025 4639 2079 4695 in
2103 4642 2352 4707 tantum,
2389 4639 2449 4692 ut
2483 4631 2883 4691 AntoninoPio
2911 4635 2970 4688 et
2996 4629 3129 4686 filiis
3149 4629 3294 4700 ejus,
3320 4632 3378 4684 et
3405 4625 3660 4693 Senatui,

2024 4728 2236 4785 librum
2269 4729 2472 4783 contra
2501 4727 2707 4794 gentes
2739 4721 3024 4792 scriptum
3057 4719 3244 4788 daret,
3272 4713 3663 4788 ignominiam-

2026 4832 2136 4889 que
2161 4815 2364 4873 Crucis
2386 4827 2498 4870 non
2521 4813 2921 4870 erubesceret.
2942 4809 3198 4879 Cumque
3216 4806 3330 4876 jam
3345 4800 3664 4862 secundum

2026 4906 2237 4962 librum
2267 4901 2710 4962 successoribus
2747 4897 2972 4972 praefati
3022 4893 3410 4968 imperatoris,
3469 4889 3522 4944 id
3571 4892 3661 4944 cst

2031 4994 2317 5050 Antonino
2345 4993 2495 5048 Vero
2520 4995 2578 5046 et
2612 4988 2847 5046 Aurelio
2881 4984 3208 5053 Commodo,
3236 4995 3340 5053 pro
3364 4977 3665 5048 religionis

2030 5087 2247 5139 nostrze
2301 5080 2635 5138 defensione
2689 5077 3073 5150 porrexissct,
3136 5067 3665 5127 remunerationem

2028 5172 2240 5241 linguae
2272 5169 2479 5241 fidelis,
2513 5167 2773 5239 martyrii
2806 5178 3014 5223 munus
3047 5157 3292 5230 accepit.

2101 5258 2230 5331 (Id.,
2268 5257 2430 5328 ibid.,
2465 5272 2516 5314 c.
2547 5262 2581 5314 8
2607 5261 2664 5311 et
2699 5255 2812 5324 11.)
2846 5250 3010 5323 Apud
3062 5245 3411 5318 Hispaniam,
3455 5245 3669 5304 natalis

2029 5347 2215 5405 sancti
2249 5344 2684 5416 IIermenigildi,
2719 5356 2886 5414 quem
2917 5341 3084 5411 pater
3115 5335 3259 5408 ejus,
3305 5335 3671 5407 Leovigildus

2031 5515 2082 5556 c.
2118 5503 2270 5566 8,10
2299 5502 2356 5553 et
2392 5500 2477 5566 12.

2102 5577 2128 5608 ο
2148 5561 2292 5626 Vide
2324 5563 2584 5622 libellum
2616 5561 2687 5619 de
2719 5561 2875 5618 Fest.
2911 5561 3112 5634 Apost.
