4004 6168
306 267 413 323 247

1303 271 1314 282 ’
1361 257 1415 314 S.
1459 252 1720 314 ADONIS
1757 245 2194 308 ARCHIEPISC.
2237 241 2656 300 VIENNENSIS

3603 233 3720 288 248

308 385 578 457 Arianus,
610 380 927 442 Gothorum
956 395 1082 454 rex,
1115 381 1190 440 ob
1221 378 1356 438 ildei
1388 378 1700 438 Catholicae
1723 377 1949 434 confes-
1976 370 2032 431 A
2060 371 2118 424 et
2143 365 2444 438 rapientes
2467 366 2522 420 in
2548 358 3097 457 suumterritorium
3118 353 3574 457 transtulerit-fit.
3595 355 3717 453 Ma-

309 475 550 545 sionem,
584 471 1094 546 inexpugnabilem
1141 469 1367 541 videns,
1419 469 1476 525 in
1525 481 1843 536 carcerem,
1887 469 1945 522 et

305 561 538 620 vincula
562 561 812 632 conjecit
833 560 967 629 ;ubi
998 563 1171 618 nocte
1195 562 1398 618 sancta
1419 556 1731 614 Dominicze
1753 569 1950 612 resur-

307 650 609 722 rectionis,
638 649 812 722 jussu
845 648 1050 722 perfidi
1079 649 1286 722 patris,
1321 645 1516 704 securi
1550 658 1868 718 percussus
1889 642 1946 700 in

306 737 522 812 capite,
555 753 798 811 regnum
831 737 1072 797 caeleste
1103 752 1207 809 pro
1235 741 1494 806 terreno,
1521 749 1626 791 rex
1645 737 1704 790 et
1728 736 1948 802 martyr

306 827 568 887 intravit.
595 827 810 888 Scribit
843 829 1056 886 beatus
1077 841 1228 900 papa
1249 824 1564 896 Gregorius
1584 823 1647 895 (l.
1671 838 1733 880 III
1753 823 1943 893 Dial,

308 930 360 976 c.
391 917 504 992 31).

715 1014 774 1071 F.
815 1012 988 1071 XVIII
1026 1011 1323 1070 KALEND.
1365 1011 1536 1068 MAII.

975 1110 1068 1184 (44
1111 1110 1284 1184 Apr.)

375 1210 572 1268 Romae
600 1207 692 1268 via
726 1207 928 1283 Appia,
954 1207 1012 1265 in
1035 1207 1375 1266 coemeterio
1395 1204 1762 1277 Praetextati,
1788 1207 1949 1262 nata-

307 1298 382 1358 lis
413 1302 750 1356 sanctorum
781 1301 1100 1369 martyrum
1131 1295 1396 1366 Tiburtii,
1419 1293 1734 1365 Valeriani,
1757 1296 1817 1350 et
1840 1293 1950 1350 Ma-

307 1387 445 1446 ximi
466 1397 496 1428 ι
524 1387 632 1445 sub
657 1385 955 1444 Almachio
987 1385 1288 1458 praefecto,
1311 1399 1556 1456 quorum
1587 1381 1755 1455 primi
1786 1381 1950 1439 fusti-

308 1477 418 1536 bus
450 1474 608 1548 eaasi,
641 1476 700 1532 et
729 1473 925 1546 gladio
952 1479 1088 1531 sunt
1124 1471 1389 1546 percussi
1436 1472 1530 1544 (22
1570 1469 1764 1542 Non),
1816 1469 1950 1526 ulti-

305 1578 436 1622 mus
463 1567 582 1630 tam
615 1562 716 1620 diu
747 1561 818 1621 ad
853 1561 1184 1637 plumbatas
1211 1562 1562 1619 verberatus
1600 1558 1786 1616 donec
1835 1557 1949 1630 spi-
2019 1595 2024 1600 ς

305 1651 483 1711 ritum
513 1651 810 1710 redderet.

374 1742 741 1813 Interamnae,
775 1740 961 1800 sancti
991 1739 1223 1798 Proculi
1257 1737 1552 1810 martyris.

377 1831 522 1888 Item
555 1834 776 1888 sanctae
805 1831 1038 1888 Domnae
1073 1827 1333 1900 virginis,
1359 1841 1490 1884 cum
1515 1824 1690 1882 sociis
1711 1822 1948 1895 virgini-

306 1917 416 1976 bus
442 1923 754 1977 coronatae.

379 2007 547 2078 Apud
604 2007 1035 2078 Alexandriam,
1089 2006 1277 2064 sancti
1330 2001 1637 2062 Frontonis
1696 2001 1944 2073 abbatis,

307 2093 478 2167 cujus
508 2095 629 2155 vita
659 2097 890 2155 exstitit
923 2097 1238 2154 sanctitate
1269 2101 1326 2152 et
1352 2093 1652 2152 miraculis
1673 2093 1946 2166 gloriosa.

725 2194 788 2252 G.
830 2195 974 2252 XVII
1017 2195 1314 2252 KALEND.
1358 2195 1526 2250 MAII.

969 2294 1062 2366 (ιδ
1106 2293 1277 2366 Arn)

370 2391 434 2448 In
461 2390 700 2450 civitate
733 2389 1004 2464 Cordula,
1041 2390 1256 2448 natalis
1288 2394 1628 2448 sanctorum
1662 2389 1951 2464 Olympia-

305 2479 396 2538 dis
417 2486 479 2538 et
498 2479 724 2538 Maximi
742 2479 771 2519 ι)
795 2479 1096 2550 nobilium,
1115 2479 1211 2550 qui
1229 2479 1474 2551 jubente
1497 2479 1673 2536 Decio
1696 2479 1950 2537 fustibus

305 2569 460 2641 caesi,
495 2573 554 2626 et
585 2568 796 2626 deinde
826 2567 1161 2642 plumbatis,
1197 2568 1270 2626 ad
1303 2568 1570 2626 ultimum
1613 2569 1804 2642 capita
1857 2585 1954 2626 eo-

303 2671 432 2715 rum
461 2657 771 2716 securibus
807 2661 996 2729 tonsa,
1033 2658 1219 2716 donec
1269 2657 1608 2714 emitterent
1657 2657 1947 2730 spiritum.

376 2747 520 2804 Item
551 2745 608 2803 in
656 2745 945 2818 Hispaniis
995 2747 1087 2819 (40
1135 2745 1315 2819 Aug.)
1365 2745 1608 2804 civitate
1662 2747 1955 2804 Caesarau-

299 2837 497 2906 gusta,
524 2833 739 2892 natalis
760 2838 1097 2894 sanctorum
1121 2833 1447 2893 octodecim
1473 2839 1812 2908 martyrum,
1842 2836 1960 2907 Op-

300 2922 432 2994 tati,
475 2922 744 2997 Luperci,
799 2923 1086 2995 Successi,
1145 2923 1447 2996 Martialis,
1502 2923 1742 2995 Urbani,
1794 2924 1950 2998 Julii,

303 3010 680 3083 Qunctiliani,
715 3013 928 3085 Publii,
971 3012 1298 3084 Frontonis,
1350 3012 1577 3084 Felicis,
1633 3011 1944 3086 Caeciliani,

2059 469 2257 512 ronem
2289 458 2504 524 autem,
2541 453 2722 508 misso
2769 449 2954 508 amico
3002 463 3132 519 suo,
3183 445 3416 503 nomine
3468 443 3712 515 Turgio,

2051 543 2230 616 jussit
2266 543 2416 599 idem
2458 541 2811 616 Aurelianus
2843 539 2998 610 duci,
3031 541 3090 595 et
3130 551 3272 594 saxo
3324 533 3552 605 ingenti
3604 548 3715 605 op-

2056 615 2248 705 primi.
2275 631 2385 688 Sed
2409 615 2758 704 protegente
2779 628 3039 698 Domino,
3064 626 3121 682 in
3145 623 3308 682 nullo
3331 637 3464 681 eum
3488 621 3712 679 laedere

2056 725 2392 794 potuerunt.
2429 719 2622 785 Quem.
2641 715 2973 776 consularis
3004 716 3250 786 accepto
3281 713 3354 769 ab
3387 709 3711 768 Aureliano

2056 811 2353 882 praecepto
2402 806 2720 877 interiecit,
2756 817 3092 877 corpusque
3140 802 3268 873 ejus
3321 797 3706 856 Christianus

2057 897 2307 972 populus
2339 895 2552 969 rapuit,
2586 898 2644 952 et
2677 894 2964 965 condigno
2997 893 3214 949 honore
3251 887 3547 962 sepelivit.

2484 996 2548 1050 Α.
2592 993 2710 1050 XVI
2753 992 3048 1049 KALEND.
3093 988 3262 1046 MA";

2725 1089 2818 1161 (46
2863 1085 3034 1160 Apr.)

2129 1189 2295 1263 Apud
2345 1187 2704 1259 Corinthum,
2739 1185 2964 1244 Callisti
3016 1188 3075 1242 et
3127 1181 3334 1242 Carisii
3386 1196 3519 1240 cum
3571 1178 3709 1238 aliis

2058 1283 2304 1352 septem,
2339 1277 2593 1336 omnium
2626 1277 2680 1332 in
2715 1290 2873 1332 mare
2905 1288 3249 1331 mersorum.

2501 1376 2562 1430 Β.
2604 1374 2698 1430 XV
2738 1373 3035 1429 KALEND.
3080 1370 3250 1427 MA".

2127 1568 2294 1642 Apud
2325 1567 2596 1640 Africam,
2631 1471 2825 1624 uagi:
2857 1469 3262 1638 :Zalpalici,
3289 1563 3543 1636 quicum
3570 1563 3706 1621 aliis

2057 1656 2327 1731 pluribus
2351 1656 2630 1727 martyrio
2659 1659 2977 1713 coronatus
2999 1659 3112 1711 est.
3133 1653 3349 1711 Scribit
3376 1654 3434 1709 Β.
3465 1652 3707 1726 Cypria-

1975 1729 2028 1788 B
2057 1729 2167 1804 nus
2187 1746 2217 1786 τι
2247 1745 2302 1802 in
2335 1745 2588 1819 epistola
2613 1745 2684 1801 ad
2709 1747 2998 1800 martvres
3019 1747 3076 1800 et
3101 1743 3477 1801 confessores
3501 1741 3574 1798 de
3599 1739 3703 1798 illo

2057 1835 2165 1892 hoc
2179 1835 2376 1892 modo:
2408 1835 2527 1890 Vox
2525 1835 2712 1906 plena
2732 1833 2975 1905 Spiritu
2985 1833 3055 1890 S.
3072 1831 3446 1904 demartyris
3457 1845 3567 1888 ora
3566 1844 3712 1903 pro-

2053 1925 2242 1997 rupit,
2263 1938 2398 1982 cum
2415 1923 2794 1996 Mappalicus
2817 1921 3195 1980 beatissimus
3215 1921 3375 1978 inter
3385 1921 3698 1978 cruciatus

2054 2025 2192 2071 suos
2225 2013 2576 2085 proconsuli
2602 2010 2854 2069 diceret:
2887 2009 3123 2068 Videbis
3153 2023 3291 2068 cras
3323 2022 3590 2082 agonem.
3625 2008 3712 2065 Et

2056 2101 2325 2174 quodille
2335 2115 2470 2159 cum
2497 2100 2746 2158 virtutis
2779 2113 2850 2156 ac
2849 2099 3004 2172 fidei
3034 2098 3367 2156 testimonio
3379 2097 3564 2164 dixit,
3589 2098 3706 2154 Do-

2055 2191 2257 2248 minus
2277 2189 2566 2264 implevit.
2583 2191 2751 2262 Agon
2768 2188 3020 2246 calcatis
3041 2186 3435 2258 exhibitus,et
3449 2186 3564 2244 Dei
3583 2199 3710 2244 ser-

2057 2293 2166 2338 vus
2185 2280 2253 2337 in
2271 2279 2483 2352 agonis
2490 2278 2780 2352 promissi
2799 2277 3124 2335 certamine
3158 2276 3474 2335 coronatus
3497 2275 3605 2333 est.
3633 2275 3704 2331 Et

2061 2368 2192 2438 post
2219 2381 2402 2439 pauca
2429 2385 2442 2421 :
2466 2367 2644 2424 Hunc
2661 2363 3554 2438 igituragonemperprophetas
3565 2363 3709 2420 ante

2055 2455 2406 2528 pradicth
2412 2469 2529 2528 per
2537 2455 2856 2512 Dominum
2865 2454 3366 2527 commissum,per
3376 2453 3711 2526 apostolum

2053 2543 2693 2616 gestum,Mappalicus
2703 2557 2810 2602 suo
2823 2543 2953 2601 eteo
2961 2544 3255 2617 llegarum
3265 2557 3509 2600 suorum
3520 2542 3710 2599 nomi-

2059 2645 2154 2704 ne,
2164 2633 2511 2706 proconsuli
2536 2633 2920 2706 repromisit.-
2940 2645 3046 2689 nec
3050 2632 3297 2706 fefellit
3320 2631 3388 2688 in
3403 2631 3708 2704 promisso

2059 2735 2166 2780 suo
2185 2736 2300 2779 vox
2307 2721 2552 2794 ﬁdelis;
2559 2735 2832 2794 pugnam
2851 2735 3036 2793 quam
3053 2720 3384 2793 spopondit,
3403 2719 3708 2790 exhibuit,

2062 2811 2124 2868 et
2133 2812 2410 2884 palmam
2428 2826 2613 2884 quam
2636 2811 2879 2883 meruit,
2901 2811 3146 2884 accepit.
3163 2811 3355 2869 Istmn
3373 2823 3532 2867 nunc
3574 2810 3709 2867 bea-

2065 2900 2717 2974 tissimuzamamtyrem,
2729 2900 2948 2958 etalios
2948 2899 3282 2972 participes
3293 2899 3558 2972 ejusdem
3574 2912 3710 2956 conp

2057 2991 2390 3062 gressionis
2418 2995 2478 3047 et
2501 2990 2761 3060 comites,
2783 2990 2978 3062 etﬂde
3005 2988 3276 3059 stabiles,
3297 2989 3367 3046 in
3383 2989 3710 3061 dolorepa-

297 3077 487 3170 Evoti,
519 3077 826 3171 Primitivi,
857 3077 1158 3172 Apodemi,
1191 3105 1249 3157 et
1282 3077 1656 3172 reliquorum
1679 3077 1945 3173 quatuor,

2067 3079 2298 3149 tientes,
2311 3080 2379 3136 in
2397 3079 2720 3150 quastione
2736 3079 3008 3149 victores,
3029 3078 3102 3134 ut
3115 3077 3314 3136 exteri
3333 3091 3569 3148 quoque
3585 3089 3710 3134 sec-

303 3186 400 3258 qui
431 3200 636 3244 omnes
668 3187 964 3245 Saturnini
995 3187 1188 3244 vocati
1222 3188 1582 3245 referuntur.

372 3274 540 3347 Apud
569 3272 822 3347 Italiam,
849 3273 1044 3332 natale
1069 3280 1402 3333 sanctorum
1427 3279 1750 3347 martyrum
1774 3277 1954 3334 Maro-

300 3361 391 3419 nis
419 3361 783 3434 Eutychetis,
817 3366 874 3419 et
907 3362 1190 3420 Victorini
1211 3370 1238 3401 °
1268 3363 1365 3434 qui
1399 3378 1529 3420 cum
1563 3365 1733 3421 beata
1758 3363 1948 3422 Flavia

299 3447 601 3506 Domitilla
633 3449 786 3522 apud
817 3449 1063 3507 insulam
1094 3450 1356 3508 Pontiam
1390 3450 1622 3522 longum
1665 3452 1950 3510 ducentes

300 3536 590 3609 exsilium,
615 3551 860 3610 eamque
883 3538 940 3595 in
963 3529 1668 3612 Christicont‘essionepio
1683 3541 1948 3599 foventes

300 3625 533 3697 solatio,
549 3625 763 3684 invidia
788 3632 964 3701 atque
987 3628 1376 3686 insectatione
1402 3629 1697 3687 Aureliani
1726 3631 1943 3703 sponsi,

298 3716 359 3772 et
381 3716 788 3788 persecutoris
809 3715 936 3788 ejus
958 3731 1129 3790 quem
1155 3717 1252 3775 illa
1277 3719 1351 3776 ob
1375 3717 1667 3776 Christum
1691 3722 1948 3778 contem-

299 3808 522 3877 pserat,
554 3807 926 3878 postmodum
955 3821 985 3864 a
1021 3806 1284 3880 principe
1312 3809 1498 3866 Nerva
1527 3809 1715 3866 eidem
1767 3811 1948 3866 Aure-

298 3891 451 3951 liano
480 3893 538 3950 in
569 3895 916 3954 servitutem
947 3897 1152 3954 traditi
1184 3901 1336 3955 snnt.
1375 3897 1532 3965 Quos
1564 3897 1663 3956 ille
1697 3897 1944 3972 primum

299 3982 462 4054 quasi
493 3997 695 4041 servos
725 3998 830 4056 per
851 4000 954 4042 sua
977 3985 1196 4057 praedia
1221 3985 1481 4055 singulos
1504 3985 1720 4062 divisit,
1743 3987 1946 4058 jussit-

298 4085 412 4142 que
439 4084 542 4127 eos
558 4074 778 4127 terram
801 4070 1000 4128 fodere
1024 4087 1129 4144 per
1150 4075 1338 4128 totum
1354 4072 1526 4142 diem,
1545 4073 1616 4128 ad
1639 4089 1942 4144 vesperam

297 4173 439 4215 vero
468 4158 812 4215 cantabrum
843 4158 1214 4216 manducare.
1250 4158 1467 4216 Deinde
1498 4175 1630 4227 cum
1663 4161 1944 4232 plurimos

299 4246 370 4304 ad
404 4245 573 4302 fidem
605 4245 818 4302 Christi
849 4249 1283 4319 converterent,
1311 4252 1370 4304 et
1396 4247 1671 4320 populum
1703 4249 1945 4307 creden-

297 4333 442 4390 tium
474 4331 842 4405 ampliarent,
864 4333 1143 4406 'repletus
1171 4335 1257 4392 ira
1290 4351 1319 4393 a
1355 4335 1606 4408 diabolo,
1643 4337 1799 4395 misit
1843 4339 1939 4411 qui

2063 3166 2270 3225 temini
2289 3167 2350 3224 et
2363 3167 2493 3240 opto
2493 3167 2737 3240 pariter
2755 3167 2816 3224 et
2832 3167 3114 3224 exhortor
3124 3185 3144 3222 :
3158 3166 3384 3238 utquos
3395 3165 3711 3223 vinculum

2058 3255 2708 3330 confessionis,ethospi
2714 3255 2864 3312 timn
2874 3255 3133 3313 carceris
3143 3255 3302 3312 simu
3308 3255 3333 3310 ι
3326 3255 3366 3326 j
3368 3253 3560 3311 unxit.
3559 3254 3710 3326 jun-

2051 3344 2169 3415 gat
2184 3344 2366 3401 etiam
2385 3345 2807 3402 consummatio
2825 3344 3094 3414 virtutis,
3117 3343 3179 3400 et
3193 3356 3410 3400 corona
3424 3341 3701 3400 caelestis.

2131 3432 2297 3504 Apud
2330 3432 2711 3503 Antiochiam,
2744 3433 2958 3490 natalis
2991 3435 3326 3490 sanctorum
3368 3431 3528 3488 Petri
3581 3431 3708 3488 dia-

2058 3521 2186 3576 coni
2218 3526 2276 3578 et
2307 3521 2705 3592 Hermogenis.

2130 3609 2297 3682 Apud
2327 3609 2625 3680 Viennam,
2661 3610 2850 3667 sancti
2881 3608 3226 3680 Pantagathi
3256 3609 3577 3682 espiscopi.

2461 3708 2520 3764 C.
2563 3708 2680 3764 XIV
2722 3708 3090 3764 KALENDAS
3127 3707 3297 3762 MAI].

2728 3805 2820 3878 (48
2856 3804 3027 3877 Apr.)

2128 3902 2293 3974 Apud
2317 3904 2636 3961 Messanam
2663 3901 2792 3975 [al.,
2815 3902 3092 3974 Misenan]
3121 3902 3346 3974 Apulia
3369 3903 3697 3976 civitatem,

2055 3989 2268 4048 natalis
2299 3995 2634 4048 sanctorum
2657 3996 2976 4062 martyrum
2999 3991 3318 4048 Eleutherii
3344 3993 3612 4066 epis00pi
3637 3997 3699 4050 et

2054 4078 2282 4134 Antbiaa
2319 4079 2442 4151 [al.,
2478 4079 2816 4150 Evanthiae.]
2871 4080 3077 4137 matris
3125 4079 3253 4151 ejus
3286 4100 3299 4135 :
3336 4081 3433 4152 qui
3487 4081 3703 4138 beatus

2053 4167 2372 4238 episcopus
2405 4183 2535 4224 cum
2563 4171 2724 4224 esset
2757 4173 2815 4223 et
2842 4169 3228 4226 sanctimonia
3250 4169 3408 4239 vitae,
3435 4171 3492 4225 et
3529 4169 3704 4226 mira-

2053 4253 2318 4312 culorum
2348 4255 2569 4313 virtute
2599 4255 2874 4328 illustris,
2900 4257 3010 4313 sub
3044 4257 3297 4314 Adriano
3329 4257 3617 4330 principe,
3643 4257 3700 4314 in

2053 4344 2433 4401 concessione
2466 4343 2702 4416 Christi,
2737 4343 2956 4402 lectum
2991 4345 3243 4404 ferreum
3280 4346 3547 4417 ignitum,
3573 4361 3702 4403 cra-

295 4418 460 4508 vario
484 4434 700 4492 genere
733 4436 1034 4493 poenarum
1067 4423 1467 4482 interficerent
1498 4441 1616 4484 eos.
1652 4427 1791 4484 Nam
1831 4429 1938 4485 Eu-
1969 4436 2022 4497 D
2055 4432 2314 4504 ticulam,
2341 4437 2398 4491 et
2423 4435 2779 4506 sartaginem
2801 4434 2950 4506 oleo,
2985 4435 3112 4508 pice
3145 4451 3212 4493 ac
3244 4435 3439 4493 resina
3473 4437 3704 4494 ferven-

295 4507 477 4566 tichia
509 4508 564 4564 in
598 4509 784 4565 media
813 4509 906 4566 via
940 4514 1056 4568 tam
1087 4511 1186 4569 diu
1218 4513 1362 4570 cadi
1387 4513 1581 4585 jussit,
1617 4515 1801 4572 donec
1833 4515 1947 4588 spi-

299 4595 474 4654 ritum
496 4595 818 4656 exhalaret.
839 4599 1015 4670 Cujus
1044 4615 1258 4672 corpus
1279 4602 1471 4674 rapuit
1505 4603 1757 4675 populus
1785 4604 1945 4661 Chri-

299 4685 642 4744 stianorum.
676 4685 1036 4746 Victorinum
1066 4703 1204 4746 vero
1234 4690 1386 4762 apud
1421 4704 1552 4748 eum
1594 4689 1785 4750 locum
1837 4692 1933 4764 qui

299 4775 539 4834 Cotilias
569 4775 921 4848 appellatur,
960 4777 1056 4834 ubi
1090 4784 1366 4851 putentes
1393 4794 1557 4850 aquae
1587 4784 1856 4838 emanant
1880 4785 1938 4838 et

299 4865 650 4938 sulphureas,
666 4865 858 4939 capite
873 4865 1142 4925 deorsum
1158 4883 1261 4940 per
1274 4869 1447 4926 horas
1461 4872 1938 4942 tressuspensum

299 4954 488 5010 teneri
514 4953 713 5024 jussit.
747 4953 910 5022 Quod
945 4970 1076 5013 cum
1112 4971 1214 5028 per
1247 4957 1504 5014 triduum
1554 4972 1660 5028 pro
1710 4958 1937 5016 nomine

302 5040 514 5098 Christi
544 5059 751 5116 passus
779 5042 1006 5116 fuisset,
1035 5043 1303 5114 migravit
1331 5045 1401 5101 ad
1423 5044 1744 5102 Dominum.
1775 5047 1939 5102 Cum-

300 5141 414 5199 que
437 5143 550 5186 una
571 5131 664 5188 die
681 5132 850 5203 jussu
874 5131 1169 5190 Aureliani
1191 5147 1406 5206 corpus
1426 5132 1552 5203 ejus
1577 5133 1936 5191 inbumatum

324 5215 594 5288 licuisset,
619 5225 903 5280 venerunt
919 5221 1352 5278 Amiternenses
1381 5220 1578 5292 populi
1603 5221 1933 5294 Christiani,

369 5369 497 5438 FDe
528 5366 636 5438 bis,
669 5368 726 5425 in
755 5371 938 5438 gestis
967 5371 1232 5430 Caecilia.

370 5437 496 5510 bDe
526 5437 636 5510 bis,
666 5437 722 5510 in
753 5437 880 5497 Vita
913 5443 967 5500 S.
1002 5442 1316 5502 Laurentii.

369 5517 396 5550 ο
414 5509 496 5568 De
525 5507 634 5580 his,
668 5509 725 5567 in
753 5510 884 5568 Vita
913 5513 1082 5572 Nerei
1115 5518 1172 5572 et
1206 5511 1471 5574 Achillei.

2055 4525 2537 4616 temtsuperans,
2573 4522 2840 4616 leonibus
2872 4539 3102 4596 quoque
3134 4523 3454 4616 proiectus,
3490 4525 3594 4616 sed
3620 4527 3703 4616 ab

2054 4610 2146 4668 his
2178 4610 2424 4684 illaes'us,
2457 4612 2794 4683 novissime,
2831 4627 2943 4670 una
2977 4629 3108 4670 cum
3140 4620 3346 4684 matre,
3379 4612 3574 4684 gladio
3610 4613 3704 4684 ju-

2050 4699 2310 4772 gulatur.

2123 4789 2384 4861 (Euseb.,
2422 4789 2522 4846 lib.
2555 4806 2611 4860 v,
2648 4805 2698 4847 c.
2749 4795 2836 4860 20,
2871 4795 2958 4862 2t,
2993 4791 3249 4864 Rudini.)
3300 4793 3442 4848 item
3491 4791 3701 4848 eodem
3811 4836 3826 4845 .

2051 4877 2144 4935 die
2165 4879 2379 4948 Romae,
2405 4879 2594 4936 sancti
2619 4877 2905 4950 Apollonii
2930 4880 3243 4950 senatoris,
3271 4879 3366 4952 qui
3402 4880 3512 4937 sub
3537 4881 3703 4937 Com-

2049 4965 2218 5022 modo
2246 4966 2510 5038 principe
2541 4982 2572 5022 a
2605 4981 2776 5024 servo
2807 4967 3078 5039 proditus
3128 4969 3280 5040 quod
3329 4968 3700 5026 Christianus

2047 5058 2230 5125 esset,
2258 5054 2580 5126 imperatus
2605 5061 2663 5112 ut
2689 5055 2972 5112 rationem
2999 5056 3130 5114 ﬁdei
3155 5073 3277 5114 suae
3300 5057 3597 5127 redderet,
3617 5057 3704 5114 in-

2049 5141 2214 5212 signe
2246 5141 2512 5198 volumen
2545 5143 2894 5215 composuit,
2931 5145 3083 5216 quod
3117 5145 3174 5201 in
3205 5149 3412 5202 senatu
3438 5144 3598 5216 legit.
3627 5148 3698 5201 Et

2047 5229 2426 5288 nihilominus
2469 5232 2761 5288 sententia
2799 5238 3064 5306 senatus,
3101 5250 3206 5306 pro
3237 5234 3468 5290 Christo
3497 5234 3699 5305 capite

2117 5381 2147 5419 ἀ
2171 5381 2661 5463 (ἐγρηκθρίειλς).
2698 5383 2840 5440 Item
2873 5384 3127 5457 Luciani,
3163 5385 3346 5458 Epist.
3399 5389 3487 5454 22,
3540 5383 3698 5456 apud

2049 5452 2315 5510 eumdem
2350 5453 2421 5510 de
2439 5452 2650 5511 ‘sociis.
