4004 6168
374 241 473 299 251

1421 244 1479 304 8.
1522 242 1783 303 ADONIS
1820 243 2256 304 ARCHIEPISC.
2293 242 2710 302 VIENNENSIS

3673 249 3774 306 352

376 364 1510 445 cntioneAntoniniVeri,postgloriosos
1526 370 2017 444 quadragintaoc-
2042 368 2099 430 A
2198 367 2414 427 Eodem
2456 347 2556 427 die
2600 369 2816 441 Romae,
2868 365 3071 430 litania
3120 368 3322 444 major,
3374 369 3445 429 ad
3499 374 3767 430 sanctum

372 456 438 512 to
456 461 772 529 martyrum
799 473 1035 532 agones,
1058 463 1155 533 qui
1188 461 1244 519 in
1266 462 1468 520 eadem
1491 462 1635 519 urbe
1658 461 1815 533 passi
1843 464 2007 532 sunt,

373 556 506 602 cum
538 545 863 606 Alexandro
892 549 1240 608 charissimo
1271 550 1494 621 collega
1524 553 1747 621 tentus,
1780 550 1909 624 ipso
1931 548 2017 606 in-

372 633 546 691 terim
578 635 635 693 in
666 651 961 695 carcerem
994 642 1180 710 truso,
1205 640 1391 713 primo
1418 654 1485 697 os
1516 638 1663 696 diris
1685 653 2013 711 pugnorum

375 719 595 781 ictibus
626 740 837 799 caesus,
862 727 1074 786 deinde
1103 728 1336 802 equulei
1368 728 1712 786 extensione
1734 732 2010 799 vexatus,

376 816 674 883 postremo
704 817 1044 889 martyrium
1076 818 1287 891 capitis
1320 817 1653 875 abscisioue
1675 815 2011 889 complevit.

448 902 702 977 Viennae,
736 906 924 964 sancti
960 907 1173 966 Iuliani
1212 906 1475 981 episcOpi
1524 910 1582 963 et
1630 905 2010 965 confessoris.

832 1014 897 1072 Α.
932 1014 999 1073 IX
1040 1016 1337 1072 KALEND.
1380 1014 1551 1071 MAII.

439 1210 587 1269 Dist.
623 1216 708 1283 15,
741 1227 793 1270 c.
826 1211 1060 1271 Sancta
1086 1212 1249 1270 Eccl.
1276 1211 1479 1283 Rom.)
1513 1210 1571 1266 In
1594 1208 1857 1280 Perside,
1876 1207 2017 1266 civi-

370 1300 491 1356 tate
514 1300 791 1374 Diospoli,
809 1301 1004 1374 passio
1043 1301 1229 1359 sancti
1273 1299 1502 1371 Georgii
1527 1298 1822 1370 martyris,
1846 1297 2015 1369 cujus

367 1392 535 1458 gesta
556 1390 849 1463 passionis
868 1395 923 1447 et
940 1391 988 1447 si
1010 1390 1162 1447 inter
1181 1389 1544 1462 apocryphas
1563 1391 2018 1445 connumeratur

371 1479 721 1552 scripturas,
754 1484 948 1536 tamen
995 1478 1462 1536 illustrissimum
1504 1476 1843 1547 martyrium
1886 1474 2015 1544 ejus

372 1567 528 1624 inter
559 1584 806 1626 coronas
840 1572 1158 1640 martyrum
1188 1566 1452 1624 Ecclesia
1472 1565 1573 1623 Dei
1596 1563 2016 1622 venerabiliter

372 1656 638 1715 honorat.

448 1747 509 1802 In
554 1745 777 1817 Galliis,
811 1745 1052 1803 civitate
1097 1742 1382 1813 Valentia,
1416 1742 1630 1800 natalis
1680 1744 2015 1798 sanctorum
2046 1732 2099 1792 Β

372 1833 583 1892 Felicis
602 1834 954 1907 presbyteri,
973 1834 1272 1891 Fortunati
1286 1838 1341 1889 et
1359 1831 1603 1889 Achillei
1618 1831 2013 1902 diaconorum,

373 1924 471 1995 qui
495 1940 525 1981 a
549 1926 722 1981 beato
743 1926 962 1981 Irenaeo
983 1922 1351 1994 Lugdunensi
1374 1922 1653 1993 episcopo
1676 1924 1733 1976 et
1759 1924 2015 1990 martyre

374 2012 445 2070 ad
479 2013 913 2087 praedicandum
945 2013 1186 2069 verbum
1213 2012 1311 2067 Dei
1337 2011 1520 2080 missi,
1546 2025 1677 2067 cum
1711 2009 2015 2065 maximam

375 2106 599 2175 partem
619 2102 975 2175 supradictae
994 2101 1158 2158 urbis
1178 2100 1246 2157 ad
1273 2100 1441 2157 fidem
1457 2099 1671 2157 Christi
1694 2097 2018 2156 convertis-

371 2197 524 2263 sent,
542 2208 572 2249 a
597 2192 745 2248 duce
769 2190 1036 2248 Cornelio
1058 2191 1115 2246 in
1138 2204 1435 2247 carcerem
1456 2189 1642 2256 trusi;
1666 2187 1800 2244 dein
1824 2186 2017 2244 duris-

373 2281 519 2337 sima
549 2295 860 2337 nervorum
893 2279 1280 2351 flagellatione
1312 2278 1644 2335 diutissime
1674 2276 2006 2343 verberati;

372 2374 503 2442 post
532 2369 708 2426 etiam
737 2368 1017 2426 revinctis
1050 2371 1179 2441 post
1211 2372 1375 2438 terga
1399 2367 1687 2436 manibus,
1708 2365 2013 2423 cruribus-

369 2474 483 2531 que
512 2459 850 2529 confractis,
886 2459 1043 2516 circa
1074 2464 1335 2514 rotarum
1364 2456 1711 2527 vertiginem
1754 2453 2006 2523 astricti,

371 2546 511 2605 fumi
541 2562 773 2619 quoque
819 2547 1206 2603 amaritudine
1252 2544 1578 2618 supposita,
1615 2544 1709 2600 die
1742 2558 1809 2600 ac
1842 2546 2013 2599 nocte

370 2637 709 2695 continuata
740 2635 975 2708 equulei
1007 2635 1349 2693 extensione
1384 2633 1678 2707 suspensi,
1714 2631 1783 2690 ad
1818 2635 2018 2689 extre-

368 2740 522 2784 mum
553 2724 748 2798 gladio
779 2725 1163 2782 consummati
1197 2728 1352 2781 sunt.
2028 2790 2033 2795 1

441 2817 504 2872 In
544 2814 878 2873 Fontanclla
911 2814 1283 2884 monasterio,
1321 2812 1507 2870 sancti
1543 2810 1861 2868 Wulfranni
1896 2809 2017 2882 epi-

374 2904 559 2979 scopi,
592 2904 863 2980 prteclari
897 2904 953 2960 in
986 2903 1284 2962 miraculis
1316 2908 1371 2960 ct
1407 2901 1671 2960 doctrina
1704 2900 1833 2957 viri.

816 3021 876 3076 B.
900 3020 1025 3077 VIII
1056 3021 1354 3076 KALEND.
1389 3019 1561 3076 MAII.

1028 3116 1128 3186 (24
1165 3116 1307 3187 Apr.
1332 3115 1353 3186 )

415 3202 737 3286 'Lugdumo
759 3210 976 3283 Gallia),
995 3211 1207 3269 natalis
1225 3210 1413 3267 sancti
1435 3208 1769 3278 Alexandri,
1788 3207 1884 3279 qui
1902 3211 2021 3263 ter-

370 3304 455 3362 tio
476 3307 608 3377 post
632 3303 962 3376 passionem
998 3300 1263 3373 Epipodii
1292 3299 1385 3355 die
1419 3298 1745 3371 productus
1767 3311 1798 3351 e
1822 3311 2020 3354 carce-

370 3408 454 3464 re,
470 3393 659 3465 primo
680 3392 761 3447 ita
782 3390 1038 3448 laniatus
1060 3392 1151 3445 est
1175 3386 1529 3445 crudelitate
1551 3385 2014 3455 verberantium,

368 3484 433 3539 ut
453 3484 617 3537 crate
648 3478 841 3536 soluta
865 3481 1182 3547 costarum,
1210 3475 1522 3548 patefactis
1542 3474 1895 3544 visceribus,
1926 3487 2018 3529 se-

369 3571 534 3627 creta
565 3566 771 3626 animae
803 3567 1220 3641 panderentur.
1253 3563 1394 3621 Dein
1425 3563 1622 3621 crucis
1643 3562 1849 3620 aﬂlxus
1872 3562 2019 3634 pati-

371 3657 528 3729 bulo,
565 3658 798 3715 beatum
845 3655 1117 3728 spiritum
1166 3654 1533 3711 exanimatus
1583 3651 1799 3709 emisit.
1845 3650 2012 3708 Passi

370 3752 508 3807 sunt
541 3762 671 3806 cum
698 3761 768 3803 eo
789 3750 850 3802 et
870 3744 967 3801 alii
991 3759 1231 3802 numero
1254 3743 1495 3814 triginta
1518 3745 1788 3815 quatuor.
1815 3739 2020 3813 Sepul-

370 3837 416 3895 ti
448 3836 616 3895 ambo
664 3849 738 3892 ex
768 3838 1019 3907 utroque
1050 3833 1256 3893 altaris
1287 3833 1493 3904 latere,
1530 3831 1588 3888 in
1627 3834 1853 3904 crypta,
1889 3844 2018 3901 quaa

369 3925 427 3983 in
476 3924 626 3984 colle
676 3924 1052 3997 superposito
1098 3922 1346 3993 civitati,
1400 3920 1645 3995 pulchro
1686 3924 1745 3977 et
1777 3919 2019 3991 antiquo

369 4028 547 4087 opere
584 4017 878 4070 extructa.

440 4101 645 4174 (Beda,
680 4102 720 4158 Ι.
753 4117 791 4159 ι.
824 4100 1055 4159 Hister.
1086 4098 1289 4172 Angl.,
1323 4113 1374 4156 c.
1402 4101 1554 4155 20et
1575 4100 1662 4168 30,
1689 4100 1751 4153 et
1783 4098 1938 4168 Lm,
1963 4112 2017 4154 c.

370 4195 407 4250 2
432 4195 489 4248 et
523 4191 725 4263 seqq.)
752 4191 967 4247 Eodem
997 4189 1110 4260 die,
1130 4188 1419 4262 depositio
1438 4185 1640 4245 Melliti
1672 4186 1937 4259 episcopi
1961 4186 2019 4243 in

374 4279 690 4352 Britannia,
717 4279 814 4352 qui
839 4279 1054 4337 tertius
1077 4281 1208 4352 post
1242 4277 1632 4348 Augustinum
1654 4275 2016 4349 episcopum,

372 4370 869 4428 Dorovernensem
891 4366 1201 4426 ecclesiam
1233 4367 1517 4440 suscepit,
1544 4379 1715 4438 quam
1746 4365 1902 4423 rexit
1924 4379 2021 4422 an-

2129 458 2700 620 PeAlpTIlLViennam,
2727 547 2914 605 sancti
2948 518 3226 607 Clarentii
3258 549 3520 623 episcopi
3551 555 3617 607 et
3647 565 3774 617 con-

2126 635 2390 694 fessoris.

2588 736 2650 792 D.
2693 735 2766 792 VI
2809 737 3104 793 KALEND.
3136 734 3306 794 MAII.

2792 851 2899 924 (26
2925 852 3102 924 Apr.)

2196 964 2613 1037 (Pontiﬁcale,
2645 980 2771 1038 cap.
2808 966 2900 1037 3.)
2931 967 3144 1037 Romae,
3172 965 3384 1024 natalis
3417 968 3606 1025 sancti
3634 970 3778 1025 Ana-

2126 1052 2265 1112 cleti
2292 1068 2475 1127 papas,
2500 1054 2596 1126 qui
2623 1055 2917 1112 secundus
2943 1059 3071 1127 post
3099 1056 3333 1112 beatum
3355 1057 3619 1127 Petrum,
3644 1073 3774 1114 cum

2125 1143 2382 1199 rexisset
2409 1143 2730 1221 Ecclesiam
2782 1144 2948 1200 annis
2990 1143 3318 1213 duodecim,
3354 1146 3776 1218 persecutione

2124 1232 2432 1289 Domitiani
2464 1233 2743 1303 martyrio
2772 1238 3086 1289 coronatus
3116 1237 3229 1289 est.

2196 1320 2483 1395 (Ροηιιγη
2509 1336 2559 1378 c.
2584 1321 2706 1393 30.)
2727 1323 2863 1393 Ipso
2885 1321 2998 1392 die,
3026 1321 3213 1379 sancti
3237 1319 3554 1379 Marcellini
3582 1337 3775 1395 papae,

2125 1408 2221 1481 qui
2255 1424 2386 1466 cum
2416 1408 2736 1467 Ecclesiam
2768 1424 2971 1467 novem
3004 1410 3172 1466 annis
3202 1415 3263 1467 et
3295 1410 3600 1468 mensibus
3634 1426 3777 1483 qua-

2127 1502 2259 1554 tuor
2280 1499 2555 1570 rexisset,
2576 1499 2939 1571 temporibus
2960 1497 3304 1555 Diocletiani
3327 1504 3388 1555 et
3413 1499 3772 1572 Maximiani,

2127 1587 2199 1643 ab
2229 1586 2433 1643 eodem
2465 1586 2844 1660 Diocletiano,
2880 1603 2985 1661 pro
3024 1587 3396 1646 confessione
3425 1603 3582 1647 veras
3616 1587 3775 1661 ﬁdei,

2124 1689 2256 1733 cum
2288 1675 2546 1747 Claudio,
2573 1677 2782 1747 Cyrino
2813 1681 2873 1733 et
2907 1677 3215 1749 Antonino,
3239 1676 3434 1751 capite
3458 1681 3777 1735 truncatus

2126 1767 2240 1836 est,
2271 1769 2331 1821 et
2363 1768 2495 1837 post
2528 1766 2656 1822 dies
2686 1765 2929 1836 triginta
2959 1769 3017 1822 et
3052 1766 3330 1838 quinque,
3365 1765 3639 1838 sepultus
3680 1766 3775 1824 via

2126 1852 2366 1923 Salaria,
2410 1853 2467 1909 in
2516 1854 2807 1925 cubiculo,
2861 1869 2891 1911 a
2942 1853 3213 1913 Marcello
3262 1856 3614 1928 presbytero
3651 1859 3712 1911 et
3745 1871 3777 1912 a

2129 1941 2472 1999 diaconibus
2503 1957 2632 2000 cum
2667 1942 2912 2014 hymnis.
2949 1943 3074 2010 Quo
3115 1949 3376 2016 tempore
3419 1945 3531 2001 fuit
3569 1958 3777 2015 magna

2128 2030 2482 2101 persecutio,
2518 2032 2597 2087 ita
2648 2035 2712 2088 ut
2761 2031 2913 2088 intra
2963 2047 3140 2090 unum
3180 2047 3440 2090 mensem
3479 2033 3685 2091 decem
3715 2037 3777 2089 et

2127 2122 2352 2191 septem
2385 2118 2564 2176 millia
2597 2120 2876 2191 martyrio
2907 2124 3351 2178 coronarentur.

2606 2237 2666 2293 E.
2700 2236 2745 2293 V
2787 2230 3082 2294 KALEND.
3119 2238 3289 2295 MAI].

2795 2344 2896 2415 (27
2923 2343 3103 2416 Apr.)

2197 2448 2476 2524 (Pontif,
2510 2464 2560 2507 c.
2596 2449 2709 2521 40.)
2749 2451 2962 2518 Romae,
2986 2451 3193 2509 sancti
3239 2451 3535 2509 Anastasii
3581 2467 3769 2527 papae,

2127 2536 2224 2608 qui
2259 2538 2411 2594 sedit
2444 2554 2626 2595 annos
2659 2542 2803 2610 tres,
2840 2539 2967 2596 dies
3000 2539 3222 2596 decem.

2197 2626 2362 2699 Apud
2383 2626 3013 2699 Nicomediam,nata1is
3027 2628 3213 2685 sancti
3234 2628 3491 2686 Anthimi
3506 2630 3776 2703 episcopi

2124 2716 2183 2770 et
2218 2715 2509 2786 martyris,
2536 2715 2593 2771 in
2627 2716 2921 2773 memoriis
2954 2716 3180 2788 piorum
3204 2716 3484 2788 fulgentis
3509 2718 3567 2773 in
3594 2732 3775 2788 regno

2128 2802 2365 2859 Christi.
2402 2804 2506 2859 Hic
2537 2804 2947 2875 persecutione
2969 2803 3334 2869 Diocletiani,
3358 2806 3433 2863 ob
3455 2807 3779 2863 confessio.

2126 2904 2256 2946 nem
2282 2890 2519 2961 Christi,
2539 2893 2800 2963 martyrii
2822 2891 3065 2961 gloriam
3086 2893 3299 2965 capitis
3322 2895 3778 2953 obtruncatione

2127 2980 2411 3052 suscepit.
2466 2980 2647 3048 Quem
2700 2985 2972 3052 tanquam
3012 2982 3224 3039 bonum
3266 2988 3587 3055 pastorem,
3622 2986 3778 3041 viam

2050 3088 2101 3150 ρ
2131 3068 2393 3139 martyrii
2424 3072 2802 3140 praeeuntem,
2829 3070 3103 3128 universa
3128 3086 3275 3144 pene
3294 3073 3494 3143 gregis
3517 3073 3609 3130 sui
3633 3072 3781 3132 mul-

2132 3155 2172 3211 ti
2184 3155 2321 3212 tudo
2345 3161 2547 3214 secuta
2568 3160 2657 3213 est
2682 3175 2697 3225 ;
2721 3172 2966 3230 quorum
2989 3158 3136 3217 alios
3160 3161 3442 3232 praefatus
3461 3165 3773 3234 tyrannus,

2133 3244 2401 3301 eamdem
2431 3245 2729 3303 civitatem
2764 3252 2900 3304 tunc
2933 3249 3215 3321 temporis
3246 3250 3537 3322 residens,
3579 3250 3779 3322 gladio

2128 3332 2491 3404 obtruncari,
2510 3334 2657 3391 alios
2678 3335 2911 3406 ignibus
2929 3337 3296 3410 conﬂagrari,
3315 3338 3461 3396 alios
3484 3340 3778 3397 naviculis

2128 3420 2436 3494 impositos
2469 3422 2676 3496 pelago
2707 3424 3162 3496 immergi'fecit.
3185 3428 3338 3499 Ipsis
3371 3427 3631 3486 fidelium
3654 3436 3781 3486 tur-

2128 3510 2219 3567 bis
2249 3513 2414 3568 tanto
2445 3527 2550 3585 per
2573 3513 2670 3571 Dei
2703 3514 2952 3583 gratiam
2977 3513 3109 3573 fidei
3136 3516 3268 3588 igne
3291 3516 3687 3590 inﬂammatis,
3715 3522 3780 3576 ut

2126 3613 2231 3656 nec
2266 3598 2618 3673 interrogari
2643 3617 2707 3660 se
2730 3605 3096 3675 paterentur,
3123 3604 3226 3663 sed
3253 3605 3409 3663 ultro
3432 3605 3488 3662 in
3514 3607 3780 3665 flammas

2128 3687 2444 3761 irruerent,
2479 3689 2573 3747 vel
2606 3690 2973 3749 caedentibus
2993 3692 3206 3764 gladiis
3226 3694 3490 3753 cervices
3512 3694 3772 3766 objecta-

2127 3781 2278 3835 rent.
2307 3778 2599 3852 Scriptum
2630 3784 2726 3837 est
2758 3779 2815 3837 in
2845 3780 3252 3841 ecclesiastica
3275 3783 3534 3843 Historia
3557 3784 3662 3843 lib.
3680 3801 3781 3844 vm

2127 3865 2519 3942 (Euseb.-vm,
2552 3884 2603 3927 c.
2638 3869 2722 3942 6).

2592 3984 2651 4041 F.
2688 3985 2759 4041 IV
2798 3984 3096 4045 KALEND.
3139 3987 3309 4045 MAII.

2794 4081 2895 4153 (28
2930 4083 3109 4155 Aph)

2199 4183 2366 4257 Apud
2396 4185 2747 4260 Ravennam,
2780 4187 2976 4247 natale
3007 4188 3191 4247 sancti
3223 4187 3432 4247 Vitalis
3473 4192 3775 4264 martyris,

2135 4274 2321 4347 patris
2345 4278 2679 4333 sanctorum
2704 4277 2965 4335 Gervasii
2988 4281 3047 4335 et
3069 4278 3324 4335 Protasii
3351 4297 3365 4333 :
3391 4279 3489 4351 qui
3515 4279 3779 4340 militans

2126 4377 2255 4420 cum
2271 4362 2738 4437 Paulinojudice,
2755 4366 3084 4424 Ravennam
3102 4366 3405 4438 ingressus
3419 4373 3532 4425 est.
3550 4370 3623 4426 Et
3639 4386 3776 4428 cum

372 4471 480 4515 nos
521 4456 810 4529 quinque;
844 4456 1117 4530 sepultus
1156 4458 1214 4514 in
1255 4455 1632 4526 monasterio,
1669 4454 1725 4511 in
1767 4453 2022 4512 ecclesia
2051 4449 2104 4511 D
2133 4450 2357 4509 videret
2391 4452 2448 4509 in
2478 4458 2799 4527 conspectu
2826 4455 3044 4527 judicis
3068 4457 3157 4513 sui
3178 4455 3573 4514 Christianum
3597 4458 3783 4516 nomi-

375 4544 564 4604 heatri
593 4545 755 4604 Petri
786 4549 995 4604 octavo
1021 4544 1308 4603 Kalendas
1330 4544 1538 4615 Martii,
1564 4558 1713 4601 anno
1736 4543 1808 4600 ab
1831 4542 2020 4601 [near-

376 4634 611 4694 natione
639 4634 862 4693 Domini
904 4634 1335 4693 sexcentesimo
1366 4633 1651 4705 vigesimo
1681 4636 1910 4705 quarto.

828 4750 888 4808 C.
922 4750 1020 4807 VII
1060 4751 1357 4807 KALEND.
1392 4749 1561 4806 MAII.

1038 4847 1140 4921 (ιδ
1176 4846 1355 4921 Apr.)

450 4955 615 5030 Apud
649 4953 1081 5027 Alexandriam,
1116 4954 1309 5012 natale
1341 4950 1532 5011 sancti
1563 4950 1737 5009 Marci
1768 4964 2017 5023 evange-

378 5042 534 5103 listas
562 5056 591 5085 ι
617 5045 715 5119 qui
752 5048 973 5119 martyr
1008 5044 1343 5115 defunctus,
1380 5040 1651 5114 sepultus
1682 5044 1774 5099 est
1808 5040 1864 5099 in
1893 5040 2023 5099 loco

380 5129 594 5205 lapidis
614 5135 798 5193 excisi
823 5150 953 5193 cum
976 5134 1183 5207 gloria.
1203 5131 1589 5190 Ordinaverat
1612 5133 1805 5188 autem
1830 5145 1935 5205 pro
1958 5145 2022 5187 se

381 5219 747 5281 Alexandria
764 5225 1105 5299 episcOpum
1128 5222 1431 5293 Anianum,
1448 5220 1581 5279 aliis
1600 5236 1830 5294 quoque
1851 5220 2023 5293 longe

379 5308 614 5455 latgque
645 5311 917 5372 ecclesiis
947 5314 1281 5389 episcOpos,
1310 5311 1711 5385 presbyteros,
1745 5310 2023 5369 diaconos

380 5398 451 5455 de
496 5400 644 5455 erat.

380 5398 644 5457 dederat.

449 5559 480 5591 ι
506 5548 651 5611 Vide
681 5548 942 5615 libellum
974 5552 1047 5615 de
1079 5554 1231 5617 Fest.
1267 5554 1469 5631 Apost.

2130 4555 2202 4598 ne
2226 4541 2569 4614 Ursicinum,
2587 4547 2713 4601 arte
2728 4545 3033 4616 medicum,
3050 4545 3285 4602 natione
3301 4545 3619 4618 Ligurium,
3638 4552 3779 4620 post

2129 4630 2303 4689 nimia
2328 4635 2615 4689 tormenta
2643 4632 2952 4704 capitalem
2975 4633 3280 4707 accepisse
3304 4634 3680 4708 sententiam,
3717 4641 3781 4695 et

2129 4735 2260 4777 cum
2292 4721 2555 4778 venisset
2596 4721 2668 4779 ad
2709 4720 2955 4794 palmam
2995 4726 3054 4779 et
3094 4723 3454 4795 expavisset,
3488 4722 3785 4783 exclama-

2130 4808 2213 4865 vit
2248 4827 2262 4864 :
2296 4808 2442 4881 Noli,
2480 4809 2615 4882 noli,
2652 4809 2915 4869 Ursicine
2959 4810 3202 4884 medice,
3239 4812 3336 4885 qui
3388 4811 3535 4871 alios
3566 4829 3785 4874 curare

2128 4898 2451 4970 consuesti,
2467 4902 2526 4956 te
2542 4899 2732 4972 ipsum
2746 4904 2982 4959 asternaa
2998 4900 3412 4973 mortisfjaculo
3425 4901 3743 4963 vulnerare
3765 4908 3781 4963 Ξ

2131 4988 2203 5044 Et
2233 4986 2329 5060 qui
2363 5002 2467 5061 per
2488 4988 2794 5061 passiones
2814 4990 3020 5048 nimias
3040 4990 3252 5047 venisti
3284 4991 3353 5048 ad
3385 4990 3656 5064 palmam,
3681 5008 3785 5051 co-

2133 5090 2332 5133 ronam
2372 5077 2461 5135 vis
2502 5078 2749 5151 perdere
2778 5094 2808 5136 a
2840 5079 3077 5137 Domino
3125 5082 3555 5152 praeparatam?
3584 5083 3786 5154 thue

2133 5166 2474 5237 martyrium
2523 5168 2947 5225 consummavit
2999 5167 3149 5224 idem
3198 5168 3525 5240 Ursicinus,
3573 5172 3785 5229 statim

2134 5253 2344 5312 beatus
2374 5255 2583 5312 Vitalis
2611 5272 2827 5329 corpus
2858 5255 2985 5327 ejus
3017 5256 3253 5330 rapiens
3296 5257 3450 5315 intra
3481 5259 3790 5318 Ravenna-

2135 5342 2278 5400 tium
2312 5345 2513 5401 urbem
2544 5344 2834 5419 sepelivit,
2860 5346 2931 5403 ad
2957 5345 3211 5417 judicem
3238 5344 3391 5404 ultra
3413 5347 3616 5405 venire
3641 5364 3788 5407 con-

2133 5435 2417 5492 temnens.
2459 5434 2674 5491 Tentus
2713 5435 2911 5511 itaque
2940 5450 2974 5520 ξι
3005 5434 3248 5494 Paulino
3287 5434 3583 5495 consulari
3613 5436 3691 5495 ob
3727 5438 3790 5494 id
