3992 6170
263 283 369 338 953

981 268 1585 329 MARTYROLOGIUM
1626 267 1767 327 CUM
1807 265 2336 324 ADDITAMENTIS.
2377 297 2447 308 —
2484 264 2685 324 MENS.
2722 269 2950 325 APRIL.

3560 270 3670 328 254

260 403 530 475 maxime,
590 400 726 474 quia
776 400 1080 474 praefatum
1125 396 1455 456 Ursicinum
1507 395 1560 454 in
1622 395 1913 470 passionis
1941 392 1997 453 A
2026 394 2330 467 gentilium
2362 408 2519 453 caeco
2543 394 2739 452 furore
2761 397 2823 450 et
2842 392 3045 451 officiis
3068 392 3423 452 militaribus
3446 392 3518 451 ad
3540 396 3667 452 ten-

260 509 447 565 agone
472 492 728 565 positum
746 491 867 548 suis
886 488 1395 547 exhortationibus
1410 489 1764 558 roborasset,
1782 489 1912 559 post

257 581 497 654 equulei
526 584 816 638 tormenta
834 578 1034 650 jussus
1046 583 1137 636 est
1163 577 1402 650 perduci
1427 578 1499 634 ad
1524 576 1790 649 palmam.
1819 578 1918 633 Lo-

258 687 369 731 cus
398 674 599 729 autem
632 671 729 727 ubi
757 668 1203 726 decollabantur
1234 667 1549 725 Christiani
1590 668 1702 724 hoc
1742 667 1914 724 habe-

258 761 361 818 bat
382 758 760 829 vocabulum,
783 772 853 815 eo
876 757 1032 829 quod
1055 758 1298 814 arbores
1319 754 1524 830 palmae
1547 756 1667 813 illic
1689 759 1910 813 essent.

253 850 331 908 Et
363 849 521 905 facta
541 849 704 905 fovea
727 861 1035 919 quousque
1066 845 1429 904 inveniretur
1460 860 1629 917 aqua,
1656 845 1735 902 ibi
1758 844 1916 917 supi-

256 954 370 996 nus
401 936 729 1011 depositus,
760 940 821 993 et
850 939 1010 993 terra
1042 949 1110 993 ac
1142 934 1433 1007 lapidibus
1459 949 1779 1007 oppressus
1801 936 1911 992 est.

257 1027 491 1097 Conjux
520 1039 755 1098 quoque
783 1024 908 1095 ejus
947 1023 1195 1094 Valeria,
1239 1039 1369 1081 cum
1410 1028 1813 1081 reverteretur
1843 1023 1916 1081 ad

257 1117 468 1173 urbem
490 1113 1026 1183 Mediolanensium,
1052 1111 1298 1185 Sylvano
1312 1111 1917 1170 sacriﬁcantesincur-

257 1204 341 1261 rit
364 1223 379 1273 ;
403 1218 657 1275 cumque
679 1217 805 1259 eam
829 1202 1190 1274 deponentes
1212 1202 1283 1258 de
1307 1202 1595 1273 sagmario
1614 1203 1917 1260 hortaren-

258 1297 359 1350 tur
389 1293 463 1349 de
496 1290 830 1348 idolothitis
850 1290 1221 1361 manducare,
1247 1305 1352 1347 nec
1384 1290 1492 1347 sibi
1526 1291 1759 1348 omnino
1794 1291 1917 1348 lici-

255 1384 381 1439 tum
413 1384 765 1451 testaretur,
796 1379 929 1451 quia
958 1382 1116 1436 esset
1141 1379 1464 1436 Christiana
1491 1399 1503 1434 :
1540 1379 1712 1437 nimia
1737 1381 1808 1436 ab
1830 1380 1916 1437 eis

255 1468 422 1527 caede
455 1473 711 1526 mactata
740 1471 856 1538 est,
890 1472 955 1524 ut
984 1467 1081 1525 vix
1121 1466 1465 1524 seminecem
1515 1467 1604 1525 sui
1652 1468 1915 1527 homines

255 1572 383 1613 eam
408 1556 482 1613 ad
504 1555 999 1613 Mediolanensem
1026 1557 1227 1613 urbem
1250 1555 1659 1628 perducerent.
1680 1556 1914 1624 Quirin-

260 1644 344 1701 ira
377 1645 622 1701 biduum
656 1644 923 1715 migravit
956 1644 1028 1701 ad
1054 1644 1377 1701 Dominum.

329 1732 702 1790 Alexandriae
732 1741 778 1804 α,
813 1731 1003 1789 natale
1035 1738 1252 1789 sanctae
1282 1731 1599 1789 Theodorze
1646 1732 1907 1806 virginis,

262 1837 388 1894 qua:
409 1820 748 1879 sacriﬁcare
770 1827 1164 1892 contemnens,
1182 1821 1239 1877 in
1254 1821 1497 1893 lupanar
1514 1821 1747 1894 tradita,
1766 1823 1909 1880 miro

264 1910 359 1967 Dei
384 1910 585 1967 favore
606 1916 807 1982 erepta
832 1915 943 1967 est.
972 1913 1216 1968 Astante
1240 1910 1452 1983 quippe
1470 1909 1586 1981 jam
1611 1911 1681 1968 ad
1696 1912 1909 1969 ostium

269 1999 488 2057 cellulae
512 1999 889 2056 multitudine
905 1998 1181 2069 juvenum
1208 1999 1652 2071 impudicorum,
1671 2006 1911 2072 repente

272 2087 494 2160 quidam
526 2102 601 2144 ex
633 2087 932 2158 fratribus,
967 2087 1242 2159 Didymus
1272 2088 1519 2158 nomine,
1546 2087 1751 2159 plenus
1774 2089 1906 2161 fide,

279 2176 547 2233 divinitus
572 2175 910 2248 inspiratus,
937 2180 1171 2248 sumpto
1195 2176 1671 2248 militarihabitu,
1690 2177 1911 2248 primus

276 2264 506 2336 lupanar
532 2264 767 2336 irrupit,
792 2269 849 2320 et
873 2270 1090 2322 sancta:
1114 2264 1321 2335 virgini
1347 2281 1452 2321 cur
1464 2265 1911 2338 venissotexpo-

279 2368 423 2424 nens,
458 2352 544 2408 illi
577 2352 861 2409 militares
891 2353 1132 2425 imponit
1174 2353 1433 2425 exuvias,
1476 2353 1601 2425 ipse
1642 2354 1908 2425 virginali

279 2445 426 2498 veste
458 2441 742 2498 induitur.
776 2441 868 2498 Sic
900 2441 1065 2512 virgo
1088 2456 1348 2512 egressa,
1373 2447 1431 2499 et
1456 2458 1486 2499 a
1510 2442 1668 2499 nullo
1690 2444 1904 2515 agnita,

280 2530 341 2586 ad
360 2529 655 2587 civitatem
689 2529 914 2612 fugiens
944 2531 1148 2588 evasit.
1183 2531 1458 2602 Didymus
1490 2531 1726 2602 praesidi
1758 2531 1911 2588 exhi-

280 2617 440 2688 bitus,
457 2623 511 2675 et
527 2634 698 2675 omne
715 2619 930 2676 factum
944 2635 1050 2676 con
1061 2623 1288 2676 stanter
1298 2634 1614 2691 exponens,
1633 2620 1762 2677 Cbri
1771 2621 1910 2678 stia-

280 2722 401 2764 num
422 2722 483 2764 se
504 2722 640 2765 esse
663 2708 990 2779 confessus,
1016 2708 1245 2765 absciso
1277 2708 1469 2780 capite
1501 2707 1618 2778 igni
1651 2709 1933 2781 traditus,

279 2800 383 2852 est.
406 2798 573 2853 Beata
598 2811 834 2868 quoque
856 2797 1038 2867 virgo,
1065 2812 1193 2868 qum
1218 2797 1552 2869 protuenda
1576 2796 1910 2867 virginitate

278 2897 347 2939 ex
366 2882 618 2956 lupanari
645 2886 895 2955 fugerat,
922 2899 1117 2941 amore
1140 2900 1371 2941 coronae
1388 2884 1665 2941 continuo
1688 2885 1760 2941 ad
1792 2890 1913 2943 sta-

280 2970 422 3028 dium
444 2988 735 3044 regressa,
773 2972 947 3031 simul
979 2988 1109 3031 cum
1138 2973 1379 3045 Didymo
1410 2986 1714 3045 percussa,
1749 2978 1809 3030 et
1842 2973 1913 3030 si-

283 3059 385 3116 mul
414 3066 496 3118 est
530 3066 833 3119 coronata.

344 3149 542 3206 Eodem
574 3150 668 3207 die
700 3150 1055 3224 Aphrodisii,
1094 3150 1390 3224 Carilippi,
1428 3150 1630 3224 Agapii
1653 3154 1709 3208 et
1737 3151 1911 3209 Euse-

288 3236 353 3292 bii
381 3244 713 3311 martyrum.

346 3326 474 3384 ltem
506 3328 564 3385 in
592 3328 913 3401 Pannonia,
950 3328 1140 3386 sancti
1174 3328 1456 3386 Pollionis
1488 3330 1782 3402 martyris.

727 3427 789 3483 G.
825 3428 898 3483 III
929 3428 1235 3484 KALEND.
1274 3429 1445 3485 ΜΑΙΙ.

941 3528 1031 3593 (29
1060 3525 1233 3599 Apr.)

350 3619 508 3693 Apud
557 3620 839 3695 Paphum,
890 3621 1122 3693 Tychici
1181 3621 1579 3695 apostolorum
1636 3623 1911 3697 discipuli

284 3708 446 3781 (Epit.
477 3725 574 3778 v1;
602 3711 685 3769 ΙΙ
710 3712 858 3769 Tim.
894 3712 992 3782 IV).

334 3798 396 3854 In
437 3798 703 3856 Numidia
743 3799 898 3871 apud
939 3799 1306 3857 Cirthensem
1349 3799 1655 3871 coloniam,
1698 3800 1912 3858 natalis

268 3890 599 3945 sanctorum
614 3891 935 3960 martyrum
958 3887 1162 3961 Agapii
1188 3891 1246 3946 et
1274 3888 1585 3946 Secundini
1608 3888 1915 3963 episcopo-

265 3990 392 4033 rum
425 3976 580 4048 :'qui
638 3976 1052 4050 persecutione
1111 3975 1424 4048 Valeriani,
1488 3980 1618 4050 post
1679 3976 1913 4050 longum

266 4061 536 4121 exsilium
558 4065 714 4139 apud
736 4065 1037 4139 praefatam
1059 4066 1286 4137 urbem,
1313 4064 1369 4122 in
1385 4080 1497 4137 qua
1514 4069 1654 4125 tunc
1668 4066 1915 4125 maxime

329 4222 360 4253 ι
392 4214 612 4288 Ambr.,
648 4214 750 4274 lib.
785 4230 827 4275 ιι
856 4216 928 4274 de
957 4214 1175 4289 Virgin.
1210 4215 1389 4274 habet
1420 4216 1760 4278 Antiochiae.

2021 486 2256 542 tandam
2284 484 2579 555 justorum
2622 484 2792 541 fidem
2834 484 3028 541 rabies
3069 483 3284 541 diaboli
3325 482 3663 541 infestantis

2022 573 2303 648 inhiabat,
2319 574 2623 633 exillustri
2648 573 2979 631 sacerdotio
3001 572 3193 630 effecti
3218 576 3353 630 sunt
3376 575 3665 644 martyres

2021 666 2285 738 gloriosi.
2329 663 2495 722 Passi
2536 667 2674 721 sunt
2720 663 2775 719 in
2815 677 3015 720 eorum
3048 660 3297 733 collegio
3326 660 3664 719 Emilianus

2024 756 2209 829 miles,
2242 755 2495 813 Tertulla
2526 758 2582 811 et
2618 753 2866 810 Antonia
2898 766 3083 810 sacra;
3116 750 3388 823 virgines,
3421 755 3479 807 et
3512 765 3667 822 qua:-

2025 847 2156 905 dam
2188 844 2396 904 mulier
2429 858 2559 902 cum
2592 842 2717 900 suis
2744 841 3013 913 geminis.

2406 980 2470 1035 A.
2508 977 2745 1035 PRIDIE
2775 975 3072 1033 KALEND.
3108 974 3280 1032 MAII.

2699 1103 2790 1175 (30
2816 1102 2986 1177 Apr.)

2095 1228 2317 1287 Natalis
2350 1231 2687 1287 sanctorum
2721 1230 3040 1299 martyrum
3071 1222 3306 1281 Mariani
3346 1226 3403 1280 et
3433 1219 3656 1279 Jacobi.

2021 1318 2049 1359 δ
2079 1335 2322 1391 quorum
2357 1319 2513 1390 prior
2544 1317 2750 1390 lector,
2786 1316 3085 1390 posterior
3115 1314 3394 1371 diaconus
3416 1313 3564 1369 erat.
3592 1310 3661 1366 Et

2023 1424 2154 1465 cum
2163 1407 2509 1480 jampridem
2524 1406 2935 1464 infestationes
2947 1404 3212 1462 Deciana
3228 1398 3660 1474 persecutionis

2023 1496 2080 1553 in
2112 1497 2479 1555 confessione
2521 1496 2732 1554 Christi
2772 1495 3049 1553 evicisset
3092 1491 3402 1561 Marianus,
3447 1489 3663 1545 iterum

2022 1601 2153 1643 cum
2176 1586 2523 1643 charissimo
2543 1586 2766 1656 collega
2780 1588 2982 1642 tentus
2995 1586 3107 1652 est,
3126 1579 3279 1653 apud
3294 1578 3661 1636 Cirthensem

2021 1674 2327 1732 coloniam.
2360 1676 2467 1733 Ubi
2501 1680 2631 1747 post
2667 1674 2793 1739 dira
2825 1678 2882 1731 et
2915 1671 3209 1744 exquisita
3243 1667 3531 1741 supplicia
3554 1664 3658 1738 (ita

1939 1754 1995 1814 Β
2026 1767 2092 1821 ut
2112 1764 2401 1822 Marianus
2417 1779 2520 1837 per
2534 1778 2793 1822 summos
2807 1763 3005 1835 apices
3019 1759 3295 1833 pollicum
3309 1769 3658 1830 suspensus,

2021 1857 2081 1909 ut
2106 1854 2267 1923 gravi
2294 1854 2549 1926 pondere
2574 1853 2821 1925 pedibus
2840 1853 3104 1920 Tnnexus,
3121 1845 3664 1907 crudelissimetor—

2022 1943 2325 2013 queretur)
2349 1942 2448 2000 diu
2474 1943 2529 1998 in
2554 1956 2792 2000 carcere
2817 1940 3095 1998 macerati
3119 1940 3276 1995 sunt.
3304 1935 3416 1992 Sed
3446 1931 3661 1990 divinis

2023 2030 2481 2088 revelationibus
2496 2029 2845 2086 mirabiliter
2856 2026 3191 2095 confortati,
3210 2023 3418 2081 deinde
3432 2020 3662 2077 Lambe-
3774 2092 3781 2099 ι

2021 2119 2270 2175 sitanam
2314 2119 2517 2175 urbem
2560 2118 2769 2174 directi
2812 2117 2882 2173 ad
2927 2114 3259 2188 praesidem,
3302 2110 3381 2166 ibi
3424 2121 3659 2165 rursum

2022 2206 2192 2278 longo
2218 2211 2477 2278 tempore
2501 2205 2782 2263 carcerali
2806 2202 3108 2275 ergastulo
3140 2196 3454 2271 mancipati
3480 2200 3659 2262 sunt;

2021 2295 2122 2353 sed
2140 2296 2351 2352 iterum
2366 2294 2579 2351 divinis
2594 2292 3055 2350 revelationibus
3070 2287 3325 2359 allevati,
3343 2283 3661 2343 novissime

2020 2400 2151 2442 cum
2182 2383 2382 2441 multis
2415 2383 2545 2439 aliis
2576 2382 2773 2453 gladio
2804 2377 3188 2439 consummati
3223 2378 3380 2433 sunt.

2092 2474 2353 2545 (Gregor.
2390 2473 2521 2528 Tur.
2556 2472 2628 2528 de
2659 2470 2870 2530 Gloria
2896 2469 3177 2541 martyr.,
3210 2482 3261 2523 c.
3300 2462 3414 2535 56.)
3445 2459 3659 2518 Eodem

2020 2563 2114 2619 die
2138 2561 2289 2633 apud
2312 2561 2612 2618 civitatem
2627 2560 2935 2628 Santonas,
2952 2556 3165 2614 natalis
3179 2548 3662 2620 sanctiEutrOpis

2022 2651 2316 2721 martyris,
2341 2651 2439 2721 qui
2464 2665 2494 2706 a
2519 2651 2692 2706 beato
2707 2646 3294 2718 Clementeepiscopo
3315 2642 3580 2698 directus
3604 2636 3662 2693 in

2020 2739 2238 2797 Gallias
2264 2757 2278 2807 ;
2313 2740 2385 2795 ab
2416 2739 2619 2796 eodem
2649 2738 2824 2795 etiam
2849 2733 3203 2809 pontificalis
3225 2731 3450 2789 ordinis
3471 2726 3661 2800 gratia

2020 2832 2430 2899 consecratus,
2456 2826 2696 2899 impleto
2718 2827 2891 2897 hujus
2916 2823 3090 2881 ofﬁcii
3105 2822 3328 2891 ordine,
3348 2821 3587 2891 peracta
3603 2815 3659 2871 in

2020 2915 2339 2974 incredulis
2407 2914 2840 2987 praedicatione,
2892 2910 3338 2981 insurgentibus
3396 2903 3657 2977 paganis,

2022 3020 2169 3078 quos
2184 3002 2892 3062 auctorinviditecredere
2924 3016 3036 3057 non
3069 2998 3356 3072 permisit,
3383 2995 3537 3052 illiso
3569 3008 3663 3050 ca-

1938 3111 1989 3175 C
2021 3094 2142 3167 pite
2164 3094 2353 3152 victor
2388 3092 2684 3149 occubuit.
2721 3091 2979 3162 Denique
3002 3092 3134 3162 post
3167 3086 3348 3175 multa
3381 3095 3661 3175 annorum

2019 3184 2230 3256 spatia,
2257 3198 2388 3240 cum
2409 3180 2709 3239 Palladius
2740 3180 3003 3251 ejusdem
3035 3177 3201 3236 urbis
3233 3174 3569 3248 episcopus,
3602 3174 3662 3228 et

2018 3287 2150 3331 cum
2164 3286 2233 3327 eo
2246 3270 2343 3327 alii
2358 3271 2467 3328 viri
2480 3269 2828 3343 Dei,corpus
2842 3266 3183 3340 ejus,debiti
3199 3263 3438 3322 honoris
3450 3261 3660 3333 gratia,

2020 3361 2077 3418 in
2113 3359 2417 3417 basilicam
2460 3374 2664 3416 novam
2708 3360 3118 3427 transferrent,
3162 3356 3431 3412 reserato
3473 3364 3667 3408 sarco-

2021 3450 2229 3523 phago,
2266 3447 2646 3520 contemplati
2671 3451 2804 3504 sunt
2829 3445 3164 3504 cicatricem
3189 3441 3423 3516 capitis,
3450 3439 3584 3513 quia
3608 3438 3665 3495 in

2023 3543 2189 3611 parte
2230 3538 2481 3596 defixum
2515 3539 2703 3596 fuerat
2736 3536 2965 3595 securis
2996 3549 3257 3593 acumen.
3292 3535 3550 3603 Cumque
3580 3544 3670 3587 se—

2022 3627 2225 3699 quenti
2241 3631 2414 3685 nocte
2429 3629 2788 3684 stravissent
2811 3626 3154 3683 sacerdotes
3177 3624 3435 3681 membra
3458 3620 3664 3693 quieti,

2023 3716 2297 3788 apparuit
2332 3716 2419 3772 eis
2452 3730 2557 3787 per
2586 3716 2796 3785 visum,
2832 3714 3035 3773 dicens
3068 3733 3081 3770 :
3117 3711 3464 3770 Cicatricem
3497 3724 3668 3783 quam

2022 3803 2405 3876 contemplati
2428 3803 2645 3861 estisin
2667 3804 2879 3876 capite,
2898 3803 3111 3860 scitote
3133 3815 3223 3858 me
3246 3815 3352 3874 per
3371 3813 3498 3857 eam
3520 3812 3670 3855 mar-

2025 3892 2239 3964 tyrium
2272 3906 2733 3951 consummasse.

2096 3981 2266 4054 Apud
2292 3982 2509 4053 Asiam,
2538 3982 2739 4056 passio
2770 3980 2959 4040 sancti
2990 3979 3220 4039 Maximi
3251 3977 3546 4052 martyris,
3571 3993 3672 4037 cu-

2016 4068 2116 4143 jus
2147 4075 2320 4142 gesta
2354 4071 2663 4130 habentur.

2094 4220 2122 4260 b
2154 4223 2235 4280 De
2268 4221 2363 4282 his
2393 4223 2451 4280 in
2482 4223 2672 4297 gestis
2703 4226 3042 4283 sanctorum
3072 4218 3310 4281 Mariani
3350 4224 3407 4280 et
3445 4219 3668 4282 Jacobi.

1624 4504 1895 4563 LITAN/E
1932 4507 2330 4567 INDICENDE

1653 4684 1984 4761 MENSIS
2034 4686 2302 4765 MAIUS

1316 4882 1521 4935 HABET
1574 4885 1714 4936 DIES
1771 4887 1947 4953 XXX;
2003 4890 2165 4941 LUNA
2222 4893 2420 4960 VERO,
2476 4896 2629 4946 XXX.

800 5162 863 5219 Β.
897 5161 1196 5219 KALEND.
1233 5161 1403 5219 MA".

885 5276 887 5278 ·
953 5259 1004 5332 (ι
1044 5259 1249 5332 Maii.)

342 5356 610 5415 Ieremia
642 5355 967 5430 prophetae-

2034 5187 2224 5245 Mariae
2249 5207 2376 5263 quae
2401 5194 2509 5252 fuit
2533 5210 2703 5253 soror
2734 5194 2940 5253 matris
2977 5191 3221 5264 Domini,
3248 5191 3422 5250 'unde
3461 5192 3677 5253 fratres

2034 5281 2257 5338 Domini
2293 5283 2659 5343 dicebantur.

2108 5374 2168 5429 In
2203 5373 2404 5431 Galliis
2430 5375 2732 5431 territorio
2744 5371 3090 5445 Vivariensi,
3108 5370 3308 5432 inloco
3321 5372 3678 5447 quivocatus

344 5444 422 5499 Et
449 5445 662 5503 natalis
706 5444 1109 5519 θροείοιονυω
1149 5445 1405 5519 Philippi
1444 5450 1501 5504 θι
1534 5446 1736 5504 Jacobi
1767 5456 1795 5486 ⁸
1826 5446 1925 5504 ﬁlii
2038 5467 2133 5520 est
2162 5462 2489 5536 antiquitus
2521 5462 2818 5534 gentibus,
2855 5462 3043 5520 sancti
3075 5463 3276 5524 Aneoli
3311 5444 3675 5534 subdiaconi,

343 5575 377 5605 ι
404 5566 548 5627 Vide
581 5567 843 5628 libellum
874 5567 945 5627 de
975 5569 1132 5627 Fest.
1168 5571 1373 5644 Apost.
