3992 6170
323 283 429 338 258

1361 274 1416 331 S.
1461 271 1721 332 ADONIS
1761 268 2199 330 ARCHIEPISC.
2243 267 2676 327 VIENNENSIS.

3608 268 3713 323 256

321 418 488 476 quem
504 399 660 459 misit
674 399 748 459 ab
762 398 1001 459 Oriente
1015 402 1258 457 sanctus
1271 397 1630 472 Polycarpus
1644 414 1774 458 cum
1790 400 1962 457 beato
1991 393 2048 456 A
2075 397 2132 451 et
2149 410 2178 452 a
2201 393 2584 466 grammatico
2606 387 2964 449 sufficienter
2986 386 3340 446 Athanasius
3360 385 3574 446 fuisset
3597 385 3715 446 ins-

320 492 575 562 Benigno
587 494 646 548 et
661 488 957 549 Andochio
970 489 1355 563 presbyteris,
1371 492 1432 544 et
1452 488 1671 559 Thyrso
1695 488 1961 561 diacono,

318 580 390 637 ad
414 579 848 652 praedicandum
870 579 1113 636 verbum
1136 577 1235 634 Dei
1260 578 1318 634 in
1343 576 1603 634 Galliam.
1624 578 1801 649 Cujus
1816 592 1962 650 prae-

319 666 609 725 dicatione
626 669 820 727 Caesar
834 668 1087 725 Severus
1100 667 1688 740 comperta,spinosis
1705 667 1960 724 fustibus

319 755 730 813 crudelissime
763 755 1117 826 ﬂagellatum
1150 756 1207 812 in
1229 771 1527 814 carcerem
1548 755 1707 813 trudi
1744 769 1963 827 praece-

321 843 426 915 pit,
451 848 512 900 et
533 843 642 900 alia
666 843 760 899 die
783 844 1134 915 productum
1157 858 1288 901 cum
1310 844 1542 901 videret
1564 844 1831 916 superari
1846 859 1958 900 non

319 945 517 1004 posse,
528 931 712 1003 jussit
735 932 808 990 ad
831 931 1270 989 similitudinem
1293 932 1473 1004 gladii
1498 932 1569 990 de
1592 931 1749 1003 ligno
1771 933 1963 990 duris-

321 1019 469 1077 simo
498 1035 696 1078 ensem
731 1020 877 1092 ﬁeri,
910 1024 968 1078 et
1001 1020 1056 1077 in
1097 1021 1292 1079 crucis
1334 1022 1564 1079 modum
1606 1026 1781 1094 caput
1831 1021 1960 1094 ejus

321 1107 530 1165 scindi.
566 1108 730 1176 Quod
758 1123 890 1166 cum
923 1109 1138 1167 factum
1183 1109 1413 1179 fuisset,
1455 1109 1603 1167 eliso
1644 1110 1702 1166 in
1740 1112 1959 1168 terram

320 1197 585 1268 cerebro,
618 1195 873 1267 gloriosa
906 1200 1090 1253 morte
1120 1196 1448 1255 translatus
1478 1202 1591 1255 est.

392 1285 536 1341 Item
565 1284 808 1342 civitate
841 1285 1185 1357 Sedunensi,
1221 1285 1348 1343 loco
1372 1288 1631 1358 Agauno,
1659 1287 1856 1360 passio
1877 1287 1963 1343 Si-

320 1372 613 1443 gismundi
656 1373 810 1443 regis
851 1372 952 1428 filii
985 1372 1368 1445 Gundebaldi,
1414 1375 1570 1444 regis
1603 1375 1963 1446 Burgundio-

322 1475 477 1516 num.
505 1460 612 1528 Qui
645 1476 775 1518 cum
808 1476 871 1519 se
894 1465 1165 1519 cerneret
1190 1477 1301 1518 non
1326 1476 1500 1534 posse
1526 1464 1762 1520 Francis
1785 1463 1963 1520 resis-

319 1551 467 1619 tere,
486 1548 647 1606 solus
670 1549 919 1620 fugiens,
945 1564 1106 1607 coma
1131 1550 1419 1622 deposita,
1445 1551 1706 1609 habitum
1731 1551 1963 1622 relig'o—

323 1637 417 1693 nis
440 1638 724 1711 suscepit,
749 1637 1084 1710 etjejuniis,
1117 1638 1338 1709 vigiliis
1370 1654 1436 1696 ac
1468 1639 1835 1697 orationibus
1868 1639 1961 1696 die

2069 486 2330 555 tructus,
2348 482 2915 552 continuotanquam
2930 477 3101 535 fidele
3115 477 3716 535 Dominicommenda-
3738 481 3743 485 ’

2070 577 2216 644 tum,
2233 588 2263 630 a
2279 572 2624 645 parentibus
2640 570 2977 628 restituitur
2991 568 3306 638 sacerdoti,
3325 582 3391 625 ac
3412 566 3595 625 veluti
3618 568 3716 624 Sa-

2072 660 2227 719 muel
2244 661 2477 733 quidam
2492 661 2546 716 in
2562 658 2781 731 templo
2794 658 3017 715 Domini
3032 657 3292 715 nutritur
3311 662 3393 725 ;et
3411 657 3565 713 abeo
3588 670 3715 728 per-

2069 754 2245 823 gente
2279 750 2349 807 ad
2383 753 2583 822 patres
2617 748 2672 804 in
2706 750 3013 804 senectute
3047 746 3214 816 bona,
3250 745 3322 801 ad
3365 744 3714 817 portandum

2073 843 2204 912 post
2232 854 2294 895 se
2319 838 2516 910 Ephod
2542 835 2911 894 sacerdotale
2935 834 3235 904 deligitur.
3262 833 3447 904 Hujus
3476 833 3625 889 tanti
3659 833 3716 889 in

2070 928 2335 986 Ecclesia
2350 942 2454 999 pro
2469 926 2600 982 ﬁdei
2616 925 2955 995 integritate
2969 937 3183 994 agones
3199 923 3523 991 fuerunt,ut
3539 921 3719 977 etiam

2073 1019 2145 1075 de
2160 1017 2267 1074 hoc
2282 1015 2554 1072 videatur
2568 1014 2789 1072 dictum
2803 1028 2936 1069 esse
2954 1011 3096 1068 illud
3113 1011 3264 1083 quod
3290 1012 3574 1082 scriptum
3599 1014 3716 1081 est,

2070 1107 2199 1179 Ego
2223 1106 2380 1162 enim
2401 1104 2704 1162 ostendam
2715 1103 2768 1159 ei
2782 1102 3074 1173 quantum
3081 1115 3195 1173 pro
3209 1100 3442 1156 nomine
3450 1113 3574 1156 meo
3586 1113 3727 1155 eum

2059 1192 2541 1269 patioporteatu
2559 1194 2701 1264 Reg.
2730 1206 2778 1259 1;
2800 1191 2926 1248 Act.
2955 1192 3051 1254 IX).
3081 1191 3137 1246 In
3153 1188 3327 1259 hujus
3349 1188 3564 1244 etenim
3590 1202 3725 1259 per-

2073 1284 2411 1343 secutiones
2433 1282 2748 1340 universus
2780 1279 3104 1350 conjuravit
3138 1277 3321 1349 orbis,
3353 1282 3410 1334 et
3442 1276 3721 1335 commoti

2073 1378 2207 1431 sunt
2236 1358 2727 1446 principesterraa
2752 1389 2765 1424 :
2788 1372 3018 1440 gentes,
3037 1382 3234 1439 regna,
3252 1367 3553 1424 exercitus
3567 1366 3727 1423 coie-

2074 1467 2208 1520 runt
2242 1462 2529 1519 adversus
2558 1473 2723 1527 eum;
2749 1456 3080 1528 multasque
3104 1456 3446 1513 Arianorum
3479 1469 3729 1528 perpes-

2074 1550 2457 1620 susinsidias,
2472 1552 2600 1606 toto
2614 1548 2755 1604 orbe
2780 1547 3061 1619 profugus
3085 1545 3308 1616 agitur;
3331 1543 3528 1602 nullus
3550 1548 3727 1602 tutus

2074 1642 2144 1698 ad
2159 1638 2457 1697 latendum
2472 1640 2780 1709 supererat
2799 1633 2984 1692 locus.
3005 1633 3265 1706 Tribuni,
3284 1633 3609 1706 praepositi,
3627 1648 3731 1691 co-

323 1728 612 1798 nocteque
633 1741 868 1799 vacans,
894 1730 1105 1798 captus
1129 1741 1159 1783 a
1184 1727 1423 1784 Francis
1444 1731 1535 1785 est
1549 1743 1681 1785 cum
1696 1743 1877 1785 uxore
1891 1743 1957 1785 ac
1989 1754 2042 1814 Β
2075 1731 2267 1800 mites,
2284 1728 2586 1785 exercitus
2611 1739 2841 1797 quoque
2864 1723 2932 1781 ad
2958 1722 3425 1795 investigandum
3447 1737 3579 1780 eum
3602 1737 3730 1779 mo-

322 1811 480 1885 filiis,
507 1814 564 1870 in
595 1818 951 1886 puteumque
983 1814 1290 1873 demersus
1320 1816 1614 1874 occubuit.
1648 1818 1786 1873 Post
1818 1831 1959 1874 vero

322 1901 520 1960 abbati
542 1903 773 1960 cuidam
799 1903 1117 1974 revelatus,
1143 1908 1202 1960 et
1226 1905 1297 1961 ab
1319 1919 1388 1961 eo
1411 1910 1752 1963 reverenter
1766 1904 1961 1979 sepul-

208 2062 220 2074 .
320 1992 440 2062 tus,
473 1992 650 2048 etiam
681 1991 982 2049 miraculis
1012 1991 1245 2049 claruit.

821 2144 880 2200 C.
915 2141 986 2198 VI
1027 2142 1262 2199 NONAS
1288 2142 1458 2200 MAI].

997 2283 1054 2355 (2
1080 2282 1285 2357 Maii.)

392 2433 648 2507 (Hieron.
682 2433 755 2493 de
781 2434 1006 2508 Seript.
1041 2436 1201 2507 eoel.,
1237 2452 1287 2495 c.
1323 2442 1410 2495 15.
1444 2436 1592 2495 Ruﬂ‘.
1628 2439 1669 2495 Ι.
1706 2452 1743 2509 ι,
1769 2438 1961 2510 c.14.)

320 2519 543 2578 Natalis
573 2521 762 2578 sancti
786 2521 973 2594 patris
999 2522 1181 2579 nostri
1208 2523 1528 2595 Athanasii,
1555 2522 1963 2581 Alexandrinae

320 2606 485 2665 urbis
506 2607 765 2681 episcopi
789 2612 845 2664 et
871 2609 1248 2667 confessoris.
1286 2610 1392 2677 Qui
1417 2609 1596 2667 multa
1620 2610 1963 2668 Arianorum

320 2707 643 2765 perpessus
673 2693 924 2766 insidiis,
962 2694 1409 2766 quadragesimo
1431 2700 1491 2752 et
1512 2700 1682 2753 sexto
1704 2711 1851 2753 anno
1876 2711 1966 2753 sa-

316 2780 696 2852 cerdotiisui,
724 2785 857 2854 post
884 2780 1102 2838 multos
1127 2797 1362 2853 agones,
1390 2782 1721 2855 multasque
1745 2784 1966 2855 patien-

322 2865 701 2937 tiaacoronas,
722 2867 1016 2939 quievitin
1040 2884 1200 2941 pace.
1229 2870 1331 2926 llic
1353 2870 1443 2926 vir
1467 2870 1619 2927 acris
1644 2871 1878 2941 ingenii,
1905 2875 1965 2927 et

321 2952 747 3012 ecclesiasticis
769 2955 1021 3025 negotiis
1043 2956 1303 3028 apprime
1333 2956 1584 3027 vigilans
1618 2958 1745 3015 fuit.
1780 2958 1965 3028 Hujus

320 3039 485 3112 origo
506 3044 564 3097 et
588 3056 619 3098 a
643 3056 827 3114 puero
850 3042 1164 3113 institutio,
1190 3042 1295 3099 tali
1311 3044 1481 3101 modo
1495 3049 1769 3101 narratur
1785 3064 1797 3100 :
1813 3046 1969 3101 Tem-

320 3108 461 3202 pore
494 3143 608 3200 quo
643 3108 809 3201 apud
840 3108 1248 3187 Alexandriam
1279 3132 1438 3187 Petri
1490 3133 1763 3202 martyris
1814 3131 1965 3190 diem
1998 3108 2047 3171 Ο

322 3214 655 3273 Alexander
683 3217 1000 3290 episcopus
1033 3219 1261 3289 agebat,
1297 3233 1428 3276 cum
1461 3224 1593 3293 post
1624 3219 1857 3292 expleta
1877 3235 1969 3279 so-

323 3303 534 3364 lemnia
583 3309 977 3363 conventuros
1022 3307 1094 3363 ad
1134 3307 1463 3364 convivium
1505 3324 1672 3366 suum
1714 3300 1965 3368 clericos

322 3397 720 3465 exspectaret,
757 3394 814 3451 in
846 3393 975 3453 loco
1008 3395 1150 3452 mari
1182 3395 1374 3467 vicino
1395 3396 1554 3454 videt
1578 3397 1806 3454 eminus
1830 3414 1968 3470 pue-

325 3496 523 3539 rorum
549 3496 728 3554 super
751 3498 910 3539 oram
935 3482 1349 3555 marisludum,
1368 3484 1821 3559 imitantium(ut
1838 3487 1964 3544 fieri

326 3568 502 3642 solet)
526 3569 888 3644 episcopum,
914 3576 1091 3644 atque
1115 3586 1181 3629 ea
1205 3572 1401 3644 quaain
1416 3572 1689 3632 ecclesiis
1701 3575 1825 3646 geri
1843 3590 1965 3633 mos

325 3662 440 3716 est.
475 3659 593 3717 Sed
620 3675 750 3717 cum
784 3660 1050 3719 intentus
1082 3661 1308 3720 diutino
1340 3678 1554 3735 pueros
1579 3664 1962 3737 inspectaret,

324 3748 484 3806 videt
499 3749 571 3806 ab
592 3749 684 3807 his
703 3750 829 3822 geri
851 3750 1028 3808 etiam
1052 3752 1374 3811 secretiora
1400 3754 1663 3825 quaedam
1685 3758 1744 3810 et
1768 3755 1968 3826 mysti-

324 3852 411 3896 ca.
427 3839 838 3912 Perturbatus,
856 3839 1014 3899 illico
1029 3843 1221 3900 vocari
1236 3842 1307 3899 ad
1323 3856 1386 3899 se
1400 3841 1651 3901 clericos
1669 3842 1857 3915 jubet,
1884 3848 1969 3901 at-

328 3940 440 3999 que
453 3925 541 3984 eis
556 3928 692 4000 quid
707 3929 934 3987 eminus
951 3930 1076 4001 ipse
1090 3930 1317 3987 videret
1333 3931 1613 3988 ostendit.
1642 3933 1780 3989 Tum
1803 3933 1967 3989 abire

324 4029 448 4087 eos,
473 4019 531 4071 et
555 4017 1012 4089 comprehensos
1037 4017 1105 4073 ad
1132 4032 1194 4074 se
1219 4017 1512 4074 adducere
1535 4033 1737 4075 omnes
1752 4034 1967 4090 pueros

327 4101 595 4173 imperat.
634 4104 890 4174 Cumque
922 4102 1221 4171 adessent,
1249 4103 1381 4173 quis
1402 4104 1490 4160 eis
1514 4102 1710 4175 ludus,
1735 4109 1793 4160 et
1828 4106 1966 4176 quid

324 4187 608 4259 egissent,
632 4188 727 4246 vel
751 4188 1038 4260 quomodo
1060 4193 1460 4260 percontatur.
1486 4188 1575 4247 Illi
1600 4190 1687 4262 (ut
1709 4190 1849 4249 talis
1872 4192 1969 4249 ha-

327 4274 424 4331 bet
448 4274 616 4347 astas)
641 4274 832 4346 pavidi
856 4289 1069 4346 negare
1092 4275 1296 4347 primo.
1314 4276 1454 4334 Dein
1478 4292 1599 4336 rem
1612 4282 1839 4349 gestam
1865 4293 1968 4351 per

327 4362 589 4420 ordinem
631 4361 888 4433 pandunt
931 4366 986 4418 et
1014 4362 1344 4435 baptizatos
1367 4380 1397 4422 a
1422 4380 1485 4422 se
1509 4367 1790 4438 quosdam
1812 4371 1969 4427 cate-

2070 1822 2302 1878 ventur.
2319 1815 2494 1890 (Buff.
2512 1816 2611 1873 lib.
2628 1831 2666 1885 ῐ,
2684 1830 2734 1872 c.
2761 1819 2829 1872 18
2849 1818 2905 1871 et
2932 1813 3043 1886 19.)
3064 1811 3290 1871 Edictis
3312 1810 3727 1885 imperialibus

2072 1907 2310 1981 praemia
2353 1904 2721 1962 delatoribus
2765 1905 3189 1975 proponuntur,
3243 1901 3291 1958 si
3343 1902 3473 1974 quis
3520 1901 3727 1959 vivum

2072 1995 2340 2066 maxime,
2362 1994 2450 2051 sin
2468 1993 2657 2050 minus
2671 1997 2835 2049 certe
2849 2006 2913 2048 ca
2923 1995 3024 2064 put
3050 1991 3351 2048 Athanasii
3376 1989 3723 2047 detulisset.

2070 2087 2155 2143 lta
2168 2084 2314 2141 totis
2332 2082 2495 2154 regni
2512 2082 2737 2139 viribus
2752 2082 2971 2139 frustra
2987 2080 3273 2138 adversus
3286 2095 3414 2137 eum
3430 2079 3547 2152 (cui
3560 2081 3727 2136 Deus

2071 2173 2299 2244 aderat)
2313 2171 2915 2230 certabatur.lnterea
2931 2183 3035 2226 sex
3052 2168 3346 2227 continuis
3361 2167 3527 2225 annis
3542 2168 3624 2225 ita
3639 2166 3730 2224 la-

2070 2262 2261 2320 tuisse
2277 2261 2465 2317 fertur
2480 2260 2536 2315 in
2553 2258 2680 2316 lacu
2696 2259 2972 2315 cisternae
2987 2273 3096 2314 non
3122 2257 3392 2314 habentis
3407 2271 3637 2328 aquam,
3657 2260 3727 2314 ut

2074 2349 2256 2406 solem
2273 2362 2563 2420 nunquam
2578 2346 2814 2403 viderit.
2833 2346 2943 2403 Sed
2967 2361 3096 2403 cum
3116 2346 3232 2415 jam
3257 2345 3367 2402 sibi
3392 2343 3613 2405 nullum
3639 2343 3732 2401 lo-

2073 2440 2414 2496 cumtutum
2428 2436 2654 2494 videret
2671 2435 2966 2507 (proditus
2980 2434 3268 2506 siquidem
3283 2435 3470 2491 fuerat
3496 2448 3600 2505 per
3621 2447 3732 2490 an-

2074 2526 2290 2597 cillam,
2310 2540 2438 2597 quae
2455 2524 2577 2582 sola
2592 2524 2826 2582 conscia
2840 2528 2965 2580 erat
2982 2523 3343 2580 dominorum
3365 2522 3591 2594 officiis,
3618 2522 3729 2593 qui

2074 2614 2128 2671 ei
2161 2614 2424 2671 latebras
2457 2612 2873 2685 praebuerant),
2909 2613 2979 2669 ad
3007 2613 3380 2670 Constantem
3403 2609 3731 2667 Galliarum

2076 2702 2401 2775 principem
2427 2702 2603 2772 fugit;
2627 2716 2656 2757 a
2680 2715 2794 2771 quo
2817 2700 2963 2758 satis
2987 2699 3305 2758 honoriﬁce
3327 2699 3731 2770 religioseque

2076 2794 2394 2862 susceptus
2417 2795 2529 2846 est.
2556 2789 2781 2861 Quique
2812 2804 2989 2846 causa
3011 2789 3159 2859 ejus,
3187 2804 3356 2860 quam
3390 2790 3536 2845 fama
3567 2803 3735 2846 com-

2077 2882 2334 2950 pererat,
2362 2877 2705 2949 diligentius
2727 2877 2981 2949 cognita,
3008 2877 3215 2934 scribit
3242 2876 3313 2933 ad
3337 2877 3595 2947 fratrem,
3614 2892 3733 2948 pro

2075 2971 2243 3026 certo
2274 2967 2634 3040 comperisse
2668 2966 2819 3037 quod
2847 2965 3126 3023 sacerdos
3156 2965 3256 3022 Dei
3299 2964 3504 3022 summi
3546 2965 3734 3021 Atha-

2079 3056 2282 3112 nasius
2314 3055 2531 3126 injuste
2562 3055 2819 3125 fugatus,
2843 3053 3052 3111 exsilia
3074 3058 3397 3127 pateretur.
3423 3054 3733 3111 Reversus

2079 3143 2279 3215 itaque
2314 3142 2385 3199 ad
2418 3142 2821 3200 Constantium
2854 3157 2985 3200 cum
3018 3141 3259 3213 litteris,
3295 3141 3364 3199 ad
3396 3140 3731 3199 Ecclesiam

2078 3244 2243 3288 suam
2277 3230 2642 3304 permittitur
2664 3231 2768 3287 ire.
2794 3231 2862 3286 Et
2886 3245 3096 3288 rursus
3120 3234 3250 3303 post
3285 3232 3528 3287 mortem
3559 3228 3733 3286 illius

2079 3320 2336 3390 fugatus,
2364 3333 2551 3390 usque
2576 3318 2647 3376 ad
2669 3318 2955 3376 Joviniani
2979 3318 3285 3391 imperium
3307 3316 3479 3375 latuit
3506 3335 3521 3385 ;
3552 3332 3583 3374 a
3607 3333 3734 3389 quo

2077 3405 2394 3465 honorifice
2417 3411 2474 3463 et
2501 3404 3736 3479 oﬂiciosissimislitterisrequisituseccle-

2079 3496 2299 3553 siarum
2332 3495 2848 3569 disponendarum,
2877 3494 2994 3567 jam
3027 3498 3293 3553 statutus
3335 3494 3389 3551 in
3432 3493 3573 3551 sede
3614 3508 3732 3551 sua

2078 3584 2304 3656 accepit
2332 3587 2706 3656 potestatem.
2733 3581 3444 3642 MoriturValentinianiet
3458 3580 3733 3639 Valentis

2079 3669 2499 3745 imperatorum
2529 3676 2812 3745 tempore.

2147 3761 2364 3819 Eodem
2397 3761 2511 3834 die,
2548 3760 2763 3819 natalis
2797 3764 3135 3819 sanctorum
3166 3759 3458 3819 Saturnini
3490 3763 3549 3817 et
3579 3759 3734 3817 Neo-

2083 3849 2255 3923 polis,
2290 3851 2387 3924 qui
2421 3850 2477 3908 in
2505 3865 2743 3910 carcere
2776 3850 3212 3922 requieverunt.

2598 4002 2661 4057 n.
2693 3963 2740 4056 v
2771 3999 3005 4057 NONAS
3035 3999 3205 4057 MAlI.

2754 4125 2811 4196 (3
2844 4122 3050 4197 Maii.)

2147 4271 2545 4345 Jerosolymis,
2595 4272 2853 4333 inventio
2893 4278 3114 4333 sanctae
3153 4275 3351 4334 crucis
3391 4276 3463 4332 ab
3505 4272 3731 4334 Helena

2079 4364 2302 4435 regina,
2337 4364 2448 4419 sub
2479 4364 2861 4421 Constantino
2891 4364 3176 4437 principe,
3202 4363 3371 4435 cujus
3392 4369 3449 4420 et
3475 4363 3603 4435 ipsa
3627 4377 3734 4420 ex-

327 4449 645 4507 chumenos
685 4449 1060 4522 confitentur,
1104 4466 1208 4524 per
1249 4452 1649 4526 Athanasium,
1693 4455 1789 4527 qui
1841 4456 1962 4515 ludi
1997 4467 2049 4528 D
2082 4451 3038 4511 stititmater.lnventionisautem
3055 4452 3720 4525 pretiosilignihistoria

329 4536 490 4595 illius
522 4535 767 4609 puerilis
797 4538 1113 4612 episcopus
1145 4542 1331 4599 fuerat
1359 4542 1846 4602 simulatus.Tum
1869 4545 1967 4603 ille

330 4625 645 4697 diligenter
657 4625 961 4699 inquirens
976 4630 1046 4686 ab
1063 4630 1152 4687 bis
1168 4630 1264 4702 qui
1291 4632 1570 4703 baptizati
1595 4633 1963 4706 dicebantur,

331 4714 470 4786 quid
495 4714 840 4787 interrogati
858 4718 1095 4792 fuerint,
1113 4719 1326 4792 quidve
1342 4722 1774 4793 responderint,
1795 4722 1967 4780 simul

329 4808 385 4861 et
421 4805 492 4862 ab
521 4818 591 4863 eo
623 4804 720 4877 qui
754 4805 1216 4878 interrogaverat
1244 4829 1256 4865 :
1284 4810 1381 4866 ubi
1421 4810 1602 4881 videt,
1647 4811 1965 4870 secundum

331 4891 635 4964 religionis
651 4897 868 4951 nostrae
882 4894 1058 4953 ritum
1081 4899 1292 4954 cuncta
1317 4900 1611 4970 constare,
1637 4897 1969 4958 collocutus

331 4995 460 5038 cum
484 4981 733 5040 consilio
754 4981 1102 5041 clericorum
1127 4985 1413 5042 statuisse
1433 4986 1693 5043 traditur
1716 4986 1832 5044 illis
1849 4988 1973 5059 qui-

333 5069 442 5125 bus
482 5070 729 5143 integris
770 5071 1336 5143 interrogationibus
1376 5078 1434 5130 et
1485 5075 1971 5146 responsionibus

330 5170 478 5227 aqua
520 5159 705 5216 fuerat
741 5159 1166 5232 infusa,iterari
1202 5160 1555 5233 baptismum
1586 5177 1696 5220 non
1732 5164 1968 5235 debere,

332 5243 435 5301 sed
450 5244 753 5318 adimpleri
768 5263 834 5305 ea
850 5264 979 5321 qua;
994 5264 1024 5307 a
1039 5248 1453 5308 sacerdotibus
1465 5265 1589 5307 mos
1602 5252 1974 5310 est.Athana-

332 5333 481 5391 sium
495 5348 635 5390 vero
648 5339 823 5407 atque
845 5352 948 5396 eos
970 5353 1118 5411 quos
1140 5337 1316 5398 ludus
1338 5338 1454 5396 iste
1474 5339 1567 5397 vel
1592 5341 1974 5413 presbyteros

328 5422 495 5479 visus
526 5422 715 5480 fuerat
747 5423 841 5480 vel
874 5426 1194 5500 ministros,
1229 5429 1571 5487 convocatis
1603 5429 1970 5502 parentibus,

331 5512 443 5569 sub
455 5510 1272 5575 Deiobtestationeeostradit
1296 5516 1579 5576 Ecclesia
1603 5517 1971 5576 nutriendos.

336 5601 524 5659 Parvo
538 5604 731 5660 autem
745 5604 1079 5661 exactotem
1088 5620 1247 5677 pore,
1264 5621 1394 5664 cum
1418 5622 1449 5665 a
1471 5606 1700 5666 notario
1723 5607 1971 5680 integre,

2078 4540 2314 4611 cognitu
2331 4540 2502 4612 digna
2516 4541 2597 4597 ita
2613 4555 2676 4598 se
2688 4541 2860 4598 habet
2878 4560 2891 4596 :
2910 4540 3220 4613 Adrianus,
3248 4542 3346 4613 qui
3374 4539 3731 4598 undecimus

2078 4631 2273 4687 Caesar
2294 4633 2351 4686 et
2376 4630 2694 4703 imperator
2715 4631 2908 4686 Romae
2930 4632 3079 4700 erat,
3105 4630 3455 4686 existimans
3471 4643 3535 4685 se
3551 4628 3729 4685 fidem

2079 4719 2467 4775 Christianam
2492 4718 2603 4776 loci
2631 4717 2841 4788 injuria
2867 4722 3327 4791 perempturum,
3353 4718 3410 4774 in
3433 4718 3563 4776 loco
3594 4733 3730 4790 pas-

2079 4807 2262 4866 sionis
2304 4806 2680 4865 simulacrum
2711 4808 2870 4865 Jovis
2901 4808 3290 4866 consecravit.
3326 4809 3392 4863 Et
3425 4806 3727 4864 Bethleem

2081 4896 2362 4954 Adonidis
2386 4896 2516 4952 fano
2548 4896 2851 4968 profanata
2881 4901 2995 4967 est,
3032 4901 3092 4953 ut
3125 4896 3294 4969 quasi
3325 4896 3494 4953 radix
3514 4900 3573 4954 et
3600 4897 3729 4953 fun-

2082 4985 2417 5043 damentum
2438 4984 2718 5043 Ecclesiae
2736 4986 3069 5057 tolleretur,
3098 4985 3147 5043 si
3174 4985 3229 5041 in
3265 4985 3356 5043 his
3389 4984 3536 5043 locis
3570 4984 3727 5042 idola

2080 5073 2417 5133 colerentur
2445 5074 2499 5130 in
2528 5075 2744 5146 quibus
2768 5074 3039 5150 Christus
3070 5079 3246 5133 natus
3276 5079 3366 5132 est
3401 5079 3463 5133 ut
3497 5078 3729 5147 patere-

2079 5167 2197 5234 tur,
2226 5178 2438 5236 passus
2460 5167 2551 5219 est
2578 5166 2638 5221 ut
2663 5169 3024 5236 resurgeret,
3052 5158 3311 5222 surrexit
3335 5168 3396 5221 ut
3424 5168 3724 5235 regnaret,

2075 5251 2257 5322 judex
2286 5251 2378 5308 vel
2410 5265 2514 5307 rex
2537 5250 2852 5321 judicaret.
2906 5253 2967 5308 In
3018 5251 3315 5309 Bethleem
3350 5266 3583 5323 quoque
3625 5253 3728 5309 ubi

2083 5343 2401 5410 agnoverat
2426 5338 2530 5395 bos
2555 5352 2958 5410 possessorem
2983 5354 3151 5397 suum
3176 5339 3323 5411 (18a.
3350 5340 3413 5412 ι),
3438 5342 3497 5396 et
3522 5338 3726 5397 asinus

2085 5423 2712 5498 praesepeDominisui,
2739 5425 2816 5482 ibi
2842 5426 3139 5498 principes
3162 5425 3455 5483 hominum
3479 5424 3722 5482 inﬁciati

2086 5506 2446 5572 Salvatorem
2477 5514 2720 5585 Domini,
2755 5515 3001 5571 infames
3022 5514 3315 5572 hominum
3347 5528 3576 5571 amores
3608 5528 3726 5569 mo-

2085 5617 2299 5676 resque
2329 5602 2658 5662 coluerunt.
2684 5603 2921 5661 Prodita
2945 5617 3092 5660 novo
3115 5603 3310 5660 sidere
3333 5602 3492 5674 regis
3517 5602 3722 5660 aeterni
