3992 6170
257 316 362 370 257

1010 282 1613 371 uaarvnowcm'u
1651 309 1794 368 cun
1827 305 2354 366 ADDITAMENTIS.
2388 341 2459 352 —
2496 313 2699 371 unus.
2740 315 2908 374 nan.

3553 332 3660 388 258

256 438 350 495 ubi
369 437 667 495 cunabula
684 436 1123 509 supplicescum
1145 437 1271 495 suis
1288 438 1499 511 opibus
1521 435 1907 495 adoraverant
1936 430 1991 492 Α
2021 429 2150 490 loco
2171 434 2591 493 testiﬁcatione
2622 436 2961 497 conﬁrmata
2992 445 3103 498 est.
3137 444 3322 501 Iussit
3358 444 3535 521 illico,
3564 467 3659 509 ur-

253 525 536 597 Chaldzei,
558 525 638 582 ibi
666 526 947 582 barbaras
972 525 1246 583 libidines
1267 529 1645 583 saeraverunt
1664 521 1904 581 Romani

248 612 502 685 (Ezech.
530 612 668 684 γη).
695 613 801 669 Ubi
843 617 1040 669 natum
1082 613 1438 671 Salvatorem
1479 629 1609 670 cum
1641 611 1904 669 exercitu

248 700 615 772 Angelorum
640 701 1006 772 concinente,
1023 701 1254 759 caalesti
1272 701 1486 772 gaudio
1507 700 1906 759 salutaverant

246 789 554 847 illustrata
569 795 742 847 nocte
755 793 1048 862 pastores,
1068 790 1146 847 ibi
1162 791 1403 867 veneris
1422 790 1700 847 amasium
1718 789 1905 845 mistae

246 878 550 936 semiviris
569 878 848 951 planxere
866 879 1227 936 meretrices.
1247 880 1396 936 Proh
1417 878 1585 936 dolor
1610 881 1622 935 ε
1647 892 1775 949 quae
1797 878 1908 949 pie-

246 972 342 1023 tas
363 966 665 1024 hominum
689 966 836 1024 hanc
860 967 1219 1040 impietatem
1241 981 1623 1040 compensare
1645 966 1863 1039 poterit
1890 968 1903 1022 l

248 1055 350 1111 ubi
385 1070 558 1113 sacra
590 1056 711 1112 nati
742 1055 1065 1113 Salvatoris
1088 1056 1329 1113 infantia
1352 1056 1635 1127 vagierat,
1661 1054 1783 1111 illic
1803 1055 1908 1112 Ve-

241 1143 408 1199 neris
442 1142 698 1199 lamenta
731 1142 1071 1214 ﬁngentium
1106 1142 1343 1201 lascivis
1375 1143 1654 1213 luctibus,
1678 1141 1907 1199 infamis

243 1232 402 1288 ritus
427 1230 695 1288 nlulabat
717 1248 731 1298 ;
751 1235 810 1287 et
831 1232 930 1289 ubi
948 1231 1124 1302 Virgo
1143 1236 1472 1304 pepererat,
1490 1231 1740 1289 adulteri
1757 1230 1909 1288 cole-

245 1320 485 1376 bantur.
514 1319 724 1376 Mansit
753 1319 860 1377 hoc
892 1321 1091 1377 saeculi
1114 1321 1330 1393 prioris
1355 1322 1515 1377 nefas
1547 1322 1603 1377 in
1642 1326 1907 1392 tempora

246 1409 643 1480 Constantini,
661 1410 758 1480 qui
785 1410 1057 1483 princeps
1080 1413 1142 1468 ut
1166 1416 1327 1467 esset
1354 1410 1718 1483 principibus
1747 1409 1908 1467 Chri-

252 1499 487 1567 stianis,
508 1513 620 1554 non
648 1498 829 1569 magis
853 1513 955 1555 sua
982 1514 1150 1570 quam
1176 1500 1381 1556 matris
1405 1499 1635 1558 Helenae
1659 1499 1770 1557 ﬁde
1797 1513 1909 1557 me-

249 1588 549 1655 ruit.Quze
582 1588 796 1660 divino,
835 1592 894 1646 ut
932 1590 1129 1646 exitus
1161 1589 1358 1647 docuit
1402 1590 1685 1662 inSpirata
1716 1589 1909 1647 consi-

250 1678 350 1747 lio,
372 1682 543 1748 rogat
570 1676 750 1734 ﬁlium
778 1682 837 1734 ut
865 1678 976 1734 sibi
1004 1678 1340 1736 facultatem
1366 1679 1533 1737 daret
1554 1684 1764 1736 cuncta
1788 1678 1907 1735 illic

254 1767 376 1824 loca
395 1767 716 1824 Dominicis
740 1767 1018 1839 impressa
1043 1768 1332 1841 vestigiis,
1349 1772 1406 1825 et
1422 1768 1746 1826 divinorum
1761 1782 1897 1839 erga
1930 1791 1983 1851 Β

257 1873 359 1914 nos
377 1871 621 1929 operum
642 1857 867 1926 signata
888 1858 1277 1914 monumentis
1298 1872 1566 1930 purgare,
1583 1857 1902 1915 destructis

259 1946 490 2019 templis
514 1951 573 2003 et
598 1945 793 2016 idolis,
812 1948 882 2002 ab
905 1949 1058 2003 omni
1086 1948 1341 2019 profame
1366 1947 1684 2020 impietatis
1706 1954 1904 2006 conta-

263 2038 369 2107 gio,
384 2040 439 2092 et
458 2034 732 2106 religioni
760 2051 877 2092 suae
901 2037 1170 2106 reddere,
1200 2040 1259 2092 ut
1285 2037 1547 2094 Ecclesia
1578 2037 1813 2094 tandem
1845 2038 1901 2094 in

269 2131 413 2182 terra
436 2125 683 2196 originis
710 2140 832 2182 suae
854 2124 1274 2182 celebraretur.
1299 2127 1502 2197 Itaque
1518 2131 1785 2199 prompto
1800 2127 1900 2183 filii

276 2214 633 2287 imperatoris
663 2229 932 2283 assensu,
972 2218 1156 2271 mater
1186 2219 1453 2285 augusta,
1489 2217 1799 2287 patefactis
1831 2216 1902 2273 ad

274 2319 430 2376 opera
462 2310 665 2360 sancta
698 2303 1014 2373 thesauris,
1050 2308 1175 2361 toto
1205 2304 1383 2361 abusa
1420 2305 1559 2361 ﬁsco
1586 2310 1698 2375 est,
1726 2321 1904 2377 quan-

274 2398 433 2464 toque
462 2397 700 2465 sumptu
726 2396 900 2464 atque
932 2393 1093 2450 cultu
1121 2394 1316 2464 regina
1344 2398 1572 2466 poterat
1605 2398 1662 2451 et
1696 2395 1903 2466 religio

277 2483 558 2554 suadebat,
602 2482 907 2538 aedilicatis
960 2482 1238 2553 basilicis,
1292 2484 1553 2540 contexit
1608 2484 1794 2540 omnia
1844 2488 1901 2540 et

279 2571 513 2627 excoluit
567 2570 714 2637 loca,
750 2571 804 2626 in
857 2571 1071 2643 quibus
1113 2571 1394 2628 salutaria
1428 2573 1594 2629 nobis
1626 2573 1903 2643 mysteria

280 2660 498 2731 pietatis
528 2675 672 2731 sum,
709 2659 1147 2730 incarnationis,
1183 2664 1239 2715 et
1276 2661 1583 2732 passionis,
1618 2665 1676 2716 et
1711 2676 1906 2719 resur-

279 2750 556 2819 rectionis,
591 2754 770 2820 atque
802 2750 1161 2806 ascensionis
1207 2750 1587 2807 sacramentis
1629 2752 1905 2808 Dominus

280 2838 592 2911 redemptor
624 2837 989 2911 impleverat.
1019 2838 1219 2894 Mirum
1241 2853 1381 2895 vero
1405 2839 1560 2896 inter
1583 2839 1724 2910 haec,
1752 2840 1905 2911 quod

284 2927 332 2983 in
364 2928 583 2985 basilica
616 2927 994 2997 ascensionis,
1025 2927 1190 2985 locus
1211 2927 1310 2983 ille
1342 2932 1566 2984 tartum
1598 2928 1669 2984 de
1702 2944 1816 3000 quo
1849 2930 1904 2987 in

286 3017 418 3072 nube
460 3020 770 3089 susceptus
821 3017 1104 3087 ascendit,
1135 3016 1424 3089 captivam
1471 3015 1525 3072 in
1579 3031 1682 3073 sua
1732 3032 1906 3074 carne

287 3104 481 3162 ducens
500 3106 904 3178 captivitatem
929 3110 1189 3161 nostram
1214 3105 1393 3177 (Eph.
1420 3106 1516 3176 ιν),
1537 3106 1615 3161 ita
1640 3110 1908 3163 sacratus

289 3192 475 3250 divinis
503 3194 770 3263 vestigiis
799 3193 1018 3251 dicitur
1043 3198 1104 3250 ut
1130 3209 1419 3264 nunquam
1444 3193 1563 3264 tegi
1600 3209 1905 3266 marmore,

210 3300 215 3305 ν
291 3285 371 3337 aut
402 3283 575 3354 paviri
612 3281 749 3353 [ηις.
769 3282 999 3354 paveri]
1030 3283 1343 3354 receperit,
1364 3296 1597 3354 semper
1616 3284 1908 3355 excussis,

293 3368 398 3426 solo
427 3375 762 3443 respuente,
795 3385 924 3441 qua:
969 3385 1171 3426 manus
1211 3370 1529 3427 adornandi
1562 3371 1758 3428 studio
1787 3375 1913 3428 ten-

293 3458 414 3514 tavit
459 3473 750 3531 apponere
782 3460 981 3530 (Psal.
1023 3459 1246 3529 cxxxr).
1283 3461 1484 3530 itaque
1516 3460 1573 3516 in
1604 3464 1729 3517 toto
1760 3461 1913 3517 basi-

296 3544 399 3603 lica:
418 3548 604 3620 spatio
626 3547 793 3605 solus
813 3548 867 3604 in
892 3547 984 3605 sui
1004 3547 1246 3619 cespitis
1261 3548 1458 3619 specie
1472 3549 1670 3605 virens
1689 3564 1914 3620 perma-

293 3641 389 3707 net,
420 3640 474 3693 et
504 3637 847 3709 impressam
880 3636 1204 3694 divinorum
1240 3636 1449 3709 pedum
1476 3638 1910 3696 venerationem

288 3723 467 3782 calcati
515 3727 633 3782 Deo
686 3724 944 3797 pulveris
996 3725 1307 3797 perspicua
1363 3724 1533 3781 simul
1580 3731 1641 3781 et
1686 3726 1909 3796 attigua

288 3814 679 3871 venerantibus
709 3829 883 3870 arena
914 3816 1243 3883 conservat,
1279 3817 1341 3870 ut
1371 3827 1511 3870 vere
1542 3813 1656 3871 dici
1690 3814 1906 3886 possit:

285 3902 651 3960 Adoravimus
673 3902 728 3958 in
749 3901 878 3959 loco
897 3902 994 3959 ubi
1012 3904 1306 3958 steterunt
1331 3901 1511 3973 pedes
1533 3900 1675 3971 ejus.
1694 3902 1910 3973 Regina

280 3986 365 4047 illa
387 3990 757 4060 venerabilis,
784 3998 846 4047 ut
868 3990 1025 4047 venit
1047 3989 1480 4061 Jerosolymam,
1517 3989 1831 4061 diligenter
1851 3994 1910 4047 et

278 4078 358 4151 pie
387 4079 530 4136 locis
559 4078 683 4135 illic
719 4082 778 4135 et
808 4078 965 4136 circa
1006 4078 1277 4135 omnibus
1319 4078 1646 4136 divinorum
1678 4078 1910 4137 curiosa

274 4167 593 4239 insignium,
627 4172 688 4224 et
718 4166 906 4225 oculis
934 4166 1169 4223 haurire
1216 4166 1479 4237 gestiens
1510 4166 1704 4238 ﬁdem,
1740 4181 1908 4239 quam

271 4257 378 4329 piis
410 4257 650 4313 auribus
671 4254 1004 4327 litterisque
1027 4259 1395 4327 perceperat,
1419 4269 1654 4313 crucem
1686 4255 1907 4313 Domini

266 4345 698 4404 studiosissime
730 4344 1072 4417 perquirere
1103 4343 1313 4401 adorsa
1344 4348 1453 4402 est.
1497 4343 1607 4400 Sed
1649 4359 1776 4415 quae
1818 4344 1909 4402 via

266 4433 349 4491 vel
402 4435 553 4490 ratio
598 4432 928 4489 inveniendi
960 4433 1252 4503 subesset,
1282 4448 1413 4490 cum
1440 4432 1622 4502 judex
1667 4432 1912 4491 idoneus

2011 525 2187 591 gente
2212 524 2337 580 sine
2362 524 2540 581 dubio
2559 530 2859 598 conceptae
2879 528 3254 588 revelationis
3277 533 3581 609 instinctu,
3601 539 3656 598 in

2014 608 2206 681 ipsum
2240 610 2428 669 locum
2461 627 2696 684 operam
2730 615 3006 673 fossionis
3039 619 3305 689 accingi;
3339 628 3659 697 parataque

2016 711 2148 754 mox
2170 698 2381 756 civium
2406 700 2626 772 pariter
2648 705 2706 757 et
2733 702 2968 759 militari
2994 719 3183 777 manu,
3213 707 3373 765 brevi
3401 709 3656 771 laborem

2016 785 2193 843 istius
2225 787 2542 845 molitionis
2575 788 2789 861 hausit,
2825 795 2880 846 et
2916 797 3120 850 contra
3172 808 3333 866 spem
3382 799 3653 873 omnium,

2017 872 2122 932 sed
2164 876 2483 933 secundum
2536 877 2724 949 ipsius
2772 882 2999 936 tantum
3050 882 3266 952 reginae
3308 884 3497 957 ﬁdem,
3542 872 3658 947 alta

2016 964 2317 1034 egestione
2342 966 2625 1021 reseratis
2647 970 2823 1023 terrae
2850 968 3080 1039 ﬁnibus,
3108 970 3323 1029 abdita;
3345 974 3540 1031 crucis
3573 992 3662 1033 ar-

2016 1067 2159 1110 cana
2209 1058 2545 1125 patuerunt.
2582 1054 2690 1111 Sed
2734 1070 2862 1112 cum
2906 1062 3029 1113 tres
3078 1059 3300 1130 pariter
3330 1077 3560 1136 cruces,
3597 1070 3657 1122 ut

2018 1142 2305 1213 quondam
2350 1142 2476 1198 ﬁxa)
2506 1142 2745 1199 Domino
2775 1147 2831 1199 et
2866 1144 3192 1203 latronibus
3225 1151 3535 1223 steterant,
3572 1166 3662 1210 re-

2016 1234 2201 1302 pertas
2236 1231 2504 1302 fuissent,
2529 1231 2848 1301 gratulatio
2882 1238 3246 1305 repertarum
3278 1239 3455 1311 empit
3490 1241 3660 1299 anxia

2016 1318 2383 1393 dubitatione
2406 1322 2679 1377 confundi
2716 1341 2727 1375 :
2755 1320 2919 1391 justo
2943 1323 3167 1393 piorum
3192 1330 3370 1397 metu,
3398 1343 3467 1385 ne
3492 1330 3661 1387 forsi-

2014 1412 2114 1465 tan
2149 1412 2245 1466 aut
2281 1424 2385 1481 pro
2410 1424 2586 1473 cruce
2609 1410 2832 1465 Domini
2857 1412 3181 1482 patibulum
3215 1414 3461 1473 latronis
3484 1418 3662 1490 elige-

2018 1502 2168 1567 rent,
2205 1503 2301 1554 aut
2338 1496 2597 1555 salutare
2630 1497 2846 1568 lignum
2878 1515 2984 1571 pro
3016 1500 3219 1573 stipite
3250 1501 3496 1561 latronis
3520 1507 3662 1578 abji-

2016 1585 2225 1642 ciendo
2255 1586 2561 1643 violarent.
2600 1587 2812 1644 Aderat
2849 1588 3081 1659 quidem
3112 1595 3168 1646 et
3202 1591 3414 1650 titulus
3438 1593 3535 1651 ille
3559 1597 3657 1668 qui

2017 1674 2235 1732 Graacis
2266 1680 2323 1731 et
2358 1676 2575 1747 Latinis
2606 1680 2781 1747 atque
2812 1678 3115 1735 llebraicis
3157 1678 3375 1738 litteris
3408 1698 3439 1739 a
3470 1682 3660 1743 Pilato

2017 1764 2203 1820 fuerat
2229 1765 2625 1836 conscriptus,
2653 1764 2755 1821 sed
2781 1780 2887 1823 nec
2910 1766 3035 1838 ipse
3059 1768 3206 1826 satis
3228 1770 3533 1829 evidenter
3552 1774 3661 1831 Do-

2015 1852 2209 1909 miniei
2235 1854 2515 1925 prodebat
2543 1854 2706 1924 signa
2729 1854 2995 1926 patibuli.
3022 1857 3300 1930 Respexit
3326 1859 3453 1932 pias
3475 1861 3661 1918 ﬁdeli-

2012 1945 2105 1998 ter
2127 1943 2501 1999 aestuantium
2527 1958 2700 1999 curas
2722 1945 3018 2016 Dominus,
3046 1949 3102 2001 et
3128 1946 3239 2019 ipsi
3262 1948 3654 2022 potissimum,

2014 2044 2142 2101 quae
2167 2034 2283 2086 tam
2309 2031 2415 2101 pire
2436 2030 2854 2088 sollicitudinis
2874 2033 3147 2106 princeps
3166 2041 3312 2106 erat,
3331 2036 3504 2107 hujus
3524 2052 3659 2094 con-

2013 2117 2129 2173 silii
2182 2118 2375 2175 lumen
2425 2119 2655 2189 infudit,
2693 2123 2751 2175 ut
2804 2120 3054 2192 aliquem
3106 2136 3313 2179 recens
3364 2129 3659 2186 mortuum

2014 2206 2228 2278 inquiri
2262 2211 2317 2263 et
2352 2207 2551 2262 inferri
2581 2206 2837 2277 juberet.
2874 2209 3158 2266 Macarius
3192 2224 3297 2282 per
3332 2211 3482 2269 idem
3515 2217 3661 2270 tem-

2014 2310 2123 2367 pus
2173 2295 2444 2352 ccclesize
2497 2294 2658 2352 illius
2708 2292 3026 2369 episcopus
3067 2289 3331 2370 pr'msens
3360 2304 3506 2357 erat.
3542 2303 3660 2359 Nec

2014 2398 2192 2454 mora,
2226 2384 2469 2440 verbum
2506 2385 2742 2454 factum,
2780 2385 3031 2442 cadaver
3071 2384 3297 2443 illatum
3328 2391 3441 2445 est.
3477 2390 3660 2462 Depo-

2014 2471 2409 2542 niturjaeenti
2438 2488 2546 2529 una
2572 2472 2643 2529 de
2667 2474 2965 2545 crucibus,
2993 2474 3337 2532 admovetur
3358 2480 3414 2533 et
3448 2476 3655 2551 altera,

2015 2560 2119 2617 sed
2142 2575 2342 2617 eorum
2364 2560 2517 2630 ligna
2542 2577 2698 2618 mors
2722 2562 2965 2633 sprevit.
2988 2565 3291 2620 Postremo
3314 2565 3660 2623 dominicam

2014 2664 2249 2706 crucem
2299 2649 2491 2720 prodit
2543 2651 2924 2721 resurrectio,
2958 2656 3016 2707 et
3067 2652 3138 2709 ad
3188 2652 3470 2710 salutaris
3520 2652 3661 2725 ligni

2014 2741 2257 2808 tactum,
2285 2741 2470 2795 morte
2506 2739 2767 2809 profuga,
2796 2740 2970 2796 funus
2994 2754 3330 2812 excussum,
3355 2745 3411 2797 et
3446 2757 3663 2815 corpus

2015 2829 2278 2882 erectum
2301 2831 2426 2893 est;
2449 2827 2931 2898 tremefactisque
2954 2827 3307 2899 viventibus,
3327 2830 3493 2886 stetit
3514 2846 3666 2888 mor-

2014 2918 2188 2982 tuus;
2220 2918 2278 2970 et
2312 2914 2677 2985 funebribus,
2706 2920 2765 2972 ut
2792 2916 3045 2972 Lazarus
3076 2914 3384 2989 quondam,
3410 2917 3663 2975 vinculis

2016 3002 2349 3074 expeditus,
2385 3002 2543 3059 illico
2574 3002 2729 3059 inter
2771 3007 3142 3074 spectatores
3183 3020 3321 3061 suos
3363 3005 3663 3065 redivivus

2018 3089 2283 3147 incessit.
2319 3091 2469 3160 Ergo
2501 3105 2647 3147 crux
2678 3090 2901 3147 Domini
2930 3094 3019 3148 tot
3061 3096 3266 3164 operta
3296 3092 3573 3151 aetatibus
3604 3098 3662 3151 et

1939 3145 1989 3210 C
2020 3145 2239 3236 Iudicis
2263 3145 2601 3251 inteinpore
2617 3145 2909 3252 passionis
2930 3145 3669 3254 agamagggaagea:

2021 3267 2184 3324 tibus
2218 3268 2272 3323 in
2306 3266 2693 3324 aediﬁcatione
2727 3268 2860 3340 fani,
2894 3272 3113 3325 terram
3139 3268 3265 3325 sine
3289 3269 3465 3327 bubio
3489 3270 3559 3327 ad
3584 3270 3668 3343 ip.

2023 3371 2145 3413 sam
2182 3356 2460 3413 fabricam
2491 3357 2891 3429 egerentibus,
2926 3356 3205 3429 revelata,
3242 3372 3430 3415 nonne
3472 3357 3666 3417 divina

2024 3461 2195 3503 manu
2211 3444 2403 3517 latuit,
2423 3450 2483 3502 ut
2499 3461 2651 3503 nunc
2666 3445 3047 3518 inveniretur,
3066 3461 3195 3503 cum
3215 3446 3491 3518 religiose
3515 3461 3671 3519 quae-

2024 3538 2259 3592 reretur
2280 3536 2302 3590 ?
2324 3536 2408 3591 Ita
2435 3540 2494 3592 ut
2522 3549 2756 3593 crucem
2783 3534 2999 3591 Christi
3023 3535 3240 3606 decuit,
3264 3536 3668 3608 experimento

2024 3624 2483 3680 resurrectionis
2516 3624 2751 3681 inventa
2783 3628 2840 3679 et
2875 3624 3118 3696 probata
3143 3639 3289 3681 crux
3311 3624 3528 3681 Christi
3551 3630 3665 3698 est,

2023 3711 2314 3783 dignoque
2348 3727 2478 3767 mox
2509 3712 2729 3768 ambitu
2762 3716 3164 3782 consecratur,
3191 3712 3424 3769 condita
3457 3712 3514 3769 in
3538 3728 3669 3785 pas-

2023 3799 2208 3856 sionis
2241 3799 2369 3856 loco
2392 3798 2654 3880 basilica,
2682 3814 2809 3869 quae
2833 3800 3056 3855 auratis
3080 3804 3351 3859 coruscat
3379 3799 3668 3871 laqueari-

2025 3887 2154 3957 bus,
2179 3891 2235 3943 et
2263 3887 2457 3943 aureis
2480 3886 2644 3942 dives
2668 3886 2974 3958 altaribus,
3002 3901 3214 3945 arcano
3236 3886 3554 3959 repositam
3578 3902 3669 3945 sa-

2022 3974 2214 4031 crario
2245 3975 2442 4031 crucis
2466 3978 2690 4047 partem
2716 3977 2934 4045 servat,
2962 3989 3131 4045 quam
3152 3973 3345 4031 thecis
3367 3973 3666 4045 argenteis

2022 4061 2499 4136 ineomparabilis
2529 4061 2640 4119 ﬁde
2673 4062 2872 4133 regina
2896 4061 3190 4119 conditam
3212 4060 3526 4133 dereliquit
3559 4062 3660 4120 ibi.

2020 4151 2279 4222 Namque
2312 4155 2535 4224 partem
2566 4151 2754 4223 ipsius
2786 4149 2926 4221 ligni
2957 4148 3237 4207 salutaris
3278 4149 3488 4207 detulit
3524 4147 3663 4224 ﬁlio,

2023 4253 2193 4311 quam
2224 4240 2540 4313 episcopus
2573 4238 2737 4296 urbis
2767 4237 2896 4307 ejus
2929 4237 3261 4311 quotannis,
3286 4253 3419 4297 cum
3440 4239 3667 4298 Pascha

2019 4328 2242 4384 Domini
2295 4328 2506 4399 agitur,
2556 4325 2910 4383 adorandam
2960 4326 3193 4400 populo,
3227 4327 3507 4399 princeps
3538 4326 3668 4400 ipse

2021 4416 2423 4472 venerantium
2456 4414 2687 4487 promit.
2724 4415 2920 4487 Neque
2944 4418 3159 4487 praeter
3190 4414 3339 4473 hanc
3370 4414 3522 4473 diem
3554 4429 3668 4488 qua

265 4537 429 4579 nemo
458 4521 709 4580 inveniri
736 4525 953 4594 posset,
979 4521 1077 4579 ubi
1102 4502 1432 4578 memoriam
1466 4525 1523 4576 et
1553 4535 1753 4577 curam
1778 4520 1908 4578 reli-

2021 4503 2217 4561 crueis
2234 4502 2419 4575 ipsius
2434 4503 2776 4575 mysterium
2794 4502 3149 4574 celebratur,
3167 4502 3294 4575 ipsa
3307 4503 3461 4577 (quas
3474 4518 3670 4562 sacra-

262 4612 436 4683 giosa
449 4610 821 4669 conscientiae
835 4609 927 4667 vel
946 4610 1426 4679 observantize,et
1442 4607 1764 4683 antiquitas
1779 4609 1907 4681 aevi,

262 4705 319 4757 et
338 4697 785 4773 superstitionis
805 4698 995 4771 impiae
1014 4695 1744 4756 diuturnitasabolevisset
1765 4698 1788 4752 ?
1808 4698 1914 4753 Ve-

265 4805 385 4847 rum
409 4790 539 4862 ipso
559 4789 814 4845 omnium
837 4791 894 4845 et
919 4788 1097 4845 terris
1113 4792 1170 4844 et
1192 4784 1397 4844 animis
1422 4787 1758 4858 opertorum
1781 4800 1913 4842 eon-

264 4880 384 4935 scio
415 4883 471 4934 et
504 4882 663 4934 teste
695 4877 952 4948 Domino,
980 4875 1172 4932 ﬁdelis
1204 4874 1413 4932 mulier
1437 4878 1704 4932 sanctum
1737 4872 1914 4947 Spiri-

263 4972 384 5023 tum
418 4981 522 5039 per
544 4966 816 5023 affectum
841 4964 996 5037 pium
1020 4963 1251 5020 meruit.
1279 4962 1404 5030 Quo
1436 4961 1755 5035 aSpirante,
1781 4978 1911 5020 cum

265 5070 384 5112 rem
407 5056 479 5111 ab
496 5055 746 5111 humana
776 5053 1138 5110 conscientia
1176 5052 1462 5109 divinitus
1493 5054 1776 5108 remotam
1798 5050 1915 5109 fru-

267 5149 390 5201 stra
425 5142 680 5215 diligens
712 5141 1084 5213 requisisset,
1111 5140 1183 5197 de
1207 5138 1336 5197 loco
1364 5143 1594 5197 tantum
1619 5139 1913 5212 passionis

266 5232 483 5290 certior
497 5230 624 5288 ﬁeri
642 5229 893 5291 studuit.
912 5231 1113 5302 Itaque
1131 5244 1244 5286 non
1263 5227 1452 5284 solum
1467 5227 1539 5285 de
1563 5227 1912 5286 Christianis

267 5321 531 5379 doctrina
563 5324 623 5377 et
668 5319 986 5376 sanctitate
1028 5315 1233 5391 plenos
1276 5316 1456 5388 viros,
1493 5316 1597 5373 sed
1628 5320 1685 5373 et
1719 5316 1790 5373 de
1819 5317 1915 5373 Ju-

269 5408 408 5467 dazis
438 5408 837 5483 peritissimos
869 5413 928 5464 ut
964 5406 1218 5479 propriae
1240 5406 1386 5478 (qua
1419 5404 1616 5461 miseri
1649 5407 1705 5460 et
1739 5403 1914 5474 glori-

269 5500 468 5571 antur)
499 5497 821 5571 impietatis
864 5496 1089 5554 indices
1131 5493 1471 5567 exquisiv't,
1506 5496 1562 5550 et
1599 5490 1823 5551 accitos
1855 5492 1912 5551 in

264 5585 678 5659 Jerosolymam
727 5585 1127 5659 congregavit.
1181 5585 1321 5644 Tum
1369 5581 1623 5642 omnium
1670 5594 1782 5641 una
1839 5580 1911 5640 de

2022 4596 2346 4649 mentorum
2366 4607 2542 4650 causa
2561 4596 2651 4649 est
2667 4593 2686 4664 )
2701 4591 2867 4664 quasi
2889 4591 3178 4664 quoddam
3199 4606 3384 4649 sacrae
3399 4590 3643 4650 solemni

2020 4680 2164 4738 tatis
2190 4681 2412 4752 insigne
2436 4681 2763 4754 profertur:
2781 4681 2892 4737 nisi
2917 4680 3210 4738 interdum
3234 4676 3667 4752 religiosissimi

2023 4768 2345 4843 postulent,
2382 4770 2477 4843 qui
2520 4770 2628 4826 hac
2666 4772 2896 4826 tantum
2943 4783 3120 4828 causa
3170 4767 3271 4827 illo
3321 4766 3669 4843 perigrinatj

2022 4859 2386 4931 advenerint,
2421 4850 2481 4916 ut
2517 4858 2629 4915 sibi
2652 4857 2780 4929 ejus
2804 4858 3106 4930 revelatio,
3132 4857 3299 4930 quasi
3325 4857 3381 4913 in
3413 4854 3666 4930 pretium

2023 4945 2351 5019 longinquas
2383 4947 2874 5021 peregrinationis
2919 4947 3250 5015 deferatur;
3282 4944 3436 5018 quod
3477 4941 3667 5004 solum

2021 5037 2282 5110 episeOpi
2300 5036 2584 5095 beneﬁcio
2596 5038 2849 5096 obtineri
2865 5037 3078 5095 ferunt.
3098 5035 3235 5103 Quae
3250 5032 3483 5105 quidem
3496 5046 3666 5107 crux,

2022 5125 2079 5182 in
2111 5126 2353 5184 materia
2394 5126 2696 5185 insensata
2727 5127 2840 5186 vim
2872 5126 3060 5185 vivam
3091 5128 3321 5194 tenens,
3353 5121 3433 5179 ita
3462 5136 3535 5180 ex
3565 5120 3669 5181 illo

2021 5218 2284 5288 tempore
2306 5215 2630 5275 innumeris
2654 5231 2801 5290 pene
2825 5213 3084 5288 quotidie
3106 5210 3400 5271 hominum
3422 5211 3579 5271 votis
3602 5210 3673 5270 li-

2020 5319 2194 5376 gnum
2218 5320 2388 5364 suum
2409 5306 2757 5378 commodat,
2776 5308 2836 5363 ut
2858 5302 3273 5362 detrimentum
3293 5316 3406 5359 non
3425 5302 3666 5375 sentiat,

2020 5396 2077 5451 et
2127 5395 2295 5467 quasi
2346 5396 2569 5453 intacta
2610 5395 2976 5467 permaneat;
3009 5389 3271 5462 quotidie
3304 5390 3542 5449 dividua
3574 5402 3672 5449 su-

2021 5481 2335 5556 mentibus,
2369 5487 2429 5541 et
2463 5495 2694 5554 semper
2723 5483 2846 5536 tota
2877 5477 3318 5538 venerantibus.
3346 5477 3471 5537 Sed.
3492 5477 3667 5536 istam

2021 5570 2094 5629 im
2100 5570 2441 5647 putribilem
2461 5570 2740 5628 virtutem
2761 5570 2820 5625 et
2844 5566 3381 5631 indestructibilem
3403 5560 3669 5627 solidita-
