4004 6168
383 365 490 420 259

1433 351 1488 408 S.
1533 347 1791 408 ADONIS
1830 342 2268 404 ARCHIEPISD.
2311 335 2728 400 VIENNENSIS

3687 325 3787 382 260

383 485 522 552 tem,
557 478 628 536 de
661 477 822 536 illius
853 476 1118 551 profecto
1147 474 1341 533 carnis
1373 474 1655 546 sanguine
1687 471 1854 543 bibit,
1890 483 2018 543 qua)
2049 468 2106 530 A
2133 466 2316 525 donec
2357 462 2655 520 deficeret.
2693 451 3035 552 Hujusmodi
3076 449 3188 552 fine
3229 447 3320 552 vir
3355 449 3599 552 sanctus
3633 461 3779 552 mar-

385 580 562 641 passa
587 569 853 636 mortem,
881 579 992 620 non
1010 562 1154 619 vidit
1180 561 1636 634 corruptionem.
1665 557 1871 616 Clavos
1895 572 2034 629 quo-

389 671 523 730 que,
578 655 793 726 quibus
861 665 1077 724 corpus
1139 649 1489 708 dominicum
1540 649 1727 706 fuerat
1779 647 2028 716 aﬂixum,

383 742 588 800 eadem
635 739 992 798 venerabilis
1041 738 1240 808 regina
1291 735 1546 810 portavit
1590 734 1661 792 ad
1706 733 1905 790 ﬁlium.
1951 733 2033 788 Ex

385 830 602 903 quibus
636 828 736 886 ille
769 829 966 885 frenos
1004 825 1354 898 composuit,
1389 823 1604 896 quibus
1646 824 1918 879 uteretur
1961 819 2031 876 ad

387 916 638 986 bellum;
671 919 730 973 et
762 930 836 973 ex
867 914 998 972 aliis
1038 912 1284 985 galeam,
1319 910 1698 970 nihilominus
1739 907 1877 966 belli
1921 906 2036 964 usi-

387 1005 498 1063 bus
531 1009 746 1076 aptam.

457 1091 638 1164 (Ruﬂ‘.
675 1090 776 1148 lib.
810 1107 848 1163 ι,
884 1105 1010 1163 cap.
1035 1095 1086 1148 8.
1113 1088 1492 1162 Pontiﬁcale,
1516 1102 1566 1144 c.
1592 1085 1682 1158 7.)
1705 1083 1919 1141 Eodem
1942 1083 2036 1139 die

384 1181 582 1237 Romae
630 1179 722 1236 via
767 1179 1150 1248 Numentana,
1203 1174 1476 1232 milliario
1528 1172 1797 1244 septimo,
1845 1167 2033 1228 sancti

383 1265 696 1324 Alexandri
718 1275 746 1304 α
771 1279 955 1338 papae,
981 1279 1111 1322 cum
1135 1263 1379 1319 Eventio
1402 1264 1460 1317 et
1483 1258 1777 1318 Theodulo
1800 1259 2041 1330 presby-

383 1355 532 1412 teris
563 1353 674 1409 sub
702 1351 949 1422 Trajano
983 1350 1268 1422 principe,
1305 1347 1510 1406 Judice
1543 1345 1856 1404 Aureliano
1891 1364 1904 1400 :
1943 1343 2040 1416 qui

386 1444 656 1499 Romanae
701 1438 983 1496 Ecclesia;
1033 1437 1460 1509 episcopatum,
1497 1434 1740 1506 quintus
1773 1435 1903 1505 post
1937 1432 2042 1488 Pe-

386 1534 565 1600 trum,
581 1527 772 1584 tenuit
799 1540 980 1582 annos
1001 1524 1224 1595 decem,
1243 1535 1476 1579 menses
1496 1521 1644 1578 duos
1665 1520 1793 1576 dies
1813 1519 2036 1591 decem,

385 1621 444 1674 et
479 1615 796 1674 sanctitate
828 1610 1326 1685 incomparabilis,
1362 1609 1476 1666 ﬁde
1505 1607 1896 1678 clarissimus,
1925 1621 2042 1664 ma-

386 1705 600 1762 ximam
628 1706 856 1776 partem
880 1705 1216 1758 senatorum
1240 1698 1416 1755 Urbis
1439 1697 1732 1754 convertit
1759 1695 1829 1752 ad
1856 1695 2045 1752 Domi-

383 1808 540 1852 num.
573 1791 679 1860 Qui
705 1790 1096 1864 postmodum,
1117 1788 1360 1860 jubente
1381 1785 1624 1856 Trajano
1647 1784 1932 1858 principe,
1959 1783 2032 1840 ab

388 1879 702 1940 Aureliano
733 1880 944 1937 comite
968 1879 1278 1948 utriusque
1302 1875 1544 1947 militiae,
1571 1872 1796 1932 carceri
1821 1873 2034 1930 manci-

383 1974 579 2042 patus,
617 1974 748 2041 post
801 1966 1090 2040 stupenda
1131 1970 1187 2022 et
1235 1965 1428 2022 divina
1461 1962 1760 2034 miracula,
1801 1961 1896 2020 ubi
1931 1976 2035 2033 per

385 2071 652 2132 puerum,
687 2057 784 2127 qui
820 2055 1066 2112 faculam
1102 2055 1325 2110 ferebat
1363 2052 1686 2124 ardentem,
1719 2066 1751 2108 e
1794 2065 2034 2108 carcere

386 2149 675 2203 nocturno
697 2144 934 2202 silentio
958 2157 1061 2216 per
1084 2143 1400 2199 fenestram
1423 2141 1694 2213 eductus,
1713 2140 1782 2197 ad
1803 2140 2034 2197 domum

385 2234 606 2302 Quirini
639 2233 882 2304 tribuni,
919 2233 1016 2290 ubi
1049 2233 1259 2290 beatus
1292 2233 1533 2288 Hermes
1566 2231 1882 2303 prmfectus
1925 2229 2035 2286 sub

392 2322 910 2380 custodiatenebat
921 2337 1007 2392 ur,
1025 2320 1401 2392 perducitur;
1419 2324 1478 2376 et
1498 2323 1807 2391 postquam
1829 2321 2034 2375 sanata

389 2416 481 2468 est
507 2409 622 2468 filia
645 2409 832 2482 ipsius
855 2409 1100 2480 Quirini,
1129 2407 1365 2466 Balbina
1389 2409 1637 2478 nomine,
1664 2411 1720 2464 et
1744 2407 1874 2478 ipse
1899 2406 2032 2472 Qui-

383 2500 550 2558 rinus
569 2511 892 2556 conversus
911 2497 1186 2568 baptismi
1204 2497 1452 2566 gratiam
1475 2495 1855 2567 desideravit,
1873 2500 2041 2567 post-

383 2602 496 2660 que
553 2583 960 2642 liberationem
1009 2589 1067 2641 et
1123 2583 1577 2656 baptizationem
1631 2597 1852 2654 eorum,
1888 2599 2034 2654 quos

380 2673 634 2734 vinculis
658 2676 920 2730 arctatos
945 2673 1002 2728 in
1024 2685 1263 2730 carcere
1289 2671 1568 2738 Quirinus
1588 2671 1714 2744 ipse
1735 2675 2032 2744 tenuerat,

378 2764 534 2820 inter
565 2777 712 2835 quos
744 2761 892 2818 duos
925 2775 1154 2832 quoque
1195 2759 1606 2818 sanctissimos
1653 2760 2034 2832 presbyteros

382 2852 536 2909 inter
567 2865 700 2908 reos
745 2849 1202 2920 constrinxerat,
1239 2848 1545 2906 Eventium
1586 2851 1644 2904 et
1679 2847 2034 2906 Theodulum

383 2940 481 3013 qui
513 2939 585 2997 de
614 2939 844 2996 oriente
873 2941 1186 3006 venerant;
1219 2941 1350 3009 post
1375 2937 1490 2994 ista
1515 2938 1726 3009 omnia,
1753 2941 1810 2994 et
1847 2937 1894 2994 si
1922 2952 2034 3008 qua

379 3032 516 3086 sunt
543 3027 654 3084 alia
673 3025 1096 3084 venerabiliter
1119 3026 1190 3082 ab
1209 3040 1279 3082 eo
1293 3030 1483 3097 gesta,
1502 3024 1814 3082 Aureliano
1831 3021 2039 3082 comiti

383 3115 618 3185 iterum,
637 3112 902 3185 principe
924 3112 1114 3168 adhuc
1131 3112 1376 3182 Trajano
1393 3112 1717 3183 (siquidem
1740 3113 2033 3168 Adrianus

2141 555 2355 628 tyrium
2387 567 2555 609 suum
2586 544 2919 619 complevit.
2947 539 3142 628 Sancti
3173 542 3370 594 autem
3406 537 3516 594 duo
3540 537 3780 609 presby-

2142 624 2254 700 teri
2285 640 2479 712 gladio
2509 631 2894 696 consummati
2929 632 3084 688 sunt.
3118 627 3376 694 Quorum
3410 639 3659 697 corpora
3691 624 3782 680 Se-

2141 747 2279 790 vera
2332 729 2538 786 femina
2591 723 2865 795 religiosa
2896 717 3156 789 collegit,
3183 719 3240 772 et
3276 715 3513 772 beatum
3549 712 3789 770 Alexan-

2144 821 2312 878 drum
2335 822 2509 878 atque
2530 814 2836 872 Eventium
2861 811 2916 866 in
2942 823 3056 866 uno
3080 803 3376 878 sepulcro,
3404 805 3678 860 sanctum
3699 815 3788 858 ve-

2145 833 2312 878 drum
2335 833 2389 875 al
2440 833 2509 874 ue
2530 833 2836 872 ιςνθῐιιιιιιη
2862 833 2916 866 lu
2944 833 3056 866 uuu
3080 833 3376 878 δυρυιυιύ,
3404 833 3570 860 auum.
3584 833 3678 860 um
3707 833 3788 858 vc-

2145 926 2210 968 ro
2237 833 2592 965 Theogulum
2626 900 2942 976 separatim
2973 899 3029 954 in
3059 895 3172 954 alio
3194 893 3391 966 posuit
3424 892 3516 950 via
3545 893 3790 948 Numen-

2145 1005 2300 1070 tana,
2338 997 2394 1054 in
2427 993 2648 1069 praedio
2680 1007 2806 1061 suo,
2839 1007 2876 1047 v
2904 990 3097 1044 Nonas
3129 983 3278 1040 Maii.

2643 1091 2703 1148 E.
2746 1089 2815 1146 IV
2853 1084 3090 1144 NONAS
3119 1081 3288 1138 MAI].

2806 1187 2871 1258 (4
2909 1180 3124 1253 Maii.)

2219 1290 2464 1363 (Euseb.
2517 1289 2557 1344 Ι.
2609 1301 2730 1358 vm,
2791 1300 2842 1341 c.
2896 1286 2983 1353 14,
3032 1283 3090 1337 et
3133 1280 3176 1334 Ι.
3216 1292 3292 1348 ix,
3335 1291 3386 1333 c.
3423 1278 3476 1332 6.
3514 1271 3707 1363 Buff.)
3736 1271 3791 1327 In

2147 1359 2459 1438 Palaestina
2491 1376 2731 1434 civitate
2762 1375 2931 1443 Gaza,
2957 1367 3172 1427 natalis
3195 1367 3250 1422 S.
3279 1363 3497 1421 Silvani
3531 1359 3790 1432 ejusdem

2150 1470 2316 1529 urbis
2355 1467 2637 1541 episcopi.
2673 1464 2780 1532 Qui
2828 1459 3242 1536 persecutione
3280 1451 3636 1511 Diocletiani
3669 1465 3792 1508 cum

2151 1559 2419 1634 plurimis
2464 1555 2813 1616 clericorum
2863 1563 3102 1609 suorum
3151 1544 3433 1627 martyrio
3476 1544 3792 1601 coronatus

2150 1653 2262 1708 est.

2223 1740 2366 1795 Item
2416 1735 2473 1792 in
2521 1731 2758 1792 metallo
2790 1727 3057 1800 Fanensi,
3093 1728 3431 1784 sanctorum
3471 1723 3792 1792 martyrum

2062 1827 2116 1887 B
2148 1826 2533 1901 quadraginta
2567 1823 2663 1896 qui
2696 1819 2868 1878 simul
2909 1818 3104 1890 capite
3135 1815 3274 1873 caesi
3309 1816 3466 1870 sunt.

2215 1913 2584 1984 Nicomediae,
2640 1909 2853 1968 natalis
2901 1911 3121 1964 sancta:
3171 1901 3436 1960 Antoniae
3478 1919 3493 1956 :
3537 1912 3676 1970 quas
3720 1896 3796 1952 ni-

2145 2005 2321 2063 mium
2351 2006 2507 2061 torta
2529 2006 2586 2058 et
2609 1999 2789 2058 variis
2811 1997 3022 2054 afﬂicta
3046 1992 3412 2052 cruciatibus
3434 1989 3506 2046 ab
3527 2002 3655 2045 uno
3677 1987 3796 2042 bra-

2145 2095 2277 2153 chio
2297 2093 2490 2150 tribus
2512 2091 2721 2148 diebus
2746 2100 3056 2160 suspensa,
3073 2088 3130 2140 et
3155 2081 3212 2138 in
3235 2092 3536 2138 carcerem
3562 2074 3795 2144 biennio

2147 2185 2408 2254 detrusa,
2435 2198 2467 2240 a
2487 2178 2858 2238 Priscilliano
2881 2173 3134 2250 praeside
3157 2171 3228 2230 ad
3251 2169 3525 2230 ultimum
3547 2165 3794 2224 ﬂammis

2145 2277 2353 2331 exusta
2401 2275 2512 2328 est.

2217 2361 2428 2418 Eodem
2480 2359 2594 2430 die,
2646 2357 2703 2413 in
2741 2355 2951 2413 Norico
2993 2350 3254 2426 Ripensi,
3305 2347 3433 2406 loco
3492 2345 3792 2416 Lauriaco,

2147 2449 2360 2508 natalis
2391 2447 2581 2508 sancti
2625 2444 2896 2516 Floriani,
2931 2443 3028 2516 qui
3079 2438 3350 2514 praesidis
3384 2436 3588 2508 jussu,
3625 2434 3796 2506 ligato

2145 2540 2217 2596 ad
2249 2538 2462 2596 collum
2495 2552 2655 2608 saxo,
2691 2536 2748 2592 in
2782 2535 2995 2591 flumen
3028 2529 3190 2588 Anisi
3226 2527 3650 2601 praecipitatus
3688 2527 3792 2594 est,

2145 2633 2204 2685 et
2250 2643 2402 2699 mox,
2451 2626 2720 2684 omnibus
2771 2623 2866 2696 qui
2917 2618 3387 2680 circumstabant
3431 2614 3792 2684 videntibus,

2145 2716 2299 2775 oculi
2332 2713 2788 2788 pracipitatoris
2819 2711 2946 2783 ejus
2986 2709 3364 2782 crepuerunt.

2218 2809 2351 2880 Ipso
2383 2806 2496 2877 die,
2535 2803 2688 2861 beati
2723 2801 2977 2870 Quiriaci
3001 2797 3264 2873 episcOpi
3286 2799 3346 2854 et
3378 2794 3666 2866 martyris
3685 2791 3795 2864 glo-

2145 2895 2307 2969 riosi,
2343 2896 2452 2954 sub
2482 2894 2709 2953 Juliano
2747 2893 3116 2964 imperatore.

2633 2993 2692 3047 F.
2738 2991 2812 3046 IlI
2850 2987 3085 3044 NONAS
3131 2986 3302 3042 MAII.

2809 3086 2874 3157 (ὅ
2909 3085 3124 3156 Maii.)

387 3178 655 3258 nondum
675 3178 1056 3272 imperabat),
1080 3178 1380 3256 exhibitus
1403 3178 1700 3256 est-simul
1731 3215 1861 3256 cum
1886 3199 2034 3272 ipsis
2065 3186 2113 3249 C
2211 3188 2240 3228 δ
2269 3187 2434 3261 Apud
2469 3183 2878 3244 Alexandriam
2912 3181 3102 3240 sancti
3136 3179 3429 3252 Euthymii
3461 3178 3703 3237 diaconi
3741 3178 3791 3234 in

381 3289 576 3347 beatis
610 3287 839 3346 duobus
869 3287 1268 3360 presbyteris;
1304 3287 1607 3359 primoque
1633 3288 1688 3344 in
1720 3287 2036 3359 equuleum

381 3376 634 3449 levatus,
671 3381 729 3432 et
761 3381 958 3433 tortus
982 3375 1238 3447 ungulis,
1267 3379 1442 3447 atque
1467 3375 1834 3448 lampadibus
1855 3381 2036 3434 attra-

381 3469 580 3523 ctatus
601 3465 950 3536 gravissime
985 3465 1111 3522 fuit.
1141 3465 1401 3535 Cumque
1427 3463 1620 3521 nullas
1644 3464 1809 3522 daret
1833 3480 2029 3536 voces,

381 3553 526 3613 dixit
551 3553 605 3612 ei
629 3553 980 3612 Aurelianus
1009 3573 1021 3610 :
1050 3553 1240 3621 Quare
1261 3557 1432 3611 taces
1460 3555 1484 3610 ?
1516 3554 1764 3612 Sanctus
1790 3554 2036 3612 Alexan-

379 3641 485 3700 der
517 3641 820 3716 respondit
858 3661 870 3698 :
909 3641 1053 3710 Quia
1077 3647 1339 3715 tempore
1361 3643 1644 3700 orationis
1665 3643 2032 3702 Christianus

377 3730 548 3790 homo
570 3747 702 3790 cum
721 3733 838 3788 Deo
856 3731 1135 3804 loquitur.
1157 3732 1436 3804 Deposito
1459 3737 1652 3790 autem
1675 3732 2026 3798 Alexandro,

374 3821 556 3894 jussit
591 3823 809 3897 impius
834 3821 1017 3894 judex
1043 3822 1326 3896 applicari
1360 3823 1663 3882 Eventium
1685 3828 1743 3880 et
1773 3823 2033 3882 Theodu-

375 3911 515 3984 lum,
540 3917 598 3970 et
623 3913 1007 3985 interrogavit
1036 3914 1268 3971 beatum
1294 3912 1687 3971 Alexandrum
1713 3933 1726 3970 :
1761 3913 1868 3980 Qui
1893 3918 2030 3971 sunt

382 3999 537 4056 isti?
567 4002 783 4058 Beatus
833 4001 1166 4056 Alexander
1215 4001 1361 4057 dixit
1407 4021 1420 4057 :
1456 4003 1638 4058 Ambo
1667 4001 1778 4059 viri
1813 4001 2024 4074 sancti,

379 4085 552 4174 ambo
579 4087 938 4174 presbyteri.
965 4089 1122 4144 Tunc
1151 4102 1473 4145 conversus
1495 4088 1568 4144 ad
1591 4089 1824 4146 beatum
1848 4091 2030 4148 Even-

369 4172 538 4244 tium,
579 4171 764 4244 judex
813 4174 1198 4246 interrogavit
1251 4190 1382 4233 eum
1417 4195 1430 4233 :
1467 4175 1709 4244 Quando
1737 4177 1931 4236 factus
1962 4193 2028 4237 es

375 4259 930 4320 Christianus?Cui
983 4264 1192 4323 beatus
1242 4266 1522 4325 Eventius
1573 4286 1587 4323 ε
1639 4269 1788 4325 Ante
1843 4282 2024 4326 annos

373 4351 752 4422 septuaginta
783 4356 842 4410 et
876 4367 1154 4412 annorum
1189 4355 1458 4413 undecim
1501 4371 1630 4414 sum
1663 4356 2020 4431 baptizatus,

365 4439 422 4494 et
449 4451 729 4498 annorum
754 4441 961 4514 viginti
986 4443 1298 4516 presbyter
1323 4443 1631 4503 ordinatus
1655 4445 1756 4519 fui,
1783 4450 1842 4503 et
1866 4462 2020 4506 nunc

2145 3293 2386 3336 carcere
2416 3275 2798 3348 quiescentis.

2213 3366 2639 3425 Thessalonicae
2685 3364 2900 3422 natalis
2952 3378 3261 3421 sancorum
3293 3359 3498 3418 Irenaei
3527 3363 3588 3417 et
3628 3362 3793 3418 Pere-

2142 3458 2296 3530 grini
2329 3462 2385 3514 et
2418 3459 2616 3512 [renes
2649 3455 2884 3526 ignibus
2917 3455 3376 3512 combustorum.

2215 3549 2275 3604 In
2317 3546 2518 3604 Galliis
2551 3545 2791 3604 civitate
2826 3542 3174 3612 Arelatensi,
3211 3541 3401 3598 sancti
3435 3539 3648 3596 Hilarii
3681 3537 3794 3611 epi-

2143 3637 2327 3710 scOpi,
2345 3635 2720 3707 magni,docti
2737 3636 2794 3690 et
2811 3631 3250 3706 prae-clarissimi
3269 3631 3400 3688 viri.
3419 3629 3526 3696 Qui
3543 3643 3795 3702 pauper-

2141 3727 2284 3784 tatis
2308 3730 2550 3796 amator,
2567 3729 2624 3782 et
2645 3739 2784 3795 erga
2802 3723 3036 3796 in0pum
3060 3721 3448 3794 provisionem
3469 3733 3580 3775 non
3605 3718 3790 3776 solum

2143 3817 2355 3874 mentis
2380 3817 2618 3889 pietate,
2646 3829 2743 3871 sec
2765 3818 2820 3870 et
2846 3812 3112 3885 corporis
3144 3811 3234 3868 sui
3265 3811 3465 3866 labore
3492 3807 3791 3866 sollicitus

2139 3910 2267 3964 erat
2304 3926 2317 3963 :
2351 3921 2481 3963 nam
2512 3920 2617 3978 pro
2647 3901 2983 3960 reficiendis
3007 3899 3384 3974 pauperibus,
3411 3899 3587 3955 etiam
3616 3897 3792 3956 rusti-

2139 3997 2430 4054 cationem
2463 3999 2669 4052 contra
2690 3995 2851 4051 vires
2875 4007 3033 4064 suas,
3059 3992 3228 4048 homo
3247 4004 3463 4062 genere
3485 3987 3710 4060 clarus,
3734 3990 3790 4044 et

2141 4084 2311 4155 longe
2343 4084 2516 4141 aliter
2537 4083 2826 4140 educatus
2848 4081 3134 4139 exercuit.
3162 4079 3272 4136 Sed
3295 4094 3403 4136 nec
3428 4078 3485 4135 in
3511 4078 3792 4150 spiritua-

2139 4174 2298 4232 libus
2322 4173 2579 4245 neglexit
2611 4193 2624 4229 :
2659 4187 2789 4230 nam
2821 4177 2879 4229 et
2913 4173 2970 4228 in
3001 4171 3264 4229 docendo
3284 4169 3536 4242 gratiam
3558 4168 3786 4236 habuit,

2137 4268 2196 4322 et
2230 4265 2452 4336 absque
2476 4277 2858 4336 personarum
2881 4262 3222 4334 acceptione
3243 4260 3514 4318 omnibus
3534 4258 3792 4328 castiga-

2137 4354 2354 4411 tionem
2407 4353 2678 4424 ingessit.
2713 4355 2873 4410 Inter
2905 4367 3009 4410 sua
3037 4355 3179 4410 vero
3210 4364 3388 4424 opera
3419 4347 3658 4420 ingenio
3691 4347 3792 4403 im-

2135 4443 2390 4517 mortali,
2425 4444 2496 4501 ad
2531 4442 2844 4502 multorum
2868 4443 3184 4502 utilitatem
3215 4438 3554 4498 necessario
3582 4451 3784 4512 Opere,

365 4537 474 4598 ago
503 4527 928 4599 octogesimum
958 4533 1018 4586 et
1051 4543 1228 4588 unum
1258 4530 1474 4603 artatis,
1503 4545 1674 4604 quem
1697 4531 1754 4588 in
1775 4547 2017 4593 carcere
2045 4546 2100 4608 Β
2129 4534 2319 4592 Vitam
2367 4535 2560 4594 sancti
2599 4534 2876 4592 Honorati
2918 4532 3252 4590 decessoris
3295 4530 3385 4588 sui
3426 4528 3780 4602 composuit.

367 4615 426 4671 et
439 4613 693 4674 vinculis
707 4615 1012 4690 complevi.
1031 4619 1100 4676 Et
1116 4621 1424 4692 postquam
1439 4617 1822 4690 interrogavit
1839 4623 2016 4681 etiam

364 4700 740 4777 Theodulum,
775 4709 834 4762 et
879 4705 938 4762 in
979 4707 1347 4764 confessione
1395 4711 1724 4764 manentem
1773 4709 2014 4784 invenit,

355 4787 542 4860 jussit
575 4793 807 4851 furnum
841 4793 1074 4851 incendi
1122 4795 1374 4867 fortiter,
1409 4801 1466 4853 et
1501 4796 1737 4854 beatum
1770 4795 2018 4856 Alexan-

365 4876 536 4937 drum
555 4883 731 4954 atque
749 4881 1054 4938 Eventium
1085 4879 1298 4952 ligatos
1327 4883 1385 4940 in
1408 4883 1662 4942 medium
1687 4885 2020 4958 praecipita-

362 4964 432 5020 ri.
461 4967 601 5025 Cum
631 4968 718 5024 eis
749 4972 806 5024 et
841 4968 1055 5026 beatus
1085 4967 1418 5028 Tbeodulus
1441 4975 1651 5043 sponte
1675 4972 1734 5028 in
1757 4972 2015 5032 ﬂammas

359 5051 652 5127 prosiluit,
690 5055 1011 5112 decantans
1063 5070 1195 5114 cum
1245 5056 1392 5129 ipsis
1431 5061 1488 5114 et
1536 5059 1760 5130 pariter
1788 5061 2014 5130 gratias

361 5149 542 5208 agens
575 5159 588 5195 :
621 5141 760 5212 Igne
791 5155 898 5199 nos
927 5142 1298 5215 examinasti,
1325 5148 1382 5200 et
1417 5159 1530 5201 non
1563 5149 1656 5202 est
1692 5145 1928 5204 inventa
1957 5146 2014 5203 in

360 5225 529 5284 nobis
573 5227 854 5300 iniquitas
885 5229 1089 5304 (Psal.
1121 5230 1266 5306 xvr).
1304 5231 1466 5298 Quod
1509 5248 1640 5290 cum
1683 5234 2014 5292 nuntiatum

366 5311 546 5388 impio
585 5316 900 5377 Aureliano
937 5325 1120 5394 esset,
1157 5321 1294 5380 fecit
1329 5321 1736 5380 beatissimum
1767 5322 2016 5382 Alexan-

369 5402 534 5462 drum
569 5408 806 5480 punctis
835 5410 1214 5470 creberrimis
1247 5425 1351 5486 per
1383 5413 1505 5469 tota
1529 5412 1706 5486 pungi
1730 5413 2010 5487 membra,

367 5580 376 5592 ·
414 5557 461 5665 ς
475 5555 914 5691 Eumlibgpag.
931 5565 983 5620 8.
1003 5562 1364 5646 Pontiﬁcale,
1382 5566 1602 5624 c.7.Est
1618 5565 1950 5626 Alexander
1969 5583 2008 5628 ι.

527 5631 818 5691 ennadius
888 5645 922 5690 θ
967 5632 1124 5691 Viris
1153 5634 1338 5691 illust.
1373 5642 1598 5691 ρεαδς).

527 5631 818 5692 ennadius
848 5631 922 5691 de
967 5632 1124 5692 Viris
1153 5631 1598 5714 illust.'cap.69.

2129 4624 2814 4683 Morittistalentiniano
2861 4625 2918 4678 et
2967 4623 3247 4679 Martiano
3293 4619 3772 4694 imperatoribus.

2200 4716 2344 4772 Item
2377 4714 2634 4784 Viennae,
2669 4711 2823 4770 beati
2853 4711 3065 4769 Nicetii
3096 4710 3381 4785 episcOpi,
3414 4707 3776 4768 venerabilis

2125 4805 2466 4863 sanctitatis
2499 4801 2631 4861 viri.

2197 4892 2580 4963 Antisiodori,
2617 4891 2817 4964 passio
2855 4890 3046 4950 sancti
3079 4889 3388 4964 Joviniani,
3423 4888 3666 4950 lectoris
3711 4889 3772 4945 et

2123 4985 2420 5056 martyrls°
2527 5052 2589 5108 ρ.
2635 5051 2874 5108 PRIDIE
2913 5050 3152 5108 NONAS
3189 5051 3359 5107 um.

2823 5155 2855 5206 6
2882 5149 3061 5208 Maii.

2823 5155 2855 5206 6
2882 5149 3061 5208 Maii.

2193 5256 2218 5288 ο
2243 5247 2466 5304 Natalis
2498 5213 2694 5304 sancti
2717 5150 2955 5304 Joannis
2978 5149 3230 5320 apo)stoli
3261 5259 3396 5304 ante
3421 5249 3644 5320 portam
3667 5245 3768 5301 La-

2120 5335 2301 5393 tinam
2327 5335 2542 5406 Romae,
2561 5333 2659 5406 qui
2683 5333 2756 5390 ab
2779 5333 3212 5407 Epheso,jussu
3233 5332 3541 5390 Domitiani
3566 5330 3763 5388 fratris

2119 5423 2250 5495 Titi,
2267 5419 2524 5480 secunda
2544 5421 2977 5494 persecutione,
2999 5435 3167 5494 quam
3189 5420 3314 5494 ipse
3329 5423 3462 5494 post
3481 5419 3762 5476 Neronem

2190 5571 2580 5645 °_Hier.,glib.
2614 5577 2869 5645 1__contra
2897 5571 3182 5636 Jovinian.
3215 5585 3267 5630 c.
3303 5576 3390 5644 tt,
3425 5574 3482 5630 et
3515 5571 3575 5629 in
3605 5584 3655 5629 c.
3685 5579 3763 5626 xx

2119 5643 2315 5716 Math.,
2348 5643 2429 5702 ex
2452 5643 2695 5704 Tertull.
2732 5645 2805 5702 de
2833 5645 3080 5702 Praescr.
3114 5657 3165 5700 c.
3199 5647 3286 5700 36.
3313 5663 3318 5667 ·
