  <div class='ocr_page' id='page_1' title='image "/cluster/home/n/w/nwhite01/storage/ocr_20150623/123/hvd.32044054759857/136.png"; bbox 0 0 3992 6170; ppageno 0'>
   <div class='ocr_carea' id='block_1_1' title="bbox 187 333 284 388">
    <p class='ocr_par' dir='ltr' id='par_1_1' title="bbox 187 333 284 388">
     <span class='ocr_line' id='line_1_1' title="bbox 187 333 284 388; baseline 0 0"><span class='ocrx_word' id='word_1_1' title='bbox 187 333 284 388; x_wconf 76' lang='grc'><strong>261</strong></span> 
     </span>
    </p>
   </div>
   <div class='ocr_carea' id='block_1_2' title="bbox 189 534 1844 612">
    <p class='ocr_par' dir='ltr' id='par_1_2' title="bbox 189 534 1844 612">
     <span class='ocr_line' id='line_1_2' title="bbox 189 534 1844 612; baseline -0.005 -12"><span class='ocrx_word' id='word_1_2' title='bbox 189 546 426 612; x_wconf 99' lang='lat' dir='ltr'><strong>senatu,</strong></span> <span class='ocrx_word' id='word_1_3' title='bbox 465 544 601 598; x_wconf 90' lang='lat' dir='ltr'><strong>ante</strong></span> <span class='ocrx_word' id='word_1_4' title='bbox 631 543 856 612; x_wconf 91' lang='lat' dir='ltr'><strong>portam</strong></span> <span class='ocrx_word' id='word_1_5' title='bbox 881 539 1140 595; x_wconf 81' lang='lat' dir='ltr'><strong>Latinam</strong></span> <span class='ocrx_word' id='word_1_6' title='bbox 1165 538 1221 594; x_wconf 93' lang='lat' dir='ltr'><strong>in</strong></span> <span class='ocrx_word' id='word_1_7' title='bbox 1248 537 1529 594; x_wconf 78' lang='lat' dir='ltr'><strong>ferventis</strong></span> <span class='ocrx_word' id='word_1_8' title='bbox 1551 535 1661 592; x_wconf 87' lang='lat' dir='ltr'><strong>olei</strong></span> <span class='ocrx_word' id='word_1_9' title='bbox 1688 534 1844 592; x_wconf 92' lang='lat' dir='ltr'><strong>dolio</strong></span> 
     </span>
    </p>
   </div>
   <div class='ocr_carea' id='block_1_3' title="bbox 185 623 1845 701">
    <p class='ocr_par' dir='ltr' id='par_1_3' title="bbox 185 623 1845 701">
     <span class='ocr_line' id='line_1_3' title="bbox 185 623 1845 701; baseline -0.005 -13"><span class='ocrx_word' id='word_1_10' title='bbox 185 631 409 689; x_wconf 89' lang='lat' dir='ltr'><strong>missus</strong></span> <span class='ocrx_word' id='word_1_11' title='bbox 443 633 562 701; x_wconf 92' lang='lat' dir='ltr'><strong>est,</strong></span> <span class='ocrx_word' id='word_1_12' title='bbox 599 632 805 699; x_wconf 87' lang='lat' dir='ltr'><strong>agente</strong></span> <span class='ocrx_word' id='word_1_13' title='bbox 830 628 937 685; x_wconf 93' lang='lat' dir='ltr'><strong>hoc</strong></span> <span class='ocrx_word' id='word_1_14' title='bbox 961 628 1137 699; x_wconf 92' lang='lat' dir='ltr'><strong>impio</strong></span> <span class='ocrx_word' id='word_1_15' title='bbox 1159 627 1421 700; x_wconf 85' lang='lat' dir='ltr'><strong>principe</strong></span> <span class='ocrx_word' id='word_1_16' title='bbox 1446 626 1541 698; x_wconf 91' lang='lat' dir='ltr'><strong>qui</strong></span> <span class='ocrx_word' id='word_1_17' title='bbox 1565 623 1845 680; x_wconf 88' lang='lat' dir='ltr'><strong>Christia-</strong></span> 
     </span>
    </p>
   </div>
   <div class='ocr_carea' id='block_1_4' title="bbox 188 713 1844 790">
    <p class='ocr_par' dir='ltr' id='par_1_4' title="bbox 188 713 1844 790">
     <span class='ocr_line' id='line_1_4' title="bbox 188 713 1844 790; baseline -0.006 -12"><span class='ocrx_word' id='word_1_18' title='bbox 188 736 398 778; x_wconf 90' lang='lat' dir='ltr'><strong>norum</strong></span> <span class='ocrx_word' id='word_1_19' title='bbox 436 717 862 775; x_wconf 89' lang='lat' dir='ltr'><strong>infestissimus</strong></span> <span class='ocrx_word' id='word_1_20' title='bbox 904 720 1249 790; x_wconf 89' lang='lat' dir='ltr'><strong>persecutor</strong></span> <span class='ocrx_word' id='word_1_21' title='bbox 1289 720 1435 772; x_wconf 91' lang='lat' dir='ltr'><strong>erat.</strong></span> <span class='ocrx_word' id='word_1_22' title='bbox 1480 713 1591 770; x_wconf 88' lang='lat' dir='ltr'><strong>Sed</strong></span> <span class='ocrx_word' id='word_1_23' title='bbox 1637 714 1844 769; x_wconf 90' lang='lat' dir='ltr'><strong>beatus</strong></span> 
     </span>
    </p>
   </div>
   <div class='ocr_carea' id='block_1_5' title="bbox 186 803 1844 883">
    <p class='ocr_par' dir='ltr' id='par_1_5' title="bbox 186 803 1844 883">
     <span class='ocr_line' id='line_1_5' title="bbox 186 803 1844 883; baseline -0.006 -16"><span class='ocrx_word' id='word_1_24' title='bbox 186 807 505 883; x_wconf 90' lang='lat' dir='ltr'><strong>apostolus</strong></span> <span class='ocrx_word' id='word_1_25' title='bbox 552 812 671 864; x_wconf 89' lang='lat' dir='ltr'><strong>tam</strong></span> <span class='ocrx_word' id='word_1_26' title='bbox 720 806 873 863; x_wconf 92' lang='lat' dir='ltr'><strong>liber</strong></span> <span class='ocrx_word' id='word_1_27' title='bbox 923 821 952 862; x_wconf 91' lang='lat' dir='ltr'><strong>a</strong></span> <span class='ocrx_word' id='word_1_28' title='bbox 1008 820 1175 879; x_wconf 83' lang='lat' dir='ltr'><strong>poena</strong></span> <span class='ocrx_word' id='word_1_29' title='bbox 1227 805 1361 861; x_wconf 91' lang='lat' dir='ltr'><strong>inde</strong></span> <span class='ocrx_word' id='word_1_30' title='bbox 1410 803 1552 860; x_wconf 83' lang='lat' dir='ltr'><strong>exiit</strong></span> <span class='ocrx_word' id='word_1_31' title='bbox 1595 817 1765 874; x_wconf 90' lang='lat' dir='ltr'><strong>quam</strong></span> <span class='ocrx_word' id='word_1_32' title='bbox 1813 815 1844 857; x_wconf 92' lang='lat' dir='ltr'><strong>a</strong></span> 
     </span>
    </p>
   </div>
   <div class='ocr_carea' id='block_1_6' title="bbox 184 890 1848 971">
    <p class='ocr_par' dir='ltr' id='par_1_6' title="bbox 184 890 1848 971">
     <span class='ocr_line' id='line_1_6' title="bbox 184 890 1848 971; baseline -0.007 -14"><span class='ocrx_word' id='word_1_33' title='bbox 184 895 888 971; x_wconf 85' lang='lat' dir='ltr'><strong>corruptionibuscarnis</strong></span> <span class='ocrx_word' id='word_1_34' title='bbox 908 895 1095 953; x_wconf 82' lang='lat' dir='ltr'><strong>fuerat</strong></span> <span class='ocrx_word' id='word_1_35' title='bbox 1122 893 1412 951; x_wconf 88' lang='lat' dir='ltr'><strong>immunis.</strong></span> <span class='ocrx_word' id='word_1_36' title='bbox 1429 894 1585 950; x_wconf 87' lang='lat' dir='ltr'><strong>Tunc</strong></span> <span class='ocrx_word' id='word_1_37' title='bbox 1606 892 1661 947; x_wconf 92' lang='lat' dir='ltr'><strong>in</strong></span> <span class='ocrx_word' id='word_1_38' title='bbox 1676 890 1848 947; x_wconf 87' lang='lat' dir='ltr'><strong>Path-</strong></span> 
     </span>
    </p>
   </div>
   <div class='ocr_carea' id='block_1_7' title="bbox 190 980 1845 1056">
    <p class='ocr_par' dir='ltr' id='par_1_7' title="bbox 190 980 1845 1056">
     <span class='ocr_line' id='line_1_7' title="bbox 190 980 1845 1056; baseline -0.005 -10"><span class='ocrx_word' id='word_1_39' title='bbox 190 1003 349 1046; x_wconf 87' lang='lat' dir='ltr'><strong>mum</strong></span> <span class='ocrx_word' id='word_1_40' title='bbox 386 986 641 1044; x_wconf 89' lang='lat' dir='ltr'><strong>insulam</strong></span> <span class='ocrx_word' id='word_1_41' title='bbox 682 985 981 1056; x_wconf 81' lang='lat' dir='ltr'><strong>relegatur</strong></span> <span class='ocrx_word' id='word_1_42' title='bbox 1020 983 1249 1054; x_wconf 87' lang='lat' dir='ltr'><strong>exsilio,</strong></span> <span class='ocrx_word' id='word_1_43' title='bbox 1296 983 1394 1039; x_wconf 93' lang='lat' dir='ltr'><strong>ubi</strong></span> <span class='ocrx_word' id='word_1_44' title='bbox 1439 980 1845 1054; x_wconf 85' lang='lat' dir='ltr'><strong>Apocalypsim</strong></span> 
     </span>
    </p>
   </div>
   <div class='ocr_carea' id='block_1_8' title="bbox 184 1070 1848 1144">
    <p class='ocr_par' dir='ltr' id='par_1_8' title="bbox 184 1070 1848 1144">
     <span class='ocr_line' id='line_1_8' title="bbox 184 1070 1848 1144; baseline -0.005 -10"><span class='ocrx_word' id='word_1_45' title='bbox 184 1076 362 1134; x_wconf 89' lang='lat' dir='ltr'><strong>vidit.</strong></span> <span class='ocrx_word' id='word_1_46' title='bbox 411 1075 501 1132; x_wconf 84' lang='lat' dir='ltr'><strong>Ad</strong></span> <span class='ocrx_word' id='word_1_47' title='bbox 530 1073 1044 1132; x_wconf 88' lang='lat' dir='ltr'><strong>commendandam</strong></span> <span class='ocrx_word' id='word_1_48' title='bbox 1078 1087 1220 1144; x_wconf 90' lang='lat' dir='ltr'><strong>ergo</strong></span> <span class='ocrx_word' id='word_1_49' title='bbox 1250 1071 1439 1144; x_wconf 89' lang='lat' dir='ltr'><strong>ipsius</strong></span> <span class='ocrx_word' id='word_1_50' title='bbox 1468 1070 1699 1141; x_wconf 82' lang='lat' dir='ltr'><strong>dignam</strong></span> <span class='ocrx_word' id='word_1_51' title='bbox 1732 1082 1848 1126; x_wconf 89' lang='lat' dir='ltr'><strong>me-</strong></span> 
     </span>
    </p>
   </div>
   <div class='ocr_carea' id='block_1_9' title="bbox 189 1157 1849 1237">
    <p class='ocr_par' dir='ltr' id='par_1_9' title="bbox 189 1157 1849 1237">
     <span class='ocr_line' id='line_1_9' title="bbox 189 1157 1849 1237; baseline -0.005 -15"><span class='ocrx_word' id='word_1_52' title='bbox 189 1165 461 1236; x_wconf 88' lang='lat' dir='ltr'><strong>moriam,</strong></span> <span class='ocrx_word' id='word_1_53' title='bbox 488 1168 547 1221; x_wconf 91' lang='lat' dir='ltr'><strong>et</strong></span> <span class='ocrx_word' id='word_1_54' title='bbox 573 1179 680 1237; x_wconf 91' lang='lat' dir='ltr'><strong>pro</strong></span> <span class='ocrx_word' id='word_1_55' title='bbox 703 1162 817 1220; x_wconf 75' lang='lat' dir='ltr'><strong>ﬁde</strong></span> <span class='ocrx_word' id='word_1_56' title='bbox 840 1161 1220 1236; x_wconf 87' lang='lat' dir='ltr'><strong>apostolicam</strong></span> <span class='ocrx_word' id='word_1_57' title='bbox 1252 1160 1661 1229; x_wconf 88' lang='lat' dir='ltr'><strong>constantiam,</strong></span> <span class='ocrx_word' id='word_1_58' title='bbox 1690 1157 1849 1215; x_wconf 89' lang='lat' dir='ltr'><strong>Chri-</strong></span> 
     </span>
    </p>
   </div>
   <div class='ocr_carea' id='block_1_10' title="bbox 192 1247 1847 1324">
    <p class='ocr_par' dir='ltr' id='par_1_10' title="bbox 192 1247 1847 1324">
     <span class='ocr_line' id='line_1_10' title="bbox 192 1247 1847 1324; baseline -0.006 -11"><span class='ocrx_word' id='word_1_59' title='bbox 192 1254 374 1313; x_wconf 86' lang='lat' dir='ltr'><strong>stiani</strong></span> <span class='ocrx_word' id='word_1_60' title='bbox 409 1253 752 1324; x_wconf 87' lang='lat' dir='ltr'><strong>ecclesiam,</strong></span> <span class='ocrx_word' id='word_1_61' title='bbox 783 1252 1221 1309; x_wconf 84' lang='lat' dir='ltr'><strong>venerationem</strong></span> <span class='ocrx_word' id='word_1_62' title='bbox 1251 1250 1379 1320; x_wconf 88' lang='lat' dir='ltr'><strong>ejus</strong></span> <span class='ocrx_word' id='word_1_63' title='bbox 1421 1250 1750 1319; x_wconf 87' lang='lat' dir='ltr'><strong>gestantem</strong></span> <span class='ocrx_word' id='word_1_64' title='bbox 1790 1247 1847 1303; x_wconf 92' lang='lat' dir='ltr'><strong>in</strong></span> 
     </span>
    </p>
   </div>
   <div class='ocr_carea' id='block_1_11' title="bbox 193 1337 1847 1416">
    <p class='ocr_par' dir='ltr' id='par_1_11' title="bbox 193 1337 1847 1416">
     <span class='ocr_line' id='line_1_11' title="bbox 193 1337 1847 1416; baseline -0.006 -14"><span class='ocrx_word' id='word_1_65' title='bbox 193 1344 545 1416; x_wconf 89' lang='lat' dir='ltr'><strong>supradicto</strong></span> <span class='ocrx_word' id='word_1_66' title='bbox 590 1342 721 1400; x_wconf 94' lang='lat' dir='ltr'><strong>loco</strong></span> <span class='ocrx_word' id='word_1_67' title='bbox 762 1344 898 1398; x_wconf 86' lang='lat' dir='ltr'><strong>ante</strong></span> <span class='ocrx_word' id='word_1_68' title='bbox 931 1344 1156 1413; x_wconf 88' lang='lat' dir='ltr'><strong>portam</strong></span> <span class='ocrx_word' id='word_1_69' title='bbox 1190 1340 1446 1395; x_wconf 88' lang='lat' dir='ltr'><strong>Latinam</strong></span> <span class='ocrx_word' id='word_1_70' title='bbox 1480 1337 1763 1410; x_wconf 89' lang='lat' dir='ltr'><strong>praclaro</strong></span> <span class='ocrx_word' id='word_1_71' title='bbox 1790 1340 1847 1393; x_wconf 88' lang='lat' dir='ltr'><strong>et</strong></span> 
     </span>
    </p>
   </div>
   <div class='ocr_carea' id='block_1_12' title="bbox 197 1430 1850 1507">
    <p class='ocr_par' dir='ltr' id='par_1_12' title="bbox 197 1430 1850 1507">
     <span class='ocr_line' id='line_1_12' title="bbox 197 1430 1850 1507; baseline -0.005 -16"><span class='ocrx_word' id='word_1_72' title='bbox 197 1435 345 1491; x_wconf 89' lang='lat' dir='ltr'><strong>miro</strong></span> <span class='ocrx_word' id='word_1_73' title='bbox 366 1448 551 1507; x_wconf 91' lang='lat' dir='ltr'><strong>opere</strong></span> <span class='ocrx_word' id='word_1_74' title='bbox 574 1434 1056 1501; x_wconf 88' lang='lat' dir='ltr'><strong>construxerunt,</strong></span> <span class='ocrx_word' id='word_1_75' title='bbox 1076 1430 1174 1487; x_wconf 91' lang='lat' dir='ltr'><strong>ubi</strong></span> <span class='ocrx_word' id='word_1_76' title='bbox 1201 1430 1474 1485; x_wconf 89' lang='lat' dir='ltr'><strong>festivum</strong></span> <span class='ocrx_word' id='word_1_77' title='bbox 1498 1441 1850 1485; x_wconf 87' lang='lat' dir='ltr'><strong>concursum</strong></span> 
     </span>
    </p>
   </div>
   <div class='ocr_carea' id='block_1_13' title="bbox 197 1518 1544 1591">
    <p class='ocr_par' dir='ltr' id='par_1_13' title="bbox 197 1518 1544 1591">
     <span class='ocr_line' id='line_1_13' title="bbox 197 1518 1544 1591; baseline -0.004 -11"><span class='ocrx_word' id='word_1_78' title='bbox 197 1523 530 1581; x_wconf 84' lang='lat' dir='ltr'><strong>undecimo.</strong></span> <span class='ocrx_word' id='word_1_79' title='bbox 564 1523 687 1580; x_wconf 91' lang='lat' dir='ltr'><strong>Non</strong></span> <span class='ocrx_word' id='word_1_80' title='bbox 716 1520 843 1577; x_wconf 76' lang='lat' dir='ltr'><strong>Maii</strong></span> <span class='ocrx_word' id='word_1_81' title='bbox 878 1533 1066 1591; x_wconf 90' lang='lat' dir='ltr'><strong>usque</strong></span> <span class='ocrx_word' id='word_1_82' title='bbox 1098 1518 1269 1575; x_wconf 90' lang='lat' dir='ltr'><strong>hodie</strong></span> <span class='ocrx_word' id='word_1_83' title='bbox 1303 1518 1544 1574; x_wconf 84' lang='lat' dir='ltr'><strong>faciunt.</strong></span> 
     </span>
    </p>
   </div>
   <div class='ocr_carea' id='block_1_14' title="bbox 269 1638 1847 1716">
    <p class='ocr_par' dir='ltr' id='par_1_14' title="bbox 269 1638 1847 1716">
     <span class='ocr_line' id='line_1_14' title="bbox 269 1638 1847 1716; baseline -0.005 -13"><span class='ocrx_word' id='word_1_84' title='bbox 269 1646 484 1703; x_wconf 83' lang='lat' dir='ltr'><strong>Eodem</strong></span> <span class='ocrx_word' id='word_1_85' title='bbox 541 1646 656 1716; x_wconf 90' lang='lat' dir='ltr'><strong>die,</strong></span> <span class='ocrx_word' id='word_1_86' title='bbox 712 1644 866 1701; x_wconf 85' lang='lat' dir='ltr'><strong>beati</strong></span> <span class='ocrx_word' id='word_1_87' title='bbox 914 1642 1133 1713; x_wconf 91' lang='lat' dir='ltr'><strong>Evodii,</strong></span> <span class='ocrx_word' id='word_1_88' title='bbox 1188 1640 1513 1697; x_wconf 92' lang='lat' dir='ltr'><strong>Antiochia</strong></span> <span class='ocrx_word' id='word_1_89' title='bbox 1567 1638 1847 1713; x_wconf 87' lang='lat' dir='ltr'><strong>episcopi,</strong></span> 
     </span>
    </p>
   </div>
   <div class='ocr_carea' id='block_1_15' title="bbox 212 1728 1855 1808">
    <p class='ocr_par' dir='ltr' id='par_1_15' title="bbox 212 1728 1855 1808">
     <span class='ocr_line' id='line_1_15' title="bbox 212 1728 1855 1808; baseline -0.005 -15"><span class='ocrx_word' id='word_1_90' title='bbox 212 1736 304 1807; x_wconf 88' lang='lat' dir='ltr'><strong>qui</strong></span> <span class='ocrx_word' id='word_1_91' title='bbox 344 1737 573 1808; x_wconf 89' lang='lat' dir='ltr'><strong>primus</strong></span> <span class='ocrx_word' id='word_1_92' title='bbox 616 1735 688 1791; x_wconf 89' lang='lat' dir='ltr'><strong>ab</strong></span> <span class='ocrx_word' id='word_1_93' title='bbox 729 1731 1016 1807; x_wconf 91' lang='lat' dir='ltr'><strong>apostolis</strong></span> <span class='ocrx_word' id='word_1_94' title='bbox 1055 1741 1082 1770; x_wconf 77' lang='grc' dir='ltr'><strong>ιι</strong></span> <span class='ocrx_word' id='word_1_95' title='bbox 1124 1732 1202 1788; x_wconf 88' lang='lat' dir='ltr'><strong>ibi</strong></span> <span class='ocrx_word' id='word_1_96' title='bbox 1234 1735 1325 1789; x_wconf 93' lang='lat' dir='ltr'><strong>est</strong></span> <span class='ocrx_word' id='word_1_97' title='bbox 1358 1730 1672 1805; x_wconf 91' lang='lat' dir='ltr'><strong>cpiscopus</strong></span> <span class='ocrx_word' id='word_1_98' title='bbox 1702 1728 1855 1786; x_wconf 92' lang='lat' dir='ltr'><strong>ordi-</strong></span> 
     </span>
    </p>
   </div>
   <div class='ocr_carea' id='block_1_16' title="bbox 212 1830 394 1883">
    <p class='ocr_par' dir='ltr' id='par_1_16' title="bbox 212 1830 394 1883">
     <span class='ocr_line' id='line_1_16' title="bbox 212 1830 394 1883; baseline -0.005 0"><span class='ocrx_word' id='word_1_99' title='bbox 212 1830 394 1883; x_wconf 89' lang='lat' dir='ltr'><strong>natus.</strong></span> 
     </span>
    </p>
   </div>
   <div class='ocr_carea' id='block_1_17' title="bbox 282 1927 1851 2003">
    <p class='ocr_par' dir='ltr' id='par_1_17' title="bbox 282 1927 1851 2003">
     <span class='ocr_line' id='line_1_17' title="bbox 282 1927 1851 2003; baseline -0.004 -14"><span class='ocrx_word' id='word_1_100' title='bbox 282 1935 418 1990; x_wconf 85' lang='lat' dir='ltr'><strong>item</strong></span> <span class='ocrx_word' id='word_1_101' title='bbox 452 1933 611 1990; x_wconf 85' lang='lat' dir='ltr'><strong>beati</strong></span> <span class='ocrx_word' id='word_1_102' title='bbox 645 1932 801 1989; x_wconf 89' lang='lat' dir='ltr'><strong>Lucii</strong></span> <span class='ocrx_word' id='word_1_103' title='bbox 833 1929 1203 2003; x_wconf 79' lang='lat' dir='ltr'><strong>Cyrenensis,</strong></span> <span class='ocrx_word' id='word_1_104' title='bbox 1249 1930 1346 2001; x_wconf 90' lang='lat' dir='ltr'><strong>qui</strong></span> <span class='ocrx_word' id='word_1_105' title='bbox 1390 1927 1541 2001; x_wconf 90' lang='lat' dir='ltr'><strong>apud</strong></span> <span class='ocrx_word' id='word_1_106' title='bbox 1572 1929 1851 1999; x_wconf 89' lang='lat' dir='ltr'><strong>Cyrenem</strong></span> 
     </span>
    </p>
   </div>
   <div class='ocr_carea' id='block_1_18' title="bbox 225 2018 1848 2096">
    <p class='ocr_par' dir='ltr' id='par_1_18' title="bbox 225 2018 1848 2096">
     <span class='ocr_line' id='line_1_18' title="bbox 225 2018 1848 2096; baseline -0.005 -17"><span class='ocrx_word' id='word_1_107' title='bbox 225 2024 429 2096; x_wconf 87' lang='lat' dir='ltr'><strong>primus</strong></span> <span class='ocrx_word' id='word_1_108' title='bbox 451 2023 773 2094; x_wconf 90' lang='lat' dir='ltr'><strong>episcopus</strong></span> <span class='ocrx_word' id='word_1_109' title='bbox 793 2037 821 2077; x_wconf 92' lang='lat' dir='ltr'><strong>a</strong></span> <span class='ocrx_word' id='word_1_110' title='bbox 843 2020 1066 2078; x_wconf 78' lang='lat' dir='ltr'><strong>sanctis</strong></span> <span class='ocrx_word' id='word_1_111' title='bbox 1091 2018 1375 2091; x_wconf 82' lang='lat' dir='ltr'><strong>apostolis</strong></span> <span class='ocrx_word' id='word_1_112' title='bbox 1401 2018 1714 2075; x_wconf 90' lang='lat' dir='ltr'><strong>institutus</strong></span> <span class='ocrx_word' id='word_1_113' title='bbox 1735 2019 1848 2086; x_wconf 92' lang='lat' dir='ltr'><strong>est,</strong></span> 
     </span>
    </p>
   </div>
   <div class='ocr_carea' id='block_1_19' title="bbox 230 2108 1855 2183">
    <p class='ocr_par' dir='ltr' id='par_1_19' title="bbox 230 2108 1855 2183">
     <span class='ocr_line' id='line_1_19' title="bbox 230 2108 1855 2183; baseline -0.005 -14"><span class='ocrx_word' id='word_1_114' title='bbox 230 2128 379 2183; x_wconf 88' lang='lat' dir='ltr'><strong>quem</strong></span> <span class='ocrx_word' id='word_1_115' title='bbox 412 2112 465 2168; x_wconf 90' lang='lat' dir='ltr'><strong>in</strong></span> <span class='ocrx_word' id='word_1_116' title='bbox 501 2111 751 2169; x_wconf 81' lang='lat' dir='ltr'><strong>Actibus</strong></span> <span class='ocrx_word' id='word_1_117' title='bbox 783 2110 1180 2183; x_wconf 90' lang='lat' dir='ltr'><strong>apostolorum</strong></span> <span class='ocrx_word' id='word_1_118' title='bbox 1213 2112 1457 2165; x_wconf 87' lang='lat' dir='ltr'><strong>sanctus</strong></span> <span class='ocrx_word' id='word_1_119' title='bbox 1488 2108 1673 2165; x_wconf 90' lang='lat' dir='ltr'><strong>Lucas</strong></span> <span class='ocrx_word' id='word_1_120' title='bbox 1702 2120 1855 2163; x_wconf 90' lang='lat' dir='ltr'><strong>com-</strong></span> 
     </span>
    </p>
   </div>
   <div class='ocr_carea' id='block_1_20' title="bbox 233 2206 505 2258">
    <p class='ocr_par' dir='ltr' id='par_1_20' title="bbox 233 2206 505 2258">
     <span class='ocr_line' id='line_1_20' title="bbox 233 2206 505 2258; baseline 0.004 -1"><span class='ocrx_word' id='word_1_121' title='bbox 233 2206 505 2258; x_wconf 84' lang='lat' dir='ltr'><strong>memorat.</strong></span> 
     </span>
    </p>
   </div>
   <div class='ocr_carea' id='block_1_21' title="bbox 783 2320 1283 2378">
    <p class='ocr_par' dir='ltr' id='par_1_21' title="bbox 783 2320 1283 2378">
     <span class='ocr_line' id='line_1_21' title="bbox 783 2320 1283 2378; baseline -0.004 0"><span class='ocrx_word' id='word_1_122' title='bbox 783 2325 845 2378; x_wconf 76' lang='lat' dir='ltr'><strong>A2</strong></span> <span class='ocrx_word' id='word_1_123' title='bbox 873 2320 1084 2377; x_wconf 73' lang='lat' dir='ltr'><strong>NONIS</strong></span> <span class='ocrx_word' id='word_1_124' title='bbox 1115 2321 1283 2377; x_wconf 80' lang='lat' dir='ltr'><strong>MAII.</strong></span> 
     </span>
    </p>
   </div>
   <div class='ocr_carea' id='block_1_22' title="bbox 893 2462 1181 2536">
    <p class='ocr_par' dir='ltr' id='par_1_22' title="bbox 893 2462 1181 2536">
     <span class='ocr_line' id='line_1_22' title="bbox 893 2462 1181 2536; baseline -0.01 -15"><span class='ocrx_word' id='word_1_125' title='bbox 893 2466 950 2531; x_wconf 90' lang='lat'><strong>(7</strong></span> <span class='ocrx_word' id='word_1_126' title='bbox 978 2462 1181 2536; x_wconf 75' lang='lat' dir='ltr'><strong>Maii.)</strong></span> 
     </span>
    </p>
   </div>
   <div class='ocr_carea' id='block_1_23' title="bbox 298 2604 1380 2676">
    <p class='ocr_par' dir='ltr' id='par_1_23' title="bbox 298 2604 1380 2676">
     <span class='ocr_line' id='line_1_23' title="bbox 298 2604 1380 2676; baseline -0.004 -11"><span class='ocrx_word' id='word_1_127' title='bbox 298 2609 499 2665; x_wconf 76' lang='lat' dir='ltr'><strong>Natalis</strong></span> <span class='ocrx_word' id='word_1_128' title='bbox 530 2608 721 2664; x_wconf 86' lang='lat' dir='ltr'><strong>sancti</strong></span> <span class='ocrx_word' id='word_1_129' title='bbox 756 2605 1054 2663; x_wconf 75' lang='lat' dir='ltr'><strong>Iuvenalis</strong></span> <span class='ocrx_word' id='word_1_130' title='bbox 1088 2604 1380 2676; x_wconf 82' lang='lat' dir='ltr'><strong>martyris.</strong></span> 
     </span>
    </p>
   </div>
   <div class='ocr_carea' id='block_1_24' title="bbox 302 2725 1858 2801">
    <p class='ocr_par' dir='ltr' id='par_1_24' title="bbox 302 2725 1858 2801">
     <span class='ocr_line' id='line_1_24' title="bbox 302 2725 1858 2801; baseline -0.004 -11"><span class='ocrx_word' id='word_1_131' title='bbox 302 2734 362 2789; x_wconf 82' lang='lat' dir='ltr'><strong>Et</strong></span> <span class='ocrx_word' id='word_1_132' title='bbox 400 2732 756 2789; x_wconf 70' lang='lat' dir='ltr'><strong>beatissime</strong></span> <span class='ocrx_word' id='word_1_133' title='bbox 796 2734 972 2801; x_wconf 84' lang='lat' dir='ltr'><strong>atque</strong></span> <span class='ocrx_word' id='word_1_134' title='bbox 1014 2727 1436 2786; x_wconf 89' lang='lat' dir='ltr'><strong>illustrissima</strong></span> <span class='ocrx_word' id='word_1_135' title='bbox 1484 2727 1583 2784; x_wconf 91' lang='lat' dir='ltr'><strong>Dei</strong></span> <span class='ocrx_word' id='word_1_136' title='bbox 1630 2725 1858 2785; x_wconf 84' lang='lat' dir='ltr'><strong>famula</strong></span> 
     </span>
    </p>
   </div>
   <div class='ocr_carea' id='block_1_25' title="bbox 246 2816 1858 2885">
    <p class='ocr_par' dir='ltr' id='par_1_25' title="bbox 246 2816 1858 2885">
     <span class='ocr_line' id='line_1_25' title="bbox 246 2816 1858 2885; baseline -0.002 -8"><span class='ocrx_word' id='word_1_137' title='bbox 246 2820 428 2878; x_wconf 83' lang='lat' dir='ltr'><strong>Flavia</strong></span> <span class='ocrx_word' id='word_1_138' title='bbox 449 2819 758 2878; x_wconf 90' lang='lat' dir='ltr'><strong>Domitilla</strong></span> <span class='ocrx_word' id='word_1_139' title='bbox 773 2819 818 2875; x_wconf 75' lang='grc' dir='ltr'><strong>δ.</strong></span> <span class='ocrx_word' id='word_1_140' title='bbox 842 2818 979 2885; x_wconf 87' lang='lat' dir='ltr'><strong>Qua</strong></span> <span class='ocrx_word' id='word_1_141' title='bbox 1001 2833 1131 2874; x_wconf 92' lang='lat' dir='ltr'><strong>cum</strong></span> <span class='ocrx_word' id='word_1_142' title='bbox 1153 2822 1313 2874; x_wconf 87' lang='lat' dir='ltr'><strong>esset</strong></span> <span class='ocrx_word' id='word_1_143' title='bbox 1340 2816 1517 2874; x_wconf 84' lang='lat' dir='ltr'><strong>Flavii</strong></span> <span class='ocrx_word' id='word_1_144' title='bbox 1542 2816 1858 2873; x_wconf 89' lang='lat' dir='ltr'><strong>Clementis</strong></span> 
     </span>
    </p>
   </div>
   <div class='ocr_carea' id='block_1_26' title="bbox 247 2904 1860 2980">
    <p class='ocr_par' dir='ltr' id='par_1_26' title="bbox 247 2904 1860 2980">
     <span class='ocr_line' id='line_1_26' title="bbox 247 2904 1860 2980; baseline -0.003 -14"><span class='ocrx_word' id='word_1_145' title='bbox 247 2910 481 2967; x_wconf 88' lang='lat' dir='ltr'><strong>consulis</strong></span> <span class='ocrx_word' id='word_1_146' title='bbox 500 2926 569 2967; x_wconf 90' lang='lat' dir='ltr'><strong>ex</strong></span> <span class='ocrx_word' id='word_1_147' title='bbox 591 2924 798 2967; x_wconf 84' lang='lat' dir='ltr'><strong>sorore</strong></span> <span class='ocrx_word' id='word_1_148' title='bbox 825 2908 1037 2980; x_wconf 91' lang='lat' dir='ltr'><strong>neptis,</strong></span> <span class='ocrx_word' id='word_1_149' title='bbox 1064 2911 1122 2963; x_wconf 93' lang='lat' dir='ltr'><strong>et</strong></span> <span class='ocrx_word' id='word_1_150' title='bbox 1155 2922 1183 2963; x_wconf 91' lang='lat' dir='ltr'><strong>a</strong></span> <span class='ocrx_word' id='word_1_151' title='bbox 1215 2911 1421 2963; x_wconf 91' lang='lat' dir='ltr'><strong>sancto</strong></span> <span class='ocrx_word' id='word_1_152' title='bbox 1451 2904 1747 2962; x_wconf 89' lang='lat' dir='ltr'><strong>Clemente</strong></span> <span class='ocrx_word' id='word_1_153' title='bbox 1771 2920 1860 2962; x_wconf 87' lang='lat' dir='ltr'><strong>sa-</strong></span> 
     </span>
    </p>
   </div>
   <div class='ocr_carea' id='block_1_27' title="bbox 246 2995 1862 3068">
    <p class='ocr_par' dir='ltr' id='par_1_27' title="bbox 246 2995 1862 3068">
     <span class='ocr_line' id='line_1_27' title="bbox 246 2995 1862 3068; baseline -0.003 -13"><span class='ocrx_word' id='word_1_154' title='bbox 246 3014 331 3056; x_wconf 87' lang='lat' dir='ltr'><strong>cro</strong></span> <span class='ocrx_word' id='word_1_155' title='bbox 352 2998 620 3056; x_wconf 90' lang='lat' dir='ltr'><strong>velamine</strong></span> <span class='ocrx_word' id='word_1_156' title='bbox 644 2999 714 3056; x_wconf 90' lang='lat' dir='ltr'><strong>ad</strong></span> <span class='ocrx_word' id='word_1_157' title='bbox 741 2998 1101 3067; x_wconf 84' lang='lat' dir='ltr'><strong>integritatis</strong></span> <span class='ocrx_word' id='word_1_158' title='bbox 1128 2995 1627 3068; x_wconf 83' lang='lat' dir='ltr'><strong>perseverantiam</strong></span> <span class='ocrx_word' id='word_1_159' title='bbox 1658 3008 1862 3051; x_wconf 89' lang='lat' dir='ltr'><strong>conse-</strong></span> 
     </span>
    </p>
   </div>
   <div class='ocr_carea' id='block_1_28' title="bbox 249 3084 1861 3161">
    <p class='ocr_par' dir='ltr' id='par_1_28' title="bbox 249 3084 1861 3161">
     <span class='ocr_line' id='line_1_28' title="bbox 249 3084 1861 3161; baseline -0.003 -16"><span class='ocrx_word' id='word_1_160' title='bbox 249 3097 406 3160; x_wconf 84' lang='lat' dir='ltr'><strong>erata,</strong></span> <span class='ocrx_word' id='word_1_161' title='bbox 450 3089 860 3161; x_wconf 89' lang='lat' dir='ltr'><strong>persecutione</strong></span> <span class='ocrx_word' id='word_1_162' title='bbox 908 3086 1236 3155; x_wconf 88' lang='lat' dir='ltr'><strong>Domitiani,</strong></span> <span class='ocrx_word' id='word_1_163' title='bbox 1290 3100 1438 3142; x_wconf 93' lang='lat' dir='ltr'><strong>anno</strong></span> <span class='ocrx_word' id='word_1_164' title='bbox 1497 3084 1861 3156; x_wconf 80' lang='lat' dir='ltr'><strong>principatus</strong></span> 
     </span>
    </p>
   </div>
   <div class='ocr_carea' id='block_1_29' title="bbox 253 3173 1865 3250">
    <p class='ocr_par' dir='ltr' id='par_1_29' title="bbox 253 3173 1865 3250">
     <span class='ocr_line' id='line_1_29' title="bbox 253 3173 1865 3250; baseline -0.003 -16"><span class='ocrx_word' id='word_1_165' title='bbox 253 3178 357 3248; x_wconf 80' lang='lat' dir='ltr'><strong>eius</strong></span> <span class='ocrx_word' id='word_1_166' title='bbox 385 3181 579 3250; x_wconf 88' lang='lat' dir='ltr'><strong>quinto</strong></span> <span class='ocrx_word' id='word_1_167' title='bbox 608 3178 854 3248; x_wconf 91' lang='lat' dir='ltr'><strong>decimo,</strong></span> <span class='ocrx_word' id='word_1_168' title='bbox 889 3177 963 3233; x_wconf 94' lang='lat' dir='ltr'><strong>ob</strong></span> <span class='ocrx_word' id='word_1_169' title='bbox 994 3175 1395 3232; x_wconf 90' lang='lat' dir='ltr'><strong>testimonium</strong></span> <span class='ocrx_word' id='word_1_170' title='bbox 1437 3174 1589 3246; x_wconf 89' lang='lat' dir='ltr'><strong>quod</strong></span> <span class='ocrx_word' id='word_1_171' title='bbox 1633 3173 1865 3230; x_wconf 89' lang='lat' dir='ltr'><strong>Christo</strong></span> 
     </span>
    </p>
   </div>
   <div class='ocr_carea' id='block_1_30' title="bbox 255 3264 1865 3340">
    <p class='ocr_par' dir='ltr' id='par_1_30' title="bbox 255 3264 1865 3340">
     <span class='ocr_line' id='line_1_30' title="bbox 255 3264 1865 3340; baseline -0.002 -17"><span class='ocrx_word' id='word_1_172' title='bbox 255 3269 584 3340; x_wconf 87' lang='lat' dir='ltr'><strong>perhibebat,</strong></span> <span class='ocrx_word' id='word_1_173' title='bbox 618 3283 753 3325; x_wconf 91' lang='lat' dir='ltr'><strong>cum</strong></span> <span class='ocrx_word' id='word_1_174' title='bbox 786 3265 917 3322; x_wconf 91' lang='lat' dir='ltr'><strong>aliis</strong></span> <span class='ocrx_word' id='word_1_175' title='bbox 950 3265 1219 3338; x_wconf 85' lang='lat' dir='ltr'><strong>plurimis</strong></span> <span class='ocrx_word' id='word_1_176' title='bbox 1250 3265 1304 3319; x_wconf 91' lang='lat' dir='ltr'><strong>in</strong></span> <span class='ocrx_word' id='word_1_177' title='bbox 1327 3264 1577 3320; x_wconf 90' lang='lat' dir='ltr'><strong>insulam</strong></span> <span class='ocrx_word' id='word_1_178' title='bbox 1602 3264 1865 3320; x_wconf 88' lang='lat' dir='ltr'><strong>Pontiam</strong></span> 
     </span>
    </p>
   </div>
   <div class='ocr_carea' id='block_1_31' title="bbox 254 3351 1862 3429">
    <p class='ocr_par' dir='ltr' id='par_1_31' title="bbox 254 3351 1862 3429">
     <span class='ocr_line' id='line_1_31' title="bbox 254 3351 1862 3429; baseline -0.003 -16"><span class='ocrx_word' id='word_1_179' title='bbox 254 3357 433 3413; x_wconf 75' lang='lat' dir='ltr'><strong>exsilio</strong></span> <span class='ocrx_word' id='word_1_180' title='bbox 468 3357 801 3429; x_wconf 88' lang='lat' dir='ltr'><strong>deportata,</strong></span> <span class='ocrx_word' id='word_1_181' title='bbox 839 3355 1074 3425; x_wconf 88' lang='lat' dir='ltr'><strong>longum</strong></span> <span class='ocrx_word' id='word_1_182' title='bbox 1115 3354 1255 3410; x_wconf 92' lang='lat' dir='ltr'><strong>inibi</strong></span> <span class='ocrx_word' id='word_1_183' title='bbox 1295 3353 1637 3423; x_wconf 82' lang='lat' dir='ltr'><strong>martyrium</strong></span> <span class='ocrx_word' id='word_1_184' title='bbox 1675 3351 1862 3409; x_wconf 86' lang='lat' dir='ltr'><strong>duxit.</strong></span> 
     </span>
    </p>
   </div>
   <div class='ocr_carea' id='block_1_32' title="bbox 255 3443 1867 3542">
    <p class='ocr_par' dir='ltr' id='par_1_32' title="bbox 255 3443 1867 3542">
     <span class='ocr_line' id='line_1_32' title="bbox 255 3443 1867 3542; baseline -0.002 -41"><span class='ocrx_word' id='word_1_185' title='bbox 255 3445 710 3517; x_wconf 82' lang='lat' dir='ltr'><strong>Novissime,cum</strong></span> <span class='ocrx_word' id='word_1_186' title='bbox 736 3444 807 3500; x_wconf 89' lang='lat' dir='ltr'><strong>ab</strong></span> <span class='ocrx_word' id='word_1_187' title='bbox 832 3443 1145 3501; x_wconf 71' lang='lat' dir='ltr'><strong>aureliano</strong></span> <span class='ocrx_word' id='word_1_188' title='bbox 1169 3456 1387 3513; x_wconf 90' lang='lat' dir='ltr'><strong>sponso</strong></span> <span class='ocrx_word' id='word_1_189' title='bbox 1412 3456 1541 3511; x_wconf 90' lang='lat' dir='ltr'><strong>suo,</strong></span> <span class='ocrx_word' id='word_1_190' title='bbox 1568 3456 1737 3513; x_wconf 88' lang='lat' dir='ltr'><strong>quem</strong></span> <span class='ocrx_word' id='word_1_191' title='bbox 1763 3456 1867 3542; x_wconf 80' lang='lat' dir='ltr'><strong>pro</strong></span> 
     </span>
    </p>
   </div>
   <div class='ocr_carea' id='block_1_33' title="bbox 256 3530 1869 3605">
    <p class='ocr_par' dir='ltr' id='par_1_33' title="bbox 256 3530 1869 3605">
     <span class='ocr_line' id='line_1_33' title="bbox 256 3530 1869 3605; baseline 0 -17"><span class='ocrx_word' id='word_1_192' title='bbox 256 3534 455 3592; x_wconf 88' lang='lat' dir='ltr'><strong>Christo</strong></span> <span class='ocrx_word' id='word_1_193' title='bbox 482 3538 943 3605; x_wconf 90' lang='lat' dir='ltr'><strong>contempserat,</strong></span> <span class='ocrx_word' id='word_1_194' title='bbox 975 3536 1033 3588; x_wconf 91' lang='lat' dir='ltr'><strong>et</strong></span> <span class='ocrx_word' id='word_1_195' title='bbox 1062 3532 1231 3603; x_wconf 87' lang='lat' dir='ltr'><strong>cujus</strong></span> <span class='ocrx_word' id='word_1_196' title='bbox 1254 3530 1633 3587; x_wconf 88' lang='lat' dir='ltr'><strong>accusatione</strong></span> <span class='ocrx_word' id='word_1_197' title='bbox 1656 3530 1869 3588; x_wconf 89' lang='lat' dir='ltr'><strong>exsilio</strong></span> 
     </span>
    </p>
   </div>
   <div class='ocr_carea' id='block_1_34' title="bbox 255 3619 1870 3695">
    <p class='ocr_par' dir='ltr' id='par_1_34' title="bbox 255 3619 1870 3695">
     <span class='ocr_line' id='line_1_34' title="bbox 255 3619 1870 3695; baseline -0.002 -17"><span class='ocrx_word' id='word_1_198' title='bbox 255 3623 414 3681; x_wconf 85' lang='lat' dir='ltr'><strong>fuerat</strong></span> <span class='ocrx_word' id='word_1_199' title='bbox 445 3624 726 3695; x_wconf 85' lang='lat' dir='ltr'><strong>relegata,</strong></span> <span class='ocrx_word' id='word_1_200' title='bbox 759 3620 1047 3678; x_wconf 88' lang='lat' dir='ltr'><strong>translata</strong></span> <span class='ocrx_word' id='word_1_201' title='bbox 1076 3623 1239 3677; x_wconf 88' lang='lat' dir='ltr'><strong>esset</strong></span> <span class='ocrx_word' id='word_1_202' title='bbox 1272 3619 1344 3676; x_wconf 91' lang='lat' dir='ltr'><strong>ad</strong></span> <span class='ocrx_word' id='word_1_203' title='bbox 1376 3619 1744 3676; x_wconf 91' lang='lat' dir='ltr'><strong>Terracinam</strong></span> <span class='ocrx_word' id='word_1_204' title='bbox 1777 3635 1870 3676; x_wconf 88' lang='lat' dir='ltr'><strong>ur-</strong></span> 
     </span>
    </p>
   </div>
   <div class='ocr_carea' id='block_1_35' title="bbox 257 3706 1872 3786">
    <p class='ocr_par' dir='ltr' id='par_1_35' title="bbox 257 3706 1872 3786">
     <span class='ocr_line' id='line_1_35' title="bbox 257 3706 1872 3786; baseline -0.003 -18"><span class='ocrx_word' id='word_1_205' title='bbox 257 3711 361 3769; x_wconf 87' lang='lat' dir='ltr'><strong>bem</strong></span> <span class='ocrx_word' id='word_1_206' title='bbox 389 3713 731 3786; x_wconf 89' lang='lat' dir='ltr'><strong>Campania,</strong></span> <span class='ocrx_word' id='word_1_207' title='bbox 758 3717 819 3767; x_wconf 90' lang='lat' dir='ltr'><strong>et</strong></span> <span class='ocrx_word' id='word_1_208' title='bbox 849 3710 1115 3768; x_wconf 90' lang='lat' dir='ltr'><strong>doctrina</strong></span> <span class='ocrx_word' id='word_1_209' title='bbox 1141 3724 1206 3765; x_wconf 92' lang='lat' dir='ltr'><strong>ac</strong></span> <span class='ocrx_word' id='word_1_210' title='bbox 1230 3706 1531 3764; x_wconf 90' lang='lat' dir='ltr'><strong>miraculis</strong></span> <span class='ocrx_word' id='word_1_211' title='bbox 1553 3707 1739 3779; x_wconf 91' lang='lat' dir='ltr'><strong>primo</strong></span> <span class='ocrx_word' id='word_1_212' title='bbox 1763 3709 1872 3764; x_wconf 89' lang='lat' dir='ltr'><strong>Eu-</strong></span> 
     </span>
    </p>
   </div>
   <div class='ocr_carea' id='block_1_36' title="bbox 258 3796 1871 3873">
    <p class='ocr_par' dir='ltr' id='par_1_36' title="bbox 258 3796 1871 3873">
     <span class='ocr_line' id='line_1_36' title="bbox 258 3796 1871 3873; baseline -0.002 -17"><span class='ocrx_word' id='word_1_213' title='bbox 258 3800 571 3873; x_wconf 85' lang='lat' dir='ltr'><strong>phrosynam</strong></span> <span class='ocrx_word' id='word_1_214' title='bbox 616 3806 675 3858; x_wconf 91' lang='lat' dir='ltr'><strong>et</strong></span> <span class='ocrx_word' id='word_1_215' title='bbox 716 3801 1073 3857; x_wconf 91' lang='lat' dir='ltr'><strong>Theodoram</strong></span> <span class='ocrx_word' id='word_1_216' title='bbox 1116 3796 1515 3855; x_wconf 88' lang='lat' dir='ltr'><strong>collactaneas</strong></span> <span class='ocrx_word' id='word_1_217' title='bbox 1545 3800 1603 3853; x_wconf 91' lang='lat' dir='ltr'><strong>et</strong></span> <span class='ocrx_word' id='word_1_218' title='bbox 1645 3797 1871 3853; x_wconf 91' lang='lat' dir='ltr'><strong>convir-</strong></span> 
     </span>
    </p>
   </div>
   <div class='ocr_carea' id='block_1_37' title="bbox 254 3885 1868 3961">
    <p class='ocr_par' dir='ltr' id='par_1_37' title="bbox 254 3885 1868 3961">
     <span class='ocr_line' id='line_1_37' title="bbox 254 3885 1868 3961; baseline -0.003 -15"><span class='ocrx_word' id='word_1_219' title='bbox 254 3890 452 3958; x_wconf 86' lang='lat' dir='ltr'><strong>ginales</strong></span> <span class='ocrx_word' id='word_1_220' title='bbox 482 3907 642 3961; x_wconf 89' lang='lat' dir='ltr'><strong>suas,</strong></span> <span class='ocrx_word' id='word_1_221' title='bbox 678 3890 887 3947; x_wconf 89' lang='lat' dir='ltr'><strong>deinde</strong></span> <span class='ocrx_word' id='word_1_222' title='bbox 917 3889 1093 3945; x_wconf 92' lang='lat' dir='ltr'><strong>etiam</strong></span> <span class='ocrx_word' id='word_1_223' title='bbox 1136 3886 1283 3944; x_wconf 92' lang='lat' dir='ltr'><strong>alios</strong></span> <span class='ocrx_word' id='word_1_224' title='bbox 1324 3886 1395 3942; x_wconf 88' lang='lat' dir='ltr'><strong>ad</strong></span> <span class='ocrx_word' id='word_1_225' title='bbox 1443 3885 1613 3942; x_wconf 83' lang='lat' dir='ltr'><strong>fidem</strong></span> <span class='ocrx_word' id='word_1_226' title='bbox 1652 3886 1868 3942; x_wconf 89' lang='lat' dir='ltr'><strong>Christi</strong></span> 
     </span>
    </p>
   </div>
   <div class='ocr_carea' id='block_1_38' title="bbox 255 3974 1871 4050">
    <p class='ocr_par' dir='ltr' id='par_1_38' title="bbox 255 3974 1871 4050">
     <span class='ocr_line' id='line_1_38' title="bbox 255 3974 1871 4050; baseline -0.002 -16"><span class='ocrx_word' id='word_1_227' title='bbox 255 3982 639 4050; x_wconf 88' lang='lat' dir='ltr'><strong>convertisset,</strong></span> <span class='ocrx_word' id='word_1_228' title='bbox 668 3980 722 4035; x_wconf 90' lang='lat' dir='ltr'><strong>in</strong></span> <span class='ocrx_word' id='word_1_229' title='bbox 755 3993 821 4035; x_wconf 89' lang='lat' dir='ltr'><strong>er</strong></span> <span class='ocrx_word' id='word_1_230' title='bbox 852 3993 981 4049; x_wconf 86' lang='lat' dir='ltr'><strong>qua</strong></span> <span class='ocrx_word' id='word_1_231' title='bbox 1013 3976 1318 4047; x_wconf 88' lang='lat' dir='ltr'><strong>magnalia,</strong></span> <span class='ocrx_word' id='word_1_232' title='bbox 1344 3975 1520 4031; x_wconf 89' lang='lat' dir='ltr'><strong>etiam</strong></span> <span class='ocrx_word' id='word_1_233' title='bbox 1551 3974 1871 4046; x_wconf 85' lang='lat' dir='ltr'><strong>pradictus</strong></span> 
     </span>
    </p>
   </div>
   <div class='ocr_carea' id='block_1_39' title="bbox 252 4062 1873 4138">
    <p class='ocr_par' dir='ltr' id='par_1_39' title="bbox 252 4062 1873 4138">
     <span class='ocr_line' id='line_1_39' title="bbox 252 4062 1873 4138; baseline -0.002 -15"><span class='ocrx_word' id='word_1_234' title='bbox 252 4068 576 4126; x_wconf 77' lang='lat' dir='ltr'><strong>Aurelianus</strong></span> <span class='ocrx_word' id='word_1_235' title='bbox 590 4066 1016 4125; x_wconf 86' lang='lat' dir='ltr'><strong>infestissimus</strong></span> <span class='ocrx_word' id='word_1_236' title='bbox 1032 4068 1381 4138; x_wconf 89' lang='lat' dir='ltr'><strong>persecutor</strong></span> <span class='ocrx_word' id='word_1_237' title='bbox 1396 4062 1746 4135; x_wconf 88' lang='lat' dir='ltr'><strong>ejus,divina</strong></span> <span class='ocrx_word' id='word_1_238' title='bbox 1760 4062 1873 4120; x_wconf 92' lang='lat' dir='ltr'><strong>vir-</strong></span> 
     </span>
    </p>
   </div>
   <div class='ocr_carea' id='block_1_40' title="bbox 250 4151 1873 4223">
    <p class='ocr_par' dir='ltr' id='par_1_40' title="bbox 250 4151 1873 4223">
     <span class='ocr_line' id='line_1_40' title="bbox 250 4151 1873 4223; baseline -0.001 -12"><span class='ocrx_word' id='word_1_239' title='bbox 250 4159 364 4214; x_wconf 87' lang='lat' dir='ltr'><strong>tute</strong></span> <span class='ocrx_word' id='word_1_240' title='bbox 389 4158 721 4215; x_wconf 84' lang='lat' dir='ltr'><strong>exstinctus</strong></span> <span class='ocrx_word' id='word_1_241' title='bbox 751 4159 879 4222; x_wconf 88' lang='lat' dir='ltr'><strong>est;</strong></span> <span class='ocrx_word' id='word_1_242' title='bbox 909 4170 941 4212; x_wconf 93' lang='lat' dir='ltr'><strong>a</strong></span> <span class='ocrx_word' id='word_1_243' title='bbox 974 4153 1223 4212; x_wconf 90' lang='lat' dir='ltr'><strong>Luxorio</strong></span> <span class='ocrx_word' id='word_1_244' title='bbox 1256 4154 1438 4209; x_wconf 82' lang='lat' dir='ltr'><strong>fratre</strong></span> <span class='ocrx_word' id='word_1_245' title='bbox 1474 4152 1602 4223; x_wconf 91' lang='lat' dir='ltr'><strong>ejus</strong></span> <span class='ocrx_word' id='word_1_246' title='bbox 1635 4151 1873 4209; x_wconf 89' lang='lat' dir='ltr'><strong>incenso</strong></span> 
     </span>
    </p>
   </div>
   <div class='ocr_carea' id='block_1_41' title="bbox 246 4239 1872 4317">
    <p class='ocr_par' dir='ltr' id='par_1_41' title="bbox 246 4239 1872 4317">
     <span class='ocr_line' id='line_1_41' title="bbox 246 4239 1872 4317; baseline -0.003 -15"><span class='ocrx_word' id='word_1_247' title='bbox 246 4246 573 4304; x_wconf 89' lang='lat' dir='ltr'><strong>cubiculoin</strong></span> <span class='ocrx_word' id='word_1_248' title='bbox 587 4260 703 4317; x_wconf 93' lang='lat' dir='ltr'><strong>quo</strong></span> <span class='ocrx_word' id='word_1_249' title='bbox 716 4242 888 4302; x_wconf 90' lang='lat' dir='ltr'><strong>simul</strong></span> <span class='ocrx_word' id='word_1_250' title='bbox 904 4241 1166 4315; x_wconf 86' lang='lat' dir='ltr'><strong>prafatis</strong></span> <span class='ocrx_word' id='word_1_251' title='bbox 1179 4257 1313 4300; x_wconf 91' lang='lat' dir='ltr'><strong>cum</strong></span> <span class='ocrx_word' id='word_1_252' title='bbox 1337 4239 1724 4312; x_wconf 87' lang='lat' dir='ltr'><strong>virginalibus</strong></span> <span class='ocrx_word' id='word_1_253' title='bbox 1747 4239 1872 4298; x_wconf 90' lang='lat' dir='ltr'><strong>suis</strong></span> 
     </span>
    </p>
   </div>
   <div class='ocr_carea' id='block_1_42' title="bbox 242 4330 1876 4404">
    <p class='ocr_par' dir='ltr' id='par_1_42' title="bbox 242 4330 1876 4404">
     <span class='ocr_line' id='line_1_42' title="bbox 242 4330 1876 4404; baseline -0.003 -11"><span class='ocrx_word' id='word_1_254' title='bbox 242 4332 432 4393; x_wconf 84' lang='lat' dir='ltr'><strong>clausa</strong></span> <span class='ocrx_word' id='word_1_255' title='bbox 446 4336 803 4404; x_wconf 88' lang='lat' dir='ltr'><strong>morabatur,</strong></span> <span class='ocrx_word' id='word_1_256' title='bbox 826 4348 1062 4391; x_wconf 88' lang='lat' dir='ltr'><strong>cursum</strong></span> <span class='ocrx_word' id='word_1_257' title='bbox 1086 4331 1329 4402; x_wconf 90' lang='lat' dir='ltr'><strong>gloriosi</strong></span> <span class='ocrx_word' id='word_1_258' title='bbox 1356 4330 1620 4402; x_wconf 90' lang='lat' dir='ltr'><strong>martyrii</strong></span> <span class='ocrx_word' id='word_1_259' title='bbox 1636 4330 1876 4388; x_wconf 86' lang='lat' dir='ltr'><strong>suicon-</strong></span> 
     </span>
    </p>
   </div>
   <div class='ocr_carea' id='block_1_43' title="bbox 237 4418 1874 4496">
    <p class='ocr_par' dir='ltr' id='par_1_43' title="bbox 237 4418 1874 4496">
     <span class='ocr_line' id='line_1_43' title="bbox 237 4418 1874 4496; baseline -0.003 -14"><span class='ocrx_word' id='word_1_260' title='bbox 237 4425 538 4482; x_wconf 79' lang='lat' dir='ltr'><strong>aummavit</strong></span> <span class='ocrx_word' id='word_1_261' title='bbox 564 4424 677 4482; x_wconf 88' lang='lat' dir='ltr'><strong>sub</strong></span> <span class='ocrx_word' id='word_1_262' title='bbox 699 4422 1111 4496; x_wconf 88' lang='lat' dir='ltr'><strong>persecutione</strong></span> <span class='ocrx_word' id='word_1_263' title='bbox 1132 4419 1393 4493; x_wconf 89' lang='lat' dir='ltr'><strong>Trajani;</strong></span> <span class='ocrx_word' id='word_1_264' title='bbox 1419 4418 1604 4476; x_wconf 89' lang='lat' dir='ltr'><strong>altera</strong></span> <span class='ocrx_word' id='word_1_265' title='bbox 1627 4433 1874 4491; x_wconf 90' lang='lat' dir='ltr'><strong>namque</strong></span> 
     </span>
    </p>
   </div>
   <div class='ocr_carea' id='block_1_44' title="bbox 941 315 2843 381">
    <p class='ocr_par' dir='ltr' id='par_1_44' title="bbox 941 315 2843 381">
     <span class='ocr_line' id='line_1_44' title="bbox 941 315 2843 381; baseline -0.006 1"><span class='ocrx_word' id='word_1_266' title='bbox 941 321 1547 381; x_wconf 77' lang='lat' dir='ltr'><strong>MARTYROLOGIUM</strong></span> <span class='ocrx_word' id='word_1_267' title='bbox 1586 318 1729 380; x_wconf 75' lang='lat' dir='ltr'><strong>CUM</strong></span> <span class='ocrx_word' id='word_1_268' title='bbox 1769 315 2297 377; x_wconf 75' lang='lat' dir='ltr'><strong>ADDITAMENTIS.</strong></span> <span class='ocrx_word' id='word_1_269' title='bbox 2328 347 2400 359; x_wconf 96' lang='lat'>—</span> <span class='ocrx_word' id='word_1_270' title='bbox 2438 316 2638 373; x_wconf 76' lang='lat' dir='ltr'><strong>MENS.</strong></span> <span class='ocrx_word' id='word_1_271' title='bbox 2675 317 2843 372; x_wconf 76' lang='lat' dir='ltr'><strong>MAI].</strong></span> 
     </span>
    </p>
   </div>
   <div class='ocr_carea' id='block_1_45' title="bbox 185 442 1925 522">
    <p class='ocr_par' dir='ltr' id='par_1_45' title="bbox 185 442 1925 522">
     <span class='ocr_line' id='line_1_45' title="bbox 185 442 1925 522; baseline -0.003 -12"><span class='ocrx_word' id='word_1_272' title='bbox 185 451 480 521; x_wconf 84' lang='lat' dir='ltr'><strong>exercuit,</strong></span> <span class='ocrx_word' id='word_1_273' title='bbox 523 449 595 508; x_wconf 91' lang='lat' dir='ltr'><strong>ad</strong></span> <span class='ocrx_word' id='word_1_274' title='bbox 644 449 844 506; x_wconf 88' lang='lat' dir='ltr'><strong>urbem</strong></span> <span class='ocrx_word' id='word_1_275' title='bbox 884 450 1117 505; x_wconf 82' lang='lat' dir='ltr'><strong>Romam</strong></span> <span class='ocrx_word' id='word_1_276' title='bbox 1167 448 1516 522; x_wconf 90' lang='lat' dir='ltr'><strong>perductus,</strong></span> <span class='ocrx_word' id='word_1_277' title='bbox 1560 446 1836 519; x_wconf 88' lang='lat' dir='ltr'><strong>presente</strong></span> <span class='ocrx_word' id='word_1_278' title='bbox 1868 442 1925 505; x_wconf 85' lang='lat' dir='ltr'><strong>A</strong></span> 
     </span>
    </p>
   </div>
   <div class='ocr_carea' id='block_1_46' title="bbox 1877 1803 1931 1863">
    <p class='ocr_par' dir='ltr' id='par_1_46' title="bbox 1877 1803 1931 1863">
     <span class='ocr_line' id='line_1_46' title="bbox 1877 1803 1931 1863; baseline 0 0"><span class='ocrx_word' id='word_1_279' title='bbox 1877 1803 1931 1863; x_wconf 92' lang='grc' dir='ltr'>Β</span> 
     </span>
    </p>
   </div>
   <div class='ocr_carea' id='block_1_47' title="bbox 2473 438 3073 497">
    <p class='ocr_par' dir='ltr' id='par_1_47' title="bbox 2473 438 3073 497">
     <span class='ocr_line' id='line_1_47' title="bbox 2473 438 3073 497; baseline -0.002 0"><span class='ocrx_word' id='word_1_280' title='bbox 2473 442 2531 497; x_wconf 90' lang='grc' dir='ltr'><strong>Β.</strong></span> <span class='ocrx_word' id='word_1_281' title='bbox 2567 442 2690 497; x_wconf 84' lang='lat' dir='ltr'><strong>VIII</strong></span> <span class='ocrx_word' id='word_1_282' title='bbox 2718 439 2877 496; x_wconf 85' lang='lat' dir='ltr'><strong>IDUS</strong></span> <span class='ocrx_word' id='word_1_283' title='bbox 2902 438 3073 496; x_wconf 75' lang='lat' dir='ltr'><strong>MAI].</strong></span> 
     </span>
    </p>
   </div>
   <div class='ocr_carea' id='block_1_48' title="bbox 2634 537 2922 610">
    <p class='ocr_par' dir='ltr' id='par_1_48' title="bbox 2634 537 2922 610">
     <span class='ocr_line' id='line_1_48' title="bbox 2634 537 2922 610; baseline 0 -17"><span class='ocrx_word' id='word_1_284' title='bbox 2634 538 2690 610; x_wconf 73' lang='grc' dir='ltr'><strong>(δ</strong></span> <span class='ocrx_word' id='word_1_285' title='bbox 2717 537 2922 608; x_wconf 76' lang='lat' dir='ltr'><strong>Maii.)</strong></span> 
     </span>
    </p>
   </div>
   <div class='ocr_carea' id='block_1_49' title="bbox 2024 634 3595 707">
    <p class='ocr_par' dir='ltr' id='par_1_49' title="bbox 2024 634 3595 707">
     <span class='ocr_line' id='line_1_49' title="bbox 2024 634 3595 707; baseline 0.001 -14"><span class='ocrx_word' id='word_1_286' title='bbox 2024 645 2049 676; x_wconf 82' lang='grc' dir='ltr'><strong>ο</strong></span> <span class='ocrx_word' id='word_1_287' title='bbox 2078 635 2403 707; x_wconf 81' lang='lat' dir='ltr'><strong>Mediolani,</strong></span> <span class='ocrx_word' id='word_1_288' title='bbox 2422 635 2878 693; x_wconf 86' lang='lat' dir='ltr'><strong>sanctiVictoris</strong></span> <span class='ocrx_word' id='word_1_289' title='bbox 2902 634 3212 705; x_wconf 90' lang='lat' dir='ltr'><strong>martyris:</strong></span> <span class='ocrx_word' id='word_1_290' title='bbox 3241 635 3337 707; x_wconf 87' lang='lat' dir='ltr'><strong>qui</strong></span> <span class='ocrx_word' id='word_1_291' title='bbox 3363 636 3595 695; x_wconf 88' lang='lat' dir='ltr'><strong>natione</strong></span> 
     </span>
    </p>
   </div>
   <div class='ocr_carea' id='block_1_50' title="bbox 1955 724 3595 797">
    <p class='ocr_par' dir='ltr' id='par_1_50' title="bbox 1955 724 3595 797">
     <span class='ocr_line' id='line_1_50' title="bbox 1955 724 3595 797; baseline -0.001 -15"><span class='ocrx_word' id='word_1_292' title='bbox 1955 726 2209 797; x_wconf 77' lang='lat' dir='ltr'><strong>Maurus,</strong></span> <span class='ocrx_word' id='word_1_293' title='bbox 2237 730 2293 782; x_wconf 91' lang='lat' dir='ltr'><strong>et</strong></span> <span class='ocrx_word' id='word_1_294' title='bbox 2319 742 2348 782; x_wconf 90' lang='lat' dir='ltr'><strong>a</strong></span> <span class='ocrx_word' id='word_1_295' title='bbox 2375 725 2647 797; x_wconf 87' lang='lat' dir='ltr'><strong>primava</strong></span> <span class='ocrx_word' id='word_1_296' title='bbox 2671 729 2845 781; x_wconf 89' lang='lat' dir='ltr'><strong>atate</strong></span> <span class='ocrx_word' id='word_1_297' title='bbox 2869 724 3258 795; x_wconf 89' lang='lat' dir='ltr'><strong>Christianus,</strong></span> <span class='ocrx_word' id='word_1_298' title='bbox 3283 739 3413 781; x_wconf 90' lang='lat' dir='ltr'><strong>cum</strong></span> <span class='ocrx_word' id='word_1_299' title='bbox 3436 729 3595 782; x_wconf 91' lang='lat' dir='ltr'><strong>esset</strong></span> 
     </span>
    </p>
   </div>
   <div class='ocr_carea' id='block_1_51' title="bbox 1958 812 3600 885">
    <p class='ocr_par' dir='ltr' id='par_1_51' title="bbox 1958 812 3600 885">
     <span class='ocr_line' id='line_1_51' title="bbox 1958 812 3600 885; baseline 0 -16"><span class='ocrx_word' id='word_1_300' title='bbox 1958 814 2013 870; x_wconf 91' lang='lat' dir='ltr'><strong>in</strong></span> <span class='ocrx_word' id='word_1_301' title='bbox 2045 815 2261 871; x_wconf 92' lang='lat' dir='ltr'><strong>castris</strong></span> <span class='ocrx_word' id='word_1_302' title='bbox 2285 812 2708 885; x_wconf 89' lang='lat' dir='ltr'><strong>imperialibus,</strong></span> <span class='ocrx_word' id='word_1_303' title='bbox 2737 812 2904 868; x_wconf 89' lang='lat' dir='ltr'><strong>miles</strong></span> <span class='ocrx_word' id='word_1_304' title='bbox 2926 812 3101 868; x_wconf 89' lang='lat' dir='ltr'><strong>etiam</strong></span> <span class='ocrx_word' id='word_1_305' title='bbox 3126 812 3340 869; x_wconf 90' lang='lat' dir='ltr'><strong>canitie</strong></span> <span class='ocrx_word' id='word_1_306' title='bbox 3363 812 3600 869; x_wconf 88' lang='lat' dir='ltr'><strong>decora-</strong></span> 
     </span>
    </p>
   </div>
   <div class='ocr_carea' id='block_1_52' title="bbox 1955 890 3659 974">
    <p class='ocr_par' dir='ltr' id='par_1_52' title="bbox 1955 890 3659 974">
     <span class='ocr_line' id='line_1_52' title="bbox 1955 890 3659 974; baseline -0.001 -16"><span class='ocrx_word' id='word_1_307' title='bbox 1955 905 2075 974; x_wconf 88' lang='lat' dir='ltr'><strong>tus,</strong></span> <span class='ocrx_word' id='word_1_308' title='bbox 2109 901 2499 973; x_wconf 89' lang='lat' dir='ltr'><strong>compellente</strong></span> <span class='ocrx_word' id='word_1_309' title='bbox 2530 901 2869 957; x_wconf 84' lang='lat' dir='ltr'><strong>Maximiano</strong></span> <span class='ocrx_word' id='word_1_310' title='bbox 2897 905 2959 957; x_wconf 91' lang='lat' dir='ltr'><strong>ut</strong></span> <span class='ocrx_word' id='word_1_311' title='bbox 3001 899 3362 957; x_wconf 85' lang='lat' dir='ltr'><strong>sacrificaret</strong></span> <span class='ocrx_word' id='word_1_312' title='bbox 3405 899 3597 972; x_wconf 91' lang='lat' dir='ltr'><strong>idolis,</strong></span> <span class='ocrx_word' id='word_1_313' title='bbox 3654 890 3659 895; x_wconf 71' lang='grc'><strong>’</strong></span> 
     </span>
    </p>
   </div>
   <div class='ocr_carea' id='block_1_53' title="bbox 1957 988 3603 1060">
    <p class='ocr_par' dir='ltr' id='par_1_53' title="bbox 1957 988 3603 1060">
     <span class='ocr_line' id='line_1_53' title="bbox 1957 988 3603 1060; baseline 0.001 -15"><span class='ocrx_word' id='word_1_314' title='bbox 1957 991 2014 1045; x_wconf 93' lang='lat' dir='ltr'><strong>in</strong></span> <span class='ocrx_word' id='word_1_315' title='bbox 2029 991 2396 1047; x_wconf 91' lang='lat' dir='ltr'><strong>confessione</strong></span> <span class='ocrx_word' id='word_1_316' title='bbox 2411 989 2631 1046; x_wconf 91' lang='lat' dir='ltr'><strong>Domini</strong></span> <span class='ocrx_word' id='word_1_317' title='bbox 2649 988 2966 1045; x_wconf 88' lang='lat' dir='ltr'><strong>fortissime</strong></span> <span class='ocrx_word' id='word_1_318' title='bbox 2988 1002 3397 1060; x_wconf 89' lang='lat' dir='ltr'><strong>perseverans,</strong></span> <span class='ocrx_word' id='word_1_319' title='bbox 3416 988 3603 1060; x_wconf 91' lang='lat' dir='ltr'><strong>primo</strong></span> 
     </span>
    </p>
   </div>
   <div class='ocr_carea' id='block_1_54' title="bbox 1955 1077 3602 1150">
    <p class='ocr_par' dir='ltr' id='par_1_54' title="bbox 1955 1077 3602 1150">
     <span class='ocr_line' id='line_1_54' title="bbox 1955 1077 3602 1150; baseline 0 -15"><span class='ocrx_word' id='word_1_320' title='bbox 1955 1079 2217 1150; x_wconf 88' lang='lat' dir='ltr'><strong>graviter</strong></span> <span class='ocrx_word' id='word_1_321' title='bbox 2249 1079 2507 1135; x_wconf 84' lang='lat' dir='ltr'><strong>fustibus</strong></span> <span class='ocrx_word' id='word_1_322' title='bbox 2539 1093 2751 1148; x_wconf 81' lang='lat' dir='ltr'><strong>casus,</strong></span> <span class='ocrx_word' id='word_1_323' title='bbox 2786 1077 2889 1134; x_wconf 89' lang='lat' dir='ltr'><strong>sed</strong></span> <span class='ocrx_word' id='word_1_324' title='bbox 2931 1079 3047 1134; x_wconf 93' lang='lat' dir='ltr'><strong>Deo</strong></span> <span class='ocrx_word' id='word_1_325' title='bbox 3090 1080 3455 1149; x_wconf 88' lang='lat' dir='ltr'><strong>protegente,</strong></span> <span class='ocrx_word' id='word_1_326' title='bbox 3503 1077 3602 1135; x_wconf 93' lang='lat' dir='ltr'><strong>do-</strong></span> 
     </span>
    </p>
   </div>
   <div class='ocr_carea' id='block_1_55' title="bbox 1958 1165 3601 1240">
    <p class='ocr_par' dir='ltr' id='par_1_55' title="bbox 1958 1165 3601 1240">
     <span class='ocr_line' id='line_1_55' title="bbox 1958 1165 3601 1240; baseline 0.001 -17"><span class='ocrx_word' id='word_1_327' title='bbox 1958 1168 2102 1225; x_wconf 92' lang='lat' dir='ltr'><strong>loris</strong></span> <span class='ocrx_word' id='word_1_328' title='bbox 2132 1183 2366 1240; x_wconf 84' lang='lat' dir='ltr'><strong>expers,</strong></span> <span class='ocrx_word' id='word_1_329' title='bbox 2394 1166 2603 1223; x_wconf 88' lang='lat' dir='ltr'><strong>deinde</strong></span> <span class='ocrx_word' id='word_1_330' title='bbox 2633 1167 2877 1237; x_wconf 86' lang='lat' dir='ltr'><strong>liquenti</strong></span> <span class='ocrx_word' id='word_1_331' title='bbox 2905 1165 3139 1238; x_wconf 90' lang='lat' dir='ltr'><strong>plumbo</strong></span> <span class='ocrx_word' id='word_1_332' title='bbox 3167 1167 3464 1238; x_wconf 90' lang='lat' dir='ltr'><strong>perfusus,</strong></span> <span class='ocrx_word' id='word_1_333' title='bbox 3497 1166 3601 1224; x_wconf 88' lang='lat' dir='ltr'><strong>sed</strong></span> 
     </span>
    </p>
   </div>
   <div class='ocr_carea' id='block_1_56' title="bbox 1957 1253 3601 1328">
    <p class='ocr_par' dir='ltr' id='par_1_56' title="bbox 1957 1253 3601 1328">
     <span class='ocr_line' id='line_1_56' title="bbox 1957 1253 3601 1328; baseline -0.001 -14"><span class='ocrx_word' id='word_1_334' title='bbox 1957 1256 2101 1314; x_wconf 92' lang='lat' dir='ltr'><strong>nihil</strong></span> <span class='ocrx_word' id='word_1_335' title='bbox 2144 1257 2379 1328; x_wconf 89' lang='lat' dir='ltr'><strong>penitus</strong></span> <span class='ocrx_word' id='word_1_336' title='bbox 2417 1257 2636 1322; x_wconf 85' lang='lat' dir='ltr'><strong>Iasus;</strong></span> <span class='ocrx_word' id='word_1_337' title='bbox 2687 1256 3003 1327; x_wconf 85' lang='lat' dir='ltr'><strong>novissime</strong></span> <span class='ocrx_word' id='word_1_338' title='bbox 3051 1253 3293 1325; x_wconf 91' lang='lat' dir='ltr'><strong>gloriosi</strong></span> <span class='ocrx_word' id='word_1_339' title='bbox 3337 1255 3601 1327; x_wconf 89' lang='lat' dir='ltr'><strong>martyrii</strong></span> 
     </span>
    </p>
   </div>
   <div class='ocr_carea' id='block_1_57' title="bbox 1960 1343 3602 1417">
    <p class='ocr_par' dir='ltr' id='par_1_57' title="bbox 1960 1343 3602 1417">
     <span class='ocr_line' id='line_1_57' title="bbox 1960 1343 3602 1417; baseline -0.001 -14"><span class='ocrx_word' id='word_1_340' title='bbox 1960 1361 2198 1403; x_wconf 89' lang='lat' dir='ltr'><strong>cursum</strong></span> <span class='ocrx_word' id='word_1_341' title='bbox 2229 1345 2443 1417; x_wconf 89' lang='lat' dir='ltr'><strong>capitis</strong></span> <span class='ocrx_word' id='word_1_342' title='bbox 2476 1344 2808 1401; x_wconf 91' lang='lat' dir='ltr'><strong>abscisione</strong></span> <span class='ocrx_word' id='word_1_343' title='bbox 2851 1343 3184 1415; x_wconf 91' lang='lat' dir='ltr'><strong>complevit.</strong></span> <span class='ocrx_word' id='word_1_344' title='bbox 3229 1344 3365 1401; x_wconf 89' lang='lat' dir='ltr'><strong>Erat</strong></span> <span class='ocrx_word' id='word_1_345' title='bbox 3408 1348 3602 1401; x_wconf 86' lang='lat' dir='ltr'><strong>autem</strong></span> 
     </span>
    </p>
   </div>
   <div class='ocr_carea' id='block_1_58' title="bbox 1960 1429 3604 1502">
    <p class='ocr_par' dir='ltr' id='par_1_58' title="bbox 1960 1429 3604 1502">
     <span class='ocr_line' id='line_1_58' title="bbox 1960 1429 3604 1502; baseline -0.001 -14"><span class='ocrx_word' id='word_1_346' title='bbox 1960 1432 2108 1489; x_wconf 90' lang='lat' dir='ltr'><strong>civis</strong></span> <span class='ocrx_word' id='word_1_347' title='bbox 2141 1435 2479 1488; x_wconf 88' lang='lat' dir='ltr'><strong>sanctorum</strong></span> <span class='ocrx_word' id='word_1_348' title='bbox 2512 1435 2829 1501; x_wconf 87' lang='lat' dir='ltr'><strong>martyrum</strong></span> <span class='ocrx_word' id='word_1_349' title='bbox 2863 1430 3108 1486; x_wconf 88' lang='lat' dir='ltr'><strong>Naboris</strong></span> <span class='ocrx_word' id='word_1_350' title='bbox 3138 1435 3194 1486; x_wconf 90' lang='lat' dir='ltr'><strong>et</strong></span> <span class='ocrx_word' id='word_1_351' title='bbox 3227 1429 3458 1502; x_wconf 85' lang='lat' dir='ltr'><strong>Felicis,</strong></span> <span class='ocrx_word' id='word_1_352' title='bbox 3506 1429 3604 1502; x_wconf 89' lang='lat' dir='ltr'><strong>qui</strong></span> 
     </span>
    </p>
   </div>
   <div class='ocr_carea' id='block_1_59' title="bbox 1962 1518 3605 1590">
    <p class='ocr_par' dir='ltr' id='par_1_59' title="bbox 1962 1518 3605 1590">
     <span class='ocr_line' id='line_1_59' title="bbox 1962 1518 3605 1590; baseline -0.001 -13"><span class='ocrx_word' id='word_1_353' title='bbox 1962 1521 2018 1577; x_wconf 92' lang='lat' dir='ltr'><strong>in</strong></span> <span class='ocrx_word' id='word_1_354' title='bbox 2053 1520 2245 1577; x_wconf 87' lang='lat' dir='ltr'><strong>Africa</strong></span> <span class='ocrx_word' id='word_1_355' title='bbox 2275 1519 2572 1590; x_wconf 88' lang='lat' dir='ltr'><strong>decollati,</strong></span> <span class='ocrx_word' id='word_1_356' title='bbox 2609 1518 2781 1576; x_wconf 92' lang='lat' dir='ltr'><strong>simul</strong></span> <span class='ocrx_word' id='word_1_357' title='bbox 2815 1534 2946 1576; x_wconf 91' lang='lat' dir='ltr'><strong>cum</strong></span> <span class='ocrx_word' id='word_1_358' title='bbox 2974 1519 3250 1577; x_wconf 87' lang='lat' dir='ltr'><strong>Januario</strong></span> <span class='ocrx_word' id='word_1_359' title='bbox 3287 1522 3346 1575; x_wconf 92' lang='lat' dir='ltr'><strong>et</strong></span> <span class='ocrx_word' id='word_1_360' title='bbox 3386 1519 3605 1577; x_wconf 79' lang='lat' dir='ltr'><strong>Marino</strong></span> 
     </span>
    </p>
   </div>
   <div class='ocr_carea' id='block_1_60' title="bbox 1962 1605 2837 1663">
    <p class='ocr_par' dir='ltr' id='par_1_60' title="bbox 1962 1605 2837 1663">
     <span class='ocr_line' id='line_1_60' title="bbox 1962 1605 2837 1663; baseline -0.002 0"><span class='ocrx_word' id='word_1_361' title='bbox 1962 1606 2342 1663; x_wconf 82' lang='lat' dir='ltr'><strong>Mediolanum</strong></span> <span class='ocrx_word' id='word_1_362' title='bbox 2373 1605 2645 1663; x_wconf 89' lang='lat' dir='ltr'><strong>translati</strong></span> <span class='ocrx_word' id='word_1_363' title='bbox 2680 1610 2837 1661; x_wconf 91' lang='lat' dir='ltr'><strong>sunt.</strong></span> 
     </span>
    </p>
   </div>
   <div class='ocr_carea' id='block_1_61' title="bbox 2498 1703 3066 1760">
    <p class='ocr_par' dir='ltr' id='par_1_61' title="bbox 2498 1703 3066 1760">
     <span class='ocr_line' id='line_1_61' title="bbox 2498 1703 3066 1760; baseline 0 0"><span class='ocrx_word' id='word_1_364' title='bbox 2498 1704 2556 1760; x_wconf 92' lang='lat' dir='ltr'><strong>C.</strong></span> <span class='ocrx_word' id='word_1_365' title='bbox 2583 1704 2680 1760; x_wconf 84' lang='lat' dir='ltr'><strong>VII</strong></span> <span class='ocrx_word' id='word_1_366' title='bbox 2711 1703 2871 1759; x_wconf 91' lang='lat' dir='ltr'><strong>IDUS</strong></span> <span class='ocrx_word' id='word_1_367' title='bbox 2898 1703 3066 1760; x_wconf 83' lang='lat' dir='ltr'><strong>MAII.</strong></span> 
     </span>
    </p>
   </div>
   <div class='ocr_carea' id='block_1_62' title="bbox 2638 1802 2927 1875">
    <p class='ocr_par' dir='ltr' id='par_1_62' title="bbox 2638 1802 2927 1875">
     <span class='ocr_line' id='line_1_62' title="bbox 2638 1802 2927 1875; baseline 0.003 -17"><span class='ocrx_word' id='word_1_368' title='bbox 2638 1803 2693 1875; x_wconf 90' lang='lat'><strong>(9</strong></span> <span class='ocrx_word' id='word_1_369' title='bbox 2723 1802 2927 1874; x_wconf 80' lang='lat' dir='ltr'><strong>Maii.)</strong></span> 
     </span>
    </p>
   </div>
   <div class='ocr_carea' id='block_1_63' title="bbox 2033 1902 3599 1974">
    <p class='ocr_par' dir='ltr' id='par_1_63' title="bbox 2033 1902 3599 1974">
     <span class='ocr_line' id='line_1_63' title="bbox 2033 1902 3599 1974; baseline 0.001 -16"><span class='ocrx_word' id='word_1_370' title='bbox 2033 1902 2061 1942; x_wconf 76' lang='grc' dir='ltr'><em>ά</em></span> <span class='ocrx_word' id='word_1_371' title='bbox 2091 1904 2151 1959; x_wconf 93' lang='lat' dir='ltr'><strong>In</strong></span> <span class='ocrx_word' id='word_1_372' title='bbox 2182 1902 2427 1960; x_wconf 88' lang='lat' dir='ltr'><strong>Perside</strong></span> <span class='ocrx_word' id='word_1_373' title='bbox 2460 1906 2797 1959; x_wconf 84' lang='lat' dir='ltr'><strong>sanctorum</strong></span> <span class='ocrx_word' id='word_1_374' title='bbox 2838 1904 3157 1974; x_wconf 89' lang='lat' dir='ltr'><strong>martyrum</strong></span> <span class='ocrx_word' id='word_1_375' title='bbox 3198 1905 3599 1960; x_wconf 89' lang='lat' dir='ltr'><strong>trecentorum</strong></span> 
     </span>
    </p>
   </div>
   <div class='ocr_carea' id='block_1_64' title="bbox 1964 1989 2184 2047">
    <p class='ocr_par' dir='ltr' id='par_1_64' title="bbox 1964 1989 2184 2047">
     <span class='ocr_line' id='line_1_64' title="bbox 1964 1989 2184 2047; baseline -0.009 -2"><span class='ocrx_word' id='word_1_376' title='bbox 1964 1989 2184 2047; x_wconf 91' lang='lat' dir='ltr'><strong>decem.</strong></span> 
     </span>
    </p>
   </div>
   <div class='ocr_carea' id='block_1_65' title="bbox 2032 2075 3605 2148">
    <p class='ocr_par' dir='ltr' id='par_1_65' title="bbox 2032 2075 3605 2148">
     <span class='ocr_line' id='line_1_65' title="bbox 2032 2075 3605 2148; baseline 0.001 -16"><span class='ocrx_word' id='word_1_377' title='bbox 2032 2076 2245 2134; x_wconf 88' lang='lat' dir='ltr'><strong>Eodem</strong></span> <span class='ocrx_word' id='word_1_378' title='bbox 2261 2076 2353 2132; x_wconf 90' lang='lat' dir='ltr'><strong>die</strong></span> <span class='ocrx_word' id='word_1_379' title='bbox 2367 2076 2518 2147; x_wconf 89' lang='lat' dir='ltr'><strong>apud</strong></span> <span class='ocrx_word' id='word_1_380' title='bbox 2544 2075 2813 2132; x_wconf 87' lang='lat' dir='ltr'><strong>Nazianzi</strong></span> <span class='ocrx_word' id='word_1_381' title='bbox 2840 2075 3138 2148; x_wconf 90' lang='lat' dir='ltr'><strong>oppidum,</strong></span> <span class='ocrx_word' id='word_1_382' title='bbox 3158 2076 3315 2133; x_wconf 90' lang='lat' dir='ltr'><strong>beati</strong></span> <span class='ocrx_word' id='word_1_383' title='bbox 3342 2075 3605 2147; x_wconf 89' lang='lat' dir='ltr'><strong>Gregorii</strong></span> 
     </span>
    </p>
   </div>
   <div class='ocr_carea' id='block_1_66' title="bbox 1963 2164 3612 2238">
    <p class='ocr_par' dir='ltr' id='par_1_66' title="bbox 1963 2164 3612 2238">
     <span class='ocr_line' id='line_1_66' title="bbox 1963 2164 3612 2238; baseline 0 -16"><span class='ocrx_word' id='word_1_384' title='bbox 1963 2166 2352 2238; x_wconf 90' lang='lat' dir='ltr'><strong>episc0pi,qui</strong></span> <span class='ocrx_word' id='word_1_385' title='bbox 2368 2164 3145 2235; x_wconf 81' lang='lat' dir='ltr'><strong>theologusdicitur,nobilis</strong></span> <span class='ocrx_word' id='word_1_386' title='bbox 3160 2165 3402 2221; x_wconf 85' lang='lat' dir='ltr'><strong>Athenis</strong></span> <span class='ocrx_word' id='word_1_387' title='bbox 3415 2164 3612 2222; x_wconf 71' lang='lat' dir='ltr'><strong>erudi-</strong></span> 
     </span>
    </p>
   </div>
   <div class='ocr_carea' id='block_1_67' title="bbox 1963 2253 3611 2327">
    <p class='ocr_par' dir='ltr' id='par_1_67' title="bbox 1963 2253 3611 2327">
     <span class='ocr_line' id='line_1_67' title="bbox 1963 2253 3611 2327; baseline -0.001 -15"><span class='ocrx_word' id='word_1_388' title='bbox 1963 2260 2082 2326; x_wconf 91' lang='lat' dir='ltr'><strong>tus,</strong></span> <span class='ocrx_word' id='word_1_389' title='bbox 2118 2254 2342 2324; x_wconf 90' lang='lat' dir='ltr'><strong>collega</strong></span> <span class='ocrx_word' id='word_1_390' title='bbox 2370 2254 2524 2309; x_wconf 91' lang='lat' dir='ltr'><strong>beati</strong></span> <span class='ocrx_word' id='word_1_391' title='bbox 2549 2253 2769 2324; x_wconf 90' lang='lat' dir='ltr'><strong>Basilii,</strong></span> <span class='ocrx_word' id='word_1_392' title='bbox 2797 2254 3079 2311; x_wconf 83' lang='lat' dir='ltr'><strong>Casarea</strong></span> <span class='ocrx_word' id='word_1_393' title='bbox 3109 2253 3489 2327; x_wconf 85' lang='lat' dir='ltr'><strong>Cappadocia</strong></span> <span class='ocrx_word' id='word_1_394' title='bbox 3512 2269 3611 2326; x_wconf 93' lang='lat' dir='ltr'><strong>po-</strong></span> 
     </span>
    </p>
   </div>
   <div class='ocr_carea' id='block_1_68' title="bbox 1966 2340 3610 2413">
    <p class='ocr_par' dir='ltr' id='par_1_68' title="bbox 1966 2340 3610 2413">
     <span class='ocr_line' id='line_1_68' title="bbox 1966 2340 3610 2413; baseline -0.001 -15"><span class='ocrx_word' id='word_1_395' title='bbox 1966 2346 2092 2399; x_wconf 90' lang='lat' dir='ltr'><strong>stea</strong></span> <span class='ocrx_word' id='word_1_396' title='bbox 2123 2341 2408 2413; x_wconf 91' lang='lat' dir='ltr'><strong>episc0pi.</strong></span> <span class='ocrx_word' id='word_1_397' title='bbox 2446 2341 2692 2412; x_wconf 89' lang='lat' dir='ltr'><strong>Quique,</strong></span> <span class='ocrx_word' id='word_1_398' title='bbox 2719 2357 2849 2398; x_wconf 91' lang='lat' dir='ltr'><strong>cum</strong></span> <span class='ocrx_word' id='word_1_399' title='bbox 2895 2356 2957 2398; x_wconf 90' lang='lat' dir='ltr'><strong>se</strong></span> <span class='ocrx_word' id='word_1_400' title='bbox 2995 2344 3186 2398; x_wconf 87' lang='lat' dir='ltr'><strong>totum</strong></span> <span class='ocrx_word' id='word_1_401' title='bbox 3223 2340 3323 2397; x_wconf 89' lang='lat' dir='ltr'><strong>Dei</strong></span> <span class='ocrx_word' id='word_1_402' title='bbox 3366 2340 3610 2398; x_wconf 92' lang='lat' dir='ltr'><strong>servitio</strong></span> 
     </span>
    </p>
   </div>
   <div class='ocr_carea' id='block_1_69' title="bbox 1967 2428 3607 2502">
    <p class='ocr_par' dir='ltr' id='par_1_69' title="bbox 1967 2428 3607 2502">
     <span class='ocr_line' id='line_1_69' title="bbox 1967 2428 3607 2502; baseline -0.001 -16"><span class='ocrx_word' id='word_1_403' title='bbox 1967 2430 2383 2501; x_wconf 84' lang='lat' dir='ltr'><strong>mancipasset,</strong></span> <span class='ocrx_word' id='word_1_404' title='bbox 2400 2434 2628 2485; x_wconf 85' lang='lat' dir='ltr'><strong>tantum</strong></span> <span class='ocrx_word' id='word_1_405' title='bbox 2644 2430 2714 2485; x_wconf 93' lang='lat' dir='ltr'><strong>de</strong></span> <span class='ocrx_word' id='word_1_406' title='bbox 2728 2428 2969 2499; x_wconf 88' lang='lat' dir='ltr'><strong>collega</strong></span> <span class='ocrx_word' id='word_1_407' title='bbox 2991 2444 3186 2486; x_wconf 90' lang='lat' dir='ltr'><strong>amore</strong></span> <span class='ocrx_word' id='word_1_408' title='bbox 3210 2428 3607 2502; x_wconf 86' lang='lat' dir='ltr'><strong>prasumpsit,</strong></span> 
     </span>
    </p>
   </div>
   <div class='ocr_carea' id='block_1_70' title="bbox 1967 2516 3614 2589">
    <p class='ocr_par' dir='ltr' id='par_1_70' title="bbox 1967 2516 3614 2589">
     <span class='ocr_line' id='line_1_70' title="bbox 1967 2516 3614 2589; baseline 0.001 -15"><span class='ocrx_word' id='word_1_409' title='bbox 1967 2523 2027 2575; x_wconf 90' lang='lat' dir='ltr'><strong>ut</strong></span> <span class='ocrx_word' id='word_1_410' title='bbox 2055 2517 2354 2574; x_wconf 90' lang='lat' dir='ltr'><strong>sedentem</strong></span> <span class='ocrx_word' id='word_1_411' title='bbox 2387 2516 2660 2573; x_wconf 89' lang='lat' dir='ltr'><strong>Basilium</strong></span> <span class='ocrx_word' id='word_1_412' title='bbox 2685 2517 2755 2572; x_wconf 89' lang='lat' dir='ltr'><strong>de</strong></span> <span class='ocrx_word' id='word_1_413' title='bbox 2778 2517 3039 2574; x_wconf 91' lang='lat' dir='ltr'><strong>doctoris</strong></span> <span class='ocrx_word' id='word_1_414' title='bbox 3062 2517 3340 2574; x_wconf 90' lang='lat' dir='ltr'><strong>cathedra</strong></span> <span class='ocrx_word' id='word_1_415' title='bbox 3363 2516 3614 2589; x_wconf 90' lang='lat' dir='ltr'><strong>depone-</strong></span> 
     </span>
    </p>
   </div>
   <div class='ocr_carea' id='block_1_71' title="bbox 1968 2602 3615 2675">
    <p class='ocr_par' dir='ltr' id='par_1_71' title="bbox 1968 2602 3615 2675">
     <span class='ocr_line' id='line_1_71' title="bbox 1968 2602 3615 2675; baseline 0.001 -16"><span class='ocrx_word' id='word_1_416' title='bbox 1968 2607 2078 2675; x_wconf 91' lang='lat' dir='ltr'><strong>ret,</strong></span> <span class='ocrx_word' id='word_1_417' title='bbox 2113 2618 2180 2660; x_wconf 89' lang='lat' dir='ltr'><strong>ac</strong></span> <span class='ocrx_word' id='word_1_418' title='bbox 2212 2618 2411 2659; x_wconf 91' lang='lat' dir='ltr'><strong>secum</strong></span> <span class='ocrx_word' id='word_1_419' title='bbox 2435 2603 2505 2659; x_wconf 90' lang='lat' dir='ltr'><strong>ad</strong></span> <span class='ocrx_word' id='word_1_420' title='bbox 2530 2602 2948 2659; x_wconf 88' lang='lat' dir='ltr'><strong>monasterium</strong></span> <span class='ocrx_word' id='word_1_421' title='bbox 2972 2618 3142 2659; x_wconf 89' lang='lat' dir='ltr'><strong>manu</strong></span> <span class='ocrx_word' id='word_1_422' title='bbox 3166 2602 3379 2674; x_wconf 90' lang='lat' dir='ltr'><strong>injecta</strong></span> <span class='ocrx_word' id='word_1_423' title='bbox 3404 2603 3615 2675; x_wconf 88' lang='lat' dir='ltr'><strong>perdu-</strong></span> 
     </span>
    </p>
   </div>
   <div class='ocr_carea' id='block_1_72' title="bbox 1968 2687 3612 2760">
    <p class='ocr_par' dir='ltr' id='par_1_72' title="bbox 1968 2687 3612 2760">
     <span class='ocr_line' id='line_1_72' title="bbox 1968 2687 3612 2760; baseline -0.001 -15"><span class='ocrx_word' id='word_1_424' title='bbox 1968 2692 2149 2759; x_wconf 87' lang='lat' dir='ltr'><strong>ceret,</strong></span> <span class='ocrx_word' id='word_1_425' title='bbox 2169 2688 2366 2759; x_wconf 91' lang='lat' dir='ltr'><strong>ibique</strong></span> <span class='ocrx_word' id='word_1_426' title='bbox 2382 2703 2485 2760; x_wconf 89' lang='lat' dir='ltr'><strong>per</strong></span> <span class='ocrx_word' id='word_1_427' title='bbox 2501 2703 2682 2744; x_wconf 91' lang='lat' dir='ltr'><strong>annos</strong></span> <span class='ocrx_word' id='word_1_428' title='bbox 2697 2687 2979 2743; x_wconf 88' lang='lat' dir='ltr'><strong>tredecim</strong></span> <span class='ocrx_word' id='word_1_429' title='bbox 3002 2688 3255 2744; x_wconf 91' lang='lat' dir='ltr'><strong>omnium</strong></span> <span class='ocrx_word' id='word_1_430' title='bbox 3280 2690 3612 2746; x_wconf 83' lang='lat' dir='ltr'><strong>Gracorum</strong></span> 
     </span>
    </p>
   </div>
   <div class='ocr_carea' id='block_1_73' title="bbox 1971 2772 3614 2847">
    <p class='ocr_par' dir='ltr' id='par_1_73' title="bbox 1971 2772 3614 2847">
     <span class='ocr_line' id='line_1_73' title="bbox 1971 2772 3614 2847; baseline 0 -16"><span class='ocrx_word' id='word_1_431' title='bbox 1971 2774 2364 2845; x_wconf 89' lang='lat' dir='ltr'><strong>sacularium,</strong></span> <span class='ocrx_word' id='word_1_432' title='bbox 2392 2773 2561 2829; x_wconf 90' lang='lat' dir='ltr'><strong>libris</strong></span> <span class='ocrx_word' id='word_1_433' title='bbox 2595 2774 2858 2845; x_wconf 92' lang='lat' dir='ltr'><strong>remotis,</strong></span> <span class='ocrx_word' id='word_1_434' title='bbox 2891 2772 3033 2830; x_wconf 91' lang='lat' dir='ltr'><strong>solis</strong></span> <span class='ocrx_word' id='word_1_435' title='bbox 3062 2774 3271 2830; x_wconf 90' lang='lat' dir='ltr'><strong>divina</strong></span> <span class='ocrx_word' id='word_1_436' title='bbox 3295 2775 3614 2847; x_wconf 87' lang='lat' dir='ltr'><strong>Scriptura</strong></span> 
     </span>
    </p>
   </div>
   <div class='ocr_carea' id='block_1_74' title="bbox 1968 2859 3613 2932">
    <p class='ocr_par' dir='ltr' id='par_1_74' title="bbox 1968 2859 3613 2932">
     <span class='ocr_line' id='line_1_74' title="bbox 1968 2859 3613 2932; baseline -0.002 -13"><span class='ocrx_word' id='word_1_437' title='bbox 1968 2860 2363 2919; x_wconf 91' lang='lat' dir='ltr'><strong>voluminibus</strong></span> <span class='ocrx_word' id='word_1_438' title='bbox 2396 2875 2632 2932; x_wconf 87' lang='lat' dir='ltr'><strong>operam</strong></span> <span class='ocrx_word' id='word_1_439' title='bbox 2671 2861 2905 2916; x_wconf 89' lang='lat' dir='ltr'><strong>dabant.</strong></span> <span class='ocrx_word' id='word_1_440' title='bbox 2954 2860 3139 2930; x_wconf 89' lang='lat' dir='ltr'><strong>Igitur</strong></span> <span class='ocrx_word' id='word_1_441' title='bbox 3170 2859 3323 2931; x_wconf 92' lang='lat' dir='ltr'><strong>apud</strong></span> <span class='ocrx_word' id='word_1_442' title='bbox 3363 2860 3613 2917; x_wconf 86' lang='lat' dir='ltr'><strong>Nazanzi</strong></span> 
     </span>
    </p>
   </div>
   <div class='ocr_carea' id='block_1_75' title="bbox 1970 2946 3615 3019">
    <p class='ocr_par' dir='ltr' id='par_1_75' title="bbox 1970 2946 3615 3019">
     <span class='ocr_line' id='line_1_75' title="bbox 1970 2946 3615 3019; baseline -0.001 -15"><span class='ocrx_word' id='word_1_443' title='bbox 1970 2947 2247 3019; x_wconf 92' lang='lat' dir='ltr'><strong>oppidum</strong></span> <span class='ocrx_word' id='word_1_444' title='bbox 2273 2947 2329 3002; x_wconf 92' lang='lat' dir='ltr'><strong>in</strong></span> <span class='ocrx_word' id='word_1_445' title='bbox 2351 2946 2480 3003; x_wconf 92' lang='lat' dir='ltr'><strong>loco</strong></span> <span class='ocrx_word' id='word_1_446' title='bbox 2503 2947 2688 3017; x_wconf 90' lang='lat' dir='ltr'><strong>patris</strong></span> <span class='ocrx_word' id='word_1_447' title='bbox 2711 2946 3025 3017; x_wconf 91' lang='lat' dir='ltr'><strong>episcopus</strong></span> <span class='ocrx_word' id='word_1_448' title='bbox 3040 2947 3416 3017; x_wconf 86' lang='lat' dir='ltr'><strong>subrogatus,</strong></span> <span class='ocrx_word' id='word_1_449' title='bbox 3434 2946 3615 3003; x_wconf 87' lang='lat' dir='ltr'><strong>bare-</strong></span> 
     </span>
    </p>
   </div>
   <div class='ocr_carea' id='block_1_76' title="bbox 1968 3030 3612 3104">
    <p class='ocr_par' dir='ltr' id='par_1_76' title="bbox 1968 3030 3612 3104">
     <span class='ocr_line' id='line_1_76' title="bbox 1968 3030 3612 3104; baseline 0.001 -15"><span class='ocrx_word' id='word_1_450' title='bbox 1968 3034 2221 3090; x_wconf 89' lang='lat' dir='ltr'><strong>ticorum</strong></span> <span class='ocrx_word' id='word_1_451' title='bbox 2244 3032 2537 3089; x_wconf 90' lang='lat' dir='ltr'><strong>turbinem</strong></span> <span class='ocrx_word' id='word_1_452' title='bbox 2562 3031 2815 3089; x_wconf 82' lang='lat' dir='ltr'><strong>fideliter</strong></span> <span class='ocrx_word' id='word_1_453' title='bbox 2835 3030 2992 3088; x_wconf 91' lang='lat' dir='ltr'><strong>tulit.</strong></span> <span class='ocrx_word' id='word_1_454' title='bbox 3016 3032 3263 3089; x_wconf 85' lang='lat' dir='ltr'><strong>Reddita</strong></span> <span class='ocrx_word' id='word_1_455' title='bbox 3285 3047 3426 3089; x_wconf 91' lang='lat' dir='ltr'><strong>vero</strong></span> <span class='ocrx_word' id='word_1_456' title='bbox 3449 3047 3612 3104; x_wconf 89' lang='lat' dir='ltr'><strong>pace,</strong></span> 
     </span>
    </p>
   </div>
   <div class='ocr_carea' id='block_1_77' title="bbox 1974 3116 3616 3190">
    <p class='ocr_par' dir='ltr' id='par_1_77' title="bbox 1974 3116 3616 3190">
     <span class='ocr_line' id='line_1_77' title="bbox 1974 3116 3616 3190; baseline -0.001 -14"><span class='ocrx_word' id='word_1_457' title='bbox 1974 3117 2537 3190; x_wconf 90' lang='lat' dir='ltr'><strong>Constantinopolim</strong></span> <span class='ocrx_word' id='word_1_458' title='bbox 2588 3118 2655 3175; x_wconf 90' lang='lat' dir='ltr'><strong>ad</strong></span> <span class='ocrx_word' id='word_1_459' title='bbox 2698 3116 3012 3175; x_wconf 90' lang='lat' dir='ltr'><strong>ecclesiam</strong></span> <span class='ocrx_word' id='word_1_460' title='bbox 3055 3118 3372 3175; x_wconf 91' lang='lat' dir='ltr'><strong>docendam</strong></span> <span class='ocrx_word' id='word_1_461' title='bbox 3414 3118 3616 3175; x_wconf 89' lang='lat' dir='ltr'><strong>venire</strong></span> 
     </span>
    </p>
   </div>
   <div class='ocr_carea' id='block_1_78' title="bbox 1975 3207 3617 3279">
    <p class='ocr_par' dir='ltr' id='par_1_78' title="bbox 1975 3207 3617 3279">
     <span class='ocr_line' id='line_1_78' title="bbox 1975 3207 3617 3279; baseline -0.001 -14"><span class='ocrx_word' id='word_1_462' title='bbox 1975 3212 2275 3279; x_wconf 83' lang='lat' dir='ltr'><strong>exoratus,</strong></span> <span class='ocrx_word' id='word_1_463' title='bbox 2301 3223 2412 3263; x_wconf 92' lang='lat' dir='ltr'><strong>non</strong></span> <span class='ocrx_word' id='word_1_464' title='bbox 2445 3207 2666 3265; x_wconf 89' lang='lat' dir='ltr'><strong>abnuit.</strong></span> <span class='ocrx_word' id='word_1_465' title='bbox 2696 3207 2801 3264; x_wconf 90' lang='lat' dir='ltr'><strong>Ubi</strong></span> <span class='ocrx_word' id='word_1_466' title='bbox 2839 3207 2998 3263; x_wconf 90' lang='lat' dir='ltr'><strong>brevi</strong></span> <span class='ocrx_word' id='word_1_467' title='bbox 3022 3211 3286 3279; x_wconf 90' lang='lat' dir='ltr'><strong>tempore</strong></span> <span class='ocrx_word' id='word_1_468' title='bbox 3310 3208 3366 3263; x_wconf 92' lang='lat' dir='ltr'><strong>in</strong></span> <span class='ocrx_word' id='word_1_469' title='bbox 3389 3210 3617 3264; x_wconf 91' lang='lat' dir='ltr'><strong>tantum</strong></span> 
     </span>
    </p>
   </div>
   <div class='ocr_carea' id='block_1_79' title="bbox 1978 3295 3621 3368">
    <p class='ocr_par' dir='ltr' id='par_1_79' title="bbox 1978 3295 3621 3368">
     <span class='ocr_line' id='line_1_79' title="bbox 1978 3295 3621 3368; baseline -0.002 -13"><span class='ocrx_word' id='word_1_470' title='bbox 1978 3298 2047 3355; x_wconf 90' lang='lat' dir='ltr'><strong>ad</strong></span> <span class='ocrx_word' id='word_1_471' title='bbox 2062 3297 2484 3354; x_wconf 88' lang='lat' dir='ltr'><strong>emendandum</strong></span> <span class='ocrx_word' id='word_1_472' title='bbox 2501 3295 2797 3368; x_wconf 92' lang='lat' dir='ltr'><strong>populum,</strong></span> <span class='ocrx_word' id='word_1_473' title='bbox 2823 3296 3080 3353; x_wconf 88' lang='lat' dir='ltr'><strong>vetustis</strong></span> <span class='ocrx_word' id='word_1_474' title='bbox 3103 3296 3513 3353; x_wconf 88' lang='lat' dir='ltr'><strong>hareticorum</strong></span> <span class='ocrx_word' id='word_1_475' title='bbox 3538 3295 3621 3352; x_wconf 90' lang='lat' dir='ltr'><strong>in-</strong></span> 
     </span>
    </p>
   </div>
   <div class='ocr_carea' id='block_1_80' title="bbox 1979 3384 3619 3457">
    <p class='ocr_par' dir='ltr' id='par_1_80' title="bbox 1979 3384 3619 3457">
     <span class='ocr_line' id='line_1_80' title="bbox 1979 3384 3619 3457; baseline -0.001 -15"><span class='ocrx_word' id='word_1_476' title='bbox 1979 3388 2194 3444; x_wconf 89' lang='lat' dir='ltr'><strong>fectum</strong></span> <span class='ocrx_word' id='word_1_477' title='bbox 2207 3384 2470 3455; x_wconf 89' lang='lat' dir='ltr'><strong>venenis,</strong></span> <span class='ocrx_word' id='word_1_478' title='bbox 2490 3386 2758 3457; x_wconf 89' lang='lat' dir='ltr'><strong>profecit,</strong></span> <span class='ocrx_word' id='word_1_479' title='bbox 2776 3389 2838 3442; x_wconf 91' lang='lat' dir='ltr'><strong>ut</strong></span> <span class='ocrx_word' id='word_1_480' title='bbox 2862 3389 3004 3442; x_wconf 92' lang='lat' dir='ltr'><strong>tunc</strong></span> <span class='ocrx_word' id='word_1_481' title='bbox 3030 3385 3275 3457; x_wconf 92' lang='lat' dir='ltr'><strong>primum</strong></span> <span class='ocrx_word' id='word_1_482' title='bbox 3301 3384 3619 3441; x_wconf 89' lang='lat' dir='ltr'><strong>Christiani</strong></span> 
     </span>
    </p>
   </div>
   <div class='ocr_carea' id='block_1_81' title="bbox 1979 3472 3620 3545">
    <p class='ocr_par' dir='ltr' id='par_1_81' title="bbox 1979 3472 3620 3545">
     <span class='ocr_line' id='line_1_81' title="bbox 1979 3472 3620 3545; baseline -0.001 -14"><span class='ocrx_word' id='word_1_483' title='bbox 1979 3475 2091 3531; x_wconf 92' lang='lat' dir='ltr'><strong>sibi</strong></span> <span class='ocrx_word' id='word_1_484' title='bbox 2124 3474 2247 3531; x_wconf 83' lang='lat' dir='ltr'><strong>fieri</strong></span> <span class='ocrx_word' id='word_1_485' title='bbox 2295 3473 2657 3545; x_wconf 85' lang='lat' dir='ltr'><strong>viderentur,</strong></span> <span class='ocrx_word' id='word_1_486' title='bbox 2691 3479 2749 3530; x_wconf 92' lang='lat' dir='ltr'><strong>et</strong></span> <span class='ocrx_word' id='word_1_487' title='bbox 2782 3472 3067 3531; x_wconf 89' lang='lat' dir='ltr'><strong>novellam</strong></span> <span class='ocrx_word' id='word_1_488' title='bbox 3116 3473 3302 3530; x_wconf 89' lang='lat' dir='ltr'><strong>lucem</strong></span> <span class='ocrx_word' id='word_1_489' title='bbox 3348 3473 3620 3530; x_wconf 89' lang='lat' dir='ltr'><strong>veritatis</strong></span> 
     </span>
    </p>
   </div>
   <div class='ocr_carea' id='block_1_82' title="bbox 1979 3561 3618 3635">
    <p class='ocr_par' dir='ltr' id='par_1_82' title="bbox 1979 3561 3618 3635">
     <span class='ocr_line' id='line_1_82' title="bbox 1979 3561 3618 3635; baseline -0.001 -14"><span class='ocrx_word' id='word_1_490' title='bbox 1979 3564 2265 3635; x_wconf 87' lang='lat' dir='ltr'><strong>aspicere.</strong></span> <span class='ocrx_word' id='word_1_491' title='bbox 2299 3563 2407 3619; x_wconf 90' lang='lat' dir='ltr'><strong>Sed</strong></span> <span class='ocrx_word' id='word_1_492' title='bbox 2444 3564 2540 3620; x_wconf 91' lang='lat' dir='ltr'><strong>ubi</strong></span> <span class='ocrx_word' id='word_1_493' title='bbox 2588 3561 2833 3633; x_wconf 87' lang='lat' dir='ltr'><strong>gloriam</strong></span> <span class='ocrx_word' id='word_1_494' title='bbox 2880 3563 3200 3620; x_wconf 89' lang='lat' dir='ltr'><strong>subsecuta</strong></span> <span class='ocrx_word' id='word_1_495' title='bbox 3248 3562 3463 3619; x_wconf 79' lang='lat' dir='ltr'><strong>invidia</strong></span> <span class='ocrx_word' id='word_1_496' title='bbox 3504 3567 3618 3634; x_wconf 91' lang='lat' dir='ltr'><strong>est,</strong></span> 
     </span>
    </p>
   </div>
   <div class='ocr_carea' id='block_1_83' title="bbox 1978 3650 3623 3723">
    <p class='ocr_par' dir='ltr' id='par_1_83' title="bbox 1978 3650 3623 3723">
     <span class='ocr_line' id='line_1_83' title="bbox 1978 3650 3623 3723; baseline 0 -14"><span class='ocrx_word' id='word_1_497' title='bbox 1978 3653 2165 3709; x_wconf 90' lang='lat' dir='ltr'><strong>obniti</strong></span> <span class='ocrx_word' id='word_1_498' title='bbox 2220 3652 2453 3723; x_wconf 89' lang='lat' dir='ltr'><strong>quidam</strong></span> <span class='ocrx_word' id='word_1_499' title='bbox 2486 3655 2543 3707; x_wconf 88' lang='lat' dir='ltr'><strong>et</strong></span> <span class='ocrx_word' id='word_1_500' title='bbox 2569 3652 3118 3723; x_wconf 86' lang='lat' dir='ltr'><strong>prascriptionibus</strong></span> <span class='ocrx_word' id='word_1_501' title='bbox 3140 3653 3330 3708; x_wconf 90' lang='lat' dir='ltr'><strong>minus</strong></span> <span class='ocrx_word' id='word_1_502' title='bbox 3353 3652 3513 3708; x_wconf 90' lang='lat' dir='ltr'><strong>sanis</strong></span> <span class='ocrx_word' id='word_1_503' title='bbox 3538 3650 3623 3709; x_wconf 87' lang='lat' dir='ltr'><strong>uti</strong></span> 
     </span>
    </p>
   </div>
   <div class='ocr_carea' id='block_1_84' title="bbox 1980 3739 3623 3812">
    <p class='ocr_par' dir='ltr' id='par_1_84' title="bbox 1980 3739 3623 3812">
     <span class='ocr_line' id='line_1_84' title="bbox 1980 3739 3623 3812; baseline 0 -15"><span class='ocrx_word' id='word_1_504' title='bbox 1980 3756 2234 3812; x_wconf 80' lang='lat' dir='ltr'><strong>capere,</strong></span> <span class='ocrx_word' id='word_1_505' title='bbox 2266 3745 2327 3797; x_wconf 91' lang='lat' dir='ltr'><strong>ut</strong></span> <span class='ocrx_word' id='word_1_506' title='bbox 2361 3740 2489 3811; x_wconf 93' lang='lat' dir='ltr'><strong>ipso</strong></span> <span class='ocrx_word' id='word_1_507' title='bbox 2512 3739 2583 3795; x_wconf 93' lang='lat' dir='ltr'><strong>ad</strong></span> <span class='ocrx_word' id='word_1_508' title='bbox 2609 3740 2842 3811; x_wconf 86' lang='lat' dir='ltr'><strong>propria</strong></span> <span class='ocrx_word' id='word_1_509' title='bbox 2866 3744 3184 3811; x_wconf 90' lang='lat' dir='ltr'><strong>remeante,</strong></span> <span class='ocrx_word' id='word_1_510' title='bbox 3211 3740 3362 3797; x_wconf 90' lang='lat' dir='ltr'><strong>alius</strong></span> <span class='ocrx_word' id='word_1_511' title='bbox 3392 3740 3623 3797; x_wconf 90' lang='lat' dir='ltr'><strong>ordina-</strong></span> 
     </span>
    </p>
   </div>
   <div class='ocr_carea' id='block_1_85' title="bbox 1981 3827 3621 3901">
    <p class='ocr_par' dir='ltr' id='par_1_85' title="bbox 1981 3827 3621 3901">
     <span class='ocr_line' id='line_1_85' title="bbox 1981 3827 3621 3901; baseline 0 -14"><span class='ocrx_word' id='word_1_512' title='bbox 1981 3834 2148 3887; x_wconf 91' lang='lat' dir='ltr'><strong>retur</strong></span> <span class='ocrx_word' id='word_1_513' title='bbox 2177 3830 2511 3901; x_wconf 91' lang='lat' dir='ltr'><strong>episcopus.</strong></span> <span class='ocrx_word' id='word_1_514' title='bbox 2548 3827 2711 3894; x_wconf 87' lang='lat' dir='ltr'><strong>Quod</strong></span> <span class='ocrx_word' id='word_1_515' title='bbox 2734 3828 2832 3885; x_wconf 92' lang='lat' dir='ltr'><strong>ille</strong></span> <span class='ocrx_word' id='word_1_516' title='bbox 2855 3830 3155 3886; x_wconf 89' lang='lat' dir='ltr'><strong>susurrari</strong></span> <span class='ocrx_word' id='word_1_517' title='bbox 3177 3833 3404 3886; x_wconf 89' lang='lat' dir='ltr'><strong>tantum</strong></span> <span class='ocrx_word' id='word_1_518' title='bbox 3427 3833 3483 3885; x_wconf 90' lang='lat' dir='ltr'><strong>et</strong></span> <span class='ocrx_word' id='word_1_519' title='bbox 3510 3830 3621 3887; x_wconf 89' lang='lat' dir='ltr'><strong>sub</strong></span> 
     </span>
    </p>
   </div>
   <div class='ocr_carea' id='block_1_86' title="bbox 1982 3918 3620 3992">
    <p class='ocr_par' dir='ltr' id='par_1_86' title="bbox 1982 3918 3620 3992">
     <span class='ocr_line' id='line_1_86' title="bbox 1982 3918 3620 3992; baseline 0 -16"><span class='ocrx_word' id='word_1_520' title='bbox 1982 3919 2157 3976; x_wconf 92' lang='lat' dir='ltr'><strong>dente</strong></span> <span class='ocrx_word' id='word_1_521' title='bbox 2181 3919 2441 3975; x_wconf 90' lang='lat' dir='ltr'><strong>sentiens</strong></span> <span class='ocrx_word' id='word_1_522' title='bbox 2466 3918 2764 3989; x_wconf 90' lang='lat' dir='ltr'><strong>ruminari,</strong></span> <span class='ocrx_word' id='word_1_523' title='bbox 2793 3919 2918 3991; x_wconf 91' lang='lat' dir='ltr'><strong>ipse</strong></span> <span class='ocrx_word' id='word_1_524' title='bbox 2941 3920 3184 3992; x_wconf 91' lang='lat' dir='ltr'><strong>profert,</strong></span> <span class='ocrx_word' id='word_1_525' title='bbox 3210 3919 3342 3991; x_wconf 91' lang='lat' dir='ltr'><strong>quia</strong></span> <span class='ocrx_word' id='word_1_526' title='bbox 3357 3918 3554 3977; x_wconf 90' lang='lat' dir='ltr'><strong>dicere</strong></span> <span class='ocrx_word' id='word_1_527' title='bbox 3567 3920 3620 3977; x_wconf 91' lang='lat' dir='ltr'><strong>ei</strong></span> 
     </span>
    </p>
   </div>
   <div class='ocr_carea' id='block_1_87' title="bbox 1976 4007 3622 4082">
    <p class='ocr_par' dir='ltr' id='par_1_87' title="bbox 1976 4007 3622 4082">
     <span class='ocr_line' id='line_1_87' title="bbox 1976 4007 3622 4082; baseline 0.002 -17"><span class='ocrx_word' id='word_1_528' title='bbox 1976 4007 2179 4065; x_wconf 84' lang='lat' dir='ltr'><strong>nullus</strong></span> <span class='ocrx_word' id='word_1_529' title='bbox 2202 4008 2472 4065; x_wconf 90' lang='lat' dir='ltr'><strong>audebat.</strong></span> <span class='ocrx_word' id='word_1_530' title='bbox 2501 4007 2690 4080; x_wconf 80' lang='lat' dir='ltr'><strong>Absit,</strong></span> <span class='ocrx_word' id='word_1_531' title='bbox 2719 4007 2928 4080; x_wconf 89' lang='lat' dir='ltr'><strong>inquit,</strong></span> <span class='ocrx_word' id='word_1_532' title='bbox 2965 4012 3025 4066; x_wconf 93' lang='lat' dir='ltr'><strong>ut</strong></span> <span class='ocrx_word' id='word_1_533' title='bbox 3050 4009 3160 4066; x_wconf 91' lang='lat' dir='ltr'><strong>mei</strong></span> <span class='ocrx_word' id='word_1_534' title='bbox 3192 4023 3392 4082; x_wconf 89' lang='lat' dir='ltr'><strong>causa,</strong></span> <span class='ocrx_word' id='word_1_535' title='bbox 3426 4007 3622 4081; x_wconf 89' lang='lat' dir='ltr'><strong>aliqua</strong></span> 
     </span>
    </p>
   </div>
   <div class='ocr_carea' id='block_1_88' title="bbox 1982 4096 3623 4172">
    <p class='ocr_par' dir='ltr' id='par_1_88' title="bbox 1982 4096 3623 4172">
     <span class='ocr_line' id='line_1_88' title="bbox 1982 4096 3623 4172; baseline 0.001 -17"><span class='ocrx_word' id='word_1_536' title='bbox 1982 4096 2255 4155; x_wconf 90' lang='lat' dir='ltr'><strong>simultas</strong></span> <span class='ocrx_word' id='word_1_537' title='bbox 2278 4097 2335 4153; x_wconf 93' lang='lat' dir='ltr'><strong>in</strong></span> <span class='ocrx_word' id='word_1_538' title='bbox 2358 4097 2457 4153; x_wconf 91' lang='lat' dir='ltr'><strong>Dei</strong></span> <span class='ocrx_word' id='word_1_539' title='bbox 2484 4096 2895 4155; x_wconf 88' lang='lat' dir='ltr'><strong>sacerdotibus</strong></span> <span class='ocrx_word' id='word_1_540' title='bbox 2917 4098 3161 4155; x_wconf 90' lang='lat' dir='ltr'><strong>oriatur.</strong></span> <span class='ocrx_word' id='word_1_541' title='bbox 3190 4099 3243 4153; x_wconf 91' lang='lat' dir='ltr'><strong>Si</strong></span> <span class='ocrx_word' id='word_1_542' title='bbox 3270 4103 3511 4172; x_wconf 89' lang='lat' dir='ltr'><strong>propter</strong></span> <span class='ocrx_word' id='word_1_543' title='bbox 3532 4112 3623 4156; x_wconf 88' lang='lat' dir='ltr'><strong>me</strong></span> 
     </span>
    </p>
   </div>
   <div class='ocr_carea' id='block_1_89' title="bbox 1982 4183 3623 4261">
    <p class='ocr_par' dir='ltr' id='par_1_89' title="bbox 1982 4183 3623 4261">
     <span class='ocr_line' id='line_1_89' title="bbox 1982 4183 3623 4261; baseline 0.001 -18"><span class='ocrx_word' id='word_1_544' title='bbox 1982 4190 2073 4243; x_wconf 91' lang='lat' dir='ltr'><strong>est</strong></span> <span class='ocrx_word' id='word_1_545' title='bbox 2098 4186 2211 4243; x_wconf 90' lang='lat' dir='ltr'><strong>ista</strong></span> <span class='ocrx_word' id='word_1_546' title='bbox 2234 4190 2577 4258; x_wconf 88' lang='lat' dir='ltr'><strong>tempestas,</strong></span> <span class='ocrx_word' id='word_1_547' title='bbox 2604 4183 2819 4259; x_wconf 90' lang='lat' dir='ltr'><strong>tollite,</strong></span> <span class='ocrx_word' id='word_1_548' title='bbox 2844 4190 2900 4243; x_wconf 92' lang='lat' dir='ltr'><strong>et</strong></span> <span class='ocrx_word' id='word_1_549' title='bbox 2927 4186 3143 4245; x_wconf 89' lang='lat' dir='ltr'><strong>mittite</strong></span> <span class='ocrx_word' id='word_1_550' title='bbox 3167 4201 3256 4245; x_wconf 92' lang='lat' dir='ltr'><strong>me</strong></span> <span class='ocrx_word' id='word_1_551' title='bbox 3280 4188 3338 4245; x_wconf 91' lang='lat' dir='ltr'><strong>in</strong></span> <span class='ocrx_word' id='word_1_552' title='bbox 3361 4202 3538 4261; x_wconf 91' lang='lat' dir='ltr'><strong>mare,</strong></span> <span class='ocrx_word' id='word_1_553' title='bbox 3563 4192 3623 4246; x_wconf 89' lang='lat' dir='ltr'><strong>et</strong></span> 
     </span>
    </p>
   </div>
   <div class='ocr_carea' id='block_1_90' title="bbox 1984 4275 3625 4350">
    <p class='ocr_par' dir='ltr' id='par_1_90' title="bbox 1984 4275 3625 4350">
     <span class='ocr_line' id='line_1_90' title="bbox 1984 4275 3625 4350; baseline 0.001 -18"><span class='ocrx_word' id='word_1_554' title='bbox 1984 4275 2212 4333; x_wconf 90' lang='lat' dir='ltr'><strong>desinet</strong></span> <span class='ocrx_word' id='word_1_555' title='bbox 2238 4290 2268 4332; x_wconf 92' lang='lat' dir='ltr'><strong>a</strong></span> <span class='ocrx_word' id='word_1_556' title='bbox 2289 4275 2457 4333; x_wconf 89' lang='lat' dir='ltr'><strong>vobis</strong></span> <span class='ocrx_word' id='word_1_557' title='bbox 2490 4275 2811 4346; x_wconf 89' lang='lat' dir='ltr'><strong>quassatio.</strong></span> <span class='ocrx_word' id='word_1_558' title='bbox 2837 4277 2974 4333; x_wconf 90' lang='lat' dir='ltr'><strong>Tum</strong></span> <span class='ocrx_word' id='word_1_559' title='bbox 2998 4291 3331 4350; x_wconf 88' lang='lat' dir='ltr'><strong>regressus,</strong></span> <span class='ocrx_word' id='word_1_560' title='bbox 3358 4277 3415 4333; x_wconf 89' lang='lat' dir='ltr'><strong>in</strong></span> <span class='ocrx_word' id='word_1_561' title='bbox 3438 4275 3625 4336; x_wconf 68' lang='lat' dir='ltr'><strong>eccle«</strong></span> 
     </span>
    </p>
   </div>
   <div class='ocr_carea' id='block_1_91' title="bbox 1986 4363 3623 4438">
    <p class='ocr_par' dir='ltr' id='par_1_91' title="bbox 1986 4363 3623 4438">
     <span class='ocr_line' id='line_1_91' title="bbox 1986 4363 3623 4438; baseline 0.001 -17"><span class='ocrx_word' id='word_1_562' title='bbox 1986 4365 2072 4422; x_wconf 89' lang='lat' dir='ltr'><strong>sia</strong></span> <span class='ocrx_word' id='word_1_563' title='bbox 2121 4379 2226 4421; x_wconf 92' lang='lat' dir='ltr'><strong>sua</strong></span> <span class='ocrx_word' id='word_1_564' title='bbox 2279 4363 2431 4435; x_wconf 90' lang='lat' dir='ltr'><strong>quod</strong></span> <span class='ocrx_word' id='word_1_565' title='bbox 2480 4364 2769 4436; x_wconf 92' lang='lat' dir='ltr'><strong>superfuit</strong></span> <span class='ocrx_word' id='word_1_566' title='bbox 2822 4365 2958 4423; x_wconf 91' lang='lat' dir='ltr'><strong>vita</strong></span> <span class='ocrx_word' id='word_1_567' title='bbox 3004 4370 3239 4438; x_wconf 88' lang='lat' dir='ltr'><strong>tempus</strong></span> <span class='ocrx_word' id='word_1_568' title='bbox 3286 4366 3501 4438; x_wconf 87' lang='lat' dir='ltr'><strong>exegit.</strong></span> <span class='ocrx_word' id='word_1_569' title='bbox 3554 4366 3623 4422; x_wconf 89' lang='lat' dir='ltr'><strong>Et</strong></span> 
     </span>
    </p>
   </div>
   <div class='ocr_carea' id='block_1_92' title="bbox 1986 4452 3621 4529">
    <p class='ocr_par' dir='ltr' id='par_1_92' title="bbox 1986 4452 3621 4529">
     <span class='ocr_line' id='line_1_92' title="bbox 1986 4452 3621 4529; baseline 0 -19"><span class='ocrx_word' id='word_1_570' title='bbox 1986 4453 2255 4525; x_wconf 89' lang='lat' dir='ltr'><strong>quoniam</strong></span> <span class='ocrx_word' id='word_1_571' title='bbox 2292 4452 2445 4509; x_wconf 88' lang='lat' dir='ltr'><strong>fessa</strong></span> <span class='ocrx_word' id='word_1_572' title='bbox 2471 4452 2589 4523; x_wconf 92' lang='lat' dir='ltr'><strong>jam</strong></span> <span class='ocrx_word' id='word_1_573' title='bbox 2612 4456 2787 4510; x_wconf 88' lang='lat' dir='ltr'><strong>atate</strong></span> <span class='ocrx_word' id='word_1_574' title='bbox 2809 4456 2864 4510; x_wconf 90' lang='lat' dir='ltr'><strong>et</strong></span> <span class='ocrx_word' id='word_1_575' title='bbox 2891 4469 3136 4526; x_wconf 91' lang='lat' dir='ltr'><strong>corpore</strong></span> <span class='ocrx_word' id='word_1_576' title='bbox 3159 4453 3451 4512; x_wconf 90' lang='lat' dir='ltr'><strong>invalidus</strong></span> <span class='ocrx_word' id='word_1_577' title='bbox 3472 4457 3621 4529; x_wconf 89' lang='lat' dir='ltr'><strong>erat,</strong></span> 
     </span>
    </p>
   </div>
   <div class='ocr_carea' id='block_1_93' title="bbox 236 4509 3627 4615">
    <p class='ocr_par' dir='ltr' id='par_1_93' title="bbox 236 4509 3627 4615">
     <span class='ocr_line' id='line_1_93' title="bbox 236 4509 3627 4615; baseline -0 -11"><span class='ocrx_word' id='word_1_578' title='bbox 236 4513 327 4572; x_wconf 65' lang='lat' dir='ltr'><strong>die</strong></span> <span class='ocrx_word' id='word_1_579' title='bbox 347 4514 586 4615; x_wconf 62' lang='lat' dir='ltr'><strong>Xeniens</strong></span> <span class='ocrx_word' id='word_1_580' title='bbox 611 4516 855 4615; x_wconf 52' lang='lat' dir='ltr'><strong>sana“?</strong></span> <span class='ocrx_word' id='word_1_581' title='bbox 878 4511 1157 4611; x_wconf 48' lang='lat' dir='ltr'><strong>dum,“</strong></span> <span class='ocrx_word' id='word_1_582' title='bbox 1177 4523 1413 4615; x_wconf 35' lang='lat' dir='ltr'><strong>Pomm:</strong></span> <span class='ocrx_word' id='word_1_583' title='bbox 1432 4509 1874 4615; x_wconf 41' lang='lat' dir='ltr'><strong>Ffsafjuf’j‘}:</strong></span> <span class='ocrx_word' id='word_1_584' title='bbox 1902 4516 1955 4577; x_wconf 81' lang='lat' dir='ltr'>D</span> <span class='ocrx_word' id='word_1_585' title='bbox 1989 4509 2397 4599; x_wconf 71' lang='lat' dir='ltr'><strong>successorem</strong></span> <span class='ocrx_word' id='word_1_586' title='bbox 2420 4509 2531 4599; x_wconf 77' lang='lat' dir='ltr'><strong>sibi</strong></span> <span class='ocrx_word' id='word_1_587' title='bbox 2557 4543 2683 4615; x_wconf 91' lang='lat' dir='ltr'><strong>ipse</strong></span> <span class='ocrx_word' id='word_1_588' title='bbox 2698 4541 2935 4615; x_wconf 89' lang='lat' dir='ltr'><strong>delegit,</strong></span> <span class='ocrx_word' id='word_1_589' title='bbox 2955 4509 3069 4614; x_wconf 76' lang='lat' dir='ltr'><strong>quo</strong></span> <span class='ocrx_word' id='word_1_590' title='bbox 3081 4542 3392 4601; x_wconf 91' lang='lat' dir='ltr'><strong>ecclesiam</strong></span> <span class='ocrx_word' id='word_1_591' title='bbox 3414 4509 3627 4615; x_wconf 65' lang='lat' dir='ltr'><strong>guber:</strong></span> 
     </span>
    </p>
   </div>
   <div class='ocr_carea' id='block_1_94' title="bbox 235 4595 1877 4675">
    <p class='ocr_par' dir='ltr' id='par_1_94' title="bbox 235 4595 1877 4675">
     <span class='ocr_line' id='line_1_94' title="bbox 235 4595 1877 4675; baseline -0.003 -16"><span class='ocrx_word' id='word_1_592' title='bbox 235 4602 388 4660; x_wconf 89' lang='lat' dir='ltr'><strong>venit</strong></span> <span class='ocrx_word' id='word_1_593' title='bbox 413 4618 660 4675; x_wconf 88' lang='lat' dir='ltr'><strong>corpora</strong></span> <span class='ocrx_word' id='word_1_594' title='bbox 683 4603 1019 4659; x_wconf 89' lang='lat' dir='ltr'><strong>sanctarum</strong></span> <span class='ocrx_word' id='word_1_595' title='bbox 1042 4600 1331 4670; x_wconf 87' lang='lat' dir='ltr'><strong>virginum</strong></span> <span class='ocrx_word' id='word_1_596' title='bbox 1355 4596 1538 4654; x_wconf 84' lang='lat' dir='ltr'><strong>illasa</strong></span> <span class='ocrx_word' id='word_1_597' title='bbox 1565 4614 1580 4664; x_wconf 91' lang='lat'><strong>;</strong></span> <span class='ocrx_word' id='word_1_598' title='bbox 1607 4595 1663 4652; x_wconf 90' lang='lat' dir='ltr'><strong>in</strong></span> <span class='ocrx_word' id='word_1_599' title='bbox 1698 4596 1877 4654; x_wconf 84' lang='lat' dir='ltr'><strong>facies</strong></span> 
     </span>
    </p>
   </div>
   <div class='ocr_carea' id='block_1_95' title="bbox 231 4684 1880 4762">
    <p class='ocr_par' dir='ltr' id='par_1_95' title="bbox 231 4684 1880 4762">
     <span class='ocr_line' id='line_1_95' title="bbox 231 4684 1880 4762; baseline -0.004 -14"><span class='ocrx_word' id='word_1_600' title='bbox 231 4690 382 4748; x_wconf 88' lang='lat' dir='ltr'><strong>enim</strong></span> <span class='ocrx_word' id='word_1_601' title='bbox 423 4705 563 4749; x_wconf 89' lang='lat' dir='ltr'><strong>suas</strong></span> <span class='ocrx_word' id='word_1_602' title='bbox 605 4692 940 4762; x_wconf 87' lang='lat' dir='ltr'><strong>prostrata,</strong></span> <span class='ocrx_word' id='word_1_603' title='bbox 978 4691 1217 4746; x_wconf 89' lang='lat' dir='ltr'><strong>orantes</strong></span> <span class='ocrx_word' id='word_1_604' title='bbox 1258 4684 1579 4755; x_wconf 91' lang='lat' dir='ltr'><strong>Dominum,</strong></span> <span class='ocrx_word' id='word_1_605' title='bbox 1616 4698 1880 4742; x_wconf 89' lang='lat' dir='ltr'><strong>reccsse-</strong></span> 
     </span>
    </p>
   </div>
   <div class='ocr_carea' id='block_1_96' title="bbox 234 4772 1876 4851">
    <p class='ocr_par' dir='ltr' id='par_1_96' title="bbox 234 4772 1876 4851">
     <span class='ocr_line' id='line_1_96' title="bbox 234 4772 1876 4851; baseline -0.005 -12"><span class='ocrx_word' id='word_1_606' title='bbox 234 4785 388 4839; x_wconf 86' lang='lat' dir='ltr'><strong>runt.</strong></span> <span class='ocrx_word' id='word_1_607' title='bbox 433 4780 689 4848; x_wconf 86' lang='lat' dir='ltr'><strong>Quarum</strong></span> <span class='ocrx_word' id='word_1_608' title='bbox 729 4793 974 4851; x_wconf 90' lang='lat' dir='ltr'><strong>corpora</strong></span> <span class='ocrx_word' id='word_1_609' title='bbox 1015 4777 1167 4834; x_wconf 90' lang='lat' dir='ltr'><strong>idem</strong></span> <span class='ocrx_word' id='word_1_610' title='bbox 1211 4778 1455 4832; x_wconf 88' lang='lat' dir='ltr'><strong>sanctus</strong></span> <span class='ocrx_word' id='word_1_611' title='bbox 1497 4772 1779 4830; x_wconf 90' lang='lat' dir='ltr'><strong>diaconus</strong></span> <span class='ocrx_word' id='word_1_612' title='bbox 1819 4772 1876 4831; x_wconf 90' lang='lat' dir='ltr'><strong>in</strong></span> 
     </span>
    </p>
   </div>
   <div class='ocr_carea' id='block_1_97' title="bbox 235 4861 1877 4942">
    <p class='ocr_par' dir='ltr' id='par_1_97' title="bbox 235 4861 1877 4942">
     <span class='ocr_line' id='line_1_97' title="bbox 235 4861 1877 4942; baseline -0.007 -11"><span class='ocrx_word' id='word_1_613' title='bbox 235 4870 597 4942; x_wconf 80' lang='lat' dir='ltr'><strong>sarcOpbago</strong></span> <span class='ocrx_word' id='word_1_614' title='bbox 618 4883 768 4927; x_wconf 89' lang='lat' dir='ltr'><strong>novo</strong></span> <span class='ocrx_word' id='word_1_615' title='bbox 789 4864 962 4924; x_wconf 87' lang='lat' dir='ltr'><strong>simul</strong></span> <span class='ocrx_word' id='word_1_616' title='bbox 984 4865 1286 4935; x_wconf 89' lang='lat' dir='ltr'><strong>condiens,</strong></span> <span class='ocrx_word' id='word_1_617' title='bbox 1313 4863 1371 4921; x_wconf 92' lang='lat' dir='ltr'><strong>in</strong></span> <span class='ocrx_word' id='word_1_618' title='bbox 1395 4861 1680 4935; x_wconf 88' lang='lat' dir='ltr'><strong>profundo</strong></span> <span class='ocrx_word' id='word_1_619' title='bbox 1700 4865 1877 4920; x_wconf 84' lang='lat' dir='ltr'><strong>terra</strong></span> 
     </span>
    </p>
   </div>
   <div class='ocr_carea' id='block_1_98' title="bbox 234 4956 846 5031">
    <p class='ocr_par' dir='ltr' id='par_1_98' title="bbox 234 4956 846 5031">
     <span class='ocr_line' id='line_1_98' title="bbox 234 4956 846 5031; baseline -0.011 -13"><span class='ocrx_word' id='word_1_620' title='bbox 234 4959 524 5018; x_wconf 86' lang='lat' dir='ltr'><strong>infodiens</strong></span> <span class='ocrx_word' id='word_1_621' title='bbox 551 4956 846 5031; x_wconf 89' lang='lat' dir='ltr'><strong>sepelivit.</strong></span> 
     </span>
    </p>
   </div>
   <div class='ocr_carea' id='block_1_99' title="bbox 301 5076 1875 5153">
    <p class='ocr_par' dir='ltr' id='par_1_99' title="bbox 301 5076 1875 5153">
     <span class='ocr_line' id='line_1_99' title="bbox 301 5076 1875 5153; baseline -0.004 -12"><span class='ocrx_word' id='word_1_622' title='bbox 301 5083 517 5141; x_wconf 87' lang='lat' dir='ltr'><strong>Eodem</strong></span> <span class='ocrx_word' id='word_1_623' title='bbox 549 5081 644 5140; x_wconf 89' lang='lat' dir='ltr'><strong>die</strong></span> <span class='ocrx_word' id='word_1_624' title='bbox 675 5080 830 5153; x_wconf 90' lang='lat' dir='ltr'><strong>apud</strong></span> <span class='ocrx_word' id='word_1_625' title='bbox 858 5077 1271 5149; x_wconf 88' lang='lat' dir='ltr'><strong>Nicomediam,</strong></span> <span class='ocrx_word' id='word_1_626' title='bbox 1308 5076 1507 5149; x_wconf 88' lang='lat' dir='ltr'><strong>passio</strong></span> <span class='ocrx_word' id='word_1_627' title='bbox 1539 5081 1875 5135; x_wconf 87' lang='lat' dir='ltr'><strong>sanctorum</strong></span> 
     </span>
    </p>
   </div>
   <div class='ocr_carea' id='block_1_100' title="bbox 240 5163 1878 5246">
    <p class='ocr_par' dir='ltr' id='par_1_100' title="bbox 240 5163 1878 5246">
     <span class='ocr_line' id='line_1_100' title="bbox 240 5163 1878 5246; baseline -0.005 -14"><span class='ocrx_word' id='word_1_628' title='bbox 240 5176 556 5246; x_wconf 85' lang='lat' dir='ltr'><strong>martyrum</strong></span> <span class='ocrx_word' id='word_1_629' title='bbox 615 5168 825 5241; x_wconf 84' lang='lat' dir='ltr'><strong>Flavii,</strong></span> <span class='ocrx_word' id='word_1_630' title='bbox 886 5166 1227 5241; x_wconf 80' lang='lat' dir='ltr'><strong>Augustini,</strong></span> <span class='ocrx_word' id='word_1_631' title='bbox 1285 5168 1345 5223; x_wconf 91' lang='lat' dir='ltr'><strong>et</strong></span> <span class='ocrx_word' id='word_1_632' title='bbox 1401 5163 1710 5237; x_wconf 84' lang='lat' dir='ltr'><strong>Augustini</strong></span> <span class='ocrx_word' id='word_1_633' title='bbox 1766 5166 1878 5223; x_wconf 86' lang='lat' dir='ltr'><strong>fra-</strong></span> 
     </span>
    </p>
   </div>
   <div class='ocr_carea' id='block_1_101' title="bbox 238 5267 410 5321">
    <p class='ocr_par' dir='ltr' id='par_1_101' title="bbox 238 5267 410 5321">
     <span class='ocr_line' id='line_1_101' title="bbox 238 5267 410 5321; baseline -0.012 -1"><span class='ocrx_word' id='word_1_634' title='bbox 238 5267 410 5321; x_wconf 89' lang='lat' dir='ltr'><strong>trum.</strong></span> 
     </span>
    </p>
   </div>
   <div class='ocr_carea' id='block_1_102' title="bbox 306 5402 1597 5467">
    <p class='ocr_par' dir='ltr' id='par_1_102' title="bbox 306 5402 1597 5467">
     <span class='ocr_line' id='line_1_102' title="bbox 306 5402 1597 5467; baseline -0.005 0"><span class='ocrx_word' id='word_1_635' title='bbox 306 5418 337 5452; x_wconf 79' lang='grc' dir='ltr'><strong>ι</strong></span> <span class='ocrx_word' id='word_1_636' title='bbox 362 5408 506 5467; x_wconf 80' lang='lat' dir='ltr'><strong>Vide</strong></span> <span class='ocrx_word' id='word_1_637' title='bbox 539 5403 804 5467; x_wconf 88' lang='lat' dir='ltr'><strong>libellum</strong></span> <span class='ocrx_word' id='word_1_638' title='bbox 827 5405 899 5464; x_wconf 90' lang='lat' dir='ltr'><strong>de</strong></span> <span class='ocrx_word' id='word_1_639' title='bbox 922 5406 1077 5463; x_wconf 89' lang='lat' dir='ltr'><strong>Fest.</strong></span> <span class='ocrx_word' id='word_1_640' title='bbox 1112 5405 1313 5467; x_wconf 84' lang='lat' dir='ltr'><strong>Apost.</strong></span> <span class='ocrx_word' id='word_1_641' title='bbox 1348 5402 1476 5461; x_wconf 84' lang='lat' dir='ltr'><strong>Act.</strong></span> <span class='ocrx_word' id='word_1_642' title='bbox 1510 5406 1597 5461; x_wconf 79' lang='lat'><strong>19.</strong></span> 
     </span>
    </p>
   </div>
   <div class='ocr_carea' id='block_1_103' title="bbox 308 5471 1875 5553">
    <p class='ocr_par' dir='ltr' id='par_1_103' title="bbox 308 5471 1875 5553">
     <span class='ocr_line' id='line_1_103' title="bbox 308 5471 1875 5553; baseline -0.003 -15"><span class='ocrx_word' id='word_1_643' title='bbox 308 5480 337 5522; x_wconf 72' lang='grc' dir='ltr'>δ</span> <span class='ocrx_word' id='word_1_644' title='bbox 364 5481 602 5553; x_wconf 83' lang='lat' dir='ltr'><strong>Gregor.</strong></span> <span class='ocrx_word' id='word_1_645' title='bbox 647 5477 882 5553; x_wconf 76' lang='lat' dir='ltr'><strong>homilia</strong></span> <span class='ocrx_word' id='word_1_646' title='bbox 919 5481 1006 5536; x_wconf 75' lang='lat'><strong>27.</strong></span> <span class='ocrx_word' id='word_1_647' title='bbox 1049 5477 1129 5533; x_wconf 87' lang='lat' dir='ltr'><strong>De</strong></span> <span class='ocrx_word' id='word_1_648' title='bbox 1162 5471 1261 5534; x_wconf 86' lang='lat' dir='ltr'><strong>his</strong></span> <span class='ocrx_word' id='word_1_649' title='bbox 1302 5474 1360 5533; x_wconf 89' lang='lat' dir='ltr'><strong>in</strong></span> <span class='ocrx_word' id='word_1_650' title='bbox 1387 5474 1575 5547; x_wconf 86' lang='lat' dir='ltr'><strong>gestis</strong></span> <span class='ocrx_word' id='word_1_651' title='bbox 1615 5471 1785 5533; x_wconf 86' lang='lat' dir='ltr'><strong>Nerei</strong></span> <span class='ocrx_word' id='word_1_652' title='bbox 1816 5476 1875 5534; x_wconf 85' lang='lat' dir='ltr'><strong>et</strong></span> 
     </span>
    </p>
   </div>
   <div class='ocr_carea' id='block_1_104' title="bbox 244 5550 813 5613">
    <p class='ocr_par' dir='ltr' id='par_1_104' title="bbox 244 5550 813 5613">
     <span class='ocr_line' id='line_1_104' title="bbox 244 5550 813 5613; baseline -0.012 0"><span class='ocrx_word' id='word_1_653' title='bbox 244 5550 505 5613; x_wconf 57' lang='lat' dir='ltr'><strong>Achillei}</strong></span> <span class='ocrx_word' id='word_1_654' title='bbox 541 5558 611 5610; x_wconf 82' lang='lat'><strong>12</strong></span> <span class='ocrx_word' id='word_1_655' title='bbox 637 5550 813 5609; x_wconf 74' lang='lat' dir='ltr'><strong>Maii.</strong></span> 
     </span>
    </p>
   </div>
   <div class='ocr_carea' id='block_1_105' title="bbox 314 5617 1597 5694">
    <p class='ocr_par' dir='ltr' id='par_1_105' title="bbox 314 5617 1597 5694">
     <span class='ocr_line' id='line_1_105' title="bbox 314 5617 1597 5694; baseline -0.007 -13"><span class='ocrx_word' id='word_1_656' title='bbox 314 5626 549 5694; x_wconf 82' lang='lat' dir='ltr'><strong>Cregor.</strong></span> <span class='ocrx_word' id='word_1_657' title='bbox 581 5624 715 5680; x_wconf 87' lang='lat' dir='ltr'><strong>Tur.</strong></span> <span class='ocrx_word' id='word_1_658' title='bbox 750 5621 822 5679; x_wconf 89' lang='lat' dir='ltr'><strong>de</strong></span> <span class='ocrx_word' id='word_1_659' title='bbox 849 5618 1035 5693; x_wconf 88' lang='lat' dir='ltr'><strong>gloria</strong></span> <span class='ocrx_word' id='word_1_660' title='bbox 1066 5617 1400 5691; x_wconf 68' lang='lat' dir='ltr'><strong>ﬂartyrum,</strong></span> <span class='ocrx_word' id='word_1_661' title='bbox 1434 5631 1484 5675; x_wconf 91' lang='lat' dir='ltr'><strong>c.</strong></span> <span class='ocrx_word' id='word_1_662' title='bbox 1511 5618 1597 5675; x_wconf 72' lang='grc'><strong>45.</strong></span> 
     </span>
    </p>
   </div>
   <div class='ocr_carea' id='block_1_106' title="bbox 1987 4630 3479 4703">
    <p class='ocr_par' dir='ltr' id='par_1_106' title="bbox 1987 4630 3479 4703">
     <span class='ocr_line' id='line_1_106' title="bbox 1987 4630 3479 4703; baseline 0.001 -16"><span class='ocrx_word' id='word_1_663' title='bbox 1987 4634 2183 4703; x_wconf 90' lang='lat' dir='ltr'><strong>nantc,</strong></span> <span class='ocrx_word' id='word_1_664' title='bbox 2217 4630 2543 4688; x_wconf 89' lang='lat' dir='ltr'><strong>debilitatis</strong></span> <span class='ocrx_word' id='word_1_665' title='bbox 2565 4636 2621 4688; x_wconf 90' lang='lat' dir='ltr'><strong>et</strong></span> <span class='ocrx_word' id='word_1_666' title='bbox 2656 4632 2983 4689; x_wconf 90' lang='lat' dir='ltr'><strong>senectutis</strong></span> <span class='ocrx_word' id='word_1_667' title='bbox 3010 4632 3131 4689; x_wconf 91' lang='lat' dir='ltr'><strong>otio</strong></span> <span class='ocrx_word' id='word_1_668' title='bbox 3163 4633 3479 4691; x_wconf 89' lang='lat' dir='ltr'><strong>frueretur.</strong></span> 
     </span>
    </p>
   </div>
   <div class='ocr_carea' id='block_1_107' title="bbox 2061 4719 3625 4796">
    <p class='ocr_par' dir='ltr' id='par_1_107' title="bbox 2061 4719 3625 4796">
     <span class='ocr_line' id='line_1_107' title="bbox 2061 4719 3625 4796; baseline 0 -19"><span class='ocrx_word' id='word_1_669' title='bbox 2061 4720 2583 4793; x_wconf 90' lang='lat' dir='ltr'><strong>Constantinopoli,</strong></span> <span class='ocrx_word' id='word_1_670' title='bbox 2610 4719 2824 4778; x_wconf 88' lang='lat' dir='ltr'><strong>natalis</strong></span> <span class='ocrx_word' id='word_1_671' title='bbox 2846 4720 2900 4776; x_wconf 94' lang='lat' dir='ltr'><strong>S.</strong></span> <span class='ocrx_word' id='word_1_672' title='bbox 2925 4721 3207 4779; x_wconf 90' lang='lat' dir='ltr'><strong>Timothei</strong></span> <span class='ocrx_word' id='word_1_673' title='bbox 3234 4730 3279 4795; x_wconf 83' lang='grc' dir='ltr'><strong>ο,</strong></span> <span class='ocrx_word' id='word_1_674' title='bbox 3300 4721 3531 4796; x_wconf 88' lang='lat' dir='ltr'><strong>quando</strong></span> <span class='ocrx_word' id='word_1_675' title='bbox 3552 4721 3625 4778; x_wconf 89' lang='lat' dir='ltr'><strong>ab</strong></span> 
     </span>
    </p>
   </div>
   <div class='ocr_carea' id='block_1_108' title="bbox 1985 4808 3145 4883">
    <p class='ocr_par' dir='ltr' id='par_1_108' title="bbox 1985 4808 3145 4883">
     <span class='ocr_line' id='line_1_108' title="bbox 1985 4808 3145 4883; baseline 0.002 -16"><span class='ocrx_word' id='word_1_676' title='bbox 1985 4808 2217 4883; x_wconf 88' lang='lat' dir='ltr'><strong>Epheso</strong></span> <span class='ocrx_word' id='word_1_677' title='bbox 2242 4809 2370 4882; x_wconf 90' lang='lat' dir='ltr'><strong>ejus</strong></span> <span class='ocrx_word' id='word_1_678' title='bbox 2401 4823 2568 4867; x_wconf 90' lang='lat' dir='ltr'><strong>sacra</strong></span> <span class='ocrx_word' id='word_1_679' title='bbox 2598 4824 2733 4867; x_wconf 91' lang='lat' dir='ltr'><strong>ossa</strong></span> <span class='ocrx_word' id='word_1_680' title='bbox 2765 4809 2959 4868; x_wconf 88' lang='lat' dir='ltr'><strong>delata</strong></span> <span class='ocrx_word' id='word_1_681' title='bbox 2988 4816 3145 4870; x_wconf 90' lang='lat' dir='ltr'><strong>sunt.</strong></span> 
     </span>
    </p>
   </div>
   <div class='ocr_carea' id='block_1_109' title="bbox 2527 4908 3081 4968">
    <p class='ocr_par' dir='ltr' id='par_1_109' title="bbox 2527 4908 3081 4968">
     <span class='ocr_line' id='line_1_109' title="bbox 2527 4908 3081 4968; baseline 0.005 -3"><span class='ocrx_word' id='word_1_682' title='bbox 2527 4910 2590 4965; x_wconf 91' lang='lat' dir='ltr'><strong>D.</strong></span> <span class='ocrx_word' id='word_1_683' title='bbox 2621 4908 2693 4966; x_wconf 82' lang='lat' dir='ltr'><strong>VI</strong></span> <span class='ocrx_word' id='word_1_684' title='bbox 2724 4910 2883 4967; x_wconf 87' lang='lat' dir='ltr'><strong>IDUS</strong></span> <span class='ocrx_word' id='word_1_685' title='bbox 2912 4911 3081 4968; x_wconf 78' lang='lat' dir='ltr'><strong>MAII.</strong></span> 
     </span>
    </p>
   </div>
   <div class='ocr_carea' id='block_1_110' title="bbox 2648 5007 2967 5085">
    <p class='ocr_par' dir='ltr' id='par_1_110' title="bbox 2648 5007 2967 5085">
     <span class='ocr_line' id='line_1_110' title="bbox 2648 5007 2967 5085; baseline 0.003 -18"><span class='ocrx_word' id='word_1_686' title='bbox 2648 5008 2739 5082; x_wconf 72' lang='lat' dir='ltr'><strong>(l0</strong></span> <span class='ocrx_word' id='word_1_687' title='bbox 2761 5007 2967 5085; x_wconf 75' lang='lat' dir='ltr'><strong>Maii.)</strong></span> 
     </span>
    </p>
   </div>
   <div class='ocr_carea' id='block_1_111' title="bbox 2055 5076 2512 5150">
    <p class='ocr_par' dir='ltr' id='par_1_111' title="bbox 2055 5076 2512 5150">
     <span class='ocr_line' id='line_1_111' title="bbox 2055 5076 2512 5150; baseline 0.004 -18"><span class='ocrx_word' id='word_1_688' title='bbox 2055 5076 2163 5134; x_wconf 84' lang='lat' dir='ltr'><strong>Job</strong></span> <span class='ocrx_word' id='word_1_689' title='bbox 2193 5077 2512 5150; x_wconf 87' lang='lat' dir='ltr'><strong>prepheta.</strong></span> 
     </span>
    </p>
   </div>
   <div class='ocr_carea' id='block_1_112' title="bbox 2058 5162 3627 5238">
    <p class='ocr_par' dir='ltr' id='par_1_112' title="bbox 2058 5162 3627 5238">
     <span class='ocr_line' id='line_1_112' title="bbox 2058 5162 3627 5238; baseline 0.001 -17"><span class='ocrx_word' id='word_1_690' title='bbox 2058 5164 2253 5222; x_wconf 84' lang='lat' dir='ltr'><strong>Roma</strong></span> <span class='ocrx_word' id='word_1_691' title='bbox 2284 5165 2375 5223; x_wconf 88' lang='lat' dir='ltr'><strong>via</strong></span> <span class='ocrx_word' id='word_1_692' title='bbox 2405 5166 2607 5225; x_wconf 89' lang='lat' dir='ltr'><strong>Latina</strong></span> <span class='ocrx_word' id='word_1_693' title='bbox 2636 5166 2691 5224; x_wconf 89' lang='lat' dir='ltr'><strong>in</strong></span> <span class='ocrx_word' id='word_1_694' title='bbox 2722 5166 3059 5226; x_wconf 87' lang='lat' dir='ltr'><strong>coemeterio</strong></span> <span class='ocrx_word' id='word_1_695' title='bbox 3085 5163 3369 5238; x_wconf 88' lang='lat' dir='ltr'><strong>ejusdem,</strong></span> <span class='ocrx_word' id='word_1_696' title='bbox 3411 5162 3627 5223; x_wconf 85' lang='lat' dir='ltr'><strong>natalis</strong></span> 
     </span>
    </p>
   </div>
   <div class='ocr_carea' id='block_1_113' title="bbox 1988 5252 3623 5329">
    <p class='ocr_par' dir='ltr' id='par_1_113' title="bbox 1988 5252 3623 5329">
     <span class='ocr_line' id='line_1_113' title="bbox 1988 5252 3623 5329; baseline 0.004 -19"><span class='ocrx_word' id='word_1_697' title='bbox 1988 5258 2327 5313; x_wconf 89' lang='lat' dir='ltr'><strong>sanctorum</strong></span> <span class='ocrx_word' id='word_1_698' title='bbox 2377 5255 2650 5315; x_wconf 87' lang='lat' dir='ltr'><strong>Gordiani</strong></span> <span class='ocrx_word' id='word_1_699' title='bbox 2697 5261 2756 5316; x_wconf 88' lang='lat' dir='ltr'><strong>et</strong></span> <span class='ocrx_word' id='word_1_700' title='bbox 2795 5254 3123 5328; x_wconf 89' lang='lat' dir='ltr'><strong>Epimachi;</strong></span> <span class='ocrx_word' id='word_1_701' title='bbox 3155 5267 3303 5326; x_wconf 90' lang='lat' dir='ltr'><strong>quos</strong></span> <span class='ocrx_word' id='word_1_702' title='bbox 3335 5252 3623 5329; x_wconf 83' lang='lat' dir='ltr'><strong>Julianus,</strong></span> 
     </span>
    </p>
   </div>
   <div class='ocr_carea' id='block_1_114' title="bbox 2057 5405 3623 5485">
    <p class='ocr_par' dir='ltr' id='par_1_114' title="bbox 2057 5405 3623 5485">
     <span class='ocr_line' id='line_1_114' title="bbox 2057 5405 3623 5485; baseline 0.001 -19"><span class='ocrx_word' id='word_1_703' title='bbox 2057 5405 2089 5447; x_wconf 75' lang='grc' dir='ltr'><strong>ἀ</strong></span> <span class='ocrx_word' id='word_1_704' title='bbox 2141 5407 2303 5485; x_wconf 71' lang='lat' dir='ltr'><strong>Hier.</strong></span> <span class='ocrx_word' id='word_1_705' title='bbox 2367 5408 2440 5467; x_wconf 89' lang='lat' dir='ltr'><strong>de</strong></span> <span class='ocrx_word' id='word_1_706' title='bbox 2495 5408 2711 5482; x_wconf 89' lang='lat' dir='ltr'><strong>script.</strong></span> <span class='ocrx_word' id='word_1_707' title='bbox 2766 5405 2995 5465; x_wconf 87' lang='lat' dir='ltr'><strong>Eccles.</strong></span> <span class='ocrx_word' id='word_1_708' title='bbox 3055 5412 3187 5467; x_wconf 83' lang='grc'><strong>117.</strong></span> <span class='ocrx_word' id='word_1_709' title='bbox 3241 5408 3400 5469; x_wconf 74' lang='lat' dir='ltr'><strong>Buff.</strong></span> <span class='ocrx_word' id='word_1_710' title='bbox 3458 5415 3519 5469; x_wconf 87' lang='grc'><strong>1.</strong></span> <span class='ocrx_word' id='word_1_711' title='bbox 3573 5424 3623 5485; x_wconf 77' lang='grc' dir='ltr'><strong>ι,</strong></span> 
     </span>
    </p>
   </div>
   <div class='ocr_carea' id='block_1_115' title="bbox 1986 5483 3196 5628">
    <p class='ocr_par' dir='ltr' id='par_1_115' title="bbox 1986 5483 3196 5628">
     <span class='ocr_line' id='line_1_115' title="bbox 1986 5483 3196 5628; baseline 0.022 -44"><span class='ocrx_word' id='word_1_712' title='bbox 1986 5483 2251 5611; x_wconf 60' lang='lat' dir='ltr'><strong>ea?</strong></span> <span class='ocrx_word' id='word_1_713' title='bbox 2283 5550 2547 5613; x_wconf 89' lang='lat' dir='ltr'><strong>libellum</strong></span> <span class='ocrx_word' id='word_1_714' title='bbox 2582 5549 2653 5610; x_wconf 89' lang='lat' dir='ltr'><strong>de</strong></span> <span class='ocrx_word' id='word_1_715' title='bbox 2683 5548 2962 5611; x_wconf 86' lang='lat' dir='ltr'><strong>Festivat.</strong></span> <span class='ocrx_word' id='word_1_716' title='bbox 2993 5551 3196 5628; x_wconf 80' lang='lat' dir='ltr'><strong>Apost.</strong></span> 
     </span>
    </p>
   </div>
  </div>
