3992 6170
406 299 510 354 263

1466 291 1524 346 S.
1567 288 1825 346 ADONIS
1855 285 2293 344 ARCHIEPISC.
2337 284 2769 343 VIENNENSIS.

3699 291 3807 344 264

408 419 724 490 imperator
753 419 1042 489 apostata,
1078 413 1232 471 inter
1261 413 1475 472 multos
1517 413 1902 486 Christianos,
1948 431 2050 487 pu-
2075 411 2131 473 A
2159 409 2358 467 subito
2379 409 2520 466 caeci
2547 407 2681 465 facti
2706 411 2861 464 sunt.
2882 407 3202 464 Palmatius
3225 407 3333 466 hoc
3354 407 3808 479 videns,timore

408 505 578 562 blicis
600 505 890 562 custodiis
909 503 1281 575 mancipavit,
1301 503 1535 560 beatum
1552 517 1692 560 vero
1705 503 2044 561 Ianuarium

404 607 603 650 senem
623 595 1033 666 presbyterum
1056 591 1542 664 comprehensum
1567 591 1796 648 cuidam
1817 592 2046 650 Vicario
2085 616 2093 628 ι

405 682 694 740 Gordiano
723 682 794 739 ad
827 681 1178 739 audiendum
1220 679 1486 737 tradidit.
1533 679 1640 747 Qui
1684 681 1918 738 beatum
1956 683 2048 739 Ia-

403 771 671 828 nuarium
705 771 996 844 patienter
1023 771 1288 840 audiens,
1316 770 1530 842 spiritu
1555 769 1654 826 Dei
1681 769 2046 827 illuminatus

403 861 649 917 credere
661 859 1048 932 ccepit.Quem
1065 861 1334 932 protinus
1349 859 1557 916 beatus
1575 859 2046 930 presbyter,cum

405 963 586 1006 uxore
614 949 827 1005 Marina
870 949 1116 1020 nomine,
1160 952 1216 1004 et
1260 947 1474 1005 familia
1517 947 1832 1019 promiscui
1867 962 2045 1005 sexus

403 1052 646 1095 numero
678 1038 1096 1110 quinquaginta
1125 1041 1182 1094 et
1212 1041 1359 1107 tres,
1391 1041 1448 1092 et
1471 1051 1541 1093 eo
1563 1035 1833 1108 amplius,
1860 1037 2048 1108 bapti-

405 1127 578 1184 zavit.
619 1126 779 1194 Quod
823 1127 1038 1184 factum
1077 1126 1324 1184 audiens
1353 1125 1641 1196 Julianus,
1689 1124 1898 1197 plenus
1936 1127 2041 1198 ira,

403 1216 694 1274 damnavit
752 1215 1240 1288 inscriptionibus
1297 1219 1566 1272 sanctum
1633 1215 2043 1287 presbyterum

399 1305 735 1362 Ianuarium
755 1323 770 1374 ;
787 1310 1053 1362 sanctum
1074 1319 1212 1361 vero
1232 1304 1579 1361 Cordianum
1605 1304 1876 1360 similiter
1889 1305 2046 1360 dam-

400 1397 599 1452 natum
622 1395 678 1450 in
692 1394 961 1452 custodia
985 1393 1219 1466 publica
1235 1394 1428 1466 posuit
1449 1398 1653 1464 ;atque
1676 1393 1906 1450 cuidam
1921 1393 2045 1450 Cle-

400 1483 711 1554 mentiano,
730 1497 899 1554 quem
913 1483 1194 1540 vicarium
1209 1483 1338 1554 ejus
1352 1481 1481 1540 loco
1501 1481 2037 1552 dederat,tradidit.

398 1571 648 1630 Uxorem
669 1587 842 1644 porro
861 1572 990 1644 ejus
1005 1571 1075 1628 ad
1092 1573 1286 1642 Aquas
1301 1570 1525 1628 Salvias
1552 1569 1644 1643 (al.
1660 1569 1910 1642 Silenus]
1928 1586 2044 1628 ma-

400 1673 540 1717 nere
555 1661 834 1733 praecepit
851 1661 906 1716 in
939 1660 1183 1717 servitio
1205 1660 1580 1717 rusticorum.
1609 1659 2040 1717 Clementianus

2155 499 2531 571 perterritus,
2567 497 2854 553 nuntiavit
2889 495 3238 568 Alexandro,
3273 500 3450 569 atque
3491 497 3710 556 milites
3747 501 3809 557 in

2155 590 2479 659 conSpectu
2501 585 2630 657 ejus
2651 585 2935 642 exhibuit.
2961 587 3116 642 Tune
3139 585 3316 658 coepit
3341 585 3671 643 Alexander
3693 587 3814 645 cla-

2156 691 2342 733 mare:
2371 676 2414 732 Ο
2437 675 2606 733 cives‘
2626 674 2850 746 optimi,
2881 673 3098 730 videtis
3129 678 3314 731 artem
3344 675 3670 744 magicam?
3699 677 3813 734 Re-

2156 765 2390 837 spondit
2413 763 2764 821 Palmatius:
2788 763 2842 818 Si
2865 778 2969 835 per
2983 763 3265 834 magicam
3280 763 3442 820 istud
3459 765 3674 821 factum
3689 774 3806 837 est,

2156 853 2254 912 ubi
2279 859 2415 911 sunt
2440 855 2696 911 virtutes
2720 853 2960 908 deorum
2985 854 3356 909 nostrorum?
3374 853 3583 909 Iubeat
3609 854 3811 925 itaque

2157 942 2347 1014 pietas
2377 948 2577 1000 vestra
2599 940 2797 998 offerri
2821 945 2878 996 et
2905 940 3188 998 immolari
3209 941 3343 1012 diis,
3372 955 3442 998 ne
3463 946 3664 1013 pereat
3685 957 3813 999 res-

2155 1031 2390 1103 publica
2422 1045 2527 1104 per
2557 1045 2757 1088 eorum
2790 1029 3238 1086 incantationes.
3275 1029 3570 1086 Statuitur
3603 1029 3809 1102 itaque

2155 1119 2302 1192 dies,
2343 1123 2401 1177 et
2445 1119 2732 1193 praeconis
2771 1133 2913 1176 voce
2948 1119 3231 1190 jubentur
3262 1133 3463 1175 omnes
3495 1117 3801 1177 immolare

2153 1209 2460 1280 Mercurio,
2495 1208 2592 1279 qui
2626 1209 2682 1264 in
2717 1207 2860 1265 urbe
2893 1209 3068 1264 Roma
3100 1210 3287 1264 erant.
3321 1209 3559 1264 Factum
3588 1211 3684 1264 est
3709 1223 3810 1266 au-

2153 1301 2292 1367 tem,
2310 1297 2445 1354 dum
2471 1297 2816 1354 funderetur
2839 1297 3079 1367 sanguis
3103 1297 3381 1368 porcinus
3407 1301 3464 1353 et
3490 1296 3805 1369 vitulinus,

2152 1389 2210 1443 et
2247 1385 2590 1444 sacerdotes
2622 1386 3000 1457 virginesque
3041 1385 3472 1443 baccharentur
3512 1399 3617 1458 per
3658 1389 3812 1442 tem-

2153 1472 2310 1546 plum
2335 1474 2637 1547 daemonis,
2673 1490 2785 1532 una
2815 1489 2889 1531 ex
2912 1473 3030 1530 illis
3051 1474 3279 1532 Iuliana
3305 1474 3534 1531 nomine
3564 1479 3807 1548 arrepta

2151 1565 2328 1636 cmpit
2345 1564 2597 1621 clamare
2619 1566 2802 1621 :Deus
2817 1563 3200 1636 Callisti,ipse
3211 1565 3382 1621 vivus
3395 1568 3451 1620 et
3466 1564 3809 1637 verus,ipse

2151 1652 2490 1724 indignatus
2519 1658 2609 1710 est
2637 1652 3060 1726 pollutionibus
3093 1652 3437 1726 reipublicae
3468 1658 3712 1723 vestrae,
3747 1656 3808 1709 et

400 1753 595 1807 autem
639 1765 746 1822 pro
782 1749 1063 1806 tribunali
1107 1749 1396 1820 residens,
1425 1750 1657 1806 beatum
1691 1749 2040 1807 Gordianum
2070 1771 2124 1832 B
2154 1746 2420 1800 conteret
2457 1757 2652 1813 regem
2687 1741 2990 1832 mortalem
3022 1747 3306 1832 vestrum,
3348 1743 3480 1814 quia
3515 1757 3628 1799 non
3670 1741 3811 1832 ado-

401 1837 659 1896 vinctum
683 1837 911 1896 catenis
927 1838 1038 1894 sibi
1065 1839 1412 1911 praesentari
1439 1839 1596 1895 fecit.
1613 1836 1718 1894 Ille
1741 1838 1794 1894 in
1819 1839 2046 1896 confes-

399 1925 562 1983 sione
587 1927 802 1983 Christi
829 1926 1001 1998 fixus,
1029 1927 1128 1984 diu
1157 1926 1476 1998 plumbatis
1506 1927 1795 1995 caeditur;
1829 1927 1885 1983 in
1917 1926 2048 1984 ulti-

396 2027 490 2070 mo
519 2015 714 2086 capite
755 2019 1087 2072 truncatur.
1131 2016 1309 2086 Cujus
1349 2029 1566 2088 corpus
1597 2015 1778 2086 jussit
1809 2015 2044 2086 iniquus

383 2100 572 2193 judex
600 2106 735 2193 ante
760 2101 1042 2193 templum
1077 2102 1431 2193 Apollonisa
1457 2104 1514 2160 in
1552 2103 1788 2161 Tellude
1809 2104 2040 2176 jactari,

397 2190 458 2246 ut
506 2204 538 2246 a
577 2190 822 2248 canibus
858 2191 1188 2248 roderetur.
1238 2191 1402 2259 Quod
1449 2199 1737 2250 nocturno
1780 2197 2044 2266 tempore

397 2277 712 2334 Christiani
746 2279 1066 2351 rapientes,
1120 2279 1371 2336 milliaro
1412 2279 1544 2352 plus
1585 2281 1776 2338 minus
1820 2297 1931 2338 uno
1971 2283 2043 2338 ab

399 2368 543 2424 urbe
583 2368 759 2424 Roma
804 2374 1126 2440 posuerunt
1172 2369 1228 2425 in
1269 2375 1495 2442 crypta,
1546 2371 1642 2428 ubi
1667 2371 1786 2443 jam
1819 2372 2041 2443 pridem

396 2469 614 2528 corpus
647 2455 801 2512 beati
835 2458 1111 2529 martyris
1153 2458 1450 2530 Epimachi
1491 2458 1786 2530 sepultum
1828 2461 2036 2516 fuerat.

396 2542 500 2610 Hic
520 2543 871 2615 Epimachus
895 2545 1048 2616 apud
1073 2543 1483 2601 Alexandriam
1515 2561 1646 2602 cum
1679 2545 1903 2617 collega
1934 2562 2042 2604 suo

397 2629 728 2688 Alexandro
758 2631 942 2690 multo
974 2636 1238 2705 tempore
1271 2633 1328 2689 in
1359 2633 1612 2691 vinculis
1642 2639 1700 2692 et
1731 2636 1788 2690 in
1817 2636 2042 2692 crucia-

395 2719 558 2777 tibus
597 2721 857 2779 carceris
895 2725 1112 2793 tortus,
1153 2737 1284 2780 cum
1321 2722 1380 2779 in
1422 2724 1830 2795 frequentibus
1869 2729 1925 2781 et
1958 2725 2042 2782 di-

395 2809 586 2866 versis
635 2809 947 2882 suppliciis
993 2811 1300 2870 confectus
1351 2813 1734 2886 perdurasset
1790 2814 1846 2869 in
1903 2813 2034 2886 ﬁde,

395 2895 629 2969 ignibus
679 2903 1038 2972 postremum
1087 2901 1474 2974 consumitur,
1520 2901 1730 2960 deinde
1771 2901 2038 2975 reliquize

393 2987 523 3060 ejus
553 2989 790 3046 Romam
819 2988 1143 3047 translatae.

463 3077 608 3132 Item
630 3077 846 3147 Romae,
864 3076 1078 3134 natalis
1101 3078 1155 3134 S.
1174 3079 1470 3152 Calopedii
1493 3081 1654 3138 senis
1679 3082 2032 3153 presbyteri,

393 3162 506 3220 sub
542 3161 872 3220 Alexandro
901 3165 1286 3236 imperatore;
1315 3167 1414 3238 qui
1445 3183 1576 3224 eum
1607 3169 1742 3224 fecit
1773 3169 1962 3226 occidi
2001 3183 2030 3226 a

392 3250 681 3322 Laodicio,
715 3255 774 3308 et
803 3266 1018 3324 corpus
1053 3253 1203 3309 trahi
1252 3269 1356 3326 per
1385 3255 1704 3328 civitatem,
1737 3261 1913 3328 atque
1950 3257 2034 3314 in-

385 3339 618 3412 jactari,
636 3339 730 3398 die
753 3338 1139 3398 Kalendarum
1161 3343 1307 3398 Maii.
1336 3343 1498 3410 Quod
1523 3345 1820 3402 inventum
1844 3346 2032 3418 pisca-

389 3431 552 3485 tores
581 3429 943 3500 levaverunt,
981 3434 1040 3486 et
1083 3437 1467 3489 narraverunt
1500 3433 1610 3490 hoc
1641 3433 1882 3492 Callisto
1910 3437 2031 3508 epi-

390 3531 589 3596 secpqI
623 3519 941 3590 Acceptum
973 3519 1171 3591 itaque
1200 3521 1458 3578 condivit
1492 3520 1637 3578 illud
1667 3525 2028 3582 aromatibus

387 3609 447 3664 et
473 3605 995 3679 linteaminibus,et
1015 3607 1286 3680 sepelivit
1312 3609 1368 3665 in
1391 3611 1731 3667 cmmeterio
1746 3611 2029 3684 ejus,mil—

390 3691 559 3752 liario
587 3695 660 3752 ab
695 3696 845 3752 Urbe
877 3697 1076 3769 tertio,
1110 3697 1167 3753 in
1200 3703 1426 3772 crypta,
1461 3715 1513 3755 v1
1537 3699 1674 3756 idus
1697 3699 1844 3756 Maii.
1870 3702 2026 3759 Tunc

387 3782 717 3842 decollatus
747 3789 839 3842 est
869 3787 942 3844 ab
963 3786 1294 3846 Alexandro
1315 3788 1636 3846 Palmatius
1665 3789 1871 3847 consul
1893 3807 2024 3849 cum

385 3889 566 3932 uxore
585 3879 642 3932 et
668 3875 826 3947 filiis,
842 3878 900 3932 et
923 3874 1058 3932 aliis
1081 3878 1400 3948 promiscui
1423 3892 1602 3936 sexus
1632 3879 1702 3936 de
1727 3880 1896 3937 domo
1919 3896 2024 3939 sua

382 3962 770 4034 quadraginta
781 3963 1032 4020 duobus.
1049 3965 1187 4020 Cum
1202 3965 1416 4035 quibus
1433 3970 1490 4020 et
1513 3967 1847 4038 Simplicius
1861 3983 2029 4027 sena-

379 4053 478 4107 tor
506 4065 638 4107 cum
670 4063 850 4106 uxore
871 4053 930 4105 et
956 4049 1092 4106 filiis
1115 4051 1257 4122 suis,
1278 4055 1335 4108 et
1361 4051 1575 4110 familia
1597 4069 1723 4127 sua,
1751 4056 1871 4114 fere
1895 4073 2027 4130 pro-

382 4136 591 4196 miscui
623 4152 803 4196 sexus
834 4139 1140 4210 sexaginta
1170 4143 1228 4196 et
1261 4144 1414 4213 octo,
1437 4146 1508 4198 ‘et
1549 4143 1710 4200 Felix
1749 4145 2024 4204 similiter

383 4241 516 4286 cum
549 4241 729 4284 uxore
761 4242 866 4285 sua
893 4226 1130 4300 Blanda,
1167 4230 1264 4302 qui
1298 4245 1402 4303 per
1436 4230 1764 4290 doctrinam
1793 4233 2022 4294 Callisti

381 4329 546 4390 papae
567 4319 625 4372 et
649 4314 944 4388 Calepodii
975 4318 1328 4392 presbyteri,
1354 4334 1542 4394 nuper
1573 4323 1802 4380 fuerant
1836 4323 2024 4397 bapti-

381 4404 519 4462 zati.
556 4404 662 4463 Hic
688 4405 840 4462 enim
875 4405 1198 4465 Palmatius
1234 4409 1441 4466 consul
1480 4409 1812 4470 Alexandro
1844 4413 2024 4486 impe-

2065 3127 2116 3191 C

2157 1832 2304 1888 ratis
2326 1833 2656 1888 veritatem.
2677 1832 2933 1889 Audiens
2955 1831 3063 1890 hoc
3086 1831 3428 1903 Palmatius,
3446 1831 3716 1889 cucurrit
3734 1831 3806 1888 ad

2157 1920 2390 1978 beatum
2414 1919 2719 1978 Callistum
2741 1926 2907 1978 trans
2928 1921 3198 1992 Tiberim,
3216 1921 3314 1978 ubi
3337 1925 3462 1978 erat
3483 1919 3679 1977 multit
3691 1921 3808 1980 udo

2155 2009 2639 2081 Christianorum,
2673 2013 2730 2066 et
2764 2010 2976 2066 cecidit
3011 2011 3082 2066 ad
3116 2009 3296 2082 pedes
3326 2009 3493 2081 ejus:
3518 2009 3802 2080 Cognovi,

2154 2097 2362 2170 inquit,
2380 2099 2679 2156 Dominum
2703 2099 2998 2156 Christum
3020 2101 3198 2155 Deum
3221 2113 3356 2155 esse
3377 2113 3600 2169 verum,
3623 2113 3804 2170 quem

2153 2186 2447 2244 daemones
2469 2188 2725 2245 confessi
2749 2192 2885 2245 sunt
2908 2187 3098 2245 hodie.
3124 2189 3236 2244 Per
3258 2188 3449 2260 ipsum
3470 2191 3530 2244 te
3551 2187 3806 2259 conjuro

2154 2281 2214 2333 ut
2232 2276 2450 2333 liberes
2473 2292 2562 2334 me
2581 2292 2610 2334 a
2633 2277 2866 2334 cultura
2889 2278 3232 2347 dmmonum,
3250 2281 3306 2333 et
3329 2277 3593 2348 baptizes
3615 2291 3714 2334 me
3729 2277 3805 2335 si-

2153 2370 2251 2422 cut
2271 2365 2766 2437 praedicas.Quem
2782 2365 3804 2437 B.Callistus,indictojejunio,cate—

2151 2453 2488 2526 chizavit,et
2505 2454 2680 2510 allata
2696 2470 2842 2526 aqua
2861 2454 3316 2526 baptizavit.Qui
3332 2454 3672 2526 baptizatus
3688 2462 3806 2512 cce-

2151 2542 2234 2615 pit
2250 2541 2503 2599 clamare
2519 2562 2532 2598 :
2549 2543 2698 2600 Vere
2711 2543 2828 2600 vidi
2843 2544 3144 2600 Dominum
3157 2545 3354 2600 Iesum
3376 2543 3701 2614 Christum,
3720 2541 3805 2600 lu-

2151 2645 2280 2687 men
2295 2645 2516 2703 verum,
2535 2632 2630 2702 qui
2656 2646 2745 2688 me
2769 2631 3137 2689 illuminavit.
3165 2629 3466 2704 Baptizata
3489 2637 3690 2688 autem
3706 2636 3801 2688 est

2148 2725 2206 2776 et
2238 2721 2426 2776 omnis
2459 2719 2666 2776 domus
2699 2721 2846 2791 ejus.
2885 2721 2970 2777 Ab
2995 2720 3197 2777 eadem
3229 2720 3324 2776 die
3353 2734 3580 2777 omnem
3613 2719 3802 2778 facul-

2149 2811 2331 2864 tatem
2354 2823 2518 2866 suam
2542 2809 2719 2880 coepit
2755 2809 3113 2881 pauperibus
3143 2809 3494 2865 Christianis
3521 2822 3794 2880 erogare,

2149 2898 2483 2970 ubicunque
2512 2898 2934 2970 invenirentur,
2970 2899 3312 2954 ministrans
3343 2897 3430 2954 eis
3469 2898 3699 2955 victum
3737 2902 3796 2955 et

2147 2989 2573 3057 tegumentum.
2606 2989 2744 3044 l’ost
2779 2987 2906 3043 dies
2935 2987 3179 3058 triginta
3211 2986 3534 3058 requiritur
3555 2986 3628 3042 ab
3663 2985 3799 3043 Ale-

2147 3075 2402 3142 xandro;
2443 3075 2774 3132 nuntiatum
2811 3075 2962 3132 enim
3007 3080 3098 3132 est
3139 3077 3190 3132 ei
3233 3076 3387 3147 quod
3417 3074 3797 3133 Christianus

2144 3167 2326 3219 esset.
2370 3164 2588 3220 Tentus
2629 3163 2810 3233 igitur
2853 3179 2883 3220 a
2926 3164 3174 3235 quodam
3204 3165 3443 3221 tribuno
3470 3165 3792 3236 Torquato,

2141 3253 2360 3309 missus
2393 3255 2484 3308 est
2516 3267 2620 3324 per
2641 3253 2903 3310 triduum
2927 3253 2984 3309 in
3007 3253 3275 3310 custodia
3299 3253 3626 3310 Mamurtini
3657 3253 3792 3326 [al.,

2139 3340 2510 3412 Mamertini],
2575 3346 2633 3399 et
2693 3342 2927 3400 vinctus
2981 3347 3376 3414 praesentatur
3431 3341 3794 3400 Alexandro.

2139 3428 2319 3512 Quem
2348 3429 2554 3486 videns
2586 3429 2932 3501 Alexander,
2962 3432 3141 3502 jussit
3177 3430 3346 3504 solvi,
3379 3431 3473 3488 cui
3502 3435 3562 3487 et
3601 3431 3790 3488 dixit:

2137 3518 2231 3575 Sic
2261 3533 2460 3575 amens
2483 3522 2596 3591 est,
2621 3518 2890 3592 Palmati,
2917 3525 2979 3577 ut
3006 3520 3248 3577 deseras
3278 3519 3440 3591 deos,
3466 3523 3524 3576 et
3549 3533 3792 3591 quaeras

2135 3605 2425 3664 hominem
2444 3609 2771 3664 mortuum?
2790 3610 2950 3664 Inter
2962 3607 3073 3665 alia
3099 3608 3403 3681 respondit
3427 3607 3788 3666 Palmatius:

2137 3696 2266 3754 Feci
2300 3698 2466 3768 quasi
2501 3695 2740 3753 infelix:
2785 3697 2954 3754 modo
2990 3701 3185 3755 autem
3225 3697 3471 3769 cognovi
3503 3697 3660 3769 quod
3693 3712 3792 3755 ve-

2135 3800 2263 3842 rum
2295 3791 2407 3842 est.
2439 3788 2596 3844 Tunc
2627 3785 2959 3843 Alexander
2989 3787 3233 3844 tradidit
3265 3802 3396 3844 eum
3429 3785 3664 3844 cuidam
3701 3801 3792 3844 se-

2135 3875 2324 3932 natori
2339 3875 2655 3949 Simplicio,
2673 3880 2737 3933 ut
2754 3880 3057 3934 revocaret
3079 3891 3211 3934 eum
3234 3875 3306 3933 ad
3329 3874 3622 3934 culturam
3644 3876 3791 3934 deo-

2134 3979 2262 4021 rum
2293 3963 2567 4022 mollibus
2596 3965 2812 4022 verbis.
2849 3965 2959 4022 Sed
2987 3963 3308 4022 Palmatius
3331 3964 3612 4037 jejuniiis,
3650 3979 3789 4022 ora-

2132 4051 2394 4110 tionibus
2415 4057 2472 4109 et
2495 4052 2716 4124 vigiliis
2748 4052 3016 4125 studens,
3052 4068 3165 4111 non
3195 4053 3468 4111 cessabat
3500 4051 3786 4124 lacrymis

2130 4141 2310 4197 Deum
2357 4143 2592 4198 Patrem
2639 4142 3098 4214 omnipotentem
3137 4146 3193 4200 et
3236 4141 3536 4199 Dominum
3575 4143 3785 4201 Iesum

2133 4228 2428 4287 Christum
2465 4225 2671 4287 Filium
2702 4230 2830 4302 ejus
2860 4229 3186 4304 deprecari.
3211 4230 3464 4288 Veniens
3485 4233 3687 4288 autem
3711 4229 3786 4288 ad

2129 4331 2261 4375 eum
2293 4317 2527 4390 quidam
2559 4317 2720 4376 Felix
2749 4319 2998 4392 nomine,
3031 4320 3274 4391 rogabat
3306 4334 3439 4378 eum
3463 4333 3569 4393 pro
3591 4333 3784 4378 uxore

2131 4421 2256 4480 sua,
2293 4422 2421 4480 quae
2449 4422 2480 4465 a
2517 4411 2770 4480 quatuor
2809 4409 2975 4467 annis
3008 4410 3242 4482 jacebat
3282 4407 3513 4468 clinica.
3557 4409 3784 4467 Beatus

380 4493 563 4550 ratori
596 4493 742 4552 adeo
769 4495 1004 4568 charus,
1035 4502 1344 4570 acceperat
1378 4499 1451 4556 ab
1478 4513 1548 4558 eo
1577 4504 1934 4574 potestatem
1958 4509 2021 4562 ιιι
2052 4487 2106 4549 D
2132 4495 2474 4572 Palmatius,
2491 4503 2784 4572 prasente
2807 4513 2989 4558 uxore
3011 4497 3292 4572 Simplicii
3314 4502 3371 4555 et
3387 4497 3541 4556 omni
3556 4498 3784 4557 familia

379 4581 744 4640 Christianos
771 4587 1006 4656 cogeret
1042 4585 1397 4645 sacriﬁcare.
1429 4588 1569 4646 Erat
1603 4593 1798 4648 autem
1830 4592 2024 4649 multi-

379 4671 524 4730 tudo
551 4671 1016 4731 Christianorum
1045 4673 1295 4733 collecta
1324 4676 1382 4733 in
1414 4676 1662 4749 quodam
1690 4678 1820 4737 loco
1854 4684 2020 4739 trans

377 4759 649 4834 Tiberim,
667 4763 821 4820 inter
833 4777 981 4836 quos
995 4763 1203 4821 beatus
1219 4764 1498 4825 Callistus
1517 4769 1834 4841 episcopus
1856 4770 2020 4827 urbis

377 4864 510 4910 cum
541 4851 702 4910 clero
733 4866 860 4924 suo,
891 4855 948 4908 et
981 4867 1163 4921 senex
1189 4856 1500 4928 presbyter
1533 4857 1742 4914 beatus
1783 4857 2024 4932 Calepo—

380 4939 546 5008 dius;
575 4938 646 4996 ad
677 4952 825 5011 quos
864 4939 1152 4997 tenendos
1191 4939 1514 5000 Palmatius
1553 4942 1759 5001 consul
1799 4944 2018 5002 milites

379 5027 614 5086 direxit.
633 5027 741 5097 Qui
764 5029 1016 5100 ingressi
1047 5029 1146 5087 ubi
1168 5035 1294 5088 erat
1319 5035 1656 5089 sanctorum
1679 5031 2014 5108 multitudo,

447 5185 476 5216 ιι
504 5176 582 5236 In
616 5179 872 5238 Tellude.
917 5179 1072 5237 idem
1112 5183 1338 5239 oecurit
1381 5181 1530 5240 infra
1567 5197 1678 5240 xxx
1705 5183 1843 5242 Iulii
1876 5191 1934 5243 et
1963 5201 2018 5244 γι

381 5248 654 5328 Augusti.
667 5253 810 5308 Acta
836 5265 977 5308 mss.
1005 5249 1256 5328 Cornelii
1281 5268 1599 5328 papmxxiv
1621 5255 2013 5328 Septembris:

380 5319 857 5404 aEﬁxhibit'usque
879 5327 971 5380 est
1003 5324 1057 5379 ei
1072 5319 1434 5404 _noctu,_'et'in
1453 5319 2018 5404 Tel_lude;__praefecto

374 5403 612 5515 ﬁneque
637 5391 810 5450 Urbis
839 5399 1148 5477 praesente,
1180 5391 1438 5452 auditus.
1469 5413 1498 5448 »
1531 5399 1676 5454 Acta
1696 5391 2012 5482 Hippolyti,

426 5461 613 5515 usebn
645 5466 705 5515 et
738 5478 1050 5515 sociorum-
1083 5481 1122 5515 ιῐ
1149 5467 1417 5515 Decemb-
1447 5486 1460 5515 :
1499 5488 1527 5515 α
1558 5471 1616 5515 In
1641 5468 1878 5515 Tellndp.
1901 5473 2012 5515 min

426 5461 705 5543 usebii_et
738 5461 1050 5543 sociorum,
1081 5461 1417 5543 u’l_)ecemb.
1447 5486 1460 5523 :
1499 5488 1527 5524 ‹‹
1558 5461 1878 5543 In_Tellude
1901 5461 2015 5528 sibi

375 5531 638 5616 tribunal
668 5537 862 5616 parari
894 5531 1114 5616 fecit.»
1145 5537 1440 5616 Templum
1468 5544 1592 5616 est,
1618 5540 1673 5597 in
1704 5555 1819 5614 quo
1840 5555 2016 5616 saepe

378 5606 624 5667 senatus
636 5606 766 5681 cogi
779 5608 1177 5683 consuevit,ut
1191 5606 1434 5684 apparet
1447 5625 1522 5673 ex
1533 5606 2016 5688 Ciceronemioiie

2131 4587 2345 4646 cecidit
2387 4587 2445 4645 in
2487 4592 2728 4662 terram,
2770 4593 2828 4646 et
2869 4604 3000 4648 cum
3038 4588 3312 4661 lacrymis
3351 4603 3522 4648 orare
3551 4589 3779 4662 empit:

2128 4677 2366 4736 Domine
2397 4680 2572 4751 Deus,
2608 4678 2706 4751 qui
2732 4677 3078 4737 illuminasti
3102 4693 3336 4737 servum
3365 4683 3552 4750 tuum,
3577 4683 3638 4736 et
3678 4678 3784 4738 do-

2130 4768 2284 4824 nasti
2317 4768 2456 4825 mihi
2487 4767 2684 4826 lumen
2722 4771 3006 4827 aeternum
3043 4769 3348 4827 Dominum
3381 4770 3580 4827 Iesum
3613 4768 3782 4828 Chri-

2129 4859 2307 4928 stum,
2343 4855 2504 4913 salva
2535 4855 2806 4914 ancillam
2837 4861 2998 4914 tuam
3028 4857 3324 4930 Blandam,
3347 4862 3407 4914 et
3433 4856 3622 4916 alleva
3644 4871 3777 4915 eam

2129 4942 2383 5001 delecto
2423 4942 2665 5018 doloris,
2707 4948 2771 5004 ut
2812 4950 3167 5018 cognoscant
3209 4959 3412 5004 omnes
3443 4944 3578 5020 quia
3607 4947 3677 5004 tu
3708 4958 3778 5004 es

2130 5033 2371 5092 Creator
2400 5033 2654 5093 omnium
2683 5049 2898 5094 rerum.
2930 5033 3070 5102 Quae
3107 5033 3268 5094 illico
3304 5049 3446 5094 sana
3485 5035 3774 5094 surrexit.

2125 5191 2182 5269 et
2199 5185 2348 5269 aliis.
2366 5188 2474 5244 Ubi
2489 5186 2655 5269 locus
2669 5187 2974 5269 hic'fuerit,
2987 5187 3324 5269 exprimunt
3349 5189 3504 5269 Acta.
3518 5181 3775 5269 Abun‘dii

2127 5263 2184 5341 et
2218 5259 2509 5341 sociorum
2535 5279 2550 5341 ξ
2576 5279 2604 5341 gr
2625 5260 2810 5341 Iussit
2844 5257 3244 5341 Diocletianus
3257 5259 3506 5341 produci
3529 5262 3776 5316 sanctos

2126 5329 2198 5387 de
2225 5331 2494 5402 custodia
2523 5330 2852 5402 Abundium
2883 5333 2940 5387 et
2977 5329 3390 5402 Abundatium,
3425 5335 3484 5386 et
3518 5345 3777 5402 prasen-

2123 5401 2237 5484 tari
2264 5403 2328 5484 in
2357 5400 2703 5484 Tellude,.i‘n
2735 5403 2882 5484 foro,
2913 5406 3060 5484 ante
3099 5399 3411 5484 templum.
3455 5420 3484 5484 ῃ
3517 5399 3777 5484 ριξιρὶηοο

2124 5472 2360 5600 ἔξὲἓὲωυ
2389 5471 2796 5546 compositum,
2813 5471 2875 5531 ut
2905 5473 3170 5532 Telludis
3194 5471 3271 5530 sit
3306 5471 3473 5546 quasi
3510 5471 3779 5532 Telluri:

2125 5558 2304 5603 ωαθε.
