3992 6170
224 260 317 316 265

965 257 1568 315 MARTYROLOGIUM
1610 259 1751 316 CUM
1792 239 2319 341 ADDITAMENTIS.
2362 290 2432 301 --
2470 260 2655 318 MENS
2690 263 2861 320 MAII.

3506 278 3615 333 266

224 379 375 470 Quod
407 379 689 470 videntes
715 378 1048 451 Simplicius
1079 385 1135 437 et
1161 381 1340 453 Felix,
1367 385 1423 438 et
1448 380 1659 454 reliqui
1684 381 1779 454 qui
1805 381 1861 438 in
1894 387 1949 449 Α
2048 383 2183 454 Ipso
2208 381 2319 453 die,
2338 381 2525 438 sancti
2553 383 2797 442 Servatii
2815 387 3168 458 Tungrensis
3190 391 3468 454 Ecclesia
3491 400 3613 470 epi-

226 469 384 525 domo
405 467 692 541 Simplicii
714 472 902 539 erant,
922 474 1223 542 coeperunt
1244 483 1452 541 urgere
1476 472 1709 527 beatam
1733 470 1860 526 Pal-

223 558 456 614 matium
492 562 553 613 ut
590 558 1048 629 haptizarentur.
1079 558 1185 625 Qui
1212 561 1451 616 mittens
1473 560 1703 617 vocavit
1731 574 1860 615 san-

218 652 367 704 ctum
401 646 732 716 Callistum,
768 650 826 702 et
859 646 1140 719 baptizati
1165 652 1299 705 sunt
1327 663 1527 706 omnes
1550 649 1606 705 in
1631 649 1859 705 nomine

217 736 434 792 Domini
466 737 604 792 Jesu
641 735 878 791 Christi.

276 827 425 881 Item
459 828 655 882 Roma
686 826 777 881 via
810 826 1009 882 Latina
1040 826 1112 883 ad
1145 827 1387 884 Centum
1438 825 1590 897 aula,
1642 824 1857 883 natalis

225 920 558 975 sanctorum
593 913 795 981 Quarti
827 919 884 971 et
919 914 1137 980 Quinti.

754 1014 813 1069 E.
858 1013 902 1067 V
943 1014 1103 1069 IDUS
1140 1014 1309 1069 MAI].

868 1110 953 1183 (Η
996 1110 1200 1183 Maii.)

280 1212 471 1267 Roma
505 1209 599 1266 via
631 1206 851 1265 Salaria
877 1207 1150 1265 milliario
1176 1208 1458 1279 vigesimo
1480 1208 1739 1266 secundo
1760 1224 1857 1267 na-

214 1300 341 1358 talis
370 1299 566 1356 sancti
602 1298 878 1354 Antbimi.

278 1390 532 1459 Vienna,
562 1387 716 1443 beati
739 1387 997 1443 Mamerti
1022 1386 1305 1459 episcopi,
1335 1386 1433 1458 qui
1460 1388 1533 1443 ob
1560 1387 1856 1444 imminen-

218 1485 320 1535 tem
352 1477 604 1547 cladem,
641 1476 932 1533 solemnes
975 1480 1111 1533 ante
1164 1476 1580 1534 Ascensionem
1630 1477 1852 1534 Domini

218 1567 438 1625 litanias
463 1566 748 1623 instituit.

734 1665 791 1719 F.
834 1663 905 1719 IV
945 1664 1105 1719 IDUS
1154 1664 1323 1719 MAII.

867 1752 960 1824 (42
994 1749 1201 1822 Maii.)

278 1851 487 1922 Roma,
524 1849 582 1906 in
613 1848 952 1906 coemeterio
985 1848 1353 1917 Pratextati,
1382 1845 1596 1903 natalis
1620 1849 1850 1905 sancto-

223 1955 337 1998 rum
366 1942 692 2009 martyrum
725 1937 894 1993 Nerei
928 1940 983 1992 et
1020 1935 1263 1991 Achillei
1297 1936 1564 2007 fratrum,
1601 1936 1698 2007 qui
1732 1937 1851 1993 fue-

219 2034 338 2086 runt
370 2027 607 2084 eunichi
642 2028 700 2081 B.
737 2025 948 2081 Blavia
980 2024 1309 2096 Domitilla,
1346 2026 1561 2096 quique
1603 2040 1733 2081 cum
1781 2039 1848 2081 ea

222 2117 357 2190 apud
388 2114 643 2172 insulam
674 2113 935 2170 Pontiam
967 2112 1201 2183 longum
1234 2128 1339 2185 pro
1389 2113 1622 2169 Christo
1672 2113 1849 2169 duxe-

222 2221 331 2262 rum
352 2204 646 2261 exsilium.
670 2204 808 2259 Post
819 2201 1047 2258 modum
1070 2216 1208 2259 vero
1221 2202 1292 2258 ab
1309 2202 1619 2258 Aureliano
1633 2216 1849 2275 sponso

222 2293 512 2351 Domitilla
536 2293 733 2364 (quem
754 2291 881 2363 ipsa
903 2291 977 2347 ob
1000 2306 1253 2347 amorem
1277 2291 1493 2347 Christi
1518 2290 1847 2364 spreverat)

228 2385 389 2456 primo
435 2382 788 2439 verberibus
835 2382 1204 2451 gravissimis
1256 2381 1579 2452 attrectati,
1637 2379 1847 2436 deinde

229 2473 465 2529 Memmio
499 2472 590 2543 [al
615 2472 901 2542 Mummio,
933 2472 993 2527 et
1026 2470 1307 2541 Memmio]
1345 2472 1511 2526 Ruﬁ‘o
1551 2468 1846 2527 consulari

232 2566 347 2617 sunt
376 2561 597 2631 traditi,
633 2576 664 2615 a
696 2575 810 2632 quo
840 2575 970 2616 cum
1002 2559 1253 2630 equuleo
1292 2564 1348 2614 et
1403 2559 1648 2615 flammis
1697 2573 1850 2614 com-

234 2650 568 2720 pellerentur
599 2650 672 2705 ad
703 2648 1114 2705 immolandum
1165 2652 1221 2704 et
1274 2648 1535 2704 dicerent
1589 2662 1652 2704 se
1702 2662 1732 2703 a
1785 2648 1843 2701 B.

233 2738 386 2794 Petro
441 2737 709 2810 apostolo
768 2738 1120 2809 baptizatos,
1184 2735 1340 2794 nulla
1393 2737 1620 2793 ratione
1673 2750 1848 2809 posse

237 2826 391 2883 idolis
428 2827 743 2897 immolare,
777 2827 970 2898 capite
1019 2826 1157 2881 casi
1210 2830 1365 2882 sunt.
1422 2825 1677 2891 Quorum
1727 2840 1851 2881 cor-

236 2930 361 2987 pora
392 2916 926 2988 rapuit‘Auspicius
967 2914 1294 2987 discipulus
1343 2930 1565 2985 eorum,
1593 2915 1850 2971 nutritor

237 3010 397 3060 santa
424 3005 664 3076 virginis
698 3003 1007 3061 Domitilla
1040 3018 1167 3074 qua
1199 3003 1373 3058 etiam
1426 3003 1707 3059 navicula
1750 3003 1850 3058 im-

1970 470 2136 543 sc0pi
2171 490 2182 525 :
2218 470 2315 542 qui
2352 475 2614 544 tempore
2646 487 2762 544 quo
2804 476 2991 533 Hunni
3026 476 3383 539 Germaniam
3416 490 3612 544 vasta-

1969 561 2128 631 bant,
2157 575 2227 615 ne
2258 560 2517 616 civitatis
2550 566 2726 632 atque
2756 563 3024 622 ecclesia
3062 581 3183 624 sua
3205 562 3611 633 videret’exci-

1969 647 2145 719 dium,
2170 649 2394 705 Domini
2427 649 2785 709 revelatione
2827 655 3231 728 commonitus,
3266 661 3505 718 transiit
3536 663 3610 721 ad

1968 738 2156 794 vicum
2187 737 2644 808 Trajectensium
2671 759 2685 809 ;
2730 741 2926 814 ibique
2956 743 3290 818 defunctus,
3323 752 3498 820 atque
3551 752 3607 810 in

1968 825 2158 883 medio
2191 826 2442 898 publicis
2472 829 2703 898 aggeris
2727 834 2816 886 est
2854 831 3145 903 sepultus.
3174 834 3259 891 Oh
3284 837 3454 909 cujus
3496 854 3611 897 me-

1967 914 2144 971 ritum
2201 915 2533 973 hominibus
2591 916 3112 978 demonstrandum
3163 939 3294 981 cum
3346 931 3610 1000 tempore

1965 1002 2171 1060 hiemis
2200 1004 2389 1061 omnia
2440 1004 2497 1061 in
2544 1006 2797 1065 circuitu
2846 1009 2946 1064 nix
2988 1011 3262 1084 repleret,
3313 1028 3608 1088 nunquam

1966 1091 2302 1164 sepulcrum
2347 1092 2474 1164 ejus
2525 1096 2778 1167 cperuit,
2824 1097 3010 1155 donec
3052 1098 3343 1160 industria
3395 1103 3610 1164 civium

1966 1181 2209 1240 basilica
2243 1198 2422 1256 super
2452 1182 2644 1255 ipsum
2676 1185 2965 1244 aedificata
2996 1194 3105 1247 est.

2414 1291 2478 1357 Α.
2519 1291 2760 1347 PRIDIE
2800 1293 2960 1350 IDUS
2997 1295 3166 1354 MA".

2620 1389 2710 1461 (μ
2737 1391 2942 1463 Maii.)

2034 1482 2228 1540 Sancti
2278 1484 2471 1541 Patris
2520 1487 2711 1542 nostri
2751 1489 3113 1563 Pachomiib,
3149 1492 3413 1564 quicum
3444 1502 3608 1556 esset

1963 1572 2133 1629 factis
2157 1573 2500 1646 apostolica
2518 1575 2724 1645 gratia
2739 1577 3004 1651 insignis,
3023 1580 3382 1656 fundatoque
3401 1584 3610 1662 Egyp-

1964 1662 2006 1717 ti
2038 1664 2459 1736 coenobiorum,
2487 1665 2729 1738 scripsit
2751 1670 3167 1730 monachorum
3186 1674 3442 1749 regulas,
3461 1692 3607 1749 quas

1884 1752 1938 1811 B
1969 1751 2175 1833 angelo
2219 1752 2480 1811 dictante
2527 1754 2845 1829 dedicerat,
2900 1759 3073 1817 simul
3121 1765 3178 1819 et
3218 1762 3291 1820 de
3344 1769 3607 1840 tempore

1959 1828 2251 1899 Paschali.

2031 1932 2165 2003 Ipso
2197 1932 2290 1989 die
2322 1932 2379 1989 in
2427 1933 2612 2005 Syria,
2666 1933 2879 1992 natalis
2926 1936 3183 1997 Victoris
3230 1944 3289 1997 et
3339 1943 3602 2015 Corona,

1960 2021 2071 2076 sub
2102 2021 2394 2077 Antonino
2424 2022 2800 2095 imperatore,
2835 2025 2981 2081 duce
3013 2025 3380 2087 Alexandria
3401 2031 3607 2088 Sebas-

1961 2110 2139 2166 tiano.
2166 2110 2304 2167 Erat
2330 2113 2522 2167 autem
2545 2111 2747 2167 Victor
2777 2113 2944 2170 miles
2968 2130 2998 2171 a
3032 2116 3255 2189 Cilicia,
3284 2118 3378 2175 cui
3405 2119 3608 2177 Sebas-

1962 2198 2155 2255 tianus
2177 2200 2232 2254 in
2255 2200 2626 2256 confessione
2639 2199 2773 2257 fidei
2787 2202 3078 2274 confringi
3093 2203 3333 2278 digitos,
3351 2211 3411 2264 et
3433 2207 3605 2266 evelli

1953 2288 2132 2358 jussit
2153 2302 2377 2359 ungues
2401 2303 2430 2346 a
2452 2294 2607 2361 cute,
2635 2290 2843 2346 deinde
2867 2290 3029 2349 illum
3058 2294 3115 2349 in
3138 2294 3427 2352 caminum
3452 2297 3605 2369 ignis

1959 2376 2133 2448 mitti,
2160 2378 2256 2434 ubi
2278 2378 2479 2434 triduo
2514 2393 2879 2451 permanens,
2902 2395 3016 2437 non
3047 2386 3138 2438 est
3165 2384 3363 2445 Iasus.
3390 2387 3608 2447 Deinde

1957 2480 2242 2523 venenum
2263 2467 2694 2537 biberejussus,
2720 2482 2835 2525 non
2848 2473 2938 2526 est
2956 2476 3243 2544 mortuus,
3270 2475 3374 2531 sed
3398 2476 3609 2533 venefi-

1959 2568 2089 2612 cum
2123 2556 2320 2627 potius
2344 2555 2415 2611 ad
2447 2555 2618 2612 fidem
2660 2559 2974 2616 convertit.
3002 2561 3215 2617 Postea
3233 2561 3464 2631 jussum
3489 2570 3602 2638 est,

1960 2658 2172 2700 nervos
2203 2644 2474 2716 corporis
2513 2645 2638 2715 ejus
2678 2646 2807 2702 tolli
2834 2665 2849 2714 ;
2882 2647 3094 2705 deinde
3126 2647 3318 2706 oleum
3353 2651 3607 2711 bulliens

1961 2732 2111 2788 mitti
2136 2733 2193 2788 in
2217 2733 2504 2804 pudendis
2527 2733 2672 2804 ejus.
2692 2736 2833 2791 Post
2858 2735 3164 2806 hocjussit
3190 2737 3491 2811 lampades
3517 2756 3607 2799 ar-

1960 2821 2166 2877 dentes
2191 2836 2477 2892 suspenso
2497 2822 2567 2877 ad
2593 2822 2776 2879 latera
2801 2823 3082 2895 applicari
3110 2845 3122 2881 :
3160 2832 3294 2898 post
3330 2829 3453 2886 hac
3486 2844 3610 2888 ace-

1959 2913 2082 2966 tum
2119 2913 2175 2966 et
2216 2908 2476 2966 calceum
2515 2910 2688 2966 simul
2728 2911 2984 2982 misceri,
3021 2917 3078 2968 et
3132 2914 3256 2969 dari
3290 2916 3344 2971 ei
3379 2917 3435 2973 in
3468 2933 3603 2989 ore;

1961 2997 2168 3053 deinde
2190 2997 2396 3054 oculos
2428 2998 2574 3055 erui.
2620 2998 2839 3055 Deinde
2875 3000 3075 3057 triduo
3102 3000 3281 3070 jussit
3307 3004 3608 3077 capiteju-

242 3093 425 3165 posita,
458 3094 722 3163 adduxit,
757 3098 817 3149 et
863 3093 919 3148 in
963 3093 1183 3165 pradio
1214 3092 1523 3148 Domitillae
1556 3093 1610 3147 in
1644 3096 1849 3164 crypta
1883 3107 1931 3170 ρ
1961 3102 2086 3143 sum
2110 3086 2237 3158 (aL,
2273 3087 2448 3157 ioum,
2482 3088 2550 3144 id
2587 3088 2679 3144 est
2703 3087 3004 3161 deorsum)
3038 3091 3352 3163 suSpendi;
3386 3097 3443 3149 et
3470 3095 3605 3154 dum

240 3183 469 3238 arenaria
502 3182 795 3254 sepelivit,
812 3182 901 3238 via
934 3181 1248 3238 Ardeatina
1281 3196 1311 3237 a
1336 3196 1501 3237 muro
1534 3181 1706 3237 Urbis
1731 3180 1855 3236 mil-

240 3268 380 3326 liario
409 3287 517 3329 uno
550 3272 749 3327 semis.

299 3360 424 3415 ltem
444 3361 533 3417 via
557 3359 813 3429 Aurelia,
842 3357 1113 3415 milliario
1138 3357 1639 3429 secundo,natalis
1664 3358 1849 3415 sancti

241 3447 499 3505 Pancratii
551 3447 1014 3518 martyriszqui
1062 3463 1194 3503 cum
1243 3452 1402 3503 esset
1450 3462 1731 3504 annorum
1772 3448 1853 3503 vi-

235 3536 358 3606 ginti
386 3543 652 3609 quatuor,
678 3537 786 3593 sub
835 3535 1196 3591 Diocletiano
1248 3536 1589 3606 martyrium
1641 3536 1855 3607 capitis

238 3624 651 3683 detruncatione
690 3624 1025 3696 complevit.
1065 3625 1241 3696 Cujus
1292 3625 1674 3681 reverendum
1725 3639 1853 3681 cor-

242 3729 331 3784 pus
357 3716 629 3773 Octavilla
664 3714 916 3771 illustris
942 3715 1149 3770 femina
1182 3714 1414 3770 occulte
1446 3719 1623 3770 noctu
1657 3713 1853 3770 subla-

243 3806 358 3875 tum,
389 3805 747 3862 aromatibus
786 3804 1083 3860 conditum
1127 3802 1401 3875 sepelivit
1433 3819 1486 3858 rv
1528 3803 1665 3859 Idus
1698 3802 1846 3857 Maii.

297 3894 488 3950 Eodem
510 3895 572 3949 B.
600 3894 857 3964 Dionysii
879 3903 906 3931 ιι
947 3894 1137 3965 patrui
1173 3892 1326 3948 beati
1350 3889 1851 3962 Pancratii,cujus

238 3981 408 4039 studio
437 3984 586 4040 idem
615 3982 963 4039 Pancratius
996 3986 1055 4039 et
1087 3981 1443 4054 baptizatus,
1478 3986 1537 4037 et
1561 3982 1615 4036 in
1643 3982 1851 4037 timore

234 4069 430 4128 Domini
468 4072 840 4129 confortatus
884 4072 955 4127 ad
1006 4071 1348 4142 martyrium
1396 4070 1685 4127 animatus
1735 4075 1847 4142 est,

234 4158 343 4231 ipse
368 4177 493 4218 cum
544 4160 803 4234 pramiis
848 4160 1214 4231 caléstibus,
1267 4161 1481 4217 charus
1531 4164 1591 4216 et
1639 4159 1851 4229 dignus

233 4247 350 4321 Deo,
382 4251 437 4307 in
468 4265 611 4323 pace
642 4249 794 4306 diem
826 4249 960 4305 vita
993 4247 1165 4318 hujus
1196 4247 1430 4306 clausit.

291 4338 389 4395 Sed
418 4346 477 4396 et
510 4345 648 4396 tunc
682 4337 962 4410 temporis
1015 4351 1188 4410 passa
1239 4342 1329 4394 est
1377 4337 1542 4409 virgo
1575 4337 1852 4395 sacratis-

231 4424 356 4484 sima
383 4427 649 4485 Sotheris
700 4427 950 4499 nomine,
984 4429 1043 4483 et
1092 4441 1305 4499 genere
1336 4426 1551 4484 nobilis
1583 4427 1693 4484 sub
1721 4426 1850 4484 Dio-

226 4514 457 4574 cletiano
490 4520 779 4588 Augusto.

282 4606 488 4664 Eodem
523 4606 617 4663 die
649 4605 803 4678 apud
843 4606 1111 4679 Cyprum,
1148 4606 1202 4663 S.
1256 4604 1447 4663 Patris
1479 4603 1703 4662 nostris
1733 4603 1859 4678 Epi-

218 4693 421 4770 phanii,
454 4696 781 4754 Salamina.

735 4796 798 4853 G.
840 4795 914 4850 III
956 4795 1115 4851 IDUS
1153 4795 1326 4852 MAII.

832 4924 837 4929 .
885 4885 977 4957 (ιδ
1003 4884 1183 4957 Maii)

279 4973 500 5034 Natalis
533 4977 587 5034 S.
608 4974 802 5032 Maria
825 4975 897 5031 ad
927 4975 1229 5046 Martyres.
1258 4974 1450 5031 Phoca
1476 4972 1851 5045 imperatore,

211 5064 418 5122 beatus
449 5066 781 5123 Bonifacius
823 5080 970 5137 papa
1012 5064 1070 5121 in
1119 5065 1306 5121 veteri
1350 5064 1482 5119 fano
1516 5061 1671 5134 quod
1714 5062 1858 5116 Pan-

210 5153 384 5212 theon
416 5157 763 5226 vocabatur,
788 5154 1000 5211 ablatis
1024 5152 1315 5235 idolatria
1347 5152 1650 5223 sordibus,
1677 5148 1859 5207 eccle-

207 5244 348 5302 siam
382 5245 569 5301 beata
601 5259 834 5317 semper
859 5244 1111 5315 Virginis
1134 5243 1325 5300 Maria
1346 5246 1405 5300 et
1428 5241 1682 5299 omnium
1711 5254 1858 5296 mar-

206 5339 400 5406 tyrum
450 5333 765 5393 dedicavit.
821 5334 998 5406 Cujus
1042 5332 1428 5392 dedicationis
1460 5328 1856 5391 sacratissima

202 5423 336 5483 dies
364 5425 561 5497 agitur
592 5428 791 5483 Roma
821 5441 886 5484 Ill
917 5426 1055 5483 ldus
1087 5423 1234 5483 Maii.

273 5559 307 5590 ι
335 5551 417 5608 De
447 5565 516 5608 eo
548 5551 603 5608 in
634 5552 820 5624 gestis
851 5551 1112 5624 ejusdem
1143 5550 1454 5611 Pancratii.

538 5897 800 5962 Punon.
850 5898 1129 5965 CXXIII.

1964 3175 2152 3231 adhuc
2177 3175 2451 3247 spiraret,
2465 3175 2643 3244 jussit
2675 3191 2806 3232 eum
2840 3176 3152 3234 excoriari.
3191 3180 3348 3237 Tunc
3381 3183 3605 3242 Corona

1963 3278 2094 3319 cum
2117 3268 2272 3320 esset
2301 3279 2448 3320 uxor
2464 3265 2767 3336 cujusdam
2798 3264 3023 3337 militis,
3060 3268 3238 3339 capit
3273 3270 3610 3331 beatificare

1963 3357 2231 3409 sanctum
2254 3352 2547 3409 Victorem
2577 3370 2682 3426 pro
2725 3354 3220 3427 gloria‘martyrii.
3248 3358 3315 3413 Et
3342 3359 3477 3417 dum
3498 3361 3610 3420 hoc

1964 3443 2203 3513 faceret,
2242 3442 2384 3499 vidit
2418 3444 2563 3501 duas
2613 3459 2863 3502 coronas
2894 3445 2965 3502 de
2997 3445 3147 3503 coelo
3180 3446 3400 3521 lapsas,
3437 3464 3609 3508 unam

1961 3531 2204 3603 Victori,
2239 3538 2295 3588 et
2329 3531 2571 3589 alteram
2621 3533 2730 3590 sibi
2774 3536 3027 3592 missam.
3084 3538 3341 3609 Cumque
3392 3542 3447 3595 et
3499 3540 3610 3599 hoc

1960 3620 2190 3676 cunctis
2214 3621 2587 3678 audientibus
2604 3626 3051 3694 protestaretur,
3075 3628 3237 3681 tenta
3260 3629 3350 3682 est
3376 3640 3407 3682 a
3430 3626 3608 3697 duce;

1955 3705 2303 3779 jussumque
2333 3714 2423 3764 est
2459 3710 2605 3765 duas
2638 3712 2880 3768 arbores
2904 3711 3109 3783 palma
3131 3714 3364 3770 curvari
3389 3715 3610 3772 adinvi-

1960 3812 2105 3869 cem,
2132 3801 2189 3853 et
2220 3798 2522 3854 canabinis
2548 3799 2782 3856 funibus
2806 3799 2973 3870 ligari
3001 3802 3284 3858 Coronam
3309 3803 3365 3859 in
3389 3804 3611 3862 utrius-

1961 3900 2071 3957 que
2094 3887 2360 3942 manihus
2373 3890 2429 3941 et
2457 3887 2726 3959 pedibus,
2744 3892 2800 3943 et
2817 3887 2900 3943 sic
2918 3889 3161 3946 arbores
3183 3889 3421 3949 dimitti.
3441 3891 3608 3959 Quod

1961 3974 2096 4031 dum
2130 3973 2316 4047 fleret,
2344 3975 2528 4032 divisa
2561 3980 2647 4032 est
2683 3978 2907 4033 Corona
2932 3976 2988 4032 in
3024 3977 3170 4036 duas
3194 3984 3415 4053 partes,
3440 3985 3496 4039 et
3522 3982 3610 4040 sic

1961 4066 2197 4119 aterna
2218 4064 2356 4119 vita
2369 4078 2644 4120 coronam
2668 4066 2917 4137 accepit.
2936 4066 3071 4123 Erat
3097 4071 3289 4125 autem
3312 4070 3610 4128 sexdecim

1960 4166 2262 4209 annorum.
2296 4153 2453 4208 Tunc
2501 4167 2732 4224 quoque
2762 4154 2966 4210 Victor
3006 4156 3355 4232 decollatus,
3391 4163 3449 4216 et
3483 4159 3611 4235 ipse

1958 4239 2224 4298 victoria
2250 4241 2522 4314 perennis
2544 4241 2901 4313 triumphum
2926 4245 3158 4303 meruit.

2535 4337 2594 4393 B.
2640 4338 2872 4397 IDIBUS
2910 4340 3080 4400 MAII.

2617 4435 2711 4509 (43
2735 4436 2943 4511 Maii.)

2036 4530 2237 4589 Natale
2267 4535 2604 4591 sanctorum
2645 4536 3050 4593 confessorum
3096 4538 3395 4616 Torquati,
3431 4543 3614 4603 Ctesi-

1967 4620 2510 4695 phontis,Secundi,
2535 4624 2832 4697 Indalecii,
2870 4626 3107 4699 Caecilii,
3132 4629 3318 4701 Esitii,
3355 4632 3614 4705 Euphra-

1967 4709 2058 4768 sii.
2086 4710 2193 4778 Qui
2217 4712 2411 4769 Roma
2434 4727 2465 4769 a
2489 4713 2712 4771 sanctis
2736 4715 3025 4787 apostolis
3044 4716 3308 4790 episcopi
3332 4720 3608 4790 ordinati,

1965 4804 2022 4857 et
2055 4800 2127 4857 ad
2152 4801 2585 4873 pradicandum
2616 4805 2859 4861 verbum
2884 4805 2985 4862 Dei
3018 4806 3088 4863 ad
3121 4806 3432 4881 Hispanos,
3468 4811 3613 4863 tunc

1967 4889 2157 4946 adhuc
2185 4891 2390 4961 gentili
2419 4907 2619 4950 errore
2642 4892 2995 4968 implicatos,
3021 4896 3231 4954 directi
3265 4900 3422 4954 sunt.
3447 4896 3613 4953 Cum-

1968 4994 2080 5052 que
2112 4981 2183 5037 ad
2213 4981 2511 5041 civitatem
2544 4984 2881 5043 Accitanam
2920 4986 3239 5057 venissent,
3277 4989 3334 5042 et
3370 4990 3613 5059 prepter

1968 5067 2226 5126 laborem
2258 5070 2489 5130 itineris
2520 5075 2811 5133 modicum
2852 5076 3247 5148 quiescentes,
3280 5089 3460 5134 causa
3496 5075 3613 5135 vic-

1965 5162 2064 5215 tus
2105 5160 2333 5217 emendi
2374 5163 2696 5236 discipulos
2745 5165 2803 5222 in
2854 5167 3058 5223 urbem
3107 5164 3443 5236 misissent;
3478 5181 3614 5225 mox

1966 5264 2324 5321 paganorum
2356 5252 2690 5327 multitudo,
2718 5256 2814 5327 qui
2834 5260 2977 5313 tunc
3002 5255 3152 5311 forte
3177 5252 3291 5313 diis
3314 5255 3439 5316 suis
3462 5257 3613 5315 festa

1967 5338 2365 5415 celebrabant,
2390 5357 2492 5401 eos
2514 5359 2700 5416 usque
2719 5345 2789 5401 ad
2815 5344 3053 5401 fluvium
3081 5349 3395 5417 persecuta
3418 5352 3529 5419 est,
3546 5346 3612 5401 in

1902 5490 1915 5498 ,
1969 5443 2083 5503 quo
2099 5446 2245 5506 pons
2261 5434 2419 5493 mira
2434 5434 2850 5506 magnitudinis
2864 5436 2921 5489 et
2939 5433 3235 5495 firmitatis
3249 5441 3610 5505 exstructus,

2037 5558 2063 5595 δ
2094 5560 2348 5616 Geunad.
2384 5559 2454 5615 de
2485 5557 2636 5614 Viris
2668 5540 3012 5634 illustfcap.
3046 5567 3097 5620 7.
