4004 6168
377 203 482 258 267

1411 198 1466 255 s.
1511 197 1768 258 ADONIS
1806 201 2243 264 ARCHIEPISC.
2289 190 2720 261 VIENNENSIS.

3669 203 3770 262 268

377 319 1090 420 ινθηξεξὶιηῐίδυῆξὲηίξξίεν
1125 323 1224 420 Ῑξθί
1257 327 1423 420 Elim:
1457 338 1585 380 cum
1627 326 1780 420 9in
1801 341 2012 420 Perse:
2040 329 2096 389 Α
2129 349 2278 420 navi,
2313 349 2601 420 simulque
2632 363 2832 406 canem
2855 353 2914 405 et
2937 347 3152 419 gallum
3186 348 3562 420 projecerunt
3587 348 3647 405 in
3677 349 3748 413 de

376 413 676 484 quentium
710 411 1085 468 multitudine
1137 410 1400 467 funditus
1445 412 1690 469 corruit.
1733 413 1816 470 Ad
1859 415 2015 486 quod

375 499 718 556 miraculum
743 499 942 556 cmteri
971 499 1183 568 territi,
1201 503 1254 555 et
1283 500 1580 570 cujusdam
1607 515 1828 571 magna;
1853 518 2018 559 sena-

372 589 544 645 tricis
578 588 838 644 Ludarize
862 590 1012 658 (quze
1037 587 1318 644 divinitus
1342 589 1624 660 inspirata
1647 605 1747 646 eos
1772 591 2016 662 benigne

374 677 708 747 suscipiens
742 675 1018 746 credidit)
1040 676 1366 746 exemplum
1397 677 1608 746 secuti,
1637 677 1864 736 relictis
1897 680 2018 736 ido-

374 765 467 835 lis,
505 765 738 820 Christo
769 763 1009 820 Domino
1039 764 1439 820 crediderunt.
1467 767 1601 820 Post
1637 765 1744 821 hoc
1767 765 2018 823 diversis

374 853 620 912 urbibus
649 852 1135 922 cvangelizantes,
1162 859 1221 908 et
1251 853 1584 910 innumeras
1609 853 2015 913 multitudines

374 943 589 998 Christi
625 940 756 997 ﬁdei
807 941 1209 1012 subjugantes,
1245 943 1573 1012 Torquatus
1625 943 1782 1014 Acci,
1837 945 2018 1000 Ctesi-

375 1029 527 1102 phon
549 1029 764 1098 Vergii,
791 1028 1092 1084 Secundus
1114 1028 1334 1099 Abulze,
1362 1028 1692 1086 lndalecius
1715 1031 1868 1102 Urci,
1899 1031 2018 1088 Cae-

375 1118 546 1174 cilius
579 1116 845 1186 Eliberri,
882 1117 1099 1173 Esitius
1133 1118 1390 1173 Cartesae
1421 1117 1550 1189 (aL,
1579 1119 1884 1190 Carceraa),
1911 1120 2019 1177 Eu-

376 1205 644 1278 phrasius
667 1203 913 1274 Eliturgi
939 1205 1306 1275 quieverunt.
1325 1206 1528 1261 Exstat
1549 1219 1735 1276 usque
1757 1207 1930 1264 hodie
1952 1207 2018 1263 il-

375 1293 562 1352 lustre
617 1291 961 1349 miraculum
1023 1293 1094 1350 ad
1145 1293 1689 1366 condemnationem
1743 1295 2018 1366 pretiosae

374 1382 582 1439 mortis
614 1396 836 1438 eorum.
873 1382 1010 1436 Nam
1043 1379 1242 1436 eadem
1294 1379 1664 1438 solemnitate
1695 1383 1848 1454 apud
1875 1398 2020 1456 pra-

374 1471 548 1527 fatam
581 1458 914 1526 Accitanam
947 1469 1169 1538 urbem,
1197 1468 1268 1524 ad
1300 1467 1633 1540 sepulcrum
1666 1471 1852 1526 sancti
1885 1473 2019 1528 Tor-

267 1583 276 1588 ·
372 1559 532 1629 quati
566 1559 744 1614 arbor
773 1556 942 1614 olivaa
991 1556 1270 1615 divinitus
1311 1556 1548 1628 florens,
1586 1558 1834 1615 maturis
1867 1560 2020 1617 fruc-

375 1649 531 1705 tibus
562 1651 892 1704 onustatur.

443 1736 610 1808 Apud
640 1737 887 1792 insulam
921 1735 1141 1804 Chium,
1164 1735 1376 1792 natalis
1409 1736 1596 1792 sancti
1630 1735 1834 1793 lsidori
1866 1752 2013 1794 mar-

371 1827 540 1898 tyris.
575 1826 636 1880 In
685 1827 855 1896 cujus
907 1824 1152 1880 Basilica
1202 1828 1397 1880 exstat
1440 1829 1674 1896 puteus,
1710 1825 1766 1882 in
1810 1841 1925 1896 quo
1955 1831 2018 1884 et

373 1917 560 1972 fertur
591 1915 860 1984 injectus.
896 1915 974 1970 De
1025 1913 1194 1984 cujus
1243 1928 1391 1984 aqua
1423 1915 1818 1986 energumeni,
1845 1915 2018 1973 febri-

369 2003 760 2074 citantesque,
796 2002 889 2058 vel
940 1999 1149 2072 reliqui
1192 2001 1402 2058 inﬁrmi
1449 2003 1662 2074 saepius
1695 2003 1876 2076 potati
1907 2002 2018 2061 sal-

369 2094 600 2148 vantur.
846 2164 871 2174 ί

441 2177 608 2250 Apud
633 2181 1005 2236 Lamosacum
1041 2179 1239 2250 passio
1271 2182 1604 2237 sanctorum
1636 2180 1792 2237 Petri
1825 2186 1882 2238 et
1906 2183 2017 2238 An-

371 2266 566 2336 dreae,
601 2265 761 2322 Pauli
797 2271 857 2322 et
887 2267 1173 2338 Dionysiae
1195 2278 1241 2322 α.
1431 2259 1436 2263 ’

867 2374 926 2429 C.
961 2375 1078 2430 XVI
1119 2375 1274 2430 KAL.
1317 2375 1514 2430 JUNII.

1035 2464 1127 2534 (ιε
1153 2461 1358 2534 Maii.)

441 2570 609 2643 Apud
648 2570 950 2640 Isauriam,
988 2569 1200 2626 natalis
1255 2573 1597 2626 sanctorum
1650 2570 1904 2642 Aquilini
1955 2575 2012 2627 et

367 2658 710 2728 Victoriani,
743 2673 990 2730 quorum
1021 2662 1188 2728 gesta
1221 2659 1530 2716 habentur.

439 2747 608 2821 Apud
641 2747 1102 2817 Antisiodorum,
1122 2747 1312 2819 passio
1339 2747 1526 2804 sancti
1557 2749 1876 2820 Peregrini,
1898 2749 2016 2821 epi-

369 2837 530 2910 scopi
567 2837 735 2909 primi
769 2837 1031 2893 civitatis
1055 2837 1262 2908 ipsius.

436 2927 508 2982 Et
537 2926 594 2982 in
631 2940 776 2997 pago
823 2924 1229 2997 Forojuliensi,
1276 2927 1405 2984 vico
1447 2927 1542 2998 qui
1594 2931 1839 2985 vocatur
1870 2927 2014 2984 Cali-

2125 452 2362 496 cursum
2390 437 2665 496 ﬂuminis.
2702 440 3006 510 Apparens
3037 443 3230 494 autem
3262 436 3506 508 angelus
3542 437 3768 496 Domini

2125 527 2354 585 cuidam
2385 526 2703 584 venerabili
2754 527 2980 583 femina:
3020 527 3187 598 cujus
3229 541 3438 584 nomen
3481 525 3766 600 Celerius,

2126 617 2346 674 monuit
2382 623 2446 674 ut
2492 617 2858 688 perquireret
2894 615 3169 687 martyris
3201 630 3440 688 corpus,
3471 621 3533 672 et
3561 616 3772 689 sepeli-

2125 711 2236 762 ret.
2291 705 2452 772 Quod
2504 705 2600 761 illa
2651 704 2902 762 celerius
2951 703 3253 776 complens
3304 703 3607 762 inventum
3639 720 3768 762 cum
3868 732 3877 739 ~

2125 795 2278 850 omni
2329 793 2656 851 reverentia
2705 792 2974 864 sepelivit
3006 797 3066 849 et
3104 793 3176 848 de
3209 792 3594 851 facultatibus
3625 795 3770 865 suis,

2123 887 2390 940 cessante
2423 883 2831 954 persecutione
2861 881 3169 939 ecclesiam
3201 881 3350 940 miro
3382 897 3564 955 opere
3594 898 3774 956 supra

2125 971 2477 1030 construxit.
2517 971 2724 1042 Agitur
2747 971 3040 1028 festivitas
3061 971 3336 1042 martyris
3358 975 3416 1028 et
3441 975 3776 1030 conventus

2126 1061 2337 1119 civium
2372 1075 2464 1118 xvr
2495 1059 2731 1118 Kalend.
2773 1059 2949 1118 Junii.

2636 1159 2695 1214 E.
2731 1158 2822 1215 XV
2862 1159 3018 1215 KAL.
3059 1158 3257 1214 JUNII.

2783 1247 2875 1318 (r8
2901 1245 3107 1318 Maii.)

2199 1344 2363 1416 Apud
2413 1343 2742 1417 Egyptum,
2795 1343 3009 1400 natalis
3048 1343 3238 1400 sancti
3279 1343 3539 1400 Dioscori
3593 1343 3783 1400 lecto-

2129 1433 2212 1490 ris
2238 1453 2251 1489 :
2277 1433 2334 1490 in
2359 1448 2530 1504 quem
2555 1447 2776 1505 praeses
2795 1432 2975 1490 multa
2997 1435 3058 1488 et
3089 1433 3250 1490 varia
3291 1437 3583 1490 tormenta
3609 1447 3784 1490 exer-

2129 1523 2272 1592 cuit,
2307 1523 2388 1580 ita
2421 1526 2484 1578 ut
2535 1536 2758 1592 ungues
2785 1521 2912 1592 ejus
2942 1519 3248 1593 effoderet,
3291 1526 3351 1577 et
3401 1520 3786 1594 lampadibus

2128 1611 2256 1682 ejus
2276 1611 2460 1669 latera
2484 1611 2898 1676 inﬂammaret;
2943 1611 3046 1667 sed
3087 1610 3350 1668 caelestis
3394 1609 3635 1668 luminis
3669 1611 3786 1668 ful-

2044 1687 2098 1747 B
2128 1715 2268 1772 gore
2309 1701 2503 1757 territi
2522 1699 2864 1757 ceciderunt
2906 1699 3517 1756 ministri.Novissime
3538 1698 3786 1757 laminis

2127 1790 2472 1848 ardentibus
2512 1788 2758 1846 adustus
2788 1789 3130 1860 martyrium
3170 1789 3615 1846 consummavit.

2627 1888 2684 1943 F.
2719 1887 2836 1944 XIV
2867 1889 3024 1943 ΚΑΒ.
3063 1887 3263 1944 JUNII.

2779 1976 2868 2046 (49
2897 1973 3101 2047 Maii.)

2195 2077 2412 2146 Romae,
2462 2072 2676 2130 natalis
2724 2076 2941 2130 sanctae
2990 2072 3370 2130 Pudentianae
3410 2073 3503 2130 vel
3561 2075 3786 2132 Poten-

2127 2165 2302 2221 tianae
2332 2161 2598 2232 virginis,
2635 2176 2763 2232 quae
2795 2161 3180 2218 illustrissimi
3219 2163 3454 2232 generis
3485 2163 3784 2220 Pudentis

2126 2251 2402 2324 discipuli
2437 2250 2622 2308 sancti
2656 2250 2818 2306 Pauli
2851 2249 3098 2322 apostoli
3131 2249 3247 2307 ﬁlia
3273 2251 3421 2319 fuit;
3455 2251 3624 2323 cujus
3656 2267 3788 2309 ma-

2125 2346 2218 2398 ter
2247 2339 2558 2410 Sabinella,
2591 2353 2758 2396 soror
2785 2353 2924 2396 vero
2947 2339 3260 2406 Praxedis;
3295 2355 3441 2412 quas
3468 2341 3785 2412 piissimus

2015 2435 2022 2442 ’
2127 2433 2294 2502 pater
2323 2442 2522 2484 earum
2552 2427 2788 2484 Pudens
2819 2428 2876 2482 in
2909 2428 3062 2484 omni
3094 2427 3378 2499 religione
3401 2428 3614 2486 Christi
3637 2444 3786 2487 eru-

2125 2517 2292 2587 divit,
2326 2515 2706 2586 virginesque
2739 2515 2970 2572 Christo
3019 2514 3280 2587 reliquit.
3315 2516 3455 2584 ρυω
3485 2521 3616 2589 post
3647 2517 3787 2574 obi-

2127 2611 2247 2663 tum
2291 2604 2477 2661 sancti
2529 2604 2716 2676 patris
2762 2603 2818 2658 in
2864 2603 3018 2660 omni
3058 2604 3483 2661 exercitatione
3523 2605 3784 2676 pietatis

2125 2694 2206 2749 ita
2237 2697 2650 2763 excreverunt,
2686 2695 2749 2748 ut
2780 2695 2950 2749 nocte
2981 2691 3193 2763 dieque
3224 2692 3590 2750 incessanter
3609 2693 3788 2766 hym-

2124 2783 2216 2840 nis
2241 2787 2302 2839 et
2335 2782 2702 2839 orationibus
2747 2796 2877 2838 cum
2929 2781 3138 2837 femina
3170 2795 3274 2838 sua
3315 2783 3554 2839 Domino
3585 2783 3784 2841 inser-

2124 2872 2337 2942 virent,
2372 2870 2712 2928 beatissimo
2759 2871 2862 2926 Pio
2913 2869 3078 2927 urbis
3117 2871 3397 2942 episcopo
3425 2886 3557 2928 cum
3587 2872 3679 2928 eis
3708 2872 3781 2930 in

2123 2959 2398 3018 laudibus
2427 2959 2526 3015 Dei
2559 2959 2972 3031 participante.
3007 2959 3550 3016 Remunerationem
3585 2959 3784 3030 igitur

367 3016 844 3121 άξὲξψῇυιῗξξηξῖξδξ
859 3014 1433 3121 ginis,
1467 3031 1597 3088 quae
1629 3017 1828 3074 munis
1856 3017 2012 3074 Clam
2045 3035 2095 3098 C
2127 3063 2233 3121 pro
2257 3047 2542 3120 piissimis
2559 3014 2866 3103 laboribus
2897 3045 3023 3103 suis
3054 3050 3444 3119 percepturae,
3479 3014 3640 3119 quo;
3666 3063 3785 3120 per

366 3103 696 3162 virtutibus
729 3102 784 3156 in
819 3115 958 3172 pace
991 3101 1231 3171 quievit.

863 3207 924 3260 D.
969 3207 1088 3262 XVI
1128 3208 1282 3263 KAL.
1315 3211 1512 3266 JUNII.

1028 3295 1118 3365 (47
1146 3295 1350 3367 Μαὶἰ.)

439 3406 499 3460 In
532 3403 734 3460 Tuscia
759 3401 952 3458 natale
977 3403 1165 3458 sancti
1189 3403 1456 3474 Torpetis
1478 3405 1751 3475 martyris
1775 3406 1885 3462 sub
1908 3406 2013 3462 Ne-

365 3506 508 3549 rone
544 3491 826 3563 principe.
855 3490 958 3546 Hic
993 3505 1234 3559 magnus
1267 3491 1320 3546 in
1355 3491 1550 3548 ofﬁcio
1573 3493 1821 3550 Caesaris
1839 3495 2013 3550 Nero-

365 3579 455 3636 nis
489 3579 618 3649 fuit,
643 3583 700 3633 et
725 3593 754 3634 a
782 3579 953 3635 beato
979 3578 1271 3635 Antonino
1305 3581 1652 3650 presbytero
1679 3583 2012 3655 baptizatus

363 3675 419 3728 et
454 3670 508 3726 in
543 3669 656 3725 ﬁde
689 3669 904 3727 Christi
938 3669 1207 3727 eruditus
1237 3675 1348 3728 est.
1385 3672 1548 3728 Hunc
1581 3674 1730 3729 Nero
1763 3689 1894 3731 cum
1917 3689 2012 3732 co-

361 3757 668 3828 gnovisset
697 3771 828 3814 esse
881 3758 1292 3830 Christianum,
1330 3759 1577 3816 tradidit
1619 3760 1847 3818 cuidam
1881 3777 2012 3834 pro-

365 3848 582 3918 pinquo
614 3863 720 3906 suo
740 3845 1037 3917 Satellico,
1064 3853 1128 3904 ut
1151 3847 1475 3919 impelleret
1501 3863 1632 3906 eum
1657 3851 2006 3906 sacriﬁcare.

364 3935 474 3989 Sed
507 3951 638 3992 eum
671 3935 886 4005 spiritu
917 3935 1015 3988 Dei
1045 3933 1433 4003 confortatus,
1469 3941 1526 3990 et
1579 3937 1633 3992 in
1667 3937 1779 3994 ﬁde
1812 3939 2012 3995 funda-

363 4024 484 4090 tus,
511 4022 600 4078 vir
625 4023 830 4087 beatus
852 4019 1166 4074 immobilis
1190 4027 1576 4092 permaneret,
1607 4024 1742 4079 fecit
1765 4040 1895 4081 eum
1915 4027 2010 4082 Sa-

363 4106 600 4164 tellicus
621 4107 823 4180 alapis,
849 4107 992 4162 caedi
1018 4111 1074 4162 et
1100 4106 1341 4176 ligatum
1367 4109 1436 4164 ad
1459 4109 1785 4166 columnam
1804 4115 2008 4171 tandiu

363 4195 708 4251 verberibus
729 4195 896 4264 aﬁici,
921 4209 1225 4266 quousque
1247 4197 1482 4266 sanguis
1501 4199 1777 4268 guttatim
1791 4199 1862 4256 de
1885 4216 2012 4257 cor-

365 4297 506 4354 pore
532 4282 717 4354 ipsius
741 4283 1045 4339 deﬂueret.
1075 4283 1183 4338 Sed
1209 4285 1406 4340 subito
1429 4286 1563 4342 dum
1588 4291 1807 4360 martyr
1827 4289 2011 4346 caade-

2123 3135 2371 3207 gratiam
2405 3133 2618 3190 Christi
2653 3135 2954 3191 fructuose
3007 3139 3589 3203 consummaverant;
3631 3143 3787 3209 post.

2124 3224 2462 3280 innumeros
2490 3237 2724 3294 agones,
2750 3226 2882 3296 post
2913 3221 3229 3280 multorum
3253 3227 3574 3296 martyrum
3596 3239 3790 3283 vene-

2123 3311 2394 3368 rabiliter
2423 3311 2721 3368 exhibitas
2745 3311 3103 3384 sepulturas,
3127 3316 3259 3384 post
3289 3326 3492 3370 omnes
3525 3311 3786 3370 faculta-

2126 3402 2216 3455 tes
2249 3414 2388 3456 suas
2421 3399 2478 3454 in
2528 3399 2858 3456 visceribus
2889 3414 3209 3473 pauperum
3260 3399 3542 3472 inclusas,
3579 3401 3788 3461 Chris-

2123 3491 2300 3558 toque
2333 3487 2589 3544 ﬁdeliter
2623 3488 3075 3560 commendatas,
3112 3489 3345 3546 tandem
3383 3489 3454 3546 de
3485 3489 3666 3546 terris
3699 3492 3782 3549 ad

2123 3575 2419 3632 Christum
2482 3576 2883 3646 migraverunt
2932 3596 2945 3631 :
3016 3578 3362 3634 Potentiana
3410 3578 3786 3636 venerabilis

2123 3665 2568 3736 quartodecimo
2587 3663 2876 3721 Kalendas
2901 3664 3078 3734 Junii,
3115 3665 3308 3736 posita
3342 3667 3397 3722 in
3428 3667 3786 3724 cmmeterio

2121 3752 2410 3809 Priscillae
2456 3753 2548 3808 via
2608 3751 2858 3820 Salaria;
2893 3752 3177 3810 Praxedis
3225 3769 3366 3811 vero
3407 3755 3572 3824 virgo
3599 3769 3782 3826 aeque

2121 3841 2489 3900 sanctissima
2521 3840 2864 3898 duodecimo
2889 3840 3185 3899 Kalendas
3225 3842 3496 3914 Augusti,
3539 3846 3602 3900 et
3642 3843 3780 3916 ipsa

2119 3945 2250 3986 cum
2274 3945 2472 3986 sorore
2489 3931 2657 4000 juxta
2677 3932 2902 4002 patrem
2924 3934 3186 3987 sanctum
3205 3930 3525 3988 Pudentem
3550 3932 3772 4004 posita.

2193 4018 2404 4074 Eodem
2436 4018 2566 4089 ipso
2596 4017 2712 4087 die,
2763 4017 3088 4075 beatissimi
3132 4019 3417 4077 Pudentis
3447 4021 3639 4092 patris
3670 4035 3778 4079 su-

2121 4121 2223 4178 pra
2239 4106 2663 4163 nominatarum
2685 4105 2996 4178 virginum,
3013 4108 3112 4178 qui
3128 4109 3199 4164 ab
3223 4107 3509 4180 apostolis
3531 4109 3782 4169 Christo

2118 4194 2174 4250 in
2213 4194 2503 4266 baptismo
2527 4193 2806 4264 vestitus,
2865 4193 3234 4253 innocentem
3276 4197 3533 4255 tunicam
3577 4213 3779 4271 usque

2119 4281 2191 4338 ad
2222 4296 2495 4338 coronam
2542 4281 2680 4339 vitae
2729 4281 3100 4340 immaculate
3150 4284 3498 4356 custodivit,
3532 4291 3595 4343 et
3644 4301 3779 4344 ser-

364 4375 548 4441 retur,
574 4371 841 4428 columna
874 4371 1090 4428 cadens
1123 4373 1422 4442 oppressit
1452 4375 1728 4445 judicem,
1755 4381 1812 4433 et
1844 4378 2006 4448 quin-
2035 4389 2086 4449 ο
2119 4368 2296 4426 νθνὶι-

363 4459 638 4530 quaginta
663 4473 794 4515 cum
826 4474 895 4514 eo
927 4459 1101 4515 viros.
1131 4459 1266 4514 Inde
1289 4462 1490 4516 tentus
1515 4478 1543 4518 a
1579 4464 1880 4535 ministris,
1909 4482 2008 4539 po-

363 4549 515 4604 situs
545 4552 637 4603 est
673 4548 726 4603 in
760 4551 906 4604 rota.
935 4549 1144 4604 Postea
1173 4548 1310 4604 feris
1334 4548 1613 4618 ohjicitur
1633 4568 1662 4607 a
1688 4552 1806 4609 ﬁlio
1825 4555 2006 4612 Satel-

363 4635 479 4708 lici,
513 4636 746 4694 nomine
779 4635 990 4706 Sylvio,
1026 4637 1126 4694 sed
1179 4637 1410 4694 minime
1442 4639 1512 4694 ab
1546 4639 1636 4696 his
1667 4639 1862 4698 laesus.
1899 4643 2004 4699 Cu-

355 4727 453 4797 jus
501 4724 887 4782 constantiam
930 4728 987 4780 ct
1029 4726 1306 4781 virtutem
1360 4725 1593 4796 quidam
1628 4727 2004 4788 consiliarius

360 4813 608 4870 Neronis
649 4810 904 4868 Evcllius
941 4813 1170 4869 nomine
1195 4813 1536 4885 inspiciens,
1563 4815 1796 4872 Christo
1819 4817 2005 4874 credi-

360 4902 464 4958 dit.
501 4905 582 4960 Ac
614 4907 748 4974 post
775 4889 1072 4972 paululum
1099 4902 1430 4972 baptizatus
1461 4902 1791 4962 decollatus
1819 4911 1912 4963 est
1947 4907 2002 4962 in

363 4990 506 5045 urbe
537 4993 714 5048 Roma
741 5007 772 5046 v
795 4989 1082 5046 Kalendas
1103 4987 1250 5061 Maii,
1280 4992 1640 5063 martyrique
1665 4993 1886 5052 honore
1908 5009 2004 5053 co-

305 5111 313 5120 .
361 5082 620 5136 renatus.
650 5079 760 5136 Sed
789 5085 850 5135 et
881 5079 1086 5136 beatus
1114 5079 1330 5151 Turpes
1356 5079 1598 5149 jubente
1629 5081 1824 5153 Sylvio
1848 5084 2004 5142 foras

359 5159 657 5221 civitatem
689 5168 955 5226 Pisanam
987 5167 1203 5225 ductus
1236 5167 1627 5228 dccollatione
1660 5172 2002 5243 martyrium

357 5261 525 5305 suum
551 5254 866 5324 complevit
887 5273 949 5316 ιη
970 5256 1256 5315 Kalendas
1282 5257 1428 5314 Maii.
1456 5258 1638 5329 Hujus
1659 5275 1876 5332 corpus
1899 5259 2002 5316 mi-

359 5336 530 5396 nistri
564 5339 808 5400 sceleris
857 5347 1191 5421 impositum
1231 5361 1380 5420 pene
1437 5347 1638 5406 fracta
1667 5352 1728 5406 et
1757 5349 2002 5408 cariosae

426 5471 454 5504 α
485 5465 721 5537 Gregor.
745 5466 876 5527 Tur.
913 5470 983 5528 de
1014 5473 1206 5534 Gloria
1240 5479 1577 5551 martyrum,
1612 5479 1734 5555 102.

2187 4459 2332 4514 Item
2363 4459 2577 4529 Romae,
2612 4459 2826 4518 natalis
2859 4467 3191 4519 sanctorum
3225 4461 3507 4534 Caloceri,
3538 4467 3600 4519 et
3629 4465 3779 4521 Par-

2115 4545 2273 4602 theni
2325 4548 2724 4606 cunuchorum
2775 4549 2972 4606 uxoris
3019 4550 3178 4608 Decii
3211 4551 3630 4622 imperatoris:
3665 4554 3772 4625 qui

2114 4650 2243 4692 cum
2267 4641 2482 4707 essent,
2519 4652 2670 4694 unus
2703 4639 3059 4709 praepositus
3081 4638 3284 4710 cubili,
3312 4639 3463 4696 alter
3496 4642 3776 4712 primice-

2113 4723 2256 4796 rius,
2278 4723 2544 4781 nolentes
2567 4723 2907 4781 sacriﬁcare
2933 4725 3126 4798 idolis,
3143 4742 3173 4783 a
3198 4728 3373 4785 Decio
3395 4729 3580 4786 occisi
3603 4735 3767 4788 sunt.

2114 4813 2368 4884 Corpora
2400 4825 2602 4868 eorum
2631 4811 2800 4882 juxta
2832 4815 2982 4871 viam
3018 4817 3262 4888 Appiam
3309 4818 3504 4890 posita
3533 4832 3630 4876 xxv
3660 4821 3772 4876 Ka-

2117 4897 2324 4954 lendas
2353 4899 2530 4956 Junii.

2609 4989 2673 5046 G.
2707 4989 2832 5046 XIII
2862 4991 3018 5050 KAL.
3060 4994 3260 5052 JUNII.

2780 5080 2871 5152 (20
2899 5081 3102 5155 Maii.)

2183 5172 2379 5231 Romae
2410 5173 2502 5232 via
2537 5175 2776 5250 Salaria,
2811 5178 3026 5238 natalis
3069 5185 3290 5240 sancta
3321 5181 3554 5242 Basillae
3585 5184 3768 5257 virgi-

2113 5259 2206 5318 nis
2227 5265 2288 5320 et
2315 5265 2591 5337 martyris
2610 5265 2655 5322 δ.
2673 5265 2812 5334 Quae
2835 5282 2965 5326 cum
2988 5273 3145 5327 esset
3161 5285 3236 5327 ex
3256 5285 3470 5342 genere
3493 5273 3684 5346 regio,
3705 5277 3764 5330 et

2110 5349 2354 5408 haberet
2376 5367 2654 5426 sponsum
2677 5355 3146 5418 illustrissimum
3162 5361 3396 5418 nomine
3417 5361 3760 5435 Pompeium

2179 5474 2206 5512 δ
2233 5477 2312 5532 De
2339 5491 2408 5534 ea
2440 5479 2496 5536 in
2528 5483 2712 5570 gestis
2743 5483 2798 5541 S.
2831 5484 3105 5558 Eugenite
3134 5490 3204 5548 as
3231 5485 3502 5548 Decemb.
