3992 6170
226 202 326 257 269

222 411 343 483 [αι.,
390 411 656 482 Protum]
704 417 761 468 et
808 413 1190 484 Hyacinthum
1233 431 1516 474 conversa
1558 417 1628 474 ad
1672 417 1861 489 fidem,

217 505 496 558 accusata
519 507 610 556 est
635 516 665 557 a
691 502 934 573 praefato
958 519 1173 576 sponso
1197 520 1303 562 suo
1328 506 1480 576 quod
1512 522 1577 563 es
1590 511 1669 561 <et
1708 508 1866 563 Chri-

215 589 423 645 stiana.
460 589 732 646 Decrevit
768 592 1047 649 continuo
1080 593 1376 651 Gallienus
1410 597 1730 665 Augustus,
1768 595 1863 666 qui

212 679 351 732 tunc
374 675 597 732 Christi
622 681 1090 751 persequebatur
1113 680 1456 753 Ecclesiam,
1486 687 1544 738 ut
1571 686 1669 740 aut
1695 697 1866 755 spon-

212 778 337 820 sum
370 765 692 837 reciperet,
738 772 834 823 aut
883 768 1078 839 gladio
1120 770 1410 827 interiret.
1458 773 1749 829 Conventa
1793 772 1863 828 de

210 851 315 909 hoc
348 853 679 925 respondit,
715 870 779 911 se
810 857 1025 927 Regem
1058 873 1259 929 regum
1302 875 1581 931 sponsum
1624 860 1858 931 habere,

213 940 307 1010 qui
341 944 436 997 est
474 941 747 999 Christus
781 943 959 1001 Filius
992 947 1109 1002 Dei.
1156 948 1222 1003 Et
1266 963 1396 1004 cum
1442 948 1547 1005 hoc
1587 948 1857 1019 dixisset,

212 1026 406 1099 gladio
437 1034 925 1091 transverberata
958 1040 1069 1092 est.

280 1118 546 1175 andem
570 1119 665 1175 die
691 1120 746 1176 in
773 1121 994 1193 Galliis,
1030 1112 1271 1181 civitate
1304 1127 1611 1197 Nemauso,
1649 1128 1861 1184 natalis

213 1204 470 1261 Baudelii
507 1208 786 1277 martyris
819 1227 831 1262 :
870 1210 967 1279 qui
1006 1225 1036 1266 a
1072 1213 1315 1282 paganis
1349 1213 1588 1271 deorum
1623 1229 1859 1272 suorum

215 1293 503 1350 sacriﬁcia
528 1295 971 1353 celebrantibus
996 1302 1477 1371 comprehensus,
1496 1318 1624 1359 cum
1642 1304 1862 1359 sacriﬁ-

212 1397 341 1438 care
364 1382 571 1454 nollet,
598 1389 654 1440 et
673 1386 726 1439 in
744 1385 855 1441 ﬁde
870 1386 1085 1442 Christi
1105 1388 1587 1446 immobilisinter
1611 1393 1857 1448 verbera

212 1474 264 1527 et
296 1477 591 1529 tormenta
627 1475 997 1547 persisteret,
1034 1478 1295 1549 martyrii
1325 1478 1571 1550 palmam
1598 1481 1857 1551 pretiosa

213 1565 394 1617 morte
429 1563 717 1634 percepit.

722 1664 784 1718 A.
818 1663 913 1718 XII
946 1663 1101 1718 KAL.
1134 1665 1332 1721 JUNII.

869 1751 954 1821 (2:
1000 1751 1201 1821 Maii.)

276 1836 336 1892 In
372 1837 724 1894 Mauritania
758 1839 1125 1910 Caesariensi,
1160 1839 1377 1897 natalis
1410 1846 1745 1899 sanctorum
1775 1843 1860 1898 Ti-

210 1925 439 1995 mothei,
488 1924 633 1980 Polii
678 1931 733 1980 et
776 1927 1044 1998 Eutychii
1088 1928 1465 1986 diaconorum
1502 1947 1516 1997 ;
1563 1930 1660 2001 qui
1704 1930 1855 2002 apud

211 2013 504 2083 praefatam
530 2014 826 2084 regionem
849 2016 1092 2072 verbum
1116 2017 1337 2073 Domini
1360 2017 1851 2088 .disseminantes,

213 2100 423 2172 pariter
452 2103 722 2159 coronari
760 2108 1117 2161 meruerunt.

274 2190 413 2245 Item
440 2191 592 2260 apud
623 2192 946 2248 Caesaream
973 2192 1375 2264 Cappadociae,
1405 2195 1617 2251 natalis
1641 2197 1733 2252 SS.
1752 2197 1856 2252 Po-

215 2274 438 2348 lyeucti,
474 2278 742 2349 Victorii,
777 2280 1001 2336 Donati.

740 2377 798 2433 B.
833 2378 905 2433 XI
939 2378 1092 2434 KAL.
1124 2378 1321 2435 JUNII.

864 2466 955 2537 (22
982 2465 1186 2537 Maii.)

280 2550 335 2606 In
367 2550 580 2623 Africa,
629 2554 722 2609 88.
771 2554 927 2610 Casti
970 2558 1026 2610 et
1082 2554 1309 2625 zEmilii,
1367 2555 1462 2627 qui
1516 2572 1619 2627 per
1661 2559 1849 2629 ignem

221 2641 494 2710 passionis
524 2644 866 2713 martyrium
899 2648 1472 2701 consummaverunt.
1509 2645 1723 2703 Scribit
1750 2648 1851 2719 Cy-

220 2729 442 2798 prianus
475 2730 531 2785 in
566 2730 718 2786 libro
751 2731 822 2786 de
856 2731 1038 2802 lapsis
1073 2732 1222 2804 (cap.
1262 2733 1336 2804 6).

289 2821 492 2878 Eodem
526 2819 619 2876 die
655 2819 808 2890 apud
842 2819 1156 2890 Corsicam,
1195 2820 1246 2877 S.
1281 2820 1468 2893 Iuliae,
1498 2836 1627 2893 quae
1651 2824 1846 2879 crucis

220 2909 493 2984 supplicio
524 2922 697 2981 passa
730 2911 843 2964 est.

763 3006 821 3061 C.
856 3007 900 3062 Χ
930 3007 1067 3061 KAL
1093 3007 1290 3063 JUNII.

862 3097 953 3167 (23
980 3095 1185 3167 Maii.)

288 3186 440 3259 Apud
470 3186 776 3255 Lingones,
808 3185 1006 3256 passio
1032 3184 1219 3239 Sancti
1247 3184 1531 3239 Desiderii
1562 3184 1845 3256 episcopi,

227 3277 309 3346 qui
352 3290 475 3332 cum
528 3273 759 3345 plebem
803 3286 966 3329 suam
1009 3273 1081 3328 ab
1123 3272 1390 3327 exercitu
1432 3270 1849 3329 Wandalorum

225 3365 418 3420 vastari
450 3366 741 3432 cerneret,
769 3361 838 3417 ad
867 3376 1060 3432 regem
1087 3376 1309 3428 eorum,
1338 3375 1443 3432 pro
1465 3375 1533 3416 ea
1558 3360 1851 3432 supplica-

224 3456 374 3509 turus
392 3453 568 3508 exivit
597 3471 609 3506 :
637 3466 667 3507 a
691 3466 804 3521 quo
828 3451 1024 3506 statim
1043 3449 1300 3520 jugulari
1329 3449 1568 3518 jussus;
1599 3465 1702 3521 pro
1733 3453 1853 3507 ovi-

228 3540 319 3596 bus
338 3542 441 3596 sibi
464 3540 712 3597 creditis
730 3541 1016 3596 cervicem
1042 3540 1297 3594 libenter
1324 3539 1599 3609 tetendit,
1637 3542 1693 3594 et
1721 3556 1850 3611 per-

224 3642 408 3685 cussus
422 3628 637 3699 gladio,
656 3629 923 3698 migravit
942 3627 1011 3683 ad
1028 3628 1341 3683 Christum.
1362 3629 1437 3681 Pe
1450 3641 1693 3683 rcussor
1711 3644 1850 3686 vero

222 3716 327 3787 ejus
357 3734 482 3774 mox
512 3718 764 3775 amentia
797 3721 1107 3788 correptus
1138 3716 1382 3771 interiit.
1433 3716 1711 3787 Sepultus
1753 3722 1845 3773 est

223 3804 409 3863 ibidem
432 3809 643 3863 beatus
668 3810 906 3875 martyr,
924 3807 981 3861 in
999 3804 1239 3861 basilica
1251 3805 1419 3874 juxta
1438 3804 1601 3861 urbis
1620 3819 1843 3875 muros,

222 3896 351 3965 quod
365 3894 618 3951 fidelium
635 3894 886 3966 populus
909 3908 939 3949 a
964 3894 1197 3949 Christo
1220 3892 1274 3948 ei
1298 3893 1670 3963 commissus,
1701 3908 1849 3964 prm-

221 3983 371 4056 cipuo
398 3985 587 4056 ipsius
612 3998 828 4053 amore,
859 3988 915 4037 et
951 3982 1042 4054 pia
1068 3981 1375 4039 devotione
1400 3980 1469 4036 ad
1496 3980 1741 4037 tutelam
1770 3982 1849 4038 ci-

218 4072 351 4129 vium
383 4072 505 4129 fieri
537 4072 896 4145 procuravit.
934 4071 1096 4127 Passi
1128 4074 1260 4127 sunt
1298 4074 1496 4127 autem
1529 4084 1657 4126 cum
1684 4084 1752 4126 eo
1786 4075 1842 4125 et

215 4159 395 4233 plures
424 4160 523 4218 alii
556 4162 629 4217 de
660 4174 903 4216 numero
932 4158 1130 4229 gregis
1164 4159 1276 4229 sui,
1312 4162 1368 4215 et
1407 4158 1559 4231 apud
1583 4158 1843 4215 eamdem

214 4250 396 4307 urbem
429 4249 673 4307 conditi.

730 4339 793 4393 D.
828 4338 897 4394 IX
928 4337 1084 4393 KAL.
1116 4336 1314 4392 JUNII.

853 4426 942 4499 (24
981 4425 1185 4497 Maii.)

265 4513 485 4572 Natalis
519 4514 574 4571 S.
607 4515 905 4587 Manahen,
941 4515 1186 4572 Herodis
1220 4513 1534 4571 tetrarchae
1567 4513 1843 4572 collecta-

202 4604 287 4660 nei
309 4604 458 4677 (Act.
484 4604 630 4676 xm),
659 4605 920 4662 doctoris
943 4611 999 4660 et
1026 4604 1329 4676 prophetae
1356 4605 1465 4659 sub
1487 4604 1675 4673 gratia
1698 4604 1840 4659 Novi

198 4692 566 4767 TeStamenti,
631 4693 786 4765 apud
845 4693 1207 4750 Antiochiam
1268 4693 1325 4748 in
1387 4691 1620 4747 Christo
1680 4692 1841 4763 quie-

201 4783 435 4839 scentis.

264 4871 405 4927 Item
421 4871 781 4928 beatissima
793 4871 1029 4927 Joannae
1044 4870 1244 4927 uxoris
1270 4870 1473 4927 Chusaa
1499 4873 1841 4941 procurato-

198 4960 276 5017 ris
306 4960 576 5035 Herodis,
603 4976 775 5035 quam
790 4965 1242 5019 commemorant
1266 4958 1648 5029 evangelista:
1673 4959 1833 5030 (Luc.

194 5064 307 5122 πη,
341 5052 405 5108 et
427 5053 603 5123 xxxv).

261 5142 407 5197 Item
437 5141 495 5197 in
525 5141 709 5198 Portu
740 5140 1013 5213 Romano,
1049 5138 1261 5197 natalis
1286 5140 1340 5197 S.
1376 5135 1667 5197 Vincentii
1692 5151 1840 5195 mar-

197 5229 368 5301 tyris.

261 5361 288 5426 9
319 5350 489 5426 Greg.
525 5350 656 5413 Tur.
695 5352 766 5426 de
800 5353 991 5412 Gloria
1026 5359 1217 5426 mart.,
1254 5368 1303 5410 c.
1337 5356 1425 5412 78.

261 5423 287 5460 δ
320 5423 490 5497 Greg.
524 5427 658 5483 Tur.
696 5425 766 5483 de
799 5426 990 5483 Gloria
1024 5423 1215 5497 mart.,
1250 5441 1300 5481 c.
1336 5430 1387 5481 6.

263 5503 287 5533 ο
314 5496 395 5551 De
425 5496 495 5553 eo
525 5498 581 5553 in
612 5498 801 5567 gestis
834 5498 887 5553 8.
932 5498 1181 5567 Ceciliae,
1218 5502 1287 5553 22
1317 5497 1455 5553 Nov.
1492 5542 1498 5548 .

973 201 1573 261 MARTYROLOGIUM
1615 204 1754 260 CUM
1795 204 2320 266 ADDITAMENTIS.
2364 243 2431 252 —-
2474 214 2656 271 MENS
2693 216 2861 274 MA".

223 335 324 394 per
346 322 579 379 beatam
602 323 916 395 Eugeniam
948 330 1005 382 et
1040 330 1278 384 sanctos
1311 327 1410 383 Dei
1442 327 1601 384 viros
1634 329 1867 385 Protam
1897 330 1954 391 Α
2053 358 2079 397 ι,

3519 234 3649 323 270⁸

2109 360 2169 416 In
2204 360 2426 433 Galliis,
2461 364 2700 456 civitate
2723 367 3021 441 Nannetis,
3047 372 3260 432 natalis
3286 375 3379 433 SS.
3408 386 3621 456 marty-

1980 463 2106 506 rum
2138 451 2439 508 Donatiani
2473 455 2530 509 et
2562 455 2863 525 Rogat-iani
2899 459 3162 518 fratrum.

2047 538 2330 626 Inlstria,
2377 540 2589 598 natalis
2630 543 2721 600 SS.
2765 544 2954 617 Joelli,
3000 547 3238 622 Sirvilii,
3286 552 3514 626 Sylvani
3555 564 3615 617 et

1974 624 2210 684 Dioclis.

2543 702 2605 758 E.
2639 703 2761 758 VIII
2791 704 2946 760 KAL.
2979 707 3177 765 .IUNII.

2631 801 2723 871 (25
2748 802 2954 875 Maii.)

2045 907 2069 936 ο
2097 900 2291 957 Romae
2313 903 2404 959 via
2428 905 2805 978 Numentana,
2834 906 2893 964 in‘
2914 915 3251 972 cmmeterio
3274 916 3613 977 Praetextati

1974 987 2187 1079 natalis
2220 992 2407 1047 sancti
2442 994 2656 1051 Urbani
2688 996 2948 1071 episcopi
2982 1004 3038 1055 et
3084 1005 3385 1074 martyris.
3439 1008 3615 1079 Cujus

1978 1075 2265 1149 doctrina,
2284 1081 2394 1137 sub
2419 1085 2830 1153 persecutione
2854 1087 3186 1163 Alexandri,
3213 1092 3380 1151 multi
3404 1075 3617 1169 marty-

1973 1166 2060 1222 rio
2091 1170 2351 1225 coronati
2386 1176 2542 1229 sunt.

2043 1256 2365 1328 Mediolani,
2414 1261 2469 1316 S.
2522 1263 2776 1334 Dionysii
2818 1266 3079 1339 episcopi
3132 1274 3189 1325 et
3231 1273 3610 1334 confessoris.

1971 1343 2173 1438 Quiab
2203 1346 2555 1419 imperatore
2589 1353 2932 1411 Constantio
2966 1358 3178 1416 Ariano
3210 1362 3362 1433 apud
3396 1365 3616 1438 Cappa-

1970 1432 2193 1490 dociam
2220 1452 2323 1506 pro
2347 1437 2458 1493 fide
2482 1441 2770 1498 catholica
2805 1443 3115 1504 damnatus
3148 1432 3360 1508 exsilio
3392 1432 3613 1511 ibidem

1969 1524 2280 1592 requievit.
2300 1525 2601 1597 Reliquias
2624 1532 2891 1602 corporis
2915 1534 3063 1605 ejus,
3090 1551 3194 1607 per
3218 1544 3486 1598 sanctum
3513 1544 3614 1600 Ba-

1969 1608 2164 1699 silium
2199 1614 2456 1683 praefatae
2490 1617 2654 1673 urbis
2685 1619 3026 1692 episcopum
3057 1631 3350 1699 receptas,
3388 1631 3449 1686 B.
3486 1633 3615 1688 Am-

1889 1696 1941 1755 B
1973 1698 2210 1756 brosius
2242 1703 2530 1774 condigne
2560 1706 2778 1765 honore
2809 1710 3090 1768 condidit.

2039 1786 2301 1879 dEodem
2346 1792 2439 1848 die
2478 1795 2631 1865 apud
2671 1797 2942 1869 Maesiam,
2988 1800 3230 1859 civitate
3269 1807 3607 1879 Dorostoro,

1969 1877 2183 1933 natalis
2240 1887 2576 1939 sanctorum
2628 1889 2945 1956 martyrum
2987 1890 3362 1965 Passieratis,
3408 1877 3613 1954 Valen-

1965 1964 2166 2036 tionis,
2198 1972 2255 2022 et
2289 1968 2533 2026 aliorum
2566 1971 2811 2029 duorum
2844 1981 3274 2036 coronatorum.

2038 2055 2250 2125 Romaa,
2288 2057 2608 2116 Eleutherii
2640 2077 2822 2133 papas.
2862 2065 2963 2121 llic
2995 2068 3224 2139 accepit
3258 2069 3541 2142 epistolas
3574 2087 3606 2128 a

1965 2142 2143 2200 Lucio
2176 2145 2511 2203 Britannico
2536 2163 2691 2221 rege,
2723 2154 2783 2207 ut
2808 2167 2913 2223 per
2933 2153 3060 2223 ejus
3085 2156 3419 2215 mandatum
3445 2160 3606 2216 Chri-

1966 2231 2195 2289 stianus
2246 2234 2431 2291 ﬁeret.
2497 2236 2775 2308 Sepultus
2823 2244 2913 2296 est
2957 2240 3125 2310 juxta
3179 2259 3397 2317 corpus
3450 2247 3606 2305 beati

1964 2318 2121 2376 Petri
2156 2322 2430 2393 apostoli.

2476 2422 2533 2476 F.
2570 2421 2669 2478 VII
2700 2424 2853 2479 KAL.
2889 2426 3088 2482 JUNII.

2625 2520 2716 2590 (26
2742 2521 2949 2594 Μαίἱ.)

2030 2624 2054 2653 θ
2094 2618 2259 2690 Apud
2318 2622 2596 2693 Athenas,
2641 2624 2852 2682 natalis
2891 2628 3081 2684 sancti
3126 2628 3407 2695 Quadrati
3452 2632 3606 2703 epis-

1959 2707 2111 2778 copi,
2150 2707 2426 2780 diseipuli
2462 2712 2883 2782 apostolorum.

2030 2795 2172 2850 Item
2206 2796 2422 2853 natalis
2456 2798 2507 2852 S.
2529 2798 2808 2864 Quadrati
2827 2804 3121 2875 martyris,
3141 2805 3196 2861 in
3214 2807 3382 2877 cujus
3398 2805 3605 2863 solem-

1958 2880 2143 2936 nitate
2174 2884 2228 2937 S.
2266 2885 2576 2953 Augustini
2612 2900 2881 2943 sermone
2913 2889 3097 2945 habiti
3130 2890 3526 2948 inveniuntur.

2026 2967 2048 3004 τ
2075 2970 2290 3039 Romae,
2328 2972 2386 3025 Β.
2424 2977 2742 3042 martyrum
2777 2974 3104 3044 Symmetrii
3148 2980 3503 3051 presbyteri,
3540 2986 3597 3037 et

1878 3052 1926 3114 C
1955 3054 2203 3111 aliorum
2234 3057 2441 3127 viginti
2475 3059 2743 3132 duorum,
2781 3076 2929 3132 quos
2962 3066 3251 3122 Antonius
3275 3067 3600 3139 imperator

1958 3142 2155 3213 gladio
2188 3160 2294 3215 pro
2326 3145 2560 3202 Christo
2603 3150 2797 3219 puniri
2841 3151 2976 3207 fecit
3013 3172 3024 3207 :
3062 3168 3308 3223 quorum
3350 3171 3600 3227 corpora

1961 3237 2133 3289 nocte
2158 3233 2327 3290 beata
2350 3236 2633 3292 Praxedis
2656 3238 2916 3310 collegit,
2941 3244 2998 3295 et
3024 3241 3296 3313 sepelivit
3322 3244 3378 3299 in
3393 3257 3601 3301 coeme-

1960 3322 2111 3377 terio
2144 3322 2450 3394 Priscilla),
2488 3328 2597 3381 sub
2626 3328 2720 3383 die
2752 3330 3000 3401 septimo
3031 3332 3153 3387 Kal.
3188 3334 3362 3390 Junii.

2029 3411 2218 3467 Tuder
2247 3414 2492 3485 Tusciae,
2527 3415 2742 3472 natalis
2774 3418 2867 3473 SS.
2902 3419 3274 3493 Felicissimi,
3321 3423 3595 3496 Heraclii,

1956 3500 2204 3557 Paulini.
2872 3560 2879 3569 ,,

2029 3590 2088 3644 In
2120 3590 2427 3647 territorio
2451 3593 2945 3666 Antisiodorensi,
2975 3599 3175 3668 passio
3200 3600 3389 3657 sancti
3412 3600 3598 3658 Prisci

1958 3679 2233 3747 martyris
2266 3694 2395 3735 cum
2430 3681 2649 3750 ingenti
2683 3683 3080 3741 multitudine.

2029 3766 2087 3820 In
2105 3767 2440 3837 Britanniis,
2462 3769 2512 3821 S.
2532 3771 2842 3839 Augustini
2858 3773 3121 3845 episcopi
3137 3776 3592 3833 etconfessoris.

1958 3853 2059 3909 Cui
2085 3856 2303 3911 missus
2326 3872 2355 3910 a
2381 3857 2551 3911 beato
2574 3873 2719 3928 papa
2745 3859 3046 3930 Gregorio,
3075 3862 3471 3933 primusgenti
3488 3867 3598 3921 An-

1954 3941 2182 4011 glorum
2209 3944 2425 4000 Christi
2450 3946 2857 4015 Evangelicum
2881 3950 3247 4022 praedicavit,
3275 3956 3449 4023 atque
3473 3952 3597 4009 illic

1955 4031 2278 4088 virtutibus
2292 4037 2351 4089 et
2373 4034 2673 4091 miraculis
2691 4034 2990 4105 gloriosus
3011 4038 3068 4093 in
3091 4039 3326 4097 Christo
3348 4040 3593 4112 quievit.

2479 4140 2541 4196 G.
2573 4142 2645 4198 VI
2676 4143 2831 4198 KAL.
2865 4145 3062 4201 JUNII.

2612 4240 2699 4311 (27
2729 4240 2936 4312 Maii.)

2025 4332 2192 4404 Apud
2205 4333 2476 4406 Maesiam,
2493 4335 2734 4393 civitate
2747 4339 3388 4412 Dorostorensi,natale
3403 4344 3595 4402 sancti

1871 4415 1924 4475 D
1951 4420 2088 4478 Julii
2104 4424 2201 4493 qui
2219 4431 2478 4495 tempore
2494 4428 2929 4497 persecutionis
2943 4445 3075 4486 cum
3098 4436 3261 4487 esset
3280 4437 3595 4491 veteranus

1950 4515 2012 4566 et
2032 4514 2292 4569 emeritae
2315 4514 2559 4586 militias,
2579 4518 3041 4588 comprehensus
3056 4520 3128 4575 ab
3146 4520 3517 4594 otficialibus,
3533 4526 3595 4578 et

1950 4598 2195 4656 Maximo
2218 4602 2452 4672 praesidi
2486 4603 2742 4675 oblatus,
2779 4605 2983 4663 nolens
3020 4609 3358 4667 sacriﬁcare
3391 4610 3587 4680 idolis,

1950 4691 2009 4742 et
2039 4702 2246 4744 nomen
2268 4690 2493 4746 Domini
2521 4692 2660 4747 Iesu
2692 4688 2911 4749 Christi
2946 4697 3428 4753 constantissime
3459 4711 3595 4753 con-

1952 4776 2163 4848 fessus,
2190 4778 2428 4849 capitali
2444 4780 2738 4836 sententia
2760 4782 3003 4852 punitus
3016 4791 3129 4841 est.
3149 4786 3405 4857 Cumque
3420 4784 3594 4841 duce-

1950 4870 2116 4922 retur
2148 4867 2219 4922 ad
2250 4866 2442 4925 locum
2473 4868 2653 4924 caadis
2676 4870 3004 4945 implendas,
3032 4875 3319 4945 Esychius
3352 4873 3588 4943 quidam

1949 4953 2137 5026 miles,
2165 4970 2294 5012 cum
2325 4960 2386 5013 et
2417 4956 2544 5028 ipse
2576 4959 2651 5014 ob
2683 4958 2855 5016 ﬁdem
2888 4962 3106 5018 Christi
3128 4963 3592 5033 comprehensus

1949 5042 2336 5118 detineretur,
2370 5047 2618 5116 rogabat
2647 5062 2778 5105 eum
2798 5050 3001 5108 dicens
3025 5071 3038 5106 :
3062 5052 3278 5107 Memor
3299 5056 3432 5105 esto
3452 5053 3587 5124 mei,

1938 5147 2076 5207 nam
2107 5139 2168 5190 et
2214 5150 2322 5205 ego
2354 5138 2686 5209 subsequor
2719 5144 2794 5195 te.
2830 5139 3150 5196 Plurimum
3181 5138 3358 5196 etiam
3401 5140 3592 5201 saluta

1945 5223 2340 5281 Passicratem
2370 5231 2431 5282 et
2464 5226 2865 5286 Valentionem
2897 5228 3145 5285 famulos
3177 5230 3301 5304 Dei,
3341 5231 3439 5304 qui
3481 5247 3590 5291 nos

2017 5347 2045 5388 ἀ
2069 5350 2285 5429 Ambr.
2310 5351 2483 5429 eqist.
2519 5358 2588 5429 82
2619 5353 2688 5412 ad
2721 5350 2967 5409 Vercell.
2995 5353 3234 5429 Pontiﬁ,
3270 5373 3320 5414 c.
3358 5362 3442 5415 14.

2016 5429 2039 5505 (ξ
2069 5423 2194 5505 Yid.
2229 5423 2490 5505 libellum
2524 5428 2594 5505 de
2628 5429 2776 5480 Fest.
2814 5432 3009 5505 apost.

2019 5491 2039 5528 τ
2073 5496 2458 5551 Possidonius
2494 5498 2663 5550 unius
2698 5491 2977 5552 meminit.
