3992 6170
320 250 421 303 271

1359 245 1415 300 S.
1460 242 1718 299 ADONIS
1757 240 2193 299 ARCIIIEPISC.
2236 241 2651 297 VIENNENSfS

3604 242 3722 297 272

314 370 430 440 jam
457 381 559 438 per
573 364 1221 423 bonamconfessionem
1238 365 1957 439 praeesseruntadDomi-
1984 367 2041 427 A
2072 380 2175 423 sua
2197 366 2599 436 circumirent,
2631 363 2925 422 luctuosis
2957 362 3267 421 ornatibus
3297 363 3584 436 coronati,
3614 364 3719 421 Sa-

320 470 473 512 num.
498 453 690 512 Julius
710 468 848 512 vero
869 453 1175 511 osculatus
1194 455 1500 527 Esychium
1521 454 1707 511 dixit:
1734 456 1979 525 Frater,

319 542 532 599 festina
564 544 765 599 venire
801 561 815 610 ;
850 543 1119 599 mandata
1150 544 1303 599 enim
1356 549 1453 601 tua
1489 545 1606 615 jam
1648 544 1962 600 audierunt

317 646 467 703 quos
482 630 777 689 salutasti.
795 633 888 689 Sic
904 637 1150 705 accepto
1164 633 1380 703 orario,
1399 632 1586 703 ligans
1601 633 1715 689 sibi
1730 632 1955 704 oculos,

318 721 583 792 martyrii
617 720 864 792 palmam
895 720 1093 791 gladio
1126 721 1389 778 cadente
1423 722 1707 793 percepit.

387 809 448 865 In
476 808 698 879 Galliis,
726 810 968 866 civitate
992 809 1294 880 Arausica,
1324 810 1376 865 S.
1401 810 1669 881 Eutropii
1694 808 1957 881 episcopi

315 897 487 968 cujus
500 896 1002 968 vitam,illustrem
1017 898 1340 955 virtutibus
1354 913 1421 954 ac
1436 896 1753 968 miraculis,
1771 898 1957 954 Verus

315 985 635 1059 episcopus
664 985 966 1043 luculento
996 1000 1263 1043 sermone
1297 985 1601 1043 describit.

847 1111 911 1166 A.
947 1110 992 1166 V
1022 1109 1179 1166 KAL.
1212 1110 1411 1166 JUNII.

975 1217 1066 1289 (28
1093 1216 1298 1289 Maii.)

383 1333 411 1363 ι
433 1322 657 1382 Natalis
688 1324 875 1382 sancti
906 1326 1148 1381 Joannis
1171 1340 1356 1398 papa,
1384 1340 1551 1397 quem
1576 1325 1735 1398 (quia
1757 1326 1957 1384 ortho-

314 1413 503 1471 doxus
527 1418 674 1485 erat,
700 1418 761 1470 et
783 1430 813 1471 a
834 1415 1068 1472 Justino
1090 1414 1446 1487 imperatore
1466 1415 1797 1473 orthodoxe
1811 1416 1961 1473 Con-

312 1502 759 1575 stantinopolim
791 1504 1031 1561 veniens
1070 1503 1332 1574 gloriose
1373 1507 1691 1577 susceptus
1739 1505 1952 1577 fuerat)

310 1591 708 1649 Theodericus
722 1606 827 1649 rex
840 1593 1090 1650 Arianus
1104 1598 1498 1650 revertentem
1518 1594 1573 1649 in
1597 1595 1948 1666 Ravennam,

313 1679 369 1735 in
402 1680 733 1737 custodiam
766 1684 1013 1752 tantum,
1048 1681 1117 1738 ad
1152 1686 1399 1739 mortem
1431 1697 1639 1754 usque,
1666 1699 1796 1740 cum
1820 1682 1952 1740 aliis

310 1782 477 1839 aque
510 1768 822 1827 catholicis
851 1770 1015 1841 viris,
1052 1770 1347 1842 perduxit.
1384 1772 1568 1842 Hujus
1599 1772 1861 1830 meminit
1892 1774 1946 1829 S.

311 1856 701 1927 Gregoriusin
725 1856 878 1915 libro
900 1857 1292 1930 Dialogorum.
1322 1859 1498 1931 Cujus
1510 1875 1747 1932 corpus,
1766 1864 1954 1919 trans-

309 1942 490 2000 latum
514 1944 584 2001 de
607 1946 898 2017 Ravenna,
924 1946 1217 2019 sepultum
1240 1948 1409 2005 estin
1435 1948 1700 2006 basilica.
1727 1951 1768 2005 B
1789 1951 1948 2007 Petri

306 2030 583 2104 apostoli,
611 2033 816 2103 quinto
839 2033 1225 2093 Kalendarum
1246 2037 1526 2109 Januarii,
1552 2036 1792 2110 Olybrio
1814 2054 1951 2096 con-

305 2118 454 2177 sule.

375 2209 590 2267 Eodem
622 2210 717 2268 die
766 2210 920 2284 apud
967 2211 1273 2285 Parisium,
1321 2214 1537 2272 natalis
1582 2216 1771 2274 sancti
1813 2217 1949 2274 Ger-.

304 2298 456 2355 mani
478 2300 741 2373 episcopi
773 2306 834 2358 et
865 2302 1226 2360 confessoris

374 2387 517 2444 Item
550 2388 703 2461 apud
727 2389 1072 2462 Sardiniam,
1095 2395 1435 2450 sanctorum
1453 2392 1685 2465 IEmilii,
1709 2393 1940 2467 Felicis,

302 2474 513 2533 Priami
545 2481 605 2534 et
634 2478 890 2559 Luciani.

820 2604 881 2659 Β.
916 2603 988 2660 ιν
1018 2604 1174 2661 KAL.
1217 2607 1415 2663 JUNII.

958 2709 1048 2781 (29
1077 2708 1283 2782 Maii.)

367 2810 584 2883 Roma,
618 2812 711 2869 via
745 2811 1001 2885 Aurelia,
1036 2815 1226 2871 sancti
1259 2816 1561 2873 Restituti.

365 2900 468 2958 Via
498 2901 853 2972 Tirburtina,
888 2906 1111 2975 septem
1140 2918 1570 2973 germanorum.

363 2990 641 3061 Treviris,
679 2991 835 3047 beati
868 2991 1159 3047 Maximini
1190 2992 1474 3065 episcopi,
1495 3009 1524 3051 a
1550 3010 1665 3065 quo
1690 2993 1939 3053 Athana-

2076 457 2248 511 turno
2280 454 2549 510 victimas
2572 452 2945 509 immolaturi.
2970 454 3125 509 Tunc
3144 456 3204 508 et
3225 452 3336 524 ipsi
3358 452 3713 525 apprehensi

2072 558 2101 599 a
2123 542 2500 601 multitudine
2518 542 2823 614 gentilium
2844 542 3143 599 immolare
3162 542 3461 614 jubentur.
3487 541 3714 610 Quibus

2072 631 2528 702 reluctantibus,
2567 636 2726 689 tanta
2760 631 2919 689 cade
2952 635 3091 689 sunt
3122 630 3382 702 mactati,
3419 634 3482 687 ut
3500 631 3597 687 vix
3614 645 3718 687 ex-

2072 729 2319 781 tremum
2350 725 2620 796 spiritum
2655 724 2974 781 traherent.
3011 724 3251 780 Interim
3280 738 3391 781 una
3423 727 3595 780 nocte
3625 723 3714 779 di-

2069 810 2206 884 lata,
2242 828 2374 869 mox
2416 813 2758 885 pervenitur
2804 812 2875 870 ad
2918 827 3189 869 coronam
3237 811 3520 883 martyrii.
3568 812 3711 868 Nam

2068 906 2311 959 sanctus
2357 902 2648 959 Sisinnius
2682 902 2820 959 tuba
2865 917 3016 958 area
3046 916 3375 983 percussus
3398 902 3453 958 in
3491 901 3707 973 capite,

2067 993 2243 1059 atque
2276 990 2588 1046 securibus
2629 990 2957 1061 confossus,
2997 990 3163 1062 juxta
3205 989 3394 1063 ipsius
3434 988 3709 1046 ecclesia

2067 1078 2262 1134 limina
2284 1078 2664 1136 decubuerat.
2688 1079 2938 1136 Sanctus
2958 1094 3098 1137 vero
3116 1079 3433 1150 martyrius
3446 1092 3713 1151 compre-

2065 1166 2283 1224 hensus
2301 1168 2470 1225 stetit
2490 1166 2827 1239 immobilis,
2860 1172 2921 1224 et
2952 1182 3131 1239 agens
3157 1167 3381 1239 gratias
3411 1167 3550 1238 Deo,
3584 1164 3712 1224 vul-

2065 1260 2309 1313 neratus
2328 1257 2523 1329 capite
2553 1257 2885 1329 securibus,
2907 1260 3082 1328 atque
3101 1256 3373 1314 subditus
3392 1255 3711 1312 transfora-

2066 1349 2179 1416 tus,
2198 1345 2525 1404 ducebatur
2537 1347 2609 1404 ad
2625 1345 2843 1405 idolum
2860 1364 2874 1412 ;
2892 1347 2946 1402 in
2964 1362 3079 1418 quo
3093 1346 3305 1402 itinere
3319 1344 3709 1417 reddiditspi-

2064 1434 3708 1506 ritum.Multitudoautemgentiliumtuncapprehenden-

2064 1525 2155 1579 tes
2169 1526 2504 1581 sanctorum
2524 1528 2861 1595 corpora,et
2875 1523 2931 1579 in
2945 1522 3100 1580 collo
3114 1523 3410 1580 S.Sisinnii
3425 1522 3708 1578 tintinna-

2063 1610 2263 1670 bulum
2286 1612 2731 1685 suspendentes,
2755 1611 3115 1669 insultabant
3139 1611 3435 1669 dicentes:
3473 1611 3705 1667 Modotc

2064 1701 2321 1759 vindicet
2337 1702 2823 1772 Christus.lgitur
2838 1701 2991 1756 inter
3004 1715 3252 1772 corpora
3266 1699 3452 1756 sancti
3466 1698 3705 1756 Sisinnii

2062 1793 2124 1846 et
2137 1791 2394 1862 Martyrii
2409 1791 2579 1848 vivus
2595 1790 2926 1847 Alexander
2946 1789 3266 1847 trahendus
3280 1787 3615 1861 apponitur,
3639 1791 3705 1844 ut

2063 1894 2167 1953 per
2200 1878 2314 1936 iter
2341 1894 2614 1952 asperum
2646 1879 3272 1951 membratimcorpora
3303 1876 3706 1948 disjungeren-

2064 1977 2178 2029 tur.
2200 1971 2307 2027 Ubi
2327 1984 2470 2040 ergo
2503 1971 2894 2041 pervenerunt
2925 1969 2995 2025 ad
3029 1982 3187 2025 aram
3218 1966 3473 2037 Saturni,
3509 1966 3701 2036 ignem

2060 2062 2362 2133 copiosum
2404 2063 2640 2132 factum,
2685 2064 3022 2117 sanctorum
3061 2057 3411 2131 corporibus
3449 2056 3703 2114 immise-

2060 2156 2215 2209 runt.
2238 2152 2512 2210 Sanctum
2541 2156 2735 2209 autem
2768 2149 3160 2207 Alexandrum
3194 2146 3579 2218 ﬂagellantes,
3618 2146 3702 2202 in-

2060 2242 2460 2313 terrogabant,
2478 2241 2524 2298 si
2540 2239 2982 2297 velletevadere
3005 2239 3281 2307 ﬂammas,
3315 2241 3379 2293 ut
3405 2235 3703 2293 sacrifica-

2057 2334 2150 2386 ret
2172 2332 2442 2388 Saturno.
2466 2331 2576 2386 Sed
2598 2328 2695 2385 ille
2714 2332 3097 2386 contemnens
3117 2326 3324 2398 impias
3349 2340 3545 2396 voces,
3573 2323 3702 2395 glo-

2056 2420 2236 2477 riosa
2246 2419 2534 2491 passionis
2545 2418 2781 2490 excepit
2794 2416 3062 2489 palmam.
3079 2417 3213 2473 Ilac
3226 2429 3356 2471 cum
3369 2416 3535 2471 sexta
3549 2412 3697 2469 feria

2054 2515 2185 2568 acta
2234 2510 2477 2566 fuissent
2527 2506 2758 2580 quando
2802 2504 3067 2562 Salvator
3111 2505 3302 2562 fuerat
3353 2500 3697 2572 crucifixus,

2054 2601 2257 2659 umbra
2282 2599 2546 2671 quadam
2587 2597 2750 2667 nigra
2794 2596 3057 2668 proxima
3095 2598 3295 2665 terra,
3337 2608 3469 2650 mox
3510 2596 3698 2649 totam

2054 2691 2202 2746 texit
2235 2689 2552 2759 regionem,
2579 2686 2920 2743 fulminibus
2947 2682 3326 2742 creberrimis
3354 2682 3696 2739 discurren-

2053 2778 2229 2847 tibus,
2252 2780 2391 2833 utet
2412 2776 2524 2848 ipsi
2547 2774 2708 2847 impii
2728 2772 3153 2830 confiterentur
3169 2775 3392 2827 terrore
3406 2769 3690 2843 perculsi,

2051 2866 2161 2923 hoc
2181 2868 2518 2921 sanctorum
2538 2876 2714 2920 causa
2736 2860 2880 2917 fieri.
2909 2859 3166 2927 Quorum
3198 2859 3375 2915 etiam
3406 2858 3695 2930 reliquias

2050 2970 2180 3012 cum
2214 2952 2584 3027 postmodum
2616 2949 3078 3007 Mediolanenses
3118 2962 3339 3005 summa
3377 2947 3694 3006 devotione

292 3075 415 3132 sius
462 3036 936 3147 perse’cutionem
979 3036 1304 3135 Constantii
1349 3036 1583 3150 fu'lgi’ens1
1613 3082 1936 3140 honorifice
1965 3075 2015 3139 C
2049 3040 2701 3150 {irin}?!
2929 3036 3694 3150 ‘i’ffﬂ‘fﬂ’EP‘ﬂ'f‘fff‘ﬁff'

292 3168 605 3236 susceptus
633 3166 741 3221 est.

362 3250 507 3306 Item
530 3250 729 3321 passio
751 3249 939 3307 sancti
964 3250 1217 3307 Cononis
1249 3253 1541 3325 martyris,
1576 3257 1637 3310 et
1669 3254 1772 3311 filii
1804 3258 1932 3330 ejus

290 3338 399 3395 sub
430 3337 743 3396 Aureliano
775 3339 1152 3411 imperatore,
1186 3339 1243 3395 in
1275 3341 1492 3412 Iconio,
1527 3342 1769 3400 civitate
1802 3362 1933 3417 pro-

289 3425 497 3482 vincia
528 3426 785 3497 Isauria,
806 3426 1004 3497 judice
1017 3427 1365 3484 Domitiano.
1386 3429 1487 3485 Hic
1502 3445 1633 3487 cum
1648 3434 1932 3491 essetfide

288 3513 631 3587 praclarus,
663 3515 963 3573 exhibitus
985 3516 1171 3587 judici
1205 3531 1335 3573 cum
1369 3517 1488 3575 ﬁlio
1519 3536 1624 3578 suo
1647 3535 1928 3582 annorum

287 3600 618 3673 duodecim,
656 3603 935 3675 Spiritum
969 3607 1236 3661 sanctum
1269 3605 1325 3661 in
1349 3620 1410 3662 se
1434 3606 1699 3665 habitare
1730 3614 1925 3669 veraci

285 3691 653 3749 confessione
677 3692 1220 3751 manifestaverunt.
1247 3695 1503 3753 Primum
1528 3696 1724 3770 itaque
1742 3699 1927 3771 ignito

287 3781 443 3837 ferro
464 3781 862 3854 superpositi;
888 3781 1099 3838 deinde
1123 3784 1467 3841 craticulam
1492 3787 1696 3857 prunis
1714 3803 1928 3863 suppo-

282 3868 414 3927 sitis
435 3874 495 3926 et
522 3868 654 3927 oleo
687 3870 1065 3942 superiniuso
1090 3876 1435 3929 constanter
1456 3884 1883 3948 superaverunt
1908 3898 1923 3948 ;

282 3958 416 4015 inde
450 3958 750 4015 frixoriam
777 3975 792 4024 ;
827 3958 1036 4015 malleo
1060 3960 1130 4014 ad
1153 3964 1479 4018 extremum
1504 3963 1698 4034 ligneo
1721 3982 1925 4027 manus

281 4046 370 4102 eis
402 4045 688 4115 adhibito,
723 4044 933 4102 malleo
963 4048 1034 4103 ad
1073 4052 1399 4106 extremum
1440 4051 1668 4121 ligneus
1718 4071 1922 4115 manus

280 4146 483 4189 eorum
514 4131 808 4204 contrita,
848 4132 907 4188 in
940 4132 1168 4191 laudem
1199 4137 1621 4209 omnipotentis
1651 4142 1772 4214 Dei,
1804 4145 1922 4217 spi-

280 4220 458 4277 ritum
488 4219 832 4277 emiserunt.

350 4308 564 4366 Eodem
597 4308 712 4380 die,
746 4308 961 4367 natalis
984 4314 1321 4369 sanctorum
1344 4314 1599 4387 Sisinnii,
1635 4319 1914 4396 Martyrii,

2045 3135 2307 3203 veniens,
2327 3133 2490 3188 tacto
2510 3126 2704 3185 loculo
2724 3125 2917 3183 lumen
2937 3127 3182 3200 recepit,
3209 3131 3522 3185 utsanctus
3543 3129 3693 3184 Pau-

2042 3220 2196 3279 linus
2228 3219 2436 3277 scribit
2467 3217 2524 3273 in
2555 3216 2676 3273 vita
2709 3216 2763 3271 S.
2799 3216 3111 3272 Ambrosii.

2569 3332 2739 3405 CCIII
2768 3330 2923 3387 KAL.
2956 3331 3155 3388 JUNII.

2570 3441 2625 3513 (4
2653 3441 2821 3512 Αλυν.³
2848 3443 2919 3496 so
2943 3438 3149 3512 Maii.)

2107 3551 2135 3590 δ
2163 3551 2359 3607 Roma
2380 3548 2473 3606 via
2502 3547 2735 3605 Aurelia
2766 3547 2822 3603 in
2854 3546 3214 3617 cameterio,
3249 3544 3462 3603 natalis
3489 3548 3687 3605 sancti

2037 3638 2247 3696 Felicis
2282 3652 2462 3710 papa.
2500 3636 2607 3702 Qui
2641 3651 2771 3693 cum
2804 3635 2971 3691 annis
3001 3635 3258 3706 quinque
3288 3636 3541 3692 rexisset
3576 3636 3688 3693 Ec-

2033 3729 2292 3799 clesium,
2336 3727 2444 3785 sub
2490 3724 2730 3782 Claudio
2775 3723 3061 3797 principe,
3111 3724 3390 3796 martyrio
3436 3739 3689 3784 corona-

2102 3906 2385 3963 Turribus
2417 3902 2721 3974 Sardinia,
2755 3900 2968 3959 natalis
2997 3905 3333 3960 sanctorum
3353 3878 3683 3975 martyrum

2034 3994 2260 4052 Gabinii
2293 3996 2351 4051 et
2384 3990 2655 4064 Crispuli.

2465 4106 2529 4162 D.
2565 4105 2804 4162 PRIDIE
2832 4104 2989 4162 KAL.
3028 4105 3225 4163 JUNII.

2681 4212 2767 4284 (34
2798 4212 3002 4285 Maii.)

2097 4329 2122 4360 °
2151 4323 2366 4391 Roma,
2407 4320 2472 4376 R.
2515 4319 2854 4376 Petronilla
2898 4318 3162 4390 virginis.
3208 4320 3342 4376 Hac
3387 4318 3501 4376 fuit
3551 4319 3678 4378 filia

274 4402 477 4493 atque-
487 4398 809 4493 Alexandri
821 4418 853 4493 _:
888 4399 991 4493 qui
1020 4400 1076 4493 in
1108 4402 1385 4493 Anauuia
1417 4408 1684 4477 partibus
1720 4426 1914 4482 perse-
1942 4432 1994 4493 Ι)
2028 4411 2348 4468 beatissimi
2372 4409 2530 4467 Petri
2550 4408 2823 4481 apostoli,
2846 4424 2974 4480 qua
3007 4412 3137 4480 post
3172 4407 3351 4465 multa
3382 4407 3677 4465 miracula

274 4486 1098 4561 quentibusgentilibusviris,
1121 4492 1382 4562 martyrii
1408 4510 1681 4553 coronam
1716 4500 1913 4574 adepti
1942 4486 1987 4493 ⁷
2025 4501 2362 4571 sanitatum,
2387 4515 2517 4558 cum
2536 4514 2660 4556 eam
2681 4499 2924 4556 Flaccus
2955 4512 3150 4555 comes
3181 4513 3288 4555 suo
3318 4495 3495 4554 vellet
3529 4512 3680 4555 con-

270 4575 812 4646 sunt.IIosVigilius
824 4576 1177 4635 Tridentina
1191 4581 1684 4657 urbisepiscopus
1697 4593 1757 4643 et
1772 4606 1925 4650 mar-

272 4671 363 4737 tyr
377 4664 447 4721 ad
463 4666 760 4735 regionem
775 4666 887 4723 vici
905 4682 1031 4723 nam
1056 4668 1172 4740 (cui
1196 4671 1544 4728 vocabulum
1571 4677 1913 4754 Anauniam)

266 4754 336 4811 ad
353 4754 790 4826 pradicandum
806 4756 983 4813 misit.
1000 4758 1081 4812 Ex
1105 4759 1318 4828 quibus
1342 4776 1493 4818 unus
1514 4763 1803 4823 Sisinnius
1826 4783 1913 4825 se-

264 4857 376 4900 nex
392 4843 767 4916 venerabilis,
783 4858 998 4914 genere
1014 4846 1269 4918 Gracus,
1287 4863 1358 4904 ex
1375 4851 1673 4920 provincia
1693 4856 1765 4910 Ca
1775 4871 1911 4928 ppa-

262 4933 448 4990 docia
464 4934 592 4991 fuit.
621 4934 808 5004 Igitur
829 4932 964 4989 dum
998 4950 1101 5004 per
1133 4935 1370 5007 aliquod
1406 4942 1635 5011 tempus
1663 4945 1906 5003 verbum

260 5022 360 5076 Dei
393 5023 806 5092 pradiearent,
834 5022 1004 5078 turba
1026 5024 1285 5091 gentium
1310 5024 1545 5097 indigne
1570 5029 1782 5103 ferens,
1809 5035 1908 5092 ad-

261 5122 467 5166 versus
480 5116 719 5169 sanctos
733 5110 832 5167 Dei
848 5114 1174 5182 pugnatura
1188 5114 1513 5185 consurgit.
1532 5118 1792 5193 Contigit
1805 5139 1905 5181 au-

258 5199 471 5269 tem,ut
483 5201 803 5259 secundum
817 5199 1096 5272 gentilem
1111 5205 1907 5284 consuetudinem,perquin-

260 5288 575 5359 quennium
590 5290 823 5349 cultura
842 5290 999 5350 ruris
1018 5290 1130 5364 sui,
1148 5290 1438 5353 diabolica
1454 5312 1663 5372 pompa
1675 5295 1897 5360 semina

281 5445 352 5522 ut
380 5436 704 5522 Pontif._,Ac.
740 5423 1132 5518 54;'Gregor.
1183 5445 1327 5505 Dial.
1373 5443 1474 5506 lib.
1516 5462 1600 5521 ιιι,
1645 5463 1696 5508 c.
1740 5454 1792 5522 2,
1835 5454 1898 5509 et

253 5506 354 5570 lib.
386 5522 463 5583 ιν,
496 5524 548 5571 c.
579 5506 666 5571 3'0.

2018 4590 2181 4662 jugio
2195 4591 2442 4660 sociare,
2460 4588 2642 4645 tridui
2657 4586 2924 4644 inducias
2937 4585 3257 4659 postulans,
3274 4590 3478 4643 etcum
3499 4600 3679 4645 sanc-

2021 4684 2081 4735 ta
2096 4680 2320 4751 virgine
2337 4678 2589 4735 Felicula
2605 4675 2968 4733 collectanea
2982 4690 3087 4732 sua
3112 4676 3408 4732 continuis
3422 4675 3679 4747 jejuniis

2020 4772 2197 4839 atque
2228 4766 2594 4824 orationibus
2625 4779 2852 4835 vacans,
2904 4764 3085 4820 tertio
3115 4763 3432 4820 celebratis
3470 4763 3676 4821 Domi-

2019 4856 2165 4912 nica
2178 4854 2495 4912 oblationis
2517 4852 2830 4924 mysteriis,
2857 4868 2991 4910 mox
3009 4856 3070 4910 ut
3097 4852 3310 4910 Christi
3333 4866 3674 4910 sacramen-

2019 4947 2138 5001 tum
2176 4943 2425 5015 accepit,
2458 4941 2750 5000 reclinans
2785 4957 2846 5000 se
2883 4942 2939 4998 in
2979 4939 3220 5014 lectulo,
3263 4941 3459 4999 emisit
3485 4940 3673 5014 spiri-

2015 5035 2156 5089 tum.

2083 5120 2295 5177 Eodem
2328 5119 2421 5179 die
2453 5121 2604 5194 apud
2654 5119 3001 5194 Aquileiam,
3052 5117 3267 5179 natalis
3312 5122 3666 5179 sanctorum

2010 5213 2330 5281 martyrum
2360 5212 2569 5283 Cantii,
2603 5211 2886 5283 Cantiani,
2908 5215 2970 5268 et
2990 5209 3353 5268 Cantianilla
3382 5210 3664 5268 fratrum.

2076 5300 2358 5358 Turribus
2390 5300 2692 5373 Sardinia,
2737 5300 2951 5358 natalis
2994 5298 3184 5359 sancti
3224 5297 3665 5358 Crescentiani.

2074 5450 2102 5490 δ
2129 5451 2491 5525 Pontificale,
2526 5468 2576 5525 c.
2612 5458 2699 5511 27.

2074 5530 2099 5562 ο
2126 5522 2207 5581 De
2233 5537 2301 5583 ea
2334 5523 2391 5581 in
2421 5522 2611 5596 gestis
2640 5524 2831 5585 Nerei.
