4004 6168
212 280 311 338 273
979 268 1578 328 MARTYROLOGIUM
1620 268 1761 325 CUM
1801 265 2327 325 ADDlTAMENTlS.
2370 295 2435 306 --
2479 263 2662 319 MENS
2697 264 2842 321 JUN.
3507 270 3609 322 27!,

1467 500 1818 560 ΙιΙΤΑΝΙίΕ
1881 495 2346 557 ΙΝΒΙΟΕΝΙΗΕ

1526 652 1728 736 ΜΕΝ
1743 652 1891 737 SIS
1946 648 2292 734 JUNlUS

1260 837 1464 889 HABET
1515 835 1654 886 DIES
1704 837 1867 899 XXX;
1926 834 2088 885 LUNA
2137 832 2306 884 VERO
2358 832 2534 883 XXIX.

775 1102 834 1158 E.
879 1101 1034 1156 ΚΑΒ.
1075 1102 1273 1156 JUNll.

855 1200 915 1271 (4
956 1200 1152 1256 Junii.
1176 1200 1196 1272 )

275 1311 301 1340 ι
329 1299 633 1356 Dedicatio
658 1297 845 1356 sancti
871 1297 1200 1356 Nicomedis
1225 1298 1498 1368 martyris
1527 1302 1583 1354 et
1612 1298 1849 1370 presby-

213 1387 317 1444 teri
348 1386 501 1459 apud
527 1387 732 1443 urbem
755 1387 1011 1457 Romam,
1033 1385 1200 1454 cujus
1225 1385 1565 1456 martyrium
1589 1383 1848 1441 celebra-

214 1482 302 1533 tur
333 1491 444 1532 xvn
486 1473 728 1531 Kalend.
765 1475 1060 1532 Octobris.

276 1564 436 1636 Apud
473 1566 800 1621 Caesaream
831 1564 1179 1632 Palaestinae,
1216 1563 1430 1620 natalis
1463 1562 1650 1618 sancti
1685 1563 1846 1617 Pam-

214 1654 339 1727 phili
364 1654 721 1726 presbyteri,
738 1654 844 1710 viri
868 1653 1222 1710 admirandae
1243 1653 1375 1708 ﬁdei
1399 1656 1456 1707 et
1481 1651 1840 1721 sanctitatis,

213 1744 298 1815 qui
326 1745 434 1802 sub
469 1742 882 1816 persecutione
914 1743 1200 1798 Maximini
1228 1741 1504 1812 martyrio
1527 1745 1842 1798 coronatus

212 1839 309 1889 est.
343 1832 526 1902 Hujus
566 1831 743 1888 vitam
787 1832 1074 1887 Eusebius
1106 1831 1487 1886 Cmsariensis
1525 1831 1841 1902 episcopus

211 1923 386 1978 tribus
419 1921 589 1977 libris
623 1921 1082 1992 comprehendit.
1121 1921 1309 1975 Sedet
1336 1921 1544 1976 beatus
1567 1921 1842 1990 Hierony-

217 2024 328 2064 mus
359 2009 566 2064 scribit
614 2009 875 2080 quasdam
918 2007 1208 2064 volumina
1240 2023 1409 2064 manu
1441 2008 1568 2078 ejus
1600 2013 1837 2064 exarata

215 2113 268 2153 se
296 2099 607 2168 reperisse.
649 2100 787 2165 Quae
817 2099 1001 2168 tanta,
1036 2097 1242 2168 inquit,
1262 2098 1584 2170 amplector
1601 2098 1840 2155 δεδεγυο

208 2187 436 2256 gaudio,
467 2188 541 2242 ut
569 2186 756 2244 (Irasi
782 2201 914 2259 opes
944 2186 1159 2244 habere
1177 2200 1268 2243 me
1285 2187 1540 2244 credam.
1575 2188 1652 2245 Si
1683 2188 1840 2244 enim

216 2274 421 2330 latitia
442 2275 534 2330 est
551 2287 733 2330 imam
753 2273 1064 2346 epistolam
1086 2273 1302 2331 habere
1319 2275 1634 2348 martyris,
1650 2289 1839 2346 quan-

214 2363 260 2418 to
285 2364 468 2435 magis
500 2362 588 2419 tot
609 2363 812 2420 millia
842 2363 913 2419 ut
935 2377 1130 2433 suum,
1161 2377 1293 2434 qua
1310 2363 1464 2420 mihi
1484 2363 1722 2422 videtur
1741 2365 1840 2422 sui

1875 1106 1923 1164 Α
1958 1101 2163 1154 noster
2192 1102 2361 1158 Jesus
2401 1100 2687 1158 Christus.
2734 1100 3058 1171 Statimque
3101 1098 3215 1154 lilia
3248 1112 3470 1168 eorum,
3507 1112 3604 1153 no-

1958 1190 2111 1246 mine
2144 1196 2204 1246 et
2237 1207 2487 1263 corpore
2517 1193 2684 1261 virgo
2717 1191 2976 1260 Paulina,
3004 1205 3034 1246 a
3059 1189 3274 1261 spiritu
3306 1188 3603 1246 immundo

1957 1284 2186 1351 vexata,
2223 1285 2425 1336 curata
2459 1286 2567 1337 est.
2597 1283 2666 1336 Et
2699 1297 2827 1337 cum
2852 1280 2962 1336 hoc
2987 1279 3174 1349 ﬁeret,
3200 1292 3402 1334 omnes
3421 1279 3518 1349 qui
3544 1279 3602 1335 in

1956 1368 2128 1426 domo
2153 1371 2394 1426 Artemii
2415 1374 2602 1440 erant,
2621 1369 3020 1427 crediderunt.
3041 1368 3440 1438 Convenitque
3460 1366 3602 1423 mul-

1957 1460 2149 1516 titudo
2182 1461 2506 1517 vicinorum
2540 1461 2788 1532 amplius
2823 1475 2990 1531 quam
3024 1462 3444 1524 trecentorum,
3481 1473 3602 1513 mu-

1956 1548 2162 1604 lierum
2209 1565 2348 1605 vero
2397 1549 2788 1606 abundantior
2835 1563 3132 1617 numerus,
3175 1546 3596 1604 clamantium:

1954 1638 2176 1693 Prmter
2200 1639 2493 1694 Christum
2519 1654 2629 1694 non
2652 1643 2743 1694 est
2765 1638 2912 1694 alius
2931 1641 3102 1694 Deus.
3125 1639 3379 1708 Cumque
3401 1651 3600 1693 omnes

1953 1733 2236 1798 cuperent
2271 1728 2391 1783 ﬁeri
2427 1728 2764 1797 Christiani,
2800 1727 3046 1784 adduxit
3095 1726 3184 1781 vir
3231 1727 3331 1782 Dei
3383 1728 3597 1781 Petrus

1953 1815 2345 1872 Marcellinum
2389 1817 2818 1886 presbyterum,
2861 1816 2955 1886 qui
3007 1830 3206 1871 omnes
3245 1814 3596 1870 unanimiter

1951 1903 2292 1974 baptizavit.
2314 1904 2421 1958 Sed
2447 1905 2740 1959 Artemius
2761 1919 2960 1959 omnes
2975 1904 3070 1974 qui
3089 1905 3142 1958 in
3160 1902 3412 1958 vinculis
3426 1905 3596 1956 erant

1949 1991 2226 2059 absolvit,
2263 1992 2358 2061 qui
2387 1996 2445 2047 et
2477 2007 2678 2046 omnes
2713 1992 2986 2062 baptismi
3028 1992 3276 2059 gratiam
3319 2004 3594 2060 percepe-

1949 2081 2384 2136 runt..Audiens
2405 2080 2704 2150 hocjudcx
2721 2080 3182 2150 Serenus,jussit
3198 2077 3591 2134 Marcellinum

1949 2171 2352 2240 presbyterum
2371 2173 2430 2224 et
2452 2171 2688 2225 Petrum
2710 2168 3065 2238 exoycistam
3082 2167 3409 2238 praesentiae
3431 2165 3592 2221 exhi-

1949 2257 2092 2313 beri.
2130 2259 2198 2313 Et
2227 2258 2487 2314 auditum
2512 2259 2742 2314 beatum
2767 2257 3161 2314 Marcellinum
3180 2257 3358 2328 jussit
3382 2255 3594 2328 pugnis

1948 2348 2092 2404 caedi
2126 2348 2182 2402 in
2208 2347 2486 2403 ambabus
2506 2347 2762 2402 arteriis.
2786 2348 2858 2402 At
2881 2346 2978 2403 ubi
2999 2345 3344 2402 defecerunt
3367 2345 3594 2401 caeden-

209 2433 511 2523 saugainis
541 2451 817 2522 signasse
842 2451 1114 2522 vestigiis
1143 2433 1331 2522 {Ipso
1353 2450 1466 2522 die,
1493 2451 1545 2507 S.
1574 2451 1834 2523 Caprasii

1955 2441 2062 2506 tes,
2089 2451 2158 2491 eo
2187 2437 2362 2491 Petro
2395 2439 2692 2508 separato,
2714 2435 2896 2504 jussit
2929 2441 2989 2491 ut
3019 2435 3212 2491 nudus
3245 2449 3424 2506 super
3453 2433 3591 2490 vitri

211 2537 422 2593 abbatis
456 2537 796 2593 monasterii
831 2536 1168 2594 Lirinensis.

271 2624 427 2696 Apud
460 2625 761 2695 Viennam,
794 2625 978 2681 sancti
1014 2623 1234 2681 Claudii
1268 2625 1318 2679 II
1348 2624 1632 2696 episcopi.

691 2738 748 2793 F.
775 2739 844 2794 IV
875 2738 1109 2794 NONAS
1135 2738 1332 2793 JUNlI.

853 2836 918 2908 (2
943 2835 1175 2905 Junii.)

275 2931 476 3002 Romae,
501 2931 821 2990 Marcellini
855 2931 1184 3005 presbyteri
1217 2934 1275 2986 et
1309 2931 1465 2986 Petri
1498 2929 1832 2999 exorcistze,

215 3021 310 3078 sub
353 3021 732 3093 Diocletiano,
761 3022 961 3095 judice
1004 3023 1237 3078 Sereno.
1281 3023 1520 3076 Factum
1560 3022 1653 3074 est
1699 3018 1832 3074 dum

214 3113 498 3166 teneretur
550 3112 759 3168 beatus
808 3113 1017 3169 Petrus
1049 3111 1103 3166 in
1136 3108 1563 3166 obscurissime
1594 3121 1833 3164 carcere

216 3197 440 3255 vinculis
464 3198 674 3255 ferreis
696 3199 998 3270 astrictus,
1019 3202 1080 3254 ut
1106 3201 1309 3254 custos
1328 3195 1586 3254 carceris
1606 3195 1834 3251 nomine

217 3284 488 3343 Artemius
521 3287 766 3343 haberet
796 3287 968 3342 filiam
1001 3286 1432 3354 dmmoniacam,
1460 3300 1628 3355 quam
1662 3284 1833 3340 unice

216 3372 491 3444 diligebat.
525 3375 626 3432 Cui
651 3377 740 3431 vir
761 3375 859 3431 Dei
884 3377 1096 3432 Petrus
1120 3374 1264 3430 dixit
1300 3394 1312 3429 :
1348 3374 1495 3430 Audi
1521 3373 1830 3429 consilium

216 3475 400 3530 meum,
425 3465 668 3534 Artemi,
692 3469 749 3520 et
783 3465 958 3520 crede
981 3463 1346 3533 unigenitum
1367 3462 1568 3518 Filium
1594 3462 1691 3517 Dei
1716 3461 1828 3517 vivi

213 3548 486 3608 Dominum
505 3557 772 3609 nostrum
790 3555 985 3609 Jesum
1003 3552 1312 3620 Christum,
1333 3550 1427 3621 qui
1443 3552 1534 3605 est
1550 3549 1831 3605 liberator

213 3640 438 3698 omnium
473 3643 528 3698 in
553 3657 614 3698 se
639 3642 1024 3698 credentium.
1053 3641 1108 3696 Si
1131 3641 1477 3710 credideris,
1506 3639 1832 3696 salvabitur

215 3727 313 3783 ﬁlia
344 3734 456 3786 tua.
492 3731 596 3786 Cui
631 3729 925 3786 Artemius
959 3748 972 3784 :
1007 3729 1182 3784 Miror
1215 3728 1664 3799 imprudentiam
1697 3744 1833 3784 con-

214 3815 313 3872 silii
345 3819 444 3875 tui.
477 3821 553 3874 Te
585 3821 738 3874 Deus
764 3823 900 3874 tuus
925 3817 1178 3874 liberare
1205 3832 1318 3873 non
1345 3821 1563 3887 potest,
1590 3833 1720 3873 cum
1747 3817 1830 3873 illi
1863 3805 1912 3868 C

214 3907 417 3975 credas,
441 3912 500 3962 et
525 3907 793 3978 quotidie
827 3922 931 3979 pro
962 3907 1090 3977 ejus
1123 3905 1354 3961 nomine
1388 3905 1588 3976 plagas
1619 3910 1681 3962 et
1711 3907 1832 3962 vin-

211 3993 322 4050 cula
348 3997 626 4066 perferas,
656 3995 946 4066 quomodo
972 3993 1192 4065 poterit
1218 3993 1390 4048 filiam
1416 4009 1596 4050 meam
1623 3994 1833 4051 libera-

213 4095 264 4135 re
293 4083 336 4138 si
365 4084 415 4139 ei
449 4082 764 4140 credidero
796 4083 820 4137 ?
846 4082 900 4137 Si
926 4096 1015 4138 me
1037 4083 1128 4137 vis
1151 4081 1394 4138 credere
1412 4084 1528 4138 Deo
1555 4087 1831 4153 tuo,ecee

210 4182 302 4239 ego
329 4170 642 4244 duplicabo
671 4185 850 4242 super
881 4175 938 4226 te
969 4174 1228 4240 catenas,
1263 4174 1324 4226 et
1352 4170 1610 4227 claustra
1640 4173 1829 4228 omnia

210 4261 444 4317 carceris
464 4260 751 4325 muniam;
774 4263 830 4314 te
854 4263 1045 4315 autem
1070 4258 1258 4330 ipsum
1283 4259 1338 4314 in
1375 4260 1499 4332 ipsa
1530 4260 1640 4317 ima
1675 4265 1832 4317 tene-

211 4344 362 4405 brosa
383 4348 570 4405 solum
593 4347 904 4405 includam.
924 4347 978 4402 Si
1001 4348 1070 4403 de
1090 4347 1181 4404 bis
1201 4349 1470 4405 omnibus
1490 4348 1833 4406 liberaverit

210 4438 256 4489 te
281 4438 423 4494 Deus
453 4442 614 4505 tuus,
650 4434 882 4493 credam
923 4436 996 4490 ei.
1033 4435 1134 4490 Cui
1172 4436 1380 4492 beatus
1404 4438 1614 4493 Petrus
1637 4452 1834 4494 assen-

209 4538 313 4579 sum
345 4526 525 4595 dedit,
562 4524 916 4596 promittens
955 4523 1024 4579 ad
1069 4523 1299 4580 domum
1334 4523 1492 4579 illius
1537 4539 1598 4580 se
1629 4529 1832 4580 ventu-

210 4626 359 4667 rum:
394 4615 534 4682 lloc,
571 4613 825 4683 inquam,
864 4612 1064 4668 faciam
1108 4627 1219 4667 non
1262 4610 1332 4666 ad
1374 4610 1603 4668 libitum
1647 4617 1832 4667 tenta-

213 4699 367 4758 tionis
391 4707 527 4772 tuae,
546 4703 646 4760 sed
672 4703 741 4759 ad
768 4701 1226 4758 declarationem
1252 4701 1582 4756 divinitatis
1605 4701 1830 4756 Domini

211 4789 303 4843 mei
346 4792 478 4847 Iesu
519 4790 761 4847 Christi.
809 4789 1052 4859 Agitans
1093 4793 1269 4858 caput
1313 4787 1650 4844 Artemius:
1688 4789 1825 4852 lste,

213 4872 394 4948 inquit,
412 4881 584 4936 homo
611 4878 807 4935 nimiis
827 4877 1206 4950 passionibus
1232 4876 1511 4946 fatigatus
1537 4875 1723 4932 aliena
1750 4875 1832 4930 lo-

213 4965 404 5037 quitur,
425 4973 486 5024 et
517 4969 645 5024 haec
678 4967 881 5023 dicens
913 4965 1223 5022 abscessit.
1251 4965 1638 5035 Narravitquc
1661 4969 1829 5035 gesta

212 5057 259 5106 et
285 5053 430 5112 dicta
465 5056 638 5112 uxori
672 5070 793 5112 sua:
826 5053 1114 5111 Candidas.
1144 5055 1213 5109 Et
1242 5068 1379 5109 ecce
1405 5053 1600 5108 subito
1635 5053 1829 5110 noctis

216 5140 354 5200 initio
382 5145 552 5203 adest
583 5145 758 5200 homo
781 5144 879 5200 Dei
906 5145 1116 5198 Petrus
1150 5141 1408 5197 Artemio
1439 5146 1500 5196 et
1533 5141 1825 5212 Candida},
1860 5165 1911 5224 D

219 5227 422 5291 indutus
453 5234 728 5291 vestibus
782 5232 1069 5301 candidis,
1123 5234 1328 5287 tenens
1389 5230 1444 5286 in
1503 5245 1673 5286 manu
1723 5244 1828 5287 sua

220 5318 542 5394 triumphum
575 5321 792 5379 crucis.
819 5323 879 5376 In
911 5321 1078 5392 cujus
1099 5317 1347 5388 vestigia
1371 5322 1719 5375 corruentes
1744 5318 1827 5374 illi

220 5404 512 5467 clamabant
537 5430 550 5465 :
585 5411 737 5466 Vere
768 5425 917 5466 unus
945 5410 1098 5465 Deus
1129 5411 1238 5478 est,
1259 5410 1320 5463 et
1349 5421 1526 5464 verus
1553 5406 1829 5464 Dominus

271 5539 295 5568 ⁸
319 5533 464 5590 Hier.
500 5535 572 5591 de
607 5533 820 5606 Script.
855 5531 1104 5602 Eccles.,
1135 5545 1185 5588 c.
1220 5535 1308 5588 75.

1955 2525 2276 2594 fragmenta
2326 2529 2664 2581 steneretur
2706 2525 2762 2580 in
2805 2525 3092 2595 custodia,
3127 2527 3189 2580 et
3222 2524 3419 2581 victus
3449 2523 3502 2579 ei
3533 2526 3594 2578 et

1949 2613 2140 2669 lumen
2191 2618 2523 2683 negaretur.
2577 2615 2790 2669 Petrus
2841 2628 3166 2670 conversus
3205 2613 3273 2669 ad
3313 2612 3588 2668 Serenum

1948 2701 2099 2758 dixit
2132 2721 2144 2756 :
2180 2703 2316 2758 Cum
2347 2701 2430 2757 sis
2461 2701 2690 2759 nomine
2723 2701 2992 2771 Serenus,
3021 2705 3208 2758 totum
3240 2705 3297 2756 te
3329 2699 3589 2755 nubilum

1946 2795 2008 2845 et
2039 2791 2416 2845 tenebrosum
2443 2790 2614 2845 factis
2637 2789 2925 2845 ostendis.
2953 2790 3108 2846 Tunc
3128 2793 3188 2844 et
3213 2789 3402 2859 ipsum
3427 2788 3591 2842 Sere-

1948 2895 2056 2936 nus
2078 2879 2260 2950 jussit
2292 2879 2346 2933 in
2375 2877 2629 2934 vinculis
2664 2878 2868 2948 recipi,
2903 2883 2964 2932 et
2993 2877 3174 2947 pedes
3207 2877 3263 2932 in
3296 2877 3469 2946 cippo
3502 2889 3592 2929 ar-

1946 2967 2213 3023 ctissimo
2229 2965 2822 3034 constringi.Factum
2837 2969 2930 3021 est
2944 2965 3078 3021 dum
3093 2964 3350 3036 separati
3365 2955 3584 3032 essent,

1946 3055 2471 3129 apparuitangelus
2484 3055 2707 3112 Domini
2723 3054 3056 3111 Marcellino
3073 3055 3419 3126 presbytero
3432 3069 3600 3110 oran-

1945 3147 1988 3202 ti
2015 3145 2190 3213 nudo,
2218 3149 2276 3200 et
2309 3145 2500 3201 induit
2521 3160 2650 3200 eum
2674 3143 3047 3200 vestimentis
3077 3143 3222 3212 suis,
3253 3147 3314 3198 et
3346 3143 3592 3199 adduxit

1943 3250 2074 3292 eum
2100 3233 2194 3289 ubi
2221 3235 2428 3290 beatus
2452 3235 2664 3290 Petrus
2687 3237 2816 3289 erat
2841 3233 2896 3289 in
2921 3232 3094 3305 cippo
3117 3237 3177 3288 et
3201 3233 3376 3288 ferro.
3397 3231 3505 3289 Sed
3530 3237 3591 3289 et

1946 3323 2131 3395 ipsum
2176 3321 2371 3391 solvit,
2405 3326 2466 3377 et
2517 3323 2718 3378 ambos
2771 3322 3048 3393 perduxit
3095 3321 3166 3377 ad
3207 3321 3438 3377 domum
3490 3322 3589 3378 ubi

1945 3424 2130 3481 nuper
2180 3407 2462 3480 baptizati
2505 3409 2772 3464 orabant.
2807 3409 2930 3463 Non
2973 3411 3110 3478 post
3149 3406 3393 3464 multum
3423 3422 3586 3479 vero,

1943 3511 2072 3554 eum
2109 3497 2315 3552 beatus
2340 3495 2636 3551 Artemius
2659 3510 2788 3551 cum
2816 3509 2995 3551 uxore
3017 3500 3077 3550 et
3102 3494 3217 3550 filia
3242 3494 3589 3552 sententiam

1943 3585 2253 3657 capitalem
2278 3584 2702 3656 suscepissent,
2730 3583 3159 3654 comprehensi,
3185 3587 3245 3638 et
3278 3582 3361 3638 illi
3397 3584 3468 3638 ab
3499 3583 3590 3639 his

1945 3675 2041 3744 qui
2079 3678 2312 3730 sanctos
2345 3672 2444 3728 Dei
2496 3676 2781 3743 martyres
2831 3671 3091 3743 punituri
3142 3675 3329 3740 erant,
3365 3671 3588 3740 alligati

1945 3765 2083 3818 sunt
2129 3760 2394 3815 manibus
2447 3765 2607 3815 retro
2637 3760 2704 3815 ad
2739 3760 3028 3827 arborem,
3066 3773 3251 3828 usque
3283 3757 3416 3814 dum
3451 3773 3591 3813 nun-

1943 3847 2194 3902 tiaretur
2218 3845 2402 3916 judici
2426 3847 2641 3901 Sereno
2667 3845 2736 3900 de
2766 3845 2872 3900 eis.
2909 3843 3010 3899 llle
3031 3845 3209 3915 jussit
3235 3858 3338 3900 eos
3363 3844 3495 3901 duci
3532 3845 3587 3902 in

1943 3935 2155 3990 Silvam
2177 3934 2408 4005 Nigram
2434 3948 2562 4004 quae
2585 3933 2757 3989 hodie
2773 3933 2828 3988 in
2843 3932 3065 3988 honore
3081 3937 3419 3990 sanctorum
3432 3933 3585 3989 Silva

1944 4023 2198 4080 Candida
2231 4023 2582 4095 appellatur,
2608 4027 2668 4078 et
2701 4023 2755 4078 in
2779 4021 2980 4078 eadem
3015 4024 3216 4080 ambos
3246 4023 3469 4094 pariter
3493 4021 3590 4078 dc-

1942 4111 2169 4168 collari.
2199 4112 2453 4182 Cumque
2476 4115 2711 4167 ventum
2745 4112 2954 4167 fuisset
2979 4111 3034 4166 in
3059 4112 3243 4168 media
3271 4111 3438 4182 silva,
3473 4109 3586 4184 ipsi

1941 4201 2052 4258 sibi
2078 4200 2344 4256 manibus
2369 4200 2493 4256 suis
2518 4200 2946 4256 mandaverunt
2970 4199 3157 4258 locum
3178 4201 3248 4256 ab
3267 4200 3470 4273 spinis,
3489 4201 3586 4257 ubi

1941 4293 2180 4344 orantes
2211 4287 2402 4356 simul,
2438 4291 2498 4343 et
2529 4288 2740 4344 dantes
2770 4287 2882 4343 sibi
2925 4289 3087 4360 pacis
3117 4288 3400 4360 osculum,
3434 4304 3587 4360 genu

1941 4376 2136 4449 posito
2170 4374 2447 4431 decollati
2482 4380 2650 4443 sunt;
2683 4381 2744 4432 et
2777 4377 2873 4447 qui
2919 4391 3023 4433 eos
3066 4377 3403 4448 decollavit,
3439 4379 3588 4435 vidit

1941 4465 2163 4521 animas
2193 4479 2393 4520 eorum
2418 4465 2722 4535 Splendide
2745 4470 2985 4521 ornatas
3009 4466 3081 4521 ab
3105 4467 3328 4536 angelis
3354 4468 3491 4524 ferri
3516 4467 3586 4524 ad

1942 4551 2156 4617 cmlos;
2179 4555 2240 4607 et
2263 4552 2664 4623 paenitentiam
2689 4566 2888 4623 agens,
2913 4553 3019 4609 sub
3041 4553 3195 4609 Julio
3221 4570 3366 4632 papa
3400 4555 3587 4626 bapti-

1943 4645 2111 4696 zatus
2129 4640 2296 4696 estin
2320 4645 2628 4696 senectute
2661 4657 2761 4698 sua
2795 4641 3025 4698 nomine
3053 4644 3402 4700 Dorotheus.
3436 4643 3586 4708 Quo-

1942 4743 2066 4784 rum
2087 4743 2356 4801 corpora,
2383 4729 2781 4786 revelantibus
2799 4743 2861 4785 se
2885 4729 3074 4787 beatis
3095 4731 3471 4802 martyribus,
3497 4734 3584 4785 tu-

1940 4815 2136 4873 lerunt
2157 4817 2528 4888 postmodum
2548 4817 2776 4874 Mucilla
2797 4824 2857 4874 et
2886 4820 3133 4876 Firmina
3167 4818 3584 4876 christianissi-

1941 4918 2045 4960 mm
2070 4905 2313 4972 feminas,
2335 4908 2396 4959 et
2421 4905 2586 4974 juxta
2607 4910 2870 4963 sanctum
2887 4907 3211 4965 Tiburtium
3234 4908 3288 4963 in
3318 4905 3579 4962 inferiori

1942 4995 2107 5062 parte
2141 4995 2360 5061 crypta)
2395 4991 2757 5064 sepelierunt
2789 4995 2994 5066 quinto
3025 4993 3260 5049 Kalend.
3285 4993 3576 5064 Septemb.

2011 5141 2038 5178 δ
2068 5142 2201 5212 lpso
2246 5141 2340 5197 die
2383 5142 2663 5212 Lugduni,
2701 5149 2920 5201 sanctae
2963 5143 3255 5201 Blandinte
3287 5160 3415 5202 cum
3446 5163 3584 5218 qua-

1941 5228 2208 5299 draginta
2229 5234 2364 5286 octo
2383 5232 2756 5301 martyribus,
2777 5231 3140 5302 temporibus
3161 5232 3332 5290 Marci
3357 5237 3580 5293 Aurelii

1940 5317 2073 5372 Veri
2107 5321 2166 5373 et
2201 5319 2476 5374 Antonini
2511 5325 2685 5390 atque
2704 5319 2862 5375 Lucii
2885 5317 3156 5391 ﬁliorum,
3178 5321 3326 5394 ejus,
3349 5325 3580 5394 quando

1940 5421 2043 5478 per
2089 5407 2302 5463 multas
2348 5408 2587 5463 Romani
2627 5407 2789 5463 orbis
2826 5407 3160 5478 provincias
3190 5425 3263 5468 ex
3302 5413 3581 5470 acclama-

2006 5530 2034 5569 υ
2063 5532 2273 5588 Euseb.
2306 5533 2346 5586 l.
2381 5546 2435 5600 ν,
2468 5544 2518 5588 c.
2554 5536 2605 5601 2,
2641 5534 2691 5601 3,
2728 5530 2874 5590 Ruﬂ‘.
