4004 6168
419 379 538 435 275

1463 372 1516 429 S.
1563 371 1821 430 ADONIS
1860 373 2298 430 ARCHIEPISC.
2341 372 2773 431 VIENNENSIS.

3713 367 3812 425 276

421 500 602 572 tione,
639 501 699 558 et
732 498 1026 557 seditione
1072 497 1254 570 vulgi,
1291 499 1740 572 persecutiones
1779 498 2062 555 adversus
2091 499 2140 560 A
2178 499 2269 556 vel
2304 513 2508 556 nomen
2544 498 2752 556 saltem
2785 512 2954 556 suum
2985 494 3072 556 eis
3103 491 3294 554 fateri.
3332 494 3442 552 Sed
3472 492 3543 551 de
3569 493 3676 559 bis
3703 495 3814 552 sin-

427 591 790 649 Christianos
820 589 1152 647 durissimae
1182 590 1493 646 concitatae
1525 593 1681 658 sunt,
1704 590 1782 644 ita
1805 592 1866 644 ut
1887 588 2064 644 millia

423 681 604 738 multa
623 684 941 750 martyrum
963 695 1066 752 per
1094 679 1220 735 loca
1257 678 1484 748 singula
1519 677 1745 734 flerent.
1769 679 1893 744 Quo
1927 683 2067 734 tem-

423 785 566 842 pore
585 769 737 842 apud
758 769 1095 840 Lugdunum
1115 771 1176 824 et
1194 767 1490 838 Viennam,
1512 771 1686 824 urbes
1709 767 1906 824 Calliae
1927 782 2065 838 erga

421 859 524 916 Dei
539 873 765 922 servos.
783 874 959 930 supra
974 874 1142 915 omne
1157 859 1514 914 narrationis
1525 873 1731 928 genus,
1751 857 2067 929 supplicio-

422 963 548 1006 rum
571 953 632 1005 et
645 949 911 1006 cruciatu
923 963 1011 1004 um
1027 946 1234 1003 modus
1248 948 1548 1006 cxhibitus
1563 951 1656 1003 est
1671 967 1684 1003 :
1702 947 1780 1002 ita
1801 950 1866 1002 ut
1881 947 2066 1018 primo

423 1040 726 1096 domorum
758 1036 876 1092 illis
899 1037 1314 1109 prohiberetur
1342 1037 1629 1092 habitatio
1657 1055 1670 1102 ;
1706 1041 1825 1092 tum
1857 1036 2066 1092 deinde

424 1143 570 1186 usus
590 1127 956 1184 balnearum:
975 1125 1297 1196 postetiam
1319 1139 1634 1196 processus
1649 1125 1719 1182 ad
1739 1125 2062 1197 publicum:

423 1218 494 1275 ad
526 1217 810 1284 ultimum,
847 1229 917 1272 ne
947 1215 1140 1272 omnio
1189 1215 1246 1270 in
1292 1214 1558 1293 quolibet
1605 1214 1755 1285 loco,
1791 1215 1945 1271 domi
1989 1215 2068 1271 fo-

425 1305 646 1377 risque,
700 1303 938 1376 publico
989 1304 1354 1374 privatoque,
1389 1303 1752 1360 viderentur.
1809 1305 2068 1373 Denique

429 1394 679 1466 quodam
703 1395 936 1450 astante
960 1393 1198 1449 tribuno
1216 1395 1276 1449 et
1295 1393 1650 1464 primoribus
1673 1394 1936 1451 civitatis
1961 1409 2066 1466 pro

425 1481 571 1540 solis
586 1479 1108 1538 acclamationibus
1122 1480 1321 1552 populi
1337 1482 1758 1553 correpti,etin
1772 1497 2067 1538 carcerem

427 1570 574 1628 trusi
610 1572 747 1626 sunt
779 1568 1116 1638 Christiani,
1145 1585 1329 1640 usque
1353 1570 1424 1626 ad
1457 1571 1829 1642 praesentiam
1872 1571 2068 1642 praesi-

427 1659 522 1717 dis
557 1677 572 1728 ;
606 1659 819 1728 cuique
844 1657 1176 1715 advenienti
1198 1659 1544 1716 offeruntur.
1567 1662 1626 1715 In
1652 1675 1800 1731 quos
1825 1659 1922 1717 ille
1947 1665 2070 1719 tan-

427 1752 485 1806 ta
532 1747 886 1806 crudelitate
931 1761 1077 1804 usus
1121 1755 1236 1818 est,
1282 1751 1348 1805 ut
1393 1748 1636 1805 saevitiae
1677 1748 1804 1819 ejus
1838 1751 2068 1821 species

425 1837 687 1907 singulas
719 1851 887 1892 nemo
920 1837 1108 1907 possit
1139 1851 1452 1907 exponere.

413 1941 430 1962 ν
497 1927 717 1984 Vectus
739 1925 920 1994 igitur
943 1927 1257 1996 Epagatus,
1283 1941 1431 1981 unus
1453 1941 1485 1981 e
1511 1927 1812 1993 fratribus,
1841 1927 1966 1984 zelo
1985 1927 2070 1984 di-

425 2016 561 2072 vino
589 2019 648 2072 et
673 2016 901 2070 fervore
925 2015 1173 2085 spiritus
1193 2015 1422 2086 plenus,
1444 2031 1574 2073 cum
1594 2017 1853 2073 crudelia
1880 2018 2068 2074 servis

423 2103 525 2160 Dei
560 2102 846 2174 supplicia
892 2102 1121 2158 videret
1159 2103 1383 2171 inferri,
1419 2107 1479 2157 et
1509 2109 1712 2159 contra
1739 2105 1835 2172 jus
1872 2107 2068 2175 fasque

429 2195 518 2248 tot
538 2206 740 2264 poenas
762 2191 1029 2248 humanis
1053 2193 1386 2281 visceribus
1409 2193 1734 2262 excogitari
1759 2194 2070 2264 indignita-

431 2284 546 2336 tem
582 2279 666 2335 rei
701 2279 854 2336 ultra
889 2295 1000 2335 non
1033 2279 1244 2344 ferens,
1283 2282 1550 2351 poposcit
1583 2297 1647 2336 se
1687 2282 1896 2338 audiri.
1933 2285 2070 2339 Erat

432 2368 585 2426 enim
619 2367 772 2423 inter
805 2382 944 2424 suos
973 2367 1382 2424 nobilissimus
1403 2373 1463 2424 et
1484 2370 1938 2427 eruditissimus.
1967 2373 2072 2427 Ve-

430 2471 556 2514 rum
580 2470 710 2512 cum
733 2455 1272 2525 defensionem'ejus
1295 2471 1404 2511 non
1431 2457 1726 2528 reciperet
1750 2458 2069 2516 obstinatio

424 2545 666 2616 judicis,
689 2543 936 2614 inquirit
968 2547 1191 2600 tantum
1217 2545 1287 2600 ab
1309 2560 1378 2601 eo
1401 2544 1447 2600 si
1471 2549 1530 2602 et
1554 2545 1676 2616 ipse
1702 2547 2071 2604 Christianus

433 2639 614 2690 esset.
652 2634 840 2704 thue
876 2631 1266 2688 Christianum
1299 2647 1362 2688 se
1393 2648 1523 2690 esse
1557 2634 1884 2692 clarissima
1916 2639 1976 2692 et
2009 2636 2079 2692 li-'

431 2723 570 2779 hera
603 2735 746 2778 voce
767 2724 1022 2778 testatus
1039 2723 1132 2776 est
1153 2739 1164 2774 :
1186 2722 1476 2792 Tanquam
1495 2721 1833 2779 advocatus.
1859 2724 2069 2796 inquit,

431 2810 895 2866 Christianorum
926 2811 986 2864 et
1017 2809 1141 2877 ipse
1174 2810 1505 2866 vinctorum
1525 2825 1766 2867 numero
1787 2813 2068 2868 societur.

428 2895 532 2954 Ille
562 2912 704 2954 vero
735 2897 955 2954 habens
987 2897 1044 2952 in
1074 2911 1135 2954 se
1165 2897 1514 2956 advocatum
1540 2913 1644 2969 pro
1666 2899 1838 2955 nobis
1856 2901 2071 2968 Iesum,

429 2985 540 3042 hoc
589 2985 822 3048 nomine
867 2983 1082 3040 meruit
1129 2984 1406 3041 honorari
1451 3004 1462 3040 :
1505 2984 1690 3042 sancti
1743 2988 2074 3058 presbyteri

427 3072 720 3130 Zachariae
743 3072 874 3144 (qui
897 3087 1035 3142 erga
1059 3076 1298 3129 sanctos
1321 3072 1742 3144 plenitudinem
1765 3075 2074 3132 charitatis

429 3159 803 3232 ostenderat)
819 3164 1063 3217 secutus
1078 3161 1428 3232 exemplum.
1447 3161 1552 3227 Qui
1578 3165 1637 3218 et
1659 3163 1782 3233 ipse
1805 3163 1938 3220 dum
1965 3165 2076 3220 fra-

431 3249 623 3306 tribus
653 3249 839 3320 adest,
863 3248 1259 3306 defensionem
1294 3249 1610 3321 libertatis,
1639 3267 1766 3320 quae
1790 3251 1845 3309 in
1871 3257 2070 3310 nostra

429 3336 713 3409 religione
736 3338 1033 3408 consistit,
1055 3339 1433 3410 exsequitur,
1449 3340 1810 3397 Dominicum
1833 3346 2072 3398 secutus

429 3425 776 3498 exemplum,
812 3425 1060 3482 animam
1102 3440 1265 3482 suam
1296 3442 1402 3498 pro
1447 3421 1656 3484 ovibus
1689 3428 1814 3485 suis
1849 3431 2066 3501 posuit,

427 3516 488 3568 et
519 3527 626 3586 pro
657 3513 876 3570 amicis.

499 3601 709 3658 Verum
728 3601 935 3662 beatus
948 3601 1234 3659 Photinus
1250 3603 1404 3673 Lugd
1416 3605 1716 3660 uncnsium
1730 3606 2066 3679 episcopus,

427 3706 559 3749 cum
590 3692 986 3772 nonagenario
1012 3691 1195 3763 major
1213 3697 1373 3750 esset
1400 3697 1596 3765 aetate,
1621 3699 1680 3751 et
1713 3711 1982 3768 corpore,
2005 3703 2070 3755 ut

428 3785 564 3855 pote
605 3781 766 3840 illius
807 3783 936 3855 aevi,
981 3781 1292 3854 invalidus,
1327 3787 1541 3840 caetera
1577 3783 1692 3856 jam
1735 3799 1880 3856 pene
1922 3802 2072 3844 mor-

426 3875 584 3940 tuus,
610 3871 739 3930 solo
773 3873 1036 3944 martyrii
1069 3887 1267 3930 amore
1294 3873 1560 3939 vivebat;
1595 3873 1832 3931 ducitur
1865 3874 1934 3932 ad
1968 3877 2072 3932 tri-

426 3958 682 4026 bunalia,
708 3961 822 4016 imo
859 3961 1055 4030 potius
1085 3959 1369 4030 defertur,
1397 3961 1558 4016 senio
1589 3966 1648 4016 et
1681 3962 1961 4032 languore
1984 3979 2072 4022 re-

425 4046 674 4102 solutus.
708 4046 904 4116 Impize
946 4045 1134 4116 plebis
1185 4045 1442 4116 undique
1493 4047 1712 4104 clamor
1751 4050 2066 4124 attollitur,

427 4131 583 4188 hunc
616 4131 804 4205 ipsum
846 4145 976 4190 esse
1015 4132 1291 4189 insonant
1330 4133 1643 4191 Christum.
1687 4137 1824 4192 Tum
1867 4153 2006 4196 vero
2040 4157 2068 4196 a

429 4221 678 4292 praeside
703 4220 1124 4292 interrogatur,
1142 4221 1406 4291 quisnam
1427 4229 1585 4281 esset
1603 4225 2067 4285 Christianorum

426 4311 599 4368 Deus.
630 4311 988 4382 Respondit:
1016 4311 1073 4366 Si
1098 4311 1310 4380 dignus
1333 4313 1534 4385 fueris,
1563 4315 1733 4373 scies.
1763 4315 1906 4373 Hinc
1928 4332 2068 4376 vero

427 4403 680 4456 cunctos
713 4398 876 4456 velut
907 4399 1104 4458 rabies
1134 4400 1395 4458 immensi
1430 4404 1728 4474 cujusdam
1754 4406 2071 4464 furorisin-

424 4488 597 4558 vasit,
633 4489 712 4544 ita
747 4493 812 4544 ut
863 4489 958 4560 qui
1008 4505 1190 4562 prope
1237 4491 1528 4563 astabant,
1565 4495 1791 4566 pugnis,
1825 4496 1923 4552 alii
1955 4497 2072 4554 cal-

2176 589 2330 658 gulis
2345 589 2764 659 interrogatus,
2785 588 2924 644 nihil
2945 588 3101 645 aliud
3117 588 3174 644 in
3193 586 3467 643 omnibus
3487 584 3810 654 tormentis,

2180 679 2287 736 nisi
2322 679 2712 736 Christianum
2754 693 2818 734 se
2857 692 2988 734 esse
3030 676 3353 748 respondit.
3390 673 3680 730 Hoc-mihi
3722 688 3816 730 no-

2179 785 2328 840 men,
2353 769 2464 826 hoc
2493 783 2679 840 genus
2711 772 2771 824 et
2791 769 2980 840 patria
3011 771 3118 824 est.
3140 765 3332 837 Aliud,
3359 765 3571 836 inquit,
3589 764 3818 820 omnino

2179 857 2318 914 nihil
2347 873 2468 914 sum
2496 873 2663 928 quam
2689 858 3074 915 Christianus.
3104 857 3187 912 Ad
3210 854 3476 912 ultimum
3501 853 3821 911 candentes

2147 982 2152 990 ›
2179 947 2420 1005 laminas
2452 951 2587 1006 aeris
2616 953 2676 1004 et
2707 947 2844 1005 ferri
2878 948 3033 1004 circa
3068 945 3324 1017 inguinis
3355 943 3481 1001 loca
3514 945 3576 999 et
3607 941 3821 998 delica-

2180 1039 2329 1096 tiora
2357 1053 2601 1110 quaeque
2625 1038 3014 1093 membrorum
3040 1034 3383 1091 instauratis
3405 1031 3640 1102 ignibus
3664 1029 3824 1087 adhi-

2181 1131 2337 1187 bent.
2373 1131 2454 1186 Ex
2487 1142 2600 1198 quo
2630 1141 2838 1184 carnes
2869 1125 3100 1196 quidem
3133 1123 3261 1195 ejus
3291 1121 3514 1180 adustae
3545 1121 3706 1190 igne,
3733 1119 3826 1176 de-

2180 1220 2455 1284 fluebant,
2492 1219 2615 1288 ipse
2656 1231 2797 1273 vero
2839 1214 3218 1288 permanebat
3255 1209 3589 1277 immobilis,
3624 1209 3827 1265 incon-

2178 1322 2402 1376 cussus,
2431 1304 2792 1376 intrepidus;
2827 1303 3098 1360 omnibus
3129 1298 3400 1356 membris
3422 1299 3645 1366 martyr
3673 1299 3825 1363 erat,

2178 1398 2237 1451 et
2270 1399 2396 1452 toto
2425 1409 2674 1465 corpore
2704 1408 2878 1450 unum
2910 1390 3122 1448 vulnus
3144 1388 3442 1445 horrebat.
3469 1387 3633 1442 Perit
3664 1385 3724 1442 in
3758 1397 3828 1443 eo

2181 1485 2378 1541 formae
2410 1484 2674 1540 humanm
2716 1482 2958 1552 agnitio,
2989 1483 3048 1536 et
3095 1495 3207 1536 non
3250 1476 3436 1535 solum
3478 1475 3610 1547 quis
3639 1477 3827 1543 esset,

2180 1573 2282 1630 sed
2302 1577 2362 1629 et
2381 1573 2476 1644 qui
2492 1576 2671 1643 esset,
2690 1574 3115 1628 tormentorum
3134 1567 3482 1636 crudelitas,
3498 1579 3570 1621 ne
3583 1562 3828 1632 agnosci

2181 1667 2402 1736 posset,
2437 1663 2786 1720 abstulerat.
2813 1661 3082 1718 Christus
3110 1661 3301 1715 tamen
3336 1658 3391 1713 in
3423 1671 3494 1712 eo
3526 1653 3696 1712 solus
3726 1667 3832 1724 per

2179 1753 2444 1822 martyrii
2465 1751 2712 1822 gloriam
2727 1749 3284 1820 recognoscebatur.
3304 1745 3412 1802 Sed
3427 1743 3692 1800 artifices
3707 1755 3834 1798 sce-

2097 1855 2152 1913 Β
2183 1841 2365 1898 lerum
2387 1855 2749 1912 nequaquam
2770 1839 3046 1908 martyris
3063 1837 3353 1894 erubuere
3368 1835 3670 1891 virtutem.
3689 1831 3834 1888 Post

2182 1946 2402 2003 paucos
2446 1930 2662 1985 etenim
2705 1929 2832 1984 dies
2878 1929 3167 1983 tormenta
3212 1938 3416 1982 rursus
3451 1923 3735 1985 inferunt,
3772 1922 3836 1976 et

2180 2019 2504 2089 denuojam
2531 2019 2784 2075 membra
2808 2018 3139 2090 putrefacta
3157 2013 3354 2071 vexari
3382 2011 3695 2083 incipiunt.
3725 2010 3837 2066 Ve-

2181 2123 2306 2164 rum
2339 2105 2528 2177 (quod
2558 2104 2655 2160 vix
2687 2103 2848 2161 credi
2882 2103 3108 2176 potest)
3133 2102 3473 2158 restitutum
3503 2103 3596 2156 est
3623 2099 3682 2154 in
3715 2096 3838 2170 pri-

2182 2209 2327 2250 mam
2362 2193 2614 2265 speciem
2649 2206 2864 2263 corpus
2893 2205 2996 2262 per
3027 2188 3280 2248 secunda
3308 2189 3621 2256 tormenta,
3647 2185 3730 2242 ita
3768 2191 3838 2243 ut

2180 2283 2393 2338 iterata
2427 2281 2716 2352 supplicia
2749 2295 2858 2337 non
2893 2279 2944 2336 ei
2991 2281 3108 2350 jam
3159 2293 3386 2350 poenam
3431 2273 3834 2345 contulerint,

2183 2372 2283 2428 sed
2343 2369 2644 2426 medelam.

2254 2459 2486 2516 Attalus
2504 2473 2736 2530 quoque
2757 2459 3150 2528 Pergamenus
3173 2455 3338 2525 civis,
3358 2453 3557 2527 populi
3577 2452 3838 2510 vocibus

2183 2547 2536 2620 postulatur.
2554 2549 2692 2604 Erat
2713 2547 2866 2603 enim
2889 2545 3060 2603 valde
3083 2543 3316 2613 nobilis,
3334 2547 3394 2599 et
3417 2543 3572 2613 quod
3595 2543 3841 2598 cunctis

2183 2636 2440 2694 nobilius
2485 2641 2594 2709 est,
2637 2636 2726 2692 vir
2774 2635 3010 2706 optimae
3056 2633 3450 2700 conscientim,
3503 2633 3566 2687 et
3608 2631 3668 2686 in
3718 2630 3839 2687 fide

2185 2724 2398 2781 Christi
2425 2739 2527 2796 per
2546 2724 2734 2781 omnia
2758 2722 3041 2780 exercitia
3065 2736 3293 2793 semper
3312 2724 3550 2790 martyr.
3568 2719 3839 2790 Cumque

2183 2813 2580 2870 circumactus
2610 2813 2816 2870 fuisset
2835 2813 2891 2868 in
2917 2810 3368 2883 amphitheatro,
3396 2806 3572 2864 titulo
3597 2821 3658 2864 se
3687 2821 3840 2878 prae-

2184 2901 2452 2970 cedente,
2469 2901 2525 2957 in
2541 2915 2654 2972 quo
2669 2901 2951 2972 scriptum
2971 2902 3120 2970 erat,
3136 2898 3374 2957 Attalus
3398 2895 3798 2954 Christianus
3817 2913 3836 2950 :

2185 2989 2433 3046 fremere
2452 2989 2507 3045 in
2531 3003 2662 3046 eum
2684 2988 2843 3059 vulgi
2869 2989 3215 3044 insanientis
3239 2987 3402 3044 furor
3421 2983 3840 3041 vehementius

2184 3077 2382 3148 coepit.
2402 3077 2510 3133 Sed
2535 3091 2666 3133 cum
2695 3075 2930 3148 praesidi
2954 3077 3275 3133 indicatum
3298 3075 3526 3143 fuisset,
3543 3085 3675 3129 esse
3697 3085 3838 3128 eum

2189 3165 2462 3221 Romanae
2487 3165 2748 3222 civitatis
2766 3165 2976 3232 virum,
2999 3164 3168 3235 jubet
3188 3177 3318 3220 eum
3341 3175 3471 3220 cum
3505 3160 3743 3218 caeteris
3773 3160 3839 3216 in

2183 3267 2481 3309 carcerem
2516 3253 2719 3325 recipi.
2754 3251 2930 3310 Simul
2955 3255 3017 3308 et
3043 3251 3112 3308 ad
3137 3253 3418 3308 Caesarem
3445 3249 3647 3316 refert,
3672 3249 3841 3320 ejus-

2183 3357 2294 3413 que
2326 3343 2696 3414 sententiam,
2733 3341 2870 3413 quid
2902 3343 2973 3400 de
3005 3357 3076 3400 eo
3101 3342 3356 3413 juberet,
3383 3341 3712 3409 exspectat.
3748 3337 3840 3394 Ex

2181 3433 2432 3500 utraque
2482 3434 2676 3486 autem
2747 3428 3017 3499 ecclesia,
3069 3427 3436 3498 Lugdunensi
3485 3424 3724 3484 scilicet
3769 3429 3838 3481 et

2181 3518 2512 3589 Viennensi,
2539 3533 2740 3575 omnes
2763 3519 2859 3590 qui
2886 3518 3134 3575 studiosi
3157 3521 3216 3574 et
3236 3517 3424 3587 magni
3449 3514 3833 3584 videbantur,

2180 3609 2240 3662 et
2273 3622 2518 3677 quorum
2545 3607 2744 3664 labore
2761 3612 2821 3664 et
2845 3606 3132 3664 industria
3157 3606 3514 3676 regebantur
3533 3602 3834 3673 ecclesias,

2182 3695 2437 3752 universi
2466 3697 2686 3768 pariter
2708 3698 3078 3754 tenebantur.
3099 3694 3334 3751 Talibus
3355 3693 3608 3763 deiuque
3627 3691 3840 3748 diabo-

2181 3782 2273 3840 lus
2302 3784 2584 3841 machinis
2615 3798 2954 3856 Oppugnare
2989 3783 3234 3855 parabat
3276 3780 3523 3837 famulos
3551 3779 3675 3848 Dei,
3713 3793 3836 3850 quo

2182 3871 2412 3929 scilicet
2456 3873 2790 3941 afﬂictione,
2829 3869 3109 3940 carceris,
3158 3875 3215 3926 et
3265 3867 3509 3941 poenalis
3550 3865 3836 3938 squalore

2181 3961 2532 4032 consumpti,
2568 3976 2635 4018 ac
2662 3961 2910 4032 septimo
2938 3960 3034 4030 (ut
3054 3957 3288 4030 dicunt)
3309 3961 3527 4030 puncto
3555 3956 3615 4012 in
3645 3969 3835 4012 nervo

2182 4049 2376 4118 pedes,
2396 4053 2600 4106 contra
2635 4063 2803 4119 quam
2823 4048 2984 4105 credi
3010 4049 3096 4104 fas
3125 4051 3234 4118 est,
3253 4046 3516 4116 distenti,
3539 4045 3596 4101 in
3619 4045 3833 4101 intimo

2183 4137 2555 4196 tenebrarum
2614 4135 2764 4207 loco,
2829 4151 2932 4208 per
2981 4135 3173 4192 omnia
3238 4149 3536 4206 poenarum
3582 4147 3829 4203 genera,

2181 4239 2310 4296 quae
2345 4225 2658 4282 furentium
2698 4225 2924 4282 saevitia
2975 4224 3315 4294 excogitare
3362 4226 3616 4295 poterat,
3651 4221 3834 4294 depe-

2181 4314 2384 4370 rirent.
2409 4313 2588 4380 Quam
2613 4313 2846 4386 plurimi
2865 4328 3005 4384 ergo
3035 4313 3144 4370 hoc
3175 4327 3388 4383 genere
3423 4313 3479 4368 in
3507 4309 3834 4380 ergastulis

2180 4406 2622 4473 consumuntur,
2654 4403 2897 4460 Domino
2928 4403 3287 4475 suscipiente
3325 4415 3526 4458 eorum
3557 4399 3835 4469 hujusce-

2184 4491 2340 4548 modi
2370 4491 2611 4548 exitum.
2645 4522 2648 4525 -

427 4579 594 4634 cibus
629 4559 970 4648 subigerent
1002 4559 1220 4635 senem.
1241 4577 1332 4634 Illi
1363 4559 1615 4651 veroqui
1635 4559 2067 4658 fongiuserant,
2102 4559 2154 4618 Β
2257 4563 2590 4636 Alcibiades
2617 4580 2850 4650 quidam
2869 4579 3072 4636 eratin
3093 4592 3334 4636 numero
3353 4591 3576 4648 eorum,
3600 4577 3702 4648 qui
3727 4591 3830 4648 pro

426 4666 708 4741 quidquid
741 4667 1078 4724 furentibus
1103 4667 1238 4724 telis
1266 4669 1534 4725 venisset
1554 4670 1609 4726 in
1631 4673 1919 4743 manibus,
1941 4677 2078 4732 cmi-

427 4773 534 4816 nus
560 4755 876 4828 jaciebant.
901 4757 961 4810 In
997 4755 1105 4812 hoc
1137 4757 1354 4812 etenim
1375 4757 1760 4817 vindicandos
1782 4761 1923 4818 deos
1939 4777 2078 4824 suos

426 4862 559 4906 esse
593 4845 934 4903 credebant.
959 4843 1138 4910 Quem
1170 4860 1299 4902 cum
1319 4846 1668 4904 seminecem
1689 4849 2077 4922 projecissent

425 4935 482 4990 in
516 4947 840 5002 carcerem,
879 4932 1402 4990 incontaminatum
1437 4934 1610 5006 paulo
1653 4941 1786 5007 post
1816 4939 2075 4997 reddidit

426 5024 719 5094 spiritum.

496 5111 784 5170 Diaconus
819 5125 1051 5184 quoque
1088 5112 1334 5168 Sanctus
1369 5113 1619 5186 nomine,
1641 5116 1815 5174 etiam
1837 5117 1959 5190 ipse
1980 5133 2074 5176 su-

425 5207 526 5265 pra
562 5209 731 5266 quam
763 5199 879 5256 dici
915 5201 1129 5270 potest,
1155 5202 1216 5254 et
1248 5213 1424 5270 supra
1447 5215 1616 5270 quam
1651 5203 1951 5260 humanam
1988 5207 2072 5262 fas

424 5283 514 5338 est
557 5281 710 5339 ferre
756 5291 1044 5358 naturam,
1091 5287 1284 5344 aerius
1336 5286 1749 5346 insistentibus
1791 5292 2076 5350 ministris

427 5368 771 5439 daemonum,
789 5387 934 5429 nova
948 5391 1161 5445 genera
1182 5391 1477 5448 poenarum
1501 5377 1764 5448 pertulit.
1787 5380 1970 5436 Atille
1983 5381 2073 5437 vir

425 5458 542 5514 Deo
572 5455 780 5531 plenus
813 5459 1100 5521 intantum
1121 5465 1508 5523 crudelitates
1525 5481 1726 5522 eorum
1750 5467 1899 5536 risit,
1917 5472 1976 5524 et
1997 5470 2074 5524 fe-

427 5545 610 5606 rinam
641 5546 698 5604 in
729 5551 1054 5620 quaestione
1072 5555 1378 5626 srevitiam,
1402 5559 1465 5611 ut
1484 5570 1773 5627 nunquam
1795 5556 2071 5628 dignatus

426 5637 505 5692 sit
535 5635 625 5694 vel
657 5637 789 5708 quis
827 5641 988 5696 esset
1033 5653 1268 5710 genere,
1304 5643 1455 5701 unde
1501 5645 1694 5716 domo,
1730 5645 1821 5702 vel
1857 5648 2066 5720 patria,

2186 4669 2398 4726 Christi
2430 4669 2613 4725 vincti
2647 4668 3016 4724 tenebantur.
3051 4667 3154 4724 Hic
3185 4667 3362 4724 vitam
3399 4665 3544 4722 satis
3584 4665 3829 4722 arduam

2184 4762 2243 4813 et
2276 4762 2566 4814 austeram
2585 4757 2848 4827 gerebat,
2867 4756 3010 4812 nihil
3029 4757 3144 4814 cibi
3173 4755 3378 4814 volens
3407 4756 3705 4827 accipere,
3725 4755 3827 4812 sed

2188 4849 2411 4902 tantum
2445 4844 2562 4900 sale
2592 4847 2653 4899 et
2685 4859 2832 4916 pane
2871 4861 3001 4902 cum
3043 4861 3191 4918 aqua
3232 4847 3531 4903 utebatur.
3565 4846 3831 4918 Cumque

2183 4934 2336 4990 hunc
2367 4935 2502 4990 vitae
2535 4935 2788 5004 rigorem
2817 4935 2998 4992 vellet
3027 4937 3203 4992 etiam
3235 4937 3294 4992 in
3328 4950 3568 4992 carcere
3599 4937 3833 5008 positus

2183 5021 2472 5092 obtinere,
2496 5021 2724 5095 Attalo(
2745 5027 2878 5094 post
2914 5023 3153 5096 primam
3187 5025 3619 5083 confessionem
3639 5038 3829 5094 suam,

2183 5125 2351 5182 quam
2413 5111 2467 5166 in
2527 5113 2956 5184 amphitheatro
3008 5117 3309 5174 confessus
3347 5117 3470 5187 est)
3503 5115 3828 5183 revelatur,

2183 5197 2316 5267 quia
2349 5213 2460 5254 non
2496 5203 2658 5254 recte
2694 5201 2908 5257 faceret
2934 5201 3288 5271 Alcibiades,
3307 5205 3602 5260 creaturis
3632 5202 3739 5258 Dei
3771 5205 3830 5258 et

2180 5285 2304 5356 ipse
2339 5301 2452 5342 non
2486 5287 2664 5355 uti,et
2689 5287 2820 5346 aliis
2838 5290 3077 5346 formam
3105 5291 3362 5348 scandali
3388 5291 3829 5364 derelinquere.

2181 5373 2402 5441 Quibus
2431 5375 2703 5445 cognitis,
2741 5375 3075 5436 Alcibiades
3102 5381 3284 5451 coepit
3311 5381 3500 5438 omnia
3531 5397 3666 5439 cum
3699 5400 3835 5450 gra-

2182 5462 2395 5517 tiarum
2429 5463 2660 5519 actione
2694 5466 3014 5536 percipere.
3037 5468 3222 5536 Igitur
3253 5483 3382 5526 cum
3415 5483 3444 5526 a
3477 5471 3710 5527 Caesare
3747 5487 3837 5530 re-

2181 5551 2466 5622 scriptum
2483 5551 2707 5624 fuisset,
2727 5554 3188 5627 utpersistcntes
3201 5558 3432 5628 quidem
3450 5559 3698 5632 puuireu
3712 5566 3830 5631 tur,

2180 5644 2460 5710 negantes
2473 5647 2667 5700 autem
2690 5643 3157 5711 dimitterentur;
3179 5645 3275 5702 die
3295 5645 3544 5718 quodam
3563 5647 3834 5706 celeber-
