4004 6168
280 331 383 387 277

1037 343 1642 406 MARTYROLOGIUM
1686 348 1825 405 CUM
1867 349 2399 408 ADDITAMENTIS.
2436 381 2500 392 —
2545 355 2728 411 MENS
2764 357 2908 412 JUN.
3266 340 3273 343 ’
3571 360 3673 412 2ῖό

279 473 424 532 rimo
439 470 1064 549 tribunalascendens,
1083 483 1750 556 prasentarisibijudex
1764 486 1923 542 Chri-
1952 476 2005 538 A
2033 476 2185 548 ει)υά
2215 477 2516 537 Dominum
2540 480 3302 553 ducunlUI‘)810Pi08iSSim8
3330 492 3669 547 coronatur-

276 566 525 637 stianos,
550 570 613 625 et
635 566 929 627 introduci
953 570 1024 628 ad
1044 572 1467 645 suppliciorum
1493 591 1754 648 pompam
1781 593 1924 649 pra-

276 654 527 713 bendam
552 658 786 716 cunctis
818 659 916 730 qui
948 661 1213 731 aderant,
1232 664 1420 735 jubet.
1448 666 1699 722 Rursum
1725 665 1921 737 itaque

273 760 509 817 cruces,
530 762 766 805 rursum
780 764 1225 821 pmnte,rursum
1243 756 1533 811 tormenta
1550 758 1916 826 reparantur.

271 835 765 894 Producebantur
786 842 978 896 autem
1010 841 1333 899 beatissimi
1365 846 1654 915 martyres
1687 846 1759 901 de
1790 861 1923 916 sup-

274 923 472 995 pliciis
502 924 648 996 laeti,
682 929 744 983 et
775 927 1033 986 divinum
1066 932 1265 989 nescio
1297 932 1434 1004 quid
1469 933 1527 991 in
1561 934 1705 1006 ipsis
1745 936 1921 992 vulti-

273 1011 383 1068 bus
408 1012 817 1085 praeferentes,
834 1015 1066 1074 vincula
1089 1032 1191 1075 sua
1216 1018 1374 1076 sicut
1395 1020 1630 1077 monilia
1658 1023 1918 1093 pretiosa

275 1097 594 1155 ducebant.
638 1101 752 1157 Per
782 1102 1114 1173 squalorem
1147 1106 1426 1177 carceris,
1472 1107 1686 1164 Christi
1730 1109 1918 1166 bonus

275 1183 421 1241 odor
439 1185 638 1243 eﬂ'ecti
662 1187 766 1258 (II
780 1187 912 1247 σον.
931 1190 1013 1261 n),
1033 1191 1111 1247 ita
1138 1196 1199 1248 ut
1222 1190 1567 1249 viderentur
1596 1194 1707 1250 sibi
1725 1209 1836 1252 non
1860 1195 1916 1251 in

273 1274 596 1345 ergastulo,
614 1276 715 1332 sed
740 1276 795 1333 in
820 1278 1182 1347 myrothecio
1204 1280 1489 1339 conclusi.
1508 1284 1831 1353 Ingensque
1845 1286 1917 1340 ab

274 1362 546 1419 omnibus
586 1363 775 1434 gloria
808 1365 1043 1425 Christo
1083 1370 1517 1441 conferebatur,
1554 1386 1660 1443 pro
1691 1371 1783 1428 his
1818 1374 1913 1444 qui

274 1455 403 1506 ante
436 1457 815 1524 negaverant,
840 1457 900 1510 et
930 1455 1146 1512 dimitti
1179 1472 1366 1529 neque
1399 1463 1680 1528 negantes
1714 1465 1916 1532 potue-

276 1542 441 1595 rant:
480 1540 771 1611 siquidem
801 1542 1001 1599 decem
1037 1544 1214 1602 ferme
1246 1561 1487 1604 numero
1528 1548 1778 1617 fuerant,
1815 1550 1911 1620 qui

274 1627 438 1699 lapsu
462 1643 573 1685 suo
593 1630 814 1688 luctum
829 1631 947 1687 illis
960 1637 1021 1689 et
1034 1633 1326 1705 ingentem
1343 1635 1647 1692 tristitiam
1664 1636 1914 1709 relique-

274 1722 429 1773 rant:
457 1731 613 1776 nunc
636 1733 777 1777 vero
800 1722 953 1792 (cum
974 1724 1324 1791 negantibus
1342 1724 1510 1781 venia
1532 1740 1645 1782 non
1671 1732 1913 1793 praesta-

2034 566 2134 624 Cui
2177 581 2207 624 a
2250 568 2433 639 prima
2478 569 2609 627 luce
2655 572 2725 627 ad
2765 588 3065 644 vesperam
3114 580 3401 634 tormenta
3446 591 3674 650 semper

2033 655 2395 727 innovantes,
2422 659 2490 715 ad
2519 658 2783 717 ultimum
2814 663 3003 719 victos
3025 680 3087 719 se
3113 668 3370 723 tortores
3394 666 3673 724 confiten-

2033 747 2147 800 tur.
2183 745 2320 812 Quze
2352 751 2412 802 ct
2443 751 2700 805 secundo
2734 752 2826 807 die
2861 752 3089 823 pulsata
3130 755 3511 827 cruciatibus,
3557 771 3670 814 non

2031 839 2362 905 superatur.
2394 838 2589 895 Tertio
2622 854 2852 910 quoque
2884 841 2977 896 die
3011 841 3255 913 religata
3289 844 3356 899 ad
3384 844 3668 915 stipitem,

2030 926 2206 994 atque
2239 924 2294 980 in
2328 926 2524 983 crucis
2554 929 2783 984 modum
2815 929 3095 1002 distenta,
3144 932 3353 989 bestiis
3397 932 3672 1003 pabulum

2031 1014 2604 1084 praeparatquuam
2618 1032 2745 1072 cum
2764 1018 2917 1073 nulla
2933 1034 3003 1074 ex
3022 1021 3224 1075 bestiis
3241 1022 3485 1077 auderet
3500 1023 3674 1079 attin-

2026 1114 2186 1170 gere,
2213 1118 2444 1159 rursum
2470 1110 2782 1162 revocatur
2805 1107 2874 1163 ad
2900 1122 3216 1164 carcerem.
3244 1109 3465 1176 Quarto
3496 1111 3671 1166 etiam

2031 1192 2375 1250 verberibus
2396 1199 2544 1263 acta,
2569 1195 2873 1252 craticulis
2895 1200 3121 1267 exusta,
3150 1197 3402 1255 etmulta
3418 1198 3530 1255 alia
3546 1213 3673 1271 per-

2029 1293 2217 1351 pessa,
2253 1281 2323 1338 ad
2356 1282 2619 1341 ultimum
2642 1285 2839 1353 gladio
2865 1286 3188 1355 jugulatnr.

2096 1368 2250 1425 Tunc
2279 1373 2339 1425 et
2369 1372 2650 1429 Ponticus
2683 1388 2827 1444 puer
2858 1389 3139 1430 annorum
3173 1376 3526 1447 quindecim,
3563 1392 3667 1449 per

2026 1457 2216 1512 omnia
2248 1462 2670 1517 tormentorum
2703 1476 2916 1526 genera
2950 1478 3079 1519 cum
3113 1462 3241 1533 ipsa
3274 1465 3670 1522 circumactus

2023 1547 2151 1617 ejus
2174 1547 2582 1605 cohortatione
2606 1550 2941 1619 roboratus,
2969 1555 3103 1606 ante
3136 1550 3291 1608 illam
3324 1553 3665 1623 martyrium

2023 1638 2462 1693 consummavit.

2092 1725 2302 1781 Verum
2335 1726 2654 1797 Mathurus,
2690 1732 2750 1783 ct
2791 1730 3056 1798 Sanctus,
3101 1734 3160 1784 et
3200 1730 3432 1787 Attalus
3472 1745 3666 1787 mune-

275 1805 456 1876 retur)
475 1804 533 1861 in
557 1808 930 1865 confessione
954 1810 1439 1882 persisterent,et
1462 1812 1532 1868 de
1557 1814 1909 1885 perditionis
1940 1828 1992 1888 Β
2025 1827 2147 1869 rum
2182 1814 2411 1885 diebus,
2444 1815 2763 1874 innumeris
2803 1817 3061 1873 millibus
3100 1819 3361 1887 gentium
3407 1819 3665 1875 diversa-

271 1906 443 1962 grege
478 1895 740 1951 revocati
773 1895 831 1952 in
863 1911 1103 1954 numero
1144 1901 1461 1969 martyrum
1499 1901 1906 1971 jungerentur.

271 1982 543 2038 Deccrnit
582 1997 724 2054 ergo
749 1986 948 2056 judex,
985 1991 1048 2043 ut
1079 1987 1128 2043 si
1164 1987 1259 2057 qui
1295 1988 1445 2045 forte
1476 1989 1637 2046 cives
1668 1992 1908 2047 Romani

273 2072 692 2141 reperirentur,
751 2074 945 2145 capite
1003 2074 1441 2147 plecterentur:
1510 2080 1710 2135 caeteri
1769 2095 1909 2137 vero

273 2159 479 2215 bestiis
513 2160 910 2219 traderentur.

334 2248 523 2317 Igitur
550 2265 680 2305 cum
710 2265 847 2320 erga
881 2253 1258 2324 snpradictos
1292 2254 1527 2326 questio
1565 2255 1903 2327 haberetur,

272 2336 595 2393 Alexander
617 2338 848 2408 quidem
867 2354 1081 2409 genere
1094 2340 1306 2413 Phryx,
1325 2343 1588 2401 medicus
1603 2345 1903 2417 diciplina,

270 2426 352 2480 vir
379 2424 722 2495 religiosus,
748 2432 808 2483 et
830 2428 1109 2499 prudens,
1136 2435 1195 2486 et
1218 2432 1355 2488 vita:
1380 2447 1447 2489 ac
1470 2448 1690 2489 morum
1713 2435 1908 2505 probi-

269 2517 380 2570 tate
410 2518 650 2572 cunctis
673 2516 887 2573 charus
911 2523 1329 2591 acceptusque,
1354 2535 1551 2577 amore
1581 2522 1679 2578 Dei
1714 2524 1906 2579 conci-

268 2606 440 2674 tatus,
467 2620 599 2661 cum
622 2606 939 2663 assisteret
962 2608 1262 2678 tribunali,
1290 2612 1532 2667 nutibus
1556 2611 1905 2668 hortabatur

266 2692 330 2748 ad
360 2693 817 2764 confessionem,
852 2695 909 2749 in
942 2710 1089 2765 quos
1123 2698 1373 2768 quaestio
1406 2700 1782 2768 agitabatur;
1822 2700 1902 2757 ita

267 2784 328 2836 ut
372 2782 645 2838 omnibus
676 2783 774 2853 qui
811 2784 1083 2841 astabant
1113 2785 1299 2857 palam
1332 2786 1501 2843 fieret
1540 2788 1677 2858 quid
1712 2788 1902 2845 animo

263 2873 507 2938 gereret.
528 2870 788 2941 Cumque
811 2870 865 2926 id
892 2871 1088 2943 populi
1114 2873 1503 2944 notavissent,
1530 2874 1903 2944 indignantes

261 2952 661 3012 clamaverunt
691 2957 977 3014 adversus
1022 2957 1428 3015 Alexandrum.
1475 2960 1581 3026 Qui
1620 2961 1826 3031 jussus
1869 2976 1899 3017 a

262 3043 510 3112 prmside
524 3044 584 3099 in
598 3044 850 3102 medium
866 3045 1067 3115 statui,
1084 3049 1144 3102 et
1158 3046 1290 3118 quis
1302 3050 1462 3104 esset
1476 3047 1895 3117 interrogatus,

260 3130 655 3188 Christianum
698 3146 761 3188 se
804 3146 938 3189 esse
980 3132 1163 3191 libera
1207 3135 1572 3206 professione
1618 3138 1893 3192 testatur.

259 3218 432 3285 Quem
455 3220 743 3277 continuo
766 3222 1208 3293 prmparandum
1233 3223 1438 3280 bestiis
1454 3224 1895 3281 condemnavit:

257 3310 314 3363 et
342 3312 586 3379 postera
620 3307 715 3364 die
747 3309 916 3365 simul
939 3324 1069 3366 cum
1103 3309 1300 3366 Attalo
1323 3312 1691 3381 producitur.
1719 3312 1898 3378 Quem

258 3400 458 3454 contra
492 3400 855 3468 praeceptum
888 3397 1152 3467 Casaris,
1189 3398 1509 3467 gratificari
1536 3399 1771 3471 populis
1800 3416 1900 3457 vo-

260 3483 400 3553 lens,
419 3486 602 3541 etiam
625 3486 815 3557 ipsum
838 3486 988 3542 tradi
1016 3486 1223 3543 bestiis
1238 3487 1441 3558 jussit.
1465 3488 1575 3545 Sed
1600 3504 1729 3545 cum
1753 3490 1899 3546 fera-

259 3588 378 3629 rum
400 3573 562 3631 nulla
582 3579 921 3632 sanctorum
944 3590 1192 3646 corpora
1225 3576 1598 3647 contigisset,
1625 3577 1896 3635 omnibus

253 3674 354 3717 eos
383 3663 699 3719 verberum
744 3665 1207 3734 caeterarumque
1248 3679 1547 3735 pmnarum
1587 3665 1895 3737 suppliciis

254 3750 504 3807 cruciari
514 3752 536 3821 j
548 3751 706 3821 ubet,
725 3751 897 3808 beato
921 3750 1250 3808 Alexandro
1264 3752 1320 3807 in
1335 3752 1605 3809 omnibus
1620 3768 1748 3823 quae
1770 3769 1897 3825 per-

254 3850 464 3907 pessus
494 3840 591 3893 est
625 3836 829 3908 poenis,
866 3851 935 3894 ne
970 3852 1141 3893 unum
1174 3836 1406 3909 quidem
1440 3838 1675 3909 penitus
1708 3840 1897 3910 profe-

255 3928 416 3981 rente
447 3938 799 3981 sermonem.

322 4012 558 4068 Attalus
576 4026 739 4082 vero,
756 4026 885 4069 cum
908 4013 1113 4084 prunis
1137 4012 1521 4084 subterjectis
1542 4012 1599 4068 in
1619 4011 1762 4069 sella
1787 4014 1895 4069 fer-

256 4114 347 4156 rea
372 4103 728 4170 terreretur,
754 4114 1000 4171 cumque
1032 4100 1202 4157 nidor
1234 4101 1461 4159 adustae
1484 4102 1680 4159 carnis
1702 4101 1772 4158 ad
1799 4107 1895 4159 na-

253 4202 347 4245 res
385 4192 446 4244 et
490 4204 596 4245 ora
641 4189 1034 4261 inspectantis
1076 4188 1275 4261 p0puli
1325 4189 1707 4261 perferretur,
1750 4205 1893 4247 voce

253 4291 448 4348 magna
482 4276 702 4335 clamat
732 4278 802 4335 ad
852 4277 1114 4350 plebem:
1158 4279 1308 4335 Ecce
1348 4277 1459 4334 hoc
1497 4280 1592 4334 est
1632 4277 1895 4335 homines

253 4366 578 4436 comedere,
600 4366 758 4437 quod
780 4380 886 4423 vos
918 4366 1129 4424 facitis.
1156 4368 1272 4423 Nos
1303 4366 1456 4423 enim
1488 4380 1676 4436 neque
1706 4380 1894 4424 come-

253 4449 439 4510 dimus
468 4452 756 4523 homines,
793 4467 979 4523 neque
1011 4452 1169 4509 aliud
1200 4452 1338 4524 quid
1374 4452 1506 4508 mali
1540 4452 1784 4522 agimus.
1811 4454 1895 4509 Si-

1930 3184 1980 3247 C

2023 1917 2148 1958 rum
2171 1903 2241 1958 ad
2265 1904 2667 1974 Spectaculum
2691 1908 3081 1975 congregatis,
3101 1912 3443 1965 statuuntur
3465 1908 3519 1962 in
3551 1922 3664 1962 me-

2020 1991 2117 2047 dio
2140 2006 2350 2049 arenae.
2368 1994 2436 2048 Et
2458 2009 2691 2049 rursum
2716 1996 3030 2063 Mathurus,
3060 1998 3387 2066 neophytus
3404 1996 3656 2065 quidem,

2019 2080 2118 2137 sed
2154 2081 2210 2136 in
2240 2080 2351 2137 fide
2382 2086 2443 2137 et
2474 2082 2754 2152 patientia
2789 2085 3257 2152 robustissimus,
3292 2099 3422 2140 cum
3456 2087 3659 2139 sancto

2019 2168 2286 2239 diacono,
2322 2170 2485 2240 quasi
2518 2170 2661 2226 nihil
2694 2172 2857 2242 prius
2890 2174 3040 2242 passi
3076 2174 3339 2241 fuissent,
3373 2173 3443 2229 ad
3468 2172 3657 2228 omnia

2018 2260 2440 2314 tormentorum
2459 2273 2672 2331 genera
2693 2266 3069 2317 renovantur.
3090 2260 3660 2317 Certantibusomni-

2016 2345 2203 2403 modis
2220 2347 2592 2417 adversariis,
2613 2352 2900 2419 quatenus
2912 2364 3113 2405 eorum
3139 2350 3481 2421 patientiam
3506 2350 3657 2404 fran-

2014 2438 2241 2504 gerent,
2274 2439 2334 2489 et
2365 2436 2436 2491 ab
2468 2436 2595 2507 ipso
2627 2437 2716 2505 (ut
2762 2438 2842 2493 ita
2889 2437 3100 2508 dicam)
3144 2439 3367 2494 vertice
3409 2451 3658 2494 coronas

2014 2535 2215 2577 eorum
2247 2521 2592 2593 diriperent.
2630 2523 2738 2579 Sed
2773 2523 2893 2580 illis
2918 2538 2987 2580 eo
3019 2525 3200 2594 magis
3234 2525 3456 2580 animas
3488 2525 3660 2580 robo-

2015 2608 2184 2664 rabat
2205 2623 2341 2680 spes
2363 2609 2571 2666 vicinae
2588 2610 2704 2680 jam
2726 2610 2951 2679 gloriae,
2981 2626 3149 2681 quam
3175 2611 3287 2666 sibi
3304 2611 3656 2681 jamjamque

2014 2708 2182 2749 manu
2198 2695 2560 2765 contingere,
2577 2700 2637 2751 et
2656 2700 3028 2753 contrectare
3044 2697 3269 2753 dextris
3281 2697 3650 2753 videbantur.

2014 2783 2268 2853 Cumque
2299 2786 2359 2839 et
2390 2784 2810 2855 suppliciorum
2838 2799 3072 2854 genera,
3096 2789 3157 2841 et
3181 2784 3653 2855 spectaculorum

2013 2885 2158 2942 pene
2210 2872 2325 2941 jam
2394 2875 2620 2943 tempus
2664 2876 2824 2929 esset
2870 2878 3234 2943 assumptum
3286 2887 3391 2928 nec
3432 2871 3651 2928 moveri

2014 2958 2306 3016 ullatenus
2336 2975 2365 3016 a
2397 2961 2686 3017 sententia
2724 2960 3073 3031 potuissent,
3117 2976 3246 3015 cum
3279 2960 3452 3014 etiam
3487 2959 3652 3015 sella)

2013 3046 2215 3104 ferreae
2229 3048 2605 3119 superpositi,
2623 3051 3026 3121 consumptam
3046 3048 3394 3103 verberibus
3415 3061 3648 3103 carnem

2013 3133 2165 3201 ignis
2193 3136 2398 3189 subter
2421 3135 2785 3190 ministratus
2805 3137 3102 3202 exurcret,
3126 3134 3194 3188 ad
3221 3132 3486 3188 ultimum
3512 3134 3651 3189 infa-

2012 3221 2285 3291 tigabiles
2314 3225 2630 3292 martyrum
2660 3222 2927 3293 spiritus,
2956 3220 3111 3277 ferro
3130 3221 3301 3277 caesis
3319 3221 3651 3277 cervicibus

2011 3309 2360 3379 effugarunt.
2389 3311 2573 3380 Igitur
2596 3310 2861 3367 inaudito
2888 3308 3131 3367 saevitiae
3155 3323 3388 3378 genere,
3423 3323 3645 3378 eorum,

2009 3398 2107 3470 qui
2140 3399 2501 3455 necabantur
2538 3398 2593 3453 in
2634 3411 2896 3466 carcere,
2930 3410 3179 3467 corpora
3211 3396 3456 3452 canibus
3480 3396 3645 3466 jube-

2009 3487 2223 3543 bantur
2252 3486 2486 3557 exponi,
2522 3486 2591 3541 ad
2616 3485 2798 3541 hibita
2834 3483 3007 3541 simul
3040 3482 3311 3539 custodia
3333 3483 3426 3539 die
3447 3486 3650 3539 noctu-

2008 3589 2139 3646 que,
2167 3589 2236 3631 ne
2260 3574 2391 3646 quis
2416 3573 2697 3631 collectas
2720 3572 3000 3643 reliquias
3023 3571 3404 3626 humanitatis
3431 3571 3646 3626 intuitu

2009 3661 2627 3732 traderetsepulturze.
2652 3661 2759 3716 Sed
2792 3664 2851 3717 et
2881 3661 2928 3717 si
2963 3661 3100 3730 quid
3136 3660 3286 3715 forte
3318 3658 3411 3713 vel
3446 3659 3650 3715 bestiis

2006 3749 2098 3806 vel
2130 3748 2247 3819 igni
2282 3747 2569 3816 reliquum
2599 3762 2672 3803 ex
2702 3746 3054 3817 corporibus
3084 3749 3401 3814 martyrum
3435 3744 3643 3813 fuerat,

2006 3838 2252 3910 ipsaque
2283 3849 2412 3890 cum
2437 3833 2663 3891 truncis
2692 3834 2814 3889 suis
2857 3833 3050 3903 capita
3097 3830 3452 3902 punitorum,
3499 3830 3647 3885 inse-

2006 3922 2168 3995 pulta
2209 3936 2313 3993 per
2358 3920 2683 3977 custodiam
2722 3918 2969 3975 militum
3003 3917 3407 3975 servabantur.
3445 3917 3642 3986 Neque

2004 4026 2145 4067 vero
2177 4008 2518 4067 muneribus
2546 4007 2791 4064 suadere
2812 4005 3105 4071 custodes,
3127 4017 3314 4074 neque
3347 4002 3642 4075 precibus,

2005 4103 2105 4156 aut
2140 4097 2258 4155 ullo
2291 4096 2407 4153 alio
2435 4109 2651 4166 genere
2682 4094 2849 4165 copia
2883 4097 3039 4149 erat:
3072 4093 3151 4147 ita
3183 4094 3409 4148 attente
3440 4094 3502 4146 et
3532 4090 3647 4147 sol-

2005 4187 2167 4244 licite
2199 4186 2503 4253 curabant,
2522 4199 2591 4239 ne
2613 4182 2854 4238 daretur
2884 4180 3165 4236 extremis
3197 4179 3427 4236 ossibus
3455 4177 3648 4251 sepul-

2005 4280 2155 4331 tura.
2201 4277 2334 4331 ch
2379 4272 2619 4344 scripta,
2656 4270 2712 4327 in
2746 4270 2999 4327 Historia
3032 4268 3455 4338 ecclesiastica,
3492 4266 3645 4324 libro

2044 4365 2227 4421 uinto.

2044 4380 2227 4421 ιιιηιο.

2003 4380 2036 4436 q
2073 4463 2099 4491 α
2128 4452 2369 4508 Nomina
2400 4465 2540 4507 vero
2574 4448 2957 4521 quadraginta
2992 4451 3126 4502 octo
3160 4450 3478 4517 martyrum
3520 4443 3644 4500 haec

255 4541 479 4610 quidem
528 4540 687 4596 servi
732 4554 933 4597 eorum
980 4540 1384 4612 comprehensi
1427 4554 1556 4597 cum
1598 4542 1888 4596 tormenta
1922 4543 1973 4602 Ι)
2002 4540 2812 4613 suntzPhotinuscpiscOpus,
2830 4536 3138 4594 Zacharias
3158 4535 3644 4607 presbyter,Epa-

255 4628 757 4697 pertimescerent,
793 4627 1094 4684 daemoniis
1114 4627 1420 4697 instinctu,
1448 4626 1557 4682 hoc
1581 4626 1771 4697 ipsum
1795 4628 1893 4683 ad-

254 4729 454 4773 versus
488 4716 760 4772 dominos
791 4715 1165 4773 commentati
1198 4720 1352 4772 sunt.
1379 4716 1449 4769 Et
1479 4729 1609 4771 cum
1642 4714 1892 4773 interro-

255 4807 486 4870 garetur
537 4802 693 4874 quod
745 4816 950 4859 nomen
1003 4803 1248 4858 haberet
1303 4803 1477 4872 Deus,
1540 4803 1884 4873 respondit:

256 4890 352 4955 Qui
376 4890 579 4964 plures
603 4894 759 4962 sunt,
786 4891 1118 4948 nominibus
1142 4891 1593 4955 discernuntur;
1621 4891 1717 4961 qui
1744 4907 1891 4948 unus

253 4983 354 5049 est,
387 4995 502 5036 non
536 4979 762 5050 indiget
791 4980 1040 5036 nomine.
1076 4979 1176 5037 His
1208 4980 1388 5050 igitur
1409 4979 1649 5052 Optimis
1670 4983 1731 5036 et
1754 4979 1890 5036 fide-

255 5064 485 5125 lissimis
499 5066 754 5125 ducibus
769 5083 912 5125 usus
926 5068 1115 5125 omnis
1127 5068 1736 5140 reliquussanctorum
1756 5069 1891 5125 cho-

256 5169 365 5227 rus,
391 5155 651 5227 prompti
672 5159 733 5211 et
756 5154 1003 5226 alacres,
1027 5156 1249 5212 animas
1271 5171 1405 5213 suas
1428 5171 1533 5229 pro
1557 5155 1689 5212 ﬁdei
1715 5155 1890 5214 liber-

257 5244 367 5299 tate
396 5244 714 5317 ponebant.

2000 4631 2502 4703 gatus,Macarius,
2522 4629 2872 4697 Alcibiades,
2890 4626 3135 4696 Sylvius,
3154 4626 3400 4693 Primus,
3416 4622 3637 4695 Ulpius,

2002 4720 2228 4789 Vitalis,
2265 4719 2555 4787 Cominus,
2592 4717 2870 4786 Octuber,
2914 4714 3297 4782 Philuminus,
3345 4710 3635 4777 Geminus,

1999 4807 2170 4878 Julia,
2221 4806 2447 4876 Albina,
2511 4807 2705 4876 Grata,
2766 4806 3008 4874 Rogata,
3056 4801 3299 4870 A-Imilia,
3357 4796 3636 4867 Potamia,

2001 4895 2295 4967 Pompeia,
2327 4893 2603 4950 Rhodana
2645 4891 2844 4963 Biblis,
2888 4891 3149 4959 Quartia,
3193 4889 3467 4955 Materna,
3514 4883 3640 4939 Hel-

2003 4998 2121 5056 pes,
2146 4998 2273 5054 quae
2295 4986 2355 5038 et
2378 4985 2606 5038 Amnas.
2626 4982 2693 5036 lli
2718 4985 2853 5037 sunt
2873 4984 3065 5036 autem
3090 4978 3184 5048 qui
3207 4974 3411 5031 bestiis
3435 4973 3637 5029 traditi

2002 5076 2167 5129 sunt:
2200 5075 2465 5140 Sanetus,
2500 5071 2815 5141 Mathurus,
2854 5067 3084 5125 Attalus
3115 5063 3460 5131 Alexander,
3496 5064 3640 5117 Pon-

2002 5161 2172 5228 ticus,
2219 5160 2514 5217 Blandina.
2564 5160 2632 5215 Hi
2674 5174 2812 5215 vero
2856 5157 2952 5227 qui
2997 5156 3050 5209 in
3094 5165 3334 5208 carcere
3367 5151 3637 5223 Spiritum

2000 5246 2413 5303 reddiderunt:
2449 5246 2750 5315 Aristaeus,
2784 5240 3108 5309 Cornelius,
3140 5237 3416 5309 Zosimus,
3450 5240 3634 5309 Titus,

318 5331 472 5387 Inter
504 5330 615 5387 bos
645 5330 924 5388 Blandina
954 5331 1162 5387 femina
1197 5330 1531 5388 beatissima
1564 5332 1692 5404 (per
1719 5346 1889 5403 quam
1996 5335 2203 5407 Julius,
2264 5336 2517 5405 Zoticus,
2580 5331 2940 5405 Apollonius,
2993 5327 3417 5399 Germinianus,
3463 5329 3632 5397 Julia,

261 5416 518 5477 Christus
542 5419 825 5490 ostendit,
843 5419 976 5491 quia
994 5433 1060 5476 ea
1081 5434 1209 5490 quas
1229 5420 1381 5491 apud
1398 5420 1660 5477 homines
1682 5420 1890 5492 despe-

2000 5423 2272 5493 Ausonia,
2303 5422 2547 5491 Emilia,
2570 5421 2847 5487 Jamnica,
2870 5417 3164 5489 Pompeia,
3198 5418 3631 5487 Domna,lusta,

259 5507 344 5562 cta
366 5512 517 5579 sunt,
541 5511 604 5564 et
626 5507 685 5564 in
707 5510 1048 5581 contemptu
1071 5508 1380 5579 habentur,
1402 5508 1460 5565 in
1478 5523 1681 5580 magna
1699 5507 1887 5579 gloria
1995 5512 2321 5585 Trophima,
2370 5509 2636 5565 Antonia.
2687 5508 2751 5563 Hi
2800 5520 3002 5564 omnes
3047 5505 3243 5563 famuli
3284 5504 3497 5563 Christi
3529 5502 3634 5559 sub

322 5638 350 5667 ι
379 5630 585 5690 Euseb.
623 5631 724 5689 lib.
759 5646 797 5703 ι,
832 5646 882 5691 c.
917 5636 953 5690 2
979 5646 1053 5689 ex
1080 5646 1234 5690 vers.
1271 5632 1421 5690 Buff.
