4004 6168
261 323 333 377 281
996 303 1599 367 MARTYROLOGIUM
1638 301 1780 358 CUM
1823 300 2352 361 ADDITAMENTIS.
2393 336 2463 348 --
2502 309 2685 365 MENS
2720 312 2865 368 JUN.
3526 323 3634 378 232

262 444 336 501 Ille
355 442 530 501 modo
564 441 623 500 in
650 442 964 512 adulterio,
997 445 1097 499 aut
1125 441 1182 497 in
1214 441 1456 497 taberna
1488 439 1715 511 positus
1735 454 1875 511 epu-
1903 424 1959 486 A
1989 436 2255 507 credens,
2290 452 2319 493 a
2353 438 2525 495 beato
2545 439 2879 497 Marcellino
2920 441 3261 513 presbytero
3293 437 3631 514 baptizatus

260 534 566 591 latur.Cum
587 533 908 603 ergointer
930 547 993 588 se
1017 531 1516 603 colloquerentur,
1539 529 1790 599 contigit
1813 532 1875 586 ut
1989 528 2098 595 est,
2134 526 2442 598 omnisque
2484 528 2691 586 domus
2748 529 2876 600 ejus
2922 533 2983 586 et
3028 529 3196 587 multi
3241 530 3390 588 alii:
3437 531 3518 588 ita
3567 533 3633 590 ut

257 624 501 680 obviaret
531 622 622 678 eis
655 636 805 678 unus
828 621 899 677 de
923 620 1566 689 commentariensibus,
1602 632 1770 691 quem
1796 617 1880 673 in-
1982 614 2213 686 absque
2263 615 2627 689 mulieribus,
2661 619 2924 677 vivorum
2966 619 3173 676 fierent
3207 622 3622 678 trecentorum.

256 714 722 782 terrogaverunt:
758 709 1243 781 Vidistialiquem
1277 708 1465 765 virum
1504 707 1875 779 peregrinum
1988 703 2106 759 Hoc
2159 703 2341 774 judex
2388 707 2641 764 Serenus
2687 708 2933 765 audiens
2994 709 3230 779 factum,
3283 709 3625 781 Artemium,

251 801 588 857 Romanum?
610 799 711 856 Ille
734 800 953 856 aiteis:
981 801 1266 855 Hesterno
1289 798 1383 855 die
1414 797 1507 854 vir
1530 796 1877 869 peregrinus
1989 792 2323 866 Candidam,
2375 799 2435 851 et
2484 796 2658 853 filiam
2705 796 2967 870 ipsorum
3000 797 3299 854 Paulinam
3341 796 3453 853 sibi
3488 813 3632 869 pra:-

250 890 500 947 abscisus
520 889 820 961 estcapite
845 889 901 944 in
918 889 1131 945 stadio.
1151 889 1448 945 Etiterum
1471 887 1870 956 interrogant:
1985 883 2271 954 sentatos,
2306 882 2589 942 immenso
2619 886 2878 958 pondere
2923 884 3397 958 ruderumjussit
3434 886 3625 943 obrui.

248 978 428 1045 Qualis
447 981 579 1034 erat
601 981 880 1051 aspectus
901 979 1063 1050 ejus?
1087 977 1280 1034 Atille
1302 976 1607 1033 dixit:Vir
1629 974 1877 1047 quadra-
1986 968 2197 1041 Sicque
2239 972 2427 1029 sancti
2472 974 2571 1032 Dei
2619 976 2888 1047 perducti
2934 975 3005 1032 ad
3066 974 3361 1048 passionis
3416 972 3628 1045 locum,

248 1071 329 1124 tus
353 1072 412 1123 et
443 1081 699 1137 crassus,
731 1070 981 1125 robusto
1012 1067 1244 1139 capillo,
1278 1066 1552 1123 coccinea
1593 1063 1876 1122 armelau-
1987 1057 2194 1116 beatus
2226 1060 2512 1131 siquidem
2537 1064 2831 1122 Artemius
2850 1064 3047 1136 gladio
3066 1078 3405 1138 percussus,
3427 1066 3630 1121 sancta

246 1156 318 1212 sia
349 1155 612 1213 indutus.
648 1158 718 1213 Et
748 1155 895 1213 dicit
923 1157 1045 1213 eis:
1071 1155 1173 1211 ille
1193 1170 1360 1227 quem
1399 1153 1684 1225 quaeritis,
1720 1151 1873 1223 apud
1987 1161 2127 1204 Vero
2161 1149 2414 1208 Candida
2441 1156 2616 1224 atque
2639 1154 2878 1212 Paulina
2900 1169 3005 1227 per
3025 1153 3224 1212 limina
3246 1158 3467 1228 cryptae
3489 1168 3634 1227 prae-

248 1259 337 1301 nos
364 1246 647 1302 hesterno
692 1245 787 1301 die
833 1246 1112 1316 martyrio
1157 1249 1250 1301 est
1286 1244 1507 1300 finitus.
1545 1240 1869 1299 Aiuntilli:
1985 1236 2268 1311 cipitataa,
2304 1239 2601 1313 lapidibus
2633 1248 2771 1301 sunt
2810 1244 3058 1301 obrutae.

247 1334 427 1405 Homo,
452 1349 624 1405 quem
646 1350 751 1391 nos
769 1334 1104 1406 quaerimus,
1127 1332 1359 1390 adulter
1376 1335 1469 1388 est
1487 1335 1547 1388 et
1577 1330 1868 1387 ebriosus.
2488 1359 2552 1414 ι),
2588 1359 2685 1414 νη
2715 1359 2876 1415 IDUS
2915 1359 3112 1415 mm].

247 1423 499 1527 Dieit‘eis
540 1423 673 1479 ille:
707 1424 935 1495 Venite,
972 1425 1167 1525 videte
1200 1438 1350 1480 eum.
1387 1423 1642 1527 Cumque
1676 1422 1874 1527 osten-
2658 1457 2716 1527 (7
2733 1456 2956 1527 Junii.)

250 1510 411 1568 disset
442 1513 533 1568 eis
563 1528 799 1586 corpus,
834 1518 894 1570 et
940 1514 1265 1586 pretiosum
1313 1514 1491 1582 caput
1531 1509 1676 1579 ejus,
1712 1507 1872 1563 dixe-
2056 1550 2556 1586 mmhnnmmn

252 1604 364 1657 runt
391 1602 487 1657 ei:
519 1602 638 1658 Iste
670 1606 761 1659 est
791 1616 961 1673 quem
992 1601 1344 1672 qmerimus;
1385 1598 1639 1670 petimus
1673 1599 1738 1653 ut
1770 1596 1873 1652 des

253 1689 391 1747 nobis
419 1705 575 1747 eum.
613 1690 721 1756 Qui
756 1690 1058 1763 respondit
1091 1710 1103 1746 :
1140 1692 1265 1762 Ego.
1282 1687 1470 1759 gratis
1496 1700 1714 1757 corpus
1745 1685 1870 1755 ejus

255 1776 365 1834 dare
381 1779 558 1835 vobis
589 1794 702 1836 non
724 1795 974 1851 possum.
1010 1778 1099 1835 llli
1119 1783 1313 1835 autem
1334 1777 1542 1833 dantes
1564 1774 1617 1829 ei
1649 1772 1872 1829 solidos

261 1866 609 1939 quingentos,
645 1871 1000 1941 acceperunt
1030 1884 1245 1939 corpus
1277 1867 1465 1923 sancti
1499 1861 1794 1933 martyris,
1817 1862 1877 1916 et
1904 1859 1958 1921 Β

261 1958 918 2028 ungentesaromatibus,
935 1956 1415 2027 involventesque
1441 1951 1881 2010 linteaminibus

185 2078 192 2084 '
260 2046 531 2117 Pretiosis,
567 2050 888 2118 posuerunt
913 2046 1056 2102 illud
1083 2047 1138 2102 in
1162 2048 1458 2113 basterna,
1480 2047 1540 2099 et
1570 2046 1655 2098 sic
1688 2052 1874 2096 rever-

270 2134 520 2190 tebantur
546 2135 873 2205 gaudentes
893 2139 952 2191 et
968 2134 1382 2206 gloriﬁcantes
1405 2135 1600 2189 Deum.
1629 2127 1874 2197 Angelus

2029 2046 2073 2049 "
2117 2046 2535 2069 """"D"“‘"“'7
2571 2046 2640 2055 “'"
2677 2046 2941 2055 νν⁷““’“’”“”
2974 2046 3150 2067 ’“¹ῠ’”“”
3180 2046 3470 2067 ’”·ο·“·’·“

2064 2084 2120 2138 In
2157 2086 2416 2142 Caesarea
2455 2087 2857 2159 Cappadociae,
2902 2085 3115 2143 natalis
3158 2084 3346 2142 sancti
3393 2082 3627 2141 Luciani

2022 2174 2264 2206 annon-da

263 2179 1876 2296 ggzga'agaiai;;;;.};g:again“;'a"u3;a.".;.';;;:;.;;
1990 2179 2284 2246 mar‘y”s'
2504 2248 2565 2303 Ε,
2616 2248 2687 2303 ν,
2720 2247 2876 2305 mus
2911 2246 3109 2303 mn,

262 2326 358 2367 rem
373 2314 576 2413 factam
598 2313 756 2369 beati
778 2313 1054 2414 martyris
1080 2313 1381 2414 indicavit.
1404 2312 1542 2379 Qua:
1563 2310 1877 2419 confestim
2661 2346 2718 2419 (8
2735 2345 2958 2417 Junii.)

262 2416 365 2457 cum
398 2402 545 2457 omni
581 2403 961 2459 veneratione
996 2402 1257 2459 obviavit
1292 2406 1496 2459 saneto
1531 2400 1786 2472 corpori,
1817 2403 1878 2456 et

264 2489 526 2547 aedificans
551 2491 601 2547 ei
627 2490 861 2547 domum
894 2491 1147 2562 dignam,
1172 2492 1435 2562 reposuit
1458 2489 1601 2548 illud
1623 2490 1678 2545 in
1699 2504 1786 2560 ea,
1804 2489 1876 2544 ab

258 2580 378 2636 urbe
398 2580 570 2635 Roma
596 2579 918 2636 stadiorum
940 2580 1216 2650 quinque.
1242 2580 1651 2650 Martyrizatus
1670 2583 1760 2635 est
1779 2592 1876 2636 au-

256 2671 353 2724 tem
383 2672 617 2725 sanctus
659 2671 879 2738 martyr
912 2669 1242 2725 Bonifacius
1277 2671 1487 2738 quarto
1523 2668 1747 2724 decimo
1781 2668 1874 2723 die

250 2757 445 2813 mensis
462 2757 587 2814 Maii
609 2757 762 2828 apud
785 2759 1021 2814 Tarsum
1057 2756 1427 2828 metropolim
1448 2756 1686 2826 Ciliciae,
1709 2759 1769 2811 et
1787 2770 1874 2811 se-

247 2846 436 2918 pultus
471 2850 558 2903 est
594 2827 791 2904 Roma:
824 2847 1001 2903 Nonis
1034 2847 1211 2904 Junii.
1248 2827 1419 2903 Beata
1455 2861 1595 2902 vero
1625 2845 1874 2915 Aglahcs
2507 2828 2566 2883 Ρη
2628 2827 3096 2929 YJIBUSHJ‘UNII.

244 2914 664 2992 abrenuntiavit
700 2936 914 2992 mundo
945 2939 1006 2992 et
1051 2936 1277 3007 pompis
1319 2936 1467 3007 ejus,
1506 2914 1869 2991 distribuens
2050 3003 2089 3013 ﬁ
2279 3002 2291 3013 _
2496 3007 2506 3013 _
2592 3004 2623 3013 Α
2655 2914 2954 3013 (fimi?)
3162 3005 3171 3013 ι
3369 3002 3406 3013 _
3450 3000 3462 3013 _
3532 3001 3545 3013 .

245 3025 494 3084 universa
517 3041 646 3098 quae
679 3026 1019 3098 possidebat
1050 3026 1252 3097 egenis
1272 3040 1339 3083 ac
1367 3025 1759 3095 monasteriis,
1782 3039 1870 3081 re-

2050 3003 2244 3058 Romae
2276 3002 2332 3058 in
2354 3007 2548 3059 monte
2585 3001 2778 3073 Caelio,
2801 3001 2993 3058 natale
3013 3005 3348 3059 sanctorum
3369 3000 3545 3057 Primi
3566 3005 3628 3058 et

242 3112 432 3171 laxans
451 3090 782 3173 universam
817 3090 1288 3172 familiam'suam
1324 3130 1354 3171 a
1378 3114 1518 3185 jugo
1536 3090 1865 3185 servitutis,
1982 3090 2258 3185 ξ’θίίοίὲηξ
2292 3092 2399 3185 δξώ
2423 3092 2794 3185 Ρίςδοιριίέηο
2813 3095 2874 3148 et
2892 3090 3235 3185 Μθκίξηίὲηο
3256 3091 3627 3185 imperatori‘

237 3207 291 3258 et
310 3208 519 3260 tantam
539 3204 789 3275 gratiam
812 3220 841 3260 a
860 3205 1099 3260 Domino
1119 3204 1441 3276 promeruit
1461 3207 1526 3259 ut
1545 3204 1600 3258 in
1620 3204 1746 3273 ejus
1773 3218 1872 3260 no-

2026 3195 2114 3237 us.
2149 3180 2256 3246 Qui
2287 3179 2695 3250 gloriosissimi
2718 3185 3007 3251 martyres
3040 3179 3096 3236 in
3127 3180 3366 3238 Domino
3397 3193 3627 3253 semper

236 3292 385 3349 mine
399 3293 684 3350 virtutum
703 3292 888 3363 signis
906 3292 1281 3349 claresceret.
1320 3292 1656 3364 Supervixit
1676 3295 1869 3348 autem

2024 3269 2268 3341 iventes,
2304 3285 2334 3326 a
2377 3270 2755 3342 pontificibus
2801 3268 3151 3341 templorum
3197 3270 3348 3342 apud
3382 3269 3628 3342 impera-

232 3379 285 3435 in
307 3380 506 3439 habitu
541 3359 970 3438 sanctimoniali
1004 3396 1186 3438 annos
1221 3359 1524 3449 tredecim,
1547 3385 1606 3436 et
1642 3379 1869 3451 sepulta
1983 3359 2352 3451 tOPGSrQEOd
2392 3359 2705 3451 Christiani
2752 3360 2971 3451 essent,
3007 3359 3264 3451 accusati
3300 3362 3437 3451 sunt
3463 3359 3628 3451 etinf

230 3474 322 3526 est
338 3470 487 3542 apud
509 3471 818 3543 prafatum
840 3475 1173 3541 martyrem,
1189 3470 1466 3542 cperibus
1478 3445 1590 3542 piis
1608 3445 1872 3527 con-sum-
1982 3447 2203 3543 Quism-
2238 3449 2417 3543 Ενέηί
2435 3447 2588 3543 ἒηίω
2620 3447 2781 3543 cives
2812 3446 3076 3543 Romam,
3098 3445 3455 3543 θάάυίξιίίῐυθ
3477 3450 3628 3543 fw“

230 3535 400 3616 mata:
509 3535 525 3543 '
995 3535 1011 3541 '
1159 3535 1168 3541 ’
1227 3535 1243 3542 ’
1478 3535 1493 3542 ’
1982 3536 2037 3591 in
2074 3540 2395 3609 conspectu
2431 3536 2871 3609 imperatorum,
2906 3540 2966 3592 et
2990 3536 3300 3607 jusserunt
3340 3549 3443 3592 eos
3472 3535 3627 3592 ferro

294 3647 507 3704 Eodem
558 3647 676 3717 die,
721 3647 907 3705 sancti
957 3645 1235 3703 Bonifacii
1287 3646 1384 3718 qui
1432 3646 1503 3703 de
1554 3646 1871 3704 Britanniis
1979 3626 2211 3718 Yinqlos
2241 3626 2314 3718 in
2349 3641 2644 3718 carcerem
2686 3625 2934 3718 recludi;
2967 3625 3427 3718 υδί-θάἰιιίμίε
3453 3638 3627 3718 ἔπλεθ-

224 3737 481 3809 venieus,
529 3740 593 3794 et
639 3712 810 3793 fidem
857 3735 1075 3792 Christi
1124 3712 1402 3806 gentibus
1435 3735 1865 3806 evangelizans,
1979 3713 2074 3809 125
2092 3714 2458 3809 D_°mi"ivq‘_‘i
2490 3714 3212 3809 e°§°°ns°hr°mrgP°3t
3242 3712 3627 3809 διξξξυοινθτο

225 3839 356 3880 cum
403 3800 711 3881 maximam
751 3823 1183 3880 multitudinem
1220 3824 1277 3879 in
1308 3824 1489 3881 Frisia
1524 3824 1869 3881 Christianae

2025 3802 2108 3857 ies
2122 3802 2428 3873 jusserunt
2448 3803 2950 3874 eosimperatores
2971 3802 3098 3859 suis
3118 3800 3461 3873 aspectibus
3481 3814 3628 3872 prae-

226 3912 492 3984 religioni
558 3912 958 3983 subjugasset,
1011 3911 1323 3968 novissime
1383 3927 1412 3968 a
1466 3913 1729 3983 paganis,
1769 3912 1867 3982 qui
1980 3891 2643 3984 §entari3_etjll_§39ru9t
2673 3890 2981 3984 ῐηίιξξίῧυεν
3014 3889 3521 3984 υι-ξίυοῄθνρηῒχβοε
3552 3889 3624 3945 ad

227 3977 593 4073 supgremnt’
651 3977 847 4071 g'la'dio
915 3977 1271 4072 peremptus,
1336 3977 1678 4071 marjyr'ium
1716 3977 1870 4057 αξη,
1980 3980 2172 4035 fanum
2198 3979 2463 4037 Herculis
2481 3985 2540 4036 et
2567 3979 2615 4035 si
2638 3979 2973 4037 sacriﬁcare
3006 3979 3248 4049 nollent,
3270 3977 3504 4035 fortiter
3521 3992 3625 4036 eos

226 4066 533 4149 summavit
577 4066 712 4150 cum
756 4066 952 4147 Eoban
1003 4066 1375 4162 coepiscopo,
1410 4066 1649 4148 et'aliis
1677 4090 1867 4148 servis
1980 4066 2169 4162 annis
2190 4068 2533 4162 afﬂigere"?
2556 4069 2768 4162 ve???“
2791 4083 2934 4162 _°“‘m
2960 4066 3119 4162 "una
3151 4070 3516 4162 Ροβδθθιβοδ
3535 4082 3626 4162 ἐξ·

2056 1550 2578 1625 Constantinopoli,
2604 1554 2818 1611 natalis
2838 1554 3024 1611 sancti
3057 1552 3241 1625 Pauli,
3264 1552 3523 1626 ejusdem
3552 1551 3633 1609 ci-

1982 1637 2187 1696 vitatis
2218 1642 2502 1713 episcopi,
2538 1643 2636 1713 qui
2686 1646 2947 1715 tempore
2995 1642 3224 1699 Arianae
3270 1640 3550 1714 perfidiae,
3599 1655 3628 1697 a

1984 1728 2364 1786 Constantino
2407 1732 2784 1803 imperatore,
2819 1732 2972 1804 apud
3018 1730 3386 1788 civitatulam
3433 1744 3632 1802 quam-

1992 1814 2120 1872 dam
2153 1819 2553 1891 Cappadocim,
2578 1822 2863 1878 Cucusam
2896 1821 3145 1891 nomine,
3179 1821 3253 1877 ob
3283 1818 3630 1876 catholicam

1994 1903 2162 1961 fidem
2195 1907 2396 1978 pulsus
2425 1910 2656 1979 exsilio,
2710 1910 3053 1966 Arianorum
3100 1907 3335 1965 insidiis
3380 1905 3633 1965 crudeli-

1994 1995 2085 2049 ter
2117 1998 2535 2069 strangulatus,
2571 1999 2640 2055 ad
2674 1998 2941 2055 coelestia
2974 2012 3150 2067 regna
3180 1996 3470 2067 migravit.

2060 2442 2118 2497 In
2154 2440 2355 2498 Galliis
2385 2442 2713 2500 Suessionis
2756 2442 3019 2513 civitate,
3053 2439 3269 2499 natalis
3301 2438 3489 2499 sancti
3519 2441 3631 2498 Me-

1986 2530 2154 2587 dardi
2179 2531 2442 2604 episcopi
2475 2536 2536 2588 et
2563 2532 2932 2590 confessoris.

2057 2621 2403 2693 Andegavis,
2422 2623 2612 2679 sancti
2634 2622 2853 2679 Lucinii
2874 2620 3161 2693 episcopi,
3176 2623 3233 2677 et
3252 2617 3624 2678 confessoris.

2053 2711 2195 2766 Item
2215 2710 2417 2768 eodem
2437 2711 2551 2783 die,
2575 2711 2760 2768 sancti
2781 2711 2969 2767 sancti
2991 2709 3220 2767 Carileﬁ
3242 2709 3624 2767 confessoris.

226 4178 348 4237 Dei,
1113 4156 1128 4162 ’
1283 4156 1298 4162 ’
1360 4156 1370 4159 ’
1979 4157 2138 4214 tione
2154 4172 2406 4229 movere,
2423 4158 2524 4216 sed
2544 4173 2649 4230 pro
2671 4158 2884 4216 Christi
2905 4157 3134 4215 nomine
3150 4159 3425 4229 optarent
3443 4156 3626 4228 magis

723 4279 781 4335 (ς,
816 4278 940 4334 vm
971 4278 1132 4334 IDUS
1167 4279 1365 4335 JUN".
1978 4246 2147 4318 mori,
2164 4246 2556 4304 extenderunt
2575 4262 2676 4305 eos
2690 4247 2924 4318 milites,
2940 4250 2998 4303 et
3017 4247 3201 4318 virgis
3223 4246 3456 4348 fortiter
3474 4260 3627 4348 mae-

1108 4394 1146 4409 ,,
1356 4334 1359 4335 ⁷
1979 4339 2275 4392 taverunt.
2292 4337 2363 4391 Et
2384 4352 2514 4393 eum
2534 4337 2974 4394 renuntiassent
2995 4335 3456 4408 imperatoribus
3478 4334 3626 4392 mili-

893 4394 950 4468 (δ
967 4393 1192 4467 Jmm')
1979 4430 2072 4481 tes
2108 4441 2236 4497 quae
2268 4431 2436 4498 gesta
2475 4430 2632 4498 sunt,
2663 4426 2798 4483 irati
2835 4425 3003 4485 valde
3031 4427 3455 4499 jusserunteos
3469 4425 3623 4483 tradi

294 4518 325 4550 ι
348 4511 536 4571 Sancti
560 4510 817 4585 Philippi
840 4510 1069 4569 diaconi
1095 4511 1193 4583 qui
1220 4511 1496 4570 fuitunus
1519 4512 1590 4571 de
1615 4518 1860 4587 septem.
1893 4565 1948 4588 η
1979 4515 2253 4573 Promoto
2287 4516 2522 4588 praesidi
2551 4516 2811 4574 civitatis
2843 4518 3242 4588 Numentanae,
3277 4519 3343 4574 ut
3371 4514 3624 4574 diversis

296 4599 502 4658 Eodem
539 4601 634 4658 die
667 4600 821 4673 apud
869 4603 1109 4658 Tarsum
1149 4600 1389 4672 Ciliciae,
1426 4565 1743 4673 martyru‘m
1783 4604 1866 4661 vi-
1893 4565 1949 4628 Β
1979 4604 2168 4677 ρωηὶε
2204 4565 2316 4662 eo;
2338 4605 2719 4663 interficeret.
2754 4607 2825 4663 Et
2856 4565 3352 4678 accipientes,eos
3383 4605 3619 4675 milites,

230 4685 393 4760 ginti,
422 4691 529 4748 sub
554 4690 759 4761 judice
791 4689 1108 4763 Simplicio,
1136 4691 1501 4763 temporibus
1520 4691 1867 4749 Diocletiani
1978 4694 2270 4751 duxerunt
2290 4695 2345 4750 in
2367 4694 2539 4765 viam,
2558 4709 2687 4767 quae
2705 4695 2925 4752 dicitur
2949 4696 3332 4767 Numentana,
3349 4692 3623 4751 milliario

233 4777 289 4829 et
333 4777 653 4836 Maximiani
696 4779 1116 4852 imperatorum
1164 4781 1261 4852 qui
1312 4795 1416 4852 per
1464 4781 1697 4838 diversa
1737 4798 1871 4853 sup—
1979 4784 2208 4841 decimo
2228 4783 2409 4841 tertio
2428 4783 2581 4840 ferro
2600 4783 3399 4842 vinctosetmiserunteosin
3428 4794 3623 4842 carce-

237 4861 401 4932 plieia
426 4867 909 4938 glorificaverunt
935 4870 1240 4926 Dominum
1270 4869 1325 4925 in
1352 4870 1700 4941 corporibus
1719 4870 1865 4927 suis.
1977 4888 2099 4929 rem
2110 4873 2275 4944 juxta
2292 4872 2479 4930 forum
2493 4872 2773 4944 civitatis,
2792 4874 2889 4931 ubi
2918 4873 3132 4931 iterum
3146 4868 3623 4943 angelicavisita-

301 4952 502 5013 Eodem
525 4957 621 5014 die
636 4957 833 5013 Roma
852 4957 1045 5014 natale
1065 4958 1252 5015 sancti
1272 4958 1514 5015 Artemii
1537 4974 1666 5016 eum
1688 4974 1868 5016 uxore
1976 4961 2138 5017 tione
2169 4962 2527 5018 relevantur.
2563 4964 2701 5019 Post
2724 4962 2969 5021 multum
2986 4979 3130 5021 vero
3154 4957 3623 5032 temporisjussit

238 5052 330 5096 sua
378 5045 648 5116 Candida,
689 5049 750 5101 et
796 5046 912 5104 illia
948 5046 1208 5104 Paulina.
1258 5048 1362 5104 Hic
1404 5048 1700 5106 Artemius
1737 5064 1868 5107 cum
1975 5050 2086 5107 sibi
2110 5053 2423 5108 Promotus
2443 5066 2663 5124 praises
2683 5052 2739 5108 in
2770 5052 2892 5110 foro
2920 5052 3180 5111 civitatis
3200 5045 3625 5121 tribuualprae-

242 5137 392 5187 esset
420 5138 619 5193 custos
663 5136 941 5208 carceris,-
972 5140 1034 5192 et
1077 5135 1338 5193 clausum
1373 5139 1603 5193 teneret
1634 5138 1867 5195 beatum
1978 5140 2192 5212 parari.
2216 5141 2286 5195 Et
2304 5141 2775 5199 eumintromissi
2796 5142 3046 5200 fuissent
3062 5140 3366 5197 Primuset
3383 5136 3625 5196 Felicia-

242 5213 458 5278 Petrum
503 5224 861 5281 exorcistam
895 5224 950 5280 in
986 5224 1272 5295 custodia,
1309 5228 1585 5296 essetque
1620 5225 1704 5281 illi
1749 5226 1866 5284 filia
1974 5244 2102 5298 nus,
2130 5232 2189 5284 et
2203 5229 2448 5300 jubente
2487 5230 2736 5303 praeside
2771 5232 3164 5300 fuissentpost
3183 5227 3621 5298 responsionem

246 5305 397 5363 unica
428 5309 713 5368 daemonio
731 5316 959 5383 vexata,
983 5313 1138 5370 beati
1170 5313 1330 5369 Petri
1356 5314 1633 5385 precibus
1651 5329 1782 5370 mox
1806 5319 1866 5371 ut
1975 5317 2309 5375 abinvicem
2334 5320 2613 5391 separati,
2631 5320 2817 5392 primo
2839 5319 3070 5374 beatum
3084 5313 3625 5390 Felicianumjussit

247 5401 423 5454 sanata
452 5404 564 5470 est,
583 5400 818 5458 Christo
845 5416 975 5459 cum
999 5417 1182 5459 uxore
1203 5401 1427 5474 pariter
1448 5404 1509 5456 et
1526 5403 1728 5458 eadem
1749 5402 1865 5459 ﬁlia
1976 5421 2194 5480 praeses
2221 5422 2352 5465 cum
2394 5407 2713 5480 plumbatis
2742 5405 2908 5476 caedi,
2941 5402 3333 5462 dicenseizUt
3351 5406 3490 5479 quid
3508 5419 3621 5463 non

246 5521 785 5665 Peigiclgelggeillum
814 5525 887 5583 de
916 5525 1240 5583 Festivitat.
1278 5528 1423 5598 Aug.
1457 5526 1556 5585 lib.
1588 5542 1707 5584 χχιι
1736 5527 1808 5586 de
1849 5531 1967 5591 Civ.
2007 5532 2129 5605 Dei,
2158 5546 2287 5604 cap.
2329 5536 2381 5588 8.
2416 5532 2495 5586 De
2538 5528 2626 5586 his
2665 5528 2721 5584 in
2756 5528 2943 5600 gestis
2985 5529 3169 5589 sancti
3207 5527 3523 5589 Marcellini
3560 5529 3620 5583 et
