3992 6170
359 293 493 384 ass

1443 317 1500 375 S.
1543 313 1800 373 ADONIS
1839 307 2276 370 ARCHIEPISC.
2319 310 2736 370 VIENNENSIS

3669 318 3774 379 ρει

388 453 633 531 deponis
653 452 824 514 istam
855 451 1140 512 insaniam
1174 449 1434 525 pectoris
1453 450 1556 521 tui,
1595 455 1661 508 ut
1691 448 1876 520 eligas
1903 445 2032 505 dies
2056 431 2113 494 Α
2142 463 2282 522 pore
2313 447 2545 522 quidam
2574 447 2920 510 Vincentius
2947 447 3196 523 nomine,
3229 465 3588 510 nummorum
3617 465 3774 512 arca-

388 545 573 605 bonos
584 549 642 602 et
652 543 962 618 iucundos,
979 547 1036 600 et
1053 541 1300 600 diversis
1313 539 1622 598 tormentis
1633 552 1850 610 corpus
1864 539 2027 594 tuum

388 649 502 693 non
520 633 886 693 macerctur?
903 633 1117 689 Beatus
1145 631 1472 688 Felicianus
1497 628 1680 686 dixit:
1716 625 2028 697 Octoginta

389 738 570 782 annos
584 723 722 780 vitae
738 723 944 792 habeo,
965 735 1070 779 sun
1080 724 1218 791 tque
1235 719 1367 776 anni
1387 717 1630 788 triginta
1646 715 1800 788 quod
1821 714 2026 786 agnovi

393 813 701 870 veritatem
723 811 846 882 Dei,
867 813 928 866 et
949 809 1092 866 nihil
1112 809 1183 866 de
1203 807 1618 865 blandimentis
1636 805 1810 878 hujus
1830 803 2028 862 mundi

391 900 677 972 cogitans,
691 898 843 970 elegi
863 899 1086 956 servire
1100 897 1362 956 Creatori
1379 911 1524 967 meo,
1539 899 1760 954 mterno
1773 891 1926 950 omni
1933 907 2032 964 po-

393 990 538 1046 tenti
561 991 696 1047 Deo.
711 990 869 1047 Tunc
886 1002 1106 1061 praises
1121 987 1300 1059 jussit
1317 1001 1448 1044 eum
1461 984 1630 1056 ligari
1647 984 1716 1040 ad
1739 982 2026 1054 stipitem,

392 1083 452 1137 et
470 1079 712 1138 aculeos
731 1080 788 1136 in
808 1079 1074 1136 manibus
1087 1079 1216 1150 ejus
1235 1093 1302 1135 ac
1322 1077 1570 1150 pedibus
1587 1075 1704 1146 figi,
1721 1075 1781 1130 et
1795 1073 1892 1130 diu
1914 1075 2032 1128 tor-

393 1169 581 1242 queri.
625 1170 696 1227 Et
715 1185 820 1242 per
854 1173 980 1226 tres
1027 1167 1154 1226 dies
1196 1181 1384 1240 neque
1419 1181 1586 1238 aqua,
1626 1178 1814 1236 neque
1849 1160 2030 1218 ullum

391 1273 578 1330 genus
594 1258 710 1316 cibi
731 1257 786 1314 ei
809 1257 1205 1314 ministratum
1227 1261 1334 1314 est.
1358 1257 1615 1328 Cumque
1645 1269 1749 1326 per
1771 1251 2030 1308 triduum

390 1347 666 1405 continuo
697 1351 958 1404 maneret
989 1346 1046 1402 in
1078 1346 1178 1402 Dei
1210 1343 1694 1416 laudibus,jussit
1721 1355 1853 1400 eum
1886 1353 2031 1412 prae-

395 1451 488 1494 ses
517 1434 766 1506 ﬂagellis
811 1435 988 1503 cadi;
1029 1439 1088 1492 et
1128 1435 1200 1493 de
1239 1434 1445 1507 stipite
1488 1434 1572 1491 sic
1614 1429 1846 1504 deponi,
1880 1431 1940 1485 et
1974 1427 2028 1484 in

361 1524 665 1582 'custodia
724 1523 986 1590 recludi;
1045 1539 1112 1581 ac
1170 1522 1538 1596 postmodum
1600 1517 1883 1593 applicari
1917 1515 2050 1595 sibi.

395 1616 660 1671 sanctum
691 1614 967 1670 Primum.
1002 1613 1181 1680 Quem
1211 1611 1592 1670 validissimis
1629 1609 1882 1667 fustibus
1925 1619 2034 1662 cae-

393 1716 541 1772 sum,
576 1701 788 1759 deinde
820 1701 877 1757 in
908 1701 1160 1774 equuleo
1205 1701 1480 1771 levatum,
1525 1697 1826 1770 lampades
1871 1694 2030 1752 circa

2138 538 2281 610 rius,
2316 539 2682 610 comperiens
2711 539 2994 607 vicarium
3020 541 3316 598 Cerealem
3364 541 3775 602 Christianum-

2137 626 2326 686 iratus
2356 628 2527 686 valde
2565 630 2856 688 nuntiavit
2887 631 2995 688 hoc
3035 631 3304 688 Adriano.
3343 631 3451 698 Qui
3473 647 3600 688 mox
3633 633 3776 692 Lici-

2137 718 2295 775 nium
2315 718 2681 777 consularem
2701 719 2938 792 direxit,
2962 723 3028 778 ut
3046 723 3276 778 teneret
3296 719 3589 778 Cerealem
3618 741 3630 777 :
3653 725 3772 794 qui,

2137 806 2186 863 si
2219 805 2516 864 immolare
2539 807 2740 881 nollet,
2776 809 3046 866 incendio
3076 812 3457 866 cremaretur.
3495 810 3631 866 Cum
3663 825 3776 882 quo

2141 896 2347 952 beatus
2377 897 2661 970 Getulius,
2695 901 2756 954 et
2789 899 3108 968 Amantius,
3143 901 3204 956 et
3252 898 3591 956 Primitivus
3633 900 3775 956 tenti

2139 989 2295 1041 sunt.
2330 985 2586 1044 Licinius
2611 987 2940 1044 consularis
2971 986 3191 1044 Cereali
3221 987 3439 1044 vicario
3460 987 3610 1044 dixit
3641 1007 3653 1042 :
3689 988 3780 1046 Sic

2141 1074 2468 1147 desperasti
2509 1075 2580 1132 de
2610 1077 2729 1132 v‘ta
2756 1079 2874 1147 tua,
2901 1080 2964 1134 ut
2983 1080 3275 1149 prmeepta
3309 1077 3658 1150 principum,
3683 1079 3779 1148 qui

2140 1163 2512 1222 dominantur
2526 1165 2580 1220 in
2595 1165 2869 1222 universo
2883 1166 3095 1222 mundo
3107 1170 3479 1222 contemnere
3491 1166 3784 1224 videaris?

2141 1251 2242 1310 Cui
2269 1253 2476 1310 beatus
2517 1255 2811 1312 Cerealis:
2856 1257 2925 1311 Et
2973 1255 3280 1313 thesauros
3313 1254 3575 1328 publicos
3605 1255 3784 1313 decli-

2141 1340 2374 1398 natione
2423 1342 2680 1414 perfecta
2724 1343 2936 1400 tradidi
2988 1343 3043 1400 in
3079 1343 3395 1416 publicum,
3440 1349 3500 1400 et
3542 1345 3784 1402 Domino

2135 1431 2268 1488 Jesu
2283 1429 2511 1488 Christo
2525 1433 2746 1488 servire
2769 1432 3066 1505 promitto,
3081 1438 3140 1490 et
3155 1433 3244 1490 via
3261 1437 3538 1492 aeternam
3558 1445 3651 1491 me
3674 1433 3785 1490 frui

2140 1521 2338 1578 credo.
2375 1520 2626 1579 Licinius
2646 1521 2830 1578 dixit:
2857 1522 2912 1577 Si
2945 1521 3246 1580 desideras
3277 1523 3493 1595 vivere,
3518 1539 3588 1581 an
3614 1525 3783 1595 mori,

2142 1607 2338 1666 dicito.
2376 1609 2476 1666 Cui
2511 1611 2718 1668 beatus
2747 1609 3003 1667 Cerealis
3035 1631 3048 1666 :
3091 1612 3210 1682 Ego
3251 1611 3299 1668 si
3342 1626 3452 1668 non
3488 1613 3790 1670 desidera-

2143 1711 2262 1753 rem
2294 1697 2512 1770 vivere,
2539 1699 2832 1758 Christum
2856 1714 2966 1757 non
3001 1701 3334 1758 confiterer.
3359 1703 3514 1760 Tunc
3543 1717 3790 1760 conver-

393 1789 579 1849 latera
609 1789 736 1861 ejus
759 1791 942 1862 jussit
969 1791 1200 1863 apponi,
1225 1793 1286 1847 et
1308 1789 1640 1862 depositum
1668 1787 1740 1844 de
1758 1785 2027 1858 equuleo,
2060 1791 2114 1852 B
2146 1801 2248 1844 sus
2277 1785 2348 1842 ad
2381 1793 2646 1845 sanctum
2679 1788 3264 1862 Getulium,Licinius
3285 1789 3434 1846 dixit
3461 1809 3473 1846 :
3506 1791 3788 1849 Sacriﬂca

395 1879 682 1952 praecepit
712 1879 992 1950 reliquari
1010 1878 1306 1951 plumbum
1343 1891 1522 1951 super
1555 1877 1787 1935 beatum
1821 1877 2032 1945 marty-

394 1982 516 2025 rem
539 1969 867 2037 extensum,
893 1971 951 2023 et
989 1966 1243 2024 bulliens
1277 1967 1332 2023 in
1364 1982 1430 2023 os
1451 1966 1578 2037 ejus
1605 1964 1852 2022 infundi.
1877 1965 2032 2020 Tunc

392 2055 534 2114 fecit
554 2059 903 2128 praesentem
919 2070 1047 2113 esse
1062 2057 1295 2113 beatum
1315 2052 1810 2113 Felicianum.Sed
1825 2067 1954 2110 cum
1974 2051 2031 2106 in

394 2144 710 2204 victissimi
727 2145 1116 2216 persisterent
1131 2145 1320 2202 sancti
1339 2148 1644 2215 martyres,
1661 2141 2036 2213 angustiatus

395 2252 619 2312 praeses
643 2239 817 2312 jussit
847 2253 950 2296 eos
979 2238 1049 2294 ad
1074 2235 1564 2307 amphitheatrum
1599 2232 1754 2303 duci,
1796 2235 1857 2287 et
1887 2230 2036 2286 duos

397 2326 596 2384 leones
638 2327 726 2386 eis
777 2326 1016 2384 dimitti.
1074 2325 1298 2392 Quibus
1355 2323 1424 2380 ad
1486 2323 1664 2395 pedes
1695 2323 2034 2379 sanctorum

398 2415 727 2484 ruentibus,
761 2413 941 2470 laxati
974 2417 1108 2471 sunt
1139 2417 1200 2468 et
1246 2411 1366 2468 ursi
1415 2409 1767 2468 ferocissimi
1798 2427 1811 2464 :
1839 2407 1944 2464 sed
1974 2409 2033 2462 et

396 2502 510 2574 ipsi
541 2507 860 2572 martyrum
883 2502 1104 2559 virtute
1133 2500 1416 2558 szevitiam
1449 2497 1850 2570 perdiderunt.
1869 2495 2033 2563 Quod

395 2591 664 2650 videntes
683 2591 740 2648 hi
765 2591 863 2662 qui
887 2590 958 2648 ad
974 2587 1376 2662 spectaculum
1391 2592 1692 2657 venerant,
1711 2601 1855 2658 pene
1878 2585 2036 2642 mille

397 2680 700 2754 quingenti
757 2679 867 2737 viri
919 2677 1220 2736 miraculis
1262 2676 1540 2750 perculsi,
1565 2675 1946 2734 crediderunt
1979 2675 2034 2730 in

394 2769 638 2827 Domino
665 2769 800 2827 Iesu
834 2768 1082 2826 Christo.
1118 2769 1328 2825 Verum
1376 2781 1595 2839 praeses
1625 2779 1755 2824 cum
1806 2764 2038 2836 insupe-

395 2856 612 2916 rabiles
642 2873 745 2916 eos
771 2861 1064 2927 cerneret,
1096 2855 1291 2928 gladio
1323 2854 1705 2912 animadverti
1732 2854 2032 2926 praecepit.

395 2947 650 3014 Quorum
679 2961 926 3020 corpora
959 2949 1135 3003 noctu
1169 2960 1199 3003 a
1223 2943 1573 3002 Christianis
1603 2943 1879 3000 fidelibus
1907 2957 2038 3014 rap-

391 3039 474 3104 ta,
509 3033 738 3108 sepulta
767 3039 900 3092 sunt
950 3035 1020 3091 ad
1055 3036 1240 3092 Arcus
1286 3035 1698 3102 Numentanos,
1730 3031 1882 3088 intra
1912 3045 2037 3088 are-

2142 1875 2251 1932 deo
2270 1875 2396 1932 Jovi
2426 1879 2486 1934 et
2517 1877 2702 1934 Marti.
2731 1879 2906 1950 Cujus
2933 1879 3112 1936 verba
3145 1879 3277 1936 risit
3303 1879 3512 1938 beatus
3539 1883 3784 1954 martyr.

2143 1964 2398 2022 Licinius
2424 1981 2564 2024 vero
2595 1981 2880 2025 accensus
2901 1968 3007 2038 ira,
3027 1967 3206 2038 jussit
3236 1968 3707 2041 eosexspoliari,
3731 1975 3791 2026 et

2144 2053 2312 2124 caedi,
2346 2054 2556 2112 deinde
2589 2057 2644 2112 in
2695 2071 2992 2114 carcerem
3043 2057 3252 2114 diebus
3302 2057 3509 2128 viginti
3558 2063 3789 2130 septem

2146 2143 2393 2200 recludi.
2419 2146 2490 2201 Et
2512 2145 2752 2202 veniens
2777 2147 3030 2217 Romam,
3068 2145 3321 2203 Adriano
3361 2147 3432 2204 de
3459 2147 3546 2204 eis
3569 2147 3790 2205 iterum

2143 2230 2436 2288 innotuit:
2462 2233 2748 2304 quijussit
2768 2248 2868 2292 eos
2889 2234 3158 2292 incendio
3183 2234 3356 2292 tradi.
3384 2235 3633 2293 Sanetus
3651 2250 3792 2293 vero

2147 2319 2412 2377 Getulius
2425 2337 2552 2378 cum
2569 2322 2700 2393 igne
2714 2338 2778 2380 su
2789 2324 3140 2395 perviveret,
3157 2323 3412 2381 fustibus
3425 2322 3578 2382 illiso
3591 2326 3794 2397 capite

2145 2408 2484 2478 martyrium
2509 2409 2839 2482 complevit.
2867 2411 3256 2469 Consummati
3292 2414 3429 2469 sunt
3455 2411 3611 2468 beati
3636 2427 3794 2469 mar-

2146 2500 2306 2566 tyres
2329 2498 2384 2553 in
2410 2497 2586 2556 fundo
2605 2500 2922 2572 Capreolis,
2947 2501 3038 2556 via
3062 2500 3302 2571 Salaria,
3329 2501 3402 2557 ab
3437 2501 3582 2558 urbe
3605 2501 3791 2558 Roma

2145 2585 2278 2658 plus
2311 2587 2500 2644 minus
2529 2587 2802 2646 milliario
2833 2589 3058 2646 decimo
3107 2590 3304 2659 tertio,
3339 2604 3516 2662 supra
3546 2589 3794 2648 ﬂuvium

2144 2675 2489 2746 Tiberim,et
2514 2677 2568 2733 in
2595 2681 2794 2750 partes
2818 2678 3210 2735 Aviniensium
3235 2679 3337 2750 [αἱ.
3356 2679 3412 2734 in
3437 2683 3604 2752 parte
3627 2679 3797 2736 Sabi-

2147 2764 2452 2836 ncnsium].
2472 2765 2726 2832 Quorum
2769 2781 3012 2839 corpora
3045 2765 3284 2837 collegit
3317 2768 3487 2824 beata
3513 2767 3642 2838 Sym
3655 2769 3797 2841 pho-

2148 2865 2300 2924 rosa,
2317 2868 2464 2910 uxor
2478 2854 2632 2911 beati
2648 2853 2859 2911 Getulii
2875 2855 3166 2926 martyris.
3187 2855 3325 2922 Qum
3342 2870 3451 2912 non
3467 2854 3638 2926 longe
3661 2862 3796 2928 post

2147 2956 2277 2998 cum
2301 2947 2525 3014 septem
2548 2943 2672 3000 suis
2697 2943 2832 3001 filiis
2872 2943 3296 3014 martyrizavit,
3329 2943 3608 3001 videlicet
3630 2946 3796 3016 vige-

2148 3029 2294 3086 simo
2316 3031 2563 3102 septimo
2586 3030 2679 3087 die
2703 3031 3102 3088 mensisJunii.
3121 3033 3189 3087 Et
3205 3030 3432 3103 sepulta
3445 3035 3537 3089 est
3558 3031 3615 3087 in
3644 3049 3795 3103 prae-

392 3122 642 3193 narium,
672 3123 878 3194 quinto
910 3122 1045 3179 ldus
1069 3121 1244 3190 Junii,
1279 3121 1352 3176 ab
1377 3121 1520 3177 urbe
1552 3121 1729 3177 Roma
1761 3119 2034 3176 milliario
2063 3135 2114 3201 α
2148 3115 2226 3174 lio
2247 3133 2372 3190 suo,
2401 3119 2457 3175 in
2480 3119 2761 3176 Arenario
2785 3119 2912 3178 loco
2941 3124 3002 3177 et
3023 3121 3237 3194 oppido
3268 3135 3444 3194 supra
3467 3121 3788 3179 nominato.

393 3210 851 3284 quartodecimo.

463 3299 524 3356 In
557 3297 778 3370 Galliis,
813 3297 1055 3356 civitate
1078 3295 1324 3368 Aginno,
1352 3295 1482 3355 loco
1505 3296 1872 3369 Pompeiano,
1909 3311 2036 3370 pas-

394 3385 480 3446 sio
510 3387 701 3446 sancti
731 3387 1023 3445 Vincentii
1055 3385 1251 3444 levitze
1277 3390 1338 3442 et
1359 3385 1655 3458 martyris.

918 3511 982 3567 ϐ.
1016 3511 1086 3568 IV
1119 3511 1279 3569 IDUS
1305 3512 1502 3568 JUNII.

1066 3618 1158 3692 (40
1185 3618 1358 3690 Jun.)

461 3723 658 3784 Romae
684 3722 778 3780 via
809 3721 1064 3795 Aurelia,
1094 3722 1367 3782 milliario
1389 3723 1614 3782 decimo
1638 3723 1836 3796 tertio,
1873 3729 2034 3782 nata-

391 3811 466 3872 lis
495 3815 831 3872 sanctorum
863 3812 1153 3884 Basilidis,
1186 3812 1472 3886 Tripodis,
1506 3817 1568 3870 et
1597 3813 1896 3884 Mandalis,
1923 3814 2032 3871 sub

389 3900 704 3960 Aureliano
730 3901 1103 3975 imperatore,
1130 3901 1382 3974 praeside
1407 3901 1670 3973 Platone,
1704 3905 1764 3959 et
1785 3902 2031 3960 aliorum

385 3990 593 4061 viginti
633 3994 972 4062 martyrum.

351 4123 354 4127 λ
459 4079 672 4137 Eodem
721 4079 814 4136 die
862 4077 1056 4136 natale
1097 4078 1252 4136 beati
1303 4077 1516 4135 Getulii
1562 4078 1858 4150 martyris,
1891 4082 2032 4137 tem-

391 4182 534 4241 pore
575 4167 812 4224 Adriani
865 4166 1340 4239 imperatoribus,
1387 4167 1497 4225 sub
1537 4165 1736 4238 judice
1789 4167 2026 4226 Licinio.

392 4255 580 4313 Hicin
611 4255 764 4312 omni
809 4255 935 4326 lege
983 4254 1177 4312 divina
1223 4258 1352 4312 erat
1407 4255 1804 4328 doctissimus,
1837 4260 1898 4313 et
1926 4272 2030 4330 per

385 4344 514 4416 ejus
539 4343 866 4402 doctrinam
896 4343 1064 4402 multi
1097 4343 1153 4400 in
1187 4345 1300 4402 fide
1330 4345 1546 4402 Christi
1580 4345 2022 4404 erudiebantur.

2630 3245 2695 3298 A.
2749 3244 2820 3300 III
2879 3244 3038 3301 IDUS
3089 3245 3286 3302 JUNII.

2816 3350 2903 3422 (Η
2935 3351 3108 3422 Jun.)

2212 3467 2241 3498 α
2271 3456 2493 3516 Natalis
2523 3458 2711 3515 sancti
2745 3457 3022 3514 Barnabas
3053 3455 3324 3530 apostoli,
3357 3457 3526 3528 cujus
3564 3473 3792 3532 corpus

2144 3551 2405 3620 tempore
2433 3546 2680 3604 Zenonis
2701 3546 3072 3620 imperatoris
3102 3545 3228 3620 ipso
3251 3545 3550 3604 revelante
3582 3563 3791 3622 reper-

2143 3641 2264 3696 tum
2296 3640 2406 3694 est.

2214 3727 2426 3784 Eodem
2457 3725 2550 3784 die
2581 3725 2734 3800 apud
2757 3725 3114 3797 Corinthum,
3141 3724 3330 3783 sancti
3356 3725 3791 3796 Sosthenis,di-

2142 3815 2354 3890 scipuli
2388 3815 2576 3874 sancti
2607 3814 2770 3872 Pauli
2795 3813 3066 3886 apostoli.

2214 3907 2380 3978 Apud
2404 3904 2746 3978 Aquileiam,
2774 3903 2966 3960 natale
2989 3905 3324 3960 sanctorum
3339 3905 3666 3974 martyrum
3693 3905 3792 3961 Fe-

2141 3993 2273 4052 licis
2304 3997 2366 4050 et
2396 3991 2720 4062 Fortunati,
2755 3992 2864 4048 sub
2906 3989 3315 4064 persecutione
3345 3989 3702 4048 Diocletiani
3733 3993 3794 4048 et

2141 4079 2464 4138 Maximiani
2512 4081 2952 4152 imperatorum,
2987 4077 3236 4150 praeside
3283 4077 3625 4151 Euphemio.
3678 4079 3786 4147 Qui

2140 4185 2270 4227 cum
2299 4172 2499 4226 essent
2526 4167 2784 4239 germani
2826 4167 3040 4224 fratres
3071 4165 3184 4223 fide
3215 4165 3430 4222 Christi
3457 4165 3786 4238 ferventes,

2139 4259 2440 4316 deferente
2463 4255 2721 4328 Apamio,
2738 4253 2836 4328 qui
2857 4258 2986 4311 erat
3007 4267 3159 4311 unus
3179 4267 3254 4310 ex
3273 4252 3462 4311 ofﬁcio
3485 4254 3788 4326 praesidis,

2137 4347 2290 4404 vinci
2306 4347 2478 4415 ferro,
2496 4343 3006 4416 Aquileiamjudici
3021 4341 3336 4414 Euphemio
3350 4341 3786 4414 perducuntur.

387 4431 564 4504 Cujus
595 4433 800 4490 famam
827 4433 1118 4491 Adrianus
1147 4433 1464 4506 imperator
1507 4434 1772 4506 audiens,
1807 4435 2026 4493 direxit
2053 4487 2105 4506 η
2138 4436 2387 4492 Ubicum
2403 4433 2692 4490 Christum
2714 4431 3190 4490 constantissime
3213 4431 3793 4501 faterentur,abira-

386 4487 974 4580 Cerealemvicarium
995 4521 1067 4579 ad
1098 4487 1412 4580 tenendum
1441 4537 1592 4582 cum.
1627 4523 1734 4592 Qui
1756 4487 2018 4595 veniens,
2052 4487 2107 4549 Β
2139 4521 2413 4594 tojudice
2437 4520 2756 4595 primumin
2777 4519 3028 4592 equuleo
3049 4521 3186 4576 sunt
3209 4517 3501 4590 suspensi,
3519 4516 3793 4576 ardenti-

384 4614 651 4671 sanctum
664 4609 953 4670 Getulium
969 4611 1291 4683 sedentem,
1305 4616 1367 4669 et
1380 4611 1684 4670 docentem
1698 4612 1914 4671 multos
1936 4629 2025 4672 re-

385 4699 557 4773 perit.
608 4701 822 4758 Fuerat
857 4703 1052 4757 autem
1097 4699 1248 4757 idem
1299 4700 1556 4758 Cerealis
1596 4701 1652 4758 in
1700 4705 2022 4774 conspectu

385 4788 622 4846 Adriani
655 4803 786 4848 cum
808 4789 989 4846 fratre
1015 4789 1172 4846 beati
1193 4788 1407 4848 Getulii
1431 4789 1698 4847 Amantio
1717 4793 2019 4861 acceptus,

385 4877 689 4936 Amantius
732 4891 874 4936 vero
921 4877 1214 4948 tribunus,
1245 4879 1320 4935 ob
1363 4881 1578 4936 metum
1625 4877 1860 4934 Adriani
1893 4877 2024 4934 abs-

383 4981 598 5026 census
611 4957 854 5038 latebat,
872 4980 1040 5038 quem
1073 4965 1297 5024 Cereali
1322 4967 1530 5025 beatus
1543 4965 1809 5024 Getulius
1831 4964 2024 5024 decla-

384 5055 554 5114 ravit.
589 5055 712 5126 Ille,
743 5070 814 5112 eo
861 5053 1007 5126 viso,
1037 5054 1278 5127 gavisus
1323 5059 1416 5113 est
1463 5053 1652 5125 valde,
1685 5058 1746 5112 et
1773 5055 2027 5112 instruc-

385 5145 482 5198 tus
511 5142 828 5214 diligenter
849 5143 922 5202 de
947 5143 1187 5202 Domino
1205 5145 1344 5202 Iesu
1366 5145 1439 5201 ab
1459 5143 1566 5213 eis,
1591 5158 1721 5202 cum
1747 5143 1862 5215 jam
1892 5143 2028 5200 ﬁde-

389 5227 528 5286 liter
544 5232 837 5304 crederet,
859 5237 1149 5291 venerunt
1167 5232 1238 5290 ad
1260 5233 1462 5290 urbem
1482 5233 1735 5304 Romam,
1751 5237 1812 5290 et
1832 5247 2030 5291 accer-

385 5315 503 5374 sito
535 5317 708 5376 beato
736 5319 900 5378 Sixto
939 5321 1236 5394 episcopo,
1269 5320 1719 5391 assignaverunt
1755 5320 1810 5377 ei
1839 5319 2029 5378 locum

392 5405 488 5462 ubi
519 5405 942 5480 baptizaretur.
977 5411 1156 5478 Quem
1207 5411 1416 5467 beatus
1446 5409 1646 5468 Sixtus
1672 5424 1811 5468 vere
1840 5409 2032 5466 Cbris-

384 5494 599 5553 tianam
649 5495 820 5555 ﬁdem
887 5503 1175 5558 amantem
1237 5497 1578 5572 baptizavit.
1625 5499 1836 5557 Eodem
1889 5503 2027 5557 tem.

450 5629 480 5661 ι
507 5621 650 5682 Vide
682 5622 944 5684 libellum
972 5625 1044 5683 de
1073 5625 1226 5683 Fest.
1263 5625 1462 5700 Apost.

2142 4611 2628 4684 buslampadibus
2641 4609 2796 4668 circa
2822 4608 3006 4665 latera
3029 4606 3336 4680 appositis,
3355 4606 3458 4664 sed
3472 4621 3604 4664 mox
3631 4607 3792 4680 psal-

2133 4699 2392 4758 lentihus
2406 4699 2762 4770 martyribus
2772 4696 3106 4766 exstinctis,
3122 4695 3256 4753 inde
3272 4711 3376 4768 per
3389 4700 3658 4752 ventrem
3675 4697 3791 4754 fer-

2136 4789 2294 4846 venti
2317 4789 2446 4846 oleo
2469 4785 2783 4858 superfusi,
2801 4785 2872 4842 ad
2889 4784 3175 4854 ultimum,
3193 4799 3324 4842 cum
3337 4784 3394 4840 in
3409 4785 3790 4842 confessione

2136 4877 2352 4935 Christi
2375 4876 2677 4945 durarent,
2705 4875 2858 4932 foras
2889 4873 3190 4932 civitatem
3223 4872 3408 4943 ducti,
3433 4872 3504 4929 ad
3539 4873 3790 4930 ﬂuvium

2133 4965 2471 5038 quicivitati
2496 4964 2744 5034 adjacet,
2770 4962 2963 5036 capite
2982 4965 3350 5019 truncantur.
3370 4961 3509 5018 Inde
3540 4965 3725 5019 nocte
3756 4975 3788 5017 a

2139 5053 2431 5126 religiosis
2449 5053 2592 5110 viris
2614 5052 2874 5123 ejusdem
2891 5051 3057 5110 urbis
3071 5050 3352 5123 Aquileiae
3375 5050 3485 5108 sub
3506 5050 3792 5107 aromati-

2139 5145 2248 5202 bus
2276 5145 2336 5200 et
2360 5141 2798 5199 linteaminibus
2821 5139 3090 5211 involuti,
3115 5139 3296 5196 ablati
3321 5143 3458 5197 sunt
3487 5142 3668 5211 atque
3696 5153 3794 5196 se-

2139 5231 2306 5304 pulti.
2342 5233 2416 5288 At
2445 5229 2606 5287 cives
2635 5229 2876 5286 Vieetiaa
2898 5228 3402 5300 supervenientes,
3427 5241 3629 5284 eorum
3652 5241 3794 5284 cor-

2138 5335 2278 5394 pora
2311 5319 2635 5393 perducere
2666 5318 2737 5375 ad
2771 5331 2932 5374 suam
2973 5316 3274 5374 civitatem
3317 5315 3786 5372 meditabantur.

2138 5413 2257 5468 Non
2273 5407 2750 5483 permittentibus
2763 5410 2955 5464 autem
2971 5403 3442 5477 Aquileensibus,
3457 5407 3519 5460 et
3531 5401 3791 5460 multum

2139 5496 2556 5568 renitentibus,
2574 5495 2806 5554 tandem
2829 5493 2924 5568 pia
2935 5492 3237 5553 contentio
3250 5493 3329 5549 ita
3345 5491 3506 5549 ﬁnita
3518 5493 3610 5548 est
3629 5493 3789 5548 nutu
