3992 6170
263 323 358 379 285
1022 318 1625 377 MARTYROLOGIUM
1667 321 1808 377 CUM
1850 318 2376 378 ADDITAMEN’I‘IS.
2419 350 2488 358 —
2526 317 2711 374 MENS
2745 319 2890 374 IUN.

3552 314 3659 372 286

263 439 477 515 divino,
514 444 580 500 ut
607 441 857 500 Felicem
887 440 1160 514 Vicetini,
1194 445 1573 503 Fortunatum
1614 445 1896 502 haberent
1930 445 1983 505 A
2012 463 2135 505 eam
2176 447 2233 503 in
2266 447 2582 504 tenebroso
2620 443 2812 503 claudi
2854 442 3146 516 cubiculo,
3190 445 3315 503 sine
3355 444 3509 517 cibo,
3554 459 3658 519 per

263 531 669 604 Aquileienses
688 551 700 586 :
719 531 798 588 ita
818 535 1034 605 tamen,
1057 536 1120 589 ut
1139 538 1312 606 caput
1338 534 1907 605 beatiFelicisAqui-

263 621 388 689 leia,
425 624 609 693 caput
634 636 775 676 vero
806 622 1110 679 Fortunati
1140 623 1363 680 Vicetia
1384 624 1718 680 sortiretur.
1742 621 1903 690 Quod

262 712 474 768 factum
497 711 553 766 in
575 709 803 767 laudem
823 710 1048 767 Domini
1083 706 1264 768 nostri
1295 714 1433 769 Jesu
1467 712 1681 770 Christi
1717 727 1904 784 usque

260 799 428 856 hodie
462 804 787 871 permanet.

712 899 771 954 Β.
804 900 1042 956 PRIDIE
1074 900 1232 957 IDUS
1259 901 1457 956 JUNII.

934 988 1027 1059 (42
1052 990 1223 1061 Jun.)

327 1075 636 1133 Mediolani
656 1076 851 1134 natale
874 1083 1209 1135 sanctorum
1232 1083 1551 1149 martyrum
1584 1079 1814 1137 Nazarii
1846 1083 1908 1137 et

263 1166 410 1223 Celsi
447 1167 637 1238 pueri.
672 1167 833 1224 Beati
865 1168 1094 1225 Nazarii
1129 1171 1297 1240 pater
1343 1169 1669 1240 Africanus,
1719 1174 1907 1227 mater

261 1270 393 1311 vero
416 1257 733 1327 Perpetua,
758 1257 929 1313 beato
947 1259 1123 1313 Petro
1141 1256 1407 1330 apostolo
1441 1258 1722 1330 baptizati
1746 1279 1758 1314 :
1782 1259 1906 1331 ipse

258 1360 392 1401 vero
410 1348 659 1402 sanctus
678 1346 960 1402 Nazarius
979 1362 1008 1402 a
1032 1352 1235 1405 sancto
1260 1347 1554 1405 Clemente
1574 1347 1906 1407 instructus

259 1437 315 1488 et
333 1434 677 1505 baptizatus
696 1439 807 1491 est.
833 1436 1011 1502 Quem
1034 1436 1312 1494 Anolinus
1331 1439 1438 1494 sub
1456 1438 1618 1494 rabie
1636 1452 1937 1511 persecug

259 1522 432 1580 tionis
453 1538 585 1594 qua
604 1539 709 1595 per
728 1525 1009 1581 Neronem
1030 1525 1285 1583 excitata
1308 1528 1416 1595 est,
1436 1526 1533 1582 diu
1550 1530 1906 1584 maceratum

257 1615 309 1666 et
330 1611 614 1669 amictum
635 1613 694 1669 in
712 1629 972 1685 carcere,
1003 1618 1064 1670 et
1091 1630 1221 1671 cum
1252 1630 1320 1672 eo
1353 1616 1750 1673 beatissimum
1785 1616 1909 1673 Cel-

257 1717 378 1758 sum
405 1717 678 1774 puerum,
705 1718 873 1773 quem
893 1703 1045 1760 idem
1067 1704 1194 1775 ipse
1210 1704 1522 1775 nutrierat,
1537 1704 1731 1775 gladio
1746 1704 1906 1763 feriri

250 1791 445 1863 jussit.
470 1791 730 1857 Quorum
756 1807 1000 1864 corpora
1021 1792 1337 1849 Christiani
1358 1793 1555 1865 furati,
1581 1795 1784 1866 quinto
1803 1798 1904 1853 Ka-
1938 1813 1990 1872 Β

256 1878 456 1937 lendas
470 1880 724 1950 Augusti
742 1880 1107 1953 sepelierunt
1122 1882 1263 1938 foris
1279 1888 1525 1953 portam,
1544 1897 1672 1954 qua
1687 1883 1907 1942 dicitur

257 1970 534 2041 Romana,
569 1970 626 2025 in
659 1971 917 2043 propriis
957 1970 1164 2027 hortis.
1208 1970 1569 2048 Revelabant
1608 1977 1800 2029 autem
1844 1988 1904 2031 se

257 2059 582 2116 beatissimi
630 2063 918 2131 martyres
967 2059 1195 2116 cuidam
1244 2061 1474 2118 Ceratio
1516 2062 1765 2133 nomine,
1810 2062 1903 2119 cui

254 2164 398 2205 uxor
432 2150 775 2219 Fortunata,
810 2153 870 2205 et
905 2164 1006 2220 per
1036 2149 1224 2205 visum
1257 2155 1597 2207 monuerant
1623 2166 1684 2207 se
1711 2150 1906 2208 occul-

253 2238 362 2293 tari
384 2241 635 2310 propter
656 2237 874 2294 rabiem
898 2238 1325 2311 persecutionis
1343 2255 1511 2311 quam
1526 2241 1677 2297 Nero
1693 2240 1903 2311 impius

252 2327 645 2383 excitaverat.
666 2329 1141 2384 Latucruntvcro
1158 2343 1336 2399 usque
1353 2328 1423 2384 ad
1444 2332 1701 2401 tempora
1722 2331 1906 2385 Itono-

253 2415 323 2471 rii
347 2420 404 2471 ct
428 2416 667 2472 Arcadii
696 2416 1133 2488 imperatorum.
1161 2417 1314 2483 Quos
1336 2418 1541 2475 beatus
1565 2419 1903 2476 Ambrosius

256 2505 497 2561 Domino
519 2504 822 2562 revelante
839 2505 1078 2578 reperit.
1096 2507 1397 2562 Patefacto
1415 2511 1606 2563 autem
1628 2508 1903 2579 sepulcro

252 2592 308 2649 in
343 2609 458 2665 quo
485 2595 723 2666 jacebat
761 2609 976 2665 corpus
1016 2595 1202 2651 sancti
1240 2596 1467 2652 Nazarii
1509 2596 1630 2666 (qui
1674 2598 1904 2668 quando

254 2698 465 2754 passus
483 2683 683 2755 fuerit,
703 2688 766 2741 ut
782 2684 987 2741 scribit
1003 2700 1061 2740 sa
1073 2684 1548 2755 nctusPaulinus,
1568 2701 1747 2757 usque
1762 2690 1901 2745 tunc

255 2773 542 2845 temporis
557 2773 1615 2844 ignorabatur),videruntsanguinem
1632 2776 1903 2846 martyris

257 2859 343 2917 ita
363 2865 659 2918 recentem
694 2862 793 2933 qui
828 2866 1149 2934 prasentes
1179 2866 1367 2932 erant,
1396 2863 1556 2933 quasi
1576 2864 1776 2919 eodem
1808 2864 1902 2921 die

256 2949 462 3006 fuisset
493 2949 732 3007 effusus.
772 2951 957 3022 Caput
990 2951 1165 3006 etiam
1198 2950 1399 3021 ipsius,
1433 2950 1582 3021 quod
1618 2952 1688 3006 ab
1711 2951 1904 3023 impiis

255 3039 445 3095 fuerat
467 3040 814 3110 abscissum,
838 3039 917 3095 ita
947 3039 1237 3111 integrum
1270 3043 1445 3110 atque
1478 3039 1898 3111 incorruptum,

2018 541 2239 611 septem
2263 534 2553 593 dies.lnde
2569 537 3040 607 perseverantem
3055 533 3110 589 in
3124 533 3487 593 confessione
3502 533 3662 591 Chri-

2018 628 2238 685 sticum
2253 626 2589 698 eiecissent,
2613 625 2908 681 duxerunt
2930 637 3055 679 eam
3075 622 3143 679 ad
3166 622 3424 693 virgines
3440 622 3655 693 Vesta,

2018 716 2215 787 ibique
2238 730 2342 788 per
2360 714 2582 772 alteros
2605 716 2828 787 septem
2848 710 2995 783 dies,
3018 712 3145 769 sine
3164 710 3294 769 cibo
3313 713 3653 784 permansit,

2017 820 2086 862 eo
2100 804 2255 875 quod
2271 802 2428 861 nulla
2444 803 2671 859 ratione
2691 803 2762 860 de
2781 817 2979 860 earum
2998 799 3268 858 manibus
3286 800 3479 857 cibum
3500 803 3659 871 pate-

2019 896 2184 950 retur
2211 892 2499 964 accipere.
2522 893 2662 949 Post
2684 891 2795 948 hoc
2818 889 3007 947 levata
3027 889 3083 946 in
3113 888 3425 961 equuleum
3453 886 3661 945 clama-

2020 983 2138 1052 bat,
2171 979 2583 1038 dicenszModo
2611 978 2762 1052 coepi
2790 979 2993 1036 videre
3020 982 3339 1035 amatorem
3361 991 3570 1045 meum,
3602 974 3659 1033 in

2020 1086 2134 1143 quo
2162 1083 2324 1127 amor
2345 1084 2508 1126 meus
2532 1068 2682 1127 ﬁxus
2711 1072 2821 1126 est.
2855 1069 3110 1139 Cumque
3136 1067 3189 1123 ei
3219 1068 3479 1123 tortores
3508 1064 3665 1121 dice-

2020 1162 2152 1216 rent
2169 1178 2181 1213 :
2198 1160 2351 1229 Nega
2366 1161 2424 1214 te
2448 1157 2855 1227 Christianam,
2882 1159 2942 1212 et
2963 1152 3300 1224 dimitteris,
3326 1152 3425 1210 illa
3454 1152 3665 1211 clama-

2021 1249 2121 1304 bat
2138 1267 2149 1301 :
2166 1248 2284 1318 Ego
2303 1261 2415 1304 non
2436 1246 2660 1316 negabo
2679 1248 2996 1301 amatorem
3015 1258 3202 1300 meum
3224 1241 3538 1311 Christum,
3563 1240 3660 1312 qui

1977 1342 1983 1349 '
2020 1339 2264 1409 propter
2280 1350 2369 1392 me
2391 1334 2524 1392 felle
2543 1334 2794 1404 cibatus,
2818 1336 2878 1390 et
2899 1336 3070 1390 aceto
3091 1334 3350 1405 potatus,
3368 1330 3554 1402 spinis
3567 1346 3663 1387 co-

2019 1428 2280 1493 renatus,
2314 1427 2376 1481 et
2406 1422 2725 1481 crucifixus
2741 1425 2852 1479 est.
2876 1422 3018 1477 Post
3038 1420 3160 1477 hac
3181 1419 3446 1491 deposita
3465 1422 3580 1487 est,
3602 1422 3665 1475 et

2020 1514 2385 1587 pracipitata
2417 1529 2472 1568 ιη
2507 1512 2784 1570 cloacam.
2822 1511 3070 1567 Sanctus
3097 1512 3289 1565 autem
3320 1507 3663 1564 Nicomedes

2020 1604 2330 1675 presbyter
2361 1601 2417 1656 in
2450 1600 2708 1673 speculis
2739 1599 2989 1672 positus,
3023 1593 3657 1665 occultelevaviteam,

2019 1694 2079 1747 et
2093 1705 2196 1762 per
2214 1695 2446 1747 noctem
2466 1690 2522 1745 in
2543 1690 2734 1745 birote
2763 1684 3039 1760 perduxit
3065 1686 3134 1742 ad
3167 1683 3441 1742 casellam
3473 1697 3657 1752 suam,
3760 1736 3767 1737 ,

2020 1780 2268 1852 septimo
2314 1782 2386 1836 ab
2426 1780 2570 1836 urbe
2608 1777 2902 1849 milliario,
2951 1775 3043 1833 via
3088 1774 3427 1844 Ardentina,
3464 1771 3663 1845 ibique

2016 1884 2141 1926 eam
2172 1869 2461 1943 sepelivit.
3280 1876 3288 1884 '
3332 1918 3346 1926 .

2444 1986 2508 2041 D.
2541 1984 2712 2041 XVIII
2743 1983 3038 2050 KALEND.
3073 1981 3266 2039 JULII.

2693 2090 2782 2161 (44
2809 2090 2980 2160 Jun.)

2086 2197 2259 2255 Elisei
2281 2198 2602 2271 propheta,
2626 2196 2761 2268 quid
2793 2196 2946 2268 apud
2978 2193 3291 2252 Samariam
3327 2192 3660 2262 Palestina,

2015 2302 2144 2359 qua
2177 2290 2383 2359 postea
2418 2286 2717 2355 Sebastea,
2751 2285 2807 2341 id
2839 2289 2933 2342 est
2964 2286 3245 2354 Augusta,
3286 2282 3344 2338 in
3383 2283 3660 2339 honorem

2016 2375 2262 2447 Augusti
2295 2375 2366 2432 ab
2397 2375 2626 2432 Herode
2657 2372 2857 2432 vocari
2889 2373 3087 2445 coepit,
3119 2372 3271 2429 situs
3310 2375 3422 2428 est.
3452 2370 3561 2427 Ubi
3600 2373 3663 2426 et

2015 2465 2233 2522 Abdias
2251 2464 2534 2537 propheta
2556 2462 2896 2534 requiescit,
2919 2466 2980 2519 et
2998 2477 3112 2533 quo
3126 2459 3476 2531 majorinter
3489 2461 3662 2516 natos

2014 2555 2322 2612 mulierum
2341 2569 2453 2611 non
2476 2553 2821 2611 fuitJoanne
2842 2551 3121 2624 Baptista.
3144 2549 3252 2606 Ubi
3284 2549 3355 2606 ad
3388 2546 3659 2620 sepulcra

2014 2647 2352 2701 sanctorum
2382 2644 2499 2697 tam
2539 2641 2834 2697 tremenda
2872 2641 3017 2696 fiunt
3043 2636 3344 2706 miracula,
3381 2639 3447 2695 ut
3478 2636 3660 2693 variis

2014 2731 2136 2789 illic
2150 2732 2444 2788 damones
2465 2729 2698 2800 rugiant
2717 2729 3101 2796 cruciatibus,
3122 2731 3182 2783 et
3200 2726 3465 2783 homines
3482 2727 3555 2782 ab
3572 2725 3661 2782 eis

2013 2820 2242 2878 obsessi
2274 2818 2588 2877 audiantur
2616 2816 2829 2875 ululari
2860 2816 3130 2888 luporum
3146 2814 3409 2883 vocibus,
3440 2812 3659 2869 latrare

2014 2924 2241 2977 canum,
2274 2909 2521 2963 fremere
2551 2906 2802 2975 leonum,
2838 2904 3078 2961 sibilare
3119 2900 3500 2973 serpentium,
3540 2916 3660 2958 mu-

2011 2998 2136 3068 gire
2159 2999 2478 3052 taurorum.
2503 2995 2835 3050 Cernuntur
2853 2990 2950 3048 alii
2974 2994 3172 3047 rotare
3187 2988 3432 3059 cespite,
3447 2992 3509 3045 et
3524 2991 3659 3059 post

2013 3089 2242 3154 tergum
2271 3087 2428 3140 terra
2448 3081 2743 3139 verticem
2767 3084 3027 3150 tangere,
3050 3077 3472 3150 suspensisque
3501 3076 3659 3148 pedi-

254 3127 858 3232 c“‘“P"iS.°?p“i.s.et
879 3129 1077 3232 δθνῖδθν
1105 3132 1167 3228 ¹¹Ρ
1186 3128 1490 3232 vider?“
1516 3143 1586 3185 θο
1616 3132 1899 3232 ίθωξῖονθν
1935 3161 1984 3225 c
2015 3127 3659 3232 ita;attgeg‘.‘:5.”a;a;;;;’i;.7.'a;atasiaia.

256 3231 375 3286 quo
400 3215 1199 3288 levabatur,lotum,atquein
1215 3217 1900 3289 sepulcrocompositum.

254 3306 441 3362 Etiam
468 3305 651 3362 odore
673 3309 837 3363 tanto
869 3306 1081 3378 repleti
1117 3309 1274 3376 sunt,
1309 3309 1369 3361 ut
1403 3305 1656 3362 omnium
1689 3321 1909 3363 aroma-

253 3398 380 3451 tum
396 3395 666 3453 vinceret
680 3394 1051 3452 suavitatem.
1081 3396 1203 3460 ρυο
1221 3393 1434 3465 levato,
1454 3398 1511 3450 et
1532 3394 1742 3452 lectica
1757 3410 1909 3452 com-

258 3485 469 3556 posito,
487 3485 690 3542 statim
714 3483 783 3541 ad
812 3487 1078 3541 sanctum
1099 3484 1325 3540 Celsum
1359 3487 1693 3554 martyrem,
1729 3485 1907 3556 quiin

255 3573 458 3630 eodem
484 3575 658 3631 horto
683 3573 911 3645 positus
932 3576 1079 3641 erat,
1104 3572 1173 3629 ad
1191 3573 1515 3630 orationem
1535 3580 1772 3631 sanctus
1790 3574 1910 3645 epi-

253 3677 468 3733 scopus
482 3663 772 3735 perrexit,
792 3667 851 3720 et
866 3660 1175 3719 transtulit
1195 3662 1263 3719 ad
1288 3661 1583 3719 basilicam
1606 3662 1910 3734 Apostolo-

253 3749 443 3808 lorum
468 3767 601 3824 qua
620 3757 712 3809 est
730 3753 783 3808 in
803 3753 1075 3808 Romana.
1105 3751 1329 3807 Inventi
1350 3757 1543 3807 autem
1563 3755 1618 3806 et
1636 3750 1905 3807 translati

253 3844 388 3897 sunt
427 3840 628 3911 pridie
660 3842 800 3897 ldus
845 3840 1037 3906 Junii;
1084 3840 1374 3895 festivitas
1421 3853 1557 3895 vero
1602 3839 1797 3910 agitur
1837 3840 1908 3897 de

253 3929 560 3999 martyrio,
592 3929 799 4000 quinto
817 3929 936 3985 Kal.
958 3928 1222 3999 Augusti.
1240 3928 1718 3984 Commemoratio
1730 3928 1907 3984 etiam

252 4031 451 4074 eorum
477 4017 716 4090 publica
744 4021 805 4072 et
833 4017 1086 4074 celebris
1109 4016 1161 4072 in
1184 4016 1276 4073 die
1295 4022 1628 4073 sanctorum
1651 4015 1907 4072 Gervasii

252 4109 307 4160 et
323 4105 581 4163 Protasii
604 4122 635 4163 a
657 4105 929 4163 ﬁdelibus
950 4104 1184 4178 p0pulis
1209 4105 1639 4176 frequentatur,
1661 4109 1721 4161 et
1740 4118 1909 4160 vene-

259 4194 535 4252 rabiliter
571 4193 885 4251 excolitur.

321 4285 468 4341 Item
506 4283 665 4339 beati
706 4282 994 4354 Basilidis,
1032 4282 1247 4354 Cyrini,
1284 4282 1547 4339 Naboris.

328 4373 441 4429 Sed
472 4376 533 4429 et
565 4372 796 4429 Nazarii
828 4375 889 4429 et
920 4371 1091 4443 Celsi,
1129 4386 1274 4443 quos
1306 4372 1454 4429 duos
1492 4386 1690 4444 passos
1731 4370 1908 4429 fuisse

258 4462 406 4533 apud
441 4460 918 4518 Ebredunensem
938 4461 1163 4530 urbem,
1186 4459 1508 4531 antiquitas
1526 4459 1898 4517 memorando

258 4549 539 4608 celebrat.

802 4621 861 4676 C.
898 4619 1130 4677 IDIBUS
1156 4618 1354 4676 JUNII.

937 4710 1030 4782 (45
1056 4709 1226 4779 Jun.)

328 4798 527 4856 Roma
546 4796 764 4855 natalis
783 4800 1003 4855 sancta
1022 4795 1295 4854 Felicula
1317 4805 1345 4835 ι
1362 4793 1609 4866 virginis
1620 4796 1905 4864 etmarty-

262 4885 358 4942 ris.
385 4886 568 4953 Quam
592 4901 724 4944 cum
750 4885 995 4943 Flaccus
1017 4900 1212 4942 comes
1235 4887 1362 4957 post
1382 4897 1685 4940 excessum
1705 4883 1906 4940 Petro-

259 4973 414 5033 nilla
443 4974 623 5032 vellet
668 4975 884 5033 ducere
926 4989 1189 5045 uxorem,
1234 4977 1410 5045 atque
1451 4972 1523 5030 ad
1566 4972 1904 5029 terrendum

261 5065 666 5136 preposuisset
700 5064 775 5136 ei,
812 5063 1014 5122 dicens
1044 5083 1057 5119 :
1088 5064 1274 5121 Unum
1298 5061 1405 5118 tibi
1428 5076 1460 5119 e
1481 5062 1709 5119 duobus
1730 5060 1901 5131 elige,

262 5157 365 5207 aut
392 5157 520 5209 esto
562 5168 708 5209 uxor
749 5168 897 5223 mea,
940 5155 1041 5209 aut
1079 5151 1192 5208 diis
1233 5151 1518 5221 sacrifica,
1564 5163 1904 5221 responsum

262 5238 333 5295 ab
364 5253 429 5297 ea
469 5242 699 5313 accepit
730 5261 742 5297 :
770 5243 885 5297 Nec
918 5256 1064 5298 uxor
1094 5245 1194 5297 tua
1226 5254 1346 5310 ero,
1380 5239 1513 5310 quia
1556 5238 1786 5295 Christo
1816 5251 1907 5293 sa-

259 5332 421 5386 crata
446 5344 605 5396 sum;
632 5344 738 5386 nec
761 5330 875 5387 diis
898 5331 1016 5385 tuis
1034 5328 1397 5398 sacrificabo,
1426 5328 1557 5398 quia
1579 5325 1905 5384 Christiana
1954 5388 1957 5391 λ

265 5429 410 5472 sum.
446 5419 601 5476 Tunc
640 5417 883 5476 Flaccus
920 5416 1163 5476 tradidit
1197 5432 1322 5475 eam
1354 5417 1596 5487 vicario,
1639 5414 1736 5486 qui
1769 5413 1907 5469 fecit

269 5541 495 5667 Ia‘iille
562 5542 670 5600 hac
727 5543 783 5599 in
860 5541 1044 5613 gestis
1117 5542 1286 5597 Nerei
1344 5543 1403 5597 et
1484 5537 1726 5596 Achillei
1763 5550 1907 5610 ⁴χχιι

2018 3263 2072 3319 in
2102 3264 2299 3319 monte
2328 3261 2520 3318 vicino
2548 3261 2676 3317 dua
2702 3259 2976 3317 visuntur
3008 3256 3325 3329 spelunca,
3355 3255 3414 3311 in
3447 3253 3660 3325 quibus

2019 3348 2703 3424 persecutionisetiamis
2717 3352 3002 3420 tempore,
3022 3345 3238 3401 Abdias
3265 3347 3500 3401 centum
3529 3356 3662 3415 pro-

2019 3440 2226 3513 phetas
2254 3437 2401 3495 aluit
2432 3452 2580 3510 pane
2608 3441 2669 3494 et
2700 3451 2847 3508 aqua
2881 3435 3020 3507 (III
3043 3435 3185 3507 Reg.
3218 3432 3398 3505 xvm).
3443 3430 3661 3488 Scribit

2021 3531 2228 3587 beatus
2242 3528 2625 3598 Hieronymus
2643 3526 2698 3582 in
2719 3526 2872 3583 libro
2893 3525 2965 3582 de
2982 3524 3113 3580 Vita
3130 3525 3351 3580 sancta
3370 3519 3583 3578 Paula.

2090 3616 2421 3675 Suessionis
2452 3615 2713 3686 civitate,
2745 3614 2942 3687 passio
2973 3617 3313 3670 sanctorum
3339 3613 3658 3680 martyrum

2016 3706 2231 3767 Valerii
2261 3711 2322 3762 et
2350 3705 2561 3765 Rufini.

2086 3800 2114 3839 ι)
2142 3799 2306 3871 Apud
2326 3800 2646 3855 Caesaream
2666 3791 3067 3866 Cappadocia,
3097 3790 3286 3848 sancti
3316 3787 3510 3845 Basilii
3539 3786 3660 3859 epi-

2019 3888 2182 3959 scopi
2219 3886 2419 3943 fratris
2448 3882 2712 3954 Gregorii
2743 3885 2805 3938 et
2834 3880 3014 3937 Petri.
3051 3878 3158 3946 Qui
3188 3893 3318 3936 cum
3350 3879 3511 3934 esset
3541 3891 3660 3933 om-

2020 3977 2193 4034 nibus
2221 3975 2545 4033 virtutibus
2585 3972 2882 4041 fundatus,
2930 3973 2991 4026 et
3031 3969 3281 4040 quodam
3321 3970 3583 4037 tempore
3628 3978 3661 4021 a

2018 4066 2260 4123 Valente
2291 4066 2646 4137 imperatore
2677 4061 2735 4117 in
2757 4058 3028 4117 exsilium
3052 4073 3158 4130 pro
3182 4056 3294 4113 fide
3312 4056 3657 4124 cogeretur:

2017 4155 2317 4212 exhibitus
2337 4154 2407 4210 ad
2433 4150 2689 4209 tribunal
2707 4148 2990 4222 praefecti,
3007 4144 3457 4215 terroribusque
3470 4140 3559 4214 (ut
3572 4142 3659 4198 illi

2017 4244 2198 4301 moris
2219 4246 2311 4300 est
2337 4239 2641 4314 potestati)
2664 4242 2725 4295 et
2755 4237 2927 4295 minis
2947 4234 3211 4293 maximis
3234 4234 3326 4305 agi
3358 4232 3538 4303 capit
3562 4250 3576 4287 :
3599 4235 3661 4289 et

2017 4334 2128 4389 nisi
2164 4330 2476 4404 praceptis
2498 4326 2782 4401 principis
2804 4325 3095 4395 obediret,
3120 4322 3423 4380 interitum
3445 4320 3557 4379 sibi
3581 4320 3661 4377 la-

2018 4422 2305 4491 miamque
2337 4420 2606 4490 speraret
2635 4415 2992 4488 impendere.
3014 4415 3171 4471 Tunc
3194 4411 3294 4470 ille
3326 4409 3659 4483 intrepidus

1932 4517 1986 4578 1)
2016 4514 2078 4567 et
2109 4510 2328 4580 absque
2359 4506 2477 4565 ulla
2509 4505 2681 4563 animi
2714 4501 3158 4577 perturbatione
3190 4501 3314 4559 hac
3343 4500 3455 4558 sibi
3496 4498 3661 4556 mini-

2012 4598 2161 4655 tanti
2195 4597 2475 4669 prafecto
2515 4593 2892 4667 respondisse
2935 4592 3123 4649 fertur
3156 4609 3170 4646 :
3204 4593 3395 4661 Atque
3435 4588 3656 4647 utinam

2011 4686 2231 4758 aliquid
2254 4685 2392 4742 mihi
2409 4687 2570 4741 esset
2592 4682 2750 4752 digni
2773 4681 3033 4739 muneris
3044 4680 3200 4752 quod
3214 4678 3484 4735 oﬁ‘errem
3497 4676 3653 4745 huic,

2012 4776 2110 4847 qui
2133 4773 2421 4831 maturius
2452 4771 2726 4829 Basilium
2759 4771 2831 4828 de
2862 4770 3017 4827 nodo
3058 4768 3216 4826 follis
3257 4767 3428 4839 hujus
3466 4762 3658 4820 absol-

2011 4866 2196 4921 veret.
2226 4863 2481 4932 Cumque
2504 4860 2746 4917 daretur
2767 4859 2819 4916 ei
2851 4874 2986 4929 nox,
3021 4872 3150 4930 qua
3179 4852 3548 4922 erat'media,
3582 4852 3653 4909 ad

2012 4952 2264 5024 spatium
2298 4948 2660 5007 deliberandi
2698 4966 2710 5003 :
2747 4947 3124 5021 respondisse
3156 4945 3347 5002 denuo
3388 4940 3658 5014 perhibe-

2014 5044 2111 5097 tur
2127 5059 2140 5094 :
2156 5041 2274 5110 Ego
2286 5039 2546 5096 crastino
2561 5037 2686 5110 ipse
2698 5052 2801 5095 ero
2816 5037 2913 5109 qui
2936 5051 3107 5104 nunc,
3134 5037 3196 5089 tu
3219 5035 3277 5088 te
3299 5030 3520 5089 utinam
3541 5044 3657 5089 non

2012 5132 2289 5185 mutares.
2309 5129 2379 5184 Et
2391 5127 2490 5184 illa
2507 5127 2739 5199 quidem
2754 5130 2926 5184 nocte
2940 5139 3088 5182 uxor
3100 5119 3475 5192 imperatoris
3495 5118 3660 5179 velut

2014 5216 2346 5273 tortoribus
2362 5216 2578 5273 tradita
2594 5216 2914 5274 cruciatur.
2933 5210 3111 5268 Filius
3125 5223 3283 5280 vero,
3302 5211 3400 5282 qui
3421 5210 3510 5267 eis
3529 5212 3660 5267 erat

2014 5306 2242 5377 unicus,
2261 5307 2614 5375 exstinctus,
2633 5308 2891 5378 paterna
2906 5299 3225 5373 impietatis
3237 5299 3417 5357 solvit
3440 5296 3660 5373 suppli-

2014 5396 2123 5453 cia.
2142 5397 2226 5452 Ita
2241 5399 2307 5453 ut
2320 5398 2455 5451 ante
2468 5394 2657 5451 lucem
2672 5390 2854 5460 missi,
2872 5389 2969 5462 qui
2994 5394 3272 5462 rogarent
3296 5389 3570 5448 Basilium
3594 5390 3660 5445 ut

2014 5486 2295 5558 precibus
2317 5482 2441 5541 suis
2462 5480 2863 5539 intercederet
2886 5496 2992 5553 pro
3013 5479 3122 5553 eis,
3148 5496 3219 5540 ne
3247 5481 3426 5539 etiam
3456 5475 3568 5550 ipsi
3596 5478 3660 5534 et

2083 5609 2112 5648 δ
2141 5608 2376 5665 Hieron.
2412 5604 2586 5679 epist.
2620 5608 2706 5663 27.
2744 5604 2816 5662 ad
2848 5605 3010 5665 Eust.
