4004 6168
347 268 453 361 187

1383 303 1438 361 S.
1484 303 1758 363 ADONIS.
1802 304 2238 366 ARCHIEPISC.
2282 310 2699 373 VIENNENSIS

3645 324 3750 385 288

349 425 581 499 quidem
593 421 1008 517 multojustius
1029 424 1361 517 interirent.
1387 430 1482 487 Sic
1505 432 1741 503 accidit,
1766 435 1832 490 ut
1854 447 1984 491 cum
2012 430 2069 493 A
2100 436 2368 510 accepit:
2394 438 2606 498 deinde
2630 441 2853 513 pariter
2865 439 3542 517 clavisconﬂxi,evulsis
3554 443 3750 506 oculis

346 529 546 571 omnes
559 513 886 572 catholicos
898 515 1434 591 expuleritValens,
1452 519 1701 578 Basilius
1713 537 1899 594 usque
1913 522 1984 579 ad

344 602 481 659 vitae
499 602 719 660 exitum
738 603 1088 663 intemerato
1106 607 1528 666 communionis
1549 615 1914 669 sacramento
1927 612 1986 670 in

343 691 606 749 Ecclesia
638 692 1001 765 perduravit.

414 781 669 854 Viennae,
704 783 894 841 sancti
925 784 1145 843 Etherii
1178 786 1460 861 episcopi.

768 890 828 947 E.
861 890 1007 948 XVII
1036 892 1335 951 KALEND.
1359 896 1552 955 JULII.

1018 981 1111 1055 (45
1137 984 1310 1057 Jun.)

414 1068 583 1141 Apud
617 1066 890 1142 Siciliam,
925 1071 1119 1129 natale
1142 1078 1479 1133 sanctorum
1501 1079 1822 1149 martyrum
1842 1078 1981 1150 Viti,

341 1156 609 1228 Modesti,
642 1161 702 1215 et
735 1159 1108 1218 Crescentiae.
1136 1163 1243 1229 Qui
1269 1164 1476 1224 beatus
1498 1166 1668 1225 Vitus
1690 1167 1746 1222 in
1771 1166 1981 1240 puerili

341 1249 518 1304 aetate
545 1247 869 1307 virtutibus
899 1256 1183 1323 maturus,
1219 1254 1465 1326 primum
1496 1270 1527 1312 a
1559 1260 1726 1328 patre
1757 1272 1864 1314 suo
1897 1270 1987 1314 sa-

340 1334 561 1405 crilego
575 1335 720 1408 Hila,
737 1341 850 1395 uta
864 1339 1095 1397 cultura
1108 1342 1209 1398 Dei
1223 1344 1552 1417 recederet,
1581 1350 1843 1404 tentatus
1857 1350 1979 1412 est;

280 1478 283 1481 .
340 1422 550 1481 deinde
572 1438 602 1480 a
625 1424 932 1485 Valeriano
949 1429 1149 1500 judice
1169 1440 1197 1470 α
1220 1433 1467 1490 catomis
1481 1434 1984 1492 caesusinconfes-

338 1512 504 1570 sione
526 1515 864 1585 permansit.
886 1517 1025 1575 Inde
1049 1519 1320 1577 redditus
1344 1522 1516 1594 patri.
1546 1524 1619 1578 At
1640 1539 1771 1581 cum
1794 1525 1982 1597 poenis

339 1601 594 1671 amigere
644 1601 806 1661 illum
859 1610 1027 1677 pater
1066 1608 1474 1681 meditaretur,
1525 1612 1748 1670 monitu
1789 1613 1978 1685 angeli

338 1702 542 1746 navem
591 1693 1013 1766 conscendens,
1056 1696 1475 1756 comitantibus
1515 1715 1579 1757 se
1617 1703 1878 1760 Modesto
1919 1707 1982 1759 et

2095 526 2151 584 in
2177 543 2474 588 carcerem
2494 532 2643 589 trusi
2665 536 2820 591 sunt.
2847 534 2990 591 Post
3012 533 3137 592 haec
3161 533 3453 593 decalvati
3483 540 3545 592 et
3574 551 3751 595 exco-

2094 617 2251 690 riati,
2275 623 2756 693 supercarbones
2784 622 2841 680 in
2872 621 3027 681 lecto
3059 638 3214 682 aereo
3246 624 3428 682 assati
3464 630 3623 682 sunt.
3663 626 3748 684 Ad

2093 706 2360 766 ultimum
2391 711 2573 768 serris
2605 711 2816 784 attriti,
2851 713 3171 784 amputatis
3204 712 3441 785 linguis,
3479 715 3748 785 martyrii

2093 796 2184 854 sui
2198 812 2432 855 cursum
2447 799 2900 858 obtruncatione
2912 801 3126 874 capitis
3147 801 3561 874 impleverunt.
3579 803 3748 862 Passi

2094 889 2232 942 sunt
2262 902 2391 944 cum
2420 889 2507 946 eis
2537 892 2602 948 et
2633 889 2730 946 alii
2763 891 3176 962 quadringenti
3209 897 3482 964 quatuor.

2164 976 2330 1047 Apud
2362 977 2564 1035 urbem
2594 977 3121 1051 Visontionensem,
3156 984 3496 1038 sanctorum
3530 985 3752 1052 marty-

2093 1076 2220 1121 rum
2240 1066 2495 1123 Ferreoli
2531 1068 2859 1139 presbyteri
2892 1071 2952 1123 et
2986 1068 3317 1124 Ferrutioni
3350 1069 3608 1140 diaconi,
3645 1067 3749 1140 qui

2093 1166 2124 1207 a
2157 1154 2328 1211 beato
2357 1157 2577 1212 Irenwo
2600 1156 2969 1226 Lugdunensi
2993 1157 3274 1229 episcopo
3300 1161 3361 1214 et
3395 1160 3657 1229 martyre
3676 1159 3751 1216 ad

2090 1242 2526 1314 praedicandum
2556 1246 2798 1301 verbum
2815 1244 2914 1300 Dei
2942 1245 3127 1316 missi,
3155 1246 3264 1303 sub
3285 1245 3752 1319 Claudiojudice

2092 1331 2162 1387 ad
2184 1330 2481 1388 trochleas
2498 1332 2726 1389 extensi
2752 1336 2813 1389 et
2827 1332 3124 1405 ﬂagellati,
3143 1334 3354 1391 deinde
3369 1335 3425 1391 in
3441 1349 3751 1393 carcerem

2092 1419 2329 1491 reclusi,
2351 1424 2411 1477 et
2431 1434 2597 1477 mane
2617 1421 2938 1493 amputatis
2958 1420 3175 1491 linguis
3190 1423 3593 1494 praedicabant
3616 1440 3756 1481 ver-

2091 1507 2226 1564 bum
2246 1508 2363 1564 Dei.
2394 1510 2535 1566 Post
2567 1509 2690 1566 haec
2722 1508 2946 1567 subulae
2982 1509 3223 1581 triginta
3259 1511 3527 1583 utrisque
3549 1512 3752 1570 infixae

2090 1596 2357 1654 manibus
2387 1602 2446 1654 et
2477 1599 2726 1671 pedibus
2756 1603 2815 1655 et
2848 1602 3123 1671 pectore:
3146 1598 3217 1656 ad
3251 1599 3520 1657 ultimum
3542 1601 3751 1672 gladio

2089 1684 2398 1743 feriuntur.

338 1778 674 1836 Crescentis
705 1783 1119 1855 nutritoribus,
1156 1786 1228 1842 ad
1261 1789 1707 1858 Tanagritanum
1742 1793 1979 1850 territo—
2009 1789 2062 1849 B
2162 1774 2722 1849 θίνίιθίθΝεηηθιίε,
2739 1776 2927 1834 sane”
2949 1775 3230 1833 Similia!“
3246 1776 3511 1853 episcopi
3527 1781 3589 1835 et
3606 1793 3751 1837 003‘

338 1866 486 1923 rium
501 1868 756 1925 devenit.
773 1871 910 1927 Inde
924 1877 1167 1944 propter
1180 1874 1353 1932 filiam
1368 1877 1713 1935 Diocletiani
1736 1881 1982 1953 impera-

338 1954 488 2011 toris
511 1970 541 2011 a
565 1957 850 2016 daemonio
882 1965 1150 2018 vexatam
1184 1965 1487 2037 quaesitus,
1512 1971 1572 2024 et
1593 1970 1885 2028 adductus
1908 1973 1977 2028 ad

335 2041 780 2116 Diocletianum,
797 2047 977 2119 ipsam
992 2050 1119 2121 ejus
1135 2051 1306 2108 ﬁliam
1321 2056 1588 2113 oratione
1602 2059 1849 2115 curavit.
1868 2060 1978 2116 Sed

333 2144 465 2187 cum
478 2130 679 2190 multis
691 2133 861 2191 donis
874 2138 1179 2207 promissis
1200 2139 1252 2196 ei
1278 2140 1490 2213 impius
1510 2144 1829 2217 imperator
1851 2162 1981 2205 sua-

335 2217 475 2308 dere
504 2219 684 2276 vellet
713 2226 780 2279 ut
819 2224 1110 2283 culturam
1150 2228 1265 2286 diis
1303 2230 1690 2305 impenderet,
1733 2236 1978 2308 ejusque

333 2307 584 2397 animum
604 2310 675 2366 de
699 2311 851 2369 bono
877 2316 1182 2386 proposito
1214 2324 1441 2377 mutare
1476 2337 1589 2379 non
1621 2328 1844 2397 posset,
1887 2307 1978 2383 ar-

333 2394 617 2454 ctissimis
634 2397 886 2457 vinculis
911 2402 1117 2461 ferreis
1135 2408 1464 2479 astrictum,
1490 2408 1548 2465 in
1572 2394 1870 2470 carcerem
1894 2419 1978 2472 te-

330 2483 635 2545 terrimum
658 2485 855 2544 induci
874 2489 1074 2561 jussit,
1099 2496 1159 2548 et
1180 2509 1310 2550 cum
1323 2509 1392 2552 eo
1409 2498 1631 2568 pariter
1652 2500 1973 2559 Modestum

329 2574 507 2643 atque
531 2573 946 2633 Crescentiam.
981 2579 1199 2637 Deinde
1230 2582 1652 2644 circumstante
1675 2590 1892 2661 populo
1917 2592 1974 2650 in

328 2660 760 2746 amphitheatro
779 2665 1089 2724 sistuntur.
1119 2668 1274 2735 Quos
1297 2672 1696 2734 Diocletianus
1718 2660 1774 2734 in
1799 2679 1973 2738 ollam

327 2749 522 2805 resina
555 2754 616 2807 et
648 2750 778 2823 pice
811 2767 1173 2827 succensam,
1209 2763 1269 2813 et
1300 2759 1537 2831 plumbo
1570 2763 1765 2823 soluto
1791 2767 1975 2826 ferve-

326 2836 561 2929 factam,
578 2839 802 2929 jactari
839 2844 1139 2915 praecepit.
1164 2847 1272 2902 Ubi
1297 2851 1485 2906 sancti
1511 2857 1800 2924 martyres
1822 2858 1974 2929 psal-

326 2922 516 3017 lentes
574 2926 641 3017 in;
691 2929 923 2987 modum
986 2932 1160 2989 trium
1230 2951 1543 3006 puerorum
1611 2922 1787 3012 (Dan.
1822 2922 1946 3017 'm)

323 3011 593 3084 hymnum
625 3015 742 3074 Deo
774 3018 1069 3076 dicebant.
1106 3023 1176 3078 Et
1203 3026 1428 3093 egressi
1462 3007 1649 3086 illaesa
1687 3032 1854 3089 vultu
1899 3007 1971 3091 de

2090 1860 2351 1919 fessoris.

2161 1949 2443 2023 Lugduni,
2465 1951 2757 2024 depositio
2777 1953 2965 2010 sancti
2993 1953 3289 2012 Aureliani
3312 1954 3577 2030 episcopi
3600 1958 3749 2015 Are-

2090 2034 2355 2095 latensis.

2506 2130 2563 2184 F.
2598 2130 2691 2186 XV
2723 2131 3093 2188 KALENDAS
3120 2132 3314 2188 JULII.

2781 2219 2873 2290 (46
2898 2219 3070 2292 Jun.)

2156 2305 2371 2375 Romae,
2389 2310 2724 2363 sanctorum
2737 2307 3050 2378 Martyrum
3065 2307 3452 2366 ducentorum
3469 2310 3749 2382 sexagin-

2090 2395 2143 2447 ta
2177 2392 2443 2463 duorum,
2481 2394 2577 2464 qui
2610 2395 2786 2466 positi
2830 2398 2967 2453 sunt
3010 2396 3101 2453 via
3152 2395 3370 2454 Salaria
3415 2398 3628 2470 veteri,
3667 2399 3743 2457 ad

2083 2478 2296 2536 clivum
2332 2482 2694 2540 Cucumeris.

2156 2568 2369 2625 Eodem
2414 2570 2508 2627 die
2551 2572 2739 2629 sancti
2782 2572 3092 2630 Wultmari
3133 2575 3510 2648 confessoris,
3554 2577 3748 2634 admi-

2085 2658 2281 2715 randa)
2312 2660 2650 2717 sanctitatis
2682 2665 2742 2717 et
2773 2661 3076 2732 religionis
3109 2662 3238 2720 viri.

2521 2777 2584 2832 A.
2620 2775 2739 2832 XIV
2771 2778 3070 2833 KALEND.
3102 2778 3296 2835 JULII.

2761 2865 2853 2935 (48
2880 2865 3052 2938 Jun.)

2153 2949 2347 3007 Roma;
2405 2951 2498 3008 via
2559 2953 2893 3023 Ardeatina,
2944 2954 3157 3011 natalis
3203 2959 3538 3014 sanctorum
3583 2970 3742 3012 mar-

2082 3042 2273 3106 tyrum
2305 3039 2477 3096 Marci
2509 3044 2569 3096 et
2598 3040 2973 3111 Marcelliani,
3006 3042 3033 3081 ι)
3076 3042 3513 3114 praeclarissimi
3556 3059 3742 3114 gene-

321 3100 462 3207 olla,
498 3103 774 3161 dimissus
804 3108 1016 3207 estneis
1039 3109 1130 3207 leo
1157 3112 1573 3172 ferocissimus.
1611 3118 1718 3184 Qui
1743 3135 1874 3177 mox
1898 3123 1968 3178 ad
2000 3144 2048 3207 ρ
2082 3100 2181 3195 ris,
2215 3126 2592 3197 Tranquillini
2623 3131 2684 3183 et
2715 3128 2943 3186 Marciaa
2973 3100 3246 3202 filiorum,
3274 3132 3371 3202 qui
3398 3132 3582 3202 primo
3603 3148 3740 3190 car-

323 3189 505 3287 pedes
524 3204 726 3287 eorum
746 3193 981 3287 cecidit,
996 3199 1067 3287 Aet
1089 3196 1284 3287 lingua
1307 3214 1411 3256 sua
1439 3203 1617 3272 pedes
1648 3211 1966 3277 martyrum
2003 3189 2048 3207 v
2077 3189 2271 3267 cerem
2303 3189 2408 3283 pro
2440 3212 2552 3269 fide
2586 3214 2763 3285 passi,
2799 3216 3168 3287 postmodum
3212 3189 3245 3273 a
3288 3189 3537 3275 I’ab'iano
3573 3219 3734 3276 duce

323 3275 547 3346 lingere
564 3278 762 3350 coepit.
790 3281 874 3337 Ad
900 3281 1170 3341 ultimum
1192 3285 1387 3344 victus
1408 3303 1511 3359 per
1525 3292 1715 3348 omnia
1730 3275 1967 3352 sacrile-

318 3378 432 3455 gus
452 3365 791 3455 imperator,
813 3369 986 3427 simul
1010 3375 1070 3427 et
1092 3372 1299 3431 videns
1315 3376 1748 3436 multitudinem
1764 3385 1964 3455 populi

319 3451 603 3511 miraculo
626 3456 978 3528 perculsam,
1001 3459 1071 3515 ad
1098 3460 1392 3519 Christum
1416 3478 1614 3522 verum
1639 3451 1815 3526 Deum
1831 3451 1967 3529 con-

319 3554 568 3613 versam,
596 3545 880 3600 catastam
904 3547 1096 3617 parari
1114 3549 1312 3622 jussit,
1338 3556 1399 3607 et
1421 3567 1626 3613 servos
1649 3558 1749 3614 Dei
1764 3574 1965 3631 super-

317 3630 576 3687 extendi.
604 3631 859 3704 Cumque
881 3634 1252 3694 czederentur
1275 3644 1562 3712 martyres
1576 3645 1695 3717 Dei,
1712 3630 1963 3721 ossaque

318 3717 813 3794 discinderentur,
842 3724 1165 3783 tonitruum
1183 3741 1450 3799 magnum
1476 3731 1691 3790 factum
1721 3740 1833 3808 est,
1870 3717 1965 3796 co-

317 3809 708 3882 ruscationes,
731 3816 907 3884 atque
930 3818 1044 3871 tam
1063 3829 1306 3888 magnus
1326 3822 1500 3877 terrae
1513 3827 1727 3896 motus,
1745 3832 1809 3883 ut
1826 3831 1963 3886 tem-

316 3895 409 3969 pla
428 3897 670 3958 deorum
694 3908 1063 3976 corruerent,
1086 3910 1146 3962 et
1162 3906 1380 3965 multos
1393 3911 1813 3981 opprimerent.
1838 3917 1964 3975 Flo-

314 3985 501 4042 rentia
520 4002 661 4044 vero
686 3989 895 4046 femina
916 3991 1339 4064 illustrissima,
1358 4011 1607 4068 corpora
1622 4006 1960 4063 sanctorum

314 4071 576 4143 collegit,
611 4078 671 4129 et
699 4074 754 4129 in
789 4075 940 4147 loco,
976 4078 1072 4148 qui
1108 4079 1327 4137 dicitur
1368 4083 1678 4159 Marianus,
1722 4093 1959 4150 condita

313 4159 676 4218 aromatibus
706 4162 998 4234 sepelivit.

385 4246 602 4304 Eodem
626 4249 721 4306 die
743 4251 896 4322 apud
928 4252 1178 4312 Mmsiam
1200 4255 1442 4316 civitate
1464 4261 1807 4338 Dorostoro,
1831 4282 1961 4326 san-

313 4334 395 4430 cti
426 4336 983 4430 Esychiimilitaris,
1018 4342 1116 4415 qui
1148 4359 1278 4401 cum
1313 4347 1485 4406 beato
1514 4351 1667 4410 Julio
1697 4334 1960 4430 compre-

312 4422 550 4495 hensus,
585 4427 695 4484 sub
737 4430 989 4499 praeside
1027 4433 1392 4507 Maximiano,
1437 4444 1642 4510 postea
1674 4422 1957 4520 martyrio

312 4517 632 4572 coronatus
662 4520 774 4574 est.
1319 4546 1325 4552 ·

711 4614 769 4671 F.
804 4616 922 4673 XVI
953 4620 1324 4679 KALENDAS
1349 4624 1543 4681 JULII.

982 4708 1075 4780 (46
1109 4712 1281 4785 Jun.)

384 4792 551 4866 Apud
580 4794 966 4869 Antiochiam,
1001 4800 1215 4858 natalis
1254 4805 1593 4861 sanctorum
1633 4812 1953 4879 martyrum

313 4882 501 4969 Cyrici
530 4886 592 4940 et
618 4883 841 4944 Julittaa
869 4886 1075 4944 matris
1118 4890 1266 4960 ejus,
1315 4906 1562 4963 quorum
1608 4895 1770 4966 prior
1820 4903 1955 4969 post

313 4967 438 5025 dira
460 4973 707 5030 verbera
727 4974 902 5031 etiam
921 4974 1164 5033 calicem
1189 4992 1318 5036 cum
1341 4984 1510 5038 aceto
1528 4985 1589 5038 et
1607 4982 1794 5058 sinapi
1813 4967 1871 5043 in
1885 5003 1954 5046 os

383 5075 907 5162 ξρᾳιρςιη-ξερᾳξάἱ.
952 5082 1105 5162 Infra
1145 5099 1284 5162 xvm
1323 5088 1684 5162 Novembris,
1728 5095 1953 5151 catomo

309 5149 611 5213 suspendi.
638 5152 922 5211 Existimo
944 5154 1193 5214 catomis
1213 5159 1274 5213 et
1290 5159 1514 5217 catomo
1532 5149 1953 5221 adverbialiter

313 5221 801 5316 BigIEanlfs‘
850 5227 1001 5283 enim
1033 5226 1312 5316 estaliud
1336 5245 1515 5316 quam
1536 5236 1826 5316 suspendi
1860 5235 1950 5316 vel

313 5283 680 5378 933999139
693 5292 969 5378 deorsum
996 5317 1009 5354 :
1032 5283 1185 5378 quod
1211 5283 1946 5378 nesatiﬁé'iiiﬁéiaﬁﬁér'ié;

313 5367 450 5448 cum
463 5356 813 5448 exJalLteri‘us
832 5356 1107 5448 humeris,
1143 5356 1383 5448 erectis
1398 5356 1950 5448 infaijiahi'b‘éaib'dé

312 5427 823 5517 gyfpgqggyaptnr
843 5452 855 5487 :
883 5442 1036 5517 quod
1051 5427 1111 5498 ei
1129 5427 1949 5517 virise’iréiiiihis'diiah'dﬁﬁé

312 5506 858 5589 ἷξὲίέφξΐὲῗεεέἒιέἓὲ
879 5506 1118 5589 εδειμηὶ-
1141 5516 1297 5589 Acta
1328 5515 1572 5589 Saltim
1598 5506 1634 5573 κῑ
1665 5520 1813 5589 Ausa
1832 5506 1951 5589 ἀω-

312 5568 485 5629 tomis
511 5570 737 5631 nudam
756 5572 811 5630 te
827 5568 1228 5655 caedijubebo,
1255 5568 1647 5664 quod—inepte
1665 5568 1950 5662 Scaliger

2079 3299 2244 3370 tenti,
2281 3302 2351 3356 ad
2386 3301 2648 3373 stipitem
2681 3301 2866 3374 ligati,
2899 3304 2957 3361 in
2990 3305 3239 3376 pedibus
3280 3305 3479 3363 clavos
3518 3313 3737 3364 acutos

2076 3392 2450 3458 acceperunt.
2474 3389 2696 3455 Quibus
2716 3407 2844 3448 cum
2870 3392 3097 3449 diceret
3128 3392 3369 3450 insanus
3398 3395 3584 3451 Iudex
3608 3414 3623 3449 :
3648 3398 3737 3452 In-

2077 3474 2278 3532 felices
2296 3490 2363 3533 ac
2383 3477 2602 3549 miseri,
2619 3479 2894 3550 deponite
2909 3481 3240 3552 amentiam,
3256 3487 3317 3539 et
3334 3482 3582 3541 liberate
3596 3499 3737 3541 vos-

2075 3562 2357 3634 metipsos
2370 3577 2401 3620 a
2417 3565 2779 3624 cruciatibus
2793 3568 3728 3642 imminentibus,responderunt:

2074 3652 2374 3722 Nunquam
2395 3657 2509 3710 tam
2540 3655 2686 3712 bene
2716 3657 2938 3727 epulati
2972 3673 3192 3727 sumus,
3232 3659 3404 3716 modo
3438 3659 3730 3731 capimus

2071 3754 2203 3796 esse
2223 3740 2320 3797 fixi
2350 3742 2407 3798 in
2427 3756 2623 3800 amore
2642 3744 2857 3801 Christi
2881 3764 2893 3800 :
2918 3745 3139 3802 utinam
3156 3762 3263 3802 nos
3287 3746 3374 3804 sic
3394 3761 3546 3818 esse,
3565 3747 3729 3805 sicut

2073 3843 2293 3902 sumus,
2328 3832 2531 3889 tandiu
2572 3833 2898 3905 permittas,
2946 3835 3201 3906 quandin
3245 3834 3420 3906 hujus
3463 3836 3728 3906 regimur

2073 3920 2340 3990 corporis
2359 3919 2719 3979 indumento.
2742 3923 2997 3994 Cumque
3020 3922 3336 3981 transisset
3361 3939 3472 3982 una
3507 3924 3636 3982 dies
3665 3930 3724 3982 et

2072 4021 2183 4064 una
2204 4023 2334 4080 nox,
2356 4012 2417 4065 et
2436 4009 2519 4065 illi
2541 4010 2597 4066 in
2617 4011 2857 4082 psalmis
2875 4016 2935 4067 et
2965 4012 3190 4083 hymnis
3222 4012 3530 4071 laudantes
3563 4012 3726 4070 Chri-

2070 4097 2224 4151 stum
2241 4102 2690 4168 perseverarent
2710 4097 2930 4156 lanceis
2951 4115 3052 4170 per
3072 4099 3255 4157 latera
3283 4100 3573 4172 transfixi,
3590 4117 3724 4160 cum

2067 4179 2255 4250 gloria
2286 4180 2550 4254 martyrii
2581 4182 2653 4239 ad
2690 4183 2883 4241 sidera
2915 4200 3094 4256 regna
3128 4186 3547 4258 migraverunt.

2506 4280 2566 4335 Β.
2600 4281 2724 4338 XIII
2754 4282 3050 4338 KALEND.
3087 4282 3278 4340 JULII.

2747 4370 2837 4443 (l9
2870 4371 3042 4443 Jun.)

1983 4498 2037 4559 D
2137 4463 2465 4559 Mediolani,
2501 4464 2715 4559 natalis
2744 4472 3080 4559 sanctorum
3101 4468 3362 4559 Gervasii
3381 4473 3443 4527 et
3463 4471 3717 4528 Protasii

2067 4556 2405 4625 martyrum.
2429 4554 2536 4623 Qui
2558 4555 2880 4614 beatissimi
2912 4572 3042 4615 cum
3078 4574 3182 4632 per
3213 4558 3415 4616 decem
3446 4572 3635 4617 annos
3663 4560 3717 4616 in

2066 4656 2181 4698 uno
2216 4643 2518 4702 caenaculo
2551 4644 2815 4701 conclusi
2850 4645 3210 4705 lectionibus
3240 4651 3301 4704 et
3344 4646 3719 4706 orationibus
3812 4708 3824 4717 ,

2064 4734 2240 4801 atque
2259 4732 2498 4803 jejuniis
2526 4736 2857 4804 vacassent,
2879 4734 3190 4792 undecimo
3208 4736 3279 4792 ad
3303 4734 3550 4808 palmam
3570 4751 3719 4793 mar-

2066 4818 2201 4888 tyrii
2222 4822 2634 4890 pervenerunt.
2657 4821 2818 4877 Tenti
2838 4823 2911 4879 ab
2932 4823 3164 4881 Astasio
3202 4824 3436 4895 comite,
3467 4823 3566 4896 qui
3603 4824 3719 4897 pri-

2064 4921 2216 4963 mum
2249 4911 2365 4963 tam
2400 4907 2498 4963 diu
2526 4907 2705 4979 jussit
2735 4908 3054 4981 plumbatis
3084 4912 3387 4983 contundi,
3424 4926 3596 4984 quam
3618 4913 3717 4970 diu

2062 4993 2365 5051 exhalaret
2396 4995 2705 5068 spiritum;
2742 5002 3084 5070 sequentem
3115 5016 3278 5073 vero,
3312 5001 3368 5058 id
3402 5006 3496 5057 est
3513 5002 3719 5079 Prota-

2063 5109 2134 5186 ad
2153 5109 2365 5186 Manilii
2381 5110 2593 5186 librum
2609 5112 3721 5186 vinterpretaturmudatamincmico

2051 5180 2385 5256 plumbatis
2420 5184 2584 5240 crdi.
2624 5180 2827 5241 Victor
2861 5185 2959 5256 lib,
2995 5202 3016 5244 ι
3052 5180 3341 5246 Perseeut
3382 5188 3662 5247 Wandal.
3697 5207 3719 5245 :

2065 5251 2094 5330 ξ(
2141 5251 2399 5330 Quodam
2433 5258 2698 5330 tempore
2729 5251 3122 5330 venerabilem
3157 5274 3353 5330 senem
3386 5258 3440 5314 in
3474 5259 3717 5330 publica

2062 5321 2209 5399 facie
2241 5324 2489 5399 catomis
2520 5321 2899 5384 caeciderunt.
2935 5346 2964 5381 ››
2999 5328 3298 5399 AristOph.
3342 5329 3398 5385 in
3440 5321 3611 5387 Irene
3653 5334 3720 5388 et

2061 5393 2308 5479 Acharn.
2334 5394 2553 5479 dicitur
2571 5403 2871 5479 κατωκάρα.
2893 5400 3108 5473 Ioseph
3141 5393 3241 5458 lib.
3267 5416 3318 5471 ν,
3340 5416 3390 5458 c.
3418 5406 3487 5458 10
3510 5401 3712 5472 Antiq.

2056 5472 2282 5529 Judaic.
2304 5476 2625 5553 κατομαδόν.

2126 5595 2155 5634 δ
2184 5596 2264 5654 De
2296 5597 2386 5657 his
2417 5598 2473 5656 in
2507 5600 2694 5672 gestis
2725 5601 2913 5659 sancti
2952 5600 3281 5660 Sebastiani
3310 5609 3381 5660 ιο
3407 5603 3596 5661 Janu.
