4004 6168
218 232 321 287 289

215 367 385 423 sxum,
413 353 672 411 fustibus
690 368 903 413 cassum
929 356 1123 428 capite
1152 357 1430 414 truncari.
1458 358 1713 425 Quorum
1736 374 1863 416 cor-
1891 362 1945 420 A

218 457 352 514 pora
376 442 792 516 Pbilippusvir
814 444 1122 515 religiosus
1137 461 1245 502 una
1259 462 1389 503 eum
1409 447 1527 503 filio
1541 462 1648 504 suo
1666 448 1864 505 furtim

217 531 490 603 abstulit,
507 536 567 588 et
590 532 647 588 in
670 534 841 590 domo
859 548 983 605 sua,
1002 535 1058 590 in
1083 549 1216 591 arca
1236 551 1554 593 marmorea
1570 537 1861 609 sepelivit.

219 619 475 687 Quorum
529 620 795 693 sepulcra
844 622 1028 679 multo
1076 628 1204 695 post
1242 630 1501 697 tempore
1544 625 1865 683 Theodosio

218 708 564 781 imperante,
592 710 834 767 Domino
849 710 1169 782 revelante,
1188 714 1395 771 beatus
1419 715 1759 772 Ambrosius
1780 729 1867 771 re—

217 798 388 871 perit.
413 799 487 854 Et
506 799 588 855 ita
610 798 951 872 incorrupta
974 814 1174 858 eorum
1200 817 1471 874 corpora,
1497 818 1563 860 ac
1588 804 1632 861 si
1659 794 1865 866 eodem

218 886 309 943 die
332 890 628 959 martyres
651 887 896 945 fuissent
920 889 1278 963 interempti.
1296 891 1575 958 Quaecum
1592 892 1649 948 in
1662 893 1865 949 urbem

220 975 761 1049 introducerentur,
797 978 1034 1050 quidam
1084 979 1182 1037 diu
1230 994 1425 1039 caecus
1459 981 1660 1038 feretri
1700 984 1863 1039 tactu

220 1063 409 1121 lumen
438 1065 684 1137 recepit.

287 1155 330 1209 Α
338 1154 459 1225 pud
471 1154 1021 1227 Ravennam,sancti
1035 1156 1285 1214 Ursicini
1302 1159 1575 1229 martyris
1587 1160 1741 1230 u,qui
1757 1161 1865 1217 sub

218 1241 412 1313 judice
441 1243 690 1300 Paulino
725 1247 855 1317 post
888 1245 1063 1302 nimia
1096 1251 1381 1303 tormenta
1416 1248 1471 1302 in
1504 1248 1866 1305 confessione

222 1331 444 1387 Domini
488 1332 810 1389 immobilis
862 1348 1229 1405 permanens,
1271 1336 1487 1407 capitis
1536 1336 1865 1393 abscisione

223 1420 562 1491 martyrium
585 1423 1033 1479 consummavit.
1060 1423 1451 1495 Sepultusque
1466 1427 1555 1482 est
1580 1423 1638 1480 in
1660 1425 1862 1482 eadem

225 1509 361 1565 urbe
403 1524 434 1565 a
462 1510 639 1567 beato
679 1509 888 1581 Vitale,
916 1515 1083 1584 patre
1124 1517 1462 1570 sanctorum
1504 1513 1763 1572 Gervasii
1797 1528 1863 1571 ac

224 1599 493 1656 Protasii.

648 1671 709 1727 B.
751 1670 846 1727 XII
888 1672 1185 1728 KALEND.
1225 1672 1420 1729 JULII.

895 1760 987 1830 (20
1014 1760 1187 1831 Jun.)

292 1847 509 1917 Romae,
536 1845 733 1903 natale
769 1847 954 1903 sancti
979 1848 1179 1903 Novati
1212 1848 1413 1906 fratris
1434 1848 1716 1908 Timothei
1742 1866 1870 1924 pre-

228 1936 467 2007 sbyteri,
503 1936 660 2006 quia
686 1936 874 1992 beatis
903 1935 1190 2007 apostolis
1221 1938 1439 1994 eruditi
1473 1943 1627 1995 sunt.
1653 1941 1732 1996 De
1755 1956 1870 2012 quo

228 2025 442 2079 Novato
457 2023 668 2080 scribit
681 2025 893 2081 Pastor
911 2024 963 2078 in
991 2024 1179 2094 gestis
1193 2025 1572 2083 Pudentianze
1585 2031 1643 2083 et
1658 2029 1869 2085 Praxe—

228 2111 309 2168 dis
338 2112 633 2183 virginum
665 2113 738 2168 ad
764 2113 1107 2183 praedictum
1138 2114 1500 2171 Timotheum
1529 2130 1866 2185 germanum

228 2202 364 2272 ejus.
392 2200 783 2272 Venerabilis,
807 2201 1199 2274 inquit,virgo
1220 2204 1501 2261 Praxcdis
1524 2210 1654 2276 post
1677 2208 1869 2262 trans-

226 2290 360 2347 itum
372 2304 673 2360 germanae
696 2304 815 2347 suae
840 2291 1205 2348 Potentianae
1223 2291 1269 2362 δ,
1295 2292 1465 2350 valde
1489 2294 1698 2350 afﬂicta
1716 2300 1863 2351 erat.

227 2380 303 2436 Ad
317 2395 490 2451 quam
505 2380 925 2437 consolandam
952 2381 1265 2439 veniebant
1280 2381 1446 2439 multi
1466 2383 1694 2440 nobiles
1709 2384 1869 2440 Chri-

226 2468 416 2538 stiani,
454 2468 631 2525 simul
662 2484 791 2525 eum
826 2475 1033 2526 saneto
1067 2469 1172 2525 Pio
1200 2470 1498 2542 episcopo,
1535 2472 1689 2528 inter
1721 2487 1869 2544 quos

225 2572 535 2627 germanus
559 2563 755 2615 vester
774 2559 1053 2630 Novatus,
1071 2564 1129 2616 et
1156 2560 1253 2631 qui
1278 2565 1366 2617 est
1394 2562 1576 2618 frater
1598 2563 1866 2620 nosterin

224 2646 481 2716 Domino,
509 2647 730 2717 quique
751 2646 971 2704 multos
994 2648 1360 2705 Christianos
1392 2664 1678 2721 pauperes
1700 2650 1869 2709 donis

222 2735 341 2790 suis
370 2734 696 2806 reﬁciebat,
732 2740 790 2791 et
832 2752 938 2793 vos
995 2737 1335 2807 frequenter
1364 2753 1494 2795 eum
1528 2739 1866 2796 beatissimo

222 2824 621 2895 Pioepiseopo
648 2824 720 2879 ad
742 2824 929 2881 altare
954 2826 1706 2884 Dominicommcmorabat.
1724 2829 1865 2884 Post

223 2926 435 2968 annum
449 2927 589 2969 vero
601 2913 804 2970 etdies
817 2913 1026 2982 viginti
1046 2920 1201 2984 octo,
1217 2914 1567 2984 aegritudine
1589 2914 1866 2972 detentus

223 3006 309 3057 est
335 3001 490 3057 idem
517 3001 795 3071 Novatus,
821 3003 878 3056 et
903 3001 1117 3057 absens
1148 3005 1273 3057 erat
1299 3017 1327 3057 a
1349 3006 1667 3073 conspectu
1694 3003 1867 3073 virgi-

965 232 1573 292 MARTYROLOGIUM
1610 233 1752 292 CUM
1791 234 2318 296 ADDITAMENTIS.
2359 270 2429 320 τ-
2468 240 2668 299 MENS.
2711 243 2857 301 JUN.

3509 248 3616 312 290

2424 365 2486 420 E.
2530 365 2574 420 X
2614 366 2911 424 KALEND.
2953 369 3145 428 JULII.

2649 463 2741 534 (22
2768 465 2938 534 Jun.)

2045 554 2105 610 In
2138 556 2455 627 Britannia,
2490 558 2681 615 natale
2729 561 2911 617 sancti
2946 561 3139 619 Albini
3174 571 3467 643 martyris,
3506 575 3608 645 qui

1977 646 2238 715 tempore
2256 646 2598 704 Diocletiani
2626 649 2681 704 in
2700 648 3027 707 Vcrelamio
3045 652 3306 727 civitate,
3332 664 3463 728 post
3484 677 3615 719 ver-

1977 730 2114 788 bera
2134 736 2191 788 et
2215 737 2502 791 tormenta
2524 738 2753 807 acerba,
2778 738 2970 810 capite
3004 739 3213 811 plexus
3234 749 3323 799 est
3348 764 3360 801 :
3383 749 3487 805 sed
3512 749 3614 809 illo

1976 819 2034 876 in
2067 826 2282 879 terram
2315 824 2581 897 cadente,
2631 826 2785 883 oculi
2818 828 2964 899 ejus,
3003 831 3099 901 qui
3133 846 3263 889 eum
3298 839 3611 911 percussit,

1977 910 2200 981 pariter
2236 912 2293 968 in
2339 917 2556 969 terram
2605 915 2968 973 ceciderunt.
3006 919 3223 978 Passus
3262 926 3352 979 est
3384 940 3514 982 cum
3545 910 3615 985 eo

1976 999 2151 1054 etiam
2173 1016 2323 1057 unus
2342 1001 2414 1058 de
2443 1003 2747 1075 militibus,
2772 1020 2841 1061 co
2862 1007 3018 1077 quod
3049 1023 3179 1065 eum
3202 1010 3614 1088 fcrirejussus,

1977 1087 2255 1159 noluerit,
2292 1089 2489 1147 divino
2523 1092 2724 1163 utique
2755 1095 3108 1165 perterritus
3140 1097 3443 1173 miraculo,
3481 1087 3617 1174 quia

1973 1174 2205 1232 viderat
2242 1178 2475 1235 beatum
2523 1185 2836 1252 martyrem
2882 1183 3016 1254 sibi,
3051 1184 3185 1241 dum
3215 1187 3286 1243 ad
3338 1204 3616 1251 coronam

1976 1265 2240 1335 martyrii
2257 1274 2624 1340 properaret,
2647 1270 2872 1328 alveum
2896 1272 3430 1348 amnisinterpositi
3448 1295 3618 1338 oran-

1975 1353 2049 1409 do
2067 1356 2540 1413 transmeabilem
2556 1359 3043 1428 reddidisse.Quo
3058 1363 3115 1418 in
3132 1368 3619 1440 tempore,perse-

1971 1444 2132 1499 cutio
2174 1445 2454 1517 crudelis,
2490 1448 2700 1505 Oceani
2742 1448 2981 1507 limbum
3015 1457 3402 1528 transgressa,
3436 1458 3611 1517 etiam

1976 1534 2165 1589 Aaron
2187 1534 2478 1592 etJulium
2510 1537 2844 1610 Britanniae,
2864 1556 2995 1597 cum
3025 1542 3158 1599 aliis
3177 1543 3448 1616 pluribus
3468 1547 3615 1606 viris

1972 1635 2039 1677 ac
2071 1622 2321 1694 feminis,
2358 1623 2512 1681 felici
2545 1641 2757 1683 cruore
2789 1629 3104 1688 damnavit.

1889 1715 1944 1775 Β
2047 1710 2068 1765 Ι
2077 1714 2190 1767 tem
2206 1711 2261 1766 in
2277 1712 2518 1770 civitate
2541 1714 2679 1771 Nola
2694 1716 3019 1790 Campania;
3032 1721 3246 1780 natalis
3260 1723 3449 1781 sancti
3471 1725 3618 1784 Pau-

1977 1796 2079 1854 lini
2112 1808 2136 1837 ο
2167 1800 2431 1874 episcOpi
2475 1807 2535 1859 et
2568 1805 2950 1879 confessoris,
3005 1809 3103 1881 qui
3136 1825 3200 1868 se
3249 1814 3616 1887 temporibus

1975 1888 2387 1947 Wandalorum
2410 1908 2515 1964 pro
2535 1892 2654 1950 filio
2666 1894 2969 1964 cujusdam
2987 1898 3249 1957 viduaain
3265 1903 3614 1962 servitutem
3694 1918 3699 1925 '

1978 1976 2239 2049 tradens,
2276 1982 2335 2034 et
2366 1981 2618 2037 terribili
2650 1983 2876 2041 visione
2908 1987 3031 2056 regi
3061 2001 3261 2046 eorum
3293 1991 3425 2061 quis
3449 1997 3616 2050 esset

1977 2066 2232 2137 agnitus,
2256 2068 2484 2125 reddita
2506 2070 2618 2125 sibi
2639 2072 2792 2127 omni
2815 2074 3161 2144 captivitate
3182 2077 3446 2136 civitatis
3465 2095 3610 2154 sua,

1976 2157 2037 2209 et
2066 2156 2330 2213 oneratis
2354 2158 2644 2216 frumento
2664 2160 2930 2234 navibus,
2947 2178 3078 2220 cum
3099 2165 3319 2237 ingenti
3334 2167 3523 2239 gloria
3539 2185 3615 2228 ex

1977 2241 2171 2300 Africa
2205 2244 2273 2299 ad
2322 2247 2617 2317 propriam
2668 2249 2865 2306 sedem
2917 2265 3195 2310 reversus
3225 2259 3340 2312 est.
3389 2256 3616 2316 Claruit

1977 2333 2172 2386 autem
2196 2347 2307 2388 non
2341 2333 2529 2390 solum
2561 2335 2915 2409 eruditione,
2940 2343 3001 2394 et
3017 2342 3255 2412 copiosa
3284 2343 3421 2401 vitae
3449 2360 3617 2403 sanc-

1978 2420 2172 2491 titate,
2204 2421 2305 2477 scd
2338 2424 2512 2479 ctiam
2548 2426 2811 2496 potentia
2843 2429 3128 2487 adversus
3161 2432 3477 2492 daemones.

2047 2511 2182 2593 Ipso
2211 2510 2324 2592 die,
2361 2511 2653 2593 depositio
2685 2514 2841 2573 beati
2870 2517 3060 2576 Nieeae
3090 2520 3450 2582 Romatianas
3475 2522 3617 2582 civi-

1976 2585 2119 2638 tatis
2149 2585 2432 2654 episcopi.

2422 2699 2479 2753 F.
2524 2699 2592 2754 IX
2632 2700 2931 2759 KALEND.
2971 2705 3163 2763 JULII.

2659 2789 2751 2859 (25
2784 2790 2933 2863 Jun)

2047 2898 2255 2969 Vigilia
2286 2900 2339 2956 S.
2369 2902 2610 2957 Joannis
2644 2903 2946 2975 Baptistae.

2046 2986 2261 3045 Eodem
2280 2989 2375 3046 die
2396 2990 2833 3048 sanctiJoannis
2848 2994 3197 3068 presbyteri,
3215 3011 3384 3068 quem
3399 2997 3614 3072 impius

226 3090 310 3145 nis
331 3089 644 3145 Ριοεχεαίε,
673 3065 790 3145 Ρίο’
811 3093 1003 3145 autem
1035 3090 1313 3161 episcopo
1342 3065 1640 3159 cogn'amé
1664 3090 1734 3147 de
1756 3065 1869 3147 οῖη,
1897 3065 1946 3128 C
1973 3073 2240 3133 Julianus
2271 3077 2597 3135 inauditum
2627 3079 2720 3135 via
2751 3079 2973 3137 Salaria
3016 3065 3247 3156 vetere,
3273 3089 3408 3143 ante
3439 3088 3617 3145 simu-

226 3178 390 3235 nibus
420 3177 779 3234 Christianis
827 3192 938 3234 una
967 3193 1097 3235 eum
1131 3177 1376 3247 virgine,
1409 3178 1733 3248 requiritur
1762 3180 1870 3236 No-

226 3272 391 3324 vatus
420 3267 515 3323 vir
545 3265 665 3323 Dei.
699 3266 766 3322 Et
798 3265 934 3327 dum
968 3265 1230 3322 auditum
1275 3265 1504 3338 fuisset,
1539 3267 1672 3338 quia
1704 3269 1872 3338 aegri-

226 3354 426 3413 tudine
440 3354 846 3424 detinebatur,
870 3353 1207 3411 contristati
1233 3368 1436 3411 sumus
1461 3369 1691 3411 omnes:
1711 3356 1867 3413 beati

227 3443 508 3501 Praxedis
534 3442 683 3499 dixit
710 3442 778 3497 ad
803 3443 1035 3499 Patrem
1067 3445 1334 3499 nostrum
1367 3446 1636 3500 sanctum
1664 3443 1826 3501 Pium
1852 3464 1865 3500 :

225 3533 427 3589 Jubeat
453 3531 745 3589 sanctitas
769 3535 988 3602 vestra,
1006 3534 1068 3588 ut
1094 3545 1295 3588 eamus
1313 3531 1382 3588 ad
1406 3546 1560 3603 eum,
1587 3536 1643 3588 et
1669 3532 1872 3589 visita-

229 3622 383 3679 tione
404 3626 610 3679 nostra
625 3635 736 3678 una
759 3635 889 3677 eum
904 3620 1270 3677 orationibus
1283 3620 1499 3677 vestris
1515 3620 1865 3679 salvabitur.

227 3710 292 3766 Et
319 3710 467 3767 facta
490 3708 939 3780 constitutione,
968 3711 1140 3766 nocte
1164 3723 1277 3766 una
1299 3723 1432 3765 eum
1452 3709 1556 3765 Pio
1587 3709 1869 3783 episcopo

228 3802 285 3854 et
299 3798 525 3869 virgine
539 3796 764 3854 Domini
779 3797 1146 3868 perreximus
1161 3796 1233 3853 ad
1247 3796 1434 3854 virum
1450 3796 1549 3853 Dei
1564 3797 1866 3854 Novatum.

229 3887 483 3959 Cumque
526 3885 792 3943 audisset
823 3885 915 3942 vir
944 3885 1045 3941 Dei
1078 3886 1360 3956 Novatus,
1394 3898 1596 3943 omnes
1630 3900 1873 3957 congre-

226 3980 394 4046 gatos
421 3976 494 4033 ad
527 3989 592 4033 se
622 3975 858 4033 venisse
893 3974 1118 4044 gratias
1148 3974 1328 4046 coepit
1362 3988 1535 4045 agere
1561 3975 1699 4045 Deo,
1735 3974 1871 4047 quia

228 4063 435 4120 meruit
457 4079 488 4121 a
508 4067 717 4121 saneto
748 4062 846 4135 pio
863 4063 1137 4134 episcopo
1154 4065 1212 4119 et
1231 4062 1459 4133 virgine
1477 4062 1726 4134 Domini,
1758 4078 1870 4121 una

226 4164 361 4210 eum
387 4156 590 4210 nostra
620 4151 935 4210 devotione
973 4150 1228 4209 visitari.
1260 4153 1327 4208 Et
1364 4151 1577 4209 fuimus
1608 4151 1667 4208 in
1698 4152 1871 4210 domo

227 4240 359 4311 ejus
371 4240 582 4299 diebus
594 4256 663 4298 ac
677 4240 952 4298 noctibus
965 4244 1121 4297 octo.
1140 4241 1493 4311 Factumque
1506 4243 1597 4298 est
1613 4244 1675 4297 ut
1689 4241 1872 4298 tertio

228 4328 451 4387 decimo
467 4329 563 4388 die
586 4330 714 4402 ipse
736 4330 992 4387 Novatus
1023 4328 1114 4385 vir
1134 4328 1236 4385 Dei
1266 4329 1550 4386 transiret
1581 4329 1652 4387 ad
1684 4330 1875 4387 Domi-

226 4430 364 4475 num
393 4418 556 4489 regni
586 4415 853 4475 caelestis
882 4416 1128 4488 gloriam
1170 4421 1580 4489 percepturus.

674 4515 739 4571 D.
781 4514 851 4571 XI
892 4514 1189 4571 KALEND.
1231 4514 1424 4571 JULII.

907 4604 993 4674 (21
1025 4603 1195 4674 Jun.)

300 4692 465 4767 Apud
496 4691 779 4763 Siciliam,
814 4690 1056 4748 civitate
1096 4690 1425 4763 Syracusis,
1460 4690 1674 4748 natalis
1707 4703 1873 4746 sanc-

230 4787 420 4839 torum
452 4787 773 4854 martyrum
806 4780 997 4839 Rufini
1027 4787 1084 4839 et
1116 4781 1364 4838 Marciae.

299 4871 512 4943 Romae,
549 4876 772 4928 sanctae
802 4870 1112 4928 Demetrias
1145 4871 1409 4943 virginis,
1432 4886 1561 4943 quae
1583 4870 1689 4928 fuit
1715 4872 1869 4928 beati

229 4956 420 5017 Fausti
454 4960 594 5017 filia.
632 4960 764 5017 Hec
794 4975 925 5017 eum
973 4964 1108 5016 ante
1142 4958 1379 5031 impium
1428 4959 1719 5017 JuTianum
1766 4976 1872 5034 pro

229 5045 343 5104 fide
366 5047 581 5105 Christi
602 5047 1102 5120 introduceretur,
1129 5049 1186 5104 in
1202 5049 1404 5106 confes
1418 5049 1575 5106 :ione
1596 5050 1869 5122 spiritum

228 5136 443 5193 emisit.
500 5136 738 5209 Sepulta
771 5153 800 5193 a
834 5138 1006 5195 beato
1050 5138 1270 5194 Joanne
1316 5140 1661 5210 presbytero
1701 5138 1869 5210 juxta

228 5229 471 5282 matrem
501 5217 669 5283 suam
701 5230 961 5283 sanctam
994 5225 1370 5299 Daphrosam,
1399 5231 1457 5284 et
1489 5241 1752 5285 sororem
1778 5229 1872 5285 Jo-

227 5311 475 5387 vianam,
504 5315 677 5388 juxta
709 5313 988 5387 palatium
1020 5314 1357 5374 Lueianum.

299 5436 331 5504 θ
365 5432 552 5489 Ambr.
590 5445 765 5490 serm.
798 5437 887 5504 71,
923 5437 981 5490 et
1015 5432 1052 5490 l.
1091 5449 1144 5504 x,
1179 5433 1351 5504 epist.
1388 5437 1477 5493 83.

300 5499 331 5538 υ
363 5504 450 5576 41.
484 5499 903 5576 Pudeatiamé,
932 5505 1069 5576 vide
1098 5499 1164 5563 49
1191 5499 1367 5564 Maii.

302 5578 332 5610 °
365 5572 612 5636 Gennad.
644 5574 716 5637 de
744 5572 901 5638 Viris
931 5575 1117 5639 illust.
1151 5590 1279 5652 cap.
1316 5580 1403 5637 22.

1978 3164 2200 3223 laerum
2215 3165 2366 3222 Solis
2378 3166 2657 3224 decollari
2674 3170 3160 3243 przecepit.Cujus
3171 3187 3386 3245 corpus
3398 3189 3429 3231 a
3445 3176 3617 3236 beato

1980 3253 2308 3310 Concordio
2338 3255 2688 3326 presbytero
2732 3255 3068 3330 collectum,
3102 3264 3164 3317 et
3194 3262 3490 3335 sepultum
3521 3268 3618 3322 est

1973 3341 2140 3412 juxta
2168 3342 2417 3401 concilia
2449 3348 2789 3416 martyrum.

2051 3430 2217 3503 Apud
2250 3433 2628 3506 Britanniam,
2664 3431 2886 3493 sanctae
2917 3436 3255 3498 Edeltrudis
3279 3440 3528 3512 virginis
3556 3447 3619 3500 et

1980 3518 2217 3598 reginae,
2264 3522 2434 3591 cujus
2483 3537 2702 3595 corpus
2744 3539 2876 3582 cum
2920 3527 3090 3584 annis
3136 3528 3407 3587 undecim
3451 3535 3618 3588 esset

1980 3606 2296 3680 sepultum,
2331 3610 2737 3684 incorruptum
2769 3615 3070 3673 inventum
3101 3620 3214 3674 est.

2264 3725 2326 3780 (ἱ.
2369 3725 2491 3781 VIII
2522 3727 2818 3784 KALEND.
2852 3729 3046 3785 JULII.

2650 3814 2741 3886 (24
2775 3818 2945 3888 Jun.)

2051 3924 2339 3983 Nativitas
2368 3928 2759 3999 przecursoris
2789 3930 3016 3989 Domini
3048 3931 3097 3989 ἀ.

2407 4052 2470 4107 Α.
2512 4051 2611 4109 VII
2649 4052 2949 4115 KALEND.
2991 4054 3182 4111 JULII.

2655 4141 2748 4213 (25
2773 4142 2946 4215 Jun.)

2052 4243 2220 4315 Apud
2238 4244 2726 4320 Pyrrhiberceam,
2744 4248 2934 4307 sancti
2957 4249 3279 4323 Sosipatris
3299 4257 3325 4289 ο
3347 4248 3620 4325 discipuli

1983 4332 2169 4390 sancti
2201 4332 2364 4389 Pauli
2396 4334 2671 4405 apostoli.

1898 4419 1952 4480 D
2050 4421 2194 4476 Item
2228 4420 2379 4493 apud
2432 4422 2860 4495 Alexandriam,
2895 4425 3089 4483 natale
3122 4426 3309 4485 sancti
3340 4426 3619 4485 Gallicani

1982 4509 2277 4580 martyris.
2296 4509 2549 4576 Quicum
2574 4513 3028 4585 triumphalibus
3050 4515 3251 4573 infulis
3273 4516 3623 4575 sublimatus

1982 4603 2260 4670 acceptus
2274 4604 2431 4656 esset
2456 4604 2721 4673 Augusto
2739 4603 3120 4661 Constantino
3136 4609 3197 4661 et
3216 4605 3617 4677 charissimus,

1983 4685 2157 4742 filiam
2176 4688 2303 4759 ejus
2316 4689 2769 4747 sacratissimam
2783 4691 3065 4762 virginem
3085 4694 3483 4751 Constantiam
3507 4691 3620 4749 sibi

1982 4777 2261 4847 poscebat
2284 4792 2544 4835 uxorem.
2575 4780 2991 4838 Constantinus
3009 4796 3151 4839 vero
3164 4785 3465 4854 Augustus
3487 4794 3622 4838 con-

1978 4863 2211 4920 tristari
2243 4864 2420 4936 coepit
2446 4866 2642 4924 sciens
2665 4867 2840 4924 filiam
2862 4883 3025 4926 suam
3050 4870 3298 4942 positam
3330 4869 3387 4924 in
3411 4871 3617 4925 sancto

1980 4954 2287 5024 proposito
2308 4954 2539 5013 facilius
2559 4955 2746 5013 occidi
2764 4972 3139 5029 posse,quam
3154 4954 3470 5022 vinci.Quae
3484 4970 3617 5015 eum

1983 5041 2168 5114 patris
2201 5043 2656 5102 sollicitudinem
2689 5045 2889 5103 studio
2937 5044 3273 5103 sanctitatis
3303 5049 3618 5104 conaretur

1983 5130 2319 5205 excludere,
2336 5138 2497 5191 certa
2515 5136 2585 5192 de
2598 5136 2736 5207 Deo,
2755 5134 2902 5192 dixit
2927 5135 3080 5208 patri
3107 5154 3119 5189 :
3145 5135 3375 5206 Depone
3389 5149 3618 5195 omnem

1983 5219 2445 5281 sollicitudinem
2471 5229 2723 5297 tuam,et
2740 5229 2796 5283 te
2811 5226 3082 5282 daturum
3104 5222 3188 5279 illi
3212 5223 3519 5298 conjugem
3532 5242 3621 5286 re-

1981 5309 2349 5384 promitte,ut
2370 5313 2418 5371 si
2434 5314 2776 5386 Scytharum
2790 5311 3153 5385 superaverit
3167 5316 3623 5389 gentem,vietor

2052 5426 2081 5466 ἀ
2112 5427 2255 5485 Vide
2288 5427 2387 5486 lib.
2424 5428 2495 5485 de
2526 5431 2682 5486 Fest.
2718 5430 2920 5500 Apost.
3000 5498 3007 5500 ξ
3548 5488 3555 5493 ,

2049 5505 2075 5535 ο
2104 5499 2232 5570 Act.
2266 5515 2359 5570 xx,
2392 5501 2555 5558 Rom.
2589 5514 2700 5557 xvr.
2747 5498 2828 5556 De
2871 5512 2942 5556 eo
2993 5498 3052 5558 in
3102 5501 3298 5561 Gestis
3343 5502 3507 5563 Joan.
3556 5500 3618 5553 et

1979 5567 2165 5631 Pauli.
2198 5574 2267 5631 26
2291 5567 2436 5631 lim.
