3992 6170
376 207 474 267 291

1435 193 1490 253 S.
1535 192 1797 251 ADONIS
1834 190 2271 249 ARCHIEPISC.
2314 189 2732 250 VIENNENSIS
3638 207 3728 265 ω

374 299 550 386 simul
580 332 642 384 et
670 324 974 394 conjugem
1004 334 1093 376 me
1121 318 1394 391 accipiat.
1450 297 1793 397 Facta'sunt
1824 316 2013 374 omnia
2042 312 2102 376 Α
2127 313 2431 384 eum,utin
2445 314 2571 386 ejus
2585 315 2813 372 nomine
2835 313 3144 373 ecclesiam
3170 314 3468 375 fabricaret
3491 319 3543 376 in
3557 331 3719 397 porta,

374 415 526 474 sicut
548 415 715 483 virgo
746 408 1035 483 disposuit
1073 425 1087 475 ;
1123 412 1184 465 et
1216 406 1400 465 veluti
1433 405 1865 464 subarrationis
1890 405 2021 463 loco

377 504 590 561 dantur
603 500 720 557 duo
745 501 959 556 fratres
983 497 1232 556 eunuchi
1254 498 1507 554 Joannes
1528 499 1587 553 et
1610 496 1826 553 Paulus
1848 511 1920 552 ex
1942 493 2023 551 la-

374 595 499 647 tere
532 592 811 660 Augustae
844 587 1157 658 Callicano,
1185 589 1246 643 et
1269 585 1398 643 dum
1441 601 1701 656 sorores,
1739 585 2019 644 Gallicani

374 678 732 749 ﬁliae,Attica
746 682 805 734 et
822 676 1078 733 Artemia
1094 676 1203 748 ipsi
1224 678 1503 746 Augustae
1522 675 1855 732 traduntur:
1874 689 2022 747 quas

372 767 540 838 virgo
555 766 624 824 ad
640 767 943 823 Dominum
967 764 1278 822 Convertit.
1291 765 1474 835 Igitur
1491 763 1826 821 Gallicanus
1843 780 1872 820 a
1890 764 2023 834 Scy-

375 856 510 912 thea
532 859 706 925 gente
726 855 783 910 in
804 853 1175 910 Thraciarum
1200 852 1600 925 Philippopoli
1625 854 1768 910 urbe
1786 851 2023 910 conclu-

373 942 1092 1016 sus,metuensconﬂigere
1105 957 1237 999 cum
1251 942 1521 1013 eis,quod
1536 942 1745 1012 exigua
1765 941 1847 996 illi
1865 948 2019 999 esset

373 1031 623 1089 militum
656 1047 880 1103 manus,
913 1031 1167 1088 hostium
1217 1044 1357 1086 vero
1387 1034 1548 1086 esset
1581 1029 2023 1088 innumerabilis

375 1120 711 1191 multitudo,
738 1120 1049 1177 insistebat
1078 1118 1409 1189 sacriﬁciis,
1436 1122 1497 1175 et
1521 1119 1834 1175 Martianas
1855 1119 2023 1176 victi-

376 1222 500 1266 mas
532 1209 837 1265 ol’ferebat.
865 1208 1013 1275 Quid
1045 1206 1263 1265 multa?
1286 1207 1369 1263 Ad
1405 1206 1671 1264 ultimum
1703 1208 1892 1264 crevit
1923 1209 2023 1265 ob-

377 1296 548 1368 sidio,
575 1301 634 1353 et
656 1298 916 1354 universi
945 1296 1163 1353 tribuni
1187 1296 1312 1366 ejus
1337 1311 1400 1352 ac
1426 1296 1641 1352 milites
1664 1311 1726 1352 se
1754 1296 2024 1355 hostibus

382 1386 773 1443 tradiderunt.
794 1386 1050 1457 Cumque
1064 1389 1309 1456 cuperet
1334 1384 1591 1456 fugiendi
1615 1385 1835 1442 aditum
1860 1402 2025 1458 repe-

376 1475 516 1547 rire,
543 1474 760 1533 Paulus
783 1481 843 1532 et
862 1476 1136 1545 Joannes,
1153 1489 1225 1531 ex
1240 1475 1454 1546 quibus
1479 1475 1835 1546 praepositus
1849 1491 2020 1548 unus,

378 1562 529 1621 alter
543 1564 912 1636 primicerius
926 1567 1055 1620 erat
1069 1563 1421 1620 Constantia:
1436 1564 2022 1635 Augustae,dixerunt

377 1653 431 1710 ei
465 1672 477 1708 :
513 1654 620 1710 Fac
670 1657 870 1709 votum
918 1654 1034 1709 Deo
1080 1651 1233 1722 oceli,
1269 1652 1423 1723 quod
1466 1653 1514 1708 si
1548 1656 1606 1709 te
1656 1651 2018 1725 liberaverit,
2052 1676 2103 1735 Β

376 1741 747 1813 Christianus
776 1742 879 1798 fias
909 1745 967 1798 et
999 1741 1119 1797 eris
1158 1740 1348 1797 victor
1391 1740 1600 1799 melius
1631 1757 1802 1814 quam
1836 1743 2018 1800 fuisti.

378 1831 506 1887 Mox
520 1837 581 1888 ut
598 1835 795 1888 votum
816 1845 918 1887 ore
944 1830 1234 1902 prolatum
1257 1834 1369 1901 est,
1397 1831 1669 1902 apparuit
1692 1830 1776 1886 illi
1794 1831 2028 1902 juvenis

379 1923 608 1977 statura
629 1918 924 1990 excelsus,
945 1919 1208 1976 ferensin
1226 1919 1485 1977 humeris
1506 1934 1762 1992 crucem,
1790 1920 2021 1978 dicens:

380 2006 551 2064 Sume
579 2007 838 2079 gladium
867 2011 1054 2077 tuum,
1081 2012 1140 2063 et
1163 2021 1409 2078 sequere
1434 2022 1541 2064 me.
1572 2008 1753 2074 Quem
1777 2010 1912 2065 dum
1937 2024 2025 2067 se-

381 2099 681 2167 queretur,
700 2098 1095 2167 apparuerunt
1110 2094 1163 2151 ei
1180 2095 1313 2152 hinc
1327 2100 1387 2152 et
1402 2095 1535 2152 inde
1551 2095 1768 2153 milites
1792 2100 2021 2170 armati,
2062 2160 2072 2171 ,

377 2183 793 2240 conﬁrmantes
836 2198 988 2254 eum,
1027 2183 1294 2240 dicentes
1333 2203 1345 2239 :
1382 2185 1498 2242 Nos
1542 2185 1648 2243 tibi
1691 2188 2023 2257 praebemus

379 2270 651 2342 oﬂlcium,
671 2276 731 2329 tu
755 2271 1064 2343 ingredere
1088 2272 1347 2330 hostium
1371 2280 1588 2346 castra,
1615 2279 1671 2330 et
1699 2275 1905 2332 dextra
1931 2275 2026 2333 lae-

379 2373 567 2432 vaque
581 2359 837 2432 gladium
854 2364 1060 2418 tenens
1073 2362 1464 2434 evaginatum,
1476 2365 1701 2436 respice
1717 2381 2024 2439 quousque

380 2450 692 2522 pervenias
720 2450 792 2506 ad
825 2464 1019 2521 regem
1051 2449 1330 2522 ipsorum.
1358 2451 1482 2516 Quo
1503 2468 1634 2509 cum
1658 2456 2022 2525 pervenisset

381 2552 513 2595 cum
544 2538 632 2596 eis
664 2543 1001 2610 prostratus
1032 2552 1133 2595 rex
1167 2539 1415 2609 pedibus
1457 2540 1664 2613 ipsius,
1702 2542 2022 2614 postulavit

382 2626 605 2685 nullum
622 2627 857 2700 penitus
869 2642 942 2684 ex
954 2628 1075 2685 suis
1087 2628 1274 2685 occidi
1287 2617 1678 2699 gladio.Quod
1696 2632 2026 2691 Gallicanus

382 2729 490 2773 nec
523 2715 680 2787 fecit,
698 2731 803 2773 nec
823 2716 1001 2786 jussit
1029 2716 1109 2773 ita
1137 2717 1425 2775 universae
1446 2719 1705 2778 Thracia;
1738 2721 2022 2795 liberatae,

382 2807 440 2861 et
470 2818 616 2875 gens
649 2805 992 2876 Scytharum
1036 2805 1348 2863 tributaria
1383 2807 1535 2865 facta
1568 2815 1680 2866 est.
1719 2811 1851 2882 Ipse
1884 2828 2026 2871 vero

382 2891 464 2949 ita
491 2893 607 2950 Deo
628 2907 691 2951 se
717 2892 971 2965 devovit,
1000 2894 1262 2952 utetiam
1294 2897 1565 2969 conjugio
1603 2914 1667 2956 se
1691 2904 2024 2971 promiserit

384 2980 705 3039 abstinere.
740 2983 1064 3041 Revertens
1093 2984 1291 3056 itaque
1324 2986 1677 3061 Gallicanus,
1713 3007 1824 3049 non
1860 2995 2024 3066 prius

384 3084 687 3139 ingressus
737 3075 825 3128 est
859 3072 1117 3142 Romam,
1152 3087 1323 3143 quam
1354 3076 1426 3131 ad
1458 3091 1627 3133 sacra
1661 3080 1816 3136 beati
1867 3084 2024 3140 Petri

386 3159 639 3230 apostoli
655 3157 851 3215 limina
866 3160 1242 3230 perrexisset.
1261 3163 1676 3223 Constantinus
1688 3182 1829 3226 vero
1852 3171 2033 3245 impe-

391 3250 554 3303 rator
583 3246 742 3303 misit
762 3261 824 3303 se
848 3247 904 3303 in
929 3247 1232 3319 amplexus
1262 3250 1388 3320 ejus
1421 3256 1729 3325 postquam
1759 3262 2028 3329 cognovit

390 3334 583 3393 omnia
606 3351 735 3408 quin
758 3336 975 3392 Christi
1000 3338 1221 3409 pietate
1234 3340 1568 3398 circaillum
1599 3337 1856 3416 perfecta
1873 3357 2027 3424 sunt,

390 3424 656 3482 referens
669 3425 1010 3482 eiuniversa
1036 3441 1164 3498 quae
1185 3432 1348 3498 gesta
1373 3435 1508 3487 sunt
1534 3432 1689 3490 circa
1714 3434 1864 3493 filias
1877 3439 2026 3512 ejus,

393 3513 682 3583 quomodo
707 3517 840 3571 sunt
856 3514 1116 3586 virgines
1139 3515 1371 3573 Christo
1394 3518 1621 3576 utiliter
1642 3530 2028 3588 consecratae.

388 3601 545 3657 Tunc
577 3616 707 3659 cum
732 3604 997 3673 Augusto
1014 3603 1271 3660 intrante
1295 3604 1572 3677 palatium
1598 3609 1909 3685 Gallicano,
1938 3631 2032 3674 oc-

388 3689 576 3747 currit
592 3689 807 3748 Helena
829 3707 960 3749 cum
987 3691 1102 3749 filia
1128 3694 1560 3768 Constantia,et
1586 3697 1815 3758 ﬁliabus
1846 3703 2032 3775 ipsius

390 3776 691 3836 Gallicani.
721 3781 1137 3839 Fundebantur
1160 3781 1430 3854 lacrymae
1449 3787 1681 3856 gaudiis
1699 3788 1902 3861 plenae.
1922 3792 2030 3859 Qui

385 3879 519 3924 cum
544 3866 720 3924 vellet
746 3868 1012 3940 privatus
1041 3869 1380 3942 abscedere,
1408 3877 1649 3944 rogatus
1672 3877 1744 3933 ab
1769 3878 2031 3950 Augusto

385 3955 590 4013 consul
606 3957 892 4027 processit
908 3976 923 4021 ,ε
939 3961 996 4013 et
1013 3958 1071 4013 in
1086 3958 1346 4017 fascibus
1372 3962 1617 4034 positus,
1637 3965 1893 4037 quinque
1908 3967 2031 4023 mil-

388 4041 467 4099 lia
491 4056 795 4100 servorum
812 4042 1032 4101 liberos
1043 4045 1322 4117 civesque
1342 4048 1630 4107 Romanos
1644 4052 2030 4119 fecit.Quibus

388 4129 608 4202 praedia
637 4130 956 4203 domosque
1001 4132 1237 4190 donavit
1274 4153 1286 4189 :
1320 4142 1680 4209 cunctasque
1712 4140 2029 4201 facultates

390 4232 547 4289 suas,
572 4222 826 4290 excepto
846 4218 976 4289 jure
1000 4219 1270 4294 filiarum,
1300 4223 1549 4282 distrahi
1578 4240 1644 4283 ac
1668 4228 1870 4287 donari
1893 4245 2030 4304 pau-

388 4306 629 4379 peribus
653 4306 856 4377 jussit.
888 4309 956 4365 Et
988 4323 1051 4366 se
1085 4309 1141 4366 in
1173 4310 1424 4371 Ostiensi
1458 4315 1603 4373 urbe
1633 4319 1887 4375 manenti
1909 4321 2030 4378 cui-

2131 416 2259 473 quae
2284 418 2434 460 nunc
2456 418 2640 473 usque
2661 402 2967 460 Laurentia
2989 408 3373 474 nuncupatur.
3392 407 3630 477 Rogatus
3645 427 3727 471 au-

2127 493 2245 546 tem
2261 494 2322 547 ut
2346 490 2424 547 ibi
2448 490 2746 549 levaretur
2767 491 3080 564 episcopus
3100 506 3212 548 non
3233 494 3537 567 consensit,
3557 499 3647 556 sed
3666 515 3729 559 ex

2128 593 2231 635 sua
2262 577 2566 638 voluntate
2610 580 2734 652 ipse
2768 580 2865 651 qui
2898 580 3270 637 ordinaretur
3300 581 3492 652 elegit.
3516 586 3722 646 Tantam

2129 681 2375 739 namque
2402 668 2455 726 ei
2484 669 2732 740 gratiam
2780 669 3031 725 contulit
3086 670 3257 740 Deus,
3294 674 3356 727 ut
3405 671 3727 733 dieminibus

2130 755 2304 827 pleni,
2332 771 2464 813 mox
2496 762 2557 814 ut
2589 757 2696 815 visi
2728 747 2981 814 fuissent
3013 758 3085 813 ab
3113 757 3296 814 oculis
3326 757 3466 829 ejus,
3496 762 3733 831 protinus

2129 845 2551 903 mundarentur
2579 865 2590 900 :
2621 846 2921 917 multaque
2938 846 2992 901 in
3008 860 3078 903 eo
3093 849 3258 902 erant
3282 847 3602 906 sanctitatis
3619 851 3733 909 insi-

2126 934 2279 1004 gnia.
2312 934 2422 990 Sed
2457 950 2589 991 cum
2622 950 2651 991 a
2687 934 3029 991 Constantio
3060 934 3323 992 Julianus
3356 936 3538 993 Caesar
3568 938 3732 997 factus

2129 1028 2306 1093 esset,
2342 1023 2503 1079 dedit
2535 1023 2724 1094 legem
2750 1027 2809 1081 ut
2836 1022 3147 1080 Christiani
3183 1023 3321 1079 nihil
3344 1025 3399 1081 in
3431 1025 3535 1083 hoc
3564 1027 3736 1085 seculo

2130 1112 2690 1183 possiderent.Tunc
2711 1112 3044 1169 Gallicanus
3056 1112 3276 1169 habens
3289 1111 3342 1168 in
3360 1113 3597 1172 Ostiensi
3613 1130 3736 1188 pago

2131 1205 2385 1271 quatuor
2416 1216 2606 1273 casas,
2636 1216 2881 1272 quarum
2916 1201 3225 1273 pensiones
3245 1201 3334 1258 his
3354 1202 3616 1274 operibus
3635 1204 3738 1274 qui-

2131 1289 2241 1346 bus
2266 1288 2535 1362 diximus,
2566 1290 2972 1357 ministrabat;
3005 1290 3085 1347 ita
3118 1290 3333 1347 habere
3361 1291 3532 1347 Deum
3554 1293 3737 1350 meruit

2130 1368 2495 1436 defensorem
2526 1382 2588 1434 ut
2614 1379 2947 1449 quicunque
2972 1376 3412 1449 ingrediebatur
3433 1378 3487 1434 in
3500 1378 3739 1435 easmali-

2132 1465 2280 1522 tiose
2305 1471 2401 1522 aut
2431 1481 2648 1538 ponere
2672 1466 2878 1523 titulos
2894 1466 3042 1538 ﬁsci,
3061 1470 3160 1523 aut
3185 1466 3418 1538 exigere
3442 1466 3735 1538 pensiones,

2129 1553 2326 1610 statim
2350 1568 2379 1609 a
2405 1553 2649 1611 diabolo.
2665 1553 3024 1626 rapiebatur.
3051 1556 3121 1610 Et
3147 1554 3475 1625 quicunque
3505 1560 3737 1612 actorum

2134 1641 2261 1713 ejus
2281 1646 2436 1699 esset
2452 1648 2715 1715 exactor,
2734 1643 3003 1716 leprosus
3028 1643 3226 1701 fiebat.
3244 1646 3395 1701 Tunc
3415 1643 3738 1716 interrogata

2135 1732 2415 1789 daamonia
2439 1731 2725 1790 dederunt
2748 1747 3112 1805 responsum,
3132 1732 3308 1804 quod,
3326 1732 3433 1789 nisi
3448 1732 3741 1790 sacrificare

2133 1826 2373 1878 coactus
2385 1821 2590 1877 fuisset
2605 1819 3279 1892 Gallicanus,exactores
3296 1821 3616 1878 reddituum
3628 1819 3740 1891 ejus

2136 1910 2244 1967 ista
2269 1909 2526 1982 pericula
2550 1924 2664 1966 non
2689 1909 2961 1967 vitarent.
2990 1910 3059 1965 Et
3083 1910 3361 1980 quoniam
3385 1908 3572 1967 nullus
3594 1907 3742 1965 aude-

2137 2001 2233 2056 bat
2248 1998 2558 2056 convenire
2582 1998 2941 2055 Gallicanum
2964 1998 3036 2055 de
3058 1998 3168 2055 hoc
3199 1998 3452 2069 scelere,
3481 1996 3739 2055 mandavit

2134 2087 2186 2143 ei
2207 2087 2471 2144 Julianus
2494 2089 2703 2158 Caesar,
2721 2086 2923 2145 dicens
2948 2106 2960 2141 :
2987 2089 3102 2144 Aut
3121 2086 3388 2149 sacrifica
3416 2085 3539 2157 diis,
3556 2088 3643 2144 aut
3673 2083 3743 2140 di-

2136 2176 2309 2232 scede
2340 2191 2369 2231 a
2403 2176 2615 2233 finibus
2645 2174 2849 2232 ltaliaa.
2886 2175 2995 2242 Qui
3026 2175 3222 2233 statim
3261 2174 3483 2233 relictis
3510 2172 3744 2230 omnibus

2132 2263 2539 2321 Alexandriam
2564 2263 2754 2336 petiit,
2780 2268 2839 2320 et
2862 2263 2941 2321 ibi
2958 2263 3199 2334 junctus
3219 2270 3311 2323 est
3345 2261 3742 2322 confessoribus

2136 2352 2348 2409 Christi
2362 2366 2465 2424 per
2485 2352 2824 2409 continuum
2848 2367 3078 2409 annum.
3097 2355 3233 2410 Post
3264 2353 3439 2409 etiam
3461 2348 3739 2409 secessitin

2134 2456 2411 2511 eremum,
2436 2441 2634 2512 ibique
2657 2455 2686 2497 a
2710 2440 3229 2499 Raucianooomite
3256 2441 3614 2515 templorum,
3630 2452 3739 2496 cum

2135 2534 2448 2600 cogeretur
2458 2529 2874 2600 sacrificare,et
2888 2534 3318 2602 contemneret,
3330 2543 3632 2602 percussus
3644 2525 3744 2598 gla-

2137 2619 2233 2676 dio
2263 2619 2323 2674 in
2347 2633 2615 2690 corpore,
2651 2619 2864 2675 Christi
2916 2624 3227 2691 martyrem
3289 2620 3442 2689 fecit,
3475 2623 3637 2689 atque
3677 2616 3743 2670 ita

2137 2708 2398 2779 perrexit
2429 2707 2500 2763 ad
2531 2707 2832 2763 Dominum
2863 2707 3126 2777 gaudens
3156 2723 3297 2765 cum
3329 2706 3628 2779 triumpho.
3659 2702 3742 2760 Cui

2136 2798 2333 2854 statim
2361 2796 3134 2854 basilicam.construxerunt
3159 2797 3250 2854 sui
3283 2796 3523 2854 nominis
3546 2815 3557 2850 :
3580 2794 3633 2851 in
3653 2805 3746 2863 qua

2135 2887 2457 2943 exuberant
2491 2884 2771 2941 beneficia
2805 2886 3078 2955 martyris
3107 2900 3183 2942 ex
3201 2900 3298 2957 eo,
3325 2889 3383 2943 et
3406 2898 3551 2941 nunc
3581 2892 3740 2952 usque

2138 2975 2196 3031 in
2227 2973 2523 3032 saeculum.

2056 3027 2108 3093 Ο
2211 3064 2352 3119 Item
2383 3064 2595 3133 Romae,
2620 3067 2835 3120 sanctae
2860 3062 3051 3119 Luci-aa
3079 3062 3349 3136 virginis,
3374 3078 3500 3122 cum
3523 3060 3643 3118 aliis
3661 3056 3747 3113 tri-

2140 3151 2300 3223 ginta
2336 3152 2586 3209 duobus.

2654 3240 2713 3295 B.
2756 3240 2828 3294 VI
2870 3239 3023 3295 KAL.
3066 3239 3262 3297 JULII.

2808 3338 2899 3407 (26
2935 3337 3106 3408 Jun.)

2212 3437 2426 3505 Romaa,
2444 3436 2779 3491 sanctorum
2798 3434 3035 3490 Joannis
3046 3440 3102 3490 et
3117 3433 3287 3491 Pauli
3310 3437 3549 3492 fratrum
3562 3428 3747 3488 natale.

2143 3523 2396 3590 Quorum
2421 3523 2641 3594 primus
2664 3524 3032 3595 prmpositus,
3054 3524 3354 3582 secundus
3386 3524 3490 3582 fuit
3521 3519 3753 3595 primice-

2141 3613 2267 3669 rius
2288 3612 2640 3669 Constantiaa
2664 3612 2924 3683 virginis,
2944 3612 3076 3668 ﬁlim
3101 3610 3494 3670 Constantini.
3521 3611 3621 3678 Qui
3641 3620 3751 3664 cum

2141 3701 2295 3759 omni
2328 3700 2421 3757 die
2455 3707 2677 3757 turmas
2706 3700 3166 3757 Christianorum
3217 3706 3558 3759 recrearent
3586 3713 3653 3754 ex
3679 3693 3754 3750 bis

2139 3791 2367 3862 Opibus,
2395 3805 2538 3862 quas
2565 3790 2929 3847 sanctissima
2954 3790 3121 3860 virgo
3152 3790 3498 3848 Constantia
3531 3786 3754 3856 relique-

2139 3883 2253 3950 rat,
2280 3879 2545 3950 pervenit
2568 3878 2675 3935 boc
2702 3877 2773 3935 ad
2795 3877 3106 3934 Julianum.
3134 3878 3202 3934 Et
3226 3879 3386 3936 misit
3414 3877 3509 3951 qui
3530 3888 3626 3932 eos
3641 3884 3754 3930 con-

2138 3968 2427 4039 venirent,
2456 3967 2659 4026 dicens
2680 3968 2896 4024 debere
2919 3967 3028 4024 sibi
3051 3981 3151 4023 eos
3177 3967 3503 4026 adhaerere.
3530 3964 3615 4021 Illi
3636 3972 3756 4019 vero

2140 4057 2572 4129 responderunt
2596 4057 2750 4112 inter
2775 4055 2887 4112 alia
2914 4074 2927 4110 :
2952 4057 3064 4111 Pro
3086 4056 3402 4127 iniquitate
3435 4062 3532 4113 tua
3554 4049 3756 4110 destiti-

2139 4150 2423 4202 musatua
2449 4143 2823 4215 salutatione,
2840 4148 2899 4200 et
2924 4159 2953 4200 a
2978 4144 3262 4201 societate
3288 4143 3522 4217 imperii
3543 4141 3626 4200 tui
3647 4150 3760 4195 nos-

2140 4233 2420 4305 metipsos
2444 4232 2678 4290 omnino
2701 4233 3119 4290 subtraximus.
3138 4233 3349 4291 Sumus
3368 4234 3642 4290 enim'nos
3660 4237 3756 4283 non

2141 4320 2289 4392 falsi,
2307 4321 2410 4377 sed
2423 4321 2548 4378 veri
2569 4321 2903 4378 Christiani.
2922 4321 3145 4388 Quibus
3156 4321 3427 4380 Julianus
3447 4316 3722 4378 mandavit
3744 4330 3756 4366 :

386 4394 517 4483 dam
549 4400 754 4453 sancto
784 4396 931 4470 viro,
968 4397 1226 4456 Hilarino
1257 4402 1509 4475 nomine,
1545 4406 1811 4464 sociavit.
1848 4409 2026 4481 Cujus
2057 4383 2110 4445 D
2140 4383 2522 4467 Considerare
2545 4410 2794 4483 debetis,
2820 4412 2954 4483 quia
2972 4425 3077 4468 vos
3100 4411 3259 4481 regia
3280 4411 3414 4469 aula
3439 4407 3640 4467 nutriti
3662 4413 3757 4461 non

387 4482 786 4543 habitaculum
801 4486 1067 4559 ampliari
1086 4488 1310 4547 fecitad
1327 4494 1767 4564 peregrinorum
1790 4512 2028 4571 suscep—
2137 4498 2366 4555 debetis
2394 4498 2598 4556 deesse
2630 4514 2661 4555 a
2684 4482 2871 4556 latere
2894 4514 3040 4571 meo,
3068 4504 3131 4556 ut
3160 4499 3407 4556 habeam
3442 4514 3544 4556 vos
3565 4494 3761 4570 primos

386 4571 624 4646 tionem,
683 4589 854 4645 quam
912 4576 1037 4649 ipse
1095 4577 1365 4650 plurimis
1422 4582 1817 4655 impendebat.
1882 4587 2026 4644 Huic
2137 4587 2193 4642 in
2225 4586 2443 4659 palatio
2476 4602 2621 4644 meo.
2659 4587 2820 4654 Quod
2855 4588 2901 4645 si
2932 4592 3306 4660 contemptus
3333 4602 3363 4644 a
3400 4587 3563 4644 vobis
3592 4584 3756 4649 fuero,

385 4661 757 4720 adhaeserunt
815 4665 982 4722 multi
1040 4683 1113 4723 ex
1163 4670 1350 4727 servis
1406 4672 1544 4743 suis,
1607 4688 1753 4744 quos
1808 4674 2026 4731 liberos

385 4751 542 4808 fecit.
592 4752 660 4808 Et
710 4752 1007 4825 divulgata
1062 4761 1157 4812 est
1207 4758 1355 4814 fama
1400 4759 1528 4829 ejus
1577 4776 1680 4832 per
1723 4766 1905 4818 totum
1936 4778 2028 4819 or-

386 4839 535 4911 bem,
588 4840 669 4898 ita
707 4845 769 4899 ut
820 4844 893 4899 ab
946 4844 1185 4901 Oriente
1216 4851 1278 4901 et
1328 4845 1647 4904 Occidente
1696 4849 2021 4924 venientes,

383 4926 650 4986 viderent
666 4931 855 4987 virum
870 4946 941 4986 ex
958 4932 1223 5003 patricio,
1241 4948 1314 4988 ex
1327 4934 1585 5005 consule,
1615 4937 1711 5007 qui
1738 4942 1865 4993 erat
1890 4940 2027 4995 ami-

381 5014 657 5075 cissimus
680 5020 961 5089 Augusto,
988 5018 1276 5076 lavantem
1304 5022 1501 5093 pedes,
1529 5029 1838 5094 ponentem
1856 5042 2027 5084 mem-

384 5116 525 5173 sam,
545 5119 751 5174 aquam
768 5106 1034 5163 manibus
1057 5106 1470 5181 effundentem,
1488 5109 1901 5182 languentibus
1914 5116 2027 5173 sol-

384 5188 547 5246 licite
571 5192 1018 5266 ministrantem,
1053 5200 1111 5252 et
1144 5196 1518 5254 exhibentem
1547 5205 1766 5259 caetera
1808 5210 2026 5262 sanctae

385 5278 697 5337 servitutis
743 5283 947 5342 oﬂlcia.
985 5285 1089 5343 Hic
1120 5286 1341 5357 primus
1371 5286 1429 5344 in
1463 5287 1721 5346 Ostiensi
1753 5294 1898 5349 urbe
1930 5308 2027 5349 ex-

383 5367 601 5424 struxit
625 5370 935 5428 ecclesiam
960 5379 1018 5430 et
1043 5374 1249 5431 ditavit
1276 5375 1461 5455 officia
1485 5376 1856 5437 clericorum.
1883 5382 2026 5439 Huic

384 5468 447 5514 se
481 5459 719 5514 sanctus
750 5459 944 5517 Levita
988 5463 1337 5524 Laurentius
1368 5465 1674 5539 revelavit,
1711 5468 2028 5528 adhortans

2136 4690 2372 4733 necesse
2421 4677 2558 4731 mihi
2591 4675 2702 4731 erit
2746 4690 2940 4747 agere,
2975 4681 3036 4733 ut
3070 4677 3365 4735 contemni
3400 4690 3512 4733 non
3544 4670 3757 4748 possim.

2134 4763 2352 4820 Paulus
2369 4769 2428 4820 et
2449 4765 2701 4820 Joannes
2725 4764 2999 4821 dixerunt
3037 4784 3049 4819 :
3085 4767 3205 4821 Non
3230 4765 3337 4821 tibi
3364 4765 3609 4822 facimus
3630 4760 3760 4816 hanc

2135 4851 2425 4923 injuriam,
2448 4858 2511 4908 ut
2532 4867 2938 4924 prmponamus
2956 4854 3061 4910 tibi
3087 4854 3572 4925 qualemcumque
3585 4859 3762 4923 perso-

2136 4957 2295 5009 nam;
2317 4943 2494 4998 Deum
2516 4941 2623 4997 tibi
2648 4944 3054 5015 praeponimus,
3075 4944 3172 5014 qui
3193 4945 3331 5000 fecit
3353 4943 3567 5001 ccelum
3585 4943 3641 4996 et
3658 4942 3764 4992 ter-

2136 5045 2278 5101 ram,
2327 5045 2482 5086 mare
2528 5035 2585 5086 et
2629 5031 2818 5087 omnia
2849 5047 2976 5103 quae
3008 5033 3064 5088 in
3101 5034 3188 5089 eis
3230 5036 3385 5089 sunt.
3425 5034 3495 5088 Et
3538 5028 3682 5087 scire
3709 5026 3762 5077 te

2135 5117 2401 5176 volumus
2432 5119 2565 5191 quia
2590 5134 2882 5191 nunquam
2902 5120 2974 5177 ad
2997 5120 3411 5178 salutationem
3438 5125 3613 5187 tuam,
3636 5126 3764 5172 nun-

2137 5222 2306 5279 quam
2321 5207 2388 5263 ad
2406 5207 2697 5264 culturam
2716 5212 2896 5279 tuam,
2915 5224 3205 5279 nunquam
3223 5210 3292 5265 ad
3311 5207 3594 5280 palatium
3609 5209 3762 5260 tuum

2135 5297 2451 5353 veniemus.
2476 5296 2698 5362 Quibus
2716 5296 2981 5355 Julianus
2999 5299 3078 5354 ait
3110 5318 3121 5352 :
3150 5299 3357 5355 Decem
3383 5296 3593 5353 diebus
3613 5288 3765 5347 vobis

2137 5397 2167 5438 a
2201 5397 2287 5439 me
2318 5384 2532 5441 dantur
2555 5383 2801 5441 induciae
2828 5404 2840 5439 :
2867 5386 3091 5442 decima
3112 5389 3412 5442 transacta
3435 5383 3534 5439 Dei
3570 5379 3762 5452 sponte

2137 5471 2207 5529 ad
2227 5486 2316 5528 me
2340 5472 2646 5530 venientes
2666 5490 2677 5526 :
2702 5474 2920 5532 amicos
2935 5490 3038 5532 vos
3058 5474 3322 5546 habeam,
3341 5486 3456 5529 non
3477 5467 3767 5527 venientes
