4004 6168
211 233 316 287 993

956 226 1556 288 MARTYROLOGIUM
1596 229 1738 293 CUM
1778 229 2307 289 ADDITAMENTIS.
2348 258 2417 271 ——
2457 231 2658 287 MENS.
2699 230 2844 288 JUN.

3505 237 3611 292 99L

211 367 371 423 vero,
409 357 683 421 tanquam
715 350 918 406 hostes
950 351 1216 421 publicos
1248 354 1442 424 punio.
1477 355 1630 412 Tunc
1661 354 1848 412 sancti
1880 355 1936 416 A
1967 353 2072 424 dit,
2100 353 2295 425 ibique
2316 353 2647 410 Zachariam
2671 353 3024 425 discipulum
3052 369 3156 425 pro
3179 368 3244 412 se
3265 355 3606 429 episcopum

208 441 319 498 viri
341 442 594 497 Joannes
617 443 676 495 et
700 438 913 495 Paulus
940 439 1302 496 Christianos
1325 444 1392 498 ad
1420 459 1482 498 se
1512 443 1846 513 invitantes,

211 529 635 587 ordinaverunt
655 528 724 583 de
747 526 1014 583 omnibus
1039 543 1164 599 qua:
1199 529 1530 601 relinquere
1557 537 1848 603 poterant,

212 633 317 691 per
337 622 498 673 totos
516 617 715 672 decem
739 615 865 672 dies
888 616 1251 672 incessanter
1271 619 1363 675 die
1388 626 1680 691 noctuque
1703 620 1852 677 elec-

212 705 468 777 mosynis
483 706 843 762 insistentes.
861 706 961 760 Die
976 721 1114 762 vero
1131 707 1430 763 undecima
1451 714 1585 764 sunt
1604 710 1853 765 constri-

210 796 290 852 cti
317 795 469 852 intra
493 808 656 850 suam
679 793 928 848 domum.
953 793 1162 849 Missus
1184 807 1428 864 namque
1451 800 1543 850 est
1563 796 1854 851 Terentia-

211 885 321 942 dus
334 883 744 956 compiductor
757 883 827 938 ad
850 896 954 938 eos
967 897 1096 938 cum
1110 881 1393 940 militibus
1408 885 1547 940 hora
1562 884 1848 942 ccenandi.

212 975 317 1041 Qui
342 975 666 1043 ingressus,
689 972 908 1028 invenit
930 986 1033 1028 eos
1054 977 1312 1042 orantes,
1337 980 1396 1029 et
1429 975 1576 1030 dixit
1599 976 1685 1032 eis
1712 996 1723 1029 :
1749 978 1855 1032 Do-

213 1063 401 1120 minus
419 1065 624 1118 noster
640 1060 906 1117 Julianus
924 1061 1319 1118 statunculum
1343 1076 1578 1118 aureum
1601 1065 1762 1122 Jovis
1783 1067 1852 1122 ad

1959 443 2270 500 ordinavit.
2308 443 2560 499 Rediens
2593 456 2732 497 vero
2771 443 2839 497 ad
2866 447 3126 511 gentem;
3153 443 3244 499 cui
3269 444 3607 515 specialiter

1961 532 2150 588 fuerat
2181 532 2495 603 episcopus
2530 530 2731 600 datus,
2768 530 3020 599 Galatas,
3055 545 3239 600 usque
3271 533 3340 588 ad
3374 533 3604 591 beatum

1963 621 2131 676 finem
2163 621 2299 677 vitze
2331 635 2450 677 sum
2483 621 2535 675 in
2569 634 2746 691 opere
2779 619 3001 675 Domini
3045 621 3418 676 confortavit.

2033 709 2198 780 Apud
2211 709 2566 764 Tiburtinam
2582 708 2761 764 Italiae
2777 723 2897 764 suae
2913 707 3023 762 civi
3036 707 3433 777 tatem,natale
3447 723 3606 766 sanc-

1962 802 2038 854 tae
2059 799 2482 868 Symphorosze:
2514 797 2664 853 beati
2693 796 2904 852 Getulii
2932 796 3206 866 martyris
3231 796 3451 867 uxoris,
3479 813 3605 854 cum

1963 892 2185 958 septem
2208 885 2361 955 filiis,
2381 887 2714 954 Crescente,
2731 885 3606 956 Juliano,Nemesio,Primitivo,

1960 975 2212 1044 Justino,
2239 976 2494 1040 Stacteo,
2522 974 2797 1043 Eugenio,
2823 990 2952 1030 cum
2993 974 3205 1044 quibus
3235 973 3407 1030 simul
3440 987 3609 1045 passa

1963 1071 2052 1120 est
2074 1065 2184 1120 sub
2207 1063 2459 1118 Adriano
2485 1063 2746 1134 principe
2777 1083 2788 1117 ε
2825 1063 2920 1133 qui
2951 1063 3131 1134 ipsam
3165 1061 3611 1134 Sympborosam

212 1149 1668 1220 vosmisit,utadoretisillud,etthuraincendatis.
1691 1153 1853 1221 Quod
1957 1152 2137 1222 jussit
2171 1151 2372 1223 palmis
2404 1153 2570 1220 czedi,
2607 1152 2816 1208 deinde
2862 1151 3140 1224 suspendi
3182 1151 3464 1208 crinibus.
3500 1150 3612 1207 Sed

220 1241 267 1295 si
301 1255 414 1296 non
449 1238 734 1307 feceritis,
767 1238 935 1292 ambo
967 1238 1138 1294 modo
1167 1239 1368 1308 gladio
1398 1241 1698 1297 fcriemini.
1734 1245 1854 1299 Non

214 1330 360 1384 enim
385 1329 560 1384 decet
578 1342 687 1383 vos
705 1327 855 1382 intra
869 1325 1062 1382 aulam
1084 1328 1359 1397 nutritos,
1380 1329 1611 1400 publice
1629 1332 1860 1388 occida-

217 1417 368 1472 mini.
385 1419 714 1472 Joanneset
731 1415 944 1472 Paulus
959 1415 1232 1471 dixerunt
1251 1435 1261 1469 :
1279 1417 1540 1474 Julianus
1554 1419 1600 1474 si
1620 1425 1858 1477 tuusest

216 1506 511 1574 Dominus,
540 1505 752 1560 habeto
785 1509 1006 1575 partem
1027 1520 1155 1560 cum
1177 1505 1446 1562 coznobis
1464 1514 1655 1564 autem
1681 1509 1860 1565 domi-

218 1611 317 1651 nus
340 1595 499 1650 aliud
525 1609 636 1650 non
661 1597 772 1664 est,
797 1593 905 1648 nisi
941 1608 1090 1650 unus
1117 1596 1289 1665 Deus,
1309 1597 1484 1652 Pater
1507 1602 1566 1652 et
1595 1597 1773 1654 Filius
1800 1605 1860 1655 et

1965 1257 2094 1298 cum
2136 1241 2400 1312 superari
2437 1239 2772 1297 nullatenus
2805 1239 3229 1312 posset;jussit
3257 1254 3382 1295 eam
3414 1239 3616 1309 alliga-

1968 1335 2026 1386 to
2065 1330 2274 1386 saxoin
2313 1329 2548 1386 fluvium
2583 1329 2960 1400 prwcipitari.
2993 1329 3170 1398 Cujus
3209 1329 3390 1385 frater
3433 1329 3614 1399 Euge-

1970 1419 2098 1473 nius
2131 1418 2309 1473 eurize
2353 1417 2690 1488 principalis
2729 1417 3046 1474 Tiburtinze
3079 1417 3364 1487 colligens
3397 1431 3615 1488 corpus

1967 1507 2093 1576 ejus
2125 1506 2414 1576 sepelivit.
2453 1507 2611 1561 Mane
2646 1510 2838 1561 autem
2875 1507 3048 1574 facto,
3083 1506 3400 1577 imperator
3434 1505 3615 1575 jussit

1970 1600 2192 1666 septem
2227 1595 2320 1664 figi
2356 1595 2610 1665 stipites,
2645 1595 2840 1666 ibique
2877 1595 3028 1650 ﬁlios
3055 1594 3182 1664 ejus
3213 1594 3284 1649 ad
3319 1593 3617 1651 trochlear

216 1684 468 1774 Spiritus
491 1682 1042 1774 sanctus,qucmille
1059 1698 1270 1754 negare
1285 1686 1624 1742 nontimuit.
1644 1689 1712 1743 Et
1727 1689 1860 1759 quia
1892 1713 1946 1774 Β
1973 1682 2230 1752 extendi,
2265 1688 2325 1738 et
2359 1685 2729 1741 Crescentem
2765 1683 2818 1738 in
2851 1688 3091 1754 gutture
3126 1683 3410 1753 transfigi,
3443 1683 3620 1740 Julia-

216 1771 393 1828 semel
423 1787 455 1826 a
489 1772 636 1828 facie
668 1771 766 1826 Dei
801 1771 1099 1842 projectus
1122 1777 1232 1838 est,
1262 1773 1462 1830 vultet
1495 1775 1642 1832 alios
1666 1791 1861 1834 secum

216 1861 266 1916 in
298 1859 611 1915 interitum
644 1858 937 1914 devenire.
971 1860 1126 1914 Tunc
1156 1861 1537 1918 Terentianus
1570 1862 1707 1919 fecit
1741 1864 1863 1920 fleri

217 1951 443 2004 foveam
480 1948 635 2002 intra
669 1945 899 2003 domum
931 1962 1152 2017 eorum,
1177 1958 1238 2003 ut
1268 1950 1392 2004 sine
1425 1951 1678 2022 strepitu
1704 1953 1866 2009 fama:

220 2039 575 2110 punirentur
611 2057 623 2091 :
658 2041 717 2092 et
748 2036 831 2092 sic
865 2036 1168 2106 decollari,
1203 2038 1518 2110 statimque
1560 2041 1773 2096 involvi
1808 2047 1868 2097 et

217 2126 419 2198 reponi
444 2125 662 2194 jussit;
695 2124 1022 2194 divulgans,
1052 2124 1206 2194 quod
1227 2123 1396 2194 jussu
1429 2127 1675 2184 Caesaris
1706 2129 1866 2186 missi

221 2215 469 2271 fuissent
503 2213 561 2268 in
591 2211 882 2269 exsilium.
917 2213 1124 2267 Statim
1157 2217 1350 2269 autem
1399 2220 1460 2270 ut
1503 2215 1769 2273 Julianus
1812 2218 1866 2274 in

220 2303 368 2360 bello
446 2303 757 2358 Persarum
825 2301 1172 2357 interfectus
1230 2308 1342 2372 est,
1401 2303 1642 2360 Joviano
1713 2306 1868 2362 facto

220 2391 722 2449 Christianissimo
753 2391 1125 2462 imperatore,
1161 2396 1379 2462 apertae
1411 2398 1547 2449 sunt
1577 2395 1866 2467 ecclesiae,

221 2481 473 2552 etcmpit
495 2479 704 2549 religio
720 2480 1045 2534 Christiana
1065 2481 1659 2549 gaudere.D:emones
1679 2489 1870 2542 autem

221 2585 284 2626 ex
297 2569 572 2626 obsessis
587 2569 936 2639 corporibus
960 2569 1112 2623 intra
1129 2569 1359 2625 domum
1375 2571 1612 2627 Joannis
1625 2576 1685 2627 et
1705 2573 1870 2629 Pauli

223 2659 636 2729 ejiciebantur,
653 2657 1004 2713 confitentes
1026 2662 1285 2713 sanctam
1304 2659 1631 2729 passionem
1647 2675 1868 2728 eorum,

227 2749 301 2802 ita
335 2753 404 2803 ut
432 2746 641 2802 unicus
666 2745 820 2800 filius
841 2746 1191 2815 Terentiani,
1211 2746 1304 2816 qui
1330 2762 1432 2804 eos
1457 2747 1873 2820 decollaverat,

229 2836 463 2891 veniret
493 2836 643 2890 intra
687 2835 916 2890 domum
959 2840 1316 2904 sanctorum,
1351 2840 1409 2891 et
1455 2836 1733 2892 clamaret
1774 2853 1874 2908 per

227 2941 292 2981 os
315 2924 451 2994 ejus
475 2924 718 2991 daemon,
739 2923 889 2992 quod
911 2921 1125 2978 Paulus
1147 2925 1472 2980 etJoannes
1492 2925 1875 2981 incenderent

227 3029 375 3070 eum.
425 3014 582 3068 Tunc
625 3011 1006 3067 Terentianus
1046 3013 1304 3082 veniens,
1352 3015 1673 3084 prostravit
1713 3028 1775 3070 se
1817 3015 1870 3070 in

230 3103 438 3160 faciem
470 3101 748 3170 clamans,
785 3102 936 3171 quod
972 3103 1240 3158 nesciens
1269 3103 1407 3173 quid
1443 3104 1661 3160 faceret
1701 3103 1872 3160 homo

231 3191 684 3262 paganissimus,
697 3189 1018 3259 jussionem
1038 3192 1285 3247 Caesaris
1304 3192 1702 3264 adimplesset.
1719 3197 1880 3252 Unde

231 3281 449 3337 factum
470 3284 586 3348 est,
603 3283 667 3334 ut
687 3278 823 3334 dato
844 3280 1072 3334 nomine
1097 3296 1222 3350 suo,
1241 3281 1504 3351 proximo
1529 3282 1622 3338 die
1643 3284 1881 3342 Paschze

231 3370 573 3441 perciperet
590 3367 836 3438 gratiam
858 3368 1092 3423 Christi.
1113 3370 1180 3424 Et
1203 3370 1436 3426 assidue
1458 3385 1633 3427 orans
1655 3378 1715 3427 et
1738 3373 1882 3430 flens

231 3460 295 3514 ad
328 3459 534 3516 locum
569 3457 729 3513 illum
761 3461 907 3525 erat,
937 3457 991 3512 in
1027 3473 1140 3528 quo
1165 3463 1499 3515 sanctorum
1522 3476 1771 3533 corpora
1797 3478 1884 3518 re-

234 3549 571 3621 quiescunt,
607 3547 792 3602 donec
823 3560 852 3600 a
883 3546 1105 3602 sanctis
1137 3546 1235 3600 Dei
1270 3546 1424 3603 filius
1454 3547 1581 3617 ejus
1613 3551 1886 3606 emunda-

234 3644 419 3696 retur.
457 3639 529 3694 Et
561 3636 632 3692 ad
667 3635 792 3707 ipso
829 3634 1176 3690 Terentiano
1218 3636 1514 3708 descripta
1554 3642 1645 3693 est
1688 3641 1882 3710 passio

235 3727 443 3784 horum
485 3728 826 3795 martyrum.
861 3723 1022 3779 Passi
1067 3728 1202 3779 sunt
1242 3729 1433 3782 autem
1473 3741 1527 3782 γι
1567 3725 1688 3782 Kal.
1723 3728 1879 3784 Julii.

778 3813 835 3867 C.
891 3814 930 3868 V
983 3813 1120 3867 KAL
1157 3815 1347 3870 JULIl.

909 3902 1008 3973 (27
1044 3904 1224 3972 Jun.)

301 4007 329 4037 ι
364 3995 536 4066 Apud
571 3993 1321 4065 Galatiam,B.Crescentis,
1349 3994 1621 4066 discipuli
1651 3997 1704 4051 S.
1723 3995 1884 4053 Pauli

239 4083 495 4157 apostoli
512 4085 622 4152 (II
635 4083 992 4153 Tim.rv),qui
1009 4081 1078 4137 ad
1095 4081 1308 4139 Gallias
1324 4085 1631 4142 transitum
1647 4085 1884 4152 faciens,

240 4175 424 4230 verbo
447 4171 891 4244 praedicationis
909 4170 1126 4227 multos
1138 4172 1208 4227 ad
1225 4171 1392 4227 fidem
1413 4172 1626 4228 Christi
1647 4188 1888 4230 conver-

242 4263 329 4333 tit,
355 4261 599 4319 Viennae
623 4259 862 4317 civitate
888 4258 1200 4316 Galliarum
1221 4275 1323 4332 per
1345 4259 1571 4332 aliquot
1593 4276 1780 4320 annos
1803 4278 1890 4320 se-

306 4398 334 4426 ι
366 4385 498 4442 Ado
533 4385 590 4439 in
633 4383 842 4439 Chron.
879 4398 1007 4440 ann.
1045 4390 1148 4441 110

306 4458 335 4496 δ
355 4457 456 4516 Ad
472 4456 693 4527 septem
715 4455 1106 4512 ὺίοιΙιιιηαιοδ.
1126 4454 1437 4512 Christiani
1463 4457 1598 4513 olim
1619 4459 1691 4514 ab
1708 4457 1894 4514 ethni-

244 4529 328 4586 cis
381 4526 719 4598 ignominiae
769 4539 943 4582 causa
992 4527 1349 4583 Biothanati
1391 4528 1554 4598 dicti,
1589 4529 1743 4598 quod
1778 4535 1891 4584 tam

245 4597 516 4670 prompte
551 4611 614 4670 se
649 4598 819 4652 morti
853 4603 1234 4670 exponerent,
1269 4603 1327 4652 et
1350 4597 1621 4670 iviolenta’
1647 4604 1832 4654 morte
1865 4615 1896 4654 e

248 4667 363 4725 vita
398 4667 782 4736 excederent,
820 4667 942 4723 non
965 4667 1233 4724 naturali.
1271 4669 1422 4723 Infra
1468 4684 1527 4724 m
1571 4671 1726 4739 Sept.
1761 4670 1897 4725 Bio-

249 4742 505 4797 thanata
521 4739 881 4810 tet-maleﬁca.
903 4739 1066 4808 Apud
1083 4739 1318 4808 magica:
1334 4739 1461 4810 vani
1475 4739 1897 4794 tatisauctores

251 4827 360 4867 vox
395 4813 520 4867 haec
547 4809 785 4875 usitata,
809 4816 872 4865 ut
895 4811 1154 4865 ostendit
1177 4809 1514 4865 Tertullian.
1543 4810 1642 4864 lib.
1671 4810 1741 4864 de
1769 4811 1900 4864 Ani-

250 4897 358 4953 ma,
397 4898 507 4952 cap
538 4887 626 4936 57.
656 4901 684 4931 ‹‹
710 4883 821 4936 Aut
845 4880 1125 4953 optimum
1158 4884 1249 4936 est
1281 4881 1374 4937 hic
1408 4881 1667 4953 retineri,
1695 4896 1900 4937 secun-

251 4951 386 5009 dum
413 4951 644 5008 Ahoros
662 4971 673 5006 :
690 4954 789 5007 aut
811 4951 1143 5022 pessimum,
1160 4953 1478 5007 secundum
1500 4952 1897 5022 Biothanatos,

252 5028 315 5079 ut
348 5025 496 5094 ipsis
523 5023 640 5092 jam
675 5021 981 5094 vocabulis
1014 5026 1164 5091 utar,
1193 5023 1405 5090 quibus
1428 5023 1658 5078 auctrix
1680 5023 1903 5094 opinio-

254 5092 389 5149 num
423 5095 672 5164 istarum
706 5092 927 5163 magica
961 5097 1150 5148 sonat.
1178 5112 1204 5143 »
1231 5094 1372 5148 Item
1413 5095 1565 5164 apud
1599 5092 1898 5164 PhySicos.

255 5165 516 5236 Servius,
538 5180 594 5222 IV
610 5163 833 5219 Aineid.
855 5183 866 5218 :
887 5183 914 5215 «
939 5163 1148 5236 Dicunt
1173 5164 1412 5235 physici,
1432 5163 1901 5236 biothanatorum

256 5237 479 5316 _a‘n‘i'mas
504 5234 628 5292 non
662 5235 842 5306 recipi
870 5236 928 5316 _in
963 5234 1456 5316 oriigineni'suam.
1483 5235 1703 5316 {Apud
1728 5237 1906 5316 Cene-

258 5305 513 5363 thliacos
537 5323 651 5362 vox
674 5320 740 5362 ea
764 5305 992 5378 crebra.
1021 5305 1384 5378 Lampridius
1407 5306 1462 5361 in
1487 5305 1863 5378 Heliogabalo
1890 5325 1902 5360 :

262 5378 385 5449 gEt
418 5378 764 5449 praedictum
816 5377 1001 5433 eidem
1050 5377 1237 5449 erata
1271 5377 1680 5435 sacerdotibus
1725 5377 1902 5449 Syris,

265 5447 669 5530 biothanatu‘m
702 5463 764 5530 se
796 5450 1072 5530 futurum.
1101 5466 1130 5500 ››
1159 5448 1444 5530 .Sicapud
1473 5449 1687 5530 {ulium
1709 5447 1907 5530 Firmi:

264 5532 398 5577 cum
414 5535 572 5580 more
602 5520 954 5581 biothanata
988 5519 1204 5579 Graecis
1228 5519 1447 5580 dicitur
1473 5525 1807 5602 βιοθάνατος,
1847 5524 1908 5578 et

1904 3065 1954 3129 C

1976 1789 2108 1831 num
2141 1774 2195 1829 in
2230 1778 2490 1844 pectore,
2518 1772 2840 1828 Nemesium
2867 1773 2922 1827 in
2948 1771 3146 1842 corde,
3175 1771 3537 1827 Primitivum
3561 1770 3618 1826 in

1975 1863 2272 1930 umbilico,
2305 1861 2594 1917 Justinum
2631 1876 2732 1932 per
2767 1861 3021 1917 membra
3063 1861 3385 1917 distentum
3431 1858 3622 1916 scindi

1976 1969 2080 2025 per
2112 1951 2375 2021 singulos
2407 1949 2675 2020 corporis
2708 1950 2894 2005 nodos
2915 1948 3441 2020 atquejuncturas,
3463 1948 3624 2003 Stac-

1977 2047 2133 2098 teum
2166 2039 2384 2096 lanceis
2410 2036 2954 2107 innumerabilibus,
2981 2037 3166 2093 donec
3196 2041 3546 2105 moreretur,
3565 2034 3621 2091 in

1961 2135 2132 2186 terra
2178 2127 2418 2196 configi;
2455 2126 2770 2196 Eugenium
2809 2125 2946 2180 findi
2979 2139 3008 2179 a
3043 2129 3282 2197 pectore
3314 2139 3500 2194 usque
3549 2123 3622 2180 ad

1979 2219 2286 2274 inferiores
2319 2221 2532 2288 partes.
2572 2215 2768 2270 Altera
2803 2218 2996 2270 autem
3030 2213 3123 2270 die
3157 2213 3446 2270 Adrianus
3479 2226 3623 2284 prae-

1978 2307 2134 2380 cepit
2165 2319 2412 2378 corpora
2444 2319 2645 2360 eorum
2679 2301 2851 2358 simul
2884 2302 3122 2371 auferri,
3143 2307 3203 2357 et
3229 2300 3437 2373 projici
3461 2301 3516 2356 in
3544 2300 3625 2356 fo-

1980 2411 2140 2452 veam
2174 2395 2366 2450 altam.
2396 2395 2464 2448 Et
2490 2397 2816 2464 posuerunt
2849 2391 3161 2462 pontifices
3190 2404 3492 2447 sacrorum
3526 2403 3627 2445 no-

1979 2500 2108 2542 men
2139 2483 2249 2540 loci
2275 2482 2504 2538 illiuszb
2527 2481 2608 2538 Ad
2635 2485 2858 2552 septem
2882 2480 3242 2536 Biotanatos.
3267 2477 3468 2535 Natale
3487 2492 3628 2536 vero

1981 2573 2074 2628 SS.
2111 2576 2427 2642 martyrum
2459 2574 2549 2626 est
2583 2587 2613 2624 v
2645 2569 2766 2624 Kal.
2792 2568 2948 2624 Julii.
2980 2567 3235 2634 Quorum
3260 2580 3508 2638 corpora
3543 2579 3633 2623 re-

1983 2662 2291 2733 quiescunt
2322 2660 2411 2715 via
2452 2658 2774 2725 Tiburtina,
2812 2656 3084 2712 milliario
3133 2671 3305 2712 nono.

2035 2749 2267 2816 _Eodem
2293 2747 2384 2804 die
2411 2747 2695 2802 Corduba:
2720 2746 2775 2800 in
2805 2744 3113 2815 Hispaniis,
3141 2742 3354 2800 natalis
3376 2740 3628 2799 SS.Zolii

1982 2844 2041 2895 et
2074 2836 2318 2892 aliorum
2353 2836 2552 2891 decem
2587 2837 2645 2890 et
2680 2848 2903 2889 novem.

2055 2928 2186 2997 Ipso
2221 2925 2312 2980 die
2344 2929 2509 2994 gesta
2555 2923 2787 2992 Septem
2828 2919 3268 2976 Dormientium.

2391 3040 2403 3052 -
2483 3013 2542 3064 D.
2600 3010 2669 3064 IV
2731 3011 2886 3064 KAL.
2939 3008 3130 3064 JULII.

2666 3098 2684 3168 (
2697 3103 2766 3153 28
2786 3097 2958 3165 Jun.)

2063 3187 2268 3258 Vigilia
2299 3185 2702 3258 apostolorum
2739 3183 2896 3240 Petri
2929 3189 2988 3239 et
3019 3182 3203 3240 Pauli.

2063 3281 2196 3349 Ipso
2230 3277 2342 3347 die,
2377 3275 2590 3330 natalis
2621 3276 2674 3328 S.
2713 3273 2920 3329 Leonis
2953 3274 3141 3344 Papae.

2063 3377 2086 3404 ο
2120 3365 2282 3437 Apud
2318 3365 2654 3434 Lugdunum
2690 3361 2908 3429 Galliae,
2946 3360 3139 3416 natale
3179 3361 3232 3414 S.
3271 3359 3472 3416 lrenzei
3517 3359 3638 3431 epi-

1994 3455 2178 3527 scopi.
2217 3454 2346 3522 Qui,
2384 3455 2443 3507 B.
2480 3452 2729 3507 Photino
2756 3465 2936 3522 prope
2961 3449 3354 3520 nonagenario
3379 3449 3454 3504 ob
3479 3447 3637 3503 Chri-

1994 3545 2070 3600 sti
2117 3543 2457 3612 martyrium
2501 3546 2804 3608 coronato,
2850 3539 2907 3594 in
2953 3537 3144 3594 locum
3194 3536 3321 3606 ejus
3361 3535 3635 3592 sucessit.

1994 3633 2172 3699 Quem
2192 3632 2365 3685 etiam
2387 3633 2619 3685 constat
2642 3627 2964 3683 beatissimi
2988 3625 3290 3696 Polycarpi
3311 3623 3642 3681 sacerdotis

1994 3726 2052 3778 et
2086 3719 2358 3788 martyris
2412 3718 2590 3772 fuisse
2643 3715 3016 3786 discipulum,
3069 3719 3129 3769 et
3179 3711 3640 3784 apostolicorum

1998 3815 2320 3879 temporum
2335 3805 2607 3860 vicinum.
2627 3805 2838 3859 Postea
2865 3817 3004 3858 vero
3031 3801 3442 3872 persecutione
3474 3799 3644 3854 Seve-

1995 3899 2043 3953 ri
2076 3911 2204 3952 cum
2224 3895 2377 3950 omni
2404 3894 2523 3948 fere
2543 3891 2806 3948 civitatis
2826 3905 2945 3947 suae
2968 3888 3183 3960 populo
3201 3887 3460 3958 gloriose
3475 3901 3642 3942 coro-

1996 3992 2169 4044 natur
2192 3982 2491 4052 martyrio.
2519 3979 2796 4052 Sepultus
2819 3983 2911 4036 est
2933 3993 2963 4034 a
2993 3977 3268 4035 Zacharia
3294 3976 3640 4048 presbytero

1996 4077 2053 4132 in
2073 4078 2277 4144 crypta
2304 4070 2563 4127 basilicae
2591 4069 3000 4141 beatiJoannis
3021 4066 3299 4138 Baptista
3317 4065 3427 4122 sub
3446 4061 3639 4119 altari.

1997 4163 2098 4221 Cui
2131 4165 2202 4219 ab
2233 4175 2348 4218 uno
2383 4159 2568 4215 latere
2601 4157 2940 4229 Epipodius,
2981 4158 3052 4212 ab
3083 4155 3272 4212 altero
3314 4151 3646 4211 Alexander

1997 4257 2218 4322 martyr
2249 4254 2340 4306 est
2366 4247 2708 4306 tumulatus.
2737 4245 2916 4317 llujus
2939 4250 3160 4317 cryptze
3185 4248 3298 4300 tam
3323 4239 3644 4300 reverenda

1999 4372 2372 4449 βιαιοθάνατος
2397 4367 2784 4449 ζ-εξῐὲβιοθανῇμς
2811 4383 2837 4422 a
2868 4367 2966 4449 βίςι
2995 4366 3055 4449 et
3084 4367 3309 4449 θςὶχᾳτος
3337 4373 3494 4449 mors
3512 4370 3646 4449 mon

1922 4421 1972 4480 Ι)
1999 4421 2372 4516 ῗιῖέέξξιῇὶίὰ
2402 4421 2703 4516 massa:
2725 4421 2824 4498 lib.
2853 4421 2888 4496 ,ἱ
2913 4421 3319 4516 Orig.,li‘ttera
3355 4439 3393 4494 Β
3419 4458 3443 4516 :_
3460 4457 3505 4516 a_
3522 4436 3648 4516 Bio-

2006 4507 2300 4585 thanatus,
2337 4515 2490 4586 quod
2523 4519 2617 4586 est
2651 4514 2739 4586 bis
2771 4507 3054 4586 mortuus.
3081 4507 3118 4586 ᾧ
3153 4513 3291 4586 Imo_
3315 4524 3344 4566 a
3367 4507 3648 4586 __violenta

2005 4593 2214 4657 morte,
2249 4581 2418 4664 quam
2451 4586 2541 4640 vel
2575 4585 2684 4664 sibi
2721 4585 2816 4655 qui
2853 4583 3160 4664 conciscit,
3197 4583 3294 4664 qui
3321 4581 3474 4664 alias
3496 4585 3650 4637 αὐτο·

2004 4653 2230 4725 θάνατός
2262 4653 2352 4714 vel
2387 4671 2554 4728 quam
2592 4653 2978 4725 quis‘sponte
3011 4653 3277 4710 incurrit.
3315 4653 3645 4722 Cassianus,

2007 4739 2206 4796 collat.
2245 4752 2302 4804 η,
2337 4738 2408 4794 de
2437 4735 2988 4805 Discretione,cap.
3023 4739 3072 4804 5,
3109 4733 3179 4789 de
3211 4735 3438 4791 Herone
3486 4748 3646 4805 sene,

2010 4811 2104 4879 qui
2131 4824 2160 4863 a
2186 4808 2421 4864 diabolo
2449 4808 2732 4876 deceptus
2757 4819 2818 4860 se
2839 4804 2894 4860 in
2917 4804 3152 4879 puteum
3175 4805 3532 4875 pracipitem
3555 4804 3651 4859 de-

2011 4875 2212 4937 derat:
2239 4898 2266 4929 «
2289 4875 2670 4945 Quamobrem
2697 4891 2801 4946 pro
2823 4875 3048 4931 meritis
3074 4876 3332 4931 laborum
3356 4879 3650 4946 tantorum

2010 4957 2070 5008 et
2101 4965 2380 5006 annorum
2405 4945 2829 5004 numerositate
2853 4961 2962 5016 qua
2987 4947 3043 5002 in
3067 4960 3261 5002 eremo
3287 4945 3646 5016 perduravit,

2012 5037 2079 5077 ac
2131 5020 2510 5077 miseratione
2544 5023 2602 5074 et
2633 5015 2992 5074 humanitate
3016 5031 3271 5090 summa,
3307 5016 3378 5090 ab
3408 5015 3520 5087 his,
3555 5017 3652 5090 qui

2012 5091 2140 5161 ejus
2179 5091 2688 5162 compatiebantur
2735 5089 2935 5162 exitio,
2971 5089 3066 5162 vix
3116 5100 3161 5162 ar
3197 5087 3548 5162 presbytero
3573 5087 3656 5162 iet

2013 5158 2226 5236 abbate
2249 5158 2576 5236 Paphnutig
2601 5160 2792 5236 potuit
2816 5159 3089 5225 obtineri,
3107 5161 3304 5236 utnon
3330 5158 3514 5236 (inter
3528 5159 3658 5236 _bio-

2016 5235 2290 5290 thanatos
2329 5225 2670 5304 reputafu's)
2702 5232 2876 5304 etiam
2908 5227 3197 5304 _memoria
3247 5233 3308 5284 et
3340 5225 3657 5288 'oblatione

2017 5300 2788 5380 pausantium'judicaretur
2827 5300 3117 5380 indignus.

2087 5385 2111 5414 ο
2141 5375 2353 5432 Pontif.
2390 5371 2440 5432 c1
2475 5380 2561 5432 8t.
2597 5375 2712 5432 Est
2749 5374 2850 5429 leo.
2904 5372 2970 5426 ll.
3029 5371 3261 5428 Hieron.
3320 5371 3391 5430 de
3439 5373 3652 5432 Scriot.

2087 5387 2111 5414 ο
2141 5387 2353 5432 Pontif.
2390 5390 2440 5432 c.
2475 5387 2561 5432 8t.
2597 5387 2712 5432 158$
2749 5387 2850 5429 ιθο.
2905 5387 2970 5426 ιι.
3029 5387 3261 5428 meron.
3320 5387 3391 5430 ae
3439 5387 3650 5499 script.

2019 5447 2171 5503 Eccl.
2209 5462 2259 5502 c.
2289 5450 2372 5502 45.
2403 5449 2466 5517 et
2496 5445 2707 5502 Euseb.
2743 5445 2783 5498 l.
2843 5457 2895 5498 v.
2952 5457 3008 5517 ρ.
3055 5446 3119 5517 β,
3155 5446 3206 5515 4,
3238 5449 3291 5517 7,
3327 5447 3378 5516 8,
3413 5448 3502 5515 20,
3601 5443 3650 5496 6.

2018 5518 2223 5576 Ruﬂin.
2259 5516 2472 5576 Euseb.
2509 5517 2551 5572 Ι.
2585 5529 2661 5586 νι,
2695 5529 2746 5574 c.
2782 5517 2834 5586 4,
2870 5518 2920 5572 δ.
2951 5513 3101 5575 Buff.
