3992 6170
389 249 496 305 298

394 372 487 426 est
527 366 785 437 claritas,
821 367 886 421 ut
916 362 1187 421 meritum
1236 364 1577 436 martyrium
1627 365 1859 437 signare
1910 379 2038 423 cre-
2069 369 2122 430 Α

396 457 586 513 datur.

464 543 679 600 Eodem
710 544 803 600 die
829 542 979 615 apud
1006 543 1434 614 Alexandriam,
1461 546 1798 600 sanctorum
1822 548 2038 615 marty-

393 649 520 691 rum
579 632 900 704 Plutarchi,
963 632 1183 703 Sereni,
1237 632 1561 690 Heraclidis
1616 634 1842 704 Herois,
1897 633 2036 689 item

391 722 613 792 Sereni,
665 722 1062 794 Potamioena,
1117 721 1421 793 Marcella,
1473 726 1534 778 et
1592 723 2037 779 Catechumena

390 811 627 886 [Rhaz's]
670 813 836 868 Hera
868 812 1118 881 nomine,
1154 811 1502 883 baptismum
1534 811 1797 882 martyrii
1831 825 2038 868 conse-

389 905 563 961 cuta.
598 902 756 957 Inter
789 915 936 971 quos
955 900 1249 972 pracipue
1270 901 1509 957 emicuit
1531 900 1891 957 Potamioena
1922 900 2038 956 vir-

386 1004 462 1062 go
496 1009 509 1044 :
542 1005 670 1061 qua
703 989 887 1061 primo
910 989 1225 1045 immensos
1244 994 1304 1045 et
1328 989 1665 1046 innumeros
1688 1002 1906 1059 agones
1930 1003 2035 1060 pro

386 1078 726 1150 virginitate
768 1077 1083 1149 desudans,
1120 1078 1330 1135 deinde
1372 1077 1548 1134 etiam
1596 1093 1702 1149 pro
1755 1074 2035 1147 martyrio

384 1168 680 1240 exquisita
710 1173 770 1225 et
814 1168 1074 1225 inaudita
1119 1171 1406 1225 tormenta
1448 1179 1747 1238 perpessa,
1784 1166 1855 1221 ad
1902 1163 2037 1221 ulti-

386 1273 537 1315 mum
570 1273 699 1315 cum
732 1256 1053 1314 venerabili
1078 1260 1264 1313 matre
1288 1255 1560 1313 Marcella
1588 1255 1741 1326 ignis
1765 1251 2035 1327 supliciis

388 1351 755 1421 consumpta,
789 1363 820 1404 e
856 1347 1034 1403 terris
1066 1346 1339 1418 migravit
1372 1345 1444 1403 ad
1480 1338 1713 1402 coelum.

458 1484 487 1514 ε
514 1474 658 1531 Vide
686 1473 728 1529 Ι.
764 1472 836 1530 de
866 1474 1019 1529 Fest.
1056 1476 1245 1545 apost.

1449 242 1504 299 S.
1548 240 1806 301 ADONIS
1850 242 2289 301 ARCHIEPISC.
2325 238 2745 302 VIENNENSIS
3665 243 3757 299 996

2672 366 2732 421 E.
2767 363 2841 419 III
2894 361 3048 417 ΚΑΙ...
3085 357 3275 414 JULII.

2809 459 2914 531 (29
2945 456 3127 528 Jun.)

2216 584 2244 613 α
2274 575 2489 645 Romae,
2527 568 2740 628 natalis
2771 567 2869 622 SS-
2898 563 3058 621 Petri
3090 566 3150 618 et
3180 560 3362 618 Pauli.

2572 680 2628 733 F.
2681 674 2920 731 PRIDIE
2964 671 3121 727 ΚΑΙ..
3170 668 3362 725 JULII.

2815 773 2920 845 (50
2949 766 3128 839 Jun.)

2215 887 2242 926 δ
2273 883 2495 943 Natalis
2526 884 2586 940 et
2616 878 2939 939 celebratio
2973 877 3185 933 iterum
3223 870 3411 930 sancti
3441 869 3597 928 Pauli
3639 886 3754 945 apo-

2147 975 2361 1121 Skitem
2393 1060 2608 1120 natalis
2639 1057 2991 1117 beatissima
3032 1053 3283 1122 Lucina,
3318 1048 3611 1123 discipula
3639 1064 3755 1122 apo-

2147 1154 2698 1302 Stitzglamovico
2731 1236 2991 1308 civitate,
3027 1234 3082 1290 S.
3118 1229 3398 1289 Martialis
3428 1228 3672 1302 episcopi
3705 1232 3755 1286 et

2147 1331 2527 1393 confessoris.

2216 1461 2243 1499 ι)
2274 1458 2415 1517 Vide
2446 1457 2489 1513 Ι.
2526 1454 2597 1511 de
2628 1454 2782 1509 Fest.
2818 1451 3008 1522 apost.

390 1572 3752 1620 _______________________________

1605 1749 1992 1810 LITANIIE
2058 1739 2581 1805 INDICENDE.

1712 1926 2078 2011 MENSIS
2131 1920 2478 2006 JULIUS

1434 2140 1636 2190 nassa
1690 2138 1830 2188 DIES
1882 2136 2045 2197 xxx;
2103 2131 2266 2184 LUNA
2317 2127 2513 2190 vano,
2568 2126 2735 2178 xxx.

1881 2293 2303 2310 ρ

948 2403 1008 2458 G.
1063 2401 1219 2458 KAL.
1272 2402 1463 2458 JULII.

1058 2490 1141 2561 (4.
1184 2490 1349 2560 Jul.)

448 2599 512 2656 In
541 2600 739 2656 monte
772 2598 908 2669 Hor,
934 2596 1229 2669 depositio
1257 2597 1448 2652 Aaron
1474 2595 1808 2652 sacerdotis
1830 2593 2021 2667 primi.

448 2686 663 2745 Eodem
695 2686 809 2756 die,
845 2686 898 2742 S.
949 2685 1328 2756 Monegundis
1364 2683 1630 2755 virginis.

449 2776 519 2832 Et
548 2775 606 2831 in
640 2773 943 2831 territOrio
978 2774 1366 2845 Lugdunensi,
1402 2773 1532 2830 loco
1566 2772 1663 2844 qui
1709 2771 1891 2828 Vallis
1921 2773 2025 2828 Ve-

379 2863 600 2921 bronna
632 2866 1024 2935 nuncupatur,
1060 2861 1356 2934 depositio
1388 2861 1499 2919 viri
1540 2862 1661 2933 Dei,
1698 2860 2021 2917 beatissimi

375 2951 685 3009 Domitiani
719 2951 970 3024 abbatis,
1006 2951 1103 3023 qui
1138 2951 1359 3023 primus
1389 2950 1510 3008 illic
1542 2950 1901 3007 eremiticam
1942 2949 2024 3005 vi-

376 3044 491 3096 tam
523 3040 810 3110 exercuit,
845 3044 910 3097 ut
945 3039 1228 3110 plurimos
1261 3040 1373 3096 sibi
1406 3040 1463 3095 in
1497 3041 1595 3095 Dei
1644 3038 1888 3095 servitio
1928 3052 2023 3107 ag-

372 3140 643 3198 gregans,
669 3126 1088 3183 monasterium
1112 3126 1391 3197 instituit,
1419 3127 1758 3196 magnisque
1790 3127 2023 3182 virtuti-

376 3214 486 3272 bus
515 3219 575 3272 et
604 3213 883 3285 gloriosis
913 3213 1211 3271 miraculis
1259 3213 1430 3270 valde
1479 3213 1696 3286 clarus,
1732 3213 2021 3272 collectus

372 3306 467 3359 est
498 3302 567 3359 ad
604 3306 801 3375 patres
834 3302 890 3358 in
920 3305 1227 3359 senectute
1260 3302 1428 3359 bona.

441 3400 472 3430 ι
501 3391 756 3461 Vienna,
792 3391 832 3445 B
882 3390 1131 3462 Martini,
1178 3391 1339 3447 tertii
1390 3389 1651 3461 ejusdem
1697 3391 1863 3448 urbis
1901 3389 2021 3463 epi-

373 3479 559 3551 scopi,
595 3479 667 3535 ab
703 3477 990 3551 apostolis
1021 3478 1091 3535 ad
1127 3480 1426 3551 prafatam
1456 3480 1659 3536 urbem
1690 3479 1872 3537 missi.

834 3586 898 3642 A.
953 3586 1023 3641 VI
1073 3585 1309 3642 NONAS
1356 3586 1550 3643 JULII.

1065 3673 1132 3746 (2
1157 3676 1321 3747 Jul.)
1368 3722 1369 3725 η

439 3771 467 3812 υ
495 3771 712 3844 Roma,
756 3769 811 3829 in
853 3771 1192 3830 cameterio
1236 3772 1486 3844 Damasi,
1531 3770 1744 3829 natalis
1784 3776 2018 3829 sancto-
2047 3750 2096 3814 Ο

369 3875 496 3920 rum
526 3860 801 3918 Processi
833 3864 895 3917 et
928 3860 1277 3931 Martiniani,
1315 3861 1413 3933 qui
1444 3875 1475 3918 a
1509 3862 1568 3919 Β.
1603 3860 1890 3933 apostolis
1913 3862 2018 3916 Pe-

366 3953 459 4007 tro
491 3953 553 4006 et
581 3949 762 4007 Paulo
798 3948 1083 4021 baptizati
1135 3953 1197 4005 et
1247 3949 1524 4008 instructi
1576 3954 1733 4021 sunt,
1769 3965 2016 4021 quorum

365 4037 560 4109 passio
592 4036 651 4093 in
685 4036 889 4092 libello
921 4036 1325 4107 apostolorum
1349 4051 1525 4108 supra
1559 4041 1760 4094 notata
1792 4041 1903 4094 est.

436 4123 655 4181 Eodem
687 4124 802 4194 die,
840 4124 933 4179 SS.
971 4123 1150 4181 trium
1189 4123 1458 4196 militum,
1495 4125 1593 4196 qui
1624 4140 1754 4183 cum
1788 4127 1846 4182 Β.
1882 4140 2016 4198 apo-

366 4208 525 4269 stolo
552 4211 734 4269 Paulo
765 4211 924 4284 passi
966 4215 1123 4270 sunt.

435 4300 579 4357 Item
612 4299 741 4371 ipso
776 4300 869 4357 die
900 4300 991 4356 SS.
1027 4304 1345 4373 martyrum
1388 4301 1703 4374 Aristonis,
1740 4305 2016 4379 Crescen-

365 4385 530 4460 tiani,
547 4387 915 4461 Eutychiani,
931 4389 1168 4463 Urbani,
1195 4389 1421 4462 Vitalis,
1445 4390 1617 4464 Iusti,
1645 4392 2009 4465 Felicissimi,

365 4475 597 4548 Felicis,
634 4477 854 4536 Martia
886 4482 947 4535 et
978 4478 1384 4552 Symphorosa
1420 4500 1432 4535 :
1465 4480 1563 4556 qui
1612 4497 1813 4540 omnes
1859 4483 2012 4556 apud

367 4563 733 4639 Campaniam
760 4566 1021 4639 glorioso
1053 4568 1332 4640 martyrio
1365 4552 1630 4628 coronati
1673 4576 1830 4631 sunt.

842 4674 902 4731 Β.
954 4675 1001 4732 ν
1046 4675 1282 4732 ΝΟΝΑ8
1334 4677 1525 4734 JULII.

1062 4765 1128 4837 (3
1154 4766 1319 4837 Jul.)

435 4860 603 4934 Apud
648 4861 924 4919 Edessam
961 4861 1414 4935 Mesopotamia,
1452 4863 1762 4922 translatio
1803 4879 2010 4937 corpo-

363 4949 444 5005 ris
476 4950 529 5007 S.
567 4950 795 5008 Thoma
828 4949 1104 5022 apostoli.

431 5038 574 5093 Item
604 5037 733 5112 ipso
769 5038 860 5097 die
892 5039 1044 5111 apud
1080 5040 1667 5113 Constantinopolim,
1704 5042 1915 5100 natalis
1947 5045 2002 5103 S.

361 5122 608 5194 Eulogii.

432 5212 600 5284 Apud
640 5215 970 5272 Laodiciam
1012 5216 1213 5289 Syria,
1247 5218 1400 5274 beati
1436 5210 1690 5274 A‘hatolii
1723 5220 2004 5293 episcopi.

433 5301 573 5357 Item
594 5303 746 5373 apud
765 5304 1205 5362 Neocasaream
1226 5306 1414 5377 Ponti,
1433 5306 1646 5363 natalis
1665 5309 1853 5365 sancti
1874 5311 2010 5365 Gre-

431 5431 459 5464 ι
490 5421 614 5481 Ado
645 5424 703 5481 in
735 5425 946 5484 Chron.
983 5442 1075 5487 an.
1114 5435 1233 5486 101.

418 5492 458 5532 ’δ
487 5494 629 5553 Vide
688 5496 730 5551 Ι.
767 5496 838 5553 de
900 5500 1054 5556 Fest.
1088 5503 1294 5571 Apost.

2055 2395 2111 2457 B
2139 2391 2289 2465 gorii
2304 2389 2566 2462 episcOpi
2581 2385 2948 2457 etmartyris,
2968 2382 3123 2440 beati
3144 2378 3506 2438 Antenodori
3524 2374 3750 2450 episcopi

2136 2480 2356 2538 fratris.
2384 2478 2492 2545 Qui
2518 2474 2834 2545 Gregorius
2856 2472 3192 2545 episcopus,
3219 2469 3492 2527 doctrina
3521 2471 3577 2523 et
3605 2465 3752 2522 miro-

2134 2568 2287 2627 culis
2316 2566 2681 2625 clarissimus
2723 2563 2850 2620 fuit.
2885 2561 3143 2632 Denique
3183 2558 3479 2631 quoddam
3516 2559 3751 2625 stagnum

2134 2661 2264 2714 erat
2295 2657 2348 2712 in
2384 2654 2555 2711 Ponti
2584 2652 2924 2723 regionibus
2948 2650 3145 2719 situm,
3174 2648 3443 2720 piscibus
3464 2644 3748 2718 copiosum,

2132 2760 2204 2803 ex
2219 2759 2467 2817 quorum
2481 2747 2724 2814 captura
2743 2739 3082 2812 pradivites
3096 2737 3266 2794 reddi
3282 2741 3375 2794 tus
3390 2734 3625 2793 dominis
3637 2744 3752 2804 pra-

2132 2835 2461 2891 stabantur.
2480 2834 2596 2888 Ista
2618 2830 2917 2902 possessio
2938 2828 3168 2885 duobus
3187 2827 3475 2883 fratribus
3494 2828 3641 2881 sorte
3656 2822 3750 2878 ha-

2132 2921 2406 2978 reditatis
2420 2916 2874 2985 obvenerat,sed
2891 2915 3152 2986 pecunia
3167 2913 3612 2984 cupiditas,qua
3627 2922 3748 2982 pene

2131 3010 2384 3067 omnium
2418 3008 2597 3065 corda
2631 3005 2965 3062 mortalium
2989 3006 3248 3074 superat,
3270 3003 3449 3059 etiam
3471 3003 3748 3057 fraternam

2132 3097 2628 3155 necessitudinem
2660 3093 2921 3151 violavit.
2953 3094 3155 3148 Caedes
3186 3105 3254 3147 ac
3299 3091 3447 3148 bella
3477 3088 3750 3146 moveban-

2130 3190 2246 3257 tur,
2299 3185 2584 3242 humanus
2624 3182 2924 3253 sanguinis
2965 3196 3069 3253 pro
3109 3180 3378 3251 piscibus
3410 3179 3746 3237 fundebatur.

2128 3275 2239 3331 Sed
2254 3274 2351 3330 Dei
2368 3273 2732 3345 providentia
2746 3270 3060 3342 aliquando
3074 3269 3271 3326 affuit:
3297 3266 3749 3339 Gregoriusvidet

2129 3362 2328 3436 praelia
2360 3366 2420 3418 et
2451 3366 2674 3418 mortes
2706 3361 2988 3430 virorum,
3026 3359 3412 3431 furentcsque
3450 3369 3746 3429 germanos.

2129 3452 2386 3523 Cumque
2400 3450 2621 3507 honore
2637 3450 2924 3507 adventus
2939 3448 3029 3506 sui
3045 3451 3317 3519 utraque
3338 3453 3531 3520 partes
3544 3445 3748 3518 paulum

2126 3539 2450 3611 siluissent,
2484 3539 2695 3610 Nolite,
2731 3538 2941 3610 inquit,
2974 3553 3008 3594 o
3039 3536 3224 3608 ﬁlioli,
3249 3537 3626 3595 rationabiles
3648 3532 3751 3591 ani-

2126 3642 2248 3685 mas
2279 3644 2384 3700 pro
2416 3628 2594 3685 mutis
2633 3622 3028 3684 animantibus
3058 3625 3309 3698 violare,
3339 3627 3640 3683 fraternam
3669 3635 3749 3693 pa-

2126 3732 2252 3774 cem
2286 3720 2551 3789 quastus
2574 3717 2898 3789 cupiditate
2922 3715 3268 3786 dissolvere,
3299 3716 3401 3773 Dei
3427 3716 3579 3787 leges
3598 3716 3749 3770 etua-

2128 3810 2275 3865 tura
2299 3807 2520 3879 pariter
2536 3807 2667 3877 jura
2694 3810 2982 3862 temerare
3009 3824 3020 3858 :
3047 3807 3109 3860 et
3133 3819 3244 3861 una
3269 3820 3499 3863 mecum
3520 3804 3586 3861 ad
3609 3814 3747 3859 oram

2127 3896 2318 3966 stagni
2338 3894 2597 3952 exitialis
2609 3894 2896 3966 accedite,
2914 3896 2974 3949 et
2991 3907 3099 3963 ego
3112 3891 3228 3962 jam
3248 3908 3360 3951 vos
3379 3908 3480 3966 per
3499 3892 3747 3950 virtutem

2125 3983 2349 4039 Domini
2382 3985 2454 4040 ab
2493 3983 2649 4040 omni
2690 3981 3010 4040 certamine
3060 3983 3328 4039 cruenta
3378 3976 3748 4039 contentionis

2125 4071 2521 4129 absolvam.Et
2535 4087 2664 4129 cum
2680 4072 2804 4129 hac
2818 4071 3088 4141 dixisset,
3106 4071 3164 4126 in
3178 4074 3505 4144 conspectu
3520 4066 3746 4126 omnium

2123 4159 2345 4230 virgam
2363 4175 2533 4232 quam
2558 4161 2796 4217 tenebat
2817 4160 2876 4217 in
2898 4175 3069 4217 manu
3091 4159 3163 4217 ad
3188 4159 3408 4233 primas
3430 4158 3643 4216 littoris
3661 4169 3751 4213 un-

2125 4247 2230 4305 das
2242 4247 2530 4321 deﬁgit,et
2549 4249 2674 4322 ipse
2692 4249 2904 4321 positis
2920 4249 3167 4321 genibus
3188 4248 3413 4321 palmas
3432 4247 3670 4307 tetendit
3685 4241 3746 4302 ad

2121 4337 2351 4410 coelum,
2387 4341 2562 4410 atque
2594 4339 2895 4397 Dominum
2927 4338 3241 4412 supplicat.
3269 4339 3453 4398 Simul
3478 4343 3542 4398 ut
3563 4331 3758 4395 orandi-

2123 4425 2292 4483 ﬁnem
2324 4426 2482 4500 fecit,
2518 4428 2715 4486 statim
2742 4444 2804 4487 se
2828 4428 2979 4487 unda
3004 4429 3361 4501 subducens,
3387 4434 3449 4487 et
3470 4442 3641 4487 cursu
3666 4437 3748 4482 ve—

2122 4513 2344 4573 loeiore
2375 4517 2691 4590 refugiens,
2718 4533 2749 4575 a
2774 4522 3098 4589 conspectu
3120 4532 3377 4590 superno
3395 4518 3559 4590 jussa
3582 4515 3749 4573 disce-

2122 4602 2281 4677 dere,
2315 4606 2544 4677 abyssis
2577 4607 2700 4664 suis
2733 4607 3002 4663 redditur
3038 4624 3050 4662 :
3084 4611 3145 4664 et
3190 4611 3452 4665 arentem
3505 4617 3747 4677 campum

2117 4695 2411 4763 germanis
2435 4695 2551 4766 jam
2583 4696 2978 4754 concordibus
3029 4696 3407 4770 derelinquit.
3434 4684 3553 4755 Sed
3600 4697 3656 4752 et
3697 4691 3747 4748 in

2120 4779 2463 4840 hodiernum
2495 4784 2724 4854 frugum
2759 4784 2920 4841 ferax
2950 4801 3081 4843 esse
3113 4786 3351 4844 dicitur.
3381 4789 3595 4844 Iterum
3625 4795 3749 4855 quo-

2120 4869 2250 4926 dam
2272 4869 2404 4928 loco
2428 4873 2584 4929 ruris
2606 4874 2860 4944 angusti,
2883 4890 3014 4931 cum
3040 4889 3135 4931 res
3158 4879 3435 4947 posceret
3457 4871 3748 4933 ecclesiam

2119 4960 2404 5030 construi,
2443 4976 2619 5032 rupes
2669 4964 2931 5034 quadam
2983 4963 3159 5021 vicini
3212 4966 3429 5022 montis
3480 4980 3551 5022 ex
3597 4962 3748 5035 parte

2120 5046 2377 5104 Orientis
2408 5049 2637 5120 objecta
2671 5067 2744 5109 ex
2773 5053 2883 5110 alia
2917 5068 3055 5110 vero
3090 5050 3745 5125 praterlluens'ﬂuvius,

2036 5110 2087 5170 D
2119 5136 2370 5206 Spatium
2406 5110 2683 5208 quantum
2708 5142 2975 5199 ecclesia
3000 5110 3295 5199 sufficeret
3324 5143 3662 5213 denegabat.
3688 5110 3749 5193 Et

2117 5238 2248 5280 cum
2272 5224 2422 5282 alius
2445 5228 2680 5285 omnino
2704 5245 2817 5286 non
2839 5235 2998 5287 esset
3022 5230 3189 5288 locus
3209 5232 3279 5289 ad
3305 5228 3746 5289 construendum

2116 5312 2447 5386 ecclesiam,
2474 5315 2571 5372 ille
2606 5317 2717 5374 ﬁde
2750 5318 2957 5390 plenus
2990 5324 3370 5392 pernoctasse
3403 5319 3461 5375 in
3494 5317 3746 5375 oratione

2188 5441 2383 5516 {Vide
2410 5444 2454 5516 Ι.
2494 5442 2574 5516 de
2612 5444 2769 5516 Fest.
2826 5446 3033 5516 Apost.
3081 5446 3290 5504 Euseb.
3347 5446 3387 5500 i.
3424 5459 3522 5513 vn,
3575 5458 3623 5498 c.
3664 5442 3744 5496 28.

2116 5510 2323 5568 Ruilin.
2355 5514 2509 5571 Hier.
2546 5515 2618 5572 de
2648 5510 3043 5587 Scripthccl.
3509 5510 3514 5513 ⁷
3584 5551 3588 5554 ~
