4004 6168
274 241 368 292 m7
1034 252 1633 319 MARTYROLOGIUM
1674 263 1814 321 cum
1856 265 2380 324 ADDITAMENTIS.
2416 299 2483 308 —
2514 268 2713 327 unus.
2756 275 2897 333 ιω..
2950 246 2959 253 ’

273 359 506 453 dicitur.
543 364 803 437 Cumque
832 367 999 441 plena
1028 372 1140 432 ﬁde
1169 389 1238 436 ac
1267 379 1576 443 devotione
1615 389 1913 445 Dominum
1944 393 1999 453 A

269 448 640 523 deposceret,
677 454 749 512 ad
782 455 968 516 lucem
1000 467 1349 528 coeuntibus
1381 474 1631 546 populis,
1678 477 1910 535 inventa

266 544 357 596 est
395 555 575 613 rupes
606 543 935 617 importuna
979 555 1298 614 secessisse
1352 543 1594 635 tantum,
1633 571 1910 637 quantum

266 629 439 699 spatii
456 630 528 686 ad
546 633 905 694 condendam
922 629 1911 713 quaerebaturecclesiam-Tradun-

266 718 364 816 t‘ur
385 725 447 774 et
470 719 648 789 hujus
672 723 826 816 beati
850 727 961 785 viri
985 734 1044 786 et
1067 731 1178 790 alia
1213 739 1656 814 quamplurima,
1693 760 1822 816 quae
1849 747 1910 803 fi-

264 802 392 891 dem
415 808 479 861 et
502 809 878 870 sanctitatem
922 816 1107 887 ipsius
1138 802 1446 891 plurimum
1480 802 1901 889 commendant.

406 894 783 989 etinteralia
813 916 940 972 quae
966 890 1430 972 luculentissime
1455 918 1904 989 scripsit,etiam

261 980 571 1042 catholicae
604 985 738 1044 fidei
761 993 1183 1063 expositionem
1209 1000 1470 1060 breviter
1492 980 1712 1064 editam
1741 1009 1904 1067 dere-

260 1067 453 1167 liquit.
492 1074 650 1167 Unus
672 1077 825 1136 Deus
846 1081 1021 1139 Pater
1060 1085 1233 1144 Verbi
1283 1091 1554 1161 viventis,
1599 1110 1701 1167 sap
1728 1099 1902 1156 entia:

260 1157 664 1232 subsistentis,
698 1170 759 1221 et
805 1171 1047 1228 virtutis
1097 1188 1215 1233 suae
1255 1182 1315 1233 et
1349 1157 1567 1251 figurae,
1604 1157 1902 1255 perfectus

259 1247 503 1317 perfecti
532 1250 785 1325 genitor,
822 1257 995 1314 Pater
1025 1261 1150 1318 Filii
1182 1247 1484 1336 unigeniti.
1522 1247 1677 1331 [inus
1717 1276 1902 1333 Domi-

258 1348 367 1392 nus
399 1336 564 1394 solus
594 1354 667 1396 ex
700 1342 824 1399 solo
845 1345 961 1402 Deo
983 1348 1166 1419 figura
1190 1358 1250 1409 et
1271 1354 1459 1428 imago
1482 1360 1745 1433 Deitatis,
1774 1379 1901 1421 ver-

257 1423 390 1480 bum
414 1432 753 1501 penetrans,
780 1433 1065 1504 sapientia
1093 1423 1590 1513 eomprehendens
1612 1428 1898 1522 omnia,et

254 1512 445 1570 virtus
460 1528 572 1586 qua
588 1520 710 1573 tota
725 1526 993 1579 creatura
1010 1524 1133 1583 fleri
1150 1512 1312 1600 potui
1324 1536 1359 1587 t.
1371 1534 1549 1592 Filius
1562 1552 1736 1596 verus
1749 1512 1892 1612 veri,

253 1606 310 1656 et
332 1601 655 1663 invisibilis
677 1622 751 1663 ex
774 1609 1072 1684 invisibili,
1108 1616 1597 1695 incorruptibilis,
1624 1601 1896 1686 exincor;

3559 290 3661 342 298

2418 393 2477 448 E.
2511 393 2751 450 PRIDIE
2779 395 3012 453 NONAS
3037 399 3227 456 JULII.

2695 519 2751 589 (6
2787 520 2994 592 Julii.)

2090 637 2313 697 Natalis
2344 640 2507 697 Isaiae
2538 644 2599 698 et
2637 642 2761 699 Joel
2794 644 3227 716 prophetarum.

2088 728 2159 782 Et
2190 727 2424 785 Octavaa
2452 728 2868 800 apostolorum.

2088 816 2156 870 Et
2171 815 2391 886 primus
2414 817 2567 874 beati
2591 818 2838 889 apostoli
2862 820 3023 877 Pauli
3051 822 3352 893 ingressus
3373 826 3427 881 in
3452 829 3653 887 urbem

2015 901 2270 971 Romam,
2306 916 2455 961 anno
2506 907 2763 963 secundo
2792 908 3037 965 Neronis
3080 909 3325 983 imperii.
3366 914 3473 980 Qui
3523 931 3653 975 cum

2008 990 2124 1060 jam
2161 992 2282 1049 haec
2315 991 2439 1049 loca
2463 997 2524 1050 et
2556 994 2659 1051 has
2683 996 3407 1070 provinciasprzedicando
3432 1005 3654 1076 perlus-

2014 1081 2250 1149 trasset,
2286 1081 2359 1136 ab
2396 1081 2699 1138 Antiochia
2724 1084 2848 1153 ipse
2869 1101 2999 1142 cum
3029 1087 3285 1145 Barnaba
3318 1094 3653 1157 preemissus

2012 1179 2042 1221 a
2074 1166 2293 1239 Spiritu
2328 1174 2531 1226 sancto
2560 1175 2864 1242 postquam
2900 1172 3008 1241 iam
3040 1174 3096 1230 in
3127 1177 3337 1233 Arabia
3367 1184 3426 1235 et
3452 1181 3652 1239 Cilicia

2011 1255 2251 1312 verbum
2271 1256 2392 1326 Dei,
2419 1256 2666 1328 aliisque
2690 1260 3007 1331 provinciis
3030 1265 3498 1337 annuntiaverat,
3528 1284 3653 1340 per-

2009 1344 2171 1399 venit
2193 1344 2419 1401 Seleuci
2462 1361 2533 1415 m,
2565 1347 2834 1418 Cyprum,
2862 1350 3226 1422 Salaminam,
3244 1355 3490 1427 Paphos,
3516 1360 3652 1415 Per~

2006 1443 2116 1499 gen
2150 1431 2521 1503 Pamphyliaa,
2558 1434 2920 1492 Antiochiam
2962 1454 3088 1509 quae
3119 1445 3211 1496 est
3241 1441 3494 1513 Pisidiae,
3530 1447 3649 1503 Ico-

2008 1518 2184 1589 nium,
2208 1519 2339 1575 inde
2354 1521 2423 1575 ad
2450 1520 2725 1580 civitates
2746 1526 3064 1597 Lycaonize,
3090 1528 3369 1601 Lystram,
3397 1532 3644 1605 Derben,

2006 1611 2065 1663 et
2095 1608 2425 1666 universam
2457 1610 2513 1665 in
2536 1611 2791 1670 circuitu
2825 1615 3133 1685 regionem.
3171 1619 3307 1675 Inde
3351 1627 3647 1680 reverten-

252 1692 905 1763 ruptibili,immortalis
935 1716 1004 1757 ex
1040 1692 1371 1779 immortali,
1408 1692 1801 1785 sempiternus
1822 1733 1883 1775 ex

252 1781 609 1806 οΛσκ-ιῖδιι--Α
661 1786 815 1806 tvm---
843 1788 937 1806 n,,,-
980 1790 1013 1806 ο.
1278 1800 1286 1806 .
1487 1802 1515 1806 _

2012 1699 2100 1752 tes
2116 1696 2475 1754 Antiochiam
2488 1698 2742 1771 Pisidiae,
2760 1703 3119 1760 devenerunt
3134 1706 3353 1777 Pergen
3369 1710 3646 1783 Pamphy-

250 1781 631 1851 sempiterno.
661 1786 818 1843 Unus
841 1788 1094 1860 Spiritus
1127 1800 1368 1854 sanctus
1390 1814 1461 1856 ex
1485 1781 1600 1859 Deo
1623 1806 1894 1865 substan-

252 1867 387 1964 tiam
413 1869 659 1964 habens.
685 1875 755 1930 Et
779 1878 874 1947 qui
901 1894 1006 1950 per
1039 1880 1215 1940 lilium
1249 1890 1521 1958 apparuit
1544 1892 1732 1964 imago
1764 1897 1889 1953 Filii

248 1957 498 2028 perfecti
526 1963 808 2034 perfecta,
835 1967 1150 2027 viventium
1173 1957 1369 2047 causa,
1396 1957 1698 2051 sanctitas,
1729 2000 1892 2043 sanc-

250 2045 599 2107 tiﬁcationis
632 2057 993 2128 praistatrix,
1013 2073 1116 2130 per
1149 2077 1316 2133 quem
1350 2045 1500 2124 Deus
1532 2045 1695 2129 solus
1713 2088 1891 2146 super

245 2137 432 2192 omnia
447 2138 582 2195 etin
595 2142 862 2200 omnibus
876 2150 1529 2224 cognoscitur,etFilius
1552 2137 1884 2230 peromnes.

243 2224 498 2282 Trinitas
533 2229 812 2302 perfecta,
846 2234 1170 2310 majestate,
1205 2246 1266 2297 et
1308 2224 1795 2321 sempite-rnitate,
1828 2258 1888 2310 et

245 2326 424 2384 regno
455 2315 692 2375 minime
723 2320 1007 2381 dividitur
1047 2341 1232 2399 neque
1274 2315 1656 2395 abalienatur.
1704 2315 1888 2411 Igitur

243 2413 430 2472 neque
450 2404 669 2463 factum
695 2410 972 2481 quid,aut
995 2417 1259 2475 serviens
1281 2420 1336 2477 in
1369 2424 1669 2497 Trinitate,
1698 2404 1885 2501 neque

244 2492 733 2562 superinductum
751 2504 1021 2572 tanquam
1046 2510 1179 2562 ante
1193 2507 1301 2565 hoc
1317 2511 1548 2581 quidem
1564 2492 1674 2571 non
1700 2492 1886 2575 subsi-

245 2584 424 2652 stens,
460 2587 523 2639 et
554 2588 719 2655 quasi
753 2594 955 2659 postea
1005 2596 1531 2668 sujeringressum.
1567 2605 1762 2676 Neque
1804 2609 1883 2664 ita

244 2666 429 2727 defuit
460 2687 714 2744 unquam
763 2678 942 2737 Filius
982 2682 1164 2754 Patri,
1209 2666 1396 2759 neque
1438 2690 1581 2750 Filio
1632 2666 1883 2767 spiritus

243 2765 504 2831 sanctus,
530 2764 643 2819 sed
683 2765 1149 2829 inconvertibilis
1189 2780 1249 2831 et
1280 2764 1881 2842 immutabilis‘eadem

243 2846 495 2905 Trinitas
523 2867 755 2925 semper
785 2863 996 2916 manet.

742 2968 800 3023 C.
827 2970 899 3025 IV
927 2972 1162 3030 NONAS
1184 2977 1379 3034 JULII.

942 3079 997 3150 (4
1024 3082 1179 3155 Jul.)

307 3180 474 3241 Oscae
506 3189 568 3241 et
599 3187 795 3259 Aggaei
828 3191 1261 3264 pr0phetarum.

303 3281 331 3310 ι
357 3274 630 3345 Turonis,
668 3279 974 3338 translatio
1014 3286 1201 3341 sancti
1252 3287 1479 3346 Martini
1504 3292 1784 3366 episcopi,
1818 3303 1879 3353 et

239 3360 530 3441 ordinatio
578 3365 954 3440 episcopatus
1001 3373 1146 3445 ejus,
1177 3379 1236 3430 et
1282 3360 1576 3437 dedicatio
1620 3360 1877 3443 basilicae

240 3463 436 3520 IPSIUS.

304 3539 518 3597 Eodem
552 3542 667 3613 die,
702 3543 757 3599 in
781 3546 994 3619 Africa,
1029 3549 1242 3609 natalis
1275 3554 1327 3609 S.
1358 3556 1705 3615 Jucundiani
1731 3575 1878 3617 mar-

240 3629 379 3697 tyris
403 3629 459 3685 in
485 3644 646 3686 mare
677 3636 872 3690 mersi.

303 3716 372 3772 Et
405 3717 462 3773 in
498 3721 801 3778 territorio
834 3724 1104 3784 Bituricae
1146 3730 1425 3803 civitatis,
1458 3736 1587 3792 vico
1623 3737 1871 3809 Justino,

237 3805 445 3862 natalis
493 3807 547 3863 S.
596 3809 862 3868 Lauriani
913 3819 1227 3888 martyris:
1261 3822 1428 3892 cujus
1469 3830 1645 3896 caput
1675 3805 1877 3899 Hispa-

236 3888 325 3949 lim
356 3894 430 3950 ad
454 3897 761 3969 Hispanias
794 3902 1162 3973 deportatum
1192 3914 1303 3965 est.

298 3984 467 4055 Apud
494 3986 801 4061 Syrmium,
835 3991 928 4047 SS.
955 4000 1272 4067 martyrum
1313 3999 1611 4059 Innocent.
1645 4010 1705 4061 et
1738 4006 1875 4062 Sab-

236 4068 423 4143 batize,
458 4088 591 4131 cum
618 4076 748 4134 aliis
789 4079 1048 4151 triginta.

693 4195 755 4251 D.
810 4198 884 4254 III
933 4200 1168 4258 NONAS
1211 4205 1404 4262 JULII.

930 4308 989 4380 (ὅ
1013 4310 1169 4383 Jul.)

2009 1782 2119 1840 liae.
2153 1785 2294 1843 Hinc
2343 1788 2729 1861 Antiochiam,
2774 1792 2923 1848 unde
2974 1794 3135 1851 missi
3168 1796 3417 1868 fuerant,
3454 1782 3646 1857 rever—

2006 1876 2229 1929 tuntur.
2264 1876 2403 1932 Inde
2428 1882 2669 1950 propter
2692 1881 3070 1949 quaestionem
3095 1884 3561 1944 circumcisionis
3586 1890 3639 1944 in

2000 1962 2277 2031 gentibus
2304 1964 2754 2037 Hierosolymam
2779 1968 3249 2039 proﬁciscuntur.
3280 1974 3493 2030 Deinde
3517 1991 3642 2032 rur-

2000 2064 2101 2106 sus
2133 2052 2494 2109 Antiochiam
2528 2055 2794 2110 redeunt.
2832 2057 2991 2112 Unde
3022 2074 3149 2115 cum
3196 2060 3348 2115 inter
3392 2075 3493 2117 eos
3527 2063 3641 2119 dis-

2001 2139 2195 2195 sensio
2228 2145 2468 2211 propter
2496 2143 2791 2213 Joannem,
2824 2145 2919 2214 qui
2944 2146 3168 2203 Marcus
3199 2150 3640 2220 cognominatus

1998 2231 2109 2297 est,
2134 2228 2470 2297 accidisset,
2506 2230 2666 2288 solus
2697 2232 2927 2299 Paulus,
2955 2241 3255 2307 assumpto
3278 2236 3447 2308 Silea,
3474 2253 3503 2294 a
3530 2241 3641 2295 fra-

2002 2315 2191 2372 tribus
2211 2318 2418 2387 gratiae
2440 2319 2539 2375 Dei
2571 2320 2855 2389 traditus,
2890 2323 2993 2379 has
3034 2324 3302 2395 regiones
3331 2332 3390 2381 et
3415 2327 3637 2385 insulas

1998 2406 2332 2476 peragravit
2374 2407 2718 2479 praedicans,
2765 2409 3006 2481 Syriam,
3060 2412 3338 2484 Ciliciam,
3384 2415 3631 2488 Derben,

1996 2492 2279 2564 Lystram,
2304 2495 2632 2567 Phrygiam,
2656 2502 2716 2553 et
2738 2497 3016 2555 Galatiam
3042 2501 3354 2571 regionem,
3381 2504 3631 2577 Mysiam,

1994 2582 2292 2653 Troadam,
2346 2585 2757 2655 Macedoniam,
2794 2587 3268 2661 Samothraciam,
3317 2593 3631 2666 Neapolim,

1994 2670 2313 2743 Philippos,
2332 2673 2735 2744 Amphipolim,
2753 2674 3132 2746 Apolloniam,
3149 2679 3631 2754 Thessalonicem,

1996 2758 2237 2829 Beroen,
2274 2761 2549 2831 Athenas,
2588 2762 2943 2821 Corinthum.
2982 2766 3049 2821 Et
3088 2766 3221 2823 inde
3251 2769 3545 2840 navigavit
3577 2772 3635 2828 in

1994 2846 2236 2917 Syriam,
2285 2853 2345 2904 et
2390 2851 2550 2906 venit
2602 2852 2907 2922 Ephesum.
2942 2859 3002 2909 et
3048 2855 3180 2912 inde
3223 2858 3541 2916 Caesaream
3573 2864 3634 2917 et

1994 2934 2377 3007 Antiochiam,
2417 2943 2476 2993 et
2528 2937 2767 2995 Galatite
2828 2942 3138 3012 regionem,
3191 2949 3251 2999 et
3300 2945 3624 3016 Phrygiam.

1993 3022 2135 3077 Hinc
2160 3038 2288 3079 cum
2312 3023 2492 3080 vellet
2518 3025 2602 3081 ire
2625 3026 2980 3098 Hierosolym
3022 3046 3095 3097 m,
3130 3031 3278 3087 dixit
3300 3033 3351 3088 ei
3377 3033 3631 3104 Spiritus

1911 3097 1960 3159 C
1991 3115 2231 3167 sanctus
2254 3116 2318 3167 ut
2343 3118 2745 3169 reverteretur
2770 3116 2821 3169 in
2841 3097 3052 3172 Asiam.
3080 3119 3149 3174 Et
3173 3135 3300 3176 cum
3327 3136 3629 3193 peragras-

1990 3202 2080 3253 set
2112 3199 2447 3270 superiores
2472 3206 2690 3272 partes,
2714 3203 3000 3273 E;.hesum
3018 3208 3196 3263 venit.
3236 3210 3376 3265 Hinc
3407 3214 3627 3282 profec-

1992 3291 2194 3344 tusest
2228 3289 2282 3343 in
2315 3289 2803 3360 Macedoniam,et
2834 3295 3084 3351 accessit
3120 3297 3435 3370 Philippos,
3461 3302 3629 3358 Troa-

1989 3375 2137 3439 dam,
2157 3379 2361 3447 Asson,
2384 3378 2696 3436 Mitilenem
2715 3386 2773 3437 et
2793 3388 2994 3438 contra
3020 3385 3239 3454 Chium,
3258 3388 3629 3457 Samon,Tro-

1986 3463 2179 3535 gylion
2205 3475 2229 3503 ο
2251 3465 2527 3537 Miletum,
2555 3470 2749 3539 Coum,
2771 3471 3053 3543 Rhodum,
3080 3474 3364 3530 Pataram.
3386 3478 3451 3531 Et
3472 3477 3623 3551 inde,

1987 3554 2110 3609 visa
2147 3554 2333 3625 Cypro
2365 3560 2425 3610 et
2459 3557 2665 3613 relicta
2689 3572 2755 3614 ea
2777 3559 2847 3614 ad
2881 3560 3197 3625 sinistram,
3228 3567 3629 3623 transfretavit

1988 3641 2043 3696 in
2075 3642 2315 3712 Syriam.
2354 3645 2420 3698 Et
2452 3644 2584 3700 inde
2619 3646 2777 3701 venit
2799 3648 3025 3717 Tyrum,
3049 3650 3482 3723 Ptolemaidem,
3513 3656 3629 3712 Cae-

1987 3743 2233 3800 saream,
2257 3731 2636 3788 Hierusalem.
2671 3735 2751 3789 Ibi
2787 3734 3002 3804 ligatur
3034 3751 3061 3791 a
3095 3739 3330 3810 Iudaeis,
3357 3746 3415 3795 et
3448 3745 3625 3799 tradi-

1988 3820 2083 3874 tur
2104 3820 2399 3887 gentibus.
2436 3821 2506 3875 Et
2539 3820 2671 3876 inde
2705 3822 3038 3879 destinatur
3056 3827 3125 3880 ad
3153 3828 3399 3885 Felicem
3427 3833 3624 3902 praesi-

1985 3907 2113 3963 dem
2148 3908 2426 3965 Caesareae
2458 3910 2505 3965 ἀ.
2560 3910 2703 3967 Hinc
2754 3927 2883 3967 eum
2916 3913 3272 3984 appellasset
3312 3919 3616 3990 Caesarem,

1984 3998 2218 4053 Romam
2265 3997 2336 4053 ad
2388 3998 2652 4054 eumdem
2700 4001 3005 4072 Caesarem,
3060 4016 3228 4073 quem
3281 4008 3618 4082 appellavit,

1984 4085 2258 4155 mittitur,
2285 4091 2342 4141 et
2375 4087 2705 4157 enavigavit
2737 4089 3025 4161 Sidonem,
3055 4091 3323 4165 Cyprum,
3343 4096 3436 4151 cui
3456 4096 3622 4166 juxta

1981 4180 2111 4231 erat
2142 4174 2352 4231 civitas
2380 4175 2652 4232 Thalassa
2688 4177 2742 4231 in
2768 4178 2957 4235 insula
2982 4180 3256 4253 Mitilene,
3285 4182 3622 4259 Syracusas,

1981 4263 2262 4333 Rhegium
2294 4263 2624 4334 Puteoleos,
2658 4266 2893 4323 Romam
2925 4286 2936 4322 :
2970 4273 3030 4324 et
3076 4270 3307 4328 biennio
3350 4273 3402 4328 in
3439 4273 3623 4333 libera

1979 4366 2218 4408 manens
2250 4352 2536 4421 custodia,
2565 4359 2691 4425 post
2724 4356 2847 4413 haec
2870 4356 2941 4412 ad
2965 4359 3397 4429 praedicandum
3430 4365 3622 4421 dimit-

298 4412 466 4483 Apud
516 4414 757 4488 Syriam,
790 4421 1004 4480 natalis
1053 4425 1107 4480 S.
1162 4427 1395 4486 Domitii
1442 4434 1733 4507 martyris,
1770 4436 1867 4509 qui
1899 4451 1951 4512 ι)
1982 4441 2146 4497 titur.
2185 4441 2307 4507 Quo
2341 4412 2599 4513 tempore
2632 4412 2913 4502 credibile
2944 4412 3037 4502 est
3066 4463 3195 4505 eum
3225 4452 3295 4507 ad
3317 4452 3620 4525 Hispanias

229 4496 548 4560 virtutibus
568 4505 695 4561 suis
726 4507 904 4565 multa
937 4510 1146 4571 incolis
1178 4516 1459 4575 beneﬁcia
1495 4496 1755 4592 prmstat.

293 4586 321 4625 δ
347 4591 490 4647 Item
515 4592 731 4665 Romae,
759 4598 970 4657 natalis
994 4608 1213 4662 sanetae
1233 4606 1361 4664 Zoaa
1385 4586 1585 4668 uxoris
1608 4613 1763 4669 beati
1779 4614 1869 4669 Ni-

230 4679 469 4734 costrati
503 4684 798 4756 martyris,
834 4701 962 4758 quas
993 4691 1127 4748 dum
1160 4696 1230 4752 ad
1263 4698 1686 4758 confessionem
1711 4703 1866 4759 beati

235 4762 389 4859 Petri
419 4771 672 4841 apostoli
702 4780 920 4847 oraret,
955 4794 984 4834 a
1020 4785 1256 4852 paganis
1289 4792 1532 4859 aretata,
1568 4790 1742 4848 ducta
1775 4797 1867 4848 est

240 4852 309 4908 ad
339 4862 644 4927 patronum
676 4866 930 4936 regionis
962 4870 1324 4931 Naumachize
1359 4895 1371 4930 :
1406 4891 1435 4932 a
1476 4893 1588 4949 quo
1623 4881 1866 4951 primum

239 4943 294 4999 in
322 4949 643 5007 custodiam
667 4953 1141 5016 obscurissimam
1169 4965 1348 5031 trusa,
1382 4970 1441 5021 et
1474 4943 1577 5038 per
1607 4969 1732 5029 dies
1763 4987 1866 5030 sex

236 5035 386 5091 omni
417 5039 629 5098 solatio
660 5042 808 5101 lucis
844 5050 904 5102 et
933 5047 1129 5107 victus
1172 5052 1456 5125 fraudata,
1474 5035 1739 5129 septimo
1770 5063 1867 5119 de-

234 5136 381 5181 mum
410 5128 502 5186 die
531 5145 562 5186 a
584 5132 738 5190 collo
763 5139 823 5190 et
850 5149 881 5191 a
913 5138 1143 5210 capillis
1174 5141 1228 5197 in
1282 5158 1526 5216 corpore
1558 5162 1861 5225 suspensa,

226 5212 482 5303 adhibito
525 5222 733 5278 subter
762 5224 1031 5285 horribili
1067 5230 1240 5303 fumo,
1277 5231 1333 5289 in
1362 5212 1728 5295 confessione
1760 5212 1866 5298 nol

230 5301 365 5361 mini
393 5308 587 5366 emisit
617 5312 909 5384 spiritum.

298 5434 513 5520 :Qreg.
550 5442 682 5520 Tur.
718 5442 755 5499 l.
792 5458 838 5520 Ir
865 5443 1020 5520 Hist.
1045 5446 1273 5520 Franc.,
1309 5467 1358 5508 c.
1398 5454 1482 5510 14.

298 5453 328 5469 ι·
352 5453 456 5493 ure
501 5482 513 5495 .
550 5453 682 5498 'i‘ur.
719 5453 755 5499 l.
792 5458 833 5501 ιι
865 5453 1010 5503 Hist.
1045 5453 1273 5520 Franc.,
1309 5467 1358 5508 c.
1398 5454 1482 5510 14.

297 5499 327 5538 δ
357 5506 430 5563 De
458 5453 572 5569 Eae
601 5511 658 5571 in
688 5517 874 5586 gestis
908 5520 961 5574 S.
999 5518 1249 5591 Sebast.,
1283 5527 1353 5579 20
1379 5524 1503 5580 Jan.

539 5857 797 5924 Parnon.
830 5864 1107 5931 CXXIII.

1981 4531 2330 4601 perrexisse,
2386 4533 2633 4589 necdum
2679 4536 2903 4591 Nerone
2948 4537 3005 4591 in
3056 4540 3217 4594 tanta
3277 4547 3617 4615 erumpente

1979 4619 2202 4676 scelera
2238 4626 2452 4690 quanta
2486 4622 2558 4678 de
2588 4638 2655 4679 eo
2688 4630 2929 4680 narrant
2961 4626 3239 4686 historia).

2047 4708 2261 4779 Romae,
2298 4710 2508 4767 natalis
2539 4713 2727 4768 sancti
2758 4714 3158 4784 Tranquillini,
3196 4721 3379 4790 patris
3408 4726 3617 4790 marty-

1978 4812 2102 4854 rum
2134 4799 2307 4855 Marci
2349 4804 2409 4855 et
2456 4800 2829 4872 Marcelliani,
2879 4804 2973 4873 qui
3021 4805 3091 4860 ad
3144 4808 3613 4877 praedicationem

1980 4886 2135 4943 beati
2168 4888 2496 4945 Sebastiani
2526 4890 2775 4947 credens
2807 4892 2862 4947 in
2910 4894 3206 4951 Dominum
3238 4897 3433 4952 Jesum
3457 4896 3616 4952 Chri-

1977 4979 2160 5042 stum;
2182 4977 2275 5034 die
2296 4978 2645 5036 Octavarum
2666 4981 3079 5053 apostolorum,
3107 4985 3238 5040 dum
3272 4984 3341 5039 ad
3376 4985 3432 5039 Β.
3452 4984 3613 5042 Pauli

1975 5065 2401 5123 confessionem
2435 5071 2669 5138 oraret,
2706 5074 2906 5130 tentus
2945 5087 2974 5127 a
3007 5073 3264 5144 paganis,
3298 5073 3610 5146 lapidatus,

1975 5168 2042 5211 ac
2073 5156 2412 5226 martyrium
2439 5159 2886 5221 consummavit.

2046 5244 2257 5301 Eodem
2307 5245 2421 5318 die,
2457 5247 2746 5319 depositio
2796 5246 3113 5305 beatissimi
3155 5250 3357 5309 Coaris
3390 5256 3615 5313 confes-

1976 5346 2143 5391 801⁸18.

2042 5467 2067 5497 ο
2096 5460 2195 5517 Est
2223 5459 2277 5519 in
2313 5462 2548 5522 Graeco:
2586 5462 2750 5521 deest
2786 5463 2970 5523 textui
3004 5464 3223 5527 Latino.

2040 5529 2068 5570 α
2097 5532 2176 5589 De
2206 5547 2275 5591 eo
2309 5535 2364 5591 in
2396 5534 2582 5605 gestis
2615 5534 2801 5591 sancti
2840 5536 3185 5605 Sebastiani.
3222 5550 3291 5603 20
3323 5547 3443 5600 Jan.

3221 5884 3290 5940 lu
