3992 6170
290 279 393 330 299

853 389 909 441 [ε’.
944 381 1155 440 NONIS
1179 379 1354 437 JULII

963 473 1016 544 (7
1039 468 1246 540 Julii.)

357 582 384 610 α
416 566 579 641 Apud
615 560 1043 631 Alexandriam,
1068 555 1282 613 natalis
1303 551 1489 610 sancti
1513 548 1792 641 Pantaeni,
1812 546 1923 641 viri

289 637 690 730 apostolici,et
713 651 866 709 omni
890 645 1173 721 sapientia
1197 641 1483 712 adornati,
1509 637 1678 709 cujus
1701 640 1925 693 tantum

290 725 470 805 studii
501 750 562 800 et
593 725 805 799 amoris
836 751 974 809 erga
1005 735 1244 792 verbum
1274 731 1374 787 Dei
1409 729 1538 800 fuit,
1564 733 1626 784 ut
1655 727 1831 782 etiam
1853 725 1924 782 ad

294 832 724 910 praedicandum
745 827 958 886 Christi
979 822 1350 894 Evangelium
1371 819 1639 876 omnibus
1655 815 1930 910 gentibus

293 905 422 998 qua
454 925 508 980 in
561 919 818 978 Orientis
859 915 1079 973 ultimis
1129 910 1460 968 secessibus
1508 905 1925 975 reconduntur,

295 993 448 1082 ﬁdei,
475 1016 533 1068 et
558 1007 888 1067 devotionis
911 1003 1106 1060 calore
1132 1000 1430 1072 profectus
1451 996 1550 1065 sit,
1567 999 1626 1051 et
1647 1008 1834 1064 usque
1857 993 1926 1050 ad

292 1103 512 1160 Indiam
545 1097 878 1157 citeriorem
911 1087 1282 1164 prmdicando
1316 1084 1668 1158 pervenerit.
1706 1083 1812 1138 Ubi
1845 1097 1932 1138 re-

295 1192 448 1264 perit
477 1186 982 1253 Bartholomzeum,
1019 1182 1090 1238 de
1141 1177 1448 1235 duodecim
1491 1170 1804 1264 apostolis,
1818 1170 1932 1264 ad-

294 1259 529 1336 ventum
576 1275 796 1333 Domini
845 1274 982 1329 Iesu
1023 1269 1191 1340 juxta
1248 1263 1501 1322 Matthaei
1559 1259 1930 1332 Evangelium

299 1368 668 1440 praedicasse.
705 1362 868 1430 Quod
912 1356 1213 1416 Hebraicis
1262 1352 1482 1408 litteris
1509 1351 1814 1440 scriptum,
1845 1361 1934 1404 re-

296 1437 532 1512 vertens
555 1451 961 1510 Alexandriam
985 1460 1180 1504 secum
1203 1441 1444 1500 detulit:
1471 1439 1570 1497 ubi
1595 1437 1933 1510 praeclaram

296 1550 356 1600 et
387 1544 640 1600 nobilem
665 1541 845 1597 vitam
879 1539 1050 1594 beato
1083 1535 1196 1590 ﬁne
1235 1529 1540 1589 conclusit.

365 1633 394 1670 δ
423 1633 616 1686 Βοωτθ
667 1627 878 1684 natalis
921 1627 1220 1680 beatorum
1261 1623 1578 1688 martyrum
1618 1613 1934 1670 Nicostrati

296 1716 701 1786 Primiscrinii,
754 1711 978 1770 Claudii
1039 1705 1604 1774 Commentariensis,
1663 1701 1930 1772 Castorii,
1963 1723 2016 1784 Β

295 1807 602 1877 Victorini,
639 1799 1100 1876 Symphroniani,
1137 1813 1286 1869 quos
1314 1797 1373 1850 Β.
1407 1793 1784 1850 Sebastianus
1812 1805 1938 1848 cre-

297 1897 437 1953 dere
489 1895 545 1950 in
599 1891 892 1948 Christum
938 1887 1158 1956 docuit,
1193 1891 1252 1940 et
1300 1885 1542 1940 sanctus
1581 1879 1938 1957 Polycarpus

296 1983 606 2056 presbyter
640 1977 978 2050 baptizavit.
1016 1975 1124 2042 Qui
1155 1987 1286 2030 cum
1326 1984 1572 2042 corpora
1604 1973 1938 2026 sanctorum

296 2085 400 2144 per
429 2084 530 2126 ora
562 2068 827 2124 Tiberina
862 2064 1171 2136 requirunt
1203 2061 1350 2118 tenti
1382 2063 1538 2130 sunt,
1572 2062 1632 2114 et
1663 2058 1733 2114 ad
1766 2055 1939 2114 Urbis

295 2161 634 2232 prafectum
669 2153 958 2228 perducti.
993 2153 1132 2208 Erat
1155 2150 1338 2220 judex
1370 2148 1676 2216 Fabianus,
1709 2145 1806 2216 qui
1837 2159 1940 2201 eos

295 2231 646 2306 hortabatur
673 2243 742 2300 ad
767 2240 1234 2309 sacriﬁcandum,
1262 2252 1366 2309 per
1388 2237 1589 2294 decem
1613 2233 1739 2290 dies
1768 2231 1939 2290 minis

296 2341 358 2394 et
381 2333 684 2392 blanditiis
707 2345 840 2390 cum
861 2328 948 2386 eis
964 2341 1160 2398 agens,
1175 2325 1471 2383 etnullum
1495 2322 1730 2396 penitus
1749 2320 1935 2393 potuit

297 2435 680 2482 commovere.
714 2421 869 2475 Tunc
904 2417 1040 2474 fecit
1073 2417 1144 2471 de
1174 2415 1262 2472 eis
1301 2412 1730 2484 suggestionem
1762 2410 1940 2480 impe-

297 2513 634 2570 ratoribus:
669 2507 886 2580 quique
931 2505 1236 2575 jusserunt
1285 2517 1387 2560 eos
1436 2500 1614 2556 tertio
1652 2497 1933 2570 torqueri.

298 2603 555 2672 Cumque
579 2597 735 2654 nulla
753 2596 981 2652 ratione
1004 2592 1289 2665 compulsi
1311 2590 1612 2660 cederent,
1635 2588 1938 2658 jusserunt

295 2705 398 2746 eos
429 2690 484 2744 in
503 2703 659 2744 mare
675 2685 1011 2758 praecipites
1023 2683 1169 2739 dari.
1186 2681 1486 2738 lmmensis
1506 2678 1704 2749 itaque
1727 2674 1936 2733 arctati

299 2778 678 2851 ponderibus,
715 2774 904 2847 pelagi
939 2773 1216 2830 ﬂuctibus
1249 2769 1370 2826 dati
1421 2772 1579 2837 sunt,
1615 2769 1677 2823 ut
1712 2765 1767 2820 in
1811 2763 1939 2820 loco

295 2867 508 2926 mundo
541 2867 694 2922 inter
722 2878 904 2935 aquas
934 2875 1206 2919 coronam
1246 2857 1510 2928 martyrii
1543 2855 1932 2913 celebrarent.

367 2955 534 3028 Apud
565 2955 864 3023 Viennam,
899 2951 1078 3008 Evodi
1130 2948 1414 3022 episcopi,
1449 2945 1618 3016 cujus
1647 2942 1936 3000 industria

295 3045 512 3136 delata;
528 3048 660 3136 sunt
687 3043 952 3136 reliquias
973 3043 1309 3098 sanctorum
1331 3040 1650 3106 martyrum
1670 3032 1940 3091 Thebaeo-
1966 3075 2015 3136 Ο

295 3149 421 3193 rum
445 3133 516 3190 ad
541 3125 753 3190 urbem
783 3130 1080 3187 Viennam.

789 3235 851 3290 G.
884 3234 1006 3288 VIII
1046 3231 1206 3288 IDUS
1239 3229 1432 3286 JULII.

972 3324 1028 3394 (8
1049 3319 1259 3390 Julii.)

314 3415 319 3420 ’
367 3425 533 3496 Apud
566 3423 758 3480 Asiam
811 3421 1110 3488 minorem,
1163 3410 1642 3482 sancti'Aquilae,
1677 3414 1738 3466 et
1782 3409 1936 3466 Pris-

293 3514 444 3570 cillae
477 3511 678 3568 uxoris
706 3510 834 3580 ejus
861 3509 932 3564 de
955 3507 1168 3578 quibus
1191 3505 1246 3560 in
1273 3503 1517 3560 Actibus
1538 3499 1933 3571 apostolorum

293 3601 622 3660 scribitur:
674 3599 826 3672 apud
886 3611 1030 3668 quos
1088 3597 1295 3652 beatus
1349 3590 1566 3647 Paulus
1634 3587 1936 3660 apostolus

295 3693 536 3764 propter
563 3688 876 3746 artiﬁcium
909 3687 1099 3759 (erant
1117 3683 1269 3740 enim
1299 3679 1558 3752 ejusdem
1583 3677 1747 3748 artis,
1765 3677 1822 3733 id
1845 3680 1936 3734 est

293 3779 675 3853 scenopegim,
711 3777 878 3848 cujus
899 3779 960 3832 et
992 3771 1328 3847 Apostolus)
1351 3770 1690 3827 morabatur
1719 3770 1780 3822 et
1801 3780 1935 3838 ope-

294 3871 554 3940 rabatur,
591 3871 896 3940 postquam
928 3863 1040 3936 ipsi
1073 3864 1132 3918 in
1163 3861 1433 3918 Achaiam
1475 3859 1548 3914 ab
1579 3858 1725 3914 urbe
1755 3857 1932 3913 Roma

293 3961 580 4016 venerunt
609 3958 797 4028 (Rom.
837 3970 959 4018 xvr;
994 3954 1047 4009 Ῑ.
1085 3953 1217 4008 σοιν.
1254 3965 1377 4015 xvr;
1408 3949 1534 4006 Act.
1571 3947 1750 4017 xvm).

363 4049 424 4101 In
456 4045 790 4114 Palaestina,
823 4041 1036 4098 natalis
1081 4038 1269 4094 sancti
1317 4036 1584 4107 Proc0pii
1635 4033 1928 4103 martyris,

293 4135 390 4204 qui
429 4134 502 4188 ab
543 4129 877 4202 Scythopoli
929 4127 1144 4186 ductus
1193 4127 1534 4193 Caesaream,
1569 4123 1640 4178 ad
1691 4121 1931 4193 primam

293 4221 734 4293 responsionum
784 4218 911 4288 ejus
961 4215 1370 4274 conﬁdentiam
1419 4213 1570 4268 irato
1605 4209 1802 4280 judice
1835 4211 1932 4264 Fa-

294 4311 484 4374 biano.
519 4309 712 4381 capite
741 4322 934 4366 czesus
965 4310 1075 4363 est.

791 4417 852 4470 A.
897 4414 994 4470 VII
1043 4411 1201 4468 IDUS
1237 4411 1426 4466 JULll.

965 4503 1019 4574 (9
1049 4499 1256 4571 Julii.)

363 4607 573 4676 Romae,
608 4605 679 4661 ad
711 4606 942 4660 Guttam
970 4601 1192 4673 jugiter
1231 4603 1558 4657 manantem
1603 4597 1791 4654 sancti
1831 4597 1929 4650 Ze-

290 4694 475 4765 nonis,
493 4697 552 4750 et
573 4693 818 4750 aliorum
842 4693 1042 4748 decem
1061 4689 1302 4746 millium
1327 4688 1711 4745 ducentorum
1728 4685 1922 4740 trium.

359 4785 418 4840 In
446 4783 690 4840 civitate
711 4781 914 4852 Tyriae,
949 4779 1165 4836 natalis
1205 4777 1298 4833 SS.
1338 4775 1618 4832 Anatoliaa
1648 4777 1709 4829 et
1739 4771 1927 4828 Auda-

287 4871 390 4943 cis,
427 4871 538 4928 sub
567 4872 744 4928 Decio
787 4870 1158 4940 imperatore.
1203 4866 1457 4934 Quorum
1499 4859 1763 4918 Anatolia
1794 4874 1925 4914 cum

285 4959 498 5016 multos
527 4960 583 5016 in
616 4960 830 5016 Piceno
861 4958 1138 5028 inﬁrmos,
1177 4954 1486 5021 lunaticos,
1521 4965 1586 5006 ac
1621 4947 1926 5006 daemonia-

285 5061 385 5104 cos
431 5053 719 5120 curasset,
759 5047 936 5104 ducta
979 5049 1092 5117 est,
1138 5044 1383 5116 jubentc
1425 5037 1817 5107 Faustiniano,
1852 5036 1924 5094 ad

284 5135 583 5192 civitatem
623 5137 826 5209 Tyriae,
861 5140 922 5193 et
971 5134 1224 5193 diversis
1271 5131 1569 5204 plagarum
1607 5125 1924 5199 generibus

283 5227 510 5284 vexata.
545 5225 766 5282 Deinde
795 5241 926 5284 cum
975 5226 1251 5296 serpente
1301 5224 1423 5276 tota
1457 5219 1628 5274 nocte
1676 5214 1920 5283 inclusa,

284 5311 427 5368 nihil
461 5311 600 5371 laesa
630 5319 723 5371 est
749 5334 761 5368 :
797 5315 934 5387 quin
965 5320 1026 5370 et
1057 5314 1245 5384 ipsum
1274 5309 1542 5377 Marsum,
1567 5305 1665 5378 qui
1688 5318 1923 5377 serpen-

278 5446 386 5585 θεῖ)
410 5438 619 5570 Εὲιὲθι).
656 5437 756 5496 lib.
774 5455 826 5510 v,
845 5440 1088 5511 cap.10;
1122 5433 1353 5497 Hieron.
1387 5431 1459 5491 de
1493 5431 1704 5505 Script.
1738 5427 1916 5502 Eccl.,

1327 255 1380 310 s.
1435 251 1690 308 ADONIS
1739 233 2172 306 ARCHIEPISC.
2223 243 2636 300 VIENNENSIS

1951 371 2005 432 Α
2037 373 2152 425 tem
2185 367 2510 437 dimiserat,
2547 364 2778 421 nomine
2811 362 3122 433 Audacem,
3155 377 3320 420 mane
3345 376 3376 418 a
3405 377 3514 422 suo
3551 378 3673 422 ser-

3570 247 3674 298 300

2037 463 2210 528 pente
2256 453 2651 512 devorandum
2693 451 2932 523 eripuit,
2974 455 3034 507 et
3085 449 3156 508 ad
3205 450 3421 508 Christi
3460 457 3672 524 marty-

2034 544 2181 602 rium
2202 543 2513 601 convertit.
2540 543 2678 598 Nam
2699 541 2826 612 ipse
2850 543 2982 611 post
3004 539 3128 596 hac
3149 541 3225 596 ob
3247 540 3670 598 confessionem

2034 633 2308 690 veritatis
2331 631 2388 686 in
2411 630 2739 687 custodiam
2761 629 2935 685 datus
2957 631 3068 684 est.
3093 629 3224 700 Ipsa
3257 642 3488 700 quoque
3509 629 3673 700 virgo

2039 719 2253 776 Christi
2285 719 2783 788 transverberata,
2817 731 2947 774 cum
2977 719 3166 772 staret
3195 717 3458 774 extensis
3498 717 3676 774 mani-

2039 809 2148 866 bus
2171 809 2226 863 in
2249 807 2534 877 oratione,
2563 805 2641 860 ita
2675 809 2738 862 ut
2773 819 2876 876 per
2907 805 3212 861 dexterum
3251 804 3408 862 latus
3444 804 3678 876 gladius

2039 898 2271 966 missus,
2289 910 2392 967 per
2415 895 2718 951 sinistrum
2739 893 2948 950 exiret.
2965 893 3102 960 Qum
3125 907 3294 966 passa
3316 897 3409 950 est
3430 895 3679 966 septimo

2040 984 2242 1041 Iduum
2271 983 2554 1040 Juliarum
2584 1001 2596 1036 :
2631 981 2862 1053 sepulta
2902 986 3096 1038 autem
3145 996 3310 1038 mane
3370 995 3400 1037 a
3448 981 3680 1038 civibus

2039 1071 2432 1142 Tyriensibus.
2465 1069 2668 1127 Audax
2699 1084 2838 1126 vero
2868 1070 3003 1140 quia
3042 1069 3114 1126 de
3153 1069 3392 1126 Oriente
3430 1075 3579 1140 erat,
3605 1072 3683 1127 ab

2045 1175 2224 1217 uxore
2255 1174 2360 1216 sua
2390 1163 2451 1216 et
2481 1158 2618 1216 ﬁliis
2649 1157 2789 1215 illuc
2821 1157 3144 1216 translatus
3173 1163 3283 1215 est.

2114 1249 2325 1306 Eodem
2357 1247 2470 1318 die,
2524 1247 2738 1304 natalis
2787 1247 2975 1304 sancti
3017 1247 3216 1320 Cyrilli
3265 1247 3544 1320 episcopi,
3581 1247 3683 1318 qui

2043 1338 2286 1394 flammis
2308 1335 2580 1408 injectus,
2597 1335 2818 1393 illaesus
2841 1337 3050 1407 evasit,
3067 1351 3134 1393 ac
3156 1340 3397 1408 stupore
3412 1336 3558 1392 tanti
3579 1335 3686 1392 mi-

2045 1425 2228 1482 raculi
2257 1425 2510 1494 ajudice
2551 1424 2846 1480 dimissus.
2894 1425 3033 1481 Cum
3079 1439 3287 1482 rursus
3317 1425 3558 1481 verbum
3579 1424 3681 1480 Dei

2044 1513 2322 1571 alacriter
2353 1512 2720 1584 praedicaret,
2753 1527 2821 1568 ac
2852 1511 3053 1584 plures
3081 1511 3376 1570 efﬁcacius
3405 1513 3476 1570 ad
3509 1511 3682 1569 ﬁdem

2047 1602 2264 1659 Christi
2295 1603 2685 1671 converteret,
2713 1599 2896 1671 judex
2945 1601 3288 1672 pmnitentia
3336 1600 3552 1658 ductus
3591 1616 3687 1658 ca-

2051 1691 2172 1764 pite
2221 1688 2400 1764 plecti
2450 1704 2578 1747 eum
2620 1689 2818 1760 jussit,
2871 1694 3048 1761 atque
3096 1694 3361 1762 optatum
3419 1691 3684 1761 martyrii

2049 1781 2218 1837 ﬁnem
2247 1779 2690 1837 consummavit.

2121 1873 2179 1925 In
2212 1869 2454 1925 civitate
2495 1867 2834 1939 Martulana,
2865 1868 3054 1924 sancti
3093 1868 3294 1924 Brictii
3335 1867 3594 1940 episcopi
3623 1875 3689 1926 et

2047 1957 2425 2028 confessoris,
2477 1956 2575 2028 qui
2623 1957 2733 2013 sub
2777 1957 2976 2026 judice
3025 1957 3324 2028 Martiano,
3377 1972 3445 2014 os
3490 1956 3686 2029 lapide

2048 2052 2334 2105 contusus
2365 2050 2459 2104 est
2491 2049 2552 2102 et
2579 2046 2635 2101 in
2669 2046 2920 2118 equuleo
2951 2045 3359 2103 crudelissime
3388 2047 3689 2104 excrucia-

2049 2142 2166 2208 tus,
2203 2137 2259 2192 in
2289 2135 2512 2192 Domini
2543 2134 2913 2192 confessione
2935 2135 3281 2206 perdurans,
3307 2135 3362 2190 in
3388 2148 3686 2192 carcerem

2045 2230 2254 2282 trusus
2279 2229 2390 2282 est.
2424 2225 2604 2281 Nocte
2652 2228 2844 2280 autem
2894 2227 3231 2281 terraemotu
3279 2224 3442 2294 gravi
3473 2223 3690 2282 civitas

2047 2329 2353 2384 concussa,
2389 2313 2544 2369 inter
2574 2313 2724 2370 alios
2756 2312 2976 2385 plures,
3009 2313 3184 2370 etiam
3216 2313 3558 2371 Martianum
3590 2327 3688 2370 oc-

2047 2402 2210 2459 cidit.
2243 2402 2311 2457 Et
2344 2401 2560 2458 Christi
2591 2401 2894 2458 confessor
2924 2402 2996 2458 ab
3045 2401 3254 2473 angelo
3293 2406 3518 2474 sancto,
3550 2405 3612 2458 et
3649 2415 3686 2457 a

2049 2491 2221 2547 beato
2251 2491 2428 2546 Petro
2476 2489 2744 2561 apostolo
2787 2490 3086 2562 visitatus,
3140 2493 3318 2562 atque
3365 2490 3435 2547 ad
3479 2491 3692 2562 praedi-

2047 2578 2294 2634 candum
2345 2577 2717 2648 Evangelium
2765 2577 3150 2648 confortatus,
3182 2591 3420 2648 magnas
3448 2577 3691 2651 populo-

2049 2679 2174 2720 rum
2205 2663 2572 2721 credentium
2603 2663 3015 2720 multitudines
3044 2664 3425 2736 omnipotenti
3457 2667 3572 2723 Deo
3599 2665 3690 2724 lu:

2046 2753 2380 2824 crifaciens,
2416 2752 2638 2824 quievit
2667 2753 2721 2808 in
2755 2767 2915 2824 pace.
2943 2753 3121 2824 Cujus
3143 2755 3386 2811 animam
3408 2755 3688 2814 viderunt

2047 2841 2353 2898 adstantes
2385 2840 2440 2896 in
2473 2841 2672 2914 specie
2697 2841 2984 2900 columbae,
3015 2843 3198 2900 niveae
3227 2842 3376 2900 coelo
3406 2844 3609 2916 recipi.

2120 2931 2262 2986 Item
2291 2929 2447 3002 apud
2475 2929 2805 3002 Egyptum,
2839 2931 2892 2986 S.
2942 2931 3276 3004 Serapionis
3325 2933 3582 3004 episcopi
3622 2937 3682 2990 et

2047 3019 2421 3076 confessoris.

2576 3133 2634 3188 Β.
2667 3133 2740 3189 VI
2770 3133 2931 3190 IDUS
2954 3136 3146 3191 JULII.

2705 3241 2797 3312 (40
2823 3241 3032 3312 Julii.)

2117 3345 2308 3402 Romae
2339 3349 2564 3416 septem
2597 3347 2841 3402 fratrum
2881 3345 3132 3404 ﬁliorum
3173 3349 3388 3404 sanctae
3415 3346 3686 3404 Felicita-

2047 3433 2144 3502 tis,
2212 3431 2270 3487 id
2329 3436 2422 3489 est
2486 3434 2766 3503 Januarii,
2827 3433 3056 3506 Felicis,
3117 3434 3390 3507 Philippi,
3451 3433 3682 3506 Sylvani

2046 3521 2379 3591 Alexandri,
2413 3521 2622 3578 Vitalis
2652 3527 2713 3578 et
2744 3522 3044 3595 Martialis,
3079 3524 3189 3581 sub
3213 3525 3490 3596 praefecto
3510 3524 3686 3582 Urbis

2043 3609 2268 3680 Publio,
2291 3614 2548 3682 tempore
2571 3611 2841 3667 Antonini
2867 3611 3166 3683 principis.
3197 3613 3452 3670 Primum
3472 3612 3683 3684 auditi,

2043 3697 2254 3756 deinde
2286 3714 2388 3771 per
2409 3697 2869 3768 variosjudices,
2899 3706 2962 3756 ut
2978 3701 3160 3757 variis
3188 3701 3686 3774 suppliciislania-

2043 3793 2267 3859 rentur,
2298 3787 2478 3846 missi.
2505 3789 2548 3844 E
2569 3788 2781 3860 quibus
2808 3787 3118 3845 Ianuarius
3149 3793 3280 3861 post
3305 3790 3549 3848 verbera
3571 3791 3690 3848 vir—

2040 3866 2244 3945 gar'um
2277 3877 2336 3930 et
2368 3887 2668 3932 carcerem
2699 3873 2770 3930 ad
2821 3873 3152 3946 plumbatas
3181 3875 3414 3932 occisus
3443 3882 3554 3933 est.
3587 3878 3690 3935 Fe-

2043 3962 2123 4018 lix
2157 3966 2216 4020 ct
2245 3962 2550 4034 Philippus
2581 3963 2838 4020 fustibus
2867 3963 3126 4035 mactati,
3161 3963 3443 4034 Sylvanus
3481 3967 3690 4038 praeci-

2045 4051 2188 4124 pitio
2228 4052 2616 4122 interemptus
2659 4056 2770 4108 est.
2825 4051 3173 4125 Alexander,
3209 4053 3415 4111 Vitalis
3453 4059 3514 4110 et
3543 4055 3691 4112 Mar-

2043 4139 2200 4196 tialis
2231 4139 2468 4212 capitali
2498 4141 2790 4197 sententia
2831 4141 3039 4212 puniti.

2114 4229 2323 4285 Eodem
2355 4229 2449 4286 die
2481 4229 2538 4285 in
2571 4229 2762 4286 Africa
2794 4229 3007 4287 natalis
3030 4231 3123 4287 SS.
3153 4228 3432 4302 Januarii,
3457 4230 3687 4304 Marini,

2042 4317 2286 4374 Naboris
2315 4322 2376 4374 et
2399 4316 2628 4388 Felicis,
2663 4317 3085 4376 decollatorum
3113 4338 3124 4374 :
3157 4334 3401 4392 quorum
3435 4335 3689 4394 corpora

1960 4427 2012 4486 υ
2039 4403 2420 4462 Mediolanum
2451 4405 2738 4464 translata
2769 4411 2924 4465 sunt.

2109 4495 2300 4552 Romae
2324 4493 2596 4553 milliario
2625 4497 2867 4567 decimo,
2903 4495 3098 4553 natale
3125 4496 3366 4568 Ruﬁna,
3401 4496 3690 4555 Secundae

2039 4597 2324 4655 sororum,
2342 4587 2508 4656 patre
2530 4584 2858 4643 clarissimo
2877 4585 3206 4655 genitarum
3227 4585 3481 4656 Asterio,
3496 4587 3689 4642 matre

2038 4670 2361 4730 clarissima
2391 4673 2646 4744 Aurelia,
2681 4673 2791 4730 sub
2844 4674 3251 4744 persecutione
3290 4673 3583 4731 Valeriani
3621 4678 3690 4730 et

2039 4760 2304 4832 Gallieni,
2332 4762 2652 4832 judicibus,
2683 4762 2854 4819 Junio
2906 4763 3125 4819 Eonato
3156 4763 3454 4834 praefecto,
3487 4767 3550 4822 et
3579 4764 3690 4818 Ar-

2037 4849 2294 4906 chesilao
2324 4851 2556 4907 comite.
2595 4851 2806 4907 Harum
2828 4850 3118 4922 virginum
3151 4853 3348 4924 sponsi
3380 4853 3688 4908 Armenta-

2036 4936 2162 4994 rius
2175 4941 2237 4994 et
2251 4938 2500 4996 Verinus
2513 4953 2543 4995 a
2560 4937 2670 4996 ﬁde
2685 4939 3001 4996 Christiani
3012 4941 3152 4997 tatis
3167 4941 3688 4998 recesserunt.Pro

2036 5039 2145 5096 qua
2180 5041 2242 5082 re
2301 5025 2566 5084 volentes
2629 5023 2814 5085 beatae
2861 5028 3120 5100 virgines
3152 5029 3446 5086 declinare
3476 5043 3686 5086 eorum

2035 5114 2446 5186 persuasiones
2469 5115 2723 5188 insanas,
2749 5117 2818 5174 ad
2855 5117 3193 5189 praediolum
3216 5132 3406 5188 suum,
3433 5116 3590 5189 quod
3619 5116 3684 5172 in

2031 5203 2254 5260 Tusciae
2291 5204 2558 5274 partibus
2588 5207 2942 5264 videbantur
2970 5205 3206 5279 habere,
3243 5208 3534 5264 basternas
3550 5219 3687 5279 per-

2031 5291 2246 5361 gebant
2261 5290 2551 5350 vehiculo.
2569 5292 2733 5362 Quod
2747 5293 3054 5352 audientes
3067 5295 3470 5354 Armentarius
3490 5300 3551 5353 et
3571 5293 3687 5350 Ve-

2031 5379 2216 5453 rinus,
2233 5380 2436 5439 comiti
2453 5380 2794 5441 Archesilao
2815 5391 3243 5456 suggesserunt
3262 5399 3374 5457 qua
3401 5384 3475 5442 de
3497 5395 3683 5444 causa

2099 5504 2126 5545 υ
2155 5505 2235 5566 De
2264 5504 2358 5568 his
2385 5505 2445 5566 in
2473 5506 2662 5582 gestis
2694 5508 2750 5566 S.
2790 5507 3134 5583 Sebastiani,
3165 5513 3236 5570 20
3260 5509 3386 5570 Jan.
