4004 6168
246 226 327 274 3m
994 213 1594 273 uanrvnomcmu
1636 182 1777 271 cmi
1819 164 2343 272 anniraunuris.
2378 243 2447 256 ο-
2480 218 2680 275 unus.
2714 219 2852 274 JUL.

3515 233 3617 283 30')

244 342 435 399 Urbem
456 339 745 409 fugerent.
779 340 935 395 Tunc
966 336 1459 397 sceleratissimus
1492 337 1867 397 Archesilaus
1894 339 1952 401 A
1981 344 2132 396 mata
2164 353 2409 411 corpora
2441 338 2817 411 derelinquit.
2862 340 2969 396 Sed
3016 343 3233 399 Domini
3273 348 3460 413 gratia
3503 363 3611 404 non

239 444 356 488 cum
380 426 673 484 militibus
702 427 827 483 suis
847 428 1224 499 equestribus
1256 430 1369 485 iter
1401 443 1599 501 agens,
1628 432 1864 486 sanctas

240 519 328 576 Dei
350 517 607 588 virgines
630 517 686 573 in
706 517 797 573 via
825 516 1094 574 Flaminia
1119 518 1369 576 milliaro
1394 519 1620 575 decimo
1651 522 1862 590 quarto

236 606 742 679 comprehendens,
771 609 948 677 atque
974 622 1258 664 revocans
1280 608 1351 664 ad
1378 609 1579 664 urbem
1602 609 1859 677 Romam,

234 696 389 755 Iunio
410 696 638 751 Donato
662 695 940 765 praefecto
963 695 1198 752 obtulit.
1227 695 1334 762 Qui
1354 696 1532 766 jussit
1554 711 1655 752 eas
1678 696 1731 751 in
1767 711 1864 753 cu—

237 785 449 843 stodias
470 782 657 854 redigi
682 798 712 839 a
737 798 798 840 se
824 783 1070 840 invicem
1095 790 1416 856 separatas,
1452 789 1513 841 et
1545 785 1601 841 in
1631 785 1724 841 die
1751 789 1865 841 ter-

237 876 305 932 tia
338 875 395 930 in
428 872 809 930 secretarium
835 872 988 930 duci.
1016 874 1077 928 In
1101 889 1216 945 quo
1240 874 1500 930 Ruﬁnam
1526 873 1749 945 ingredi
1776 873 1866 943 ju-

236 965 385 1033 bens,
422 962 572 1018 dixit
601 960 672 1017 ad
705 975 831 1017 eam
858 981 870 1015 :
907 962 1043 1018 Cum
1076 962 1159 1019 sis
1190 962 1404 1018 nobilis
1428 967 1582 1031 nata,
1610 962 1746 1033 quid
1771 966 1864 1017 est

236 1053 373 1125 quod
399 1052 473 1108 ad
506 1050 937 1122 ignobilitatem
978 1050 1250 1107 devoluta
1291 1066 1374 1119 es,
1415 1054 1475 1106 et
1515 1050 1683 1122 cupis
1732 1065 1863 1107 esse

236 1140 541 1214 captivaiin
574 1138 845 1209 vinculis,
880 1139 1061 1209 magis
1092 1154 1260 1210 quam
1296 1139 1477 1196 libera
1502 1154 1631 1195 cum
1653 1139 1862 1196 marito

236 1213 523 1304 gaudere?
560 1228 765 1286 Ruﬁna
810 1228 1113 1300 respondit
1140 1247 1161 1301 ε,
1197 1228 1519 1299 Captivitas
1561 1228 1671 1284 ista
1727 1231 1864 1284 tem-

236 1320 441 1395 poralis
462 1324 743 1376 mternam
775 1317 1173 1389 captivitatem
1206 1317 1508 1382 excludit;
1540 1320 1600 1373 et
1630 1316 1861 1374 vincula

237 1408 588 1481 temporalia,
627 1410 905 1479 perpetua
930 1406 1294 1463 vinculorum
1320 1406 1631 1476 ligamenta
1655 1404 1864 1462 dissol-

233 1504 378 1556 vunt.
407 1497 735 1554 Praefectus
758 1494 905 1551 dixit
931 1513 943 1548 :
968 1496 1119 1551 Istas
1142 1509 1317 1552 vanas
1341 1494 1567 1551 fabulas
1588 1497 1648 1551 et
1678 1493 1862 1551 aniles

233 1587 427 1658 abjice,
471 1593 535 1643 et
579 1584 845 1642 sacriﬁca
885 1583 999 1639 diis
1030 1583 1540 1653 immortabilibus,
1576 1587 1639 1641 ut
1671 1582 1863 1655 possis

1976 428 2161 485 defuit
2192 428 2249 484 in
2284 427 2516 485 Christo
2553 428 2935 485 credentibus
2974 443 3079 486 nec
3120 429 3430 489 defunctis.
3475 436 3613 493 Nam

1974 516 2247 575 Plautilla
2282 522 2563 588 matrona,
2599 518 2655 574 in
2688 517 2858 588 cujus
2886 518 3108 589 praedio
3129 519 3236 575 hoc
3262 521 3475 579 factum
3497 530 3609 595 est,

1976 606 2121 663 vidit
2143 622 2243 665 eas
2273 608 2329 663 in
2361 608 2490 664 visu
2523 608 2798 664 sedentes
2828 610 3149 678 gemmatas
3172 608 3228 665 in
3255 609 3525 684 thalamo,
3551 619 3614 672 et

1976 695 2241 753 dicentes
2263 696 2372 753 sibi
2400 715 2412 750 :
2437 695 2732 766 Plautilla,
2758 696 2961 752 desine
2983 710 3014 752 a
3042 696 3278 766 ﬂagitiis
3303 698 3608 771 idolorum,

1975 788 2031 840 et
2064 786 2137 841 ab
2170 784 2582 841 incredulitate
2614 784 2787 855 impia
2809 798 2996 854 cessa,
3024 789 3086 840 et
3106 786 3356 843 credens
3378 786 3433 843 in
3456 788 3615 844 Chri-

1975 878 2128 930 stum
2151 874 2281 930 veni
2308 874 2362 929 in
2389 887 2509 929 rem
2532 878 2709 942 tuam,
2727 877 3044 944 etcorpora
3065 879 3262 930 nostra
3290 875 3610 949 inveniens,

1977 962 2054 1017 ibi
2089 961 2290 1033 sepeli.
2327 963 2661 1031 Exsurgens
2691 966 2885 1017 autem
2920 961 3213 1032 Plautilla,
3251 965 3517 1034 pervenit
3542 966 3613 1023 ad

1976 1049 2184 1119 locum,
2218 1055 2275 1105 et
2308 1050 2611 1106 inveniens
2643 1053 2976 1105 sanctarum
3010 1050 3321 1119 virginum
3344 1066 3611 1125 corpora,
3667 1043 3685 1052 ’

1975 1140 2259 1210 adoravit,
2286 1144 2343 1195 et
2368 1138 2641 1208 credidit,
2667 1143 2727 1194 et
2752 1139 3057 1195 fabricavit
3082 1140 3417 1211 sepulcrum
3441 1143 3616 1214 virgi-

1977 1244 2110 1287 num
2143 1229 2214 1286 ad
2251 1227 2478 1285 laudem
2513 1226 2733 1283 Domini
2764 1228 2901 1284 Jesu
2936 1227 3172 1283 Christi.

2516 1334 2573 1389 C.
2615 1335 2654 1389 V
2685 1334 2842 1389 IDUS
2870 1334 3061 1390 JULII.

2632 1422 2719 1487 (Η
2752 1422 2962 1490 Julii.)

2043 1518 2368 1577 Translatio
2408 1519 2461 1573 S.
2493 1517 2792 1575 Benedicti
2816 1520 3082 1576 abbatis:
3120 1525 3428 1593 postquam
3460 1525 3613 1584 enim

1974 1610 2152 1679 (sicut
2184 1608 2308 1680 ipse
2337 1607 2541 1663 vivens
2573 1607 2953 1678 praedixerat)
2986 1611 3401 1669 monasterium
3433 1613 3560 1682 ejus
3581 1630 3612 1671 a

234 1681 556 1773 luOSPOHSO
571 1689 702 1773 θιξξη
715 1672 928 1773 ξειθξίίρ
953 1673 1194 1773 Per”???
1211 1675 1271 1728 9"
1291 1687 1477 1773 υδίῖξξθ
1499 1673 1570 1773 Ed
1596 1676 1864 1729 senectu'
1894 1697 1946 1757 Β
1974 1672 2250 1769 gentibus
2270 1699 2359 1753 est
2384 1672 2950 1765 vastat'um,Domino
2975 1697 3294 1769 revelante,
3313 1672 3612 1773 repertum

234 1770 329 1822 tem
341 1780 482 1823 cum
493 1763 712 1835 gaudio
726 1761 1065 1819 deliciarum
1079 1762 1388 1831 attingere.
1406 1761 1610 1819 Ruﬁna
1625 1777 1722 1818 res
1730 1777 1866 1832 pon-

232 1855 330 1911 dit:
360 1855 496 1910 Duo
524 1855 664 1909 sunt
694 1849 923 1907 inutilia
956 1864 1084 1920 quas
1117 1850 1455 1920 persuades,
1482 1852 1541 1906 et
1566 1864 1739 1907 unum
1764 1850 1866 1907 du-

234 1944 369 1999 bium
409 1942 571 2013 quod
606 1939 919 2013 promittis.
956 1940 1094 1994 Nam
1126 1938 1274 1995 dicis
1304 1952 1393 1994 me
1436 1938 1650 1994 debere
1691 1938 1866 1995 idolis

233 2032 560 2089 sacriﬁcare
603 2032 667 2086 ut
708 2029 764 2084 in
806 2032 1153 2100 perpetuum
1194 2028 1470 2098 peream?
1498 2031 1558 2083 et
1590 2031 1725 2098 post
1754 2027 1866 2084 hoc

231 2122 493 2178 maritum
527 2119 796 2190 accipere
829 2122 893 2174 ut
920 2116 1167 2187 gloriam
1201 2114 1560 2187 virginitatis
1581 2116 1862 2171 amittam.

232 2212 351 2268 Post
376 2210 499 2266 ista
525 2209 642 2265 duo
671 2212 785 2263 tam
811 2205 1109 2264 contraria
1143 2204 1457 2276 promittis,
1494 2203 1648 2274 quod
1682 2218 1866 2274 usque

232 2301 290 2357 ad
325 2302 703 2357 senectutem
754 2310 884 2353 cum
926 2294 1141 2365 gaudio
1181 2293 1523 2350 deliciarum
1563 2293 1863 2364 attingam,

235 2405 346 2447 cum
369 2390 449 2446 de
478 2393 536 2443 te
567 2387 697 2458 ipso
730 2385 993 2441 incertus
1024 2383 1126 2452 sis,
1160 2397 1230 2439 an
1261 2384 1332 2438 ad
1366 2383 1516 2444 diem
1548 2383 1867 2440 crastinum

234 2480 499 2549 attingas.
537 2477 764 2531 Praeses
787 2473 997 2530 adduci
1018 2471 1197 2542 jussit
1220 2471 1561 2542 Secundam,
1579 2481 1644 2528 ut
1666 2471 1869 2528 Ruﬁna

234 2583 391 2625 soror
424 2565 556 2635 ejus
588 2564 644 2619 in
675 2567 999 2634 conspectu
1021 2561 1209 2631 ipsius
1241 2560 1487 2631 ﬂagellis
1517 2562 1865 2618 caederetur.

234 2656 357 2723 Quae
380 2671 519 2712 cum
542 2654 784 2710 vidisset
810 2665 1071 2708 sororem
1103 2664 1265 2706 suam
1300 2648 1545 2719 ﬂagellis
1564 2648 1728 2718 caedi,
1756 2649 1872 2704 cla-

236 2760 384 2802 mare
407 2743 590 2815 carpit
613 2742 681 2799 ad
701 2741 986 2811 judicem:
1024 2738 1171 2805 Quid
1205 2743 1296 2795 est
1327 2740 1480 2808 quod
1511 2739 1654 2809 agis,
1691 2737 1873 2795 scele-

232 2833 539 2903 ratissime,
564 2837 625 2888 et
648 2830 813 2900 regni
838 2828 1126 2887 caelorum
1150 2828 1374 2884 invisor
1395 2827 1418 2880 ?
1441 2828 1576 2899 quid
1603 2832 1696 2885 est
1719 2828 1871 2898 quod

234 2938 490 2981 sororem
526 2936 708 2978 meam
739 2918 1038 2989 gloriﬁcas
1059 2922 1119 2974 et
1143 2932 1230 2973 me
1253 2918 1583 2974 exhonoras
1602 2919 1625 2972 ?
1647 2917 1798 2974 Dicit
1820 2917 1872 2972 ei

1973 1794 2066 1848 est
2088 1801 2323 1859 corpus,
2348 1789 2408 1841 et
2429 1785 2485 1840 in
2511 1783 2726 1841 Gallias
2752 1784 3121 1855 translatum,
3147 1792 3324 1859 atque
3354 1789 3411 1844 in
3443 1792 3615 1847 terri-

1977 1879 2128 1936 torio
2142 1873 2567 1943 Aurelianensi,
2584 1872 2937 1929 monasterio
2962 1876 3113 1944 quod
3140 1882 3380 1934 vocatur
3403 1878 3615 1934 Floria-

1976 1981 2126 2036 cum,
2173 1962 2457 2032 condigne
2496 1959 2830 2030 sepultum;
2873 1960 3223 2018 translatum
3264 1970 3353 2019 est
3391 1965 3613 2035 pariter

1976 2055 2150 2112 etiam
2195 2065 2409 2122 corpus
2458 2050 2641 2105 beatae
2686 2047 3060 2105 Scholasticae
3107 2050 3351 2120 virginis
3394 2056 3615 2112 sororis

1976 2142 2121 2213 ejus,
2155 2145 2330 2209 atque
2362 2138 2418 2193 in
2450 2135 2719 2207 partibus
2751 2137 3287 2210 Cenomanensium,
3315 2141 3616 2213 religioso-

1978 2246 2103 2288 rum
2138 2226 2464 2296 devotione,
2499 2224 2816 2282 conditum.
2855 2225 3032 2295 Cujus
3063 2227 3308 2284 animam
3344 2229 3495 2286 idem
3527 2231 3617 2288 vir

1977 2320 2077 2376 Dei
2109 2333 2140 2374 e
2172 2330 2417 2388 corpore
2448 2328 2766 2386 egressam,
2803 2314 2947 2370 vidit
2992 2314 3048 2370 in
3087 2316 3371 2374 columbae
3422 2320 3618 2390 specie

1978 2407 2111 2464 cceli
2135 2411 2361 2462 secreta
2377 2406 2687 2475 penetrare
2705 2421 2716 2455 :
2734 2417 3065 2474 corpusque
3080 2403 3207 2474 ejus
3222 2419 3419 2462 secum
3434 2406 3489 2462 in
3506 2422 3621 2463 uno

1974 2496 2153 2568 jussit
2185 2493 2319 2566 poni
2352 2492 2642 2565 sepulcro,
2679 2496 2737 2548 ut
2774 2507 3019 2563 quorum
3054 2508 3214 2549 mens
3248 2509 3357 2550 una
3390 2509 3622 2566 semper

1981 2587 2035 2641 in
2060 2587 2175 2640 Deo
2200 2583 2409 2653 fuerat,
2436 2596 2637 2638 eorum
2660 2594 2891 2652 quoque
2913 2595 3159 2653 corpora
3184 2597 3290 2639 nec
3314 2584 3619 2654 sepultura

1982 2676 2280 2746 separaret
2314 2681 2359 2725 α.

2053 2761 2264 2817 Eodem
2297 2759 2390 2816 die
2422 2759 2479 2815 in
2514 2759 2780 2815 Armenia
2805 2738 3046 2827 minore,
3072 2759 3312 2817 civitate
3334 2760 3617 2832 Nicopoli,

1982 2848 2195 2907 natalis
2235 2852 2569 2905 sanctorum
2610 2852 2926 2918 martyrum
2967 2847 3223 2903 Januarii
3257 2852 3313 2903 et
3347 2849 3617 2918 Pelagia,

1986 2941 2103 3011 qui,
2122 2940 2177 2994 in
2201 2935 2472 3008 equuleo,
2492 2934 2725 3004 ungulis
2747 2938 2808 2989 et
2831 2938 3115 2989 testarum
3142 2935 3481 3005 fragmentis
3505 2936 3623 2991 die-

235 3007 1150 3111 prmfect‘nsﬂgtvideo,insanior
1168 3020 1373 3062 sorore
1398 3010 1493 3111 tua
1508 3019 1590 3060 es.
1610 3004 1871 3103 Secunda
1905 3047 1956 3111 Ο
1985 3004 2097 3085 [ius
2124 3004 2375 3098 quam,”
2405 3023 2672 3092 cruciati,
2710 3023 3049 3092 martyrium
3083 3004 3491 3094 implévemnt.

232 3099 575 3173 respondit:
612 3098 728 3155 Nec
761 3111 931 3152 soror
962 3110 1086 3151 mea
1120 3095 1320 3150 insana
1363 3097 1474 3163 est,
1512 3107 1617 3149 nec
1649 3107 1761 3163 ego
1794 3092 1876 3147 in-

233 3189 406 3260 sanio,
445 3187 553 3244 sed
585 3186 768 3242 ambae
800 3183 1146 3239 Christianae
1179 3197 1401 3251 sumus,
1436 3185 1496 3237 et
1519 3180 1741 3250 justum
1783 3185 1876 3236 est

238 3282 294 3334 ut
320 3276 499 3335 simul
543 3275 836 3331 Christum
880 3272 1179 3329 Dominum
1223 3271 1588 3328 conﬁtemur.
1634 3271 1703 3325 Et
1746 3284 1875 3326 cum

236 3364 414 3423 libere
438 3364 616 3420 ﬁdem
632 3362 900 3419 veritatis
924 3362 1269 3430 faterentur,
1290 3359 1613 3429 tuncjussit
1635 3373 1735 3415 eas
1758 3373 1876 3429 prae

237 3455 416 3512 fectus
449 3454 511 3510 in
546 3453 861 3508 tenebroso
894 3450 1024 3506 loco
1057 3449 1276 3506 includi
1309 3454 1368 3505 et
1402 3449 1613 3505 fumum
1656 3452 1879 3505 sterco-

239 3559 347 3601 rum
372 3543 528 3600 ﬁeri.
558 3543 697 3598 Cum
720 3541 830 3597 hoc
855 3540 1062 3595 fuisset
1086 3539 1321 3608 factum,
1359 3538 1548 3595 fumus
1580 3536 1677 3593 ille
1713 3537 1877 3609 quasi

239 3632 543 3703 thymiama
566 3629 900 3699 exhalabat,
916 3626 1434 3683 etobscuritasilla
1462 3626 1625 3696 quasi
1652 3625 1744 3681 die
1766 3638 1881 3681 me-

237 3723 322 3780 dio
351 3722 731 3779 vincebatur.
768 3721 984 3774 lterum
1010 3717 1190 3787 jussae
1223 3704 1360 3771 Sunt
1390 3714 1521 3771 inde
1557 3714 1704 3785 tolli,
1731 3718 1791 3770 et
1823 3714 1879 3769 in

237 3814 348 3869 suis
378 3810 616 3869 balneis
646 3806 887 3877 includi,
921 3811 1097 3876 atque
1130 3805 1187 3860 in
1218 3804 1368 3860 solio
1399 3804 1642 3860 ardente
1675 3808 1735 3859 et
1767 3817 1881 3859 non

241 3906 563 3974 temperato
580 3896 813 3969 jactari.
840 3895 945 3952 Ubi
971 3909 1099 3952 cum
1126 3894 1375 3951 fuissent
1399 3892 1689 3963 postduas
1709 3892 1883 3948 horas

238 3989 483 4062 ingressi
519 3988 619 4059 qui
652 3999 849 4042 earum
878 3997 1126 4055 corpora
1154 3982 1450 4051 tollerent,
1477 3981 1780 4037 inveniunt
1801 3980 1887 4035 in-

244 4083 330 4135 tus
359 4078 577 4135 solium
622 4074 894 4144 frigidum
926 4076 985 4128 et
1022 4075 1387 4143 vaporatum.
1432 4068 1596 4135 Quod
1640 4069 1885 4126 audiens

241 4162 924 4238 praefectus,obstupuit,
950 4166 1010 4217 et
1026 4160 1205 4232 jussit
1228 4173 1328 4215 eas
1350 4158 1505 4228 duci,
1531 4162 1591 4214 et
1615 4158 1670 4213 in
1696 4157 1885 4213 medio

238 4255 461 4313 Tiberis
491 4252 670 4323 mitti,
705 4256 764 4307 et
795 4264 908 4307 uno
940 4263 1081 4306 saxo
1105 4248 1284 4319 ligato
1307 4247 1363 4302 in
1388 4246 1541 4304 collo
1566 4246 1884 4318 ambarum,

2055 3118 2248 3172 Romze
2280 3115 2336 3169 in
2368 3113 2667 3180 Vaticano,
2704 3110 2756 3165 S.
2793 3110 2876 3165 Pii
2910 3125 3095 3181 pap:e,
3129 3112 3223 3182 qui
3250 3112 3399 3168 sedit
3426 3113 3482 3168 in
3506 3113 3625 3185 epi-

1985 3208 2229 3276 scopatu
2261 3215 2441 3258 annos
2472 3198 2813 3257 octodecim.
2850 3198 2966 3254 Sub
2999 3198 3171 3269 hujus
3201 3204 3465 3272 tempore
3491 3202 3626 3258 Her-

1986 3308 2107 3350 mes
2150 3293 2365 3348 librum
2404 3288 2664 3360 scripsit,
2711 3288 2808 3358 qui
2858 3286 3190 3358 appellatur
3219 3288 3456 3360 Pastor,
3492 3290 3625 3362 quia

1988 3384 2045 3439 in
2075 3381 2277 3439 habitu
2308 3378 2565 3451 pastoris
2594 3377 2647 3433 ei
2678 3375 2920 3447 angelus
2951 3377 3240 3448 apparuit.

2514 3482 2577 3537 D.
2613 3480 2683 3536 IV
2715 3481 2872 3537 IDUS
2899 3480 3091 3537 JULII.

2638 3579 2732 3646 (42
2758 3576 2968 3645 Julii.)

2062 3678 2226 3752 Apud
2252 3675 2594 3748 Aquileiam,
2612 3672 2825 3731 natalis
2844 3674 3031 3730 sancti
3051 3673 3440 3746 Hermagoras,
3459 3677 3631 3748 primi

1990 3769 2250 3841 ejusdem
2300 3764 2559 3822 civitatis
2609 3762 2890 3834 episcopi,
2937 3762 3213 3834 discipuli
3258 3763 3413 3820 beati
3458 3763 3629 3821 Marci

1991 3856 2370 3927 evangelistae
2404 3852 2550 3924 (Act.
2587 3852 2723 3922 χχι).

2060 3947 2088 3985 ι)
2120 3945 2285 4016 Apud
2318 3944 2587 4014 Cyprum,
2622 3938 2834 3996 natalis
2868 3940 2927 3994 B.
2962 3940 3206 3997 Nasonis
3230 3940 3357 4012 [al.,
3381 3942 3630 4012 Iasonis,

1990 4036 2089 4093 vel
2115 4030 2422 4103 Mnasonis]
2454 4029 2678 4100 antiqui
2713 4028 2928 4085 Christi
2959 4028 3253 4100 discipuli.

2067 4123 2234 4195 Apud
2267 4121 2614 4187 Caesaream,
2650 4116 2837 4174 sancti
2869 4116 2979 4172 Dii.

2067 4208 2415 4279 Medioliani,
2461 4205 2773 4263 translatio
2813 4204 2907 4260 SS.
2956 4210 3272 4277 martyrum
3304 4206 3550 4265 Naboris
3578 4215 3635 4266 et

1999 4301 2229 4358 Felicis.

241 4342 620 4416 praecipitari.
667 4340 804 4396 Cum
848 4353 962 4410 quo
1006 4341 1139 4408 post
1180 4335 1474 4392 dimidiam
1516 4336 1636 4391 fere
1688 4334 1886 4392 horam

239 4448 443 4491 mersa
467 4436 636 4490 sunt:
662 4434 724 4486 et
757 4443 883 4499 quae
917 4427 1086 4485 nuda:
1119 4426 1310 4482 missae
1345 4426 1594 4495 fuerant,
1630 4425 1686 4480 in
1719 4439 1887 4495 supe-

239 4523 393 4579 riore
420 4527 587 4593 parte
614 4517 867 4576 ﬂuminis
890 4517 1066 4573 siccis
1089 4515 1355 4571 vestibus
1379 4518 1777 4584 apparuerunt
1810 4513 1891 4568 in-

242 4611 420 4680 dutae,
438 4606 1333 4678 Christigloriamdecantantes.
1355 4602 1515 4668 Quod
1538 4601 1893 4657 cumfuisset

241 4699 423 4769 judici
438 4699 773 4756 nuntiatum
788 4695 937 4752 dixit
961 4694 1285 4750 Praefectus
1300 4689 1637 4746 Archesilao
1659 4689 1890 4745 comiti:

247 4787 377 4846 Ista:
405 4803 551 4860 quas
577 4785 717 4842 mihi
736 4783 1051 4853 tradidisti,
1079 4787 1180 4838 aut
1203 4781 1420 4851 magica
1444 4783 1572 4835 arte
1598 4793 1703 4835 nos
1727 4792 1896 4849 supe-

252 4882 521 4948 rant,aut
541 4889 683 4932 vere
707 4875 763 4930 in
786 4873 873 4929 eis
896 4871 1181 4928 sanctitas
1214 4874 1436 4940 regnat.
1454 4866 1616 4924 Unde
1631 4867 1897 4924 sicuteas

249 4966 389 5022 mihi
408 4963 730 5034 tradidisti,
748 4964 828 5019 ita
844 4976 944 5018 eas
966 4975 1075 5031 ego
1090 4959 1195 5015 tibi
1221 4958 1421 5027 reddo,
1442 4962 1505 5014 ut
1530 4962 1630 5013 tuo
1652 4955 1899 5013 arbitrio

247 5054 338 5111 vel
372 5053 725 5112 sententiam
758 5050 1070 5121 accipiant,
1107 5047 1198 5104 vel
1220 5046 1488 5103 evadant.
1513 5047 1669 5102 Tunc
1697 5044 1903 5101 arche-
2079 5045 2223 5100 Item
2257 5041 2468 5098 natalis
2499 5041 2552 5096 S.
2589 5040 2780 5097 Silleaa
2813 5041 2941 5115 [al.,
2974 5038 3126 5110 Silaa]
3159 5034 3429 5109 apostoli.

251 5144 438 5201 silans
458 5142 641 5215 jussit
669 5155 771 5197 eas
802 5139 935 5197 duci
969 5138 1026 5194 in
1060 5137 1263 5193 silvam
1298 5136 1353 5191 in
1386 5135 1476 5191 via
1510 5132 1795 5202 Cornelia,
1830 5132 1903 5188 ab
2081 5140 2105 5170 ο
2136 5131 2301 5202 Apud
2335 5129 2584 5186 Africam
2617 5128 2831 5186 natalis
2873 5132 3207 5215 sancto-rum
3250 5125 3650 5185 confessorum

254 5234 405 5288 urbe
433 5204 610 5289 Roma
645 5228 920 5285 milliario
952 5227 1197 5295 decimo,
1233 5224 1290 5279 in
1325 5223 1501 5280 fundo
1532 5221 1627 5294 qui
1661 5225 1905 5277 vocatur
2014 5219 2254 5291 Eugenii
2289 5219 2765 5289 Carthaginensis
2794 5204 3084 5290 episcopi;
3104 5215 3215 5271 ﬁde
3238 5219 3300 5272 et
3330 5216 3652 5274 virtutibus

257 5320 661 5392 Buxo,etillic
684 5333 785 5376 eas
814 5317 1009 5388 capite
1042 5313 1368 5386 percuti,et
1399 5312 1483 5369 sic
1514 5324 1715 5367 earum
1743 5308 1907 5365 inhu-
2014 5324 2081 5368 ac
2140 5307 2439 5366 miraculis
2483 5308 2744 5378 gloriosi,
2779 5309 2839 5362 et
2884 5303 3142 5363 universi
3193 5303 3337 5364 cleri
3386 5304 3650 5364 ecclesiae

2082 5434 2111 5473 δ
2142 5432 2378 5501 Pontif.,
2411 5445 2537 5503 cap.
2566 5434 2625 5503 β.

2088 5513 2113 5545 ο
2138 5504 2281 5563 Vide
2312 5503 2411 5560 lib.
2449 5501 2527 5558 De
2562 5501 2713 5557 Fest.
2753 5501 2953 5572 Apost.

1918 4400 1969 4460 ι)
2071 4391 2215 4445 Item
2247 4384 2449 4442 eodem
2483 4383 2597 4454 die,
2634 4383 2687 4438 S.
2726 4381 2872 4439 Cleti
2903 4397 3087 4454 papa),
3126 4384 3223 4454 qui
3255 4384 3448 4442 Romae
3486 4385 3642 4442 sedit

1999 4491 2180 4538 annos
2211 4472 2534 4532 duodecim.
2565 4472 2666 4528 Hic
2696 4486 2770 4527 ex
2801 4477 3098 4543 praecepto
3123 4473 3181 4527 Β.
3210 4474 3367 4529 Petri
3391 4473 3642 4546 apostoli

1999 4566 2206 4639 viginti
2241 4563 2497 4635 quinque
2526 4562 2909 4633 presbyteros
2941 4560 2997 4615 in
3031 4561 3175 4617 urbe
3210 4562 3384 4619 Roma
3415 4562 3644 4619 ordina-

2000 4658 2125 4716 vit:
2162 4652 2552 4726 sepultusque
2583 4654 2675 4706 cst
2701 4649 2858 4720 justa
2889 4664 3105 4720 corpus
3138 4652 3197 4706 Β.
3231 4651 3409 4707 Petri.

2533 4757 2593 4813 E.
2630 4757 2700 4812 III
2732 4755 2893 4811 IDUS
2919 4757 3112 4814 JULII.

2660 4857 2753 4924 (43
2779 4854 2988 4925 Julii.)

2080 4956 2278 5011 Esdrae
2309 4957 2365 5009 et
2397 4950 2519 5008 Joel
2552 4950 2989 5023 prophetarum.

324 5452 354 5481 ε
386 5442 568 5514 Hujus
602 5439 1010 5514 translationis
1046 5437 1111 5493 ﬁt
1144 5436 1360 5495 mentio
1393 5436 1448 5491 in
1482 5435 1607 5492 Vita
1634 5434 1686 5489 S.
1714 5430 1909 5502 Aigul-

256 5512 384 5585 phi,
421 5518 450 5569 3
476 5512 634 5587 Sept.
668 5513 906 5583 Pontif.,
943 5525 1049 5582 cap
1082 5515 1167 5568 12.
1772 5524 1787 5537 κ
