4004 6168
343 279 442 328 303
1358 269 1410 320 S.
1460 262 1714 319 ADONIS
1736 259 2187 318 .ARCHIEPISC.
2231 255 2645 312 VIENNENSIS

3629 253 3730 305 304

341 395 617 466 ejusdem.
653 392 759 459 Qui
792 391 950 448 caade
987 391 1290 461 inediaqne
1325 389 1620 459 macerati,
1661 389 1778 443 fere
1814 386 1975 457 quin-
2007 393 2060 448 Α
2093 379 2306 438 Gallias
2337 379 2658 449 translatae,
2693 381 3050 466 venerantur
3083 373 3344 444 Lugdu‘ni
3388 373 3442 430 in
3493 371 3728 432 basilica

341 483 520 554 genti,
539 481 628 537 vel
653 495 722 536 eo
745 479 1188 550 ampliustintcr
1211 495 1356 550 quos
1381 477 1789 550 quamplurimi
1813 479 1976 532 erant

345 573 597 627 lectores
649 569 962 639 infantuli),
1017 568 1340 637 gaudentes
1383 567 1437 622 in
1479 567 1739 637 Domino,
1773 564 1978 636 procul

343 659 554 715 exsilio
575 657 800 714 crudeli
823 657 1049 714 extrusi
1074 662 1228 713 sunt.
1250 658 1308 712 In
1325 656 1538 726 quibus
1551 659 1718 711 erant
1745 654 1972 710 nobilis-

344 747 495 816 simi,
537 746 985 803 archidiaconus
1025 746 1254 802 nomine
1296 744 1600 814 Salutaris,
1643 748 1701 799 et
1745 743 1979 799 Muritta

345 836 640 891 secundus
671 833 726 889 in
761 834 948 890 ofﬁcio
982 833 1401 890 ministrorum.
1439 832 1547 898 Qui
1583 830 1831 903 plurima
1874 845 1982 902 pro

345 923 716 980 confessione
747 921 1034 978 catholica
1069 921 1335 992 perpessi
1369 921 1676 992 supplicia,
1711 925 1769 975 et
1801 919 1982 975 tertio

344 1013 716 1068 confessores
737 1011 950 1081 eﬁ‘ccti,
975 1011 1250 1080 gloriosae
1277 1011 1332 1066 in
1359 1010 1591 1065 Christo
1607 1022 1984 1081 persevcran-

348 1101 444 1157 tiaa
475 1099 651 1156 titulo
685 1099 966 1156 illustrati
999 1103 1155 1156 sunt.

755 1207 810 1260 [α’.
874 1206 1112 1262 PRIDIE
1165 1204 1324 1262 IDUS
1375 1205 1565 1260 JULII.

987 1297 1078 1364 (44
1127 1295 1332 1364 Julii.)

421 1405 447 1432 ει
479 1393 644 1464 Apud
677 1393 946 1460 Pontum,
984 1391 1198 1448 natalis
1229 1393 1282 1447 8.
1319 1391 1524 1448 Phocea
1555 1390 1819 1462 episcopi
1851 1391 1988 1447 civi-

353 1482 492 1539 tatis
527 1481 775 1552 Sinopis,
795 1482 892 1552 qui
917 1483 1026 1538 sub
1049 1481 1290 1551 Trajano
1315 1481 1690 1552 imperatore,
1707 1480 1988 1551 praafecto

352 1571 642 1642 Africano,
677 1585 992 1639 carcerem,
1028 1570 1279 1640 vincula,
1316 1572 1554 1640 ferrum,
1590 1571 1779 1640 ignem
1811 1569 1988 1625 etiam

350 1675 458 1731 pro
499 1660 730 1715 Christo
773 1659 1093 1730 superavit.
1139 1659 1316 1730 Cujus
1357 1658 1620 1729 reliquiae
1659 1658 1714 1714 in
1749 1657 1987 1714 basilica

349 1748 753 1818 apostolorum
785 1747 842 1804 in
873 1748 1053 1804 Gallia
1085 1748 1325 1804 civitate
1356 1748 1574 1804 Vienna
1607 1747 1914 1804 habentur.

865 1856 926 1911 G.
989 1854 1223 1910 IDIBUS
1277 1854 1470 1910 JULII.

989 1946 1082 2014 (45
1132 1944 1342 2013 Julii.)

419 2041 447 2079 δ
475 2041 680 2111 Nisibi,
715 2041 930 2098 natalis
963 2041 1015 2094 S.
1051 2040 1251 2096 Jacobi
1283 2039 1568 2111 episcopi,
1620 2053 1838 2109 magnae
1878 2039 1992 2096 vir-

351 2131 498 2188 tutis
511 2131 642 2201 viri,
661 2131 740 2186 ita
766 2134 826 2186 ut
851 2130 921 2186 ad
947 2128 1074 2200 ejus
1096 2144 1304 2200 preces
1327 2143 1482 2203 swpe
1499 2127 1990 2186 urbsdiscrimine

309 2276 311 2279 ,
352 2218 599 2274 liberata
632 2219 728 2274 sit.
762 2219 866 2274 Hic
899 2233 1048 2274 unus
1081 2218 1187 2274 fuit
1221 2234 1294 2274 ex
1324 2233 1564 2274 numero
1587 2218 1990 2274 confcssorum

353 2307 464 2362 sub
496 2307 911 2377 persecutione
945 2305 1290 2376 Maximiani,
1323 2314 1386 2362 et
1421 2321 1626 2362 eorum
1668 2307 1765 2377 qui
1807 2307 1862 2362 in
1901 2306 1994 2361 Ni-

353 2408 510 2450 caana
539 2396 762 2465 synodo
793 2395 1244 2464 perversitatem
1278 2395 1396 2450 Arii
1429 2395 1716 2451 homousii
1759 2395 1994 2465 opposi-

353 2483 514 2538 tione
529 2482 982 2538 damnaverunt:
1009 2485 1184 2553 atque
1209 2483 1361 2539 intra
1387 2498 1586 2538 muros
1610 2482 1774 2539 urbis
1787 2497 1907 2540 suae
1921 2498 1994 2539 ex

354 2575 653 2642 praecepto
699 2571 1074 2642 imperatoris
1116 2571 1482 2628 Constantini
1525 2571 1596 2628 ad
1637 2571 1880 2628 tutelam
1933 2577 1992 2627 et

355 2660 773 2716 munimentum
788 2660 1078 2731 sepultus,
1095 2665 1301 2731 postea
1323 2660 1450 2716 zelo
1471 2660 1682 2716 Juliaui
1707 2665 1992 2730 apostatze

355 2752 522 2804 extra
549 2748 750 2804 urbem
773 2748 966 2804 elatus
983 2753 1040 2804 et
1066 2749 1359 2806 conditus.
1387 2749 1496 2805 Sed
1523 2764 1654 2806 mox
1685 2750 1884 2805 eadem
1917 2749 1996 2805 ci-

361 2836 531 2906 vitas,
567 2836 714 2893 tanti
748 2837 980 2907 patroni
1011 2838 1216 2894 orbata
1249 2837 1535 2909 reliquiis,
1570 2839 1878 2895 Persarum
1914 2837 1995 2893 di-

353 2924 499 2981 tioni
530 2926 861 2982 succubuit.

423 3014 618 3070 Romae
644 3013 700 3068 in
723 3015 927 3085 Portu,
954 3015 1243 3086 Eutropii,
1268 3016 1530 3086 Zosimae,
1555 3021 1612 3073 et
1640 3018 1880 3074 Bouosae
1905 3031 1997 3074 so-

353 3118 570 3161 rerum.

425 3191 591 3262 Apud
617 3191 1044 3262 Alexandriam,
1072 3191 1285 3249 natalis
1307 3193 1400 3248 SS.
1428 3193 1700 3266 Philippi,
1727 3197 1990 3266 Zenonis,

357 3279 581 3350 Marsei,
617 3283 676 3334 et
711 3279 910 3335 decem
943 3279 1246 3336 infantum.

426 3368 487 3422 In
537 3368 905 3438 Carthagine,
960 3368 1211 3424 Catulini
1258 3369 1507 3440 diaconi,
1547 3373 1824 3443 Januarii,
1869 3373 1995 3430 Flo-

359 3455 532 3524 renti,
563 3454 728 3512 Iuliae
771 3459 830 3510 ct
869 3459 1072 3528 Justae,
1117 3457 1212 3527 qui
1257 3463 1392 3514 sunt
1433 3459 1612 3530 positi
1655 3460 1710 3515 in
1753 3461 1990 3518 basilica

359 3543 571 3600 Fausti.

792 3620 853 3671 A.
884 3617 1028 3672 XVII
1059 3616 1213 3672 KAL.
1251 3619 1563 3676 AUGUSTI.

1030 3717 1124 3783 (46
1149 3715 1307 3783 Jul.)

426 3808 449 3836 ο
477 3795 540 3855 In
565 3799 746 3870 Ostia,
771 3801 985 3860 natalis
1009 3802 1196 3859 sancti
1230 3803 1493 3868 Hilarini.
1523 3807 1618 3876 qui
1657 3809 1766 3864 sub
1799 3823 1994 3878 perse-

351 3887 588 3944 cutione
609 3889 841 3958 Juliani,
867 3906 996 3947 cum
1021 3891 1205 3948 nollet
1228 3893 1580 3964 sacriﬁcare,
1609 3897 1863 3953 fustibus
1887 3912 1993 3954 caa-

354 3991 474 4045 sus,
509 3977 848 4045 martyrium
881 3980 1150 4048 sumpsit.

423 4062 588 4130 Apud
615 4063 975 4118 Antiochiam
1000 4065 1198 4133 Syriae,
1235 4067 1444 4123 natalis
1476 4071 1662 4126 sancti
1694 4073 1990 4130 Eustachii

351 4145 613 4216 episcopi
638 4151 696 4202 et
720 4149 1096 4221 confessoris,
1117 4152 1211 4221 qui
1227 4154 1336 4209 sub
1360 4156 1701 4214 Constantio
1725 4160 1988 4232 principe

352 4233 428 4288 ob
445 4233 790 4290 catholicam
811 4235 981 4292 ﬁdem
997 4239 1052 4293 in
1067 4239 1492 4314 Trajanopolim
1506 4245 1802 4304 civitatem
1817 4249 1989 4307 Thra-

351 4319 455 4377 ciae
486 4320 691 4392 pulsus
721 4323 930 4380 exsilio
965 4325 1178 4382 ibidem
1212 4332 1520 4402 requievit.

791 4431 850 4487 Β.
888 4433 1005 4489 XVI
1035 4434 1190 4490 KAL.
1227 4438 1543 4495 AUGUSTI.

1031 4525 1126 4593 (47
1153 4525 1309 4596 Jul.)

419 4607 479 4660 In
515 4606 880 4679 Carthagine,
907 4611 1120 4668 natalis
1145 4618 1480 4672 sanctorum
1505 4623 1823 4691 martyrum
1848 4623 1986 4680 Scil-

350 4691 682 4765 litanorum,
719 4695 774 4750 id
805 4702 896 4752 est
930 4699 1178 4772 Sperati,
1212 4703 1454 4774 Nartali,
1491 4707 1740 4776 Cythini.
1775 4711 1984 4767 Bethu-

349 4781 441 4870 rii,
468 4782 694 4854 Felicis,
723 4784 997 4858 Aquilini,
1024 4789 1292 4862 Lethatii,
1316 4794 1623 4863 Ianuariae,
1651 4796 1978 4870 Generosze,

349 4869 581 4958 Bessiae,
616 4874 852 4930 Donatae
893 4877 952 4929 et
996 4876 1292 4949 Secundae,
1336 4883 1445 4937 sub
1493 4883 1804 4941 Saturnino
1837 4869 1984 4958 prae-

347 4955 519 5013 fecto.
538 4959 644 5024 Qui
665 4965 796 5031 post
822 4963 1066 5032 primam
1091 4967 1306 5024 Christi
1331 4971 1756 5028 confessionem
1781 4955 1982 5031 incar-

342 5045 732 5133 ceremmissi,
749 5051 806 5101 et
824 5047 879 5102 in
894 5047 1051 5118 ligno
1065 5053 1297 5123 conﬁxi,
1316 5069 1478 5112 mane
1491 5055 1688 5126 gladio
1705 5058 1978 5118 decollati

341 5131 497 5220 sunt.
535 5131 750 5220 Iterum
782 5136 1044 5208 reliquiae
1076 5155 1203 5197 cum
1237 5144 1474 5200 ossibus
1505 5145 1661 5202 beati
1687 5148 1974 5220 Cypriani,

340 5219 399 5270 et
430 5218 622 5289 capite
655 5225 841 5281 sancti
873 5227 1247 5287 Pantaleonis
1279 5233 1572 5304 martyris,
1606 5250 1676 5291 ex
1706 5218 1894 5296 Africa
1922 5218 1976 5294 in

408 5355 438 5415 μ
469 5345 592 5403 Ado
624 5348 680 5404 in
715 5350 924 5409 Chron.
961 5370 1052 5412 an.
1088 5363 1210 5415 101.

407 5414 732 5502 fﬁeri-uad.
758 5421 830 5478 de
861 5423 978 5502 Vir.
1012 5414 1219 5502 illust.,
1253 5443 1379 5502 cap.
1418 5437 1466 5488 ι.

409 5494 437 5526 ο
464 5488 543 5548 De
574 5488 684 5551 hoc
717 5491 774 5550 in
803 5495 990 5564 gestis
1017 5488 1220 5560 Joanni
1255 5488 1528 5562 et'Pauli.

2016 1738 2072 1798 B

2092 470 2410 528 beatissimi
2445 469 2682 526 Joannis
2716 465 3014 538 Baptistae.

2544 577 2602 631 C.
2636 575 2730 632 XV
2760 573 2916 630 ΚΑΙ..
2953 571 3268 628 AUGUSTI.

2768 672 2860 740 (48
2897 670 3058 739 Jul.)

2164 781 2330 852 Apud
2393 778 2830 849 Carthaginem,
2883 774 3098 833 natalis
3146 778 3364 831 sanctae
3427 771 3740 830 Guddeues

2094 870 2357 941 virginis,
2393 883 2521 939 quae
2553 867 2822 924 Plutiano
2854 870 2912 922 et
2945 867 3078 922 tha
3112 863 3440 936 [Plautiano
3468 866 3531 918 et
3573 859 3738 932 Geta]

2093 958 2454 1026 consulibus,
2465 957 2636 1027 jussu
2658 955 2846 1012 Ruﬁni
2861 951 3472 1026 proconsulis,quater
3487 949 3743 1006 diversis

2093 1046 2461 1118 temporibus
2473 1044 2707 1116 equulei
2720 1043 3062 1100 extentione
3077 1044 3371 1111 vexata,et
3387 1037 3743 1110 ungularum

2095 1133 2384 1192 horrenda
2417 1133 2772 1190 laceratione
2800 1131 3346 1202 crueiata,earceris
3367 1129 3548 1185 etiam
3570 1139 3747 1199 squa-

2099 1225 2221 1281 lore
2253 1222 2584 1280 diutissime
2616 1219 3172 1292 aﬁlicta,novissime
3203 1217 3398 1300 gladio
3439 1223 3594 1274 casse
3627 1222 3743 1289 est.

2169 1311 2335 1383 Apud
2357 1311 2656 1368 civitatem
2679 1309 3042 1380 Metensium,
3061 1307 3114 1363 S.
3143 1305 3426 1378 Arnulphi
3449 1304 3746 1378 episcopi,

2099 1399 2196 1472 qui
2228 1400 2543 1456 sanctitate
2573 1403 2634 1454 et
2667 1397 3079 1456 miraculorum
3101 1396 3292 1467 gratia
3316 1395 3592 1466 illustris,
3619 1407 3751 1450 ere-

2099 1489 2353 1546 miticam
2385 1489 2562 1546 vitam
2595 1487 2864 1559 diligens,
2901 1487 3074 1543 beato
3107 1485 3218 1540 ﬁne
3251 1483 3492 1558 quievit.

2507 1598 2547 1651 I.
2611 1595 2729 1651 XIV
2789 1595 2945 1651 KAL.
3010 1593 3328 1650 AUGUSTI.

2774 1685 2867 1754 (49
2905 1683 3064 1754 Jul.)

2171 1793 2199 1832 ἀ
2229 1790 2452 1848 Natalis
2485 1790 2640 1848 beati
2672 1790 2974 1862 Epaphras.

2170 1883 2314 1936 Item
2347 1880 2552 1936 eodem
2585 1878 2698 1935 die.
2735 1879 2789 1934 S.
2818 1878 3012 1934 Patris
3043 1876 3230 1934 nostri
3254 1878 3503 1949 Arsenii,
3533 1877 3608 1934 de
3630 1893 3760 1949 quo

2102 1971 2156 2026 in
2181 1968 2388 2025 Verbis
2410 1968 2704 2024 seniorum
2729 1967 2986 2022 refertur
3008 1966 3162 2037 quia,
3189 1971 3434 2038 propter
3456 1966 3762 2024 redunda-

2101 2059 2318 2116 tionem
2351 2057 2737 2128 lacrymarum
2775 2055 3136 2128 tergendam,
3171 2055 3470 2112 sudarium
3515 2070 3764 2128 semper

2104 2148 2159 2204 iu
2189 2149 2319 2204 sinu
2349 2147 2439 2204 vel
2471 2147 2528 2202 in
2562 2161 2732 2204 manu
2764 2145 3056 2202 habuerit.

2173 2236 2386 2292 Eodem
2407 2235 2500 2291 die
2513 2233 2733 2305 Hispali
2748 2233 2903 2305 apud
2925 2233 3278 2306 Hispaniam,
3295 2233 3510 2290 natalis
3533 2234 3628 2289 SS.
3652 2235 3765 2291 Ju-

2103 2329 2210 2382 stm
2241 2327 2299 2380 et
2331 2323 2592 2381 Ruﬁnze:
2641 2338 2768 2394 qua;
2814 2339 2844 2380 a
2889 2323 3244 2394 Diogeniano
3291 2322 3546 2394 praeside
3589 2337 3764 2381 com-

2102 2413 2426 2486 prehensae,
2459 2411 2693 2483 equulei
2723 2413 3068 2468 extensione
3099 2415 3158 2468 ct
3193 2410 3542 2482 ungularum
3568 2411 3765 2470 lania-

2104 2503 2262 2559 tione
2283 2506 2506 2559 vexatae
2531 2505 2688 2571 sunt,
2714 2501 2846 2558 dein
2871 2505 3050 2558 trusae
3071 2503 3204 2558 sunt
3220 2500 3276 2556 in
3291 2514 3612 2571 carcerem,
3629 2501 3766 2558 ine-

2105 2591 2196 2648 dia
2229 2595 2287 2647 et
2319 2590 2625 2648 doloribus
2655 2589 2902 2648 afﬂictae.
2931 2592 3074 2646 Post
3096 2590 3220 2647 haec
3236 2589 3415 2660 jussit
3438 2603 3668 2662 praeses
3688 2596 3762 2647 ut

2107 2693 2453 2752 quocunque
2495 2679 2626 2750 iret,
2673 2679 2814 2751 ipsa)
2847 2678 3018 2736 nudis
3049 2677 3300 2750 pedibus
3329 2683 3762 2750 sequerentur.

2103 2768 2351 2824 Tandem
2363 2769 2527 2824 Justa
2553 2767 2609 2824 in
2633 2781 2869 2824 carcere
2893 2767 3166 2838 spiritum
3186 2767 3500 2824 exhalavit.
3523 2769 3766 2840 Corpus

2105 2857 2234 2928 ejus
2256 2859 2312 2914 in
2335 2861 2576 2930 puteum
2601 2856 2950 2929 projectum,
2976 2860 3034 2912 et
3057 2871 3087 2912 a
3113 2855 3331 2912 Gabino
3361 2854 3656 2926 episcopo
3681 2855 3765 2911 le~

2106 2951 2324 3018 vatum,
2360 2947 2416 3003 in
2447 2946 2776 3018 Hispalensi
2808 2945 3148 3002 cmmeterio
3171 2943 3471 3001 conditum
3495 2947 3611 3000 est.
3643 2945 3766 3000 Ru-

2107 3037 2204 3092 ﬁni
2235 3036 2434 3092 cervix
2465 3036 2784 3104 confracta,
2818 3037 2876 3089 et
2910 3047 3128 3104 corpus
3148 3031 3276 3102 ejus
3298 3031 3416 3102 igni
3437 3030 3759 3088 traditum.

2023 3087 2074 3152 G
2107 3087 3198 3195 ἑῖιὶιῖεἶὶιέῖίᾳῖιῖεὲξ’ῐῑάὲιίύιιεόἆὲειεὲ
3220 3087 3384 3177 sunt.

2535 3232 2598 3286 Ε.
2632 3231 2751 3288 XIII
2784 3228 2938 3286 ΚΑΙ..
2976 3228 3290 3286 AUGUSTI.

2778 3339 2870 3404 (20
2898 3337 3051 3406 Jul).

2175 3442 2396 3502 Natalis
2411 3444 2566 3501 beati
2588 3445 2824 3516 Joseph,
2841 3445 2940 3516 qui
2963 3443 3409 3514 cognominatus
3429 3448 3522 3500 est
3543 3444 3768 3502 Justus

2106 3533 2228 3592 Act.
2263 3532 2305 3604 ι)
2333 3552 2344 3586 :
2379 3532 2474 3603 qui
2509 3547 2639 3590 cum
2673 3533 2845 3588 beato
2879 3531 3136 3603 Matthia,
3173 3537 3235 3588 ut
3268 3545 3573 3590 numerum
3607 3533 3770 3593 duo-

2105 3622 2317 3678 denum
2337 3621 2607 3693 impleret
2631 3622 2704 3679 ab
2727 3621 3016 3692 apostolis
3039 3620 3342 3678 statuitur.
3371 3621 3481 3678 Sed
3504 3623 3763 3684 Matthia

2009 3741 2018 3748 ι
2105 3709 2296 3767 locum
2325 3710 2487 3767 Judaa
2520 3709 2844 3782 proditoris
2869 3709 3166 3781 implente,
3194 3711 3402 3766 beatus
3421 3711 3647 3784 Joseph
3673 3714 3764 3771 ni-

2105 3799 2418 3856 hilominus
2451 3799 2888 3870 praadicationis
2910 3802 2967 3854 et
2992 3799 3326 3855 sanctitatis
3347 3799 3538 3856 otllcio
3562 3799 3762 3859 inser-

2103 3891 2286 3959 viens,
2321 3887 2676 3960 multamque
2706 3903 2814 3960 pro
2847 3887 3059 3943 Christi
3085 3887 3196 3944 ﬁde
3217 3889 3702 3960 persecutionem
3726 3907 3761 3950 a

2099 3977 2316 4032 Judaeis
2347 3977 2666 4047 sustinens,
2693 3976 3182 4034 victoriosissimo
3213 3975 3324 4034 ﬁne
3351 3977 3551 4034 Iudaea
3584 3980 3762 4050 quie-

2101 4065 2204 4120 vit.
2238 4065 2318 4120 Dc
2351 4079 2464 4134 quo
2497 4065 2754 4120 refertur
2785 4063 2940 4133 quod
2975 4078 3258 4122 venenum
3293 4065 3530 4136 biberit,
3565 4072 3629 4122 et
3668 4068 3760 4126 ni-

2099 4150 2180 4206 hil
2227 4165 2301 4206 ex
2342 4151 2450 4208 hoc
2500 4151 2674 4207 triste
2720 4149 3056 4222 pertulerit,
3109 4156 3353 4226 propter
3401 4153 3634 4210 Domini
3691 4155 3760 4212 ﬁ-

2099 4239 2248 4295 dem.

2169 4341 2190 4364 ε
2236 4329 2404 4400 Apud
2453 4331 2814 4401 Damascum,
2868 4329 3080 4388 natalis
3129 4334 3465 4389 sanctorum
3517 4332 3751 4407 Sabini,

2014 4442 2067 4502 Β
2098 4415 2408 4489 Maximini,
2423 4415 2655 4488 Juliani,
2677 4418 2972 4490 Macrobii,
2989 4418 3424 4491 Cassii,Paulaa,
3450 4434 3586 4490 cum
3607 4421 3756 4480 aliis

2096 4508 2315 4564 decem.

2554 4581 2612 4634 F.
2639 4580 2736 4637 XII
2766 4579 2920 4636 KAL.
2955 4578 3270 4636 AUGUSTI.

2649 4747 2654 4752 γ
2769 4677 2856 4744 (24
2900 4677 3059 4746 Jul.)

2162 4781 2416 4837 Danielis
2445 4779 2768 4852 prophetas.

2162 4871 2378 4940 Romae,
2406 4868 2597 4926 natale
2629 4870 2682 4924 S.
2717 4869 2998 4928 Praxedis
3027 4870 3291 4942 virginis.
3326 4873 3460 4930 Hac
3487 4887 3622 4930 cum
3647 4889 3745 4933 so-

2091 4971 2225 5014 rore
2255 4972 2358 5014 sua
2389 4959 2735 5016 Potentiana
2769 4974 2800 5016 a
2831 4959 3203 5018 sanctissimo
3235 4967 3402 5034 patre
3441 4963 3738 5040 Pudente,

2091 5045 2188 5116 qui
2223 5045 2331 5102 fuit
2363 5047 2611 5106 edoctus
2644 5048 2699 5104 in
2735 5048 2845 5105 fide
2874 5049 2946 5105 ab
2969 5050 3240 5121 apostolo
3263 5050 3464 5122 Paulo,
3491 5052 3551 5110 in
3575 5057 3741 5112 omni

2088 5134 2363 5192 castitate
2376 5139 2435 5191 et
2450 5135 2576 5206 lege
2589 5136 2784 5193 divina
2797 5137 3516 5210 erudita,posttransitum
3532 5157 3748 5213 par-en.

2089 5221 2412 5294 tis,vigiliis
2441 5229 2500 5281 et
2536 5225 2906 5282 orationibus
2927 5229 3103 5296 atque
3120 5227 3360 5298 jejuniis
3381 5229 3624 5288 assidue
3644 5245 3743 5290 va-

2087 5325 2246 5384 cans,
2273 5327 2442 5371 omne
2459 5313 2874 5386 patrimonium
2898 5329 3067 5373 suum
3089 5316 3406 5376 simulcum
3420 5317 3732 5392 praedicta,

2155 5436 2185 5476 ά
2212 5437 2493 5514 Videlib.
2530 5439 2601 5496 de
2631 5440 2788 5514 Fest,
2819 5443 3022 5514 Apost.

2156 5514 2182 5546 ⁸
2211 5510 2424 5572 Euseb.
2459 5511 2499 5569 ι.
2535 5525 2618 5586 ιιι,
2648 5525 2698 5572 c.
2736 5511 2842 5571 ult.
