3992 6170
265 333 366 385 306

1021 329 1620 389 MARTYROLOGIUM
1660 331 1800 386 CUM
1846 327 2373 385 ADDITAMENTIS.
2408 359 2465 368 -—-
2506 331 2707 386 MENS.
2742 332 2879 386 JUL.

3551 347 3654 398 306

260 456 426 512 beata
449 467 657 510 sorore
675 454 730 510 in
749 455 1237 515 sustentationem
1258 472 1576 531 pauperum
1596 464 1656 516 et
1676 457 1892 516 Christi
1925 456 1978 515 A
2011 457 2127 512 tem
2150 457 2431 513 Irenaeum
2451 456 2699 527 nomine,
2723 457 2891 528 cujus
2911 457 3063 517 ﬁlius
3079 466 3203 518 erat
3225 478 3435 524 caecus.
3474 468 3651 535 Quem

258 545 890 614 sanctorumerogavit.
910 547 974 601 In
999 545 1174 603 titulo
1192 562 1331 605 vero
1370 564 1537 620 quem
1589 556 1756 623 pater
1800 566 1893 608 ea-

257 648 378 691 rum
408 631 662 703 Pudens,
690 634 917 690 nomine
950 636 1103 692 beati
1136 638 1398 696 Pastoris
1430 640 1743 711 dedicavit,
1780 656 1890 697 una

254 738 380 781 cum
410 721 657 779 consilio
688 724 745 778 Β.
778 724 864 779 Pii
897 724 1058 781 sedis
1084 728 1427 798 apostolica;
1458 731 1739 803 episcopi,
1775 732 1892 786 fon-

257 817 366 868 tem
398 810 671 883 baptismi
703 816 1049 871 construere
1082 831 1253 873 soror
1282 822 1343 874 et
1374 818 1496 890 ipsa
1529 822 1793 891 studens,
1827 825 1891 878 ut

252 900 463 958 familia
508 915 710 958 eorum
755 903 849 959 die
905 909 1110 962 sancto
1168 908 1405 966 Pascha:
1464 911 1884 982 baptizaretur.

254 989 408 1057 Quos
433 990 504 1045 ad
539 991 852 1063 nonaginta
884 1008 987 1050 sex
1032 1010 1271 1054 numero
1317 1000 1723 1069 manumissos,
1761 1004 1890 1059 bea-

254 1082 344 1136 tus
385 1079 527 1135 Pius
556 1080 726 1151 aquis
759 1081 1119 1142 salutaribus
1149 1086 1353 1144 abluit.
1391 1088 1528 1145 Inde
1561 1096 1694 1162 post
1728 1092 1890 1149 innu-

250 1180 399 1223 mera
432 1167 674 1239 pietatis
704 1184 902 1243 Opera,
941 1178 1075 1244 post
1107 1175 1421 1234 multorum
1456 1184 1772 1250 martyrum
1802 1196 1889 1237 se-

252 1255 710 1331 pulturas(inter
732 1273 879 1329 quos
909 1261 1139 1318 beatum
1161 1264 1564 1335 Symmetrium
1588 1270 1890 1340 presbyte-

252 1360 366 1402 rum
384 1360 518 1402 cum
550 1344 685 1403 aliis
716 1346 921 1418 viginti
955 1349 1186 1408 duobus
1220 1355 1371 1425 apud
1404 1356 1652 1414 Titulum
1688 1374 1889 1430 supra-

249 1435 461 1491 dictum
498 1435 766 1493 manibus
804 1438 928 1494 suis
973 1440 1288 1514 sepelivit),
1337 1445 1433 1515 qui
1482 1460 1584 1517 per
1624 1450 1886 1518 martyrii

248 1522 487 1594 palmam
533 1523 605 1580 ad
656 1540 832 1595 regna
876 1527 1157 1586 ccelorum
1218 1534 1575 1591 transierant
1626 1557 1637 1590 :
1685 1539 1885 1595 eadem

249 1612 581 1668 beatissima
613 1614 779 1684 virgo
812 1616 1082 1686 migravit
1122 1621 1192 1676 ad
1238 1623 1559 1694 Dominum,
1612 1642 1885 1684 coronam

240 1701 484 1770 justitize
504 1705 838 1773 receptura,
864 1720 942 1761 xu
973 1706 1210 1765 Kalend.
1249 1713 1511 1781 Augusti.
1553 1714 1786 1786 Sepulta
1830 1717 1884 1772 in

2003 545 2074 601 ad
2109 560 2171 602 sc
2203 547 2551 618 perductum
2588 547 2742 604 facto
2771 548 2936 618 signo
2960 550 3154 607 crucis
3176 552 3542 628 illnminavit,
3570 564 3654 616 at-

2004 649 2115 705 que
2130 640 2408 707 parentes
2423 635 2583 693 illius
2598 638 2969 707 postmodum
2987 640 3649 710 baptizavithlatronam

2001 738 2142 780 vero
2183 726 2486 796 cujusdam
2529 725 2748 782 tribuni
2795 726 3043 784 militum
3091 730 3317 786 nomine
3362 733 3646 807 Theclam,

2002 828 2129 883 qua:
2145 813 2412 884 plurimis
2424 815 2591 871 annis
2603 816 2947 885 gravissima
2965 820 3276 874 tenebatur
3289 820 3646 896 inﬁrmitate,

2000 918 2131 958 cum
2166 903 2222 958 in
2256 903 2483 959 nomine
2514 905 2732 960 Domini
2768 906 2950 962 nostri
2982 908 3118 963 Jesu
3153 908 3389 979 Christi,
3422 927 3649 971 manum

2001 991 2445 1063 apprehendens
2473 994 2620 1063 ejus,
2656 994 2903 1051 delecto
2925 1001 3184 1052 sanatam
3215 999 3524 1071 erexisset,
3549 1003 3650 1058 tri-

2001 1080 2216 1137 bunum
2238 1095 2367 1138 cum
2394 1096 2571 1138 uxore
2590 1083 2812 1153 eadem,
2835 1089 2895 1139 et
2915 1084 3065 1140 ﬁlios
3096 1100 3163 1142 ac
3198 1087 3469 1144 familiam
3501 1090 3649 1162 ipso-

2000 1185 2125 1225 rum
2160 1170 2216 1225 in
2251 1170 2543 1227 Christum
2579 1173 2891 1230 credentes
2922 1175 3342 1245 baptizavit.ln
3366 1179 3534 1249 cujus
3553 1180 3649 1238 do-

2000 1274 2092 1314 mo
2126 1260 2496 1330 postmodum
2531 1261 2683 1317 intra
2717 1264 2919 1317 urbem
2955 1265 3283 1320 Ravennam
3334 1267 3544 1325 missas
3589 1275 3648 1326 et

2000 1347 2350 1419 baptismata
2372 1350 2584 1418 agebat
2604 1366 2733 1406 cum
2755 1352 3063 1423 discipulis
3078 1354 3200 1410 suis
3220 1370 3323 1426 per
3338 1356 3645 1416 duodecim

1998 1450 2197 1493 annos.
2236 1438 2539 1493 Ordinavit
2573 1444 2765 1496 autem
2801 1440 2948 1496 duos
2970 1444 3369 1514 presbyteros,
3395 1447 3648 1505 Adhere-

2000 1530 2118 1582 tum
2151 1530 2212 1581 et
2243 1526 2580 1584 Calocerum
2618 1547 2629 1581 :
2665 1530 3006 1586 Martianum
3040 1547 3180 1588 vero
3222 1534 3645 1593 nobilissimum

1998 1616 2206 1685 virum,
2242 1620 2296 1671 et
2330 1617 2677 1673 Leucadium
2714 1619 3121 1691 philosophum
3144 1622 3439 1695 diaconos,
3462 1629 3645 1682 etsex

1998 1702 2248 1760 clericos
2280 1706 2510 1775 statuit,
2546 1722 2676 1763 cum
2709 1708 2921 1777 quibus
2953 1710 3045 1765 die
3080 1717 3367 1783 nocteque
3391 1714 3647 1785 psalmos
3724 1728 3727 1733 '

244 1790 581 1847 caemeterio
629 1792 934 1866 Priscillae,
986 1798 1075 1853 via
1121 1799 1361 1869 Salaria,
1406 1804 1573 1873 juxta
1620 1820 1881 1863 sororem
1910 1814 1963 1875 Β
1998 1795 2265 1850 οθηθῦθῐο
2312 1796 2766 1867 Νιιιιιίθιυιιιίιυθ
2814 1803 2906 1853 εει
2961 1800 3093 1856 ἀυοί
3153 1802 3481 1860 δθῐυνηίηο·
3537 1804 3644 1870 Qui

245 1895 392 1938 suam
425 1888 610 1957 atque
641 1888 905 1945 sanctum
941 1891 1161 1956 patrem
1194 1893 1514 1949 Pudentem
1563 1896 1771 1965 posita.

306 1972 522 2029 Eodem
557 1976 651 2032 die
692 1977 747 2033 in
796 1976 1015 2047 Galliis,
1064 1979 1304 2036 civitate
1350 1981 1621 2049 Massilia,
1670 1986 1882 2042 natalis

243 2059 290 2113 S.
321 2060 603 2120 Victoris.
641 2065 747 2131 Qui
784 2069 1193 2138 persecutione
1224 2068 1567 2128 Diocletiani
1609 2076 1664 2128 et
1710 2074 1882 2130 Maxi-

246 2148 431 2219 miani,
470 2167 602 2209 cum
634 2160 795 2211 esset
823 2157 1007 2228 miles,
1041 2163 1101 2214 et
1133 2174 1239 2216 nec
1272 2159 1544 2231 militare,
1581 2176 1685 2218 nec
1705 2162 1880 2221 idolis

242 2240 571 2297 sacriﬁcare
603 2243 802 2315 vellet,
836 2247 1081 2317 primum
1113 2261 1144 2303 a
1178 2249 1414 2306 tribuno
1445 2265 1553 2308 suo
1574 2253 1877 2310 Asterioin

240 2340 529 2385 carcerem
553 2334 773 2403 trusus,
795 2336 896 2390 sed
917 2337 1069 2392 omni
1090 2341 1264 2395 nocte
1291 2339 1362 2395 ad
1396 2341 1787 2399 consolandos
1819 2346 1878 2398 et

237 2415 561 2475 visitandos
593 2420 854 2479 inﬁrmos
885 2425 958 2480 ab
989 2426 1197 2496 angelo
1228 2428 1479 2485 eductus
1508 2436 1618 2486 est.
1662 2432 1876 2487 Deinde

233 2502 387 2571 jussu
415 2506 683 2578 Eutychii
708 2513 989 2583 praefecti,
1010 2517 1255 2573 retortis
1286 2518 1559 2589 brachiis,
1584 2519 1725 2576 loris
1744 2522 1877 2578 sub-

239 2590 438 2680 tilibus
457 2593 695 2668 ligatus,
715 2602 777 2653 et
795 2600 1041 2671 pedibus
1061 2605 1194 2659 fune
1213 2606 1594 2677 constrictus,
1632 2622 1734 2680 per
1765 2624 1878 2665 me-

237 2678 374 2736 diam
408 2684 634 2740 tractus
652 2692 745 2741 est
764 2688 1081 2745 civitatem.
1105 2692 1244 2747 Post
1259 2693 1380 2750 haec
1397 2678 1651 2753 fustibus
1670 2697 1876 2753 crude-

235 2764 455 2824 lissime
468 2786 749 2843 caasus,ac
762 2790 1084 2847 suspensus
1097 2781 1157 2835 et
1174 2781 1392 2837 taureis
1406 2784 1724 2855 cruciatus,
1743 2800 1873 2841 cum

233 2854 638 2915 exbibuissent
670 2875 828 2917 aram
858 2864 913 2919 in
944 2880 1054 2936 qua
1085 2869 1468 2941 sacriﬁcaret,
1503 2876 1564 2927 et
1601 2854 1725 2928 eam
1770 2888 1875 2930 nec

236 2944 530 3015 respicere
561 2950 879 3023 sustinens,
917 2954 987 3009 de
1016 2970 1186 3013 manu
1228 2960 1557 3016 sacerdotis
1589 2961 1750 3017 calce
1780 2978 1876 3017 ex-

235 3033 539 3105 cussisset,
560 3038 765 3107 pedem
783 3040 836 3096 ei
858 3056 1076 3111 praeses
1088 3044 1266 3115 jussit
1284 3047 1481 3104 incidi.
1503 3050 1583 3106 Ad
1607 3049 1873 3107 ultimum

234 3117 281 3218 in
300 3136 415 3177 con
423 3123 677 3221 fossione
696 3129 1040 3203 persistens,
1064 3134 1278 3192 missus
1296 3138 1458 3193 estin
1474 3138 1680 3195 molam
1696 3139 1877 3210 pisto-
1908 3168 1955 3230 Ο

235 3208 383 3279 riam,
416 3210 475 3267 in
494 3227 603 3284 qua
626 3229 893 3287 sparsum
912 3234 1155 3290 granum
1176 3226 1463 3296 vertigine
1479 3208 1745 3284 animalis
1761 3242 1875 3284 ma-

233 3300 416 3355 cerari
450 3301 603 3358 solet
638 3323 650 3358 :
684 3310 861 3377 atque
893 3309 971 3365 ita
1006 3313 1319 3384 contritus,
1355 3317 1696 3385 martyrium
1738 3333 1872 3373 con-

232 3390 555 3445 summavit.
572 3393 735 3449 Passi
755 3401 892 3452 sunt
910 3413 1038 3455 cum
1053 3415 1122 3456 eo
1139 3404 1261 3458 tres
1275 3403 1867 3479 milites,Alexander,

233 3474 574 3549 Felicianus,
595 3485 655 3535 et
679 3483 985 3553 Longinus.
1009 3486 1115 3553 Qui
1151 3489 1284 3546 dum
1317 3506 1446 3548 eum
1480 3500 1766 3552 nocturno
1798 3474 1872 3553 si-

235 3560 401 3622 lentio
441 3567 496 3622 in
517 3583 757 3627 carcere
780 3576 1170 3649 custodirent,
1192 3580 1570 3639 visitantibus
1594 3583 1754 3641 illum
1775 3600 1873 3642 an-

230 3653 364 3745 gelis
397 3659 649 3729 sanctis,
683 3664 845 3718 tanto
876 3663 1167 3723 claritatis
1198 3667 1426 3740 fulgore
1450 3674 1867 3745 obstupefacti,

225 3744 391 3814 atque
433 3746 500 3801 ad
535 3748 664 3818 ejus
693 3764 880 3820 genua
913 3756 1226 3827 provoluti,
1262 3760 1573 3818 credentes
1614 3744 1669 3819 in
1714 3766 1872 3821 Chri-

231 3834 370 3923 stum
393 3838 574 3891 nocte
593 3838 872 3895 eademin
888 3844 1029 3898 mari
1049 3844 1327 3916 baptizati
1343 3852 1507 3916 sunt;
1529 3855 1587 3906 et
1602 3855 1868 3923 sequenti

134 3914 145 3925 '
231 3919 333 3987 die,
366 3928 509 3979 ante
541 3931 1100 3988 consummationem
1128 3914 1194 3990 VB.
1232 3914 1524 4009 martyris,
1558 3914 1755 4010 gladio
1782 3943 1872 4013 ju-

227 4007 429 4077 gulati.
462 4013 613 4069 Puer
646 4030 878 4086 quoque
910 4020 1279 4094 Deutberius,
1314 4007 1409 4096 qui
1430 4007 1651 4085 dum'ad
1675 4007 1871 4101 sepul-

232 4112 379 4155 crum
413 4101 545 4171 ejus
576 4109 797 4175 oraret,
829 4107 1024 4163 emisit
1058 4114 1117 4166 et
1149 4113 1440 4183 spiritum.

688 4210 750 4265 (ἓ.
786 4213 852 4269 XI
885 4215 1040 4271 ΚΑΒ.
1081 4219 1395 4277 AUGUSTI.

909 4304 1001 4371 (22
1026 4307 1180 4375 Jul.)

290 4409 315 4439 ι
345 4403 573 4461 Natalis
603 4406 658 4461 S.
694 4407 886 4465 Marize
913 4410 1281 4481 Magdalenae.

291 4490 358 4577 Et
394 4491 586 4549 beatae
630 4493 970 4568 Syntycbes,
1022 4516 1151 4571 quae
1194 4504 1480 4577 Philippis
1528 4508 1740 4565 dormit
1785 4513 1951 4574 se-D

228 4576 380 4645 pulta
417 4598 430 4634 :
465 4581 539 4637 de
558 4597 671 4654 qua
693 4584 898 4643 beatus
916 4590 1223 4660 apostolus
1252 4576 1468 4650 Paulus
1498 4597 1706 4652 scribit
1737 4600 1866 4653 Phi-

228 4663 261 4756 li
268 4683 300 4737 p
308 4670 589 4737 pensibus
612 4690 624 4726 :
646 4674 940 4733 Evodiam
958 4692 1121 4750 rogo,
1138 4681 1199 4737 et
1212 4681 1565 4755 Syntycltm
1593 4685 1869 4756 deprecor

225 4755 483 4829 idipmm
501 4774 715 4834 sapere
743 4764 808 4821 in
836 4767 1086 4824 Domino
1118 4770 1304 4837 (Phil.
1342 4773 1437 4841 ιν).

292 4848 519 4935 Ancyra
545 4850 805 4923 Galatiae,
828 4854 1040 4912 natalis
1058 4858 1244 4915 sancti
1266 4859 1527 4918 Platonis
1555 4866 1828 4935 martyris
1852 4885 1863 4920 :

227 4934 389 5004 cujus
420 4941 588 5007 gesta
619 4938 926 4999 habentur.

710 5048 772 5103 A.
806 5051 849 5105 X
883 5052 1037 5107 KAL.
1074 5054 1388 5111 AUGUSTI.

912 5140 1003 5211 (25
1032 5144 1186 5215 Jul.)

290 5235 317 5273 δ
348 5240 515 5330 apud
535 5241 888 5317 Ravennam,
922 5247 1115 5305 natale
1146 5251 1333 5307 sancti
1368 5252 1720 5325 Apollinaris
1751 5257 1870 5330 epi-

229 5327 411 5415 scopi.
436 5330 538 5388 llic
558 5332 754 5390 Romae
774 5334 1080 5394 ordinatus
1099 5352 1129 5393 a
1167 5340 1338 5397 beato
1370 5342 1545 5399 Petro
1579 5327 1864 5415 apostolo,

228 5412 555 5502 Ravennam
586 5420 852 5480 directus
883 5428 993 5481 est.
1028 5427 1135 5482 Ubi
1170 5444 1299 5485 cum
1334 5412 1719 5502 pervenisset,
1757 5412 1868 5489 non

228 5497 398 5575 longe
422 5507 491 5563 ab
513 5509 658 5567 urbe
675 5510 947 5569 Ravenna
980 5516 1192 5573 mansit
1222 5497 1374 5590 apud
1399 5497 1869 5589 qnemdammili-

292 5632 322 5663 ι
352 5626 497 5687 Vide
528 5630 626 5690 lib.
664 5632 738 5691 de
768 5635 922 5693 Fest.
956 5640 1157 5711 Apost.

1995 1884 2329 1955 producens
2359 1899 2510 1954 eum,
2548 1887 2910 1943 statuitante
2933 1889 3239 1957 pontiﬁces
3258 1892 3519 1963 eapitolii
3539 1894 3645 1949 Ra-

1993 1973 2261 2029 vennatis
2295 1992 2306 2026 :
2343 1987 2372 2027 a
2405 1974 2617 2043 quibus
2650 1976 2821 2031 nimia
2855 1979 3014 2033 caede
3046 1984 3356 2050 mactatus,
3392 1981 3645 2049 ejectus-

1993 2075 2104 2132 que
2126 2062 2194 2116 ad
2218 2075 2393 2133 mare,
2423 2063 2737 2119 semivivus
2758 2065 3129 2135 relinquitur.
3164 2067 3339 2132 Quem
3366 2067 3639 2139 discipuli

1990 2150 2117 2219 ejus
2135 2148 2502 2221 colligentes,
2527 2151 2921 2208 adhibuerunt
2937 2154 2989 2209 ei
3010 2169 3229 2211 curam.
3254 2157 3394 2211 Post
3411 2171 3643 2215 menses

1988 2253 2092 2293 sex
2127 2239 2488 2295 Bonifacium
2521 2240 2944 2297 nobilissimum
2977 2242 3185 2311 virum,
3220 2244 3318 2313 qui
3338 2244 3641 2302 obmutue-

1989 2330 2100 2396 rat,
2136 2331 2451 2383 sanaturus
2481 2328 2553 2383 ad
2591 2328 2824 2383 domum
2845 2330 2972 2399 ejus
2989 2329 3248 2401 veniens,
3274 2331 3642 2401 puellamim-

1988 2415 2261 2470 mundum
2297 2414 2569 2485 spiritum
2616 2415 2949 2486 habentem,
2998 2416 3208 2474 deinde
3257 2419 3634 2493 Bonifacium,

1987 2502 2182 2559 soluto
2212 2503 2446 2559 vinculo
2479 2503 2691 2573 lingua;
2722 2506 2868 2575 ejus,
2907 2506 3154 2561 sanavit.
3190 2507 3298 2562 Ubi
3335 2508 3636 2579 quingenti

1986 2590 2249 2647 homines
2270 2591 2503 2648 Christo
2530 2593 2932 2650 crediderunt.
2959 2595 3080 2649 Non
3112 2601 3246 2666 post
3265 2596 3480 2653 multos
3512 2598 3639 2657 dies

1985 2693 2016 2735 a
2048 2680 2288 2751 paganis
2316 2683 2535 2751 tentus,
2569 2684 2629 2736 et
2662 2680 2991 2739 diutissime
3021 2683 3277 2741 fustibus
3300 2700 3490 2743 caesus
3519 2692 3633 2759 est,

1985 2781 2052 2823 ac
2084 2768 2256 2825 nudis
2289 2769 2539 2840 pedibus
2566 2784 2743 2841 super
2776 2785 2993 2842 prunas
3027 2771 3358 2843 impositus,
3402 2778 3462 2831 et
3501 2775 3636 2833 inde

1985 2857 2056 2911 ab
2092 2857 2234 2912 urbe
2268 2856 2491 2927 pulsus.
2529 2858 2638 2913 Sed
2686 2873 2799 2914 non
2842 2858 3016 2928 longe
3062 2874 3093 2914 a
3136 2874 3301 2916 muro
3342 2861 3637 2920 habebant

1985 2944 2299 3000 Christiani
2332 2944 2647 3015 tugurium,
2684 2946 2781 3002 ubi
2814 2947 3024 3003 missas
3069 2948 3339 3017 faciebat,
3386 2950 3441 3005 in
3489 2951 3633 3008 mari

1983 3046 2125 3087 vero
2150 3032 2488 3103 baptizabat
2524 3051 2536 3086 :
2572 3033 2770 3103 ibique
2796 3034 3072 3091 timentes
3096 3036 3273 3092 Deum
3296 3038 3368 3093 de
3392 3038 3637 3096 faculta-

1986 3120 2144 3177 tibus
2178 3120 2302 3176 suis
2335 3120 2748 3176 ministrabant
2795 3121 2867 3177 ei.
2921 3125 3064 3178 Post
3113 3123 3398 3194 plurimos
3451 3142 3634 3187 annos

1983 3208 2159 3264 etiam
2188 3208 2259 3264 ad
2282 3207 2565 3264 Emiliam
2600 3210 2861 3281 perrexit
2892 3212 3135 3267 verbum
3165 3213 3390 3270 Domini
3425 3217 3635 3285 praedi-

1983 3311 2137 3367 care,
2192 3298 2412 3354 faciens
2459 3298 2673 3355 multas
2720 3298 2975 3356 virtutes
3024 3300 3082 3356 in
3138 3301 3353 3358 nomini
3405 3305 3631 3363 Domini

1983 3386 2169 3442 nostri
2190 3387 2328 3443 Jesu
2354 3386 2590 3442 Christi.
2616 3388 2892 3460 Tempore
2917 3404 3032 3459 quo
3055 3404 3332 3447 reversus
3353 3396 3466 3463 est,
3501 3394 3631 3451 Ruﬁ

1982 3474 2221 3530 Patricii
2266 3473 2441 3530 ﬁliam
2480 3490 2511 3531 a
2543 3480 2731 3531 morte
2780 3476 3049 3547 corporis
3092 3478 3423 3550 suscitavit,
3458 3496 3630 3551 quam

1984 3561 2215 3618 Christo
2238 3562 2522 3632 virginem
2557 3563 2825 3634 ﬁrmavit,
2853 3569 3037 3621 matre
3078 3582 3207 3623 cum
3246 3567 3458 3624 familia
3502 3585 3633 3641 pro-

1983 3650 2379 3708 miscuisexus
2403 3653 2689 3708 trecentis
2720 3658 2973 3723 quatuor
3011 3656 3346 3725 baptizatis.
3384 3659 3634 3715 Perven-

1983 3740 2104 3796 tum
2118 3742 2415 3796 estautem
2429 3741 2500 3796 ad
2517 3743 2801 3797 Caesarem
2817 3743 2888 3798 de
2904 3744 3076 3800 beato
3102 3745 3247 3814 viro,
3266 3749 3327 3801 et
3351 3748 3506 3817 quod
3531 3748 3633 3805 do-

1981 3842 2108 3883 mus
2130 3827 2256 3883 Ruﬁ
2281 3828 2521 3884 Patricii
2549 3829 2819 3885 obediret
2844 3831 3095 3887 Christo.
3125 3834 3195 3887 Et
3217 3832 3458 3890 mittens
3482 3836 3630 3893 Rufo

1981 3917 2655 3988 successorem,scripsit
2669 3918 2899 3976 Vicario
2915 3920 3196 3990 prmfecto
3211 3922 3473 3992 prmtorii
3490 3925 3633 3983 Mas-

1981 4003 2188 4075 salino,
2206 4008 2271 4062 ut
2294 4009 2395 4062 aut
2418 4005 2531 4062 diis
2555 4006 2870 4063 inclinaret
2890 4008 3304 4081 Apollinarem,
3330 4016 3433 4068 aut
3456 4011 3630 4084 longe

1982 4092 2036 4173 in
2069 4093 2340 4151 exsilium
2373 4095 2730 4153 traderetur.
2758 4096 2937 4162 Quem
2961 4099 3315 4156 accersitum
3337 4100 3627 4173 Vicarius,

1982 4164 2116 4252 post
2131 4181 2651 4253 interrogationem
2666 4186 2904 4241 exutum
2918 4190 3083 4242 veste
3098 4187 3280 4258 virgis
3294 4189 3438 4246 caadi
3466 4190 3574 4249 feci
3584 4194 3626 4262 t,

1980 4272 2040 4324 et
2071 4284 2221 4341 aqua
2253 4270 2538 4328 bulliente
2575 4272 2772 4343 plagas
2818 4273 2945 4344 ejus
2972 4274 3221 4347 infundi,
3266 4280 3326 4333 et
3376 4278 3629 4349 equuleo

1982 4373 2329 4429 suspensum
2364 4361 2647 4432 torqueri,
2683 4376 2751 4418 ac
2784 4376 2925 4420 saxo
2959 4378 3026 4420 os
3055 4364 3183 4434 ejus
3223 4367 3525 4438 contundi,
3567 4371 3630 4425 et

1982 4464 2111 4505 cum
2141 4448 2489 4521 gravissimo
2522 4451 2661 4507 ferri
2696 4453 2952 4523 pondere
2987 4456 3291 4509 oneratum
3320 4454 3540 4512 includi
3573 4456 3630 4512 in

1982 4554 2222 4599 carcere
2255 4538 2554 4609 horriﬁco,
2588 4543 2764 4611 atque
2796 4540 2850 4595 in
2896 4540 3052 4611 ligno
3103 4543 3339 4599 extendi
3376 4561 3389 4598 :
3422 4545 3520 4601 ubi
3553 4545 3627 4602 ab

1977 4628 2309 4686 hominibus
2334 4629 2566 4699 quidem
2592 4628 2929 4699 negligitur,
2957 4630 3060 4685 sed
3084 4631 3156 4686 ab
3170 4631 3377 4702 angelo
3393 4632 3626 4703 publice

1980 4718 2258 4787 pascitur.
2296 4717 2515 4783 Quarto
2549 4716 2642 4772 die
2678 4716 2851 4785 iudex
2883 4718 2954 4773 de
2987 4733 3226 4776 carcere
3250 4720 3619 4791 productum,

1977 4810 2330 4875 catenatum,
2374 4806 2429 4860 in
2475 4805 2602 4861 navi
2647 4805 2920 4877 positum,
2965 4806 3018 4861 in
3061 4807 3331 4864 exsilium
3383 4806 3617 4863 direxit.

1975 4896 2113 4950 Tres
2163 4898 2355 4950 autem
2395 4893 2504 4949 viri
2557 4907 2685 4949 eum
2718 4894 2790 4950 de
2823 4894 2984 4952 clero
3016 4896 3204 4952 secuti
3240 4898 3394 4963 sunt,
3430 4893 3526 4963 qui
3559 4898 3620 4949 et

1978 4982 2390 5038 ministrabant
2420 4982 2493 5038 ei.
2530 4982 2773 5039 Mortuis
2803 4998 2943 5039 vero
2975 4984 3243 5040 omnibus
3268 4985 3617 5053 tempestate

1978 5072 2154 5125 maris
2186 5074 2247 5125 et
2280 5069 2602 5141 naufragio,
2638 5070 2762 5142 ipse
2816 5086 2946 5128 cum
2997 5071 3231 5127 clericis
3279 5073 3338 5124 et
3386 5069 3618 5128 duobus

1978 5160 2263 5217 militibus
2293 5161 2500 5231 evasit,
2536 5176 2684 5232 quos
2708 5161 2939 5217 Christo
2964 5160 3122 5216 illico
3145 5159 3514 5216 consecravit
3537 5159 3619 5217 lo-

1979 5253 2073 5306 tos
2094 5263 2240 5320 aqua
2266 5249 2529 5307 salutari.
2560 5251 2628 5306 Et
2654 5250 2961 5306 transitum
2987 5247 3203 5304 faciens
3244 5251 3376 5319 post
3419 5248 3620 5306 Corin-

1979 5337 2139 5394 thum
2190 5352 2292 5410 per
2339 5339 2592 5409 Mysiam,
2645 5338 2938 5411 leprosum
2987 5338 3123 5392 cute
3172 5337 3509 5396 mundatum
3560 5337 3618 5395 in

1980 5426 2212 5483 Christo
2236 5426 2397 5482 lavit.
2422 5427 2639 5483 Deinde
2663 5427 2733 5482 ad
2757 5426 2939 5497 ripam
2970 5425 3214 5483 Danubii
3249 5426 3614 5500 perveniens,

1980 5517 2196 5575 multos
2228 5516 2339 5572 ﬁde
2374 5515 2484 5571 sibi
2508 5514 2774 5571 sociavit.
2812 5514 2882 5569 Et
2922 5517 3323 5586 quaerentibus
3361 5529 3490 5572 eum
3536 5513 3651 5571 in-.

2050 5642 2076 5681 δ
2107 5641 2248 5698 Vide
2281 5638 2379 5697 lib.
2418 5639 2488 5695 de
2520 5638 2672 5705 Fest.
2711 5638 2913 5712 Apost.
