3992 6170
332 315 435 367 307

1382 303 1436 359 8.
1481 299 1739 358 ADONIS
1776 248 2216 358 ARCHlEPlSC.
2255 297 2670 356 VIENNENSIS

3621 299 3718 356 308

332 429 590 490 credulis
613 429 906 501 occidere,
941 431 996 486 in
1035 433 1232 502 partes
1253 427 1510 485 Thracia
1541 424 1866 484 descendit.
1901 423 1972 480 Et
1997 421 2056 486 A
2083 422 2170 480 Ob
2191 423 2320 493 hoc,
2340 421 2584 494 jubente
2605 425 2792 494 patre,
2818 419 3004 494 alapis
3024 419 3255 493 afflicta,
3273 421 3620 483 verberibus
3641 424 3722 482 di-

331 535 462 578 cum
488 519 568 575 ibi
592 518 720 576 dies
751 517 975 590 aliquot
1007 519 1266 589 fecisset,
1299 523 1360 574 et
1396 518 1452 574 in
1487 517 1704 590 templo
1742 518 1976 591 Serapis

331 609 646 683 prasentia
665 609 850 682 ipsius
864 609 1218 666 obticuisset
1233 609 1719 678 damon,tandem
1735 612 1978 678 rogatus

332 699 582 772 spiritus
625 713 970 770 responsum
1005 697 1165 754 dedit
1213 719 1224 752 :
1268 699 1410 766 Quia
1463 698 1790 770 discipulus
1819 699 1978 754 Petri

333 786 589 860 apostoli
618 790 752 844 Jesu
790 788 1005 844 Christi
1047 789 1159 844 huc
1190 789 1370 858 venit,
1403 792 1464 845 et
1493 789 1696 856 ligavit
1729 803 1838 858 me,
1885 787 1979 844 hic

334 877 447 934 nisi
472 877 649 932 fuerit
671 877 742 932 ab
765 877 855 931 his
870 876 1017 932 locis
1032 876 1334 948 expulsus,
1352 877 1521 934 vobis
1535 878 1674 934 dare
1696 889 1980 949 responsa

338 980 448 1022 non
476 979 735 1038 possum.
762 965 1084 1036 lnquisitus
1107 965 1378 1022 inventus
1400 971 1493 1023 est
1526 967 1732 1023 beatus
1765 965 1983 1038 Apolli-

340 1053 521 1123 naris,
556 1057 614 1108 et
647 1052 956 1109 discussus
989 1053 1320 1109 diutissime
1354 1053 1609 1110 fustibus
1630 1055 1898 1126 caditur,
1922 1062 1980 1112 et

337 1155 522 1212 usque
545 1140 615 1197 ad
640 1156 794 1198 mare
818 1143 1138 1215 perductus
1161 1157 1189 1198 a
1217 1147 1446 1200 rectore
1477 1144 1814 1216 provincia,
1850 1144 1981 1202 navi

338 1230 600 1286 currenti
625 1231 696 1286 ad
721 1231 944 1286 Italiam
967 1245 1098 1286 cum
1123 1233 1247 1288 suis
1275 1233 1608 1290 hominibus
1623 1235 1984 1306 superimpo-
2003 1274 2022 1295 ι

338 1318 516 1375 nitur.
565 1321 763 1391 itaque
806 1324 936 1392 post
987 1321 1226 1376 tertium
1272 1336 1482 1378 annum
1532 1324 1860 1380 Ravennam
1903 1323 1984 1380 in-

338 1407 642 1476 greditur:
670 1407 878 1464 deinde
904 1413 1038 1480 post
1060 1408 1186 1465 dies
1209 1410 1435 1480 aliquot
1467 1411 1660 1467 subita
1694 1412 1983 1468 seditione

339 1502 468 1551 orta
486 1497 540 1552 in
556 1497 796 1553 civitate
812 1498 1174 1554 irruentibus
1191 1499 1452 1571 paganis,
1470 1499 1686 1572 ligatus
1699 1501 1771 1558 ad
1798 1502 1983 1558 forum

343 1585 686 1656 perducitur
719 1605 731 1639 :
769 1586 846 1641 ibi
889 1602 1078 1644 casus
1119 1603 1186 1643 ac
1227 1587 1568 1645 vulneratus
1608 1595 1721 1646 est.
1765 1591 1984 1648 Exinde

342 1671 652 1744 pontifices
674 1675 935 1744 capitolii
957 1680 1226 1746 egerunt,
1243 1677 1391 1732 utad
1407 1677 1682 1749 templum
1701 1679 1986 1750 Apollinis

2088 512 2322 583 laniata,
2351 513 2506 569 ferro
2528 513 2758 580 onusta,
2777 509 2832 566 in
2855 525 3148 568 carcerem
3172 510 3434 582 conjecta
3456 515 3567 570 est.
3585 515 3724 572 Post

2089 603 2197 660 hoc
2219 617 2346 660 cum
2371 601 2699 658 diutissime
2720 605 2780 657 et
2801 599 3206 658 crudelissime
3230 601 3634 669 dilaniaretur,
3652 603 3723 661 de

2089 693 2365 750 carnibus
2387 691 2512 748 suis
2532 691 2687 763 patri
2710 689 2766 746 in
2791 690 2992 747 faciem
3027 689 3289 762 projecit.
3317 693 3572 763 Cumque
3602 691 3728 749 alli-

2087 785 2221 853 gata
2255 786 2418 843 rota,
2455 781 2573 852 igni
2597 780 2924 852 supposito,
2950 783 3010 835 rt
3035 781 3160 837 fuso
3183 781 3440 851 desuper
3461 780 3588 838 oleo
3612 784 3728 838 tor-

2092 875 2344 942 reretur,
2369 884 2682 942 erumpens
2713 869 2934 925 flamma
2969 869 3127 926 mille
3155 869 3460 940 gentilium
3493 870 3731 928 interfe-

2090 961 2191 1017 cit.
2225 963 2440 1017 Iterum
2465 958 2687 1017 carceri
2714 958 2950 1028 tradita,
2975 958 3181 1029 angelo
3203 959 3500 1030 visitante,
3527 964 3731 1018 sanata

2090 1056 2182 1108 est
2213 1055 2273 1106 et
2303 1051 2542 1107 refecta.
2578 1049 2794 1105 Deinde
2829 1063 2957 1104 cum
2992 1063 3196 1118 magno
3227 1049 3350 1105 saxi
3382 1049 3640 1120 pondere
3675 1049 3735 1106 in

2095 1154 2270 1209 mare,
2305 1139 2361 1195 id
2394 1143 2488 1196 est
2519 1139 2576 1195 in
2609 1139 2795 1198 lacum
2824 1138 3148 1196 Vulsinium
3184 1137 3424 1208 jactata,
3467 1137 3736 1209 angelico

2093 1229 2370 1302 prasidio
2401 1228 2646 1286 liberata
2679 1236 2790 1285 est.
2827 1229 3005 1295 Quam
3039 1241 3346 1284 successor
3375 1227 3563 1298 patris
3605 1227 3740 1297 ejus

2093 1319 2232 1376 Dion
2249 1317 2450 1375 multis
2465 1319 2674 1376 iterum
2691 1317 2999 1390 suppliciis
3013 1316 3233 1372 afflixit.
3255 1316 3594 1380 Sed,orante
3610 1315 3736 1387 illa,

2095 1407 2467 1464 simulacrum
2505 1407 2808 1479 Apollinis.
2847 1407 2998 1477 quod
3031 1405 3275 1462 adorare
3302 1405 3641 1476 jubebatur,
3680 1405 3738 1462 in

2096 1497 2346 1554 favillam
2371 1497 2568 1553 subito
2592 1497 2891 1552 redactum
2915 1502 3026 1552 est.
3053 1494 3177 1560 Quo
3191 1493 3469 1550 miraculo
3485 1495 3594 1550 tria
3613 1494 3742 1550 mil-

2098 1585 2170 1644 lia
2198 1587 2486 1642 hominum
2510 1586 2580 1642 ad
2608 1585 2776 1640 fidrm
2800 1584 3014 1640 Christi
3039 1597 3318 1640 conversa
3343 1589 3500 1639 sunt.
3537 1583 3744 1640 Novis-

2095 1675 2238 1732 sime
2253 1689 2560 1732 successor
2574 1673 2842 1746 pradicti
2855 1673 3136 1740 Julianus,
3153 1676 3287 1744 post
3302 1673 3589 1729 fornacem
3605 1687 3746 1728 can-

343 1759 678 1818 duceretur.
707 1763 831 1829 Quo
863 1777 999 1820 cum
1033 1764 1420 1836 pervenisset,
1455 1766 1587 1822 data
1619 1767 1888 1823 oratione
1919 1769 1989 1824 si-
2017 1783 2071 1843 B
2099 1765 2352 1832 dentem,
2381 1764 2479 1821 ubi
2505 1764 2758 1834 quinque
2783 1762 2991 1819 diebus
3014 1761 3194 1818 illasa
3224 1761 3564 1833 permansit,
3601 1764 3744 1832 post

344 1849 667 1906 mulacrum
711 1851 988 1921 solutum,
1040 1856 1099 1908 et
1148 1852 1425 1924 templum
1467 1853 1832 1912 destructum
1872 1859 1983 1912 est.

343 1937 556 2008 Pagani
615 1940 722 1995 hoc
772 1939 1062 2010 videntes,
1108 1941 1438 1998 clamabant
1485 1962 1498 1996 :
1547 1945 1730 2000 Senex
1775 1944 1988 2016 impius

345 2025 751 2084 interficiatur.
779 2029 849 2084 Et
872 2029 1242 2086 tradiderunt
1262 2045 1391 2088 eum
1419 2031 1624 2103 judici,
1658 2033 1752 2090 cui
1781 2048 1987 2091 nomen

343 2119 472 2172 erat
491 2117 732 2187 Taurus,
767 2117 865 2189 qui
897 2118 1149 2176 habebat
1180 2119 1360 2176 ﬁlium
1391 2121 1742 2179 naturaliter
1767 2136 1987 2180 cacum

345 2207 566 2274 natum,
591 2220 760 2276 quem
785 2206 840 2262 in
863 2207 1095 2264 nomine
1117 2209 1335 2265 Christi
1359 2215 1600 2268 sanctus
1635 2211 1988 2284 Apollinaris

300 2359 311 2364 _
345 2291 715 2366 illuminavit,
741 2295 942 2352 multis
972 2299 1342 2369 stupefactis,
1371 2299 1424 2354 ei
1447 2301 1752 2357 conversis
1785 2303 1854 2358 ad
1884 2305 1990 2356 Do-

341 2381 578 2440 minum.
633 2384 841 2441 Mansit
891 2393 1085 2444 autem
1136 2387 1192 2442 in
1243 2387 1461 2460 pradio
1508 2389 1674 2445 Tauri
1718 2391 1988 2462 praesidis

341 2471 508 2528 annis
549 2478 821 2543 quatuor.
866 2475 1004 2530 Erat
1033 2475 1183 2531 enim
1216 2476 1290 2531 ab
1326 2477 1466 2533 urbe
1489 2477 1762 2534 milliario
1795 2484 1984 2550 sexto,

342 2561 439 2618 ubi
471 2563 904 2620 concurrebant
938 2564 1274 2636 Christiani,
1307 2569 1366 2622 et
1399 2566 1764 2625 docebantur
1792 2570 1864 2624 ab
1893 2585 1982 2626 eo.

339 2651 408 2708 Et
433 2665 779 2722 quacunque
802 2651 1141 2709 infirmitate
1163 2653 1294 2724 quis
1326 2653 1720 2727 detinebatur,
1754 2658 1827 2714 ad
1856 2673 1988 2715 eum

342 2739 666 2811 perductus
689 2741 1026 2798 sanabatur.
1053 2742 1238 2812 igitur
1261 2743 1546 2800 invidiosa
1574 2744 1781 2802 relatio
1807 2748 1991 2819 ponti-

340 2825 512 2884 ficum
537 2827 800 2900 capitolii
823 2829 1087 2886 cucurrit
1120 2829 1192 2886 ad
1225 2833 1507 2889 Casarem
1541 2833 1824 2892 adversus
1857 2835 1988 2892 bea-

341 2918 462 2972 tum
513 2915 928 2988 Apollinarem.
963 2918 1071 2986 Qui
1114 2933 1248 2975 mox
1292 2919 1497 2992 edixit,
1539 2925 1603 2978 ut
1634 2922 1680 2980 si
1712 2923 1824 2980 diis
1855 2923 1987 2994 quis

341 3004 653 3061 temerario
678 3019 779 3062 ore
803 3006 1071 3076 injuriam
1095 3007 1358 3078 inferret,
1383 3014 1483 3066 aut
1507 3011 1852 3082 satisfaciat,
1887 3017 1988 3069 aut
2033 3056 2035 3058 η

2099 1857 2408 1924 serpentes
2428 1867 2459 1908 a
2481 1851 2741 1908 venefico
2772 1851 3082 1920 immissos,
3117 1849 3216 1906 sed
3252 1849 3466 1905 Christi
3499 1849 3614 1906 iide
3645 1865 3746 1907 su-

2097 1945 2354 2015 peratos,
2379 1944 2511 2012 post
2533 1940 2918 1997 abscisionem
2942 1939 3174 2010 lingua,
3200 1939 3434 2008 sagittis
3455 1952 3580 1996 eam
3605 1953 3746 1996 con-

2099 2031 2196 2102 figi
2228 2031 2529 2102 pracepit.
2565 2029 2772 2100 Sicque
2791 2029 3064 2098 martyrii
3104 2041 3338 2084 cursum
3378 2041 3748 2086 consumma~

2100 2121 2202 2190 vit,
2235 2135 2384 2176 anno
2412 2119 2608 2176 atatis
2638 2133 2758 2175 sua
2791 2116 3112 2174 undecimo.

2169 2211 2380 2267 Roma.
2399 2209 2488 2264 via
2511 2207 2832 2276 Tiburtina,
2849 2205 3120 2262 milliario
3143 2204 3366 2262 decimo
3389 2221 3560 2274 nono,
3579 2209 3748 2264 nata-

2100 2299 2173 2355 lis
2204 2297 2392 2354 sancti
2424 2296 2735 2353 Vincentii.

2171 2385 2335 2457 Apud
2351 2385 2662 2442 Emeritam
2677 2383 2966 2455 Hispania
2981 2383 3300 2452 civitatem,
3319 2381 3533 2440 natalis
3555 2385 3752 2441 sancti

2099 2474 2352 2532 Victoris
2382 2473 2674 2542 militaris,
2710 2473 2806 2544 qui
2842 2487 2971 2529 cum
3006 2472 3234 2528 duobus
3265 2470 3549 2528 fratribus
3589 2471 3755 2528 Ster-

2097 2565 2252 2622 catio
2281 2568 2342 2620 et
2375 2563 2738 2632 Antinogeno
2768 2561 3020 2617 diversis
3042 2560 3410 2617 exanimatus
3431 2560 3751 2631 suppliciis

2098 2653 2438 2724 martyrium
2470 2651 2909 2711 consummavit.

2167 2753 2196 2782 α
2226 2743 2436 2798 Eodem
2461 2741 2574 2812 die,
2609 2739 2824 2798 natalis
2855 2741 3187 2796 sanctorum
3209 2737 3498 2808 virginum
3519 2737 3750 2796 Niceta

2098 2834 2159 2888 et
2193 2831 2415 2902 Aquila
2442 2849 2453 2884 :
2477 2845 2606 2902 qua
2637 2831 2707 2888 ad
2741 2828 3213 2900 pradicationem
3255 2827 3440 2884 sancti
3480 2827 3752 2886 Christo-

2097 2920 2265 2992 phori
2306 2919 2600 2991 martyris,
2643 2918 2714 2976 ad
2768 2918 3060 2974 Christum
3108 2930 3425 2987 conversa,
3471 2916 3746 2988 martyrii

2097 3008 2342 3080 palmam
2374 3007 2588 3080 capitis
2617 3007 2948 3064 abscisione
2979 3008 3375 3076 sumpserunt.

341 3092 486 3196 urbe
511 3093 792 3191 privetur.
820 3093 1167 3196 Quajussio
1202 3111 1336 3196 mox
1359 3101 1654 3168 percurrit
1685 3100 1756 3156 ad
1787 3101 1988 3157 Demo-
2019 3133 2067 3196 Ο
2138 3099 2238 3196 .Et
2266 3097 2418 3196 apud
2453 3095 2868 3152 Amiterninam
2919 3093 3237 3164 civitatem,
3291 3092 3539 3152 militum
3579 3097 3750 3152 octo-

341 3181 606 3237 sthenem
625 3181 1494 3255 patricium.Qui,exquisitione
1508 3187 1984 3259 missa,sanctnm

341 3265 734 3340 Apollinarem
769 3270 882 3325 sibi
923 3270 1186 3328 exhiberi
1222 3272 1391 3344 j'ibet
1432 3293 1444 3329 :
1488 3287 1657 3345 quem
1700 3276 1984 3334 auditium

342 3355 586 3412 tradidit
610 3357 664 3412 in
679 3357 949 3414 custodia
964 3359 1195 3416 cuidam
1218 3362 1549 3418 centurioni
1573 3363 1804 3421 occulte
1827 3365 1986 3422 Chri-

342 3444 536 3501 stiano
583 3446 852 3516 cogitans
885 3447 1100 3518 quibus
1129 3450 1494 3508 cruciatibus
1525 3465 1655 3508 eum
1689 3453 1981 3526 perderet.

343 3531 450 3598 Qui
484 3531 669 3590 media
701 3539 874 3592 nocte
915 3533 1132 3592 laxavit
1159 3551 1313 3610 eum,
1350 3545 1410 3596 ut
1451 3539 1697 3610 fugeret.
1731 3543 1986 3614 Cumque

343 3619 554 3678 fuisset
591 3622 830 3694 paganis
863 3624 1182 3698 cognitum,
1209 3633 1524 3698 sequentes
1545 3642 1696 3699 eum,
1721 3645 1832 3686 non
1867 3631 1987 3688 lon-

339 3721 411 3780 ge
440 3724 470 3767 a
511 3715 680 3782 porta
719 3713 1270 3785 apprehenderunt;
1303 3721 1360 3772 et
1404 3717 1606 3776 tandiu
1644 3734 1836 3777 casus
1870 3725 1983 3792 est,

343 3811 459 3870 quo
497 3813 679 3870 usque
708 3801 1106 3860 astimaretur
1135 3805 1422 3862 mortuus.
1458 3806 1678 3864 Exinde
1699 3807 1986 3867 collectus

341 3889 432 3942 est
463 3900 494 3942 a
528 3886 858 3960 discipulis,
890 3894 950 3946 et
991 3891 1310 3963 perductus
1347 3897 1437 3950 est
1472 3895 1527 3950 in
1549 3895 1764 3967 vicum,
1789 3897 1884 3952 ubi
1909 3897 1988 3954 le-

343 3975 922 4046 prosimorabantur,
937 3983 996 4034 et
1021 3984 1246 4050 septem
1271 3979 1398 4036 dies
1421 3984 1768 4054 supervixit,
1793 3984 1987 4042 admo-

341 4075 487 4118 nens
511 4075 742 4136 semper
762 4064 1106 4136 Ecclesiam,
1131 4079 1202 4122 ne
1223 4081 1253 4122 a
1286 4067 1398 4126 fide
1427 4071 1644 4128 Christi
1676 4073 1991 4136 descende-

343 4155 454 4208 ret.
479 4153 562 4207 lta
596 4157 819 4223 martyr
845 4152 1314 4223 gloriosissimus
1343 4157 1698 4230 Apollinaris
1729 4163 1782 4219 in
1815 4165 1986 4226 laude

344 4239 562 4296 Christi
613 4240 946 4312 defunctus,
999 4243 1270 4314 sepultus
1319 4251 1410 4302 est
1453 4249 1596 4306 foris
1637 4267 1886 4326 murum,
1928 4263 1983 4312 et

343 4326 608 4385 clausum
643 4329 698 4384 in
740 4344 874 4387 arca
909 4344 1083 4388 saxea
1116 4335 1226 4390 sub
1256 4339 1414 4392 terra
1447 4352 1664 4411 corpus
1693 4341 1820 4414 ejus
1851 4345 1986 4401 mis-

345 4429 472 4473 sum
493 4420 605 4472 est.
643 4417 745 4473 Hic
773 4419 846 4474 ab
879 4419 1223 4478 Anthiochia
1257 4429 1498 4482 secutus
1529 4429 1860 4498 apostolum
1888 4433 1986 4488 Pe-

345 4508 520 4576 trum,
545 4509 604 4561 et
625 4506 698 4563 ab
729 4507 874 4564 urbe
905 4509 1085 4564 Roma
1117 4511 1190 4566 ab
1222 4511 1426 4569 eodem
1459 4517 1730 4586 apostolo
1762 4520 1980 4578 missus

341 4593 692 4666 Ravennam,
710 4600 862 4652 rexit
877 4596 1195 4654 Ecclesiem
1210 4599 1376 4658 annis
1392 4601 1595 4671 viginti
1611 4610 1767 4677 octo,
1784 4623 1980 4666 mense

344 4697 479 4754 uno,
497 4683 704 4740 diebus
719 4691 990 4756 quatuor.
1007 4688 1223 4745 Passus
1238 4688 1502 4747 ultimum
1519 4696 1856 4766 martyrium
1871 4713 1934 4753 su
1947 4699 1979 4754 b

339 4771 699 4844 Vespasiano
733 4774 982 4846 Casare,
1015 4780 1078 4832 et
1105 4778 1494 4836 Demosthene
1525 4783 1794 4856 patricio,
1819 4800 1853 4840 x
1876 4787 1980 4843 Ka-

340 4856 544 4918 lendas
572 4862 840 4933 Augusti.

802 4971 862 5026 B.
899 4972 967 5028 ΙΧ
997 4973 1152 5030 KAL.
1190 4975 1504 5034 AUGUSTI.

1021 5073 1114 5140 (24
1139 5073 1296 5142 Jul.)

412 5162 626 5221 Eodem
660 5165 754 5223 die
781 5167 934 5240 apud
974 5168 1199 5226 Italiam
1234 5169 1289 5226 in
1320 5171 1487 5241 Tyro,
1522 5183 1650 5240 qua
1689 5179 1782 5231 est
1821 5176 1976 5234 circa

340 5248 527 5308 lacum
559 5252 883 5327 Vulsinum,
907 5257 1099 5315 natale
1121 5263 1340 5315 sancta
1363 5257 1669 5316 Cbristina
1691 5263 1934 5334 virginis
1963 5285 1975 5321 :

337 5337 547 5409 quain
571 5339 863 5400 Christum
885 5345 1150 5415 credens,
1187 5345 1328 5402 deos
1357 5360 1568 5406 aureos
1595 5350 1844 5408 Urbanis
1886 5368 1978 5424 pa-

339 5425 450 5484 tris
471 5427 560 5486 sni
585 5429 845 5500 prafecti
861 5434 1164 5503 contrivit,
1187 5437 1247 5492 et
1269 5435 1624 5508 pauperibus
1647 5438 1972 5511 distribuit,

405 5557 436 5588 ι
457 5549 538 5606 De
569 5548 660 5608 his
690 5551 746 5609 in
777 5552 904 5611 Vita
933 5556 996 5612 D.
1031 5555 1456 5630 Christophori.

2094 3187 2255 3258 ginta
2290 3186 2484 3243 trium.

2542 3286 2600 3340 C.
2635 3283 2756 3339 VIII
2791 3283 2944 3338 ΚΑΒ.
2981 3282 3296 3339 AUGUSTI.

2787 3380 2878 3451 (23
2901 3379 3055 3450 Jul.)

2164 3489 2192 3527 δ
2220 3487 2442 3547 Natalis
2475 3489 2532 3542 Β.
2568 3486 2764 3544 Jacobi
2794 3485 3056 3542 Zebedai
3089 3485 3358 3557 apostoli.

2168 3577 2378 3634 Eodem
2403 3576 2496 3633 die
2519 3576 2574 3632 in
2599 3577 2786 3646 Lycia,
2811 3575 3050 3631 civitate
3073 3574 3258 3642 Samo,
3276 3575 3462 3631 sancti
3479 3575 3749 3633 Christo-

2098 3667 2288 3740 phori,
2305 3666 2403 3738 qui
2417 3665 2598 3736 virgis
2615 3664 2820 3720 ferreis
2834 3663 3096 3733 attritus,
3111 3667 3171 3718 et
3184 3677 3215 3720 a
3232 3662 3749 3722 ﬂammisastuan-

2099 3757 2176 3813 tis
2197 3755 2450 3812 incendii
2476 3753 2690 3810 Christi
2714 3753 2934 3810 virtute
2955 3751 3236 3828 salvatus,
3263 3752 3334 3808 ad
3361 3751 3626 3810 ultimum
3652 3768 3750 3812 sa-

2095 3845 2376 3916 gittarum
2410 3843 2628 3900 ictibus
2659 3842 2985 3911 confossus,
3017 3841 3355 3912 martyrium
3387 3841 3600 3913 capitis
3638 3843 3750 3899 ob-

2099 3933 2466 3992 truncatione
2495 3929 2826 4002 complevit.

2169 4025 2229 4077 In
2253 4019 2566 4091 Hispaniis,
2592 4018 2832 4074 civitate
2847 4015 3184 4088 Barcinona,
3201 4017 3254 4072 S.
3278 4017 3750 4076 Cucufatismar-

2098 4111 2264 4182 tyris,
2292 4109 2388 4179 qui
2411 4122 2481 4164 ex
2509 4107 2750 4162 civitate
2772 4103 3035 4162 Sillitana
3059 4105 3343 4162 oriundus
3367 4105 3492 4175 fuit,
3517 4111 3579 4162 et
3601 4107 3747 4166 Bar-

2096 4201 2318 4256 cinona
2348 4198 2457 4254 sub
2490 4195 2718 4252 Galerio
2747 4193 3118 4266 proconsule,
3163 4198 3218 4249 et
3263 4194 3621 4265 Maximiano,
3681 4204 3748 4254 et

2095 4287 2303 4359 Rufino
2331 4299 2558 4356 passus.
2594 4283 2786 4340 Primo
2823 4281 3166 4352 gravissime
3209 4287 3400 4340 tortus
3430 4287 3490 4338 et
3519 4298 3742 4356 casus,

2097 4375 2306 4432 deinde
2327 4373 2552 4430 catenis
2573 4372 2855 4430 astrictus
2877 4371 2933 4426 in
2951 4370 3232 4428 craticula
3247 4377 3742 4446 superextensus,

2013 4483 2068 4545 Ῑ)
2095 4468 2261 4522 aceto
2277 4467 2338 4518 et
2359 4462 2545 4533 sinapi
2569 4462 2844 4534 perfusus
2864 4460 3048 4516 assari
3067 4458 3270 4528 jussus
3290 4463 3400 4515 est.
3428 4460 3567 4516 Cum
3591 4475 3744 4519 vero

2094 4555 2166 4611 ab
2192 4553 2321 4623 igne
2343 4556 2403 4608 et
2425 4551 2778 4608 flammarum
2800 4547 2992 4617 globis
3014 4547 3236 4604 illasns
3248 4548 3642 4620 apparuisset,
3659 4565 3744 4608 ex

2089 4645 2386 4714 pracepto
2400 4640 2558 4710 impii
2567 4637 2784 4708 judicis
2795 4638 2960 4692 extra
2971 4636 3209 4692 .civitem
3225 4638 3520 4706 ductus,in
3538 4637 3741 4709 ignem

2089 4731 2388 4802 copiosum
2412 4729 2622 4784 iterum
2645 4724 2944 4797 projectus
2965 4729 3074 4780 est.
3099 4725 3224 4792 Quo
3247 4725 3443 4782 divino
3465 4730 3612 4784 nutu
3634 4741 3743 4784 ex-

2089 4819 2326 4887 stincto,
2355 4817 2564 4872 iterum
2589 4815 2744 4871 ferro
2763 4814 2998 4870 vinctus
3021 4813 3076 4869 in
3099 4813 3424 4871 custodiam
3457 4820 3740 4874 retrusus

2086 4912 2178 4964 est
2193 4906 2289 4962 ubi
2305 4905 2500 4961 divino
2512 4903 2823 4975 splendore
2835 4902 3619 4960 consolatur.lterumcardis
3633 4905 3748 4962 fer-

2089 4995 2208 5052 reis
2228 4998 2288 5051 et
2313 4993 2534 5050 taureis
2545 4991 2952 5050 crudelissime
2965 5005 3174 5061 casus,
3191 4991 3248 5048 in
3264 4991 3488 5063 ultimo,
3505 4992 3736 5052 dictata

2087 5083 2402 5153 sententia,
2437 5082 2771 5139 Cucufatem
2803 5079 3078 5137 rebellem
3120 5080 3469 5153 principum,
3511 5085 3569 5138 et
3614 5082 3736 5141 diis

2088 5171 2420 5229 sacriﬁcare
2439 5169 2758 5246 nolentem,
2776 5169 2972 5240 gladio
2989 5168 3356 5238 feririjubet;
3380 5175 3591 5241 octavo
3605 5171 3707 5227 mil
3723 5203 3738 5214 -

2085 5259 2254 5317 liario
2277 5275 2306 5316 a
2325 5259 2640 5316 Barcinona
2655 5258 2796 5330 perd
2807 5263 2978 5315 uctus
2991 5259 3264 5330 ferroque
3285 5258 3735 5329 animadversus

2086 5347 2425 5419 martyrium
2456 5347 2895 5405 consummavit.
2934 5346 3110 5418 Cujus
3138 5361 3354 5420 corpus
3383 5361 3412 5403 a
3447 5347 3734 5405 Christia-

2085 5438 2316 5495 uiscum
2332 5435 2659 5494 reverentia
2676 5434 3148 5508 sepelitur.Unde
3161 5435 3735 5508 postmodumtrans-

2151 5560 2180 5599 δ
2210 5561 2354 5619 Vide
2390 5560 2490 5619 lib.
2527 5563 2598 5619 de
2631 5563 2783 5620 Fest.
2821 5563 3020 5634 Apost.
3055 5561 3336 5620 Prudent.
3370 5561 3560 5632 hymn.
3596 5565 3648 5618 ι.
