4004 6168
314 205 405 294 30a

1120 245 1626 306 MARTYROGIUM
1667 250 1811 307 CUM
1849 251 2371 311 ADDITAMENTIS.
2404 286 2474 295 —
2500 255 2701 312 MENS.
2735 257 2872 313 IUL.

3592 262 3696 314 310

310 366 503 437 latum,
532 381 642 424 non
674 367 843 440 longe
876 383 905 425 a
935 369 1287 429 Parisiorum
1320 373 1579 446 civitate,
1607 391 1663 431 ιη
1692 377 1936 434 ecclesia
1967 381 2021 439 A
2056 381 2173 435 tum
2208 379 2264 434 in
2297 377 2533 437 basilica
2567 394 2737 451 quam
2771 380 2893 454 ipse
2925 384 3253 442 construxit
3292 386 3383 442 via
3428 388 3682 461 Aurelia,

205 527 210 530 _
308 455 604 514 beatorum
638 460 955 528 martyrum
987 459 1260 532 Dionysii,
1295 463 1541 536 Rustici,
1576 469 1633 520 et
1666 466 1937 524 Eleuthe-

306 544 387 615 rii,
422 559 557 603 cum
590 546 806 603 honore
838 548 1185 607 tumulatum
1221 556 1329 609 est.

2049 467 2489 539 quintodecimo
2516 468 2803 528 Kalendas
2831 471 3189 544 Decembris,
3217 473 3272 529 in
3302 475 3573 533 milliario
3602 494 3688 535 se-

2045 556 2256 613 cundo.
2297 558 2471 628 Cujus
2517 559 2728 616 natalis
2775 559 3111 617 celebratur
3143 568 3352 633 quarto
3402 566 3688 627 Kalendas

363 644 391 672 ι
421 634 640 692 Eodem
671 635 765 692 die
795 638 1054 710 Parisiis,
1090 640 1380 713 depositio
1431 648 1618 704 sancti
1667 648 1932 705 Germani
2045 647 2310 717 Augusti.
2364 647 2521 704 Sedit
2593 653 2785 706 autem
2835 650 2890 705 in
2939 650 3281 723 episcopatu
3350 668 3498 710 anno
3548 672 3680 729 uno,

302 722 579 794 cpiscOpi.

361 811 548 882 Metis,
574 812 788 870 natalis
820 815 874 870 8.
909 815 1275 878 Glodesindis
1306 821 1568 894 virginis.

727 922 789 980 D.
835 922 931 980 VII
972 924 1126 982 KAL.
1171 929 1488 987 AUGUSTI.

964 1015 1056 1084 (26
1092 1016 1248 1087 Jul.)

355 1099 550 1156 Roma
600 1099 658 1155 in
700 1101 901 1173 Portu,
949 1103 1140 1160 natale
1189 1108 1373 1163 sancti
1430 1109 1756 1182 Hyacinthi,
1819 1114 1927 1169 sub

292 1186 577 1244 consulari
633 1189 891 1261 Leontio,
928 1191 1182 1249 Luxurio
1213 1197 1399 1267 primo
1429 1198 1689 1256 civitatis
1727 1202 1926 1258 Tarra-

288 1276 424 1333 cina
470 1276 764 1334 tradente.
800 1279 926 1349 Qui,
973 1282 1183 1340 missus
1212 1284 1268 1339 in
1303 1284 1513 1357 ignem,
1548 1287 1708 1346 nullo
1755 1291 1923 1347 modo

286 1362 408 1421 ladi
442 1365 634 1436 potuit
664 1385 676 1420 :
701 1366 834 1423 inde
856 1370 1257 1442 pracipitatus
1279 1374 1334 1429 in
1359 1374 1782 1435 validissimum
1804 1384 1923 1436 tor-

242 1487 247 1490 ς
284 1456 524 1523 rentcm,
556 1453 862 1513 incolumis
906 1457 1131 1527 ejectus
1159 1465 1245 1516 est
1282 1462 1353 1517 ad
1386 1462 1572 1521 littus.
1606 1467 1921 1524 Nuntiatur

285 1540 382 1598 hoc
409 1542 711 1600 consulari
765 1544 1022 1617 Leontio,
1051 1552 1109 1603 et
1141 1549 1295 1605 misit
1339 1552 1753 1623 spiculatorem
1787 1572 1915 1612 cum

285 1628 583 1701 militibus,
620 1634 683 1687 ut
715 1646 845 1689 eum
890 1637 1369 1707 comprehensum
1423 1640 1618 1710 gladio
1650 1644 1911 1701 ferirent.

2046 737 2344 793 mensibus
2376 736 2589 809 tribus,
2625 738 2833 796 diebus
2867 740 3112 796 duobus.

2113 833 2137 863 ο
2167 826 2309 881 Item
2341 824 2545 881 eodem
2580 826 2694 899 die,
2737 827 2929 884 natale
2980 834 3314 887 sanctorum
3364 836 3681 903 martyrum

2042 914 2342 986 Simplicii,
2371 915 2631 971 Faustini
2654 920 2712 971 et
2747 917 3049 988 Beatricis,
3075 919 3441 991 temporibus
3464 922 3681 980 Diocle-

2036 1002 2180 1059 tiani
2212 1007 2271 1059 et
2302 1002 2625 1060 Maximiani
2654 1023 2665 1058 :
2693 1006 2788 1077 qui
2824 1010 2955 1077 post
2987 1006 3166 1063 multa
3199 1023 3264 1065 ac
3287 1008 3516 1067 diversa
3549 1026 3682 1083 sup-

2037 1091 2209 1163 plicia
2237 1090 2382 1160 jussi
2417 1096 2551 1148 sunt
2595 1093 2905 1165 capitalem
2954 1096 3153 1152 subire
3206 1099 3587 1166 sententiam;
3619 1102 3677 1156 et

2036 1179 2214 1251 ligato
2245 1196 2385 1236 saxo
2409 1180 2461 1235 in
2487 1180 2640 1237 collo
2664 1196 2883 1253 eorum,
2905 1183 3118 1252 jactari
3153 1201 3257 1258 per
3290 1193 3546 1259 pontem,
3580 1188 3675 1260 qui

2035 1274 2277 1326 vocatur
2291 1269 2661 1342 Lapideus,in
2675 1271 2960 1330 Tiberinis
2982 1274 3399 1333 theumatihus.
3420 1278 3674 1344 Quorum

2030 1373 2274 1430 corpora
2290 1358 2389 1414 Dei
2407 1364 2551 1416 nutu
2575 1360 2813 1417 inventn
2839 1367 2971 1418 sunt
2995 1378 3025 1418 a
3052 1364 3219 1420 beata
3246 1380 3445 1423 sorore
3470 1382 3672 1425 eorum

2030 1444 2315 1517 Beatrice,
2340 1450 2441 1501 eta
2462 1447 2649 1503 bcatls
2672 1449 3036 1519 presbyteris
3058 1450 3262 1523 Crispo
3276 1455 3334 1507 et
3347 1454 3566 1510 Joanne
3584 1474 3595 1509 :
3611 1457 3667 1510 et

2029 1535 2258 1606 sepulta
2284 1540 2415 1592 sunt
2433 1536 2486 1591 in
2517 1534 2643 1593 loco
2662 1536 2757 1608 qui
2782 1537 3115 1609 appellatur
3135 1542 3369 1597 Sextum
3393 1542 3668 1615 Philippi,

2026 1621 2115 1678 via
2147 1624 2476 1695 Portuensi,
2533 1629 2740 1696 quarto
2790 1625 3076 1684 Kalendas
3123 1630 3391 1700 Augusti.
3438 1632 3671 1689 Bcatrix

283 1719 427 1774 Tunc
450 1719 716 1789 quaedam
750 1725 1008 1779 matrona
1042 1724 1333 1798 religiosa,
1356 1731 1585 1786 nomine
1611 1732 1781 1803 Julia,
1818 1750 1911 1790 νθ,
1939 1734 1994 1795 Β
2026 1714 2218 1803 autem
2245 1727 2416 1803 soror
2440 1714 2759 1803 Martyrum
2803 1730 2931 1772 cum
2963 1723 3294 1775 moraretur
3316 1720 3468 1792 apud
3500 1735 3669 1778 vene-

286 1804 438 1860 niens
484 1808 659 1861 nocte
705 1822 835 1863 cum
886 1810 1071 1866 servis
1101 1813 1239 1882 suis,
1276 1813 1512 1885 collegit
1544 1832 1756 1890 corpus
1785 1820 1911 1890 ejus

284 1896 335 1947 et
364 1908 490 1949 cum
523 1893 742 1950 honore
774 1897 1044 1968 sepelivit
1066 1900 1119 1955 in
1146 1902 1366 1971 pradio
1395 1905 1682 1975 suojuxta
1709 1911 1909 1966 urbem

284 1981 524 2047 Romam,
559 1998 638 2039 vn
670 1984 790 2040 Kal.
824 1986 1087 2055 Augusti.

724 2093 784 2147 E.
830 2092 899 2147 VI
941 2095 1095 2150 KAL.
1142 2098 1456 2155 AUGUSTI.

942 2184 1034 2253 (27
1069 2185 1224 2254 Jul.)

346 2283 372 2312 ι
399 2275 556 2347 Apud
582 2276 993 2351 Nicomediam,
1016 2282 1228 2339 natalis
1249 2287 1435 2342 sancti
1460 2290 1749 2348 Hermolai
1780 2308 1905 2364 pre-

284 2363 506 2433 sbyteri,
541 2364 711 2434 cujus
741 2366 1005 2425 doctrina
1038 2370 1246 2430 beatus
1282 2375 1599 2433 Pantaleon
1630 2380 1699 2434 ad
1734 2363 1901 2438 fidem

281 2464 584 2509 conversus
630 2458 739 2510 est.
789 2455 895 2521 Qui
944 2461 1145 2515 tentus
1194 2475 1224 2515 a
1254 2462 1615 2537 Maximiano,
1663 2469 1901 2540 capitali

279 2540 550 2596 sententia
582 2543 658 2598 ob
684 2544 1111 2603 confessionem
1141 2549 1352 2607 Christi
1387 2554 1625 2624 punitus
1654 2560 1763 2613 est.

349 2628 544 2685 Eodem
575 2629 690 2702 die,
728 2632 783 2687 in
816 2633 1031 2707 Sicilia,
1068 2639 1255 2694 sancti
1290 2640 1573 2699 Simeonis
1612 2648 1895 2705 monachi.

726 2739 781 2795 Ρ.
825 2740 870 2793 ν
912 2742 1064 2798 KAL.
1112 2746 1423 2803 AUGUSTI.

936 2831 1027 2901 (28
1068 2834 1223 2904 Jul.)
1425 2894 1433 2902 ,

349 2913 696 2987 Nicomedia,
732 2919 923 2989 passio
964 2922 1149 2978 sancti
1197 2925 1582 2985 Pantaleonis.
1617 2930 1722 2996 Qui
1765 2948 1893 2989 cum

265 3000 499 3068 jubente
527 3004 869 3063 Maximiano
891 3013 1074 3065 artem
1100 3011 1349 3069 disceret
1372 3016 1695 3090 medicina,
1713 3033 1743 3075 a
1769 3036 1895 3092 pre-

268 3088 493 3178 sbytero
514 3092 817 3152 Hermolao
830 3096 900 3153 ad
926 3096 1094 3155 iidem
1124 3100 1335 3158 Christi
1360 3088 1693 3178 conversus,
1714 3088 1892 3167 multa
1924 3090 1973 3153 Ο

267 3175 534 3236 miracula
561 3181 719 3251 fecit,
748 3187 1089 3257 patremque
1114 3204 1281 3246 suum
1307 3197 1634 3251 senatorem
1659 3175 1897 3255 Eustor-

265 3263 415 3333 gium
465 3268 677 3326 Christi
729 3271 863 3328 ﬁdei
913 3275 1265 3346 subjugavit.
1302 3279 1387 3336 Ob
1439 3296 1608 3352 quam
1661 3301 1892 3345 causam

263 3356 455 3411 tentus
475 3357 548 3412 ab
579 3359 782 3415 eodem
824 3362 1185 3435 Maximiano,
1211 3368 1443 3437 equulei
1475 3386 1639 3441 poena
1665 3381 1723 3430 et
1757 3375 1894 3433 lam-

268 3442 535 3511 padarum
554 3449 861 3505 exustione
884 3452 1185 3510 cruciatus
1206 3455 1330 3526 (sed
1346 3457 1502 3514 inter
1516 3460 1638 3517 hac
1651 3463 1892 3523 Domino

263 3527 371 3619 sibi
381 3538 693 3604 apparentc
708 3536 1133 3612 refrigeratus),
1150 3543 1385 3600 tandem
1400 3545 1519 3602 ictu
1542 3548 1721 3619 gladii
1743 3566 1891 3609 mar-

262 3617 464 3686 tyrium
494 3626 937 3682 consummavit.

330 3706 529 3801 Eodem
553 3709 669 3801 die,
690 3712 970 3785 Lugduni,
994 3718 1181 3774 sancti
1204 3720 1507 3791 Peregrini
1533 3728 1882 3801 presbyteri,

258 3793 419 3863 cujus
466 3798 889 3858 beatitudinem
938 3804 1349 3864 miraculorum
1390 3793 1574 3881 gloria
1607 3793 1880 3875 testatur.

694 3908 756 3963 G.
804 3909 872 3964 IV
912 3911 1067 3967 KAL.
1113 3914 1430 3972 AUGUSTI.

927 3999 1018 4068 (29
1046 4002 1202 4073 Jul.)

328 4086 351 4121 δ
375 4088 583 4161 Roma,
621 4092 712 4148 via
760 4096 1015 4167 Aurelia,
1063 4099 1218 4155 beati
1258 4104 1304 4171 οξ·
1333 4101 1539 4161 Felicis
1589 4107 1882 4176 pontificis

259 4177 360 4233 sub
387 4180 724 4240 Constantio
758 4184 877 4242 filio
903 4188 1287 4247 Constantini.
1316 4194 1469 4250 Idem
1500 4197 1881 4257 Constantius

2024 1799 2265 1857 rabilem
2314 1801 2606 1873 Lucinam,
2662 1803 2878 1860 factum
2909 1809 2997 1861 est
3040 1811 3103 1862 ut
3152 1806 3384 1877 quidam
3436 1809 3662 1867 vicinus

2020 1902 2336 1958 possessor
2356 1890 2663 1947 Lucretius
2677 1892 2926 1949 ambiret
2951 1894 3487 1964 possessiunculam
3510 1898 3655 1968 ejus.

2018 1975 2129 2031 Pro
2158 1976 2264 2032 hoc
2296 1976 2492 2049 itaque
2525 1978 2660 2035 fecit
2694 1981 2880 2036 teneri
2924 1986 3182 2037 sanctam
3226 1985 3567 2054 Beatricem,
3602 1990 3662 2040 et

2019 2061 2151 2118 duci
2186 2064 2257 2119 ad
2289 2066 2757 2138 sacrificandum,
2787 2069 2939 2123 Tunc
2974 2070 3142 2124 beata
3178 2071 3432 2142 Beatrix,
3467 2071 3661 2129 excla-

2016 2151 2193 2208 mavit
2228 2171 2243 2220 ;
2280 2153 2605 2211 Christiana
2655 2171 2800 2227 sum,
2858 2172 2970 2212 non
3022 2158 3285 2217 sacriﬁco
3335 2161 3653 2219 daemoniis.

2014 2240 2196 2297 Ducta
2227 2247 2320 2299 est
2352 2245 2569 2315 itaque,
2594 2248 2654 2301 et
2684 2246 2966 2302 carcerali
2989 2248 3274 2306 custodia
3306 2250 3654 2323 mancipata.

2015 2330 2271 2400 Cumque
2294 2331 2350 2386 in
2374 2333 2471 2388 Dei
2499 2333 2728 2389 nomine
2769 2334 2955 2391 libere
2978 2340 3198 2407 ageret,
3227 2338 3366 2394 fecit
3389 2353 3515 2394 eam
3546 2355 3659 2397 am-

2014 2417 2263 2475 bitiosus
2297 2420 2602 2478 Lucretius
2635 2423 2939 2494 prafocari
2975 2427 3174 2481 noctu.
3211 2426 3392 2494 Quam
3420 2442 3657 2487 venera-

2014 2505 2148 2562 bilis
2172 2508 2383 2565 Lucina
2401 2510 2569 2579 juxta
2612 2516 2848 2569 sanctos
2878 2517 3166 2584 martyres
3193 2529 3503 2587 germanos
3531 2517 3657 2588 ejus

2010 2595 2304 2667 sepelivit,
2361 2601 2571 2668 quarto
2621 2598 2907 2657 Kalendas
2949 2602 3214 2671 Augusti.
3249 2605 3392 2661 Post
3432 2605 3541 2664 hoc
3574 2608 3655 2663 in-

2006 2699 2246 2754 gressus
2294 2687 2574 2759 pradium
2627 2694 2963 2746 sanctorum
3016 2691 3339 2764 Lucretius,
3391 2695 3526 2751 dum
3573 2696 3650 2753 ibi

2007 2771 2641 2845 epularetur,quadam
2658 2775 3230 2837 mulierinfantulum
3246 2780 3523 2839 iactabat.
3541 2785 3647 2851 Qui

2008 2860 2326 2918 infantulus
2349 2877 2546 2919 coram
2560 2866 2831 2923 omnibus
2854 2866 2908 2922 in
2924 2867 3193 2924 convivio
3206 2883 3406 2926 vocem
3420 2871 3642 2928 emisit:

2006 2950 2174 3021 Audi,
2201 2951 2433 3008 Lucreti
2460 2970 2474 3019 ;
2500 2953 2865 3025 occidisti,et
2891 2955 3184 3028 invasisti,
3210 2971 3345 3015 ecce
3376 2959 3549 3016 datus
3580 2975 3645 3017 es

2003 3038 2059 3094 in
2095 3041 2527 3110 possessionem
2576 3042 2825 3109 inimici;
2860 3044 2932 3099 ad
2964 3043 3109 3100 hanc
3158 3060 3356 3104 vocem
3409 3047 3646 3106 invasus

2005 3132 2097 3182 est
2126 3140 2156 3182 a
2186 3126 2437 3199 maligno
2487 3129 2702 3201 spiritu
2736 3130 2813 3186 ibi
2844 3131 2901 3186 in
2951 3132 3243 3204 convivio,
3295 3138 3355 3190 et
3386 3149 3491 3207 per
3520 3139 3645 3194 tres

2006 3216 2180 3272 horas
2210 3220 2458 3274 vexatus
2487 3217 2681 3275 emisit
2714 3219 3004 3291 spiritnm.

2075 3304 2104 3342 εἰ
2136 3304 2349 3362 Eodem
2392 3306 2508 3377 die,
2540 3307 2830 3380 depositio
2872 3310 3059 3367 sancti
3102 3311 3242 3383 Lupi
3277 3312 3539 3386 episcopi
3571 3314 3642 3371 de

2001 3394 2229 3450 Trecas.
2283 3393 2392 3460 Qui
2440 3408 2572 3451 cum
2624 3396 2906 3453 Germano
2957 3397 3116 3454 venit
3174 3399 3528 3460 Britanniam
3580 3406 3640 3458 et

2003 3480 2420 3553 quinquaginta
2444 3482 2673 3541 duobus
2695 3484 2861 3542 annis
2893 3484 3227 3542 sacerdotio
3260 3488 3494 3545 functus
3525 3495 3637 3547 est.

2001 3568 2108 3636 Qui
2141 3573 2402 3641 tempore
2435 3571 2610 3642 Regis
2640 3572 2856 3644 Attila,
2884 3573 3123 3630 Galliam
3156 3576 3427 3632 vastabat
3466 3576 3643 3648 (sicut

2000 3656 2055 3713 in
2074 3657 2202 3728 ejus
2218 3658 2429 3730 hymno
2441 3659 2857 3730 canitur,Du/m
2868 3660 3044 3733 bella,
3058 3664 3271 3720 cuncta
3268 3664 3635 3737 perderent),

1997 3747 2221 3804 orando
2251 3747 2461 3804 Trecas
2490 3748 2756 3805 munivit.

2441 3872 2508 3927 A.
2550 3872 2624 3928 III
2665 3871 2822 3929 ΚΑΙ..
2867 3872 3183 3930 AUGUSTI.

2671 3981 2766 4043 (50
2800 3978 2958 4048 Jul.)

2062 4092 2083 4118 ο
2113 4083 2326 4153 Roma,
2361 4082 2556 4141 natale
2589 4083 2792 4141 Abdon
2822 4088 2884 4141 et
2915 4085 3132 4143 Sennes
3161 4085 3629 4160 subregulorum,

1992 4170 2100 4228 sub
2121 4171 2294 4228 Decio
2318 4172 2669 4244 imperatore
2696 4191 2707 4226 :
2734 4188 2882 4244 quos
2902 4175 3112 4233 Decius
3142 4175 3197 4231 in
3222 4177 3470 4235 Cordula
3493 4180 3633 4236 civi-

261 4265 559 4340 Augustus,
593 4272 903 4330 consilium
953 4276 1384 4352 hareticorum,
1420 4297 1487 4339 ac
1517 4284 1779 4344 Valentis
1819 4293 1879 4344 et
1990 4264 2112 4352 ίὲίίῗ
2162 4262 2467 4352 Ρ9⁹⁸³⁹¹¹Ϊ¹ἶ
2503 4260 2631 4352 ,δίδξ
2680 4264 3021 4352 ριέθεθηιπί
3064 4264 3263 4334 jussu“
3319 4266 3542 4333 Qnibus
3572 4273 3633 4326 et

260 4352 463 4413 Ursacii
486 4359 835 4419 Arianorum
868 4366 1218 4439 approbans,
1246 4369 1377 4440 quia
1402 4374 1463 4427 et
1484 4372 1607 4444 ipse
1632 4375 1879 4433 Arianus

1990 4347 2167 4405 dixit:
2187 4348 2279 4404 Sic
2302 4348 2468 4404 stulti
2494 4349 2632 4407 facti
2656 4351 2820 4421 estis,
2855 4355 2917 4407 ut
2939 4366 3053 4408 non
3082 4354 3471 4411 recordamini
3496 4357 3628 4428 quia

258 4447 390 4513 erat,
416 4447 484 4501 ab
514 4448 768 4505 Eusebio
800 4435 1227 4513 Nicomediensi
1252 4435 1672 4533 rebaptizatus,
1699 4464 1875 4534 ejecit
1906 4440 1955 4498 D
1988 4451 2099 4534 n9"
2114 4435 2375 4534 θοξθηίεῖδ
2388 4438 2993 4534 έθφνπδάίιίλίῗδξίδίη
3011 4455 3215 4534 gem.”
3238 4443 3627 4534 Romam“

258 4535 501 4624 sanctum
529 4534 762 4592 felicem
790 4539 959 4597 Urbis
978 4542 1316 4615 episcopum
1331 4545 1402 4603 de
1417 4544 1557 4604 sede
1582 4550 1882 4624 episcopa-

261 4617 455 4675 tussui.
475 4623 710 4680 Etfacta
728 4629 819 4681 est
844 4631 1178 4699 persecutio
1201 4647 1403 4703 magna
1428 4635 1484 4690 in
1512 4617 1692 4708 clero,
1722 4617 1881 4698 itaut

259 4709 567 4779 presbyteri
597 4716 660 4767 et
691 4711 890 4771 clerici
916 4716 1114 4787 plures
1145 4727 1497 4780 necarentur
1518 4730 1573 4780 et
1599 4730 1880 4799 martyrio

258 4805 558 4854 coronaren
568 4802 1003 4873 tur.Depositus
1015 4810 1256 4877 sanctus
1268 4824 1333 4865 ac
1349 4811 1718 4871 beatissimus
1734 4830 1800 4887 pa
1810 4833 1877 4888 pa

259 4879 416 4955 Felix,
442 4886 734 4943 habitavit
756 4888 811 4944 in
848 4892 1131 4962 pradiolo
1164 4910 1289 4966 suo,
1318 4899 1472 4969 quod
1504 4904 1595 4958 est
1620 4902 1712 4959 via
1734 4879 1881 4961 Ῥόγ-

258 4970 448 5060 tuensi.
473 4975 544 5031 Et
575 4977 887 5046 agentibus
919 4983 1292 5051 postmodum
1327 4985 1641 5060 hareticis,
1668 4992 1879 5049 exinde

256 5054 479 5133 levatus,
497 5063 716 5121 ductus
736 5069 825 5122 est
840 5067 910 5123 ad
926 5067 1247 5141 civitatem,
1273 5076 1333 5129 et
1363 5076 1556 5147 capite
1582 5054 1874 5153 truncato,

257 5151 511 5221 martyrio
544 5158 867 5212 coronatur
896 5171 951 5212 IV
978 5157 1114 5214 Idus
1149 5161 1507 5221 Novembris.
1539 5166 1757 5224 Exinde
1792 5151 1879 5225 ra-

258 5235 393 5301 ptum
415 5253 631 5310 corpus
651 5238 778 5310 ejus
799 5256 828 5296 a
854 5244 1217 5314 presbyteris
1237 5250 1296 5301 et
1328 5247 1581 5320 clericis,
1607 5256 1667 5308 et
1691 5254 1878 5326 sepul-

312 5366 335 5395 ι
362 5361 474 5419 Deo
505 5362 564 5419 in
598 5362 729 5419 Vita
763 5364 816 5419 S.
852 5366 1078 5422 Pantal.
1114 5372 1183 5426 28
1207 5369 1319 5427 Jul.

311 5427 1189 5523 fiPaEaIuJIaostil-cap-
1223 5443 1327 5523 .31.
1370 5512 1417 5523 ..
1461 5512 1494 5523 ..

310 5506 331 5535 ε
356 5504 431 5558 De
466 5504 559 5562 his
588 5504 643 5561 in
674 5504 859 5573 gestis
888 5508 942 5562 S.
982 5504 1236 5566 Anshimi
1272 5516 1330 5569 11
1369 5512 1516 5568 Maii.

1988 4529 2047 4580 et
2079 4527 2350 4582 nostras?
2380 4527 2479 4583 Cui
2516 4529 2722 4585 beatus
2750 4528 2952 4584 Abdon
2980 4548 2991 4583 :
3026 4530 3203 4600 Magis
3234 4545 3339 4588 nos
3369 4532 3627 4589 victores

1992 4613 2126 4670 facti
2151 4628 2352 4672 sumus
2373 4617 2488 4671 Deo
2512 4618 2758 4673 favente.
2777 4617 3091 4674 etDomino
3110 4620 3245 4676 Iesu
3259 4619 3510 4690 Christo,
3528 4619 3622 4690 qui

1990 4708 2195 4773 regnat
2218 4704 2274 4760 in
2297 4710 2600 4761 aeternum.
2624 4707 2875 4764 lubente
2908 4708 3088 4779 igitur
3108 4708 3304 4777 Decio,
3329 4708 3506 4765 vincti
3530 4721 3625 4762 ca-

1991 4793 2142 4848 tenis
2164 4792 2377 4850 reclusi
2402 4797 2538 4850 sunt
2562 4794 2618 4850 in
2650 4798 2811 4853 arcta
2841 4796 3128 4853 custodia.
3154 4798 3307 4852 Tunc
3338 4794 3484 4873 dixit
3513 4795 3625 4851 Ab-

1989 4880 2100 4936 don
2134 4882 2206 4937 ad
2237 4884 2461 4938 Sennen
2498 4902 2510 4937 :
2542 4884 2688 4940 Ecce
2738 4884 2920 4954 gloria
2964 4899 3133 4956 quam
3167 4897 3397 4953 semper
3428 4896 3624 4954 spera-

1987 4967 2194 5024 vimus.
2214 4971 2356 5025 Post
2371 4984 2600 5027 menses
2616 4975 2867 5042 quatuor
2886 4972 3125 5029 veniens
3138 4970 3347 5027 Decius
3361 4970 3619 5043 Romam,

1987 5059 2042 5110 et
2067 5054 2366 5112 adducens
2390 5072 2589 5115 secum
2615 5060 2819 5116 beatos
2844 5060 3045 5117 Abdon
3069 5063 3127 5114 et
3150 5060 3371 5114 Sennen
3394 5059 3622 5116 catenis

1986 5140 2212 5198 vinctos
2235 5141 2410 5212 jussit
2455 5159 2681 5202 omnem
2730 5150 2994 5204 senatum
3025 5145 3357 5216 convocari,
3385 5149 3448 5202 et
3485 5146 3621 5203 fecit

1985 5234 2335 5288 conventum
2360 5232 2416 5289 in
2439 5234 2675 5292 Tellude
2696 5250 2826 5292 cum
2843 5233 3148 5291 Valeriano
3162 5235 3442 5306 prafecto
3462 5252 3496 5291 v
3517 5238 3621 5295 Ka-

1987 5318 2187 5375 lendas
2216 5323 2485 5393 Augusti,
2518 5326 2579 5379 et
2603 5322 2783 5393 jussit
2812 5323 2922 5379 sibi
2950 5324 3296 5393 prasentari
3330 5325 3531 5383 Abdon
3561 5327 3622 5379 et

2056 5447 2082 5485 ά
2115 5448 2356 5519 Gregor.
2390 5446 2521 5503 Tur.
2557 5445 2627 5519 de
2661 5444 2953 5519 GlortCC.
2987 5462 3038 5505 c.
3072 5450 3161 5519 67,
3195 5452 3280 5506 68.

2057 5526 2079 5554 ο
2111 5521 2188 5574 De
2220 5516 2310 5574 liis
2343 5516 2398 5573 in
2426 5516 2695 5588 passione
2728 5517 2780 5572 S.
2816 5517 2982 5576 Laur.
3020 5523 3089 5577 10
3120 5516 3263 5589 Aug.
