3992 6170
315 292 412 343 311
1366 272 1422 330 S.
1463 266 1724 328 ADONIS
1763 259 2202 324 ARCHIEPISC.
2243 261 2657 326 VIENNENSIS
3601 265 3701 332 ω

316 415 559 470 Sennem
581 413 908 467 maceratos
931 403 1184 462 diversis
1206 400 1413 473 poenis.
1431 399 1501 454 Et
1525 394 1674 453 dixit
1695 393 1767 452 ad
1791 406 1956 450 sena-
1984 388 2038 452 A
2071 385 2263 446 Nolite
2277 403 2365 446 me
2377 389 2699 462 dimittere,
2715 389 2944 449 veniam
2957 391 3279 451 vobiscum.
3297 393 3367 450 Et
3387 393 3700 455 simulcum

319 507 436 559 tum
457 499 570 556 :Dii
597 473 837 568 demque
862 493 1231 550 tradiderunt
1255 492 1458 546 hostes
1484 483 1951 542 ferocissimosin
2062 478 2180 568 illis
2210 479 2510 536 civitatem
2541 481 2994 538 Tuburbitanam
3028 481 3290 552 ingressa
3323 487 3433 539 est.
3462 482 3586 543 Alia
3611 486 3700 544 die

314 604 518 648 manus
542 567 793 644 nostras.
821 587 967 641 Ecce
1003 581 1216 639 inimici
1251 577 1607 650 Reipublicze
1632 577 1692 631 et
1712 573 1952 630 Romani
2063 567 2206 626 hora
2250 569 2425 626 tertia
2452 569 2734 628 Anolinus
2758 571 3070 642 proconsul
3089 572 3704 643 protribunaliconse-

318 677 564 751 imperii.
609 678 673 731 Et
721 672 1042 729 introducti
1084 675 1221 726 sunt
1263 668 1454 726 ornati
1495 680 1638 722 auro
1671 667 1728 718 et
1761 661 1954 751 lapide
2063 657 2254 751 dit,_et
2279 658 2577 751 Maximam
2601 662 2658 714 et
2685 659 3164 751 Donatillam‘sibi
3192 663 3534 751 praesentari
3561 679 3703 736 prae-

316 746 602 839 pretioso,
639 763 819 818 vincti
854 761 1117 818 catenis:
1145 758 1452 828 omnisque
1484 755 1725 811 senatus
1757 749 1954 807 mirari
2063 747 2240 839 cepit,
2275 750 2344 839 et
2377 746 2448 804 ad
2497 751 2788 839 tormenta
2821 747 2980 804 elidi.
3017 749 3084 804 Et
3133 763 3262 806 cum
3311 750 3702 824 caederentur,

317 853 566 925 cocpitin
583 853 924 925 aSpectihus
947 865 1166 907 eorum.
1186 851 1252 904 Et
1277 863 1404 904 cum
1430 848 1774 903 constanter
1799 839 1958 898 Chri-

318 948 472 1001 stum
505 943 560 998 in
585 957 616 997 c
636 945 908 1012 ηιερροιιι
931 953 1132 994 eorum
1161 939 1507 1008 faterentur,
1535 935 1746 992 Decius
1772 933 1958 989 iratus

312 1031 810 1104 jussitValeriano
833 1029 1134 1102 praefecto,
1154 1033 1216 1083 ut
1242 1027 1288 1083 si
1313 1043 1425 1084 non
1449 1027 1765 1083 adorarent
1789 1023 1958 1079 deum

319 1121 528 1191 Solem,
556 1122 806 1176 ferarum
833 1119 1127 1175 morsibus
1151 1117 1484 1172 interirent.
1505 1113 1612 1180 Qui
1639 1112 1958 1168 denudavnt

317 1225 438 1279 eos,
455 1210 843 1266 etduxitante
867 1208 1239 1265 simulacrum
1262 1205 1432 1261 Solis.
1449 1207 1603 1261 Tunc
1617 1201 1961 1259 Valerianus

313 1299 492 1368 jussit
525 1305 589 1355 ut
622 1297 940 1370 plumbatis
969 1298 1359 1354 caederentur.
1387 1294 1604 1350 Deinde
1637 1291 1958 1349 introducti

322 1387 376 1442 in
403 1387 916 1459 amphitheatrum,
943 1391 997 1441 et
1025 1383 1715 1442 dimissisunteislcones
1739 1382 1874 1450 duo,
1901 1385 1962 1436 et

323 1475 442 1532 ursi
469 1480 740 1546 quatuor,
765 1475 863 1545 qui
896 1475 1198 1544 rugientes
1228 1477 1514 1530 venerunt
1535 1473 1606 1528 ad
1629 1471 1811 1542 pedes
1835 1483 1964 1525 san-

322 1567 572 1629 ctorum,
597 1567 656 1619 et
672 1563 1007 1621 nullatenus
1031 1563 1376 1620 recedentes
1398 1561 1813 1619 custodiebant
1835 1573 1956 1615 eos.

324 1651 630 1709 Valeriano
682 1666 842 1721 vero,
877 1653 1086 1724 plenus
1139 1653 1354 1720 furore,
1385 1650 1564 1723 jussit
1602 1648 1964 1720 gladiatores

2059 835 2238 907 jussit
2259 835 2474 893 calcem
2509 851 2686 908 super
2717 836 2918 908 plagas
2939 852 3136 894 earum
3159 839 3377 910 spargi,
3401 844 3462 896 et
3486 841 3702 912 fricari,

2067 924 2275 982 deinde
2299 925 2314 980 i
2345 945 2352 958 ι
2379 925 2630 996 equuleo
2653 926 2888 984 extendi
2911 929 2970 983 et
2996 927 3256 997 torqueri
3279 937 3327 995 ει,
3347 932 3406 984 et
3429 929 3707 988 stativam

2067 1015 2139 1070 ab
2155 1014 2467 1071 bibendum
2482 1015 2677 1070 offerri
2706 1034 2718 1070 :
2744 1015 3025 1072 deindein
3047 1007 3390 1074 craticulam
3412 1017 3558 1074 etad
3581 1032 3709 1076 car-

2071 1103 2252 1160 bones
2275 1103 2478 1174 igneos
2499 1104 2704 1173 sterni,
2721 1109 2776 1160 et
2794 1119 3010 1177 prunas
3033 1105 3310 1162 ardentes
3324 1121 3501 1179 super
3513 1107 3710 1179 capita

2069 1206 2266 1248 earum
2291 1191 2460 1263 adjici
2490 1211 2502 1246 :
2529 1193 2902 1264 postmodum
2939 1193 2993 1248 in
3031 1193 3262 1250 theatro
3293 1193 3364 1250 ad
3399 1193 3713 1254 delubrum

2072 1279 2304 1350 deponi,
2338 1285 2394 1336 et
2431 1281 2504 1336 ab
2535 1281 2805 1338 omnibus
2843 1281 3196 1338 conculcari.
3233 1283 3388 1338 Tunc
3417 1296 3489 1338 ex
3520 1282 3714 1340 officio

2071 1368 2290 1425 dictum
2313 1373 2424 1438 est,
2451 1361 2584 1426 esse
2609 1384 2739 1426 cum
2762 1371 2849 1426 eis
2873 1369 3124 1442 puellam
3150 1370 3342 1440 aliam,
3360 1371 3593 1427 nomine
3619 1372 3718 1428 Se-

2072 1457 2317 1513 cundam
2337 1476 2349 1511 :
2368 1472 2535 1528 quam
2551 1458 2887 1528 suojudicio
2903 1458 3512 1530 Anolinusproconsul
3529 1458 3718 1532 appli-

2073 1546 2192 1602 cari
2221 1546 2416 1616 jussit.
2455 1547 2710 1618 Cumque
2741 1549 2996 1614 adesset,
3023 1547 3104 1604 ait
3131 1567 3143 1602 :
3172 1547 3497 1604 Christiana
3529 1562 3615 1616 es,
3641 1563 3717 1605 an

2073 1635 2331 1706 pagana?
2381 1636 2640 1692 Secunda
2687 1635 2833 1692 dixit
2878 1635 3250 1693 :Christiana
3301 1651 3446 1693 sum.
3505 1637 3718 1693 Statim

326 1739 592 1810 introire,
619 1744 678 1796 et
701 1721 906 1798 beatos
937 1740 1290 1810 subregulos
1322 1721 1672 1806 interficere,
1698 1741 1758 1793 et
1781 1736 1962 1807 ligare

2084 1721 2360 1779 Anolinus
2383 1722 2564 1795 ipsam
2595 1737 2724 1781 cum
2757 1724 2992 1780 Maxima
3009 1729 3066 1780 et
3082 1724 3365 1782 Donatilla
3397 1726 3466 1782 ad
3494 1726 3722 1782 bestias

325 1829 506 1900 pedes
527 1845 750 1900 eorum,
776 1834 983 1887 etante
1008 1830 1382 1887 simu'acrum
1409 1828 1800 1897 Solisjactare
1827 1845 1838 1879 :
1866 1824 1963 1880 ubi

320 1919 633 1988 jacuerunt
685 1936 932 1992 corpora
969 1923 1303 1976 sanctorum
1341 1917 1531 1973 tribus
1562 1916 1789 1972 diebus.
1827 1917 1968 1970 Post

329 2009 586 2064 triduum
612 2010 770 2065 venit
793 2010 1024 2077 quidam
1051 2009 1328 2074 Quirinus
1351 2007 1717 2063 Christianus
1737 2003 1969 2061 subdia-

327 2111 530 2166 conus,
560 2099 656 2167 qui
692 2099 1142 2168 manebatjuxta
1175 2098 1764 2168 amphitheatrum,et
1794 2093 1969 2150 colle-

329 2185 416 2256 git
439 2191 614 2242 noctu
638 2203 909 2258 corpora,
934 2193 994 2242 et
1016 2187 1348 2245 recondidit
1380 2185 1434 2241 in
1458 2200 1592 2242 area
1617 2183 1888 2256 plumbea
1913 2183 1968 2238 in

331 2273 502 2330 domo
544 2289 646 2332 sua
691 2275 866 2332 tertio
910 2275 1194 2332 Kalendas
1235 2274 1503 2345 Augusti,
1539 2273 1636 2330 ubi
1671 2271 1971 2330 latuerunt

330 2378 513 2434 usque
545 2366 616 2421 ad
649 2370 910 2436 tempora
940 2364 1326 2420 Constantini.
1354 2365 1508 2419 Tunc
1541 2377 1603 2418 se
1637 2365 1970 2417 reserantes

329 2453 482 2509 beati
515 2455 816 2524 Martyres,
852 2453 1030 2510 levati
1080 2458 1236 2522 sunt,
1281 2456 1341 2508 et
1373 2451 1642 2508 translati
1678 2451 1733 2506 in
1765 2463 1972 2506 coeme-

326 2543 477 2601 terio
506 2544 794 2601 Pontiani.

398 2633 612 2689 Eodem
639 2633 731 2688 die
746 2631 898 2704 apud
935 2631 1455 2701 Africam,civitate
1477 2631 1751 2689 Tuburbo
1765 2631 1974 2687 Lucer-

329 2721 526 2790 nariaa,
580 2721 772 2778 natale
823 2725 1161 2777 sanctarum
1211 2720 1500 2790 virginum
1549 2720 1826 2788 Maxima},
1866 2719 1974 2775 Do-

330 2808 550 2865 natillae
572 2813 632 2865 et
661 2809 939 2867 Secundae
967 2829 978 2864 :
1005 2825 1132 2882 quae
1157 2809 1571 2880 persecutione
1595 2807 1839 2866 Gallieni
1863 2807 1972 2864 sub

333 2896 578 2954 Anolino
595 2898 794 2969 judice
817 2913 1006 2971 passa:
1029 2902 1186 2956 sunt.
1205 2897 1312 2966 Qui
1336 2897 1798 2968 interrogatione
1823 2896 1972 2952 facta

332 2985 567 3043 distulit
598 2987 974 3059 audientiam,
1005 2991 1066 3044 et
1097 2988 1300 3045 beatas
1338 2987 1597 3058 virgines
1626 2991 1682 3042 et
1712 2999 1970 3055 sorores,

332 3073 632 3133 Maximam
647 3081 704 3132 et
721 3077 1174 3147 Donatillam,ad
1198 3078 1496 3134 civitatem
1518 3074 1972 3132 Tuburbitanam
2003 3094 2053 3158 ρ

335 3161 576 3232 perduci
605 3162 805 3231 jussit,
843 3165 1057 3234 quibus
1089 3177 1194 3218 nec
1223 3177 1429 3234 panem
1463 3177 1568 3219 nec
1600 3177 1806 3233 aquam
1840 3163 1974 3219 sub-

334 3247 654 3304 ministrari
678 3249 1090 3320 prtecepit,sed
1107 3254 1343 3306 acetoet
1371 3249 1503 3306 felle
1527 3249 1739 3321 potari.
1756 3249 1973 3308 Videns

332 3339 528 3391 autem
564 3337 1036 3395 beatissimarum
1073 3337 1362 3409 ﬁduciam,
1394 3338 1616 3395 exarsit
1646 3337 1701 3394 in
1724 3339 1888 3407 iram,
1913 3343 1970 3394 et

324 3423 505 3493 jussit
529 3431 590 3481 ut
616 3431 970 3494 urgerentur
992 3427 1310 3484 ambulare.
1330 3429 1464 3483 Frat
1492 3426 1752 3498 quaedam
1779 3425 1972 3498 puella

330 3511 385 3567 in
403 3513 812 3584 superioribus
827 3515 1033 3572 domus
1047 3530 1166 3573 sure
1181 3517 1812 3584 constituta,annorum
1835 3519 1976 3573 duo-

333 3599 541 3672 decim,
560 3603 790 3660 nomine
812 3604 1074 3675 Secunda
1103 3623 1115 3660 :
1140 3605 1234 3662 cui
1259 3605 1392 3662 dum
1419 3604 1615 3664 multae
1641 3607 1972 3680 nuptiarum

333 3689 704 3748 conditiones
727 3691 1068 3763 offerentur,
1085 3707 1285 3750 omnes
1307 3694 1702 3766 comtempsit,
1718 3699 1778 3751 et
1802 3710 1973 3752 unum

336 3777 514 3834 Deum
539 3777 764 3836 dilexit.
798 3781 930 3837 Haec
951 3796 1196 3838 accensa
1219 3783 1432 3854 spiritu
1457 3783 1724 3854 Dei,cum
1748 3798 1782 3839 v
1809 3784 1973 3840 deret

333 3872 758 3940 commartyres
772 3870 1220 3928 suasMaximam
1235 3877 1293 3927 et
1309 3871 1654 3930 Donatillam
1673 3878 1977 3930 transeun-

335 3961 427 4013 tes
441 3957 569 4026 (fuit
585 3959 738 4014 enim
754 3959 807 4014 in
825 3959 1232 4029 superioribus
1244 3960 1450 4018 domus
1462 3961 1590 4031 ejus
1605 3963 1972 4032 maenianum,

339 4047 437 4102 ubi
469 4048 687 4114 stabat)
710 4053 766 4102 et
793 4052 1127 4102 sanctarum
1159 4048 1448 4117 virginum
1481 4049 1975 4119 pulchritudinem

339 4131 473 4188 ﬁdei
497 4133 684 4189 oculis
705 4134 1129 4206 consideraret,
1147 4136 1428 4207 cogitavit
1449 4143 1509 4193 et
1535 4139 1793 4195 decrevit
1817 4140 1886 4197 ad
1903 4141 1978 4197 si-

337 4219 528 4276 milem
543 4221 789 4291 gratiam
806 4224 1208 4293 pervenire.Et
1225 4240 1294 4282 ne
1307 4225 1519 4296 aliquis
1532 4227 1869 4298 prohiberet
1888 4231 1980 4286 ho-

337 4313 504 4364 neste
527 4309 906 4380 descendere,
927 4318 986 4368 ut
1003 4313 1414 4385 impedimenta
1437 4315 1672 4386 vitaret,
1692 4331 1796 4374 nec
1811 4333 1972 4392 opes,

339 4411 445 4453 nec
461 4399 751 4456 nationem
777 4416 936 4458 suam
951 4404 1344 4476 contemplata
1359 4410 1469 4476 est,
1488 4421 1593 4465 nec
1605 4409 1834 4465 Patrem
1851 4422 1915 4466 ca
1925 4425 1975 4464 r-

341 4485 526 4543 nalem
559 4489 787 4546 curavit
827 4509 840 4544 :
876 4490 1102 4548 relictis
1141 4493 1429 4556 omnibus.
1468 4511 1640 4554 unum
1674 4503 1972 4556 auctorem

339 4577 634 4634 castitatis
647 4579 822 4636 Deum
838 4581 1305 4654 quaesivit,quem
1323 4583 1378 4640 in
1392 4590 1673 4642 aeternum
1691 4588 1970 4659 possedit,

340 4670 396 4722 et
415 4667 625 4724 tenuit.
645 4668 782 4724 Cum
799 4683 940 4740 ergo
953 4672 1380 4742 egrederentur
1405 4675 1588 4732 beatae
1613 4682 1901 4746 martyres
1915 4679 1975 4732 et

340 4755 751 4829 procederent,
784 4759 1044 4818 Secunda
1078 4762 1288 4820 festina
1339 4762 1626 4821 clamabat
1659 4769 1795 4836 post
1823 4779 1924 4821 eas
1957 4785 1970 4821 :

404 4887 432 4917 ι
446 4880 534 4959 Et
546 4881 834 4959 statiuam
855 4884 939 4941 ad
957 4883 1269 4959 bibendam
1287 4885 1478 4959 afen}
1506 4887 1737 4959 Ita_mss
1750 4901 1968 4959 omnes.

335 4955 628 5031 Hactenus
649 4954 808 5031 editu
819 4969 910 5031 in:
936 4955 997 5011 et
1009 4956 1277 5031 statzgam
1296 4954 1379 5014 eid
1400 4957 1709 5031 libanqm
1726 4955 1935 5031 σπογγὶ
1955 4976 1974 5013 :

337 5026 490 5100 quod
539 5025 982 5097 supposititium
1013 5031 1071 5082 et
1103 5027 1394 5085 affectum.
1473 5026 1730 5098 ntelligit
1752 5025 1971 5100 waquam

2080 1812 2392 1879 damnavit,
2419 1817 2476 1868 et
2501 1827 2602 1870 eas
2632 1814 2785 1869 ferro
2817 1813 3043 1872 vinctas
3076 1815 3146 1870 ad
3180 1813 3582 1886 spectaculum
3616 1829 3723 1888 po-

2078 1899 2199 1972 puli
2249 1901 2460 1958 adduci
2512 1902 2811 1973 praecepit.
2848 1901 2985 1968 Quae
3019 1917 3146 1958 cum
3183 1902 3624 1968 inducerentur,
3657 1903 3720 1958 in

2081 1990 2265 2046 media
2281 2004 2453 2046 arena
2467 1989 2746 2047 osculatae
2771 1995 2906 2046 sunt
2931 2006 2992 2047 se
3017 1991 3262 2048 invicem
3288 1995 3349 2048 ut
3375 1991 3721 2062 martyrium

2079 2093 2221 2151 pace
2251 2078 2635 2150 complerent.
2675 2081 2858 2136 Ursus
2878 2083 3072 2136 autem
3099 2081 3498 2137 ferocissimus
3521 2095 3590 2136 ac
3613 2095 3724 2138 sae-

2080 2168 2355 2224 vissimus
2369 2167 2526 2224 illico
2539 2167 2626 2224 eis
2639 2167 2953 2238 laxatus,in
2970 2168 3469 2226 mansuetudinem
3487 2183 3721 2240 versus,

2080 2272 2278 2314 earum
2305 2257 2550 2327 vestigia
2576 2256 2744 2313 linxit
2769 2257 2967 2328 potius
2989 2272 3158 2328 quam
3175 2257 3506 2314 momordit.
3525 2259 3726 2314 [ratus

2083 2345 2384 2414 Anolinus,
2402 2346 2535 2416 quia
2559 2360 2620 2401 se
2636 2345 2864 2402 furente
2890 2346 3111 2402 bestias
3125 2346 3296 2402 mites
3309 2344 3728 2414 vidit,locutus

2080 2451 2210 2494 cum
2233 2437 2501 2505 concilio,
2529 2437 2879 2494 sententiam
2901 2451 2972 2492 ex
2997 2435 3210 2493 tabella
3242 2436 3532 2493 recitavit.
3552 2435 3732 2492 Maxi-

2084 2541 2252 2596 mam,
2303 2524 2649 2583 Donatillam
2690 2529 2747 2582 et
2799 2525 3140 2594 Secundam,
3189 2524 3245 2580 in
3298 2523 3732 2595 superstitione

2083 2630 2186 2672 sua
2221 2615 2632 2687 perdurantes,
2662 2629 2789 2685 quae
2813 2615 3077 2670 diversas
3099 2627 3300 2686 poenas
3321 2611 3727 2685 pertulerunt,

2082 2708 2140 2760 et
2167 2703 2376 2761 bestiis
2397 2703 2642 2774 objecta:
2667 2707 2824 2773 sunt,
2841 2707 2899 2758 et
2915 2701 3029 2758 diis
3044 2702 3264 2758 nostris
3277 2701 3427 2758 sacri
3439 2700 3614 2758 ﬁcare
3629 2714 3732 2758 no-

2083 2791 2338 2862 luerunt,
2372 2791 2567 2862 gladio
2598 2789 2983 2848 animadverti
3014 2788 3228 2861 placet.
3254 2789 3515 2859 Maxima,
3542 2789 3731 2846 Dona-

2084 2880 2210 2937 tilla
2233 2885 2292 2936 et
2311 2879 2570 2936 Secunda
2595 2879 2870 2936 dixerunt
2905 2897 2917 2932 :
2942 2879 3060 2934 Deo
3089 2879 3330 2948 gratias.
3364 2877 3434 2933 Et
3455 2890 3731 2936 consum-

2085 2973 2253 3026 mata;
2284 2973 2422 3027 sunt
2451 2969 2631 3026 tertio
2661 2967 2949 3026 Kalendas
2979 2967 3244 3037 Augusti.

2457 3095 2516 3148 Β.
2560 3094 2800 3150 PRIDIE
2837 3093 2992 3148 ΚΑΒ.
3039 3091 3354 3148 AUGUSTI.

2730 3218 2822 3285 (34
2863 3217 3072 3287 Julii.)

2156 3345 2400 3402 Caesares
2433 3343 2630 3415 passio
2681 3342 2866 3399 sancti
2918 3341 3073 3399 Fabii
3124 3339 3416 3411 martyris.
3452 3338 3731 3406 Quicum

2088 3432 2240 3488 ferre
2270 3430 2482 3487 vexilla
2515 3429 2848 3501 praesidalia
2881 3432 3203 3496 recusaret,
3239 3427 3490 3498 primum
3515 3424 3733 3482 diebus

2085 3520 2306 3592 aliquot
2341 3519 2395 3575 in
2431 3533 2727 3576 carcerem
2770 3522 2974 3574 trusus
3003 3519 3114 3582 est,
3149 3515 3360 3571 deinde
3399 3513 3733 3585 productus

2086 3607 2320 3664 sistitur
2343 3605 2773 3663 antetribunal.
2791 3607 3196 3674 Interrogatus
3219 3599 3725 3669 semeletiterum,

2088 3696 2144 3752 iu
2160 3695 2374 3753 Christi
2391 3695 2758 3752 confessione
2783 3690 3065 3767 perdurat
3093 3712 3104 3747 :
3128 3696 3188 3763 et
3213 3705 3386 3748 moxa
3411 3689 3730 3747 furibundo

2081 3785 2278 3855 judice
2301 3784 2539 3856 capitali
2563 3783 2856 3840 sententia
2877 3783 3317 3840 condemnatur.
3335 3781 3474 3835 Post
3497 3778 3623 3834 haec
3643 3777 3730 3834 in-

2086 3873 2385 3932 humatum
2417 3888 2632 3944 corpus
2663 3871 2948 3930 custodiri
2975 3871 3216 3943 jubetur
3251 3887 3263 3923 :
3291 3867 3440 3939 quod
3464 3869 3600 3938 post
3623 3865 3732 3921 tri-

2087 3961 2264 4018 duum
2288 3962 2536 4019 reticulo
2560 3963 2838 4032 insutum,
2856 3962 2910 4016 in
2937 3959 3112 4016 maris
3133 3957 3440 4030 profunda,
3457 3966 3731 4011 seorsum

2087 4056 2284 4122 caput,
2329 4063 2590 4106 seorsum
2631 4049 2882 4110 cadaver
2921 4046 3306 4116 immergitur.
3350 4043 3460 4100 Sed
3497 4040 3731 4098 Domini

2087 4139 2309 4195 virtute
2333 4138 2586 4195 rescisso
2600 4136 2868 4208 reticulo,
2887 4135 3140 4192 membra
3157 4132 3334 4206 capiti
3351 4134 3728 4200 revocantur,

2086 4232 2149 4283 et
2175 4226 2432 4299 scapulis
2453 4226 2652 4283 cervix
2665 4240 2795 4282 cum
2811 4224 3044 4282 indiciis
3057 4221 3348 4296 passionis
3361 4217 3726 4291 adjungitur.

2089 4319 2278 4388 Atque
2312 4317 2392 4372 ita
2425 4329 2545 4373 suae
2588 4315 2914 4385 integritati
2963 4313 3256 4370 redditum
3304 4323 3520 4381 corpus
3570 4308 3732 4364 unda

2091 4405 2390 4462 blandiore
2421 4405 2493 4462 ad
2529 4405 2642 4478 [ΑΖ.
2685 4403 3132 4472 Cartemianum,
3169 4398 3342 4470 vulgo
3372 4396 3736 4454 Carternita-

2085 4494 2268 4566 num.]
2303 4493 2705 4551 Cartcnarium
2749 4492 2891 4549 litus
2920 4495 3207 4561 evectum,
3240 4487 3528 4558 condigno
3560 4483 3734 4542 cultu

2087 4597 2116 4638 a
2151 4584 2422 4642 fidelibus
2454 4583 2799 4640 tumulatum
2831 4585 2942 4638 est.

2161 4673 2541 4742 Antisiodori,
2572 4671 2762 4729 sancti
2796 4669 3084 4740 Germani,
3119 4665 3380 4740 episcopi
3409 4669 3470 4721 et
3500 4663 3736 4721 confes-

2086 4775 2256 4819 SOPIS.

2085 4886 2380 5012 stitivam,
2416 4898 2544 4956 quae
2584 4883 2773 4940 Plinio
2821 4886 3120 4954 stagnans,
3153 4879 3398 4937 Varroni
3449 4891 3616 4935 roses
3646 4875 3735 4934 di-

2085 4972 2137 5012 οι
2172 4972 2257 5012 ur.

2084 4972 2257 5014 οιιυτ.
