3992 6170
227 264 318 321 313

958 208 1560 312 utnnnowcmu
1599 253 1743 311 cum
1783 214 2307 312 Annmumns.
2341 283 2411 297 —
2439 251 2641 311 unus.
2675 252 2837 311 AUG.

3497 254 3601 310 314

1528 534 1821 593 ΠΤΑΝΙΑΞ
1863 537 2276 595 ΙΝΒΙΟΕΝΒᾸΞ.

1406 704 1793 780 MENSIS
1870 701 2412 781 AUGUSTUS

1236 898 1438 950 HABET
1490 898 1632 957 DIES
1680 897 1869 959 XXXI;
1927 896 2089 947 LUNA
2140 897 2334 962 VERO,
2391 899 2567 950 XXIX.

722 1136 782 1191 Ο.
837 1135 992 1192 KAL.
1047 1136 1344 1192 AUGUSTI

884 1223 944 1295 (4
997 1226 1181 1296 Am)

288 1323 311 1353 α
336 1313 532 1370 Romae
565 1311 637 1368 ad
671 1314 936 1369 sanctum
970 1313 1206 1369 Petrum
1239 1313 1308 1369 ad
1342 1312 1603 1371 Vincula.

291 1401 629 1470 Antiochiae,
655 1401 868 1458 natalis
899 1406 1236 1459 sanctorum
1270 1403 1746 1460 Machabteorum.

285 1489 443 1562 Apud
495 1488 743 1559 Italiam,
779 1491 1018 1547 civitate
1066 1492 1371 1560 Vercellis,
1417 1492 1569 1547 beati
1623 1490 1857 1547 Eusebii

230 1578 471 1651 episcopi
505 1583 566 1634 et
589 1579 969 1649 confessoris,
997 1581 1093 1651 qui
1119 1582 1194 1637 ob
1218 1581 1645 1637 confessionem
1672 1580 1803 1635 ﬁdei
1827 1594 1855 1634 a

232 1667 557 1725 Constantio
591 1667 852 1739 principe
884 1668 1300 1740 Scythopolim,
1326 1674 1385 1725 et
1408 1670 1540 1726 inde
1564 1670 1859 1740 Cappado-

231 1756 350 1813 ciam
371 1755 696 1825 relegatus,
714 1757 822 1813 sub
838 1756 1065 1812 Juliano
1085 1757 1438 1828 imperatore
1456 1759 1525 1814 ad
1551 1758 1698 1814 CCCIL
1716 1757 1855 1814 siam

232 1859 367 1901 suam
392 1858 677 1899 reversus
704 1847 815 1899 est.
837 1844 1160 1901 Novissime
1186 1846 1677 1917 persequentibus
1702 1847 1859 1902 Aria-

233 1933 305 1990 nis
342 1933 688 2002 martyrium
742 1947 967 2004 passus.

287 2022 449 2094 Apud
489 2021 778 2089 Arabiam,
812 2022 1051 2079 civitate
1084 2022 1503 2097 Philadelphia,
1531 2027 1622 2081 SS.
1650 2030 1860 2096 marty-

233 2124 336 2165 rum
372 2109 600 2181 Cyrilli,
629 2110 872 2181 Aquilae,
899 2112 1077 2181 Petri,
1104 2113 1434 2183 Domianiti,
1460 2114 1608 2183 Ruﬁ,
1636 2116 1861 2171 Menan-

231 2198 319 2267 dri,
352 2214 475 2256 una
510 2198 604 2254 die
635 2203 1071 2257 coronatorum.

283 2287 377 2343 bin
400 2287 711 2358 Hispaniis,
729 2288 969 2345 civitate
985 2290 1270 2359 Gerunda,
1289 2290 1500 2347 natalis
1514 2292 1701 2349 sancti
1718 2292 1860 2348 Feli-

230 2376 300 2433 cis
314 2376 615 2447 martyris,
635 2376 732 2446 qui
748 2377 818 2433 de
840 2376 1133 2434 Scillitana
1152 2378 1390 2435 civitate
1406 2380 1709 2451 oriundus,
1729 2397 1856 2438 eum

1883 1134 1939 1194 A
1966 1132 2140 1205 phani
2156 1149 2318 1206 papae
2333 1139 2391 1191 et
2407 1137 2817 1208 martyris,sub
2834 1136 3141 1194 Valeriano
3154 1140 3211 1193 et
3234 1136 3493 1195 Gallieno
3507 1139 3609 1197 im-

1967 1225 2363 1295 peratoribus.
2390 1226 2497 1292 Qui
2529 1242 2657 1283 cum
2679 1227 3013 1299 p.:rsecutio
3038 1240 3188 1282 saeva
3211 1231 3606 1299 grassaretur,

1971 1314 2177 1370 beatus
2211 1316 2557 1387 Stephanus,
2593 1322 2948 1387 congregato
2983 1316 3255 1372 universo
3288 1315 3447 1373 clero
3479 1332 3606 1388 suo,

1969 1405 2316 1460 hortabatur
2348 1418 2450 1460 eos
2501 1408 2562 1460 ut
2604 1420 2709 1476 pro
2763 1406 2993 1461 Christo
3041 1419 3315 1460 coronam
3348 1405 3611 1475 martyrii

1968 1493 2246 1550 alacriter
2277 1494 2682 1563 susciperent;
2709 1494 3085 1550 ordinaverat
3116 1498 3312 1550 autem
3338 1498 3460 1550 tres
3483 1507 3614 1565 pre-

1970 1583 2262 1652 sbyteros,
2288 1586 2345 1637 et
2373 1586 2596 1653 septem
2621 1582 2920 1648 diaconos,
2942 1586 2999 1638 et
3024 1582 3273 1638 clericos
3297 1581 3611 1652 sexdecim,

1970 1685 2099 1727 cum
2136 1671 2348 1741 quibus
2380 1672 2449 1727 de
2484 1686 2662 1739 regno
2695 1671 2793 1727 Dei
2826 1670 3061 1727 assidue
3109 1672 3376 1728 docebat.
3413 1670 3614 1728 Divina

1972 1764 2164 1816 autem
2180 1761 2367 1829 gratia
2394 1764 2768 1831 procurante,
2788 1761 3177 1817 occurrebant
3201 1759 3368 1817 multi
3392 1775 3464 1817 ex
3481 1774 3618 1831 gen-

1970 1848 2178 1906 tilibus
2200 1854 2255 1905 et
2278 1850 2510 1905 homsti
2537 1850 2665 1913 viri,
2687 1854 2747 1906 ut
2774 1850 3218 1921 baptizarentur
3241 1851 3312 1905 ab
3341 1864 3430 1905 eo.
3458 1851 3616 1904 Inter

1972 1952 2120 2007 quos
2154 1938 2457 1993 Nemesius
2486 1938 2762 1994 tribunus
2793 1953 2921 1993 cum
2956 1938 3111 1993 omni
3134 1938 3304 1993 domo
3328 1935 3614 2005 sua,ﬁlia-

1971 2040 2081 2095 que
2115 2026 2302 2096 ipsius
2333 2026 2562 2081 nomine
2598 2026 2834 2094 Lucilla,
2871 2039 2996 2094 quae
3030 2040 3179 2081 caeca
3231 2037 3335 2094 per
3378 2024 3611 2079 beatum

1971 2114 2323 2184 Stephanum
2376 2113 2699 2170 illuminata
2754 2115 2963 2181 fuerat,
3008 2116 3066 2167 et
3116 2110 3416 2181 Olympius
3464 2109 3615 2166 alter

1970 2203 2245 2258 tribunus
2267 2218 2395 2258 cum
2422 2217 2604 2258 uxore
2625 2217 2727 2258 sua
2748 2201 3056 2272 Exuperia,
3077 2205 3135 2256 et
3156 2199 3275 2255 ﬁlio
3295 2198 3612 2269 Theodulo,

1970 2295 2027 2347 et
2046 2294 2335 2362 quotquot
2352 2291 2733 2347 crediderunt
2749 2291 2802 2346 in
2824 2291 2995 2346 domo
3011 2288 3282 2359 Olympii,
3299 2287 3395 2358 qui
3411 2292 3618 2358 postea

1968 2381 2231 2452 gloriosa
2242 2380 2609 2436 confessione
2627 2379 2967 2449 martyrium
2984 2374 3621 2434 meruerunt.Celebra-

231 2465 661 2536 persecutiones
684 2465 739 2520 in
767 2465 1055 2537 Hispaniis
1076 2467 1360 2523 adversus
1384 2468 1746 2525 Christianos
1768 2472 1858 2540 agi
1895 2486 1944 2544 Β
1965 2458 2072 2525 ’ὺθι
2103 2464 2296 2526 autem
2332 2468 2539 2525 missas
2571 2476 2746 2539 atque
2779 2467 3022 2524 concilia
3057 2482 3160 2538 per
3182 2469 3385 2536 crypta
3410 2468 3622 2535 marty-

237 2554 814 2625 cmpissent,aseensa
832 2559 1221 2611 mercatorum
1238 2558 1592 2626 navi,amore
1609 2563 1869 2631 martyrii

231 2641 387 2700 ocius
414 2642 691 2699 accurrit.
712 2643 924 2699 Etcum
942 2643 1281 2713 aliquandiu
1299 2646 1450 2716 apud
1474 2648 1869 2721 Barcinonam,

235 2729 551 2803 Emporias,
573 2734 635 2786 et
656 2731 1001 2797 Gerundam,
1026 2734 1265 2789 verbum
1281 2734 1379 2789 Dei
1404 2736 1730 2805 przedicans
1750 2739 1872 2809 plu-

234 2817 417 2874 rimos
432 2818 486 2873 in
505 2817 611 2875 ﬁde
631 2819 1048 2889 confortasset,
1066 2826 1125 2876 et
1146 2822 1289 2876 fama
1310 2822 1436 2891 ejus
1451 2824 1618 2893 longe
1640 2824 1872 2897 lateque

234 2908 653 2978 crebresceret,
664 2908 911 2978 jubente
930 2909 1197 2977 Daciano,
1216 2915 1458 2980 repente
1481 2927 1510 2967 a
1530 2913 1736 2969 Ruﬁno
1759 2915 1875 2970 ofﬁ-

232 2994 348 3052 ciali
385 2998 591 3053 tentus
615 3001 726 3052 est.
756 2997 1012 3068 Cumque
1039 3012 1242 3053 nomen
1269 2999 1483 3055 Christi
1502 3002 1875 3059 conﬁdentis-

234 3082 361 3140 sime
421 3084 723 3154 fateretur,
759 3085 945 3156 primo
1000 3086 1257 3143 fustibus
1305 3102 1512 3159 caesus,
1549 3092 1608 3144 et
1654 3090 1708 3145 in
1762 3091 1873 3147 ima

233 3173 481 3231 carceris
504 3177 727 3243 trusus,
750 3174 959 3230 deinde
980 3175 1246 3231 manibus
1266 3176 1629 3247 pedibusque
1654 3177 1871 3249 ligatis,

234 3266 438 3332 negato
460 3262 592 3318 cibo
612 3270 673 3318 et
696 3267 858 3334 potu,
876 3263 933 3319 in
960 3264 1087 3320 loco
1111 3263 1379 3334 squalido
1398 3266 1718 3337 projectus,
1743 3272 1876 3339 post

236 3348 328 3406 hoc
347 3350 527 3406 etiam
551 3352 780 3408 catenis
799 3352 1167 3421 gravioribus
1191 3353 1441 3421 vinctus,
1460 3369 1564 3425 per
1585 3358 1741 3412 totas
1760 3357 1878 3428 pla-

239 3441 347 3494 teas
374 3439 457 3495 ab
486 3438 790 3495 indomitis
838 3440 1008 3497 mulis
1052 3445 1294 3512 tractus,
1329 3446 1388 3497 et
1422 3457 1567 3513 pene
1602 3444 1657 3499 in
1693 3445 1875 3501 frusta

239 3525 563 3598 discerptus
585 3533 700 3584 est.
726 3528 943 3584 Deinde
958 3529 1172 3586 missus
1187 3530 1241 3584 in
1258 3544 1573 3601 carcerem,
1593 3537 1877 3603 nocteque

238 3614 300 3670 ab
329 3616 540 3687 angelo
573 3615 854 3673 visitatus
882 3621 1058 3687 atque
1084 3622 1343 3688 sanatus,
1374 3619 1525 3675 facto
1548 3620 1639 3676 die
1663 3621 1730 3677 ad
1756 3636 1880 3678 cer-

240 3703 442 3760 tamina
459 3709 774 3761 revocatus
793 3710 904 3760 est.
926 3706 1080 3761 Tunc
1101 3706 1334 3776 ungulis
1351 3708 1705 3778 excoriatus,
1727 3710 1881 3780 capi-

239 3793 288 3846 te
310 3792 547 3850 inverso
569 3794 645 3850 ab
667 3792 807 3849 hora
835 3794 1006 3850 tertia
1028 3809 1211 3865 usque
1227 3795 1295 3851 ad
1318 3810 1619 3867 vesperam
1641 3812 1881 3868 suspen-
1912 3833 1960 3895 Ο

240 3891 349 3949 sus,
364 3881 592 3938 nullum
620 3882 857 3953 penitus
876 3883 1059 3939 sensit
1082 3883 1361 3939 dolorem.
1385 3885 1671 3940 Deindein
1688 3900 1883 3942 carce-

238 3981 349 4023 rem
372 3969 621 4027 Ruﬁnus
643 3986 775 4027 eum
799 3971 955 4027 trudi
982 3972 1281 4043 praecepit,
1301 3973 1397 4028 ubi
1420 3988 1521 4044 per
1549 3977 1724 4029 totam
1749 3989 1882 4031 noc-

240 4057 347 4111 tem
369 4058 653 4130 splendor
675 4059 949 4129 copiosus
971 4060 1209 4116 eﬁ'ulsit.
1229 4061 1338 4116 Sed
1367 4066 1426 4117 et
1450 4077 1624 4119 voces
1654 4062 1883 4133 angelo-

240 4158 356 4201 rum
383 4146 763 4218 psallentium
787 4149 1001 4205 auditaa
1026 4155 1180 4205 sunt.
1209 4149 1369 4216 Quod
1394 4166 1521 4207 cum
1556 4148 1881 4208 nuntiatum

243 4231 447 4291 fuisset
461 4236 670 4292 Ruﬁno
688 4251 717 4292 a
733 4238 963 4293 custodi
975 4238 1131 4308 bus,j
1142 4239 1453 4309 ussiteum,
1473 4241 1736 4296 manibus
1751 4243 1882 4311 post

240 4324 465 4395 tergum
488 4324 710 4396 ligatis,
728 4326 783 4381 in
809 4328 983 4383 maris
1008 4328 1355 4397 profundum
1380 4329 1580 4398 mergi.
1600 4329 1682 4384 Ibi
1702 4329 1887 4385 conti-

242 4424 349 4468 nuo
374 4412 606 4469 vincula
622 4414 750 4484 ejus
772 4413 1005 4485 dirupta
1026 4421 1183 4483 sunt,
1202 4420 1260 4470 et
1283 4415 1507 4484 angelis
1525 4416 1637 4471 sibi
1657 4430 1885 4472 manum

240 4502 600 4572 tenentibus,
637 4516 815 4572 super
852 4504 1031 4560 undas
1064 4503 1444 4561 deambulans
1467 4504 1538 4560 ad
1564 4504 1733 4560 littus
1758 4520 1888 4576 per-

241 4590 417 4646 venit.
453 4592 610 4648 Tunc
643 4592 886 4648 Ruﬁnus
912 4592 1088 4662 jussit
1131 4593 1343 4649 iterum
1387 4596 1580 4648 cutem
1620 4591 1747 4660 ejus
1788 4607 1889 4648 un-

240 4678 392 4746 gulis
427 4680 678 4749 detrahi,
710 4694 777 4736 ae
810 4680 1019 4736 deinde
1070 4696 1255 4752 usque
1287 4682 1359 4739 ad
1391 4696 1523 4737 ossa
1568 4679 1794 4750 laniari,
1829 4683 1887 4735 et

244 4769 356 4821 tam
390 4768 490 4825 diu
522 4768 769 4825 vulnera
804 4767 1147 4825 vulneribus
1177 4769 1515 4839 instaurari,
1545 4784 1728 4839 usque
1754 4769 1887 4825 dum

243 4854 521 4912 invictum
546 4856 783 4913 Christo
806 4856 1078 4928 spiritum
1103 4857 1377 4913 reddidit.
1398 4859 1623 4928 Corpus
1643 4856 1768 4926 ejus
1787 4858 1891 4912 Ge-

242 4942 448 5000 rundaa
477 4945 532 5000 in
566 4949 967 5011 monumento,
995 4945 1149 5015 quod
1174 4944 1297 5015 ipse
1321 4945 1431 5001 sibi
1455 4950 1889 5018 praeparaverat

242 5030 543 5090 conditum
575 5037 691 5103 est,
725 5034 907 5091 Nonis
939 5032 1208 5104 Augusti.

632 5141 695 5196 D.
758 5141 831 5197 IV
888 5142 1125 5198 NONAS
1174 5140 1490 5198 AUGUSTI.

923 5231 981 5299 (2
1034 5230 1211 5303 Ατιθο)

306 5324 332 5353 ο
362 5317 584 5391 Romae,
611 5318 671 5375 in
706 5318 1047 5377 coemeterio
1080 5317 1304 5376 Callisti
1336 5316 1528 5376 natale
1552 5318 1739 5375 sancti
1764 5318 1889 5373 Ste-

276 5416 336 5477 ἰ
368 5445 407 5499 2
436 5440 614 5522 Mach,
648 5448 701 5502 7.
739 5444 903 5502 Hier."
934 5444 1004 5503 de
1037 5443 1219 5517 Scrip.
1254 5441 1474 5501 Eccles.
1510 5458 1559 5498 ο.
1595 5446 1681 5499 96.

304 5527 334 5567 δ
370 5528 544 5603 Greg.
578 5533 710 5593 Tur.
747 5534 821 5592 de
861 5533 1054 5593 Gloria
1090 5532 1253 5590 Mart.
1289 5546 1339 5595 ο.
1373 5534 1462 5589 92.

1980 2572 2127 2612 rum.
2165 2560 2399 2614 Factum
2424 2562 2511 2614 est
2538 2562 2753 2625 autem,
2782 2562 2841 2613 ut
2867 2556 3209 2612 Valerianus
3231 2560 3290 2610 et
3325 2552 3621 2609 Gallienus

1980 2653 2395 2715 persecutores
2432 2646 2682 2701 nominis
2717 2644 2969 2713 Christi,.
2992 2658 3217 2700 summo
3250 2641 3622 2711 requirerent

1982 2735 2181 2790 studio
2198 2736 2429 2791 beatum
2446 2735 2822 2805 Stephanum,
2842 2737 3049 2789 uteum
3065 2728 3624 2798 etclericoscjusdi-

1981 2823 2170 2879 versis
2192 2824 2491 2879 aﬁlcerent
2523 2824 2729 2894 poenis.
2759 2822 3037 2877 Miserunt
3071 2820 3267 2889 itaque
3300 2816 3625 2873 multitudi-

1984 2928 2111 2968 nem
2128 2910 2397 2982 militum,
2415 2916 2473 2966 et
2489 2914 2805 2967 tenuerunt
2821 2924 2949 2965 eum
2966 2924 3095 2965 cum
3113 2905 3486 2962 multitudine
3509 2904 3627 2960 ele-

1983 3002 2235 3058 ricorum
2254 3002 2756 3071 presbyterorum,
2773 3003 2830 3053 et
2847 2998 3243 3053 diaeonorum.
3263 2993 3370 3059 Qui
3384 2993 3625 3049 veniens

1982 3092 2052 3146 ad
2068 3089 2327 3146 tribunal
2341 3087 2824 3157 Valeriani,solus
2838 3084 3234 3141 introivit.Cui
3251 3081 3623 3139 Valerianus:

1982 3180 2061 3234 Tu
2076 3193 2139 3234 es
2156 3178 2501 3248 Stephanus,
2520 3177 2617 3247 qui
2635 3174 3053 3246 rempublicam
3080 3172 3313 3229 conaris
3335 3174 3623 3239 evertere,

1984 3272 2041 3323 et
2067 3267 2548 3339 persuasionibus
2580 3269 2757 3335 atque
2792 3263 3228 3321 hortationibus
3252 3259 3417 3315 malis
3447 3273 3629 3330 popu-

1985 3357 2103 3413 lum
2128 3371 2157 3411 a
2183 3356 2423 3411 deorum
2449 3355 2726 3413 recedere
2751 3353 2964 3409 suades
2988 3349 3217 3407 cultura
3235 3350 3483 3403 ?Beatus
3506 3346 3633 3401 Ste-

1986 3446 2210 3517 phanus
2236 3445 2380 3501 dixit
2401 3463 2411 3498 :
2429 3446 2546 3514 Ego
2571 3443 2805 3514 quidem
2831 3457 2942 3498 non
2966 3444 3169 3496 everto
3190 3434 3628 3508 rempublicam,

1988 3535 2090 3591 sed
2114 3536 2318 3591 hortor
2335 3538 2417 3603 ut,
2436 3532 2738 3588 derelictis
2762 3530 3064 3587 daemoniis
3081 3543 3208 3598 quae
3232 3527 3553 3583 adorantur
3575 3523 3632 3578 in

1988 3623 2183 3693 idolis,
2207 3623 2278 3678 ad
2304 3624 2478 3677 Deum
2504 3620 2696 3676 vivum
2721 3625 2778 3674 et
2803 3632 3003 3673 verum
3040 3616 3280 3671 redeant
3305 3616 3631 3668 creatorem

1989 3710 2121 3767 coeli
2146 3714 2205 3766 et
2231 3711 2499 3777 terrae,et
2521 3708 2878 3776 cognoscant
2904 3703 3197 3759 Christum
3210 3703 3405 3756 Iesum
3428 3697 3632 3752 Filium

1990 3799 2281 3856 DeiDeum
2297 3792 2448 3863 e'sse,
2467 3794 2707 3864 quicum
2724 3794 2895 3847 Patre
2918 3795 2976 3844 et
3002 3788 3221 3859 Spiritu
3245 3789 3448 3842 sancto
3473 3782 3633 3840 solus

1991 3892 2080 3944 est
2106 3884 2517 3955 sempiternus,
2546 3886 2609 3937 ut
2634 3895 2745 3936 non
2769 3882 3010 3950 pereant
3035 3890 3164 3933 cum
3198 3871 3431 3930 diabolo
3466 3872 3521 3927 in
3554 3870 3636 3926 in-

1993 3975 2239 4032 teritum
2273 3971 2711 4043 sempiternum.
2740 3969 2895 4023 Tunc
2926 3964 3268 4022 Valerianus
3294 3960 3471 4031 jussit
3504 3972 3634 4016 eum

1993 4065 2127 4122 duci
2151 4065 2221 4120 ad
2248 4059 2527 4132 templum
2551 4058 2844 4127 Martis,et
2861 4056 3073 4111 ibidem
3099 4053 3319 4110 dictata
3344 4048 3636 4105 sententia

1995 4158 2188 4226 capite
2212 4149 2495 4218 truncari,
2512 4147 2559 4203 si
2585 4162 2697 4202 non
2721 4142 3385 4216 acquiesceretadorare
3406 4136 3639 4195 nefandi

1996 4243 2193 4300 Martis
2225 4238 2621 4297 simulacrum.
2650 4237 2978 4292 Perductus
3010 4235 3218 4290 beatus
3249 4229 3578 4301 Stephanus
3607 4242 3639 4282 a

1998 4333 2284 4389 militibus
2298 4331 2455 4384 foras
2470 4342 2668 4383 muros
2684 4325 2881 4397 Appiae
2897 4328 3083 4395 μοι-ιω
3097 4322 3167 4377 ad
3184 4317 3643 4391 templum,leva-

1996 4420 2276 4478 tisoculis
2288 4421 2357 4476 ad
2375 4418 2605 4485 caelum,
2625 4415 2770 4470 dixit
2791 4433 2801 4468 :
2819 4414 3056 4470 Domine
3068 4414 3220 4467 Deus
3235 4412 3402 4481 pater
3414 4405 3639 4464 Domini

2001 4511 2109 4567 mei
2132 4513 2268 4566 Jesu
2293 4508 2528 4577 Christi,
2558 4506 2653 4577 qui
2678 4503 2887 4561 turrim
2918 4499 3281 4561 confusionis
3313 4496 3640 4568 Babyloniae

2001 4599 2364 4668 destruxisti,
2392 4599 2633 4654 destrue
2656 4609 2806 4651 nunc
2828 4599 2886 4649 et
2910 4592 3061 4648 hunc
3086 4589 3297 4658 locum,
3325 4587 3421 4644 ubi
3445 4585 3643 4642 diabo-

2003 4690 2112 4745 lica
2147 4687 2570 4760 superstitione
2610 4699 2715 4755 per
2756 4680 3046 4738 idolorum
3096 4679 3386 4736 culturam
3436 4673 3639 4760 animae

2001 4758 2249 4848 pereunt
2264 4774 2635 4846 p0pulorum.
2655 4773 2720 4827 Et
2738 4770 2937 4828 statim
2963 4770 3116 4825 facto
3132 4769 3370 4836 fragore
3393 4758 3639 4817 tonitrui

2001 4881 2130 4921 eum
2148 4865 2482 4921 terroribus
2495 4860 2991 4929 coruscationum,
3008 4857 3231 4914 corruit
3249 4852 3492 4910 maxima
3505 4863 3643 4920 pars

2002 4953 2226 5024 templi,
2251 4958 2309 5009 et
2343 4952 2561 5008 milites
2589 4949 2877 5022 pavefacti
2919 4949 3213 5018 fugerunt.
3250 4945 3461 4999 Beatus
3500 4953 3642 4996 vero

2004 5043 2333 5113 Stephanus
2381 5040 2641 5112 perrexit
2691 5054 2820 5097 eum
2872 5038 3142 5095 omnibus
3194 5030 3540 5088 Christianis
3569 5030 3641 5087 ad

2003 5130 2403 5189 coemeterium
2437 5134 2654 5188 sanctae
2676 5129 2926 5197 Lucinae,
2952 5131 3011 5183 et
3034 5122 3234 5181 multis
3255 5135 3359 5178 eos
3380 5120 3645 5177 consola-

1917 5192 1967 5251 Β
2000 5226 2096 5279 tos
2146 5220 2533 5292 sermonibus,
2570 5218 2786 5277 obtulit
2834 5192 2942 5288 pro
2991 5214 3078 5269 eis
3127 5209 3476 5269 sacriﬁcium
3526 5211 3643 5268 Deo

1999 5311 2410 5382 omnipotenti.
2446 5310 2584 5377 Quae
2614 5312 2780 5379 gesta
2812 5303 3056 5362 audiens
3087 5300 3450 5372 Valerianus,
3485 5299 3642 5357 misit

2067 5444 2092 5475 α
2122 5434 2334 5492 Pontif.
2370 5449 2419 5490 c.
2457 5436 2542 5489 24.
